  <div class='ocr_page' id='page_1' title='image "/cluster/home/n/w/nwhite01/storage/ocr_20150623/100/hvd.32044054111919/744.png"; bbox 0 0 3970 6212; ppageno 0'>
   <div class='ocr_carea' id='block_1_1' title="bbox 1577 204 1774 225">
    <p class='ocr_par' dir='ltr' id='par_1_1' title="bbox 1577 204 1774 225">
     <span class='ocr_line' id='line_1_1' title="bbox 1577 204 1774 225; baseline -0.005 -6"><span class='ocrx_word' id='word_1_1' title='bbox 1577 204 1690 220; x_wconf 54' lang='grc' dir='ltr'><strong>σιν-φ.</strong></span> <span class='ocrx_word' id='word_1_2' title='bbox 1731 207 1774 225; x_wconf 64' lang='grc' dir='ltr'><strong>,ο</strong></span> 
     </span>
    </p>
   </div>
   <div class='ocr_carea' id='block_1_2' title="bbox 297 323 432 388">
    <p class='ocr_par' dir='ltr' id='par_1_2' title="bbox 297 323 432 388">
     <span class='ocr_line' id='line_1_2' title="bbox 297 323 432 388; baseline 0 0"><span class='ocrx_word' id='word_1_3' title='bbox 297 323 432 388; x_wconf 70' lang='grc'><strong>1473</strong></span> 
     </span>
    </p>
   </div>
   <div class='ocr_carea' id='block_1_3' title="bbox 1112 317 2852 395">
    <p class='ocr_par' dir='ltr' id='par_1_3' title="bbox 1112 317 2852 395">
     <span class='ocr_line' id='line_1_3' title="bbox 1112 317 2852 395; baseline 0.002 -15"><span class='ocrx_word' id='word_1_4' title='bbox 1112 320 1188 381; x_wconf 81' lang='lat' dir='ltr'><strong>IN</strong></span> <span class='ocrx_word' id='word_1_5' title='bbox 1234 320 1338 381; x_wconf 88' lang='lat' dir='ltr'><strong>SS.</strong></span> <span class='ocrx_word' id='word_1_6' title='bbox 1380 317 1690 380; x_wconf 82' lang='lat' dir='ltr'><strong>MARIAM</strong></span> <span class='ocrx_word' id='word_1_7' title='bbox 1726 317 2253 380; x_wconf 81' lang='lat' dir='ltr'><strong>ASSISTENTEM</strong></span> <span class='ocrx_word' id='word_1_8' title='bbox 2291 319 2542 395; x_wconf 83' lang='lat' dir='ltr'><strong>CRUCl,</strong></span> <span class='ocrx_word' id='word_1_9' title='bbox 2579 319 2740 384; x_wconf 83' lang='lat' dir='ltr'><strong>ETC.</strong></span> <span class='ocrx_word' id='word_1_10' title='bbox 2839 321 2852 328; x_wconf 83' lang='grc'><em>’</em></span> 
     </span>
    </p>
   </div>
   <div class='ocr_carea' id='block_1_4' title="bbox 3415 327 3552 396">
    <p class='ocr_par' dir='ltr' id='par_1_4' title="bbox 3415 327 3552 396">
     <span class='ocr_line' id='line_1_4' title="bbox 3415 327 3552 396; baseline 0.029 -4"><span class='ocrx_word' id='word_1_11' title='bbox 3415 327 3552 396; x_wconf 63' lang='grc'><strong>1174</strong></span> 
     </span>
    </p>
   </div>
   <div class='ocr_carea' id='block_1_5' title="bbox 295 425 1887 508">
    <p class='ocr_par' dir='ltr' id='par_1_5' title="bbox 295 425 1872 508">
     <span class='ocr_line' id='line_1_5' title="bbox 295 425 1872 508; baseline -0.005 -18"><span class='ocrx_word' id='word_1_12' title='bbox 295 436 500 508; x_wconf 84' lang='grc' dir='ltr'><strong>σομένη</strong></span> <span class='ocrx_word' id='word_1_13' title='bbox 538 427 930 504; x_wconf 80' lang='grc' dir='ltr'><strong>τιτρώσκομαι.</strong></span> <span class='ocrx_word' id='word_1_14' title='bbox 979 431 1092 486; x_wconf 79' lang='grc' dir='ltr'><strong>Καί</strong></span> <span class='ocrx_word' id='word_1_15' title='bbox 1125 448 1216 502; x_wconf 88' lang='grc' dir='ltr'><strong>μοι</strong></span> <span class='ocrx_word' id='word_1_16' title='bbox 1243 430 1628 488; x_wconf 74' lang='grc' dir='ltr'><strong>ποθεινότατον</strong></span> <span class='ocrx_word' id='word_1_17' title='bbox 1676 425 1745 500; x_wconf 82' lang='grc' dir='ltr'><strong>ἧν</strong></span> <span class='ocrx_word' id='word_1_18' title='bbox 1775 429 1872 483; x_wconf 67' lang='grc' dir='ltr'><strong>καλ⁹</strong></span> 
     </span>
    </p>
   </div>
   <div class='ocr_carea' id='block_1_6' title="bbox 1992 425 3550 508">
    <p class='ocr_par' dir='ltr' id='par_1_6' title="bbox 1992 428 3550 508">
     <span class='ocr_line' id='line_1_6' title="bbox 1992 428 3550 508; baseline 0.008 -29"><span class='ocrx_word' id='word_1_19' title='bbox 1992 428 2180 484; x_wconf 72' lang='lat' dir='ltr'><strong>risccra</strong></span> <span class='ocrx_word' id='word_1_20' title='bbox 2213 429 2432 500; x_wconf 75' lang='lat' dir='ltr'><strong>gravius</strong></span> <span class='ocrx_word' id='word_1_21' title='bbox 2460 431 2732 502; x_wconf 88' lang='lat' dir='ltr'><strong>discerpta</strong></span> <span class='ocrx_word' id='word_1_22' title='bbox 2763 429 2956 488; x_wconf 90' lang='lat' dir='ltr'><strong>vulnus</strong></span> <span class='ocrx_word' id='word_1_23' title='bbox 2980 431 3202 508; x_wconf 80' lang='lat' dir='ltr'><strong>habent.</strong></span> <span class='ocrx_word' id='word_1_24' title='bbox 3230 433 3396 491; x_wconf 85' lang='lat' dir='ltr'><strong>Plane</strong></span> <span class='ocrx_word' id='word_1_25' title='bbox 3419 451 3550 492; x_wconf 83' lang='lat' dir='ltr'><strong>vero</strong></span> 
     </span>
    </p>
   </div>
   <div class='ocr_carea' id='block_1_7' title="bbox 299 521 1877 602">
    <p class='ocr_par' dir='ltr' id='par_1_7' title="bbox 299 521 1877 602">
     <span class='ocr_line' id='line_1_7' title="bbox 299 521 1877 602; baseline -0.005 -20"><span class='ocrx_word' id='word_1_26' title='bbox 299 526 669 602; x_wconf 83' lang='grc' dir='ltr'><strong>μετριώτερον</strong></span> <span class='ocrx_word' id='word_1_27' title='bbox 713 523 822 578; x_wconf 87' lang='grc' dir='ltr'><strong>τῶν</strong></span> <span class='ocrx_word' id='word_1_28' title='bbox 875 521 1225 594; x_wconf 76' lang='grc' dir='ltr'><strong>κατεχουσῶν</strong></span> <span class='ocrx_word' id='word_1_29' title='bbox 1275 523 1498 586; x_wconf 81' lang='grc' dir='ltr'><strong>ὀδυνῶν,</strong></span> <span class='ocrx_word' id='word_1_30' title='bbox 1542 522 1596 576; x_wconf 87' lang='grc' dir='ltr'><strong>εί</strong></span> <span class='ocrx_word' id='word_1_31' title='bbox 1640 537 1704 590; x_wconf 86' lang='grc' dir='ltr'><strong>γε</strong></span> <span class='ocrx_word' id='word_1_32' title='bbox 1754 521 1877 576; x_wconf 85' lang='grc' dir='ltr'><strong>κατ’</strong></span> 
     </span>
    </p>
   </div>
   <div class='ocr_carea' id='block_1_8' title="bbox 298 611 1878 696">
    <p class='ocr_par' dir='ltr' id='par_1_8' title="bbox 298 611 1878 696">
     <span class='ocr_line' id='line_1_8' title="bbox 298 611 1878 696; baseline -0.007 -21"><span class='ocrx_word' id='word_1_33' title='bbox 298 619 469 696; x_wconf 74' lang='grc' dir='ltr'><strong>αὐτῆς</strong></span> <span class='ocrx_word' id='word_1_34' title='bbox 517 615 807 688; x_wconf 75' lang='grc' dir='ltr'><strong>ἐχώρησαν</strong></span> <span class='ocrx_word' id='word_1_35' title='bbox 845 615 894 668; x_wconf 87' lang='grc' dir='ltr'><strong>οἱ</strong></span> <span class='ocrx_word' id='word_1_36' title='bbox 933 611 1056 687; x_wconf 75' lang='grc' dir='ltr'><strong>ἧλοι</strong></span> <span class='ocrx_word' id='word_1_37' title='bbox 1081 631 1094 644; x_wconf 92' lang='grc'><strong>·</strong></span> <span class='ocrx_word' id='word_1_38' title='bbox 1132 613 1188 668; x_wconf 85' lang='grc' dir='ltr'><strong>εί</strong></span> <span class='ocrx_word' id='word_1_39' title='bbox 1215 631 1278 684; x_wconf 89' lang='grc' dir='ltr'><strong>γε</strong></span> <span class='ocrx_word' id='word_1_40' title='bbox 1311 617 1410 679; x_wconf 77' lang='grc' dir='ltr'><strong>τὰς</strong></span> <span class='ocrx_word' id='word_1_41' title='bbox 1441 615 1538 678; x_wconf 63' lang='lat' dir='ltr'><strong>ei;</strong></span> <span class='ocrx_word' id='word_1_42' title='bbox 1571 611 1788 684; x_wconf 76' lang='grc' dir='ltr'><strong>σφαγὰς</strong></span> <span class='ocrx_word' id='word_1_43' title='bbox 1817 612 1878 664; x_wconf 78' lang='grc' dir='ltr'><strong>ἐν</strong></span> 
     </span>
    </p>
   </div>
   <div class='ocr_carea' id='block_1_9' title="bbox 301 703 1880 781">
    <p class='ocr_par' dir='ltr' id='par_1_9' title="bbox 301 703 1880 781">
     <span class='ocr_line' id='line_1_9' title="bbox 301 703 1880 781; baseline -0.006 -15"><span class='ocrx_word' id='word_1_44' title='bbox 301 717 414 776; x_wconf 86' lang='grc' dir='ltr'><strong>τοῖς</strong></span> <span class='ocrx_word' id='word_1_45' title='bbox 471 711 629 781; x_wconf 73' lang='grc' dir='ltr'><strong>ἐμοῖς</strong></span> <span class='ocrx_word' id='word_1_46' title='bbox 695 707 1038 778; x_wconf 71' lang='grc' dir='ltr'><strong>ἀνεδεξάμην</strong></span> <span class='ocrx_word' id='word_1_47' title='bbox 1089 706 1352 778; x_wconf 76' lang='grc' dir='ltr'><strong>μέλεσινο</strong></span> <span class='ocrx_word' id='word_1_48' title='bbox 1399 709 1450 760; x_wconf 87' lang='grc' dir='ltr'><strong>εί</strong></span> <span class='ocrx_word' id='word_1_49' title='bbox 1499 705 1610 760; x_wconf 79' lang='grc' dir='ltr'><strong>τῶν</strong></span> <span class='ocrx_word' id='word_1_50' title='bbox 1668 703 1880 777; x_wconf 87' lang='grc' dir='ltr'><strong>μυρίων</strong></span> 
     </span>
    </p>
   </div>
   <div class='ocr_carea' id='block_1_10' title="bbox 300 794 1881 877">
    <p class='ocr_par' dir='ltr' id='par_1_10' title="bbox 300 794 1881 877">
     <span class='ocr_line' id='line_1_10' title="bbox 300 794 1881 877; baseline -0.009 -15"><span class='ocrx_word' id='word_1_51' title='bbox 300 801 638 877; x_wconf 64' lang='grc' dir='ltr'><strong>ἐμπαιγμῶν</strong></span> <span class='ocrx_word' id='word_1_52' title='bbox 671 800 768 854; x_wconf 73' lang='grc' dir='ltr'><strong>καὶ</strong></span> <span class='ocrx_word' id='word_1_53' title='bbox 803 800 1086 870; x_wconf 80' lang='grc' dir='ltr'><strong>μαστίγων</strong></span> <span class='ocrx_word' id='word_1_54' title='bbox 1136 797 1250 868; x_wconf 75' lang='grc' dir='ltr'><strong>ἐγὼ</strong></span> <span class='ocrx_word' id='word_1_55' title='bbox 1275 801 1395 862; x_wconf 86' lang='grc' dir='ltr'><strong>ταῖς</strong></span> <span class='ocrx_word' id='word_1_56' title='bbox 1418 797 1644 869; x_wconf 70' lang='grc' dir='ltr'><strong>ὕϐρεσιν</strong></span> <span class='ocrx_word' id='word_1_57' title='bbox 1669 794 1881 867; x_wconf 71' lang='grc' dir='ltr'><strong>ητιμὼ-</strong></span> 
     </span>
    </p>
   </div>
   <div class='ocr_carea' id='block_1_11' title="bbox 301 888 1880 967">
    <p class='ocr_par' dir='ltr' id='par_1_11' title="bbox 301 888 1880 967">
     <span class='ocr_line' id='line_1_11' title="bbox 301 888 1880 967; baseline -0.008 -17"><span class='ocrx_word' id='word_1_58' title='bbox 301 895 435 967; x_wconf 89' lang='grc' dir='ltr'><strong>θην·</strong></span> <span class='ocrx_word' id='word_1_59' title='bbox 513 895 563 947; x_wconf 82' lang='grc' dir='ltr'><strong>ει</strong></span> <span class='ocrx_word' id='word_1_60' title='bbox 613 891 735 946; x_wconf 78' lang='grc' dir='ltr'><strong>ἀντὶ</strong></span> <span class='ocrx_word' id='word_1_61' title='bbox 787 891 1044 962; x_wconf 76' lang='grc' dir='ltr'><strong>φιλτάτου</strong></span> <span class='ocrx_word' id='word_1_62' title='bbox 1108 889 1303 942; x_wconf 81' lang='grc' dir='ltr'><strong>τέκνου</strong></span> <span class='ocrx_word' id='word_1_63' title='bbox 1372 888 1642 959; x_wconf 74' lang='grc' dir='ltr'><strong>μητρικαὶ</strong></span> <span class='ocrx_word' id='word_1_64' title='bbox 1698 889 1880 958; x_wconf 81' lang='grc' dir='ltr'><strong>χεῖρες</strong></span> 
     </span>
    </p>
   </div>
   <div class='ocr_carea' id='block_1_12' title="bbox 311 974 1878 1058">
    <p class='ocr_par' dir='ltr' id='par_1_12' title="bbox 311 974 1878 1058">
     <span class='ocr_line' id='line_1_12' title="bbox 311 974 1878 1058; baseline -0.007 -17"><span class='ocrx_word' id='word_1_65' title='bbox 311 983 852 1058; x_wconf 72' lang='grc' dir='ltr'><strong>ἐτραυματίσθησαν.</strong></span> <span class='ocrx_word' id='word_1_66' title='bbox 881 981 1044 1036; x_wconf 81' lang='grc' dir='ltr'><strong>Ἀλλά</strong></span> <span class='ocrx_word' id='word_1_67' title='bbox 1065 980 1225 1035; x_wconf 77' lang='grc' dir='ltr'><strong>τοῦτο</strong></span> <span class='ocrx_word' id='word_1_68' title='bbox 1254 981 1354 1050; x_wconf 78' lang='grc' dir='ltr'><strong>μὲν</strong></span> <span class='ocrx_word' id='word_1_69' title='bbox 1379 979 1480 1050; x_wconf 79' lang='grc' dir='ltr'><strong>οὐχ</strong></span> <span class='ocrx_word' id='word_1_70' title='bbox 1505 974 1618 1032; x_wconf 75' lang='grc' dir='ltr'><strong>οἷόν</strong></span> <span class='ocrx_word' id='word_1_71' title='bbox 1647 977 1706 1031; x_wconf 89' lang='grc' dir='ltr'><strong>τέ</strong></span> <span class='ocrx_word' id='word_1_72' title='bbox 1737 981 1878 1044; x_wconf 79' lang='grc' dir='ltr'><strong>ἐστι,</strong></span> 
     </span>
    </p>
   </div>
   <div class='ocr_carea' id='block_1_13' title="bbox 311 1067 1877 1149">
    <p class='ocr_par' dir='ltr' id='par_1_13' title="bbox 311 1067 1877 1149">
     <span class='ocr_line' id='line_1_13' title="bbox 311 1067 1877 1149; baseline -0.007 -16"><span class='ocrx_word' id='word_1_73' title='bbox 311 1078 405 1133; x_wconf 80' lang='grc' dir='ltr'><strong>σοῦ</strong></span> <span class='ocrx_word' id='word_1_74' title='bbox 445 1079 610 1149; x_wconf 82' lang='grc' dir='ltr'><strong>μόνου</strong></span> <span class='ocrx_word' id='word_1_75' title='bbox 633 1075 694 1130; x_wconf 82' lang='grc' dir='ltr'><strong>τὸ</strong></span> <span class='ocrx_word' id='word_1_76' title='bbox 729 1075 870 1146; x_wconf 78' lang='grc' dir='ltr'><strong>ὑπὲρ</strong></span> <span class='ocrx_word' id='word_1_77' title='bbox 897 1079 1112 1130; x_wconf 76' lang='grc' dir='ltr'><strong>πάντων</strong></span> <span class='ocrx_word' id='word_1_78' title='bbox 1143 1072 1540 1144; x_wconf 81' lang='grc' dir='ltr'><strong>ἀναδεχομένου</strong></span> <span class='ocrx_word' id='word_1_79' title='bbox 1574 1070 1752 1134; x_wconf 88' lang='grc' dir='ltr'><strong>πάθος</strong></span> <span class='ocrx_word' id='word_1_80' title='bbox 1780 1067 1877 1123; x_wconf 77' lang='grc' dir='ltr'><strong>τοῦ</strong></span> 
     </span>
    </p>
   </div>
   <div class='ocr_carea' id='block_1_14' title="bbox 309 1160 1878 1235">
    <p class='ocr_par' dir='ltr' id='par_1_14' title="bbox 309 1160 1878 1235">
     <span class='ocr_line' id='line_1_14' title="bbox 309 1160 1878 1235; baseline 0 -19"><span class='ocrx_word' id='word_1_81' title='bbox 309 1165 472 1235; x_wconf 72' lang='grc' dir='ltr'><strong>μόνου</strong></span> <span class='ocrx_word' id='word_1_82' title='bbox 505 1162 876 1234; x_wconf 68' lang='grc' dir='ltr'><strong>λημιουργοῦ,</strong></span> <span class='ocrx_word' id='word_1_83' title='bbox 926 1163 1020 1215; x_wconf 75' lang='grc' dir='ltr'><strong>καὶ</strong></span> <span class='ocrx_word' id='word_1_84' title='bbox 1069 1162 1156 1216; x_wconf 74' lang='grc' dir='ltr'><strong>διὰ</strong></span> <span class='ocrx_word' id='word_1_85' title='bbox 1201 1160 1360 1216; x_wconf 82' lang='grc' dir='ltr'><strong>τοῦτο</strong></span> <span class='ocrx_word' id='word_1_86' title='bbox 1407 1160 1878 1234; x_wconf 75' lang='grc' dir='ltr'><strong>παραγενομένου.</strong></span> 
     </span>
    </p>
   </div>
   <div class='ocr_carea' id='block_1_15' title="bbox 315 1243 1882 1326">
    <p class='ocr_par' dir='ltr' id='par_1_15' title="bbox 315 1243 1882 1326">
     <span class='ocr_line' id='line_1_15' title="bbox 315 1243 1882 1326; baseline -0.003 -16"><span class='ocrx_word' id='word_1_87' title='bbox 315 1255 458 1324; x_wconf 81' lang='grc' dir='ltr'><strong>Ἐγὼ</strong></span> <span class='ocrx_word' id='word_1_88' title='bbox 504 1255 561 1310; x_wconf 82' lang='grc' dir='ltr'><strong>δὲ</strong></span> <span class='ocrx_word' id='word_1_89' title='bbox 603 1255 656 1310; x_wconf 88' lang='grc' dir='ltr'><strong>τί</strong></span> <span class='ocrx_word' id='word_1_90' title='bbox 705 1243 903 1322; x_wconf 58' lang='lat' dir='ltr'><strong>«sed;</strong></span> <span class='ocrx_word' id='word_1_91' title='bbox 955 1254 1074 1318; x_wconf 86' lang='grc' dir='ltr'><strong>πῶς</strong></span> <span class='ocrx_word' id='word_1_92' title='bbox 1125 1257 1188 1308; x_wconf 83' lang='grc' dir='ltr'><strong>τὸ</strong></span> <span class='ocrx_word' id='word_1_93' title='bbox 1239 1253 1470 1326; x_wconf 79' lang='grc' dir='ltr'><strong>φρικτὸν</strong></span> <span class='ocrx_word' id='word_1_94' title='bbox 1521 1253 1882 1324; x_wconf 80' lang='grc' dir='ltr'><strong>ύπενέγκοιμι</strong></span> 
     </span>
    </p>
   </div>
   <div class='ocr_carea' id='block_1_16' title="bbox 302 1343 1881 1417">
    <p class='ocr_par' dir='ltr' id='par_1_16' title="bbox 302 1343 1881 1417">
     <span class='ocr_line' id='line_1_16' title="bbox 302 1343 1881 1417; baseline -0.003 -17"><span class='ocrx_word' id='word_1_95' title='bbox 302 1345 462 1400; x_wconf 82' lang='grc' dir='ltr'><strong>τοῦτο</strong></span> <span class='ocrx_word' id='word_1_96' title='bbox 485 1346 714 1417; x_wconf 86' lang='grc' dir='ltr'><strong>θέαμα;</strong></span> <span class='ocrx_word' id='word_1_97' title='bbox 775 1345 894 1410; x_wconf 86' lang='grc' dir='ltr'><strong>πῶς</strong></span> <span class='ocrx_word' id='word_1_98' title='bbox 942 1345 1142 1416; x_wconf 77' lang='grc' dir='ltr'><strong>τιμίοις</strong></span> <span class='ocrx_word' id='word_1_99' title='bbox 1175 1344 1374 1414; x_wconf 80' lang='grc' dir='ltr'><strong>αἵμασι</strong></span> <span class='ocrx_word' id='word_1_100' title='bbox 1432 1343 1881 1416; x_wconf 79' lang='grc' dir='ltr'><strong>προαιμαχθέντα</strong></span> 
     </span>
    </p>
   </div>
   <div class='ocr_carea' id='block_1_17' title="bbox 307 1433 1878 1508">
    <p class='ocr_par' dir='ltr' id='par_1_17' title="bbox 307 1433 1878 1508">
     <span class='ocr_line' id='line_1_17' title="bbox 307 1433 1878 1508; baseline -0.001 -19"><span class='ocrx_word' id='word_1_101' title='bbox 307 1437 407 1508; x_wconf 76' lang='grc' dir='ltr'><strong>μὲν</strong></span> <span class='ocrx_word' id='word_1_102' title='bbox 459 1436 627 1499; x_wconf 83' lang='grc' dir='ltr'><strong>νῶτα,</strong></span> <span class='ocrx_word' id='word_1_103' title='bbox 689 1435 1130 1508; x_wconf 84' lang='grc' dir='ltr'><strong>ὲρυθραινόμενα</strong></span> <span class='ocrx_word' id='word_1_104' title='bbox 1177 1435 1232 1489; x_wconf 85' lang='grc' dir='ltr'><strong>δὲ</strong></span> <span class='ocrx_word' id='word_1_105' title='bbox 1282 1435 1380 1490; x_wconf 83' lang='grc' dir='ltr'><strong>νῦν</strong></span> <span class='ocrx_word' id='word_1_106' title='bbox 1435 1435 1570 1506; x_wconf 87' lang='grc' dir='ltr'><strong>μέλη</strong></span> <span class='ocrx_word' id='word_1_107' title='bbox 1630 1433 1878 1506; x_wconf 81' lang='grc' dir='ltr'><strong>θεωμένη</strong></span> 
     </span>
    </p>
   </div>
   <div class='ocr_carea' id='block_1_18' title="bbox 301 1526 1882 1600">
    <p class='ocr_par' dir='ltr' id='par_1_18' title="bbox 301 1526 1882 1600">
     <span class='ocr_line' id='line_1_18' title="bbox 301 1526 1882 1600; baseline -0.003 -16"><span class='ocrx_word' id='word_1_108' title='bbox 301 1529 614 1600; x_wconf 85' lang='grc' dir='ltr'><strong>διαρκέσω;</strong></span> <span class='ocrx_word' id='word_1_109' title='bbox 645 1528 762 1592; x_wconf 87' lang='grc' dir='ltr'><strong>πῶς</strong></span> <span class='ocrx_word' id='word_1_110' title='bbox 796 1529 1002 1582; x_wconf 85' lang='grc' dir='ltr'><strong>κατίδω</strong></span> <span class='ocrx_word' id='word_1_111' title='bbox 1033 1527 1198 1582; x_wconf 76' lang='grc' dir='ltr'><strong>πάλιν</strong></span> <span class='ocrx_word' id='word_1_112' title='bbox 1224 1528 1563 1598; x_wconf 72' lang='grc' dir='ltr'><strong>φωτοποιοὺς</strong></span> <span class='ocrx_word' id='word_1_113' title='bbox 1603 1526 1882 1596; x_wconf 87' lang='grc' dir='ltr'><strong>μύσαντας</strong></span> 
     </span>
    </p>
   </div>
   <div class='ocr_carea' id='block_1_19' title="bbox 299 1619 1882 1694">
    <p class='ocr_par' dir='ltr' id='par_1_19' title="bbox 299 1619 1882 1694">
     <span class='ocr_line' id='line_1_19' title="bbox 299 1619 1882 1694; baseline -0.003 -17"><span class='ocrx_word' id='word_1_114' title='bbox 299 1621 653 1694; x_wconf 77' lang='grc' dir='ltr'><strong>όφθαλμούς;</strong></span> <span class='ocrx_word' id='word_1_115' title='bbox 705 1621 824 1686; x_wconf 84' lang='grc' dir='ltr'><strong>πῶς</strong></span> <span class='ocrx_word' id='word_1_116' title='bbox 850 1622 1105 1691; x_wconf 86' lang='grc' dir='ltr'><strong>γλῶσσαν</strong></span> <span class='ocrx_word' id='word_1_117' title='bbox 1137 1622 1233 1674; x_wconf 72' lang='grc' dir='ltr'><strong>καὶ</strong></span> <span class='ocrx_word' id='word_1_118' title='bbox 1263 1619 1416 1690; x_wconf 85' lang='grc' dir='ltr'><strong>χείλη</strong></span> <span class='ocrx_word' id='word_1_119' title='bbox 1463 1619 1788 1693; x_wconf 78' lang='grc' dir='ltr'><strong>μελίρῤυτα,</strong></span> <span class='ocrx_word' id='word_1_120' title='bbox 1812 1619 1882 1674; x_wconf 81' lang='grc' dir='ltr'><strong>τὰ</strong></span> 
     </span>
    </p>
   </div>
   <div class='ocr_carea' id='block_1_20' title="bbox 305 1712 1882 1785">
    <p class='ocr_par' dir='ltr' id='par_1_20' title="bbox 305 1712 1882 1785">
     <span class='ocr_line' id='line_1_20' title="bbox 305 1712 1882 1785; baseline 0 -19"><span class='ocrx_word' id='word_1_121' title='bbox 305 1713 571 1784; x_wconf 84' lang='grc' dir='ltr'><strong>πρότερον</strong></span> <span class='ocrx_word' id='word_1_122' title='bbox 598 1714 828 1785; x_wconf 79' lang='grc' dir='ltr'><strong>νεκροὺς</strong></span> <span class='ocrx_word' id='word_1_123' title='bbox 879 1712 1258 1776; x_wconf 88' lang='grc' dir='ltr'><strong>διανιστῶντα,</strong></span> <span class='ocrx_word' id='word_1_124' title='bbox 1289 1713 1382 1766; x_wconf 70' lang='grc' dir='ltr'><strong>καὶ</strong></span> <span class='ocrx_word' id='word_1_125' title='bbox 1434 1712 1686 1782; x_wconf 85' lang='grc' dir='ltr'><strong>δαίμοσιν</strong></span> <span class='ocrx_word' id='word_1_126' title='bbox 1717 1714 1882 1780; x_wconf 83' lang='grc' dir='ltr'><strong>ὲγκε-</strong></span> 
     </span>
    </p>
   </div>
   <div class='ocr_carea' id='block_1_21' title="bbox 1978 519 3556 594">
    <p class='ocr_par' dir='ltr' id='par_1_21' title="bbox 1978 519 3556 594">
     <span class='ocr_line' id='line_1_21' title="bbox 1978 519 3556 594; baseline 0.004 -20"><span class='ocrx_word' id='word_1_127' title='bbox 1978 519 2496 576; x_wconf 78' lang='lat' dir='ltr'><strong>desideratissimam</strong></span> <span class='ocrx_word' id='word_1_128' title='bbox 2533 519 2868 590; x_wconf 81' lang='lat' dir='ltr'><strong>habuissem,</strong></span> <span class='ocrx_word' id='word_1_129' title='bbox 2903 537 2968 578; x_wconf 89' lang='lat' dir='ltr'><strong>ac</strong></span> <span class='ocrx_word' id='word_1_130' title='bbox 3001 523 3187 578; x_wconf 81' lang='lat' dir='ltr'><strong>mitius</strong></span> <span class='ocrx_word' id='word_1_131' title='bbox 3221 538 3332 594; x_wconf 70' lang='lat' dir='ltr'><strong>pm</strong></span> <span class='ocrx_word' id='word_1_132' title='bbox 3356 523 3556 580; x_wconf 85' lang='lat' dir='ltr'><strong>dolori-</strong></span> 
     </span>
    </p>
   </div>
   <div class='ocr_carea' id='block_1_22' title="bbox 1975 609 3556 686">
    <p class='ocr_par' dir='ltr' id='par_1_22' title="bbox 1975 609 3556 686">
     <span class='ocr_line' id='line_1_22' title="bbox 1975 609 3556 686; baseline 0.003 -20"><span class='ocrx_word' id='word_1_133' title='bbox 1975 609 2079 666; x_wconf 83' lang='lat' dir='ltr'><strong>bus</strong></span> <span class='ocrx_word' id='word_1_134' title='bbox 2119 612 2211 682; x_wconf 87' lang='lat' dir='ltr'><strong>qui</strong></span> <span class='ocrx_word' id='word_1_135' title='bbox 2259 621 2470 676; x_wconf 88' lang='lat' dir='ltr'><strong>tenent,</strong></span> <span class='ocrx_word' id='word_1_136' title='bbox 2514 622 2574 667; x_wconf 89' lang='lat' dir='ltr'><strong>ut</strong></span> <span class='ocrx_word' id='word_1_137' title='bbox 2605 613 2664 667; x_wconf 92' lang='lat' dir='ltr'><strong>in</strong></span> <span class='ocrx_word' id='word_1_138' title='bbox 2707 627 2796 668; x_wconf 89' lang='lat' dir='ltr'><strong>me</strong></span> <span class='ocrx_word' id='word_1_139' title='bbox 2839 613 2976 668; x_wconf 88' lang='lat' dir='ltr'><strong>clavi</strong></span> <span class='ocrx_word' id='word_1_140' title='bbox 3039 625 3458 686; x_wconf 85' lang='lat' dir='ltr'><strong>penetrassent:</strong></span> <span class='ocrx_word' id='word_1_141' title='bbox 3496 628 3556 671; x_wconf 85' lang='grc' dir='ltr'><strong>ιιι</strong></span> 
     </span>
    </p>
   </div>
   <div class='ocr_carea' id='block_1_23' title="bbox 1978 703 3558 776">
    <p class='ocr_par' dir='ltr' id='par_1_23' title="bbox 1978 703 3558 776">
     <span class='ocr_line' id='line_1_23' title="bbox 1978 703 3558 776; baseline 0.003 -19"><span class='ocrx_word' id='word_1_142' title='bbox 1978 715 2098 758; x_wconf 89' lang='lat' dir='ltr'><strong>tuos</strong></span> <span class='ocrx_word' id='word_1_143' title='bbox 2152 703 2430 759; x_wconf 74' lang='lat' dir='ltr'><strong>cruciatus</strong></span> <span class='ocrx_word' id='word_1_144' title='bbox 2494 705 2824 774; x_wconf 82' lang='lat' dir='ltr'><strong>recepissem</strong></span> <span class='ocrx_word' id='word_1_145' title='bbox 2877 706 2931 760; x_wconf 89' lang='lat' dir='ltr'><strong>in</strong></span> <span class='ocrx_word' id='word_1_146' title='bbox 2983 707 3244 762; x_wconf 83' lang='lat' dir='ltr'><strong>membris</strong></span> <span class='ocrx_word' id='word_1_147' title='bbox 3293 709 3464 776; x_wconf 82' lang='lat' dir='ltr'><strong>meis;</strong></span> <span class='ocrx_word' id='word_1_148' title='bbox 3497 717 3558 762; x_wconf 89' lang='lat' dir='ltr'><strong>ut</strong></span> 
     </span>
    </p>
   </div>
   <div class='ocr_carea' id='block_1_24' title="bbox 1977 791 3556 868">
    <p class='ocr_par' dir='ltr' id='par_1_24' title="bbox 1977 791 3556 868">
     <span class='ocr_line' id='line_1_24' title="bbox 1977 791 3556 868; baseline 0.004 -21"><span class='ocrx_word' id='word_1_149' title='bbox 1977 791 2471 849; x_wconf 88' lang='lat' dir='ltr'><strong>innumerabilibus</strong></span> <span class='ocrx_word' id='word_1_150' title='bbox 2525 794 2776 850; x_wconf 86' lang='lat' dir='ltr'><strong>ludibriis</strong></span> <span class='ocrx_word' id='word_1_151' title='bbox 2829 811 2893 856; x_wconf 86' lang='lat' dir='ltr'><strong>ac</strong></span> <span class='ocrx_word' id='word_1_152' title='bbox 2944 795 3304 865; x_wconf 85' lang='lat' dir='ltr'><strong>verberibus,</strong></span> <span class='ocrx_word' id='word_1_153' title='bbox 3355 799 3556 868; x_wconf 82' lang='lat' dir='ltr'><strong>quibus</strong></span> 
     </span>
    </p>
   </div>
   <div class='ocr_carea' id='block_1_25' title="bbox 1977 871 3556 956">
    <p class='ocr_par' dir='ltr' id='par_1_25' title="bbox 1977 871 3556 956">
     <span class='ocr_line' id='line_1_25' title="bbox 1977 871 3556 956; baseline 0.004 -18"><span class='ocrx_word' id='word_1_154' title='bbox 1977 898 2076 954; x_wconf 90' lang='lat' dir='ltr'><strong>per</strong></span> <span class='ocrx_word' id='word_1_155' title='bbox 2109 871 2377 940; x_wconf 81' lang='lat' dir='ltr'><strong>summam</strong></span> <span class='ocrx_word' id='word_1_156' title='bbox 2419 884 2675 954; x_wconf 74' lang='lat' dir='ltr'><strong>iniuriam</strong></span> <span class='ocrx_word' id='word_1_157' title='bbox 2709 885 2938 942; x_wconf 82' lang='lat' dir='ltr'><strong>all’ectus</strong></span> <span class='ocrx_word' id='word_1_158' title='bbox 2984 887 3556 956; x_wconf 77' lang='lat' dir='ltr'><strong>fuisti,&#39;dehonestata</strong></span> 
     </span>
    </p>
   </div>
   <div class='ocr_carea' id='block_1_26' title="bbox 1979 977 3560 1048">
    <p class='ocr_par' dir='ltr' id='par_1_26' title="bbox 1979 977 3560 1048">
     <span class='ocr_line' id='line_1_26' title="bbox 1979 977 3560 1048; baseline 0.004 -18"><span class='ocrx_word' id='word_1_159' title='bbox 1979 987 2194 1043; x_wconf 83' lang='lat' dir='ltr'><strong>essem;</strong></span> <span class='ocrx_word' id='word_1_160' title='bbox 2228 985 2287 1030; x_wconf 93' lang='lat' dir='ltr'><strong>ut</strong></span> <span class='ocrx_word' id='word_1_161' title='bbox 2319 991 2420 1046; x_wconf 90' lang='lat' dir='ltr'><strong>pro</strong></span> <span class='ocrx_word' id='word_1_162' title='bbox 2452 977 2778 1033; x_wconf 84' lang='lat' dir='ltr'><strong>charissima</strong></span> <span class='ocrx_word' id='word_1_163' title='bbox 2825 979 2998 1048; x_wconf 86' lang='lat' dir='ltr'><strong>prole,</strong></span> <span class='ocrx_word' id='word_1_164' title='bbox 3049 991 3314 1036; x_wconf 71' lang='lat' dir='ltr'><strong>maternae</strong></span> <span class='ocrx_word' id='word_1_165' title='bbox 3359 997 3560 1038; x_wconf 83' lang='lat' dir='ltr'><strong>manus</strong></span> 
     </span>
    </p>
   </div>
   <div class='ocr_carea' id='block_1_27' title="bbox 1977 1065 3556 1140">
    <p class='ocr_par' dir='ltr' id='par_1_27' title="bbox 1977 1065 3556 1140">
     <span class='ocr_line' id='line_1_27' title="bbox 1977 1065 3556 1140; baseline 0.004 -21"><span class='ocrx_word' id='word_1_166' title='bbox 1977 1065 2304 1122; x_wconf 60' lang='lat' dir='ltr'><strong>vulneratus.</strong></span> <span class='ocrx_word' id='word_1_167' title='bbox 2329 1077 2537 1123; x_wconf 87' lang='lat' dir='ltr'><strong>essent.</strong></span> <span class='ocrx_word' id='word_1_168' title='bbox 2581 1066 2872 1124; x_wconf 85' lang='lat' dir='ltr'><strong>Enimvero</strong></span> <span class='ocrx_word' id='word_1_169' title='bbox 2907 1071 3166 1140; x_wconf 74' lang='lat' dir='ltr'><strong>nequibat</strong></span> <span class='ocrx_word' id='word_1_170' title='bbox 3205 1071 3288 1126; x_wconf 84' lang='lat' dir='ltr'><strong>sic</strong></span> <span class='ocrx_word' id='word_1_171' title='bbox 3332 1071 3556 1132; x_wconf 87' lang='lat' dir='ltr'><strong>habere,</strong></span> 
     </span>
    </p>
   </div>
   <div class='ocr_carea' id='block_1_28' title="bbox 1979 1144 3568 1235">
    <p class='ocr_par' dir='ltr' id='par_1_28' title="bbox 1979 1144 3568 1235">
     <span class='ocr_line' id='line_1_28' title="bbox 1979 1144 3568 1235; baseline 0.003 -22"><span class='ocrx_word' id='word_1_172' title='bbox 1979 1144 2124 1213; x_wconf 80' lang='lat' dir='ltr'><strong>cum</strong></span> <span class='ocrx_word' id='word_1_173' title='bbox 2153 1166 2208 1213; x_wconf 86' lang='grc' dir='ltr'><strong>ιιι</strong></span> <span class='ocrx_word' id='word_1_174' title='bbox 2255 1157 2403 1213; x_wconf 89' lang='lat' dir='ltr'><strong>solus</strong></span> <span class='ocrx_word' id='word_1_175' title='bbox 2443 1173 2540 1228; x_wconf 90' lang='lat' dir='ltr'><strong>pro</strong></span> <span class='ocrx_word' id='word_1_176' title='bbox 2595 1161 2849 1215; x_wconf 88' lang='lat' dir='ltr'><strong>omnibus</strong></span> <span class='ocrx_word' id='word_1_177' title='bbox 2898 1172 3128 1235; x_wconf 85' lang='lat' dir='ltr'><strong>mortem</strong></span> <span class='ocrx_word' id='word_1_178' title='bbox 3201 1172 3568 1233; x_wconf 57' lang='lat' dir='ltr'><strong>suscepturus,</strong></span> 
     </span>
    </p>
   </div>
   <div class='ocr_carea' id='block_1_29' title="bbox 1979 1249 3558 1320">
    <p class='ocr_par' dir='ltr' id='par_1_29' title="bbox 1979 1249 3558 1320">
     <span class='ocr_line' id='line_1_29' title="bbox 1979 1249 3558 1320; baseline 0.003 -17"><span class='ocrx_word' id='word_1_179' title='bbox 1979 1263 2149 1315; x_wconf 86' lang='lat' dir='ltr'><strong>esses,</strong></span> <span class='ocrx_word' id='word_1_180' title='bbox 2193 1249 2284 1320; x_wconf 84' lang='lat' dir='ltr'><strong>qui</strong></span> <span class='ocrx_word' id='word_1_181' title='bbox 2333 1249 2483 1306; x_wconf 90' lang='lat' dir='ltr'><strong>solus</strong></span> <span class='ocrx_word' id='word_1_182' title='bbox 2525 1249 2755 1306; x_wconf 85' lang='lat' dir='ltr'><strong>Creator</strong></span> <span class='ocrx_word' id='word_1_183' title='bbox 2803 1264 2948 1318; x_wconf 78' lang='lat' dir='ltr'><strong>eras,</strong></span> <span class='ocrx_word' id='word_1_184' title='bbox 2997 1267 3228 1320; x_wconf 82' lang='lat' dir='ltr'><strong>eamque</strong></span> <span class='ocrx_word' id='word_1_185' title='bbox 3253 1255 3323 1310; x_wconf 93' lang='lat' dir='ltr'><strong>ob</strong></span> <span class='ocrx_word' id='word_1_186' title='bbox 3354 1269 3467 1308; x_wconf 86' lang='lat' dir='ltr'><strong>rem</strong></span> <span class='ocrx_word' id='word_1_187' title='bbox 3505 1257 3558 1308; x_wconf 86' lang='lat' dir='ltr'><strong>in</strong></span> 
     </span>
    </p>
   </div>
   <div class='ocr_carea' id='block_1_30' title="bbox 1982 1342 3559 1418">
    <p class='ocr_par' dir='ltr' id='par_1_30' title="bbox 1982 1342 3559 1418">
     <span class='ocr_line' id='line_1_30' title="bbox 1982 1342 3559 1418; baseline 0.003 -22"><span class='ocrx_word' id='word_1_188' title='bbox 1982 1343 2242 1396; x_wconf 88' lang='lat' dir='ltr'><strong>mundmn</strong></span> <span class='ocrx_word' id='word_1_189' title='bbox 2281 1346 2546 1399; x_wconf 78' lang='lat' dir='ltr'><strong>venisses.</strong></span> <span class='ocrx_word' id='word_1_190' title='bbox 2601 1342 2714 1414; x_wconf 75' lang='lat' dir='ltr'><strong>Ego</strong></span> <span class='ocrx_word' id='word_1_191' title='bbox 2779 1353 2960 1400; x_wconf 87' lang='lat' dir='ltr'><strong>autem</strong></span> <span class='ocrx_word' id='word_1_192' title='bbox 3019 1346 3162 1414; x_wconf 48' lang='lat' dir='ltr'><strong>quid.</strong></span> <span class='ocrx_word' id='word_1_193' title='bbox 3197 1345 3396 1418; x_wconf 74' lang='lat' dir='ltr'><strong>agam?</strong></span> <span class='ocrx_word' id='word_1_194' title='bbox 3442 1347 3559 1414; x_wconf 79' lang='lat' dir='ltr'><strong>Qua</strong></span> 
     </span>
    </p>
   </div>
   <div class='ocr_carea' id='block_1_31' title="bbox 1985 1432 3558 1507">
    <p class='ocr_par' dir='ltr' id='par_1_31' title="bbox 1985 1432 3558 1507">
     <span class='ocr_line' id='line_1_31' title="bbox 1985 1432 3558 1507; baseline 0.002 -19"><span class='ocrx_word' id='word_1_195' title='bbox 1985 1432 2197 1488; x_wconf 78' lang='lat' dir='ltr'><strong>ratione</strong></span> <span class='ocrx_word' id='word_1_196' title='bbox 2235 1433 2568 1490; x_wconf 89' lang='lat' dir='ltr'><strong>horrendum</strong></span> <span class='ocrx_word' id='word_1_197' title='bbox 2603 1436 2705 1491; x_wconf 90' lang='lat' dir='ltr'><strong>hoc</strong></span> <span class='ocrx_word' id='word_1_198' title='bbox 2753 1437 3122 1507; x_wconf 88' lang='lat' dir='ltr'><strong>spectaculum</strong></span> <span class='ocrx_word' id='word_1_199' title='bbox 3171 1437 3386 1492; x_wconf 82' lang='lat' dir='ltr'><strong>feram?</strong></span> <span class='ocrx_word' id='word_1_200' title='bbox 3411 1439 3558 1506; x_wconf 59' lang='lat' dir='ltr'><strong>Quo-</strong></span> 
     </span>
    </p>
   </div>
   <div class='ocr_carea' id='block_1_32' title="bbox 1983 1515 3562 1602">
    <p class='ocr_par' dir='ltr' id='par_1_32' title="bbox 1983 1515 3562 1602">
     <span class='ocr_line' id='line_1_32' title="bbox 1983 1515 3562 1602; baseline 0.004 -24"><span class='ocrx_word' id='word_1_201' title='bbox 1983 1525 2144 1580; x_wconf 86' lang='lat' dir='ltr'><strong>modo</strong></span> <span class='ocrx_word' id='word_1_202' title='bbox 2174 1515 2384 1602; x_wconf 79' lang='lat' dir='ltr'><strong>videns,</strong></span> <span class='ocrx_word' id='word_1_203' title='bbox 2411 1539 2537 1582; x_wconf 86' lang='lat' dir='ltr'><strong>ante</strong></span> <span class='ocrx_word' id='word_1_204' title='bbox 2559 1529 2773 1595; x_wconf 81' lang='lat' dir='ltr'><strong>quidem</strong></span> <span class='ocrx_word' id='word_1_205' title='bbox 2805 1531 3046 1598; x_wconf 89' lang='lat' dir='ltr'><strong>pretioso</strong></span> <span class='ocrx_word' id='word_1_206' title='bbox 3073 1530 3336 1600; x_wconf 82' lang='lat' dir='ltr'><strong>sanguine</strong></span> <span class='ocrx_word' id='word_1_207' title='bbox 3363 1545 3562 1586; x_wconf 83' lang='lat' dir='ltr'><strong>cruen-</strong></span> 
     </span>
    </p>
   </div>
   <div class='ocr_carea' id='block_1_33' title="bbox 1985 1618 3559 1686">
    <p class='ocr_par' dir='ltr' id='par_1_33' title="bbox 1985 1618 3559 1686">
     <span class='ocr_line' id='line_1_33' title="bbox 1985 1618 3559 1686; baseline 0.001 -14"><span class='ocrx_word' id='word_1_208' title='bbox 1985 1625 2153 1672; x_wconf 88' lang='lat' dir='ltr'><strong>latum</strong></span> <span class='ocrx_word' id='word_1_209' title='bbox 2207 1618 2466 1686; x_wconf 86' lang='lat' dir='ltr'><strong>dorsum,</strong></span> <span class='ocrx_word' id='word_1_210' title='bbox 2526 1633 2670 1685; x_wconf 72' lang='lat' dir='ltr'><strong>nunc</strong></span> <span class='ocrx_word' id='word_1_211' title='bbox 2717 1630 2900 1675; x_wconf 83' lang='lat' dir='ltr'><strong>autem</strong></span> <span class='ocrx_word' id='word_1_212' title='bbox 2960 1620 3231 1674; x_wconf 80' lang='lat' dir='ltr'><strong>rubricata</strong></span> <span class='ocrx_word' id='word_1_213' title='bbox 3281 1623 3559 1685; x_wconf 84' lang='lat' dir='ltr'><strong>membra,</strong></span> 
     </span>
    </p>
   </div>
   <div class='ocr_carea' id='block_1_34' title="bbox 1983 1706 3564 1774">
    <p class='ocr_par' dir='ltr' id='par_1_34' title="bbox 1983 1706 3564 1774">
     <span class='ocr_line' id='line_1_34' title="bbox 1983 1706 3564 1774; baseline -0.001 -11"><span class='ocrx_word' id='word_1_214' title='bbox 1983 1706 2323 1763; x_wconf 84' lang='lat' dir='ltr'><strong>sustineam?</strong></span> <span class='ocrx_word' id='word_1_215' title='bbox 2370 1709 2656 1774; x_wconf 77' lang='lat' dir='ltr'><strong>Quomodo</strong></span> <span class='ocrx_word' id='word_1_216' title='bbox 2727 1708 2924 1763; x_wconf 81' lang='lat' dir='ltr'><strong>iterum</strong></span> <span class='ocrx_word' id='word_1_217' title='bbox 2976 1709 3187 1774; x_wconf 85' lang='lat' dir='ltr'><strong>oculos,</strong></span> <span class='ocrx_word' id='word_1_218' title='bbox 3247 1711 3430 1764; x_wconf 79' lang='lat' dir='ltr'><strong>ntundi</strong></span> <span class='ocrx_word' id='word_1_219' title='bbox 3481 1709 3564 1762; x_wconf 66' lang='lat' dir='ltr'><strong>luo</strong></span> 
     </span>
    </p>
   </div>
   <div class='ocr_carea' id='block_1_35' title="bbox 199 1787 1887 1883">
    <p class='ocr_par' dir='ltr' id='par_1_35' title="bbox 199 1803 1880 1883">
     <span class='ocr_line' id='line_1_35' title="bbox 199 1803 1880 1883; baseline -0.001 -23"><span class='ocrx_word' id='word_1_220' title='bbox 199 1878 205 1883; x_wconf 25' lang='grc' dir='ltr'><strong>ι</strong></span> <span class='ocrx_word' id='word_1_221' title='bbox 301 1805 569 1878; x_wconf 78' lang='grc' dir='ltr'><strong>λευόμενα</strong></span> <span class='ocrx_word' id='word_1_222' title='bbox 592 1845 608 1872; x_wconf 91' lang='grc'><strong>,</strong></span> <span class='ocrx_word' id='word_1_223' title='bbox 659 1805 766 1860; x_wconf 82' lang='grc' dir='ltr'><strong>κᾶν</strong></span> <span class='ocrx_word' id='word_1_224' title='bbox 819 1805 955 1878; x_wconf 85' lang='grc' dir='ltr'><strong>πρὸς</strong></span> <span class='ocrx_word' id='word_1_225' title='bbox 987 1804 1167 1874; x_wconf 78' lang='grc' dir='ltr'><strong>ὀλίγον</strong></span> <span class='ocrx_word' id='word_1_226' title='bbox 1217 1803 1630 1877; x_wconf 75' lang='grc' dir='ltr'><strong>ἔφησυχάζοντα</strong></span> <span class='ocrx_word' id='word_1_227' title='bbox 1685 1803 1880 1859; x_wconf 85' lang='grc' dir='ltr'><strong>θεάσο-</strong></span> 
     </span>
    </p>
   </div>
   <div class='ocr_carea' id='block_1_36' title="bbox 1992 1787 3562 1883">
    <p class='ocr_par' dir='ltr' id='par_1_36' title="bbox 1992 1800 3562 1870">
     <span class='ocr_line' id='line_1_36' title="bbox 1992 1800 3562 1870; baseline -0.002 -15"><span class='ocrx_word' id='word_1_228' title='bbox 1992 1800 2169 1861; x_wconf 87' lang='lat' dir='ltr'><strong>mina,</strong></span> <span class='ocrx_word' id='word_1_229' title='bbox 2233 1801 2454 1856; x_wconf 89' lang='lat' dir='ltr'><strong>clausos</strong></span> <span class='ocrx_word' id='word_1_230' title='bbox 2517 1800 2823 1870; x_wconf 79' lang='lat' dir='ltr'><strong>aspiciam?</strong></span> <span class='ocrx_word' id='word_1_231' title='bbox 2869 1801 3151 1867; x_wconf 80' lang='lat' dir='ltr'><strong>Quomodo</strong></span> <span class='ocrx_word' id='word_1_232' title='bbox 3207 1801 3452 1868; x_wconf 80' lang='lat' dir='ltr'><strong>linguam</strong></span> <span class='ocrx_word' id='word_1_233' title='bbox 3495 1816 3562 1854; x_wconf 85' lang='lat' dir='ltr'><strong>ac</strong></span> 
     </span>
    </p>
   </div>
   <div class='ocr_carea' id='block_1_37' title="bbox 307 1911 510 1968">
    <p class='ocr_par' dir='ltr' id='par_1_37' title="bbox 307 1911 510 1968">
     <span class='ocr_line' id='line_1_37' title="bbox 307 1911 510 1968; baseline -0.015 -18"><span class='ocrx_word' id='word_1_234' title='bbox 307 1911 453 1968; x_wconf 85' lang='grc' dir='ltr'><strong>μαι;</strong></span> <span class='ocrx_word' id='word_1_235' title='bbox 492 1913 510 1947; x_wconf 82' lang='grc' dir='ltr'><strong>ι</strong></span> 
     </span>
    </p>
   </div>
   <div class='ocr_carea' id='block_1_38' title="bbox 383 2155 1884 2245">
    <p class='ocr_par' dir='ltr' id='par_1_38' title="bbox 383 2155 1884 2245">
     <span class='ocr_line' id='line_1_38' title="bbox 383 2155 1884 2245; baseline -0.002 -19"><span class='ocrx_word' id='word_1_236' title='bbox 383 2155 581 2226; x_wconf 61' lang='grc' dir='ltr'><strong>(Ἀλλ’</strong></span> <span class='ocrx_word' id='word_1_237' title='bbox 623 2169 800 2234; x_wconf 78' lang='grc' dir='ltr'><strong>ἄπιθι,</strong></span> <span class='ocrx_word' id='word_1_238' title='bbox 851 2171 1117 2232; x_wconf 84' lang='grc' dir='ltr'><strong>Δέσποτα,</strong></span> <span class='ocrx_word' id='word_1_239' title='bbox 1159 2170 1258 2244; x_wconf 73' lang='grc' dir='ltr'><strong>τὴν</strong></span> <span class='ocrx_word' id='word_1_240' title='bbox 1319 2171 1629 2245; x_wconf 67' lang='grc' dir='ltr'><strong>ἀπόρρητον</strong></span> <span class='ocrx_word' id='word_1_241' title='bbox 1678 2169 1884 2240; x_wconf 88' lang='grc' dir='ltr'><strong>ταύτην</strong></span> 
     </span>
    </p>
   </div>
   <div class='ocr_carea' id='block_1_39' title="bbox 307 2261 1886 2334">
    <p class='ocr_par' dir='ltr' id='par_1_39' title="bbox 307 2261 1886 2334">
     <span class='ocr_line' id='line_1_39' title="bbox 307 2261 1886 2334; baseline -0.001 -18"><span class='ocrx_word' id='word_1_242' title='bbox 307 2261 620 2334; x_wconf 76' lang='grc' dir='ltr'><strong>οἰκονομίαν</strong></span> <span class='ocrx_word' id='word_1_243' title='bbox 652 2261 978 2334; x_wconf 84' lang='grc' dir='ltr'><strong>πληρώσων·</strong></span> <span class='ocrx_word' id='word_1_244' title='bbox 1002 2261 1184 2328; x_wconf 75' lang='grc' dir='ltr'><strong>ἄπιθι,</strong></span> <span class='ocrx_word' id='word_1_245' title='bbox 1208 2262 1376 2316; x_wconf 82' lang='grc' dir='ltr'><strong>καλοῦ</strong></span> <span class='ocrx_word' id='word_1_246' title='bbox 1409 2262 1612 2326; x_wconf 71' lang='grc' dir='ltr'><strong>παντὸς</strong></span> <span class='ocrx_word' id='word_1_247' title='bbox 1640 2261 1886 2334; x_wconf 81' lang='grc' dir='ltr'><strong>ὑπερπό-</strong></span> 
     </span>
    </p>
   </div>
   <div class='ocr_carea' id='block_1_40' title="bbox 303 2353 1882 2426">
    <p class='ocr_par' dir='ltr' id='par_1_40' title="bbox 303 2353 1882 2426">
     <span class='ocr_line' id='line_1_40' title="bbox 303 2353 1882 2426; baseline 0 -18"><span class='ocrx_word' id='word_1_248' title='bbox 303 2355 471 2425; x_wconf 84' lang='grc' dir='ltr'><strong>θητον</strong></span> <span class='ocrx_word' id='word_1_249' title='bbox 497 2355 806 2426; x_wconf 80' lang='grc' dir='ltr'><strong>Τέκνον,τῇ</strong></span> <span class='ocrx_word' id='word_1_250' title='bbox 841 2353 1198 2426; x_wconf 78' lang='grc' dir='ltr'><strong>προσηκούσῃ</strong></span> <span class='ocrx_word' id='word_1_251' title='bbox 1221 2353 1691 2425; x_wconf 78' lang='grc' dir='ltr'><strong>δοξασθησόμενος</strong></span> <span class='ocrx_word' id='word_1_252' title='bbox 1725 2354 1882 2425; x_wconf 79' lang='grc' dir='ltr'><strong>τιμῇ.</strong></span> 
     </span>
    </p>
   </div>
   <div class='ocr_carea' id='block_1_41' title="bbox 309 2443 1886 2518">
    <p class='ocr_par' dir='ltr' id='par_1_41' title="bbox 309 2443 1886 2518">
     <span class='ocr_line' id='line_1_41' title="bbox 309 2443 1886 2518; baseline -0.001 -20"><span class='ocrx_word' id='word_1_253' title='bbox 309 2446 426 2499; x_wconf 77' lang='grc' dir='ltr'><strong>Οὐκ</strong></span> <span class='ocrx_word' id='word_1_254' title='bbox 451 2447 530 2498; x_wconf 80' lang='grc' dir='ltr'><strong>ἔτι</strong></span> <span class='ocrx_word' id='word_1_255' title='bbox 561 2443 672 2516; x_wconf 80' lang='grc' dir='ltr'><strong>γάρ</strong></span> <span class='ocrx_word' id='word_1_256' title='bbox 729 2460 787 2497; x_wconf 88' lang='grc' dir='ltr'><strong>σε</strong></span> <span class='ocrx_word' id='word_1_257' title='bbox 818 2444 1154 2514; x_wconf 81' lang='grc' dir='ltr'><strong>σωματικῶς</strong></span> <span class='ocrx_word' id='word_1_258' title='bbox 1193 2445 1255 2499; x_wconf 78' lang='grc' dir='ltr'><strong>τὸ</strong></span> <span class='ocrx_word' id='word_1_259' title='bbox 1282 2445 1414 2517; x_wconf 78' lang='grc' dir='ltr'><strong>ὲμδν</strong></span> <span class='ocrx_word' id='word_1_260' title='bbox 1439 2462 1505 2498; x_wconf 86' lang='grc' dir='ltr'><strong>πε</strong></span> <span class='ocrx_word' id='word_1_261' title='bbox 1518 2444 1886 2518; x_wconf 85' lang='grc' dir='ltr'><strong>ριπτύσσομαι</strong></span> 
     </span>
    </p>
   </div>
   <div class='ocr_carea' id='block_1_42' title="bbox 311 2533 1887 2608">
    <p class='ocr_par' dir='ltr' id='par_1_42' title="bbox 311 2533 1887 2608">
     <span class='ocr_line' id='line_1_42' title="bbox 311 2533 1887 2608; baseline -0.003 -18"><span class='ocrx_word' id='word_1_262' title='bbox 311 2535 684 2606; x_wconf 79' lang='grc' dir='ltr'><strong>καλλώπισμα</strong></span> <span class='ocrx_word' id='word_1_263' title='bbox 712 2552 727 2568; x_wconf 78' lang='grc' dir='ltr'><strong>ο</strong></span> <span class='ocrx_word' id='word_1_264' title='bbox 762 2537 820 2589; x_wconf 79' lang='grc' dir='ltr'><strong>ἐν</strong></span> <span class='ocrx_word' id='word_1_265' title='bbox 845 2536 953 2608; x_wconf 83' lang='grc' dir='ltr'><strong>γὰρ</strong></span> <span class='ocrx_word' id='word_1_266' title='bbox 983 2535 1150 2608; x_wconf 78' lang='grc' dir='ltr'><strong>θεῖκῷ</strong></span> <span class='ocrx_word' id='word_1_267' title='bbox 1177 2552 1274 2588; x_wconf 92' lang='grc' dir='ltr'><strong>σου</strong></span> <span class='ocrx_word' id='word_1_268' title='bbox 1310 2535 1490 2607; x_wconf 84' lang='grc' dir='ltr'><strong>θρόνῳ</strong></span> <span class='ocrx_word' id='word_1_269' title='bbox 1515 2535 1614 2605; x_wconf 84' lang='grc' dir='ltr'><strong>τὴν</strong></span> <span class='ocrx_word' id='word_1_270' title='bbox 1642 2533 1887 2605; x_wconf 81' lang='grc' dir='ltr'><strong>προσλη-</strong></span> 
     </span>
    </p>
   </div>
   <div class='ocr_carea' id='block_1_43' title="bbox 312 2613 1887 2698">
    <p class='ocr_par' dir='ltr' id='par_1_43' title="bbox 312 2613 1887 2698">
     <span class='ocr_line' id='line_1_43' title="bbox 312 2613 1887 2698; baseline -0.002 -18"><span class='ocrx_word' id='word_1_271' title='bbox 312 2625 542 2696; x_wconf 80' lang='grc' dir='ltr'><strong>φθεῖσαν</strong></span> <span class='ocrx_word' id='word_1_272' title='bbox 603 2625 958 2690; x_wconf 77' lang='grc' dir='ltr'><strong>ἀναϐισάσεις</strong></span> <span class='ocrx_word' id='word_1_273' title='bbox 1011 2626 1198 2696; x_wconf 85' lang='grc' dir='ltr'><strong>φύσιν.</strong></span> <span class='ocrx_word' id='word_1_274' title='bbox 1259 2613 1672 2696; x_wconf 67' lang='grc' dir='ltr'><strong>Οὐκέτισῶμα</strong></span> <span class='ocrx_word' id='word_1_275' title='bbox 1722 2623 1887 2698; x_wconf 77' lang='grc' dir='ltr'><strong>χερσὶ</strong></span> 
     </span>
    </p>
   </div>
   <div class='ocr_carea' id='block_1_44' title="bbox 315 2715 1888 2790">
    <p class='ocr_par' dir='ltr' id='par_1_44' title="bbox 315 2715 1888 2790">
     <span class='ocr_line' id='line_1_44' title="bbox 315 2715 1888 2790; baseline 0 -22"><span class='ocrx_word' id='word_1_276' title='bbox 315 2715 601 2788; x_wconf 81' lang='grc' dir='ltr'><strong>μητρῴαις</strong></span> <span class='ocrx_word' id='word_1_277' title='bbox 634 2717 1046 2788; x_wconf 83' lang='grc' dir='ltr'><strong>κατακοσμήσω</strong></span> <span class='ocrx_word' id='word_1_278' title='bbox 1070 2733 1085 2748; x_wconf 79' lang='grc' dir='ltr'><strong>ο</strong></span> <span class='ocrx_word' id='word_1_279' title='bbox 1112 2718 1192 2780; x_wconf 90' lang='grc' dir='ltr'><strong>είς</strong></span> <span class='ocrx_word' id='word_1_280' title='bbox 1220 2717 1329 2790; x_wconf 84' lang='grc' dir='ltr'><strong>γὰρ</strong></span> <span class='ocrx_word' id='word_1_281' title='bbox 1355 2717 1454 2788; x_wconf 77' lang='grc' dir='ltr'><strong>τὴν</strong></span> <span class='ocrx_word' id='word_1_282' title='bbox 1477 2715 1684 2770; x_wconf 81' lang='grc' dir='ltr'><strong>οίκείαν</strong></span> <span class='ocrx_word' id='word_1_283' title='bbox 1717 2716 1888 2772; x_wconf 80' lang='grc' dir='ltr'><strong>ἀπαί-</strong></span> 
     </span>
    </p>
   </div>
   <div class='ocr_carea' id='block_1_45' title="bbox 305 2806 1886 2880">
    <p class='ocr_par' dir='ltr' id='par_1_45' title="bbox 305 2806 1886 2880">
     <span class='ocr_line' id='line_1_45' title="bbox 305 2806 1886 2880; baseline 0.003 -22"><span class='ocrx_word' id='word_1_284' title='bbox 305 2821 430 2877; x_wconf 70' lang='grc' dir='ltr'><strong>ερεις</strong></span> <span class='ocrx_word' id='word_1_285' title='bbox 465 2807 645 2872; x_wconf 81' lang='grc' dir='ltr'><strong>δόξαν,</strong></span> <span class='ocrx_word' id='word_1_286' title='bbox 681 2806 711 2858; x_wconf 89' lang='grc' dir='ltr'><strong>ό</strong></span> <span class='ocrx_word' id='word_1_287' title='bbox 748 2809 849 2878; x_wconf 87' lang='grc' dir='ltr'><strong>τῆς</strong></span> <span class='ocrx_word' id='word_1_288' title='bbox 885 2809 1110 2879; x_wconf 85' lang='grc' dir='ltr'>πρώτης</span> <span class='ocrx_word' id='word_1_289' title='bbox 1151 2807 1227 2879; x_wconf 75' lang='grc' dir='ltr'><strong>μὴ</strong></span> <span class='ocrx_word' id='word_1_290' title='bbox 1260 2807 1554 2880; x_wconf 75' lang='grc' dir='ltr'><strong>χωρισθεὶς</strong></span> <span class='ocrx_word' id='word_1_291' title='bbox 1609 2809 1788 2877; x_wconf 79' lang='grc' dir='ltr'><strong>δόξης.</strong></span> <span class='ocrx_word' id='word_1_292' title='bbox 1823 2809 1886 2862; x_wconf 81' lang='lat' dir='ltr'><strong>Ei</strong></span> 
     </span>
    </p>
   </div>
   <div class='ocr_carea' id='block_1_46' title="bbox 285 2896 1886 2970">
    <p class='ocr_par' dir='ltr' id='par_1_46' title="bbox 285 2896 1886 2970">
     <span class='ocr_line' id='line_1_46' title="bbox 285 2896 1886 2970; baseline 0.024 -38"><span class='ocrx_word' id='word_1_293' title='bbox 285 2896 421 2967; x_wconf 54' lang='grc' dir='ltr'><strong>,τὰρ</strong></span> <span class='ocrx_word' id='word_1_294' title='bbox 443 2897 539 2950; x_wconf 78' lang='grc' dir='ltr'><strong>καὶ</strong></span> <span class='ocrx_word' id='word_1_295' title='bbox 564 2896 766 2960; x_wconf 83' lang='grc' dir='ltr'><strong>θεῖκῶς</strong></span> <span class='ocrx_word' id='word_1_296' title='bbox 813 2897 890 2961; x_wconf 86' lang='grc' dir='ltr'><strong>ὡς</strong></span> <span class='ocrx_word' id='word_1_297' title='bbox 941 2897 1181 2969; x_wconf 79' lang='grc' dir='ltr'><strong>τεκούσῃ</strong></span> <span class='ocrx_word' id='word_1_298' title='bbox 1215 2899 1596 2970; x_wconf 64' lang='grc' dir='ltr'><strong>συμπαθείης.</strong></span> <span class='ocrx_word' id='word_1_299' title='bbox 1617 2898 1734 2953; x_wconf 82' lang='grc' dir='ltr'><strong>ἀλλ’</strong></span> <span class='ocrx_word' id='word_1_300' title='bbox 1785 2900 1886 2970; x_wconf 71' lang='grc' dir='ltr'><strong>οὐκ</strong></span> 
     </span>
    </p>
   </div>
   <div class='ocr_carea' id='block_1_47' title="bbox 307 2979 1884 3060">
    <p class='ocr_par' dir='ltr' id='par_1_47' title="bbox 307 2979 1884 3060">
     <span class='ocr_line' id='line_1_47' title="bbox 307 2979 1884 3060; baseline 0 -18"><span class='ocrx_word' id='word_1_301' title='bbox 307 2987 384 3052; x_wconf 81' lang='grc' dir='ltr'><strong>ὡς</strong></span> <span class='ocrx_word' id='word_1_302' title='bbox 402 2987 464 3040; x_wconf 82' lang='grc' dir='ltr'><strong>τὸ</strong></span> <span class='ocrx_word' id='word_1_303' title='bbox 494 2987 764 3059; x_wconf 75' lang='grc' dir='ltr'><strong>πρότερον</strong></span> <span class='ocrx_word' id='word_1_304' title='bbox 787 3002 803 3018; x_wconf 79' lang='grc'><strong><em>⁸</em></strong></span> <span class='ocrx_word' id='word_1_305' title='bbox 827 2986 926 3058; x_wconf 82' lang='grc' dir='ltr'><strong>ούχ</strong></span> <span class='ocrx_word' id='word_1_306' title='bbox 951 2986 1125 3052; x_wconf 75' lang='grc' dir='ltr'><strong>οὕτως</strong></span> <span class='ocrx_word' id='word_1_307' title='bbox 1152 2987 1292 3042; x_wconf 81' lang='grc' dir='ltr'><strong>ὥστε</strong></span> <span class='ocrx_word' id='word_1_308' title='bbox 1313 3005 1372 3041; x_wconf 84' lang='grc' dir='ltr'><strong>σε</strong></span> <span class='ocrx_word' id='word_1_309' title='bbox 1396 2979 1884 3060; x_wconf 78' lang='grc' dir='ltr'><strong>περιπτύσσεσθαι·</strong></span> 
     </span>
    </p>
   </div>
   <div class='ocr_carea' id='block_1_48' title="bbox 300 3077 1879 3156">
    <p class='ocr_par' dir='ltr' id='par_1_48' title="bbox 300 3077 1879 3156">
     <span class='ocr_line' id='line_1_48' title="bbox 300 3077 1879 3156; baseline 0.001 -23"><span class='ocrx_word' id='word_1_310' title='bbox 300 3077 454 3156; x_wconf 72' lang='grc' dir='ltr'><strong>’ᾤστε</strong></span> <span class='ocrx_word' id='word_1_311' title='bbox 487 3096 581 3136; x_wconf 87' lang='grc' dir='ltr'><strong>σου</strong></span> <span class='ocrx_word' id='word_1_312' title='bbox 617 3081 717 3150; x_wconf 81' lang='grc' dir='ltr'><strong>τῆς</strong></span> <span class='ocrx_word' id='word_1_313' title='bbox 745 3081 1010 3150; x_wconf 76' lang='grc' dir='ltr'><strong>γλυκείας</strong></span> <span class='ocrx_word' id='word_1_314' title='bbox 1041 3079 1308 3150; x_wconf 79' lang='grc' dir='ltr'><strong>διηνεκῶς</strong></span> <span class='ocrx_word' id='word_1_315' title='bbox 1337 3081 1700 3136; x_wconf 80' lang='grc' dir='ltr'><strong>έναπολαύειν</strong></span> <span class='ocrx_word' id='word_1_316' title='bbox 1729 3081 1879 3146; x_wconf 78' lang='grc' dir='ltr'><strong>θέας’</strong></span> 
     </span>
    </p>
   </div>
   <div class='ocr_carea' id='block_1_49' title="bbox 310 3171 1884 3243">
    <p class='ocr_par' dir='ltr' id='par_1_49' title="bbox 310 3171 1884 3243">
     <span class='ocr_line' id='line_1_49' title="bbox 310 3171 1884 3243; baseline 0.002 -18"><span class='ocrx_word' id='word_1_317' title='bbox 310 3171 452 3225; x_wconf 83' lang='grc' dir='ltr'><strong>ὥστε</strong></span> <span class='ocrx_word' id='word_1_318' title='bbox 499 3188 593 3226; x_wconf 89' lang='grc' dir='ltr'><strong>σου</strong></span> <span class='ocrx_word' id='word_1_319' title='bbox 645 3173 760 3236; x_wconf 77' lang='grc' dir='ltr'><strong>τοῖς</strong></span> <span class='ocrx_word' id='word_1_320' title='bbox 801 3173 1161 3243; x_wconf 55' lang='grc' dir='ltr'><strong>σωματικοῖς</strong></span> <span class='ocrx_word' id='word_1_321' title='bbox 1181 3173 1578 3243; x_wconf 75' lang='grc' dir='ltr'><strong>ὲνωραῖζεσθαι</strong></span> <span class='ocrx_word' id='word_1_322' title='bbox 1638 3173 1884 3228; x_wconf 73' lang='grc' dir='ltr'><strong>κάλλεσι.</strong></span> 
     </span>
    </p>
   </div>
   <div class='ocr_carea' id='block_1_50' title="bbox 309 3261 1888 3335">
    <p class='ocr_par' dir='ltr' id='par_1_50' title="bbox 309 3261 1888 3335">
     <span class='ocr_line' id='line_1_50' title="bbox 309 3261 1888 3335; baseline -0.001 -16"><span class='ocrx_word' id='word_1_323' title='bbox 309 3265 423 3319; x_wconf 71' lang='grc' dir='ltr'><strong>Καὶ</strong></span> <span class='ocrx_word' id='word_1_324' title='bbox 459 3263 620 3318; x_wconf 83' lang='grc' dir='ltr'><strong>τοῦτο</strong></span> <span class='ocrx_word' id='word_1_325' title='bbox 651 3263 754 3334; x_wconf 80' lang='grc' dir='ltr'><strong>μὲν</strong></span> <span class='ocrx_word' id='word_1_326' title='bbox 780 3263 1052 3335; x_wconf 55' lang='grc' dir='ltr'><strong>έμοὶπῆς</strong></span> <span class='ocrx_word' id='word_1_327' title='bbox 1083 3263 1346 3317; x_wconf 80' lang='grc' dir='ltr'><strong>ἀνωτάτω</strong></span> <span class='ocrx_word' id='word_1_328' title='bbox 1374 3261 1538 3334; x_wconf 80' lang='grc' dir='ltr'><strong>δόξης</strong></span> <span class='ocrx_word' id='word_1_329' title='bbox 1564 3263 1660 3316; x_wconf 73' lang='grc' dir='ltr'><strong>καὶ</strong></span> <span class='ocrx_word' id='word_1_330' title='bbox 1687 3265 1888 3334; x_wconf 74' lang='grc' dir='ltr'><strong>εὐφρο-</strong></span> 
     </span>
    </p>
   </div>
   <div class='ocr_carea' id='block_1_51' title="bbox 311 3352 1890 3428">
    <p class='ocr_par' dir='ltr' id='par_1_51' title="bbox 311 3352 1890 3428">
     <span class='ocr_line' id='line_1_51' title="bbox 311 3352 1890 3428; baseline -0.001 -18"><span class='ocrx_word' id='word_1_331' title='bbox 311 3356 481 3428; x_wconf 88' lang='grc' dir='ltr'><strong>σύνης</strong></span> <span class='ocrx_word' id='word_1_332' title='bbox 515 3354 802 3428; x_wconf 84' lang='grc' dir='ltr'><strong>πρόξενον,</strong></span> <span class='ocrx_word' id='word_1_333' title='bbox 835 3355 896 3409; x_wconf 74' lang='grc' dir='ltr'><strong>τὸ</strong></span> <span class='ocrx_word' id='word_1_334' title='bbox 945 3353 1043 3426; x_wconf 80' lang='grc' dir='ltr'><strong>τὴν</strong></span> <span class='ocrx_word' id='word_1_335' title='bbox 1075 3353 1334 3409; x_wconf 83' lang='grc' dir='ltr'><strong>ἁπάντων</strong></span> <span class='ocrx_word' id='word_1_336' title='bbox 1370 3352 1463 3408; x_wconf 82' lang='grc' dir='ltr'><strong>διὰ</strong></span> <span class='ocrx_word' id='word_1_337' title='bbox 1493 3353 1701 3418; x_wconf 81' lang='grc' dir='ltr'><strong>πάθους</strong></span> <span class='ocrx_word' id='word_1_338' title='bbox 1743 3356 1890 3412; x_wconf 76' lang='grc' dir='ltr'><strong>οἱκο-</strong></span> 
     </span>
    </p>
   </div>
   <div class='ocr_carea' id='block_1_52' title="bbox 309 3445 1892 3520">
    <p class='ocr_par' dir='ltr' id='par_1_52' title="bbox 309 3445 1892 3520">
     <span class='ocr_line' id='line_1_52' title="bbox 309 3445 1892 3520; baseline -0.002 -17"><span class='ocrx_word' id='word_1_339' title='bbox 309 3449 616 3520; x_wconf 75' lang='grc' dir='ltr'><strong>νομήσαντι</strong></span> <span class='ocrx_word' id='word_1_340' title='bbox 668 3447 971 3520; x_wconf 76' lang='grc' dir='ltr'><strong>σωτηρίαν,</strong></span> <span class='ocrx_word' id='word_1_341' title='bbox 1008 3447 1090 3512; x_wconf 81' lang='grc' dir='ltr'><strong>είς</strong></span> <span class='ocrx_word' id='word_1_342' title='bbox 1139 3463 1202 3502; x_wconf 84' lang='grc' dir='ltr'><strong>τε</strong></span> <span class='ocrx_word' id='word_1_343' title='bbox 1241 3447 1333 3501; x_wconf 79' lang='grc' dir='ltr'><strong>τὸν</strong></span> <span class='ocrx_word' id='word_1_344' title='bbox 1377 3449 1578 3502; x_wconf 82' lang='grc' dir='ltr'><strong>οίκεῖον</strong></span> <span class='ocrx_word' id='word_1_345' title='bbox 1607 3445 1798 3520; x_wconf 84' lang='grc' dir='ltr'><strong>θρόνον</strong></span> <span class='ocrx_word' id='word_1_346' title='bbox 1829 3447 1892 3501; x_wconf 79' lang='grc' dir='ltr'><strong>τὸ</strong></span> 
     </span>
    </p>
   </div>
   <div class='ocr_carea' id='block_1_53' title="bbox 311 3539 1892 3612">
    <p class='ocr_par' dir='ltr' id='par_1_53' title="bbox 311 3539 1892 3612">
     <span class='ocr_line' id='line_1_53' title="bbox 311 3539 1892 3612; baseline 0.001 -17"><span class='ocrx_word' id='word_1_347' title='bbox 311 3540 663 3612; x_wconf 78' lang='grc' dir='ltr'><strong>προσληφθὲν</strong></span> <span class='ocrx_word' id='word_1_348' title='bbox 741 3539 1143 3596; x_wconf 75' lang='grc' dir='ltr'><strong>ἀναδιδάσαντι</strong></span> <span class='ocrx_word' id='word_1_349' title='bbox 1205 3539 1456 3610; x_wconf 78' lang='grc' dir='ltr'><strong>φύραμα,</strong></span> <span class='ocrx_word' id='word_1_350' title='bbox 1520 3539 1759 3594; x_wconf 79' lang='grc' dir='ltr'><strong>συνεῖναί</strong></span> <span class='ocrx_word' id='word_1_351' title='bbox 1807 3547 1892 3597; x_wconf 82' lang='grc' dir='ltr'><strong>σοι</strong></span> 
     </span>
    </p>
   </div>
   <div class='ocr_carea' id='block_1_54' title="bbox 310 3631 1892 3706">
    <p class='ocr_par' dir='ltr' id='par_1_54' title="bbox 310 3631 1892 3706">
     <span class='ocr_line' id='line_1_54' title="bbox 310 3631 1892 3706; baseline 0 -20"><span class='ocrx_word' id='word_1_352' title='bbox 310 3631 543 3703; x_wconf 84' lang='grc' dir='ltr'><strong>νοητῶς,</strong></span> <span class='ocrx_word' id='word_1_353' title='bbox 588 3632 686 3688; x_wconf 77' lang='grc' dir='ltr'><strong>καὶ</strong></span> <span class='ocrx_word' id='word_1_354' title='bbox 737 3633 1092 3706; x_wconf 80' lang='grc' dir='ltr'><strong>προσομιλεῖν</strong></span> <span class='ocrx_word' id='word_1_355' title='bbox 1129 3633 1426 3698; x_wconf 78' lang='grc' dir='ltr'><strong>διαπαντός</strong></span> <span class='ocrx_word' id='word_1_356' title='bbox 1454 3649 1468 3664; x_wconf 92' lang='grc'><strong>·</strong></span> <span class='ocrx_word' id='word_1_357' title='bbox 1527 3633 1786 3705; x_wconf 74' lang='grc' dir='ltr'><strong>ὂτένομαι</strong></span> <span class='ocrx_word' id='word_1_358' title='bbox 1831 3633 1892 3687; x_wconf 81' lang='grc' dir='ltr'><strong>δὲ</strong></span> 
     </span>
    </p>
   </div>
   <div class='ocr_carea' id='block_1_55' title="bbox 310 3725 1893 3800">
    <p class='ocr_par' dir='ltr' id='par_1_55' title="bbox 310 3725 1893 3800">
     <span class='ocr_line' id='line_1_55' title="bbox 310 3725 1893 3800; baseline 0.003 -21"><span class='ocrx_word' id='word_1_359' title='bbox 310 3725 412 3779; x_wconf 77' lang='grc' dir='ltr'><strong>καὶ</strong></span> <span class='ocrx_word' id='word_1_360' title='bbox 435 3725 579 3794; x_wconf 76' lang='grc' dir='ltr'><strong>οὕτω</strong></span> <span class='ocrx_word' id='word_1_361' title='bbox 611 3725 678 3780; x_wconf 77' lang='grc' dir='ltr'><strong>τὰ</strong></span> <span class='ocrx_word' id='word_1_362' title='bbox 703 3725 1012 3798; x_wconf 82' lang='grc' dir='ltr'><strong>σπλάγχνα,</strong></span> <span class='ocrx_word' id='word_1_363' title='bbox 1044 3727 1384 3798; x_wconf 86' lang='grc' dir='ltr'><strong>όδυνώμενόν</strong></span> <span class='ocrx_word' id='word_1_364' title='bbox 1405 3744 1464 3781; x_wconf 83' lang='grc' dir='ltr'><strong>σε</strong></span> <span class='ocrx_word' id='word_1_365' title='bbox 1495 3728 1589 3782; x_wconf 71' lang='grc' dir='ltr'><strong>καὶ</strong></span> <span class='ocrx_word' id='word_1_366' title='bbox 1610 3727 1893 3800; x_wconf 83' lang='grc' dir='ltr'><strong>πάσχοντα</strong></span> 
     </span>
    </p>
   </div>
   <div class='ocr_carea' id='block_1_56' title="bbox 317 3816 1892 3892">
    <p class='ocr_par' dir='ltr' id='par_1_56' title="bbox 317 3816 1892 3892">
     <span class='ocr_line' id='line_1_56' title="bbox 317 3816 1892 3892; baseline 0.003 -22"><span class='ocrx_word' id='word_1_367' title='bbox 317 3817 484 3888; x_wconf 79' lang='grc' dir='ltr'><strong>σαρκὶ</strong></span> <span class='ocrx_word' id='word_1_368' title='bbox 513 3816 830 3888; x_wconf 81' lang='grc' dir='ltr'><strong>καθορῶσα,</strong></span> <span class='ocrx_word' id='word_1_369' title='bbox 851 3818 1069 3890; x_wconf 88' lang='grc' dir='ltr'><strong>μυρίοις</strong></span> <span class='ocrx_word' id='word_1_370' title='bbox 1095 3836 1155 3873; x_wconf 85' lang='grc' dir='ltr'><strong>τε</strong></span> <span class='ocrx_word' id='word_1_371' title='bbox 1185 3818 1294 3873; x_wconf 84' lang='grc' dir='ltr'><strong>τῶν</strong></span> <span class='ocrx_word' id='word_1_372' title='bbox 1320 3819 1590 3874; x_wconf 83' lang='grc' dir='ltr'><strong>συνόντων</strong></span> <span class='ocrx_word' id='word_1_373' title='bbox 1621 3820 1718 3874; x_wconf 75' lang='grc' dir='ltr'><strong>καὶ</strong></span> <span class='ocrx_word' id='word_1_374' title='bbox 1751 3836 1892 3892; x_wconf 82' lang='grc' dir='ltr'><strong>παρ-</strong></span> 
     </span>
    </p>
   </div>
   <div class='ocr_carea' id='block_1_57' title="bbox 315 3895 1894 3982">
    <p class='ocr_par' dir='ltr' id='par_1_57' title="bbox 315 3895 1894 3982">
     <span class='ocr_line' id='line_1_57' title="bbox 315 3895 1894 3982; baseline 0.001 -19"><span class='ocrx_word' id='word_1_375' title='bbox 315 3907 506 3963; x_wconf 77' lang='grc' dir='ltr'><strong>ιόντων</strong></span> <span class='ocrx_word' id='word_1_376' title='bbox 559 3908 886 3982; x_wconf 84' lang='grc' dir='ltr'><strong>βαλλόμενον</strong></span> <span class='ocrx_word' id='word_1_377' title='bbox 920 3899 1032 3976; x_wconf 78' lang='grc' dir='ltr'><strong>τοῖς</strong></span> <span class='ocrx_word' id='word_1_378' title='bbox 1054 3895 1302 3965; x_wconf 70' lang='grc' dir='ltr'><strong>’ὀνείδεσι</strong></span> <span class='ocrx_word' id='word_1_379' title='bbox 1329 3929 1346 3942; x_wconf 84' lang='grc'><strong>·</strong></span> <span class='ocrx_word' id='word_1_380' title='bbox 1401 3912 1496 3966; x_wconf 79' lang='grc' dir='ltr'><strong>κάι</strong></span> <span class='ocrx_word' id='word_1_381' title='bbox 1521 3909 1616 3976; x_wconf 78' lang='grc' dir='ltr'><strong>οὓς</strong></span> <span class='ocrx_word' id='word_1_382' title='bbox 1653 3911 1763 3966; x_wconf 79' lang='grc' dir='ltr'><strong>ἔδει</strong></span> <span class='ocrx_word' id='word_1_383' title='bbox 1790 3911 1894 3981; x_wconf 80' lang='grc' dir='ltr'><strong>τῆς</strong></span> 
     </span>
    </p>
   </div>
   <div class='ocr_carea' id='block_1_58' title="bbox 319 4001 1894 4074">
    <p class='ocr_par' dir='ltr' id='par_1_58' title="bbox 319 4001 1894 4074">
     <span class='ocr_line' id='line_1_58' title="bbox 319 4001 1894 4074; baseline 0.001 -20"><span class='ocrx_word' id='word_1_384' title='bbox 319 4001 563 4073; x_wconf 81' lang='grc' dir='ltr'><strong>μεγάλης</strong></span> <span class='ocrx_word' id='word_1_385' title='bbox 609 4002 916 4056; x_wconf 80' lang='grc' dir='ltr'><strong>ἀπόνασθαι</strong></span> <span class='ocrx_word' id='word_1_386' title='bbox 953 4001 1308 4074; x_wconf 81' lang='grc' dir='ltr'><strong>κηδεμονίας,</strong></span> <span class='ocrx_word' id='word_1_387' title='bbox 1364 4004 1508 4073; x_wconf 70' lang='grc' dir='ltr'><strong>σφᾶς</strong></span> <span class='ocrx_word' id='word_1_388' title='bbox 1553 4004 1782 4067; x_wconf 76' lang='grc' dir='ltr'><strong>ἑαυτοὺς</strong></span> <span class='ocrx_word' id='word_1_389' title='bbox 1811 4005 1894 4068; x_wconf 86' lang='grc' dir='ltr'><strong>είς</strong></span> 
     </span>
    </p>
   </div>
   <div class='ocr_carea' id='block_1_59' title="bbox 315 4087 1892 4166">
    <p class='ocr_par' dir='ltr' id='par_1_59' title="bbox 315 4087 1892 4166">
     <span class='ocr_line' id='line_1_59' title="bbox 315 4087 1892 4166; baseline 0.002 -19"><span class='ocrx_word' id='word_1_390' title='bbox 315 4094 493 4166; x_wconf 62' lang='grc' dir='ltr'><strong>τὸτῆς</strong></span> <span class='ocrx_word' id='word_1_391' title='bbox 521 4094 802 4159; x_wconf 78' lang='grc' dir='ltr'><strong>ἀπωλείας</strong></span> <span class='ocrx_word' id='word_1_392' title='bbox 839 4093 1118 4166; x_wconf 80' lang='grc' dir='ltr'><strong>βάραθρον</strong></span> <span class='ocrx_word' id='word_1_393' title='bbox 1147 4093 1546 4159; x_wconf 76' lang='grc' dir='ltr'><strong>συνωθοῦντας.</strong></span> <span class='ocrx_word' id='word_1_394' title='bbox 1581 4095 1720 4148; x_wconf 82' lang='grc' dir='ltr'><strong>Ἀλλ’</strong></span> <span class='ocrx_word' id='word_1_395' title='bbox 1745 4087 1892 4150; x_wconf 72' lang='grc' dir='ltr'><strong>οὗτοι</strong></span> 
     </span>
    </p>
   </div>
   <div class='ocr_carea' id='block_1_60' title="bbox 320 4186 1892 4260">
    <p class='ocr_par' dir='ltr' id='par_1_60' title="bbox 320 4186 1892 4260">
     <span class='ocr_line' id='line_1_60' title="bbox 320 4186 1892 4260; baseline 0.002 -19"><span class='ocrx_word' id='word_1_396' title='bbox 320 4188 439 4260; x_wconf 78' lang='grc' dir='ltr'><strong>μὲν,</strong></span> <span class='ocrx_word' id='word_1_397' title='bbox 474 4186 649 4252; x_wconf 81' lang='grc' dir='ltr'><strong>οὕτως</strong></span> <span class='ocrx_word' id='word_1_398' title='bbox 703 4187 916 4260; x_wconf 79' lang='grc' dir='ltr'><strong>αἱρέσει</strong></span> <span class='ocrx_word' id='word_1_399' title='bbox 962 4189 1029 4258; x_wconf 76' lang='grc' dir='ltr'><strong>τῇ</strong></span> <span class='ocrx_word' id='word_1_400' title='bbox 1073 4187 1352 4259; x_wconf 84' lang='grc' dir='ltr'><strong>μιαιφόνῳ</strong></span> <span class='ocrx_word' id='word_1_401' title='bbox 1409 4186 1781 4243; x_wconf 78' lang='grc' dir='ltr'><strong>διατίθενταιο</strong></span> <span class='ocrx_word' id='word_1_402' title='bbox 1826 4189 1892 4244; x_wconf 76' lang='grc' dir='ltr'><strong>σὺ</strong></span> 
     </span>
    </p>
   </div>
   <div class='ocr_carea' id='block_1_61' title="bbox 313 4278 1894 4353">
    <p class='ocr_par' dir='ltr' id='par_1_61' title="bbox 313 4278 1894 4353">
     <span class='ocr_line' id='line_1_61' title="bbox 313 4278 1894 4353; baseline 0.001 -19"><span class='ocrx_word' id='word_1_403' title='bbox 313 4279 392 4346; x_wconf 78' lang='grc' dir='ltr'><strong>δι,</strong></span> <span class='ocrx_word' id='word_1_404' title='bbox 423 4278 667 4353; x_wconf 27' lang='grc' dir='ltr'><strong>ἐφθέγξαι</strong></span> <span class='ocrx_word' id='word_1_405' title='bbox 701 4295 754 4333; x_wconf 87' lang='grc' dir='ltr'><strong>τι</strong></span> <span class='ocrx_word' id='word_1_406' title='bbox 787 4280 858 4352; x_wconf 78' lang='grc' dir='ltr'><strong>τῇ</strong></span> <span class='ocrx_word' id='word_1_407' title='bbox 905 4279 1095 4351; x_wconf 74' lang='grc' dir='ltr'><strong>Μητρὶ</strong></span> <span class='ocrx_word' id='word_1_408' title='bbox 1131 4279 1552 4351; x_wconf 86' lang='grc' dir='ltr'><strong>συντακτήριον,</strong></span> <span class='ocrx_word' id='word_1_409' title='bbox 1605 4282 1634 4335; x_wconf 87' lang='grc' dir='ltr'><strong>ό</strong></span> <span class='ocrx_word' id='word_1_410' title='bbox 1663 4281 1894 4353; x_wconf 78' lang='grc' dir='ltr'><strong>μηδενὸς</strong></span> 
     </span>
    </p>
   </div>
   <div class='ocr_carea' id='block_1_62' title="bbox 313 4369 1895 4443">
    <p class='ocr_par' dir='ltr' id='par_1_62' title="bbox 313 4369 1895 4443">
     <span class='ocr_line' id='line_1_62' title="bbox 313 4369 1895 4443; baseline 0.003 -18"><span class='ocrx_word' id='word_1_411' title='bbox 313 4371 424 4426; x_wconf 86' lang='grc' dir='ltr'><strong>τῶν</strong></span> <span class='ocrx_word' id='word_1_412' title='bbox 452 4369 625 4428; x_wconf 71' lang='grc' dir='ltr'><strong>ὄντων</strong></span> <span class='ocrx_word' id='word_1_413' title='bbox 656 4369 1120 4443; x_wconf 79' lang='grc' dir='ltr'><strong>ἀπολειπόμενος·</strong></span> <span class='ocrx_word' id='word_1_414' title='bbox 1151 4371 1386 4442; x_wconf 78' lang='grc' dir='ltr'><strong>φθέγξαι</strong></span> <span class='ocrx_word' id='word_1_415' title='bbox 1428 4372 1604 4442; x_wconf 74' lang='grc' dir='ltr'><strong>γλυκὺ</strong></span> <span class='ocrx_word' id='word_1_416' title='bbox 1635 4375 1728 4429; x_wconf 79' lang='grc' dir='ltr'><strong>καὶ</strong></span> <span class='ocrx_word' id='word_1_417' title='bbox 1758 4375 1895 4440; x_wconf 70' lang='lat' dir='ltr'><strong>Cmo-</strong></span> 
     </span>
    </p>
   </div>
   <div class='ocr_carea' id='block_1_63' title="bbox 1984 1889 3563 1962">
    <p class='ocr_par' dir='ltr' id='par_1_63' title="bbox 1984 1889 3563 1962">
     <span class='ocr_line' id='line_1_63' title="bbox 1984 1889 3563 1962; baseline -0.001 -15"><span class='ocrx_word' id='word_1_418' title='bbox 1984 1889 2242 1947; x_wconf 82' lang='lat' dir='ltr'><strong>meltiﬂua</strong></span> <span class='ocrx_word' id='word_1_419' title='bbox 2282 1891 2448 1957; x_wconf 88' lang='lat' dir='ltr'><strong>labia,</strong></span> <span class='ocrx_word' id='word_1_420' title='bbox 2489 1892 2700 1962; x_wconf 84' lang='lat' dir='ltr'><strong>‘quibus</strong></span> <span class='ocrx_word' id='word_1_421' title='bbox 2743 1906 2916 1962; x_wconf 86' lang='lat' dir='ltr'><strong>nuper</strong></span> <span class='ocrx_word' id='word_1_422' title='bbox 2953 1892 3262 1946; x_wconf 85' lang='lat' dir='ltr'><strong>suscitabas</strong></span> <span class='ocrx_word' id='word_1_423' title='bbox 3291 1902 3563 1954; x_wconf 83' lang='lat' dir='ltr'><strong>mortuos,</strong></span> 
     </span>
    </p>
   </div>
   <div class='ocr_carea' id='block_1_64' title="bbox 1986 1983 3563 2052">
    <p class='ocr_par' dir='ltr' id='par_1_64' title="bbox 1986 1983 3563 2052">
     <span class='ocr_line' id='line_1_64' title="bbox 1986 1983 3563 2052; baseline 0 -16"><span class='ocrx_word' id='word_1_424' title='bbox 1986 1997 2049 2038; x_wconf 87' lang='lat' dir='ltr'><strong>ac</strong></span> <span class='ocrx_word' id='word_1_425' title='bbox 2080 1983 2420 2039; x_wconf 66' lang='lat' dir='ltr'><strong>daemonibus</strong></span> <span class='ocrx_word' id='word_1_426' title='bbox 2465 1983 2792 2052; x_wconf 85' lang='lat' dir='ltr'><strong>imperabas,</strong></span> <span class='ocrx_word' id='word_1_427' title='bbox 2819 1983 2904 2038; x_wconf 77' lang='lat' dir='ltr'><strong>vel</strong></span> <span class='ocrx_word' id='word_1_428' title='bbox 2934 1983 3000 2038; x_wconf 88' lang='lat' dir='ltr'><strong>ad</strong></span> <span class='ocrx_word' id='word_1_429' title='bbox 3035 1985 3308 2039; x_wconf 86' lang='lat' dir='ltr'><strong>modicum</strong></span> <span class='ocrx_word' id='word_1_430' title='bbox 3343 1983 3563 2038; x_wconf 83' lang='lat' dir='ltr'><strong>silentia</strong></span> 
     </span>
    </p>
   </div>
   <div class='ocr_carea' id='block_1_65' title="bbox 1981 2075 3077 2130">
    <p class='ocr_par' dir='ltr' id='par_1_65' title="bbox 1981 2075 3077 2130">
     <span class='ocr_line' id='line_1_65' title="bbox 1981 2075 3077 2130; baseline -0.005 0"><span class='ocrx_word' id='word_1_431' title='bbox 1981 2075 2235 2130; x_wconf 77' lang='lat' dir='ltr'><strong>videam?</strong></span> <span class='ocrx_word' id='word_1_432' title='bbox 2275 2093 2295 2128; x_wconf 76' lang='grc' dir='ltr'><strong>ι</strong></span> <span class='ocrx_word' id='word_1_433' title='bbox 3049 2109 3077 2124; x_wconf 66' lang='grc' dir='ltr'><strong><em>ρ</em></strong></span> 
     </span>
    </p>
   </div>
   <div class='ocr_carea' id='block_1_66' title="bbox 2062 2165 3568 2234">
    <p class='ocr_par' dir='ltr' id='par_1_66' title="bbox 2062 2165 3568 2234">
     <span class='ocr_line' id='line_1_66' title="bbox 2062 2165 3568 2234; baseline 0 -14"><span class='ocrx_word' id='word_1_434' title='bbox 2062 2184 2082 2220; x_wconf 79' lang='grc' dir='ltr'><strong>ι</strong></span> <span class='ocrx_word' id='word_1_435' title='bbox 2113 2167 2227 2222; x_wconf 75' lang='lat' dir='ltr'><strong>&#39;Abi</strong></span> <span class='ocrx_word' id='word_1_436' title='bbox 2280 2166 2676 2234; x_wconf 85' lang='lat' dir='ltr'><strong>nihilominus,</strong></span> <span class='ocrx_word' id='word_1_437' title='bbox 2722 2165 2984 2232; x_wconf 87' lang='lat' dir='ltr'><strong>Domine,</strong></span> <span class='ocrx_word' id='word_1_438' title='bbox 3037 2165 3370 2221; x_wconf 86' lang='lat' dir='ltr'><strong>inell&#39;abilem</strong></span> <span class='ocrx_word' id='word_1_439' title='bbox 3423 2167 3568 2226; x_wconf 84' lang='lat' dir='ltr'><strong>hanc</strong></span> 
     </span>
    </p>
   </div>
   <div class='ocr_carea' id='block_1_67' title="bbox 1989 2234 3687 2336">
    <p class='ocr_par' dir='ltr' id='par_1_67' title="bbox 1989 2234 3687 2336">
     <span class='ocr_line' id='line_1_67' title="bbox 1989 2234 3687 2336; baseline -0.003 -20"><span class='ocrx_word' id='word_1_440' title='bbox 1989 2259 2454 2330; x_wconf 88' lang='lat' dir='ltr'><strong>dispensationem</strong></span> <span class='ocrx_word' id='word_1_441' title='bbox 2496 2258 2824 2328; x_wconf 88' lang='lat' dir='ltr'><strong>impleturus</strong></span> <span class='ocrx_word' id='word_1_442' title='bbox 2869 2276 2884 2312; x_wconf 89' lang='lat'><strong>:</strong></span> <span class='ocrx_word' id='word_1_443' title='bbox 2922 2258 3032 2324; x_wconf 87' lang='lat' dir='ltr'><strong>abi,</strong></span> <span class='ocrx_word' id='word_1_444' title='bbox 3065 2258 3210 2312; x_wconf 89' lang='lat' dir='ltr'><strong>bono</strong></span> <span class='ocrx_word' id='word_1_445' title='bbox 3243 2259 3388 2312; x_wconf 92' lang='lat' dir='ltr'><strong>omni</strong></span> <span class='ocrx_word' id='word_1_446' title='bbox 3426 2258 3574 2314; x_wconf 80' lang='lat' dir='ltr'><strong>desi-</strong></span> 
     </span>
    </p>
   </div>
   <div class='ocr_carea' id='block_1_68' title="bbox 1985 2349 3684 2429">
    <p class='ocr_par' dir='ltr' id='par_1_68' title="bbox 1985 2349 3684 2429">
     <span class='ocr_line' id='line_1_68' title="bbox 1985 2349 3684 2429; baseline -0.001 -21"><span class='ocrx_word' id='word_1_447' title='bbox 1985 2349 2280 2408; x_wconf 82' lang='lat' dir='ltr'><strong>derabilier</strong></span> <span class='ocrx_word' id='word_1_448' title='bbox 2313 2350 2440 2415; x_wconf 74' lang='lat' dir='ltr'><strong>Fili,</strong></span> <span class='ocrx_word' id='word_1_449' title='bbox 2487 2364 2545 2404; x_wconf 90' lang='lat' dir='ltr'><strong>ut</strong></span> <span class='ocrx_word' id='word_1_450' title='bbox 2579 2366 2882 2420; x_wconf 79' lang='lat' dir='ltr'><strong>congruum</strong></span> <span class='ocrx_word' id='word_1_451' title='bbox 2919 2351 3015 2405; x_wconf 86' lang='lat' dir='ltr'><strong>tibi</strong></span> <span class='ocrx_word' id='word_1_452' title='bbox 3061 2351 3323 2404; x_wconf 85' lang='lat' dir='ltr'><strong>honorem</strong></span> <span class='ocrx_word' id='word_1_453' title='bbox 3371 2364 3570 2405; x_wconf 90' lang='lat' dir='ltr'><strong>conse-</strong></span> 
     </span>
    </p>
   </div>
   <div class='ocr_carea' id='block_1_69' title="bbox 1978 2439 3674 2514">
    <p class='ocr_par' dir='ltr' id='par_1_69' title="bbox 1978 2439 3674 2514">
     <span class='ocr_line' id='line_1_69' title="bbox 1978 2439 3674 2514; baseline -0.001 -21"><span class='ocrx_word' id='word_1_454' title='bbox 1978 2444 2192 2514; x_wconf 74' lang='lat' dir='ltr'><strong>quaris.</strong></span> <span class='ocrx_word' id='word_1_455' title='bbox 2229 2439 2343 2498; x_wconf 82' lang='lat' dir='ltr'><strong>Nec</strong></span> <span class='ocrx_word' id='word_1_456' title='bbox 2375 2441 2518 2498; x_wconf 91' lang='lat' dir='ltr'><strong>enim</strong></span> <span class='ocrx_word' id='word_1_457' title='bbox 2564 2441 2677 2512; x_wconf 84' lang='lat' dir='ltr'><strong>jam</strong></span> <span class='ocrx_word' id='word_1_458' title='bbox 2712 2452 2764 2497; x_wconf 91' lang='lat' dir='ltr'><strong>te</strong></span> <span class='ocrx_word' id='word_1_459' title='bbox 2792 2441 3027 2510; x_wconf 87' lang='lat' dir='ltr'><strong>amplius</strong></span> <span class='ocrx_word' id='word_1_460' title='bbox 3056 2439 3417 2508; x_wconf 80' lang='lat' dir='ltr'><strong>corporaliter</strong></span> <span class='ocrx_word' id='word_1_461' title='bbox 3447 2455 3565 2496; x_wconf 85' lang='lat' dir='ltr'><strong>smn</strong></span> <span class='ocrx_word' id='word_1_462' title='bbox 3643 2446 3674 2452; x_wconf 81' lang='lat'>&quot;</span> 
     </span>
    </p>
   </div>
   <div class='ocr_carea' id='block_1_70' title="bbox 1990 2531 3570 2606">
    <p class='ocr_par' dir='ltr' id='par_1_70' title="bbox 1990 2531 3570 2606">
     <span class='ocr_line' id='line_1_70' title="bbox 1990 2531 3570 2606; baseline -0.003 -14"><span class='ocrx_word' id='word_1_463' title='bbox 1990 2535 2357 2606; x_wconf 79' lang='lat' dir='ltr'><strong>am&#39;plexatura</strong></span> <span class='ocrx_word' id='word_1_464' title='bbox 2386 2535 2550 2589; x_wconf 87' lang='lat' dir='ltr'><strong>decus</strong></span> <span class='ocrx_word' id='word_1_465' title='bbox 2579 2549 2760 2588; x_wconf 90' lang='lat' dir='ltr'><strong>meum</strong></span> <span class='ocrx_word' id='word_1_466' title='bbox 2793 2549 2808 2586; x_wconf 87' lang='lat'><strong>:</strong></span> <span class='ocrx_word' id='word_1_467' title='bbox 2844 2547 3008 2603; x_wconf 79' lang='lat' dir='ltr'><strong>qttam</strong></span> <span class='ocrx_word' id='word_1_468' title='bbox 3045 2531 3194 2586; x_wconf 88' lang='lat' dir='ltr'><strong>enim</strong></span> <span class='ocrx_word' id='word_1_469' title='bbox 3222 2531 3570 2600; x_wconf 82' lang='lat' dir='ltr'><strong>assumpsisti</strong></span> 
     </span>
    </p>
   </div>
   <div class='ocr_carea' id='block_1_71' title="bbox 1990 2622 3567 2690">
    <p class='ocr_par' dir='ltr' id='par_1_71' title="bbox 1990 2622 3567 2690">
     <span class='ocr_line' id='line_1_71' title="bbox 1990 2622 3567 2690; baseline -0.003 -10"><span class='ocrx_word' id='word_1_470' title='bbox 1990 2639 2290 2690; x_wconf 88' lang='lat' dir='ltr'><strong>naturam,</strong></span> <span class='ocrx_word' id='word_1_471' title='bbox 2344 2625 2527 2680; x_wconf 81' lang='lat' dir='ltr'><strong>divina</strong></span> <span class='ocrx_word' id='word_1_472' title='bbox 2587 2633 2674 2678; x_wconf 82' lang='lat' dir='ltr'><strong>tua</strong></span> <span class='ocrx_word' id='word_1_473' title='bbox 2721 2623 2852 2678; x_wconf 87' lang='lat' dir='ltr'><strong>sede</strong></span> <span class='ocrx_word' id='word_1_474' title='bbox 2903 2623 3191 2678; x_wconf 88' lang='lat' dir='ltr'><strong>sublimem</strong></span> <span class='ocrx_word' id='word_1_475' title='bbox 3243 2622 3567 2679; x_wconf 84' lang='lat' dir='ltr'><strong>collocatam</strong></span> 
     </span>
    </p>
   </div>
   <div class='ocr_carea' id='block_1_72' title="bbox 1989 2715 3569 2787">
    <p class='ocr_par' dir='ltr' id='par_1_72' title="bbox 1989 2715 3569 2787">
     <span class='ocr_line' id='line_1_72' title="bbox 1989 2715 3569 2787; baseline -0.002 -12"><span class='ocrx_word' id='word_1_476' title='bbox 1989 2719 2175 2776; x_wconf 83' lang='lat' dir='ltr'><strong>habes.</strong></span> <span class='ocrx_word' id='word_1_477' title='bbox 2209 2718 2324 2773; x_wconf 81' lang='lat' dir='ltr'><strong>Non</strong></span> <span class='ocrx_word' id='word_1_478' title='bbox 2339 2717 2450 2787; x_wconf 86' lang='lat' dir='ltr'><strong>jam</strong></span> <span class='ocrx_word' id='word_1_479' title='bbox 2469 2717 2701 2786; x_wconf 89' lang='lat' dir='ltr'><strong>amplius</strong></span> <span class='ocrx_word' id='word_1_480' title='bbox 2727 2727 3094 2772; x_wconf 90' lang='lat' dir='ltr'><strong>matcrnarum</strong></span> <span class='ocrx_word' id='word_1_481' title='bbox 3115 2715 3292 2771; x_wconf 87' lang='lat' dir='ltr'><strong>ol&#39;licio</strong></span> <span class='ocrx_word' id='word_1_482' title='bbox 3313 2729 3569 2772; x_wconf 86' lang='lat' dir='ltr'><strong>manuum</strong></span> 
     </span>
    </p>
   </div>
   <div class='ocr_carea' id='block_1_73' title="bbox 1987 2810 3570 2881">
    <p class='ocr_par' dir='ltr' id='par_1_73' title="bbox 1987 2810 3570 2881">
     <span class='ocr_line' id='line_1_73' title="bbox 1987 2810 3570 2881; baseline -0.001 -13"><span class='ocrx_word' id='word_1_483' title='bbox 1987 2821 2244 2868; x_wconf 86' lang='lat' dir='ltr'><strong>ornatura</strong></span> <span class='ocrx_word' id='word_1_484' title='bbox 2281 2827 2402 2868; x_wconf 88' lang='lat' dir='ltr'><strong>sum</strong></span> <span class='ocrx_word' id='word_1_485' title='bbox 2433 2825 2631 2881; x_wconf 86' lang='lat' dir='ltr'><strong>corpus</strong></span> <span class='ocrx_word' id='word_1_486' title='bbox 2657 2820 2807 2864; x_wconf 89' lang='lat' dir='ltr'><strong>tuum</strong></span> <span class='ocrx_word' id='word_1_487' title='bbox 2835 2827 2851 2878; x_wconf 88' lang='lat'><strong>;</strong></span> <span class='ocrx_word' id='word_1_488' title='bbox 2885 2811 3087 2880; x_wconf 87' lang='lat' dir='ltr'><strong>quippe</strong></span> <span class='ocrx_word' id='word_1_489' title='bbox 3123 2810 3306 2865; x_wconf 83' lang='lat' dir='ltr'><strong>elevas</strong></span> <span class='ocrx_word' id='word_1_490' title='bbox 3337 2811 3404 2864; x_wconf 86' lang='lat' dir='ltr'><strong>ad</strong></span> <span class='ocrx_word' id='word_1_491' title='bbox 3439 2824 3570 2878; x_wconf 88' lang='lat' dir='ltr'><strong>pro-</strong></span> 
     </span>
    </p>
   </div>
   <div class='ocr_carea' id='block_1_74' title="bbox 1989 2902 3571 2974">
    <p class='ocr_par' dir='ltr' id='par_1_74' title="bbox 1989 2902 3571 2974">
     <span class='ocr_line' id='line_1_74' title="bbox 1989 2902 3571 2974; baseline -0.001 -18"><span class='ocrx_word' id='word_1_492' title='bbox 1989 2903 2159 2972; x_wconf 86' lang='lat' dir='ltr'><strong>priam</strong></span> <span class='ocrx_word' id='word_1_493' title='bbox 2186 2902 2436 2972; x_wconf 75' lang='lat' dir='ltr'><strong>gloriam,</strong></span> <span class='ocrx_word' id='word_1_494' title='bbox 2472 2904 2562 2972; x_wconf 90' lang='lat' dir='ltr'><strong>qui</strong></span> <span class='ocrx_word' id='word_1_495' title='bbox 2593 2919 2621 2957; x_wconf 92' lang='lat' dir='ltr'><strong>a</strong></span> <span class='ocrx_word' id='word_1_496' title='bbox 2655 2903 2827 2972; x_wconf 85' lang='lat' dir='ltr'><strong>prima</strong></span> <span class='ocrx_word' id='word_1_497' title='bbox 2865 2903 3036 2974; x_wconf 80' lang='lat' dir='ltr'><strong>gloria</strong></span> <span class='ocrx_word' id='word_1_498' title='bbox 3074 2917 3350 2972; x_wconf 87' lang='lat' dir='ltr'><strong>nunquam</strong></span> <span class='ocrx_word' id='word_1_499' title='bbox 3389 2917 3571 2956; x_wconf 77' lang='lat' dir='ltr'><strong>reces-</strong></span> 
     </span>
    </p>
   </div>
   <div class='ocr_carea' id='block_1_75' title="bbox 1987 2993 3572 3064">
    <p class='ocr_par' dir='ltr' id='par_1_75' title="bbox 1987 2993 3572 3064">
     <span class='ocr_line' id='line_1_75' title="bbox 1987 2993 3572 3064; baseline -0.001 -15"><span class='ocrx_word' id='word_1_500' title='bbox 1987 2994 2124 3049; x_wconf 86' lang='lat' dir='ltr'><strong>sisti.</strong></span> <span class='ocrx_word' id='word_1_501' title='bbox 2153 2995 2475 3063; x_wconf 83' lang='lat' dir='ltr'><strong>Quanquam</strong></span> <span class='ocrx_word' id='word_1_502' title='bbox 2507 2995 2652 3048; x_wconf 91' lang='lat' dir='ltr'><strong>enim</strong></span> <span class='ocrx_word' id='word_1_503' title='bbox 2681 2996 2900 3050; x_wconf 86' lang='lat' dir='ltr'><strong>deitatis</strong></span> <span class='ocrx_word' id='word_1_504' title='bbox 2929 2996 3216 3064; x_wconf 62' lang='lat' dir='ltr'><strong>praestantia</strong></span> <span class='ocrx_word' id='word_1_505' title='bbox 3247 2993 3572 3048; x_wconf 65' lang='lat' dir='ltr'><strong>curuli-latro</strong></span> 
     </span>
    </p>
   </div>
   <div class='ocr_carea' id='block_1_76' title="bbox 1957 3081 3572 3153">
    <p class='ocr_par' dir='ltr' id='par_1_76' title="bbox 1957 3081 3572 3153">
     <span class='ocr_line' id='line_1_76' title="bbox 1957 3081 3572 3153; baseline 0.001 -16"><span class='ocrx_word' id='word_1_506' title='bbox 1957 3081 2314 3140; x_wconf 73' lang='lat' dir='ltr'><strong>&#39;versaturus</strong></span> <span class='ocrx_word' id='word_1_507' title='bbox 2345 3085 2440 3148; x_wconf 87' lang='lat' dir='ltr'><strong>sis,</strong></span> <span class='ocrx_word' id='word_1_508' title='bbox 2485 3099 2592 3138; x_wconf 89' lang='lat' dir='ltr'><strong>non</strong></span> <span class='ocrx_word' id='word_1_509' title='bbox 2623 3093 2804 3140; x_wconf 88' lang='lat' dir='ltr'><strong>tamen</strong></span> <span class='ocrx_word' id='word_1_510' title='bbox 2839 3094 2898 3139; x_wconf 91' lang='grc' dir='ltr'><strong>ιιι</strong></span> <span class='ocrx_word' id='word_1_511' title='bbox 2931 3085 3092 3153; x_wconf 83' lang='grc' dir='ltr'><strong>οΙὶιιι;</strong></span> <span class='ocrx_word' id='word_1_512' title='bbox 3126 3101 3233 3140; x_wconf 88' lang='lat' dir='ltr'><strong>non</strong></span> <span class='ocrx_word' id='word_1_513' title='bbox 3260 3087 3332 3140; x_wconf 88' lang='lat' dir='ltr'><strong>ita</strong></span> <span class='ocrx_word' id='word_1_514' title='bbox 3361 3093 3417 3140; x_wconf 90' lang='lat' dir='ltr'><strong>nt</strong></span> <span class='ocrx_word' id='word_1_515' title='bbox 3451 3101 3572 3138; x_wconf 85' lang='lat' dir='ltr'><strong>aut-</strong></span> 
     </span>
    </p>
   </div>
   <div class='ocr_carea' id='block_1_77' title="bbox 1991 3175 3569 3248">
    <p class='ocr_par' dir='ltr' id='par_1_77' title="bbox 1991 3175 3569 3248">
     <span class='ocr_line' id='line_1_77' title="bbox 1991 3175 3569 3248; baseline 0 -18"><span class='ocrx_word' id='word_1_516' title='bbox 1991 3175 2266 3244; x_wconf 83' lang='lat' dir='ltr'><strong>plexelur;</strong></span> <span class='ocrx_word' id='word_1_517' title='bbox 2299 3185 2360 3230; x_wconf 93' lang='lat' dir='ltr'><strong>ut</strong></span> <span class='ocrx_word' id='word_1_518' title='bbox 2393 3176 2536 3231; x_wconf 87' lang='lat' dir='ltr'><strong>dulci</strong></span> <span class='ocrx_word' id='word_1_519' title='bbox 2584 3185 2680 3232; x_wconf 87' lang='lat' dir='ltr'><strong>tuo</strong></span> <span class='ocrx_word' id='word_1_520' title='bbox 2713 3185 2936 3246; x_wconf 87' lang='lat' dir='ltr'><strong>aspectu</strong></span> <span class='ocrx_word' id='word_1_521' title='bbox 2983 3175 3188 3248; x_wconf 76' lang='lat' dir='ltr'><strong>jugiter</strong></span> <span class='ocrx_word' id='word_1_522' title='bbox 3227 3177 3569 3248; x_wconf 81' lang='lat' dir='ltr'><strong>perfruatur;</strong></span> 
     </span>
    </p>
   </div>
   <div class='ocr_carea' id='block_1_78' title="bbox 1992 3249 3572 3338">
    <p class='ocr_par' dir='ltr' id='par_1_78' title="bbox 1992 3249 3572 3338">
     <span class='ocr_line' id='line_1_78' title="bbox 1992 3249 3572 3338; baseline 0.003 -19"><span class='ocrx_word' id='word_1_523' title='bbox 1992 3273 2050 3319; x_wconf 93' lang='grc' dir='ltr'><strong>ιιι</strong></span> <span class='ocrx_word' id='word_1_524' title='bbox 2074 3279 2338 3336; x_wconf 90' lang='lat' dir='ltr'><strong>corporeo</strong></span> <span class='ocrx_word' id='word_1_525' title='bbox 2368 3275 2460 3320; x_wconf 90' lang='lat' dir='ltr'><strong>tuo</strong></span> <span class='ocrx_word' id='word_1_526' title='bbox 2503 3267 2701 3321; x_wconf 89' lang='lat' dir='ltr'><strong>decore</strong></span> <span class='ocrx_word' id='word_1_527' title='bbox 2737 3249 3058 3322; x_wconf 74' lang='lat' dir='ltr'><strong>delectetur.</strong></span> <span class='ocrx_word' id='word_1_528' title='bbox 3097 3269 3174 3322; x_wconf 81' lang='lat' dir='ltr'><strong>Ac</strong></span> <span class='ocrx_word' id='word_1_529' title='bbox 3203 3269 3449 3338; x_wconf 88' lang='lat' dir='ltr'><strong>quidem,</strong></span> <span class='ocrx_word' id='word_1_530' title='bbox 3480 3285 3572 3324; x_wconf 85' lang='lat' dir='ltr'><strong>su-</strong></span> 
     </span>
    </p>
   </div>
   <div class='ocr_carea' id='block_1_79' title="bbox 1991 3341 3570 3426">
    <p class='ocr_par' dir='ltr' id='par_1_79' title="bbox 1991 3341 3570 3426">
     <span class='ocr_line' id='line_1_79' title="bbox 1991 3341 3570 3426; baseline 0.006 -17"><span class='ocrx_word' id='word_1_531' title='bbox 1991 3341 2192 3426; x_wconf 66' lang='lat' dir='ltr'><strong>premae</strong></span> <span class='ocrx_word' id='word_1_532' title='bbox 2243 3355 2374 3410; x_wconf 87' lang='lat' dir='ltr'><strong>mihi</strong></span> <span class='ocrx_word' id='word_1_533' title='bbox 2426 3355 2614 3426; x_wconf 66' lang='lat' dir='ltr'><strong>gloria:</strong></span> <span class='ocrx_word' id='word_1_534' title='bbox 2640 3372 2704 3411; x_wconf 86' lang='lat' dir='ltr'><strong>ac</strong></span> <span class='ocrx_word' id='word_1_535' title='bbox 2738 3357 2944 3412; x_wconf 62' lang='lat' dir='ltr'><strong>latitius</strong></span> <span class='ocrx_word' id='word_1_536' title='bbox 2973 3373 3138 3412; x_wconf 90' lang='lat' dir='ltr'><strong>causa</strong></span> <span class='ocrx_word' id='word_1_537' title='bbox 3169 3361 3264 3426; x_wconf 89' lang='lat' dir='ltr'><strong>sit,</strong></span> <span class='ocrx_word' id='word_1_538' title='bbox 3299 3371 3358 3416; x_wconf 83' lang='lat' dir='ltr'><strong>ut</strong></span> <span class='ocrx_word' id='word_1_539' title='bbox 3391 3373 3570 3418; x_wconf 85' lang='lat' dir='ltr'><strong>tecum</strong></span> 
     </span>
    </p>
   </div>
   <div class='ocr_carea' id='block_1_80' title="bbox 1991 3448 3571 3520">
    <p class='ocr_par' dir='ltr' id='par_1_80' title="bbox 1991 3448 3571 3520">
     <span class='ocr_line' id='line_1_80' title="bbox 1991 3448 3571 3520; baseline 0.003 -18"><span class='ocrx_word' id='word_1_540' title='bbox 1991 3448 2174 3502; x_wconf 86' lang='lat' dir='ltr'><strong>animo</strong></span> <span class='ocrx_word' id='word_1_541' title='bbox 2207 3449 2416 3512; x_wconf 81' lang='lat' dir='ltr'><strong>verser,</strong></span> <span class='ocrx_word' id='word_1_542' title='bbox 2451 3458 2612 3517; x_wconf 85' lang='lat' dir='ltr'><strong>teque</strong></span> <span class='ocrx_word' id='word_1_543' title='bbox 2659 3449 2920 3505; x_wconf 84' lang='lat' dir='ltr'><strong>cuntinue</strong></span> <span class='ocrx_word' id='word_1_544' title='bbox 2953 3449 3224 3520; x_wconf 82' lang='lat' dir='ltr'><strong>alloquar,</strong></span> <span class='ocrx_word' id='word_1_545' title='bbox 3280 3463 3456 3506; x_wconf 89' lang='lat' dir='ltr'><strong>morte</strong></span> <span class='ocrx_word' id='word_1_546' title='bbox 3482 3463 3571 3507; x_wconf 76' lang='lat' dir='ltr'><strong>tua</strong></span> 
     </span>
    </p>
   </div>
   <div class='ocr_carea' id='block_1_81' title="bbox 1994 3540 3574 3610">
    <p class='ocr_par' dir='ltr' id='par_1_81' title="bbox 1994 3540 3574 3610">
     <span class='ocr_line' id='line_1_81' title="bbox 1994 3540 3574 3610; baseline 0.002 -16"><span class='ocrx_word' id='word_1_547' title='bbox 1994 3541 2375 3594; x_wconf 87' lang='lat' dir='ltr'><strong>universorum</strong></span> <span class='ocrx_word' id='word_1_548' title='bbox 2433 3540 2596 3596; x_wconf 83' lang='lat' dir='ltr'><strong>saluti</strong></span> <span class='ocrx_word' id='word_1_549' title='bbox 2637 3541 2862 3610; x_wconf 73' lang='lat' dir='ltr'><strong>provide</strong></span> <span class='ocrx_word' id='word_1_550' title='bbox 2915 3541 3314 3609; x_wconf 89' lang='lat' dir='ltr'><strong>consulentem,</strong></span> <span class='ocrx_word' id='word_1_551' title='bbox 3367 3557 3574 3598; x_wconf 84' lang='lat' dir='ltr'><strong>assum-</strong></span> 
     </span>
    </p>
   </div>
   <div class='ocr_carea' id='block_1_82' title="bbox 1993 3632 3574 3703">
    <p class='ocr_par' dir='ltr' id='par_1_82' title="bbox 1993 3632 3574 3703">
     <span class='ocr_line' id='line_1_82' title="bbox 1993 3632 3574 3703; baseline 0.003 -18"><span class='ocrx_word' id='word_1_552' title='bbox 1993 3639 2251 3702; x_wconf 80' lang='lat' dir='ltr'><strong>ptamque</strong></span> <span class='ocrx_word' id='word_1_553' title='bbox 2283 3632 2727 3702; x_wconf 84' lang='lat' dir='ltr'><strong>conspersioncm</strong></span> <span class='ocrx_word' id='word_1_554' title='bbox 2763 3633 2818 3686; x_wconf 85' lang='lat' dir='ltr'><strong>in</strong></span> <span class='ocrx_word' id='word_1_555' title='bbox 2849 3632 3034 3688; x_wconf 87' lang='lat' dir='ltr'><strong>sedem</strong></span> <span class='ocrx_word' id='word_1_556' title='bbox 3089 3635 3368 3703; x_wconf 81' lang='lat' dir='ltr'><strong>propriam</strong></span> <span class='ocrx_word' id='word_1_557' title='bbox 3401 3635 3574 3690; x_wconf 85' lang='lat' dir='ltr'><strong>suble-</strong></span> 
     </span>
    </p>
   </div>
   <div class='ocr_carea' id='block_1_83' title="bbox 1986 3726 3570 3798">
    <p class='ocr_par' dir='ltr' id='par_1_83' title="bbox 1986 3726 3570 3798">
     <span class='ocr_line' id='line_1_83' title="bbox 1986 3726 3570 3798; baseline 0.002 -19"><span class='ocrx_word' id='word_1_558' title='bbox 1986 3735 2209 3780; x_wconf 82' lang='lat' dir='ltr'><strong>vantem</strong></span> <span class='ocrx_word' id='word_1_559' title='bbox 2241 3741 2254 3780; x_wconf 90' lang='lat'><strong>:</strong></span> <span class='ocrx_word' id='word_1_560' title='bbox 2291 3734 2439 3780; x_wconf 88' lang='lat' dir='ltr'><strong>tenet</strong></span> <span class='ocrx_word' id='word_1_561' title='bbox 2471 3735 2652 3780; x_wconf 87' lang='lat' dir='ltr'><strong>tamen</strong></span> <span class='ocrx_word' id='word_1_562' title='bbox 2675 3726 2952 3798; x_wconf 81' lang='lat' dir='ltr'><strong>angustia,</strong></span> <span class='ocrx_word' id='word_1_563' title='bbox 2985 3740 3048 3780; x_wconf 89' lang='lat' dir='ltr'><strong>ac</strong></span> <span class='ocrx_word' id='word_1_564' title='bbox 3082 3736 3299 3796; x_wconf 85' lang='lat' dir='ltr'><strong>torquet</strong></span> <span class='ocrx_word' id='word_1_565' title='bbox 3333 3727 3570 3796; x_wconf 77' lang='lat' dir='ltr'><strong>viscera,</strong></span> 
     </span>
    </p>
   </div>
   <div class='ocr_carea' id='block_1_84' title="bbox 1993 3817 3572 3888">
    <p class='ocr_par' dir='ltr' id='par_1_84' title="bbox 1993 3817 3572 3888">
     <span class='ocr_line' id='line_1_84' title="bbox 1993 3817 3572 3888; baseline 0.004 -18"><span class='ocrx_word' id='word_1_566' title='bbox 1993 3831 2114 3886; x_wconf 71' lang='lat' dir='ltr'><strong>qua:</strong></span> <span class='ocrx_word' id='word_1_567' title='bbox 2151 3817 2422 3872; x_wconf 85' lang='lat' dir='ltr'><strong>dolentem</strong></span> <span class='ocrx_word' id='word_1_568' title='bbox 2455 3826 2506 3872; x_wconf 87' lang='lat' dir='ltr'><strong>te</strong></span> <span class='ocrx_word' id='word_1_569' title='bbox 2535 3831 2600 3872; x_wconf 87' lang='lat' dir='ltr'><strong>ac</strong></span> <span class='ocrx_word' id='word_1_570' title='bbox 2629 3819 2948 3874; x_wconf 86' lang='lat' dir='ltr'><strong>morientem</strong></span> <span class='ocrx_word' id='word_1_571' title='bbox 3002 3819 3284 3888; x_wconf 82' lang='lat' dir='ltr'><strong>aspiciam,</strong></span> <span class='ocrx_word' id='word_1_572' title='bbox 3319 3818 3572 3876; x_wconf 81' lang='lat' dir='ltr'><strong>innume-</strong></span> 
     </span>
    </p>
   </div>
   <div class='ocr_carea' id='block_1_85' title="bbox 1995 3905 3575 3982">
    <p class='ocr_par' dir='ltr' id='par_1_85' title="bbox 1995 3905 3575 3982">
     <span class='ocr_line' id='line_1_85' title="bbox 1995 3905 3575 3982; baseline 0.002 -20"><span class='ocrx_word' id='word_1_573' title='bbox 1995 3905 2372 3978; x_wconf 66' lang='lat' dir='ltr'><strong>t‘abilihusque</strong></span> <span class='ocrx_word' id='word_1_574' title='bbox 2400 3909 2698 3962; x_wconf 88' lang='lat' dir='ltr'><strong>astantium</strong></span> <span class='ocrx_word' id='word_1_575' title='bbox 2728 3910 2874 3964; x_wconf 86' lang='lat' dir='ltr'><strong>cruci</strong></span> <span class='ocrx_word' id='word_1_576' title='bbox 2901 3949 2917 3975; x_wconf 91' lang='lat'><strong>,</strong></span> <span class='ocrx_word' id='word_1_577' title='bbox 2948 3925 3010 3964; x_wconf 87' lang='lat' dir='ltr'><strong>ac</strong></span> <span class='ocrx_word' id='word_1_578' title='bbox 3033 3912 3430 3965; x_wconf 83' lang='lat' dir='ltr'><strong>transeuntium</strong></span> <span class='ocrx_word' id='word_1_579' title='bbox 3477 3927 3575 3982; x_wconf 62' lang='lat' dir='ltr'><strong>ope</strong></span> 
     </span>
    </p>
   </div>
   <div class='ocr_carea' id='block_1_86' title="bbox 1995 4000 3574 4074">
    <p class='ocr_par' dir='ltr' id='par_1_86' title="bbox 1995 4000 3574 4074">
     <span class='ocr_line' id='line_1_86' title="bbox 1995 4000 3574 4074; baseline 0.002 -19"><span class='ocrx_word' id='word_1_580' title='bbox 1995 4000 2229 4070; x_wconf 89' lang='lat' dir='ltr'><strong>probriis</strong></span> <span class='ocrx_word' id='word_1_581' title='bbox 2247 4001 2547 4072; x_wconf 87' lang='lat' dir='ltr'><strong>appetitum</strong></span> <span class='ocrx_word' id='word_1_582' title='bbox 2577 4015 2595 4056; x_wconf 89' lang='lat'><strong>:</strong></span> <span class='ocrx_word' id='word_1_583' title='bbox 2627 4015 2830 4074; x_wconf 82' lang='lat' dir='ltr'><strong>eosque</strong></span> <span class='ocrx_word' id='word_1_584' title='bbox 2853 4001 3092 4066; x_wconf 86' lang='lat' dir='ltr'><strong>demum,</strong></span> <span class='ocrx_word' id='word_1_585' title='bbox 3117 4016 3256 4070; x_wconf 89' lang='lat' dir='ltr'><strong>quos</strong></span> <span class='ocrx_word' id='word_1_586' title='bbox 3299 4013 3445 4056; x_wconf 90' lang='lat' dir='ltr'><strong>tanta</strong></span> <span class='ocrx_word' id='word_1_587' title='bbox 3483 4002 3574 4058; x_wconf 85' lang='lat' dir='ltr'><strong>illa</strong></span> 
     </span>
    </p>
   </div>
   <div class='ocr_carea' id='block_1_87' title="bbox 1995 4074 3571 4161">
    <p class='ocr_par' dir='ltr' id='par_1_87' title="bbox 1995 4074 3571 4161">
     <span class='ocr_line' id='line_1_87' title="bbox 1995 4074 3571 4161; baseline -0.001 -16"><span class='ocrx_word' id='word_1_588' title='bbox 1995 4090 2336 4161; x_wconf 86' lang='lat' dir='ltr'><strong>providentia</strong></span> <span class='ocrx_word' id='word_1_589' title='bbox 2391 4074 2682 4160; x_wconf 77' lang='lat' dir='ltr'><strong>oportebat</strong></span> <span class='ocrx_word' id='word_1_590' title='bbox 2738 4090 2992 4144; x_wconf 86' lang='lat' dir='ltr'><strong>meliores</strong></span> <span class='ocrx_word' id='word_1_591' title='bbox 3033 4089 3175 4154; x_wconf 82' lang='lat' dir='ltr'><strong>ﬁeri,</strong></span> <span class='ocrx_word' id='word_1_592' title='bbox 3214 4090 3362 4159; x_wconf 88' lang='lat' dir='ltr'><strong>ipsos</strong></span> <span class='ocrx_word' id='word_1_593' title='bbox 3405 4105 3484 4155; x_wconf 89' lang='lat' dir='ltr'><strong>se,</strong></span> <span class='ocrx_word' id='word_1_594' title='bbox 3516 4090 3571 4146; x_wconf 86' lang='lat' dir='ltr'><strong>in</strong></span> 
     </span>
    </p>
   </div>
   <div class='ocr_carea' id='block_1_88' title="bbox 1998 4181 3572 4252">
    <p class='ocr_par' dir='ltr' id='par_1_88' title="bbox 1998 4181 3572 4252">
     <span class='ocr_line' id='line_1_88' title="bbox 1998 4181 3572 4252; baseline 0.001 -16"><span class='ocrx_word' id='word_1_595' title='bbox 1998 4181 2325 4252; x_wconf 88' lang='lat' dir='ltr'><strong>perditionis</strong></span> <span class='ocrx_word' id='word_1_596' title='bbox 2374 4181 2719 4247; x_wconf 85' lang='lat' dir='ltr'><strong>barathrum,</strong></span> <span class='ocrx_word' id='word_1_597' title='bbox 2752 4183 2964 4236; x_wconf 79' lang='lat' dir='ltr'><strong>videam</strong></span> <span class='ocrx_word' id='word_1_598' title='bbox 3007 4181 3376 4251; x_wconf 65' lang='lat' dir='ltr'><strong>impellentesr</strong></span> <span class='ocrx_word' id='word_1_599' title='bbox 3393 4182 3572 4238; x_wconf 68' lang='lat' dir='ltr'><strong>Caete-</strong></span> 
     </span>
    </p>
   </div>
   <div class='ocr_carea' id='block_1_89' title="bbox 1998 4272 3574 4345">
    <p class='ocr_par' dir='ltr' id='par_1_89' title="bbox 1998 4272 3574 4345">
     <span class='ocr_line' id='line_1_89' title="bbox 1998 4272 3574 4345; baseline 0.001 -15"><span class='ocrx_word' id='word_1_600' title='bbox 1998 4291 2116 4330; x_wconf 88' lang='lat' dir='ltr'><strong>rum</strong></span> <span class='ocrx_word' id='word_1_601' title='bbox 2147 4273 2222 4328; x_wconf 89' lang='lat' dir='ltr'><strong>illi</strong></span> <span class='ocrx_word' id='word_1_602' title='bbox 2249 4274 2331 4329; x_wconf 90' lang='lat' dir='ltr'><strong>sic</strong></span> <span class='ocrx_word' id='word_1_603' title='bbox 2359 4273 2582 4341; x_wconf 77' lang='lat' dir='ltr'><strong>habent,</strong></span> <span class='ocrx_word' id='word_1_604' title='bbox 2610 4288 2708 4345; x_wconf 86' lang='lat' dir='ltr'><strong>pro</strong></span> <span class='ocrx_word' id='word_1_605' title='bbox 2731 4289 2792 4331; x_wconf 89' lang='lat' dir='ltr'><strong>ea</strong></span> <span class='ocrx_word' id='word_1_606' title='bbox 2818 4275 3117 4333; x_wconf 84' lang='lat' dir='ltr'><strong>voluntate.</strong></span> <span class='ocrx_word' id='word_1_607' title='bbox 3147 4290 3252 4345; x_wconf 90' lang='lat' dir='ltr'><strong>qua</strong></span> <span class='ocrx_word' id='word_1_608' title='bbox 3285 4276 3338 4330; x_wconf 91' lang='lat' dir='ltr'><strong>in</strong></span> <span class='ocrx_word' id='word_1_609' title='bbox 3370 4272 3574 4332; x_wconf 62' lang='lat' dir='ltr'><strong>eadem</strong></span> 
     </span>
    </p>
   </div>
   <div class='ocr_carea' id='block_1_90' title="bbox 1997 4365 3578 4438">
    <p class='ocr_par' dir='ltr' id='par_1_90' title="bbox 1997 4365 3578 4438">
     <span class='ocr_line' id='line_1_90' title="bbox 1997 4365 3578 4438; baseline 0.003 -16"><span class='ocrx_word' id='word_1_610' title='bbox 1997 4366 2337 4422; x_wconf 85' lang='lat' dir='ltr'><strong>bacchantur</strong></span> <span class='ocrx_word' id='word_1_611' title='bbox 2370 4383 2384 4420; x_wconf 93' lang='lat'><strong>:</strong></span> <span class='ocrx_word' id='word_1_612' title='bbox 2418 4375 2473 4422; x_wconf 90' lang='grc' dir='ltr'><strong>ιιι</strong></span> <span class='ocrx_word' id='word_1_613' title='bbox 2531 4381 2660 4420; x_wconf 81' lang='lat' dir='ltr'><strong>vero</strong></span> <span class='ocrx_word' id='word_1_614' title='bbox 2729 4365 2936 4436; x_wconf 85' lang='lat' dir='ltr'><strong>aliquid</strong></span> <span class='ocrx_word' id='word_1_615' title='bbox 2994 4368 3147 4422; x_wconf 80' lang='lat' dir='ltr'><strong>Matri</strong></span> <span class='ocrx_word' id='word_1_616' title='bbox 3183 4369 3425 4438; x_wconf 88' lang='lat' dir='ltr'><strong>loquere,</strong></span> <span class='ocrx_word' id='word_1_617' title='bbox 3455 4369 3578 4426; x_wconf 79' lang='lat' dir='ltr'><strong>vale</strong></span> 
     </span>
    </p>
   </div>
   <div class='ocr_carea' id='block_1_91' title="bbox 317 4451 1887 4542">
    <p class='ocr_par' dir='ltr' id='par_1_91' title="bbox 317 4460 1887 4542">
     <span class='ocr_line' id='line_1_91' title="bbox 317 4460 1887 4542; baseline 0.004 -28"><span class='ocrx_word' id='word_1_618' title='bbox 317 4461 560 4534; x_wconf 82' lang='grc' dir='ltr'><strong>πάροχον</strong></span> <span class='ocrx_word' id='word_1_619' title='bbox 592 4460 746 4526; x_wconf 71' lang='grc' dir='ltr'><strong>ἔπος,</strong></span> <span class='ocrx_word' id='word_1_620' title='bbox 783 4461 852 4516; x_wconf 77' lang='grc' dir='ltr'><strong>ἵν’</strong></span> <span class='ocrx_word' id='word_1_621' title='bbox 885 4460 1066 4532; x_wconf 76' lang='grc' dir='ltr'><strong>ἔχοιμι</strong></span> <span class='ocrx_word' id='word_1_622' title='bbox 1127 4464 1224 4516; x_wconf 73' lang='grc' dir='ltr'><strong>καὶ</strong></span> <span class='ocrx_word' id='word_1_623' title='bbox 1265 4463 1400 4518; x_wconf 78' lang='grc' dir='ltr'><strong>αὐτὸ</strong></span> <span class='ocrx_word' id='word_1_624' title='bbox 1423 4461 1516 4518; x_wconf 79' lang='grc' dir='ltr'><strong>τοῦ</strong></span> <span class='ocrx_word' id='word_1_625' title='bbox 1551 4465 1689 4542; x_wconf 85' lang='grc' dir='ltr'><strong>μετὰ</strong></span> <span class='ocrx_word' id='word_1_626' title='bbox 1720 4466 1887 4521; x_wconf 82' lang='grc' dir='ltr'><strong>ταῦτα</strong></span> 
     </span>
    </p>
   </div>
   <div class='ocr_carea' id='block_1_92' title="bbox 1992 4451 3576 4542">
    <p class='ocr_par' dir='ltr' id='par_1_92' title="bbox 1998 4451 3576 4530">
     <span class='ocr_line' id='line_1_92' title="bbox 1998 4451 3576 4530; baseline 0.003 -16"><span class='ocrx_word' id='word_1_627' title='bbox 1998 4459 2204 4524; x_wconf 88' lang='lat' dir='ltr'><strong>dicens,</strong></span> <span class='ocrx_word' id='word_1_628' title='bbox 2245 4457 2335 4528; x_wconf 92' lang='lat' dir='ltr'><strong>qui</strong></span> <span class='ocrx_word' id='word_1_629' title='bbox 2365 4473 2394 4512; x_wconf 89' lang='lat' dir='ltr'><strong>a</strong></span> <span class='ocrx_word' id='word_1_630' title='bbox 2428 4451 2573 4514; x_wconf 84' lang='lat' dir='ltr'><strong>nulla</strong></span> <span class='ocrx_word' id='word_1_631' title='bbox 2617 4473 2676 4513; x_wconf 90' lang='lat' dir='ltr'><strong>re</strong></span> <span class='ocrx_word' id='word_1_632' title='bbox 2703 4459 2903 4516; x_wconf 86' lang='lat' dir='ltr'><strong>absens</strong></span> <span class='ocrx_word' id='word_1_633' title='bbox 2947 4459 3083 4530; x_wconf 75' lang='lat' dir='ltr'><strong>agis.</strong></span> <span class='ocrx_word' id='word_1_634' title='bbox 3139 4459 3386 4530; x_wconf 85' lang='lat' dir='ltr'><strong>Loquere</strong></span> <span class='ocrx_word' id='word_1_635' title='bbox 3415 4460 3576 4518; x_wconf 81' lang='lat' dir='ltr'><strong>dulce</strong></span> 
     </span>
    </p>
   </div>
   <div class='ocr_carea' id='block_1_93' title="bbox 317 4549 1890 4626">
    <p class='ocr_par' dir='ltr' id='par_1_93' title="bbox 317 4549 1890 4626">
     <span class='ocr_line' id='line_1_93' title="bbox 317 4549 1890 4626; baseline 0.003 -22"><span class='ocrx_word' id='word_1_636' title='bbox 317 4549 512 4624; x_wconf 82' lang='grc' dir='ltr'><strong>καιροῦ</strong></span> <span class='ocrx_word' id='word_1_637' title='bbox 540 4553 946 4624; x_wconf 77' lang='grc' dir='ltr'><strong>παρηγόρημα.</strong></span> <span class='ocrx_word' id='word_1_638' title='bbox 986 4551 1186 4606; x_wconf 84' lang='grc' dir='ltr'><strong>Διάθου</strong></span> <span class='ocrx_word' id='word_1_639' title='bbox 1217 4553 1288 4608; x_wconf 79' lang='grc' dir='ltr'><strong>τὰ</strong></span> <span class='ocrx_word' id='word_1_640' title='bbox 1317 4553 1564 4626; x_wconf 75' lang='grc' dir='ltr'><strong>περὶτῆς</strong></span> <span class='ocrx_word' id='word_1_641' title='bbox 1595 4555 1890 4626; x_wconf 75' lang='grc' dir='ltr'><strong>τεκούσης,</strong></span> 
     </span>
    </p>
   </div>
   <div class='ocr_carea' id='block_1_94' title="bbox 317 4641 1892 4716">
    <p class='ocr_par' dir='ltr' id='par_1_94' title="bbox 317 4641 1892 4716">
     <span class='ocr_line' id='line_1_94' title="bbox 317 4641 1892 4716; baseline 0.003 -20"><span class='ocrx_word' id='word_1_642' title='bbox 317 4643 346 4696; x_wconf 83' lang='grc' dir='ltr'><strong>ὁ</strong></span> <span class='ocrx_word' id='word_1_643' title='bbox 379 4644 476 4698; x_wconf 79' lang='grc' dir='ltr'><strong>σὺν</strong></span> <span class='ocrx_word' id='word_1_644' title='bbox 496 4641 573 4713; x_wconf 81' lang='grc' dir='ltr'><strong>τῷ</strong></span> <span class='ocrx_word' id='word_1_645' title='bbox 591 4642 784 4714; x_wconf 85' lang='grc' dir='ltr'><strong>κόσμῳ</strong></span> <span class='ocrx_word' id='word_1_646' title='bbox 810 4658 906 4696; x_wconf 85' lang='grc' dir='ltr'><strong>σου</strong></span> <span class='ocrx_word' id='word_1_647' title='bbox 928 4642 1094 4697; x_wconf 78' lang='grc' dir='ltr'><strong>παντὶ</strong></span> <span class='ocrx_word' id='word_1_648' title='bbox 1140 4644 1236 4698; x_wconf 74' lang='grc' dir='ltr'><strong>καὶ</strong></span> <span class='ocrx_word' id='word_1_649' title='bbox 1260 4643 1467 4716; x_wconf 84' lang='grc' dir='ltr'><strong>ταύτην</strong></span> <span class='ocrx_word' id='word_1_650' title='bbox 1494 4643 1892 4716; x_wconf 77' lang='grc' dir='ltr'><strong>διακυϐερνῶν.</strong></span> 
     </span>
    </p>
   </div>
   <div class='ocr_carea' id='block_1_95' title="bbox 318 4735 1895 4810">
    <p class='ocr_par' dir='ltr' id='par_1_95' title="bbox 318 4735 1895 4810">
     <span class='ocr_line' id='line_1_95' title="bbox 318 4735 1895 4810; baseline 0.002 -19"><span class='ocrx_word' id='word_1_651' title='bbox 318 4737 455 4791; x_wconf 74' lang='grc' dir='ltr'><strong>Εἰπὲ</strong></span> <span class='ocrx_word' id='word_1_652' title='bbox 515 4735 674 4806; x_wconf 88' lang='grc' dir='ltr'><strong>λόγον</strong></span> <span class='ocrx_word' id='word_1_653' title='bbox 708 4736 926 4808; x_wconf 80' lang='grc' dir='ltr'><strong>ἥδιστον</strong></span> <span class='ocrx_word' id='word_1_654' title='bbox 977 4738 1076 4808; x_wconf 81' lang='grc' dir='ltr'><strong>μὲν</strong></span> <span class='ocrx_word' id='word_1_655' title='bbox 1117 4737 1453 4809; x_wconf 81' lang='grc' dir='ltr'><strong>ἀκουσθῆναι</strong></span> <span class='ocrx_word' id='word_1_656' title='bbox 1495 4737 1594 4794; x_wconf 83' lang='grc' dir='ltr'><strong>νῦν</strong></span> <span class='ocrx_word' id='word_1_657' title='bbox 1623 4777 1638 4804; x_wconf 93' lang='grc'><strong>,</strong></span> <span class='ocrx_word' id='word_1_658' title='bbox 1677 4737 1895 4810; x_wconf 79' lang='grc' dir='ltr'><strong>βέϐαιον</strong></span> 
     </span>
    </p>
   </div>
   <div class='ocr_carea' id='block_1_96' title="bbox 318 4815 1204 4902">
    <p class='ocr_par' dir='ltr' id='par_1_96' title="bbox 318 4815 1204 4902">
     <span class='ocr_line' id='line_1_96' title="bbox 318 4815 1204 4902; baseline 0.001 -21"><span class='ocrx_word' id='word_1_659' title='bbox 318 4827 374 4884; x_wconf 71' lang='grc' dir='ltr'><strong>δὲ</strong></span> <span class='ocrx_word' id='word_1_660' title='bbox 415 4815 830 4901; x_wconf 72' lang='grc' dir='ltr'><strong>κατασχεθῆναι</strong></span> <span class='ocrx_word' id='word_1_661' title='bbox 855 4828 1145 4902; x_wconf 84' lang='grc' dir='ltr'><strong>διηνεκῶς.</strong></span> <span class='ocrx_word' id='word_1_662' title='bbox 1185 4848 1204 4882; x_wconf 80' lang='grc' dir='ltr'><strong>ι</strong></span> 
     </span>
    </p>
   </div>
   <div class='ocr_carea' id='block_1_97' title="bbox 391 5001 1894 5082">
    <p class='ocr_par' dir='ltr' id='par_1_97' title="bbox 391 5001 1894 5082">
     <span class='ocr_line' id='line_1_97' title="bbox 391 5001 1894 5082; baseline 0.004 -24"><span class='ocrx_word' id='word_1_663' title='bbox 391 5001 552 5058; x_wconf 83' lang='grc' dir='ltr'><strong>Οὖτω</strong></span> <span class='ocrx_word' id='word_1_664' title='bbox 568 5002 926 5075; x_wconf 79' lang='grc' dir='ltr'><strong>δριμυτάτοις</strong></span> <span class='ocrx_word' id='word_1_665' title='bbox 961 5004 1297 5078; x_wconf 81' lang='grc' dir='ltr'><strong>βαλλομένην</strong></span> <span class='ocrx_word' id='word_1_666' title='bbox 1323 5008 1424 5080; x_wconf 73' lang='grc' dir='ltr'><strong>τῆς</strong></span> <span class='ocrx_word' id='word_1_667' title='bbox 1467 5007 1686 5078; x_wconf 84' lang='grc' dir='ltr'><strong>φύσεως</strong></span> <span class='ocrx_word' id='word_1_668' title='bbox 1714 5009 1894 5082; x_wconf 78' lang='grc' dir='ltr'><strong>βέλεσι</strong></span> 
     </span>
    </p>
   </div>
   <div class='ocr_carea' id='block_1_98' title="bbox 319 5092 1896 5174">
    <p class='ocr_par' dir='ltr' id='par_1_98' title="bbox 319 5092 1896 5174">
     <span class='ocr_line' id='line_1_98' title="bbox 319 5092 1896 5174; baseline 0.008 -29"><span class='ocrx_word' id='word_1_669' title='bbox 319 5092 421 5164; x_wconf 76' lang='grc' dir='ltr'><strong>τὴν</strong></span> <span class='ocrx_word' id='word_1_670' title='bbox 473 5094 611 5148; x_wconf 77' lang='grc' dir='ltr'><strong>ἰδίαν</strong></span> <span class='ocrx_word' id='word_1_671' title='bbox 642 5097 671 5148; x_wconf 84' lang='grc' dir='ltr'><strong>ό</strong></span> <span class='ocrx_word' id='word_1_672' title='bbox 709 5095 995 5168; x_wconf 85' lang='grc' dir='ltr'><strong>Δεσπότης</strong></span> <span class='ocrx_word' id='word_1_673' title='bbox 1043 5097 1280 5152; x_wconf 86' lang='grc' dir='ltr'><strong>κατιδὼν</strong></span> <span class='ocrx_word' id='word_1_674' title='bbox 1319 5101 1570 5174; x_wconf 82' lang='grc' dir='ltr'><strong>Μητέρα,</strong></span> <span class='ocrx_word' id='word_1_675' title='bbox 1612 5102 1710 5157; x_wconf 77' lang='grc' dir='ltr'><strong>καὶ</strong></span> <span class='ocrx_word' id='word_1_676' title='bbox 1742 5102 1804 5156; x_wconf 81' lang='grc' dir='ltr'><strong>τὸ</strong></span> <span class='ocrx_word' id='word_1_677' title='bbox 1837 5103 1896 5157; x_wconf 85' lang='grc' dir='ltr'><strong>ἐν</strong></span> 
     </span>
    </p>
   </div>
   <div class='ocr_carea' id='block_1_99' title="bbox 321 5186 1896 5266">
    <p class='ocr_par' dir='ltr' id='par_1_99' title="bbox 321 5186 1896 5266">
     <span class='ocr_line' id='line_1_99' title="bbox 321 5186 1896 5266; baseline 0.007 -28"><span class='ocrx_word' id='word_1_678' title='bbox 321 5186 523 5259; x_wconf 70' lang='grc' dir='ltr'><strong>καρδίᾳ</strong></span> <span class='ocrx_word' id='word_1_679' title='bbox 553 5186 760 5258; x_wconf 80' lang='grc' dir='ltr'><strong>ταύτης</strong></span> <span class='ocrx_word' id='word_1_680' title='bbox 815 5187 948 5254; x_wconf 75' lang='grc' dir='ltr'><strong>ἴσως</strong></span> <span class='ocrx_word' id='word_1_681' title='bbox 989 5189 1068 5262; x_wconf 83' lang='grc' dir='ltr'><strong>τῷ</strong></span> <span class='ocrx_word' id='word_1_682' title='bbox 1119 5193 1486 5266; x_wconf 85' lang='grc' dir='ltr'><strong>προαγομένῳ</strong></span> <span class='ocrx_word' id='word_1_683' title='bbox 1539 5193 1629 5248; x_wconf 84' lang='grc' dir='ltr'><strong>διὰ</strong></span> <span class='ocrx_word' id='word_1_684' title='bbox 1669 5194 1896 5265; x_wconf 83' lang='grc' dir='ltr'><strong>χειλέων</strong></span> 
     </span>
    </p>
   </div>
   <div class='ocr_carea' id='block_1_100' title="bbox 321 5277 1894 5360">
    <p class='ocr_par' dir='ltr' id='par_1_100' title="bbox 321 5277 1894 5360">
     <span class='ocr_line' id='line_1_100' title="bbox 321 5277 1894 5360; baseline 0.006 -27"><span class='ocrx_word' id='word_1_685' title='bbox 321 5279 592 5346; x_wconf 70' lang='grc' dir='ltr'><strong>ἐξετάζων</strong></span> <span class='ocrx_word' id='word_1_686' title='bbox 631 5277 766 5353; x_wconf 81' lang='grc' dir='ltr'><strong>πῦρ,</strong></span> <span class='ocrx_word' id='word_1_687' title='bbox 799 5280 1062 5354; x_wconf 78' lang='grc' dir='ltr'><strong>ποθεινὴν</strong></span> <span class='ocrx_word' id='word_1_688' title='bbox 1107 5285 1305 5356; x_wconf 82' lang='grc' dir='ltr'><strong>ἀφίησι</strong></span> <span class='ocrx_word' id='word_1_689' title='bbox 1343 5287 1552 5358; x_wconf 79' lang='grc' dir='ltr'><strong>φωνὴν,</strong></span> <span class='ocrx_word' id='word_1_690' title='bbox 1592 5291 1659 5360; x_wconf 75' lang='grc' dir='ltr'><strong>τῇ</strong></span> <span class='ocrx_word' id='word_1_691' title='bbox 1693 5288 1894 5360; x_wconf 81' lang='grc' dir='ltr'><strong>ὲνηχή-</strong></span> 
     </span>
    </p>
   </div>
   <div class='ocr_carea' id='block_1_101' title="bbox 325 5368 1895 5448">
    <p class='ocr_par' dir='ltr' id='par_1_101' title="bbox 325 5368 1895 5448">
     <span class='ocr_line' id='line_1_101' title="bbox 325 5368 1895 5448; baseline 0.004 -24"><span class='ocrx_word' id='word_1_692' title='bbox 325 5385 408 5424; x_wconf 84' lang='grc' dir='ltr'><strong>σει</strong></span> <span class='ocrx_word' id='word_1_693' title='bbox 440 5368 646 5440; x_wconf 81' lang='grc' dir='ltr'><strong>μᾶλλον</strong></span> <span class='ocrx_word' id='word_1_694' title='bbox 673 5370 736 5426; x_wconf 85' lang='grc' dir='ltr'><strong>τδ</strong></span> <span class='ocrx_word' id='word_1_695' title='bbox 754 5373 1148 5443; x_wconf 76' lang='grc' dir='ltr'><strong>ἀνακτητικδν,</strong></span> <span class='ocrx_word' id='word_1_696' title='bbox 1180 5374 1215 5444; x_wconf 73' lang='grc' dir='ltr'><strong>ἡ</strong></span> <span class='ocrx_word' id='word_1_697' title='bbox 1244 5376 1358 5438; x_wconf 83' lang='grc' dir='ltr'><strong>τοῖς</strong></span> <span class='ocrx_word' id='word_1_698' title='bbox 1381 5374 1700 5448; x_wconf 83' lang='grc' dir='ltr'><strong>λεγομένοις</strong></span> <span class='ocrx_word' id='word_1_699' title='bbox 1735 5377 1895 5448; x_wconf 76' lang='grc' dir='ltr'><strong>ἔχου-</strong></span> 
     </span>
    </p>
   </div>
   <div class='ocr_carea' id='block_1_102' title="bbox 325 5459 1898 5541">
    <p class='ocr_par' dir='ltr' id='par_1_102' title="bbox 325 5459 1898 5541">
     <span class='ocr_line' id='line_1_102' title="bbox 325 5459 1898 5541; baseline 0.004 -23"><span class='ocrx_word' id='word_1_700' title='bbox 325 5480 446 5519; x_wconf 89' lang='grc' dir='ltr'><strong>σαν.</strong></span> <span class='ocrx_word' id='word_1_701' title='bbox 477 5463 650 5518; x_wconf 82' lang='grc' dir='ltr'><strong>Τοῦτο</strong></span> <span class='ocrx_word' id='word_1_702' title='bbox 673 5464 784 5537; x_wconf 77' lang='grc' dir='ltr'><strong>γὰρ</strong></span> <span class='ocrx_word' id='word_1_703' title='bbox 807 5459 876 5538; x_wconf 81' lang='grc' dir='ltr'><strong>ἦν</strong></span> <span class='ocrx_word' id='word_1_704' title='bbox 911 5466 1050 5538; x_wconf 71' lang='grc' dir='ltr'><strong>αὐτῇ</strong></span> <span class='ocrx_word' id='word_1_705' title='bbox 1076 5466 1138 5520; x_wconf 77' lang='grc' dir='ltr'><strong>τὸ</strong></span> <span class='ocrx_word' id='word_1_706' title='bbox 1160 5467 1514 5538; x_wconf 83' lang='grc' dir='ltr'><strong>καταθυμίως</strong></span> <span class='ocrx_word' id='word_1_707' title='bbox 1531 5469 1898 5541; x_wconf 75' lang='grc' dir='ltr'><strong>ἐπιζητούμε-</strong></span> 
     </span>
    </p>
   </div>
   <div class='ocr_carea' id='block_1_103' title="bbox 322 5548 1897 5634">
    <p class='ocr_par' dir='ltr' id='par_1_103' title="bbox 322 5548 1897 5634">
     <span class='ocr_line' id='line_1_103' title="bbox 322 5548 1897 5634; baseline 0.001 -23"><span class='ocrx_word' id='word_1_708' title='bbox 322 5573 435 5622; x_wconf 88' lang='grc' dir='ltr'><strong>νον,</strong></span> <span class='ocrx_word' id='word_1_709' title='bbox 487 5557 549 5611; x_wconf 83' lang='grc' dir='ltr'><strong>τὺ</strong></span> <span class='ocrx_word' id='word_1_710' title='bbox 581 5557 676 5611; x_wconf 76' lang='grc' dir='ltr'><strong>καὶ</strong></span> <span class='ocrx_word' id='word_1_711' title='bbox 721 5557 967 5628; x_wconf 78' lang='grc' dir='ltr'><strong>φθογγῆς</strong></span> <span class='ocrx_word' id='word_1_712' title='bbox 1022 5558 1114 5612; x_wconf 84' lang='grc' dir='ltr'><strong>τοῦ</strong></span> <span class='ocrx_word' id='word_1_713' title='bbox 1163 5558 1420 5628; x_wconf 79' lang='grc' dir='ltr'><strong>φιλτάτου</strong></span> <span class='ocrx_word' id='word_1_714' title='bbox 1471 5548 1897 5634; x_wconf 76' lang='grc' dir='ltr'><strong>προφερομένης</strong></span> 
     </span>
    </p>
   </div>
   <div class='ocr_carea' id='block_1_104' title="bbox 322 5647 1898 5728">
    <p class='ocr_par' dir='ltr' id='par_1_104' title="bbox 322 5647 1898 5728">
     <span class='ocr_line' id='line_1_104' title="bbox 322 5647 1898 5728; baseline 0.003 -24"><span class='ocrx_word' id='word_1_715' title='bbox 322 5647 490 5720; x_wconf 80' lang='grc' dir='ltr'><strong>ψιλῆς</strong></span> <span class='ocrx_word' id='word_1_716' title='bbox 519 5647 924 5704; x_wconf 77' lang='grc' dir='ltr'><strong>ἀντιλαϐέσθαι.</strong></span> <span class='ocrx_word' id='word_1_717' title='bbox 973 5648 1037 5704; x_wconf 86' lang='lat' dir='ltr'><strong>&#39;H</strong></span> <span class='ocrx_word' id='word_1_718' title='bbox 1059 5650 1113 5704; x_wconf 85' lang='grc' dir='ltr'><strong>δὲ</strong></span> <span class='ocrx_word' id='word_1_719' title='bbox 1143 5651 1320 5722; x_wconf 77' lang='grc' dir='ltr'><strong>φωνὴ,</strong></span> <span class='ocrx_word' id='word_1_720' title='bbox 1355 5651 1582 5728; x_wconf 80' lang='grc' dir='ltr'><strong>τοιαύτη</strong></span> <span class='ocrx_word' id='word_1_721' title='bbox 1613 5670 1697 5718; x_wconf 87' lang='grc' dir='ltr'><strong>τις</strong></span> <span class='ocrx_word' id='word_1_722' title='bbox 1721 5654 1898 5726; x_wconf 74' lang='grc' dir='ltr'><strong>ὑπῆρ-</strong></span> 
     </span>
    </p>
   </div>
   <div class='ocr_carea' id='block_1_105' title="bbox 323 5739 1897 5814">
    <p class='ocr_par' dir='ltr' id='par_1_105' title="bbox 323 5739 1897 5814">
     <span class='ocr_line' id='line_1_105' title="bbox 323 5739 1897 5814; baseline 0.005 -22"><span class='ocrx_word' id='word_1_723' title='bbox 323 5755 440 5812; x_wconf 74' lang='grc' dir='ltr'><strong>χεν,</strong></span> <span class='ocrx_word' id='word_1_724' title='bbox 492 5739 566 5806; x_wconf 74' lang='grc' dir='ltr'><strong>ὡς</strong></span> <span class='ocrx_word' id='word_1_725' title='bbox 593 5742 650 5797; x_wconf 77' lang='grc' dir='ltr'><strong>ὲν</strong></span> <span class='ocrx_word' id='word_1_726' title='bbox 698 5739 924 5812; x_wconf 82' lang='grc' dir='ltr'><strong>βραχέσι</strong></span> <span class='ocrx_word' id='word_1_727' title='bbox 977 5741 1194 5797; x_wconf 69' lang='grc' dir='ltr'><strong>ἅπαντα</strong></span> <span class='ocrx_word' id='word_1_728' title='bbox 1232 5741 1614 5814; x_wconf 77' lang='grc' dir='ltr'><strong>διατιθεμένου</strong></span> <span class='ocrx_word' id='word_1_729' title='bbox 1655 5743 1897 5800; x_wconf 72' lang='grc' dir='ltr'><strong>καθυπο-</strong></span> 
     </span>
    </p>
   </div>
   <div class='ocr_carea' id='block_1_106' title="bbox 1996 4549 3578 4624">
    <p class='ocr_par' dir='ltr' id='par_1_106' title="bbox 1996 4549 3578 4624">
     <span class='ocr_line' id='line_1_106' title="bbox 1996 4549 3578 4624; baseline 0.001 -19"><span class='ocrx_word' id='word_1_730' title='bbox 1996 4566 2060 4606; x_wconf 83' lang='lat' dir='ltr'><strong>ac</strong></span> <span class='ocrx_word' id='word_1_731' title='bbox 2083 4549 2246 4605; x_wconf 86' lang='lat' dir='ltr'><strong>vitale</strong></span> <span class='ocrx_word' id='word_1_732' title='bbox 2277 4551 2528 4616; x_wconf 70' lang='lat' dir='ltr'><strong>verbum,</strong></span> <span class='ocrx_word' id='word_1_733' title='bbox 2555 4559 2612 4606; x_wconf 91' lang='lat' dir='ltr'><strong>nt</strong></span> <span class='ocrx_word' id='word_1_734' title='bbox 2639 4550 2804 4605; x_wconf 78' lang='lat' dir='ltr'><strong>futuri</strong></span> <span class='ocrx_word' id='word_1_735' title='bbox 2839 4553 3093 4621; x_wconf 75' lang='lat' dir='ltr'><strong>deinceps</strong></span> <span class='ocrx_word' id='word_1_736' title='bbox 3154 4555 3411 4621; x_wconf 88' lang='lat' dir='ltr'><strong>temporis</strong></span> <span class='ocrx_word' id='word_1_737' title='bbox 3439 4569 3578 4624; x_wconf 84' lang='lat' dir='ltr'><strong>qua-</strong></span> 
     </span>
    </p>
   </div>
   <div class='ocr_carea' id='block_1_107' title="bbox 1996 4642 3576 4715">
    <p class='ocr_par' dir='ltr' id='par_1_107' title="bbox 1996 4642 3576 4715">
     <span class='ocr_line' id='line_1_107' title="bbox 1996 4642 3576 4715; baseline 0.003 -18"><span class='ocrx_word' id='word_1_738' title='bbox 1996 4643 2264 4715; x_wconf 88' lang='lat' dir='ltr'><strong>lecunque</strong></span> <span class='ocrx_word' id='word_1_739' title='bbox 2313 4642 2442 4698; x_wconf 89' lang='lat' dir='ltr'><strong>illud</strong></span> <span class='ocrx_word' id='word_1_740' title='bbox 2495 4643 2745 4699; x_wconf 82' lang='lat' dir='ltr'><strong>solatium</strong></span> <span class='ocrx_word' id='word_1_741' title='bbox 2796 4645 3050 4700; x_wconf 87' lang='lat' dir='ltr'><strong>habeam.</strong></span> <span class='ocrx_word' id='word_1_742' title='bbox 3108 4642 3336 4700; x_wconf 81' lang='lat' dir='ltr'><strong>Testare</strong></span> <span class='ocrx_word' id='word_1_743' title='bbox 3373 4648 3438 4702; x_wconf 85' lang='lat' dir='ltr'><strong>de</strong></span> <span class='ocrx_word' id='word_1_744' title='bbox 3487 4657 3576 4702; x_wconf 84' lang='lat' dir='ltr'><strong>tua</strong></span> 
     </span>
    </p>
   </div>
   <div class='ocr_carea' id='block_1_108' title="bbox 1996 4731 3575 4807">
    <p class='ocr_par' dir='ltr' id='par_1_108' title="bbox 1996 4731 3575 4807">
     <span class='ocr_line' id='line_1_108' title="bbox 1996 4731 3575 4807; baseline 0.002 -17"><span class='ocrx_word' id='word_1_745' title='bbox 1996 4731 2194 4801; x_wconf 81' lang='lat' dir='ltr'><strong>Matre,</strong></span> <span class='ocrx_word' id='word_1_746' title='bbox 2253 4735 2346 4807; x_wconf 88' lang='lat' dir='ltr'><strong>qui</strong></span> <span class='ocrx_word' id='word_1_747' title='bbox 2387 4750 2506 4792; x_wconf 85' lang='lat' dir='ltr'><strong>eam</strong></span> <span class='ocrx_word' id='word_1_748' title='bbox 2565 4750 2780 4807; x_wconf 86' lang='lat' dir='ltr'><strong>quoque</strong></span> <span class='ocrx_word' id='word_1_749' title='bbox 2827 4736 2901 4790; x_wconf 88' lang='lat' dir='ltr'><strong>uti</strong></span> <span class='ocrx_word' id='word_1_750' title='bbox 2943 4738 3200 4790; x_wconf 83' lang='lat' dir='ltr'><strong>mundum</strong></span> <span class='ocrx_word' id='word_1_751' title='bbox 3265 4738 3575 4793; x_wconf 83' lang='lat' dir='ltr'><strong>universum</strong></span> 
     </span>
    </p>
   </div>
   <div class='ocr_carea' id='block_1_109' title="bbox 1997 4829 3579 4897">
    <p class='ocr_par' dir='ltr' id='par_1_109' title="bbox 1997 4829 3579 4897">
     <span class='ocr_line' id='line_1_109' title="bbox 1997 4829 3579 4897; baseline 0.001 -15"><span class='ocrx_word' id='word_1_752' title='bbox 1997 4829 2286 4897; x_wconf 75' lang='lat' dir='ltr'><strong>gubernes.</strong></span> <span class='ocrx_word' id='word_1_753' title='bbox 2319 4829 2414 4883; x_wconf 81' lang='lat' dir='ltr'><strong>Dic</strong></span> <span class='ocrx_word' id='word_1_754' title='bbox 2444 4843 2774 4892; x_wconf 86' lang='lat' dir='ltr'><strong>sermonem,</strong></span> <span class='ocrx_word' id='word_1_755' title='bbox 2819 4845 2962 4882; x_wconf 86' lang='lat' dir='ltr'><strong>nunc</strong></span> <span class='ocrx_word' id='word_1_756' title='bbox 2993 4830 3209 4897; x_wconf 83' lang='lat' dir='ltr'><strong>quidem</strong></span> <span class='ocrx_word' id='word_1_757' title='bbox 3243 4830 3428 4885; x_wconf 88' lang='lat' dir='ltr'><strong>auditu</strong></span> <span class='ocrx_word' id='word_1_758' title='bbox 3454 4830 3579 4884; x_wconf 83' lang='lat' dir='ltr'><strong>dul-</strong></span> 
     </span>
    </p>
   </div>
   <div class='ocr_carea' id='block_1_110' title="bbox 1999 4920 3572 4991">
    <p class='ocr_par' dir='ltr' id='par_1_110' title="bbox 1999 4920 3572 4991">
     <span class='ocr_line' id='line_1_110' title="bbox 1999 4920 3572 4991; baseline 0 -15"><span class='ocrx_word' id='word_1_759' title='bbox 1999 4920 2318 4988; x_wconf 89' lang='lat' dir='ltr'><strong>cissimum;</strong></span> <span class='ocrx_word' id='word_1_760' title='bbox 2369 4921 2584 4975; x_wconf 80' lang='lat' dir='ltr'><strong>ﬁrmum</strong></span> <span class='ocrx_word' id='word_1_761' title='bbox 2637 4937 2815 4976; x_wconf 71' lang='lat' dir='ltr'><strong>au&#39;em</strong></span> <span class='ocrx_word' id='word_1_762' title='bbox 2854 4931 2912 4976; x_wconf 92' lang='lat' dir='ltr'><strong>ut</strong></span> <span class='ocrx_word' id='word_1_763' title='bbox 2945 4931 3206 4991; x_wconf 86' lang='lat' dir='ltr'><strong>perpetuo</strong></span> <span class='ocrx_word' id='word_1_764' title='bbox 3239 4931 3500 4979; x_wconf 82' lang='lat' dir='ltr'><strong>teneatur.</strong></span> <span class='ocrx_word' id='word_1_765' title='bbox 3552 4942 3572 4976; x_wconf 77' lang='grc' dir='ltr'><strong>ι</strong></span> 
     </span>
    </p>
   </div>
   <div class='ocr_carea' id='block_1_111' title="bbox 2073 5010 3580 5084">
    <p class='ocr_par' dir='ltr' id='par_1_111' title="bbox 2073 5010 3580 5084">
     <span class='ocr_line' id='line_1_111' title="bbox 2073 5010 3580 5084; baseline 0.003 -18"><span class='ocrx_word' id='word_1_766' title='bbox 2073 5011 2227 5066; x_wconf 90' lang='lat' dir='ltr'><strong>llunc</strong></span> <span class='ocrx_word' id='word_1_767' title='bbox 2257 5013 2472 5068; x_wconf 86' lang='lat' dir='ltr'><strong>modqu</strong></span> <span class='ocrx_word' id='word_1_768' title='bbox 2500 5010 2779 5077; x_wconf 86' lang='lat' dir='ltr'><strong>Dominus,</strong></span> <span class='ocrx_word' id='word_1_769' title='bbox 2811 5013 3168 5069; x_wconf 81' lang='lat' dir='ltr'><strong>amarissimis</strong></span> <span class='ocrx_word' id='word_1_770' title='bbox 3199 5023 3404 5070; x_wconf 73' lang='lat' dir='ltr'><strong>natura:</strong></span> <span class='ocrx_word' id='word_1_771' title='bbox 3427 5016 3580 5084; x_wconf 77' lang='lat' dir='ltr'><strong>jura-</strong></span> 
     </span>
    </p>
   </div>
   <div class='ocr_carea' id='block_1_112' title="bbox 1998 5103 3580 5178">
    <p class='ocr_par' dir='ltr' id='par_1_112' title="bbox 1998 5103 3580 5178">
     <span class='ocr_line' id='line_1_112' title="bbox 1998 5103 3580 5178; baseline 0.003 -18"><span class='ocrx_word' id='word_1_772' title='bbox 1998 5105 2065 5161; x_wconf 91' lang='lat' dir='ltr'><strong>lis</strong></span> <span class='ocrx_word' id='word_1_773' title='bbox 2114 5104 2413 5159; x_wconf 84' lang='lat' dir='ltr'><strong>sauciatam</strong></span> <span class='ocrx_word' id='word_1_774' title='bbox 2470 5103 2696 5161; x_wconf 83' lang='lat' dir='ltr'><strong>Matrem</strong></span> <span class='ocrx_word' id='word_1_775' title='bbox 2743 5115 3050 5176; x_wconf 83' lang='lat' dir='ltr'><strong>aspectans,</strong></span> <span class='ocrx_word' id='word_1_776' title='bbox 3113 5107 3402 5178; x_wconf 81' lang='lat' dir='ltr'><strong>ignemque</strong></span> <span class='ocrx_word' id='word_1_777' title='bbox 3456 5109 3580 5164; x_wconf 80' lang='lat' dir='ltr'><strong>imis</strong></span> 
     </span>
    </p>
   </div>
   <div class='ocr_carea' id='block_1_113' title="bbox 1998 5195 3576 5270">
    <p class='ocr_par' dir='ltr' id='par_1_113' title="bbox 1998 5195 3576 5270">
     <span class='ocr_line' id='line_1_113' title="bbox 1998 5195 3576 5270; baseline 0.001 -18"><span class='ocrx_word' id='word_1_778' title='bbox 1998 5195 2314 5266; x_wconf 71' lang='lat' dir='ltr'><strong>prmcordiis</strong></span> <span class='ocrx_word' id='word_1_779' title='bbox 2345 5211 2661 5264; x_wconf 73' lang='lat' dir='ltr'><strong>accensum,</strong></span> <span class='ocrx_word' id='word_1_780' title='bbox 2685 5198 2900 5269; x_wconf 86' lang='lat' dir='ltr'><strong>qualem</strong></span> <span class='ocrx_word' id='word_1_781' title='bbox 2931 5199 3062 5255; x_wconf 81' lang='lat' dir='ltr'><strong>foris</strong></span> <span class='ocrx_word' id='word_1_782' title='bbox 3098 5199 3236 5255; x_wconf 88' lang='lat' dir='ltr'><strong>labia</strong></span> <span class='ocrx_word' id='word_1_783' title='bbox 3260 5201 3576 5270; x_wconf 83' lang='lat' dir='ltr'><strong>prodebant.</strong></span> 
     </span>
    </p>
   </div>
   <div class='ocr_carea' id='block_1_114' title="bbox 1999 5289 3582 5361">
    <p class='ocr_par' dir='ltr' id='par_1_114' title="bbox 1999 5289 3582 5361">
     <span class='ocr_line' id='line_1_114' title="bbox 1999 5289 3582 5361; baseline -0.003 -16"><span class='ocrx_word' id='word_1_784' title='bbox 1999 5301 2276 5358; x_wconf 84' lang='lat' dir='ltr'><strong>scrutaus,</strong></span> <span class='ocrx_word' id='word_1_785' title='bbox 2302 5289 2712 5346; x_wconf 87' lang='lat' dir='ltr'><strong>desiderabilem</strong></span> <span class='ocrx_word' id='word_1_786' title='bbox 2739 5293 2940 5348; x_wconf 88' lang='lat' dir='ltr'><strong>emittit</strong></span> <span class='ocrx_word' id='word_1_787' title='bbox 2971 5309 3182 5354; x_wconf 79' lang='lat' dir='ltr'><strong>vocem.</strong></span> <span class='ocrx_word' id='word_1_788' title='bbox 3216 5307 3352 5345; x_wconf 87' lang='lat' dir='ltr'><strong>sono</strong></span> <span class='ocrx_word' id='word_1_789' title='bbox 3383 5290 3582 5361; x_wconf 75' lang='lat' dir='ltr'><strong>magis,</strong></span> 
     </span>
    </p>
   </div>
   <div class='ocr_carea' id='block_1_115' title="bbox 1998 5381 3582 5452">
    <p class='ocr_par' dir='ltr' id='par_1_115' title="bbox 1998 5381 3582 5452">
     <span class='ocr_line' id='line_1_115' title="bbox 1998 5381 3582 5452; baseline 0.002 -19"><span class='ocrx_word' id='word_1_790' title='bbox 1998 5397 2160 5452; x_wconf 86' lang='lat' dir='ltr'><strong>quam</strong></span> <span class='ocrx_word' id='word_1_791' title='bbox 2206 5383 2494 5436; x_wconf 84' lang='lat' dir='ltr'><strong>verborum</strong></span> <span class='ocrx_word' id='word_1_792' title='bbox 2544 5391 2756 5436; x_wconf 83' lang='lat' dir='ltr'><strong>textura</strong></span> <span class='ocrx_word' id='word_1_793' title='bbox 2805 5399 3056 5438; x_wconf 85' lang='lat' dir='ltr'><strong>recreare</strong></span> <span class='ocrx_word' id='word_1_794' title='bbox 3105 5384 3412 5438; x_wconf 85' lang='lat' dir='ltr'><strong>habentem.</strong></span> <span class='ocrx_word' id='word_1_795' title='bbox 3468 5381 3582 5436; x_wconf 87' lang='lat' dir='ltr'><strong>lloc</strong></span> 
     </span>
    </p>
   </div>
   <div class='ocr_carea' id='block_1_116' title="bbox 2000 5473 3582 5546">
    <p class='ocr_par' dir='ltr' id='par_1_116' title="bbox 2000 5473 3582 5546">
     <span class='ocr_line' id='line_1_116' title="bbox 2000 5473 3582 5546; baseline -0.001 -18"><span class='ocrx_word' id='word_1_796' title='bbox 2000 5475 2145 5528; x_wconf 87' lang='lat' dir='ltr'><strong>enim</strong></span> <span class='ocrx_word' id='word_1_797' title='bbox 2187 5473 2424 5544; x_wconf 88' lang='lat' dir='ltr'><strong>cupienti</strong></span> <span class='ocrx_word' id='word_1_798' title='bbox 2483 5477 2668 5530; x_wconf 89' lang='lat' dir='ltr'><strong>animo</strong></span> <span class='ocrx_word' id='word_1_799' title='bbox 2706 5476 3006 5546; x_wconf 61' lang='lat' dir='ltr'><strong>quaerebat,</strong></span> <span class='ocrx_word' id='word_1_800' title='bbox 3041 5485 3098 5527; x_wconf 90' lang='grc' dir='ltr'><strong>ιιι</strong></span> <span class='ocrx_word' id='word_1_801' title='bbox 3139 5473 3220 5526; x_wconf 80' lang='lat' dir='ltr'><strong>vel</strong></span> <span class='ocrx_word' id='word_1_802' title='bbox 3255 5475 3408 5526; x_wconf 67' lang='lat' dir='ltr'><strong>nuda:</strong></span> <span class='ocrx_word' id='word_1_803' title='bbox 3459 5483 3582 5528; x_wconf 86' lang='lat' dir='ltr'><strong>tan-</strong></span> 
     </span>
    </p>
   </div>
   <div class='ocr_carea' id='block_1_117' title="bbox 2001 5559 3679 5638">
    <p class='ocr_par' dir='ltr' id='par_1_117' title="bbox 2001 5559 3679 5638">
     <span class='ocr_line' id='line_1_117' title="bbox 2001 5559 3679 5638; baseline 0.003 -18"><span class='ocrx_word' id='word_1_804' title='bbox 2001 5575 2110 5620; x_wconf 90' lang='lat' dir='ltr'><strong>tmn</strong></span> <span class='ocrx_word' id='word_1_805' title='bbox 2144 5561 2292 5622; x_wconf 51' lang='lat' dir='ltr'><strong>focis</strong></span> <span class='ocrx_word' id='word_1_806' title='bbox 2323 5583 2540 5635; x_wconf 89' lang='lat' dir='ltr'><strong>sonum,</strong></span> <span class='ocrx_word' id='word_1_807' title='bbox 2571 5569 2879 5638; x_wconf 76' lang='lat' dir='ltr'><strong>proferente</strong></span> <span class='ocrx_word' id='word_1_808' title='bbox 2913 5566 3312 5630; x_wconf 69' lang='grc' dir='ltr'><strong>ιιιιιτιιιιίεδὶιιιο,</strong></span> <span class='ocrx_word' id='word_1_809' title='bbox 3345 5569 3578 5626; x_wconf 83' lang='lat' dir='ltr'><strong>audiret.</strong></span> <span class='ocrx_word' id='word_1_810' title='bbox 3667 5559 3679 5569; x_wconf 69' lang='grc'><strong><em>’</em></strong></span> 
     </span>
    </p>
   </div>
   <div class='ocr_carea' id='block_1_118' title="bbox 2000 5653 3582 5726">
    <p class='ocr_par' dir='ltr' id='par_1_118' title="bbox 2000 5653 3582 5726">
     <span class='ocr_line' id='line_1_118' title="bbox 2000 5653 3582 5726; baseline 0.006 -17"><span class='ocrx_word' id='word_1_811' title='bbox 2000 5653 2124 5710; x_wconf 64' lang='lat' dir='ltr'><strong>iisne</strong></span> <span class='ocrx_word' id='word_1_812' title='bbox 2150 5665 2331 5712; x_wconf 85' lang='lat' dir='ltr'><strong>autem</strong></span> <span class='ocrx_word' id='word_1_813' title='bbox 2392 5656 2517 5713; x_wconf 87' lang='lat' dir='ltr'><strong>talis</strong></span> <span class='ocrx_word' id='word_1_814' title='bbox 2561 5665 2705 5722; x_wconf 87' lang='lat' dir='ltr'><strong>erat,</strong></span> <span class='ocrx_word' id='word_1_815' title='bbox 2756 5665 2813 5711; x_wconf 90' lang='lat' dir='ltr'><strong>ut</strong></span> <span class='ocrx_word' id='word_1_816' title='bbox 2858 5657 3044 5726; x_wconf 82' lang='lat' dir='ltr'><strong>paucis</strong></span> <span class='ocrx_word' id='word_1_817' title='bbox 3099 5659 3351 5714; x_wconf 83' lang='lat' dir='ltr'><strong>testantis</strong></span> <span class='ocrx_word' id='word_1_818' title='bbox 3397 5662 3582 5720; x_wconf 76' lang='lat' dir='ltr'><strong>omnia</strong></span> 
     </span>
    </p>
   </div>
   <div class='ocr_carea' id='block_1_119' title="bbox 2003 5746 3628 5831">
    <p class='ocr_par' dir='ltr' id='par_1_119' title="bbox 2003 5746 3628 5831">
     <span class='ocr_line' id='line_1_119' title="bbox 2003 5746 3628 5831; baseline 0.007 -29"><span class='ocrx_word' id='word_1_819' title='bbox 2003 5747 2289 5807; x_wconf 75' lang='lat' dir='ltr'><strong>indicaret.</strong></span> <span class='ocrx_word' id='word_1_820' title='bbox 2324 5746 2558 5815; x_wconf 75' lang='lat' dir='ltr'><strong>Mulier,</strong></span> <span class='ocrx_word' id='word_1_821' title='bbox 2609 5765 2725 5804; x_wconf 77' lang='lat' dir='ltr'><strong>ecce</strong></span> <span class='ocrx_word' id='word_1_822' title='bbox 2747 5787 2764 5816; x_wconf 89' lang='lat'><strong>,</strong></span> <span class='ocrx_word' id='word_1_823' title='bbox 2793 5747 2969 5819; x_wconf 86' lang='lat' dir='ltr'><strong>inquit</strong></span> <span class='ocrx_word' id='word_1_824' title='bbox 2992 5790 3007 5816; x_wconf 89' lang='lat'><strong>,</strong></span> <span class='ocrx_word' id='word_1_825' title='bbox 3039 5749 3182 5819; x_wconf 73' lang='lat' dir='ltr'><strong>ﬁlius</strong></span> <span class='ocrx_word' id='word_1_826' title='bbox 3215 5761 3334 5807; x_wconf 72' lang='lat' dir='ltr'><strong>tuus</strong></span> <span class='ocrx_word' id='word_1_827' title='bbox 3368 5772 3386 5810; x_wconf 91' lang='lat'><strong><em>:</em></strong></span> <span class='ocrx_word' id='word_1_828' title='bbox 3420 5751 3628 5831; x_wconf 45' lang='lat' dir='ltr'><strong>nimio;</strong></span> 
     </span>
    </p>
   </div>
  </div>
