  <div class='ocr_page' id='page_1' title='image "/cluster/home/n/w/nwhite01/storage/ocr_20150623/100/nnc1.0046980229/026.png"; bbox 0 0 4240 6438; ppageno 0'>
   <div class='ocr_carea' id='block_1_1' title="bbox 228 410 3484 505">
    <p class='ocr_par' dir='ltr' id='par_1_1' title="bbox 228 410 3484 505">
     <span class='ocr_line' id='line_1_1' title="bbox 228 410 3484 505; baseline 0.009 -50"><span class='ocrx_word' id='word_1_1' title='bbox 228 410 291 472; x_wconf 80' lang='lat'><strong>37</strong></span> <span class='ocrx_word' id='word_1_2' title='bbox 1768 411 1957 471; x_wconf 84' lang='lat' dir='ltr'><strong><em>VITA.</em></strong></span> <span class='ocrx_word' id='word_1_3' title='bbox 3413 446 3484 505; x_wconf 74' lang='lat'><strong><em>33</em></strong></span> 
     </span>
    </p>
   </div>
   <div class='ocr_carea' id='block_1_2' title="bbox 228 518 3486 600">
    <p class='ocr_par' dir='ltr' id='par_1_2' title="bbox 228 518 3486 600">
     <span class='ocr_line' id='line_1_2' title="bbox 228 518 3486 600; baseline 0.004 -31"><span class='ocrx_word' id='word_1_4' title='bbox 228 521 413 600; x_wconf 73' lang='lat' dir='ltr'><strong><em>studio</em></strong></span> <span class='ocrx_word' id='word_1_5' title='bbox 446 519 923 600; x_wconf 40' lang='lat' dir='ltr'><strong><em>Dionysiinlftitavii</em></strong></span> <span class='ocrx_word' id='word_1_6' title='bbox 976 534 1004 574; x_wconf 85' lang='lat' dir='ltr'><strong><em>e</em></strong></span> <span class='ocrx_word' id='word_1_7' title='bbox 1035 518 1295 574; x_wconf 82' lang='lat' dir='ltr'><strong><em>societate</em></strong></span> <span class='ocrx_word' id='word_1_8' title='bbox 1327 519 1473 583; x_wconf 82' lang='lat' dir='ltr'><strong><em>Jesu,</em></strong></span> <span class='ocrx_word' id='word_1_9' title='bbox 1518 535 1639 574; x_wconf 88' lang='lat' dir='ltr'><strong><em>eum</em></strong></span> <span class='ocrx_word' id='word_1_10' title='bbox 1670 520 1909 586; x_wconf 82' lang='lat' dir='ltr'><strong><em>ejusdem</em></strong></span> <span class='ocrx_word' id='word_1_11' title='bbox 1964 522 2105 574; x_wconf 78' lang='lat' dir='ltr'><strong><em>netis</em></strong></span> <span class='ocrx_word' id='word_1_12' title='bbox 2142 522 2561 591; x_wconf 85' lang='lat' dir='ltr'><strong><em>chronologicis.</em></strong></span> <span class='ocrx_word' id='word_1_13' title='bbox 2597 521 2820 578; x_wconf 64' lang='lat' dir='ltr'><strong><em>Parisiic</em></strong></span> <span class='ocrx_word' id='word_1_14' title='bbox 2882 525 3061 590; x_wconf 82' lang='lat' dir='ltr'><strong><em>t6lb;</em></strong></span> <span class='ocrx_word' id='word_1_15' title='bbox 3102 534 3155 579; x_wconf 86' lang='lat' dir='ltr'><strong><em>et</em></strong></span> <span class='ocrx_word' id='word_1_16' title='bbox 3213 543 3276 581; x_wconf 75' lang='lat' dir='ltr'><strong><em>ex</em></strong></span> <span class='ocrx_word' id='word_1_17' title='bbox 3332 539 3486 600; x_wconf 71' lang='lat' dir='ltr'><strong><em>typo.</em></strong></span> 
     </span>
    </p>
   </div>
   <div class='ocr_carea' id='block_1_3' title="bbox 232 590 821 659">
    <p class='ocr_par' dir='ltr' id='par_1_3' title="bbox 232 590 821 659">
     <span class='ocr_line' id='line_1_3' title="bbox 232 590 821 659; baseline 0.003 -17"><span class='ocrx_word' id='word_1_18' title='bbox 232 590 449 657; x_wconf 69' lang='lat' dir='ltr'><strong><em>grapbin</em></strong></span> <span class='ocrx_word' id='word_1_19' title='bbox 487 592 629 659; x_wconf 83' lang='lat' dir='ltr'><strong><em>regia</em></strong></span> <span class='ocrx_word' id='word_1_20' title='bbox 663 590 821 645; x_wconf 70' lang='grc'><strong><em>1648.</em></strong></span> 
     </span>
    </p>
   </div>
   <div class='ocr_carea' id='block_1_4' title="bbox 1108 680 2606 761">
    <p class='ocr_par' dir='ltr' id='par_1_4' title="bbox 1108 680 2606 761">
     <span class='ocr_line' id='line_1_4' title="bbox 1108 680 2606 761; baseline 0.003 -20"><span class='ocrx_word' id='word_1_21' title='bbox 1108 680 1317 759; x_wconf 82' lang='lat' dir='ltr'><strong><em>Opera</em></strong></span> <span class='ocrx_word' id='word_1_22' title='bbox 1352 682 1547 742; x_wconf 80' lang='lat' dir='ltr'><strong><em>dubia</em></strong></span> <span class='ocrx_word' id='word_1_23' title='bbox 1590 684 1655 742; x_wconf 88' lang='lat' dir='ltr'><strong><em>S.</em></strong></span> <span class='ocrx_word' id='word_1_24' title='bbox 1699 683 2043 759; x_wconf 82' lang='lat' dir='ltr'><strong><em>Nicephori</em></strong></span> <span class='ocrx_word' id='word_1_25' title='bbox 2082 682 2464 760; x_wconf 73' lang='lat' dir='ltr'><strong><em>patriarcha:</em></strong></span> <span class='ocrx_word' id='word_1_26' title='bbox 2492 684 2606 761; x_wconf 83' lang='lat' dir='ltr'><strong><em>Cp.</em></strong></span> 
     </span>
    </p>
   </div>
   <div class='ocr_carea' id='block_1_5' title="bbox 233 779 3489 859">
    <p class='ocr_par' dir='ltr' id='par_1_5' title="bbox 233 779 3489 859">
     <span class='ocr_line' id='line_1_5' title="bbox 233 779 3489 859; baseline 0.003 -28"><span class='ocrx_word' id='word_1_27' title='bbox 233 779 709 859; x_wconf 57' lang='lat' dir='ltr'><strong><em>lntfrpremmenta</em></strong></span> <span class='ocrx_word' id='word_1_28' title='bbox 737 784 1067 859; x_wconf 82' lang='lat' dir='ltr'><strong><em>somniorum</em></strong></span> <span class='ocrx_word' id='word_1_29' title='bbox 1098 786 1400 859; x_wconf 59' lang='lat' dir='ltr'><strong><em>secundum</em></strong></span> <span class='ocrx_word' id='word_1_30' title='bbox 1447 784 1687 859; x_wconf 66' lang='lat' dir='ltr'><strong><em>ordinem</em></strong></span> <span class='ocrx_word' id='word_1_31' title='bbox 1716 784 2015 859; x_wconf 59' lang='grc' dir='ltr'><strong><em>ΔιτΙρΙιςιιζιξιὶ,</em></strong></span> <span class='ocrx_word' id='word_1_32' title='bbox 2049 785 2283 859; x_wconf 77' lang='lat' dir='ltr'><strong><em>versibus</em></strong></span> <span class='ocrx_word' id='word_1_33' title='bbox 2312 785 2572 859; x_wconf 75' lang='lat' dir='ltr'><strong><em>iambicis.</em></strong></span> <span class='ocrx_word' id='word_1_34' title='bbox 2610 784 2772 859; x_wconf 68' lang='lat' dir='ltr'><strong><em>Edita</em></strong></span> <span class='ocrx_word' id='word_1_35' title='bbox 2795 805 2827 859; x_wconf 67' lang='grc' dir='ltr'><strong>ρ</strong></span> <span class='ocrx_word' id='word_1_36' title='bbox 2856 786 3081 841; x_wconf 83' lang='lat' dir='ltr'><strong><em>Nico/no</em></strong></span> <span class='ocrx_word' id='word_1_37' title='bbox 3108 788 3344 859; x_wconf 64' lang='lat' dir='ltr'><strong><em>Riguétio</em></strong></span> <span class='ocrx_word' id='word_1_38' title='bbox 3371 799 3489 859; x_wconf 83' lang='lat' dir='ltr'><strong><em>post</em></strong></span> 
     </span>
    </p>
   </div>
   <div class='ocr_carea' id='block_1_6' title="bbox 298 852 3490 927">
    <p class='ocr_par' dir='ltr' id='par_1_6' title="bbox 298 852 3490 927">
     <span class='ocr_line' id='line_1_6' title="bbox 298 852 3490 927; baseline 0.003 -23"><span class='ocrx_word' id='word_1_39' title='bbox 298 852 718 927; x_wconf 29' lang='lat' dir='ltr'><strong><em>Oileirocrit‘icon</em></strong></span> <span class='ocrx_word' id='word_1_40' title='bbox 746 854 1390 927; x_wconf 32' lang='lat' dir='ltr'><strong><em>f4st‘rantpttyclri,_eodem</em></strong></span> <span class='ocrx_word' id='word_1_41' title='bbox 1439 870 1544 922; x_wconf 85' lang='lat' dir='ltr'><strong><em>quo</em></strong></span> <span class='ocrx_word' id='word_1_42' title='bbox 1593 852 2013 907; x_wconf 87' lang='lat' dir='ltr'><strong><em>Oneirocriticon</em></strong></span> <span class='ocrx_word' id='word_1_43' title='bbox 2067 856 2394 907; x_wconf 74' lang='lat' dir='ltr'><strong><em>Artemidori</em></strong></span> <span class='ocrx_word' id='word_1_44' title='bbox 2441 854 2722 908; x_wconf 78' lang='lat' dir='ltr'><strong><em>volumine.</em></strong></span> <span class='ocrx_word' id='word_1_45' title='bbox 2782 856 2847 911; x_wconf 87' lang='lat' dir='ltr'><strong><em>In</em></strong></span> <span class='ocrx_word' id='word_1_46' title='bbox 2898 868 3087 927; x_wconf 86' lang='lat' dir='ltr'><strong><em>quarto</em></strong></span> <span class='ocrx_word' id='word_1_47' title='bbox 3138 852 3386 922; x_wconf 54' lang='lat' dir='ltr'><strong><em>Lutetia&quot;,</em></strong></span> <span class='ocrx_word' id='word_1_48' title='bbox 3424 875 3490 914; x_wconf 67' lang='grc' dir='ltr'><em>επ</em></span> 
     </span>
    </p>
   </div>
   <div class='ocr_carea' id='block_1_7' title="bbox 300 920 1228 989">
    <p class='ocr_par' dir='ltr' id='par_1_7' title="bbox 300 920 1228 989">
     <span class='ocr_line' id='line_1_7' title="bbox 300 920 1228 989; baseline 0.003 -17"><span class='ocrx_word' id='word_1_49' title='bbox 300 922 507 989; x_wconf 70' lang='grc' dir='ltr'><strong><em>οθῑειηη</em></strong></span> <span class='ocrx_word' id='word_1_50' title='bbox 540 920 757 974; x_wconf 76' lang='lat' dir='ltr'><strong><em>Claudii</em></strong></span> <span class='ocrx_word' id='word_1_51' title='bbox 793 920 1039 985; x_wconf 23' lang='lat' dir='ltr'><strong><em>Horelli,‘</em></strong></span> <span class='ocrx_word' id='word_1_52' title='bbox 1066 924 1228 976; x_wconf 77' lang='grc'><strong><em>1605.</em></strong></span> 
     </span>
    </p>
   </div>
   <div class='ocr_carea' id='block_1_8' title="bbox 228 988 3485 1060">
    <p class='ocr_par' dir='ltr' id='par_1_8' title="bbox 228 988 3485 1060">
     <span class='ocr_line' id='line_1_8' title="bbox 228 988 3485 1060; baseline 0.004 -18"><span class='ocrx_word' id='word_1_53' title='bbox 228 988 507 1060; x_wconf 68' lang='lat' dir='ltr'><strong><em>Macarius</em></strong></span> <span class='ocrx_word' id='word_1_54' title='bbox 574 991 813 1059; x_wconf 76' lang='lat' dir='ltr'><strong><em>Magnes,</em></strong></span> <span class='ocrx_word' id='word_1_55' title='bbox 851 1008 944 1045; x_wconf 85' lang='lat' dir='ltr'><strong><em>seu</em></strong></span> <span class='ocrx_word' id='word_1_56' title='bbox 992 992 1056 1045; x_wconf 86' lang='lat' dir='ltr'><strong><em>de</em></strong></span> <span class='ocrx_word' id='word_1_57' title='bbox 1092 993 1335 1046; x_wconf 72' lang='lat' dir='ltr'><strong><em>Macario</em></strong></span> <span class='ocrx_word' id='word_1_58' title='bbox 1378 991 1642 1060; x_wconf 76' lang='lat' dir='ltr'><strong><em>Magnete,</em></strong></span> <span class='ocrx_word' id='word_1_59' title='bbox 1696 1002 1911 1045; x_wconf 86' lang='lat' dir='ltr'><strong><em>auctore</em></strong></span> <span class='ocrx_word' id='word_1_60' title='bbox 1969 993 2341 1052; x_wconf 71' lang='lat' dir='ltr'><strong><em>vetustissimo.</em></strong></span> <span class='ocrx_word' id='word_1_61' title='bbox 2376 1001 2605 1045; x_wconf 82' lang='lat' dir='ltr'><strong><em>veterum</em></strong></span> <span class='ocrx_word' id='word_1_62' title='bbox 2655 1010 2717 1046; x_wconf 86' lang='lat' dir='ltr'><strong><em>ac</em></strong></span> <span class='ocrx_word' id='word_1_63' title='bbox 2773 999 3121 1049; x_wconf 72' lang='lat' dir='ltr'><strong><em>recentiorum</em></strong></span> <span class='ocrx_word' id='word_1_64' title='bbox 3158 1001 3485 1054; x_wconf 82' lang='lat' dir='ltr'><strong><em>testimonia.</em></strong></span> 
     </span>
    </p>
   </div>
   <div class='ocr_carea' id='block_1_9' title="bbox 295 1057 3413 1138">
    <p class='ocr_par' dir='ltr' id='par_1_9' title="bbox 295 1057 3413 1138">
     <span class='ocr_line' id='line_1_9' title="bbox 295 1057 3413 1138; baseline 0.003 -26"><span class='ocrx_word' id='word_1_65' title='bbox 295 1057 437 1113; x_wconf 83' lang='lat' dir='ltr'><strong><em>Item</em></strong></span> <span class='ocrx_word' id='word_1_66' title='bbox 465 1057 764 1130; x_wconf 78' lang='lat' dir='ltr'><strong><em>fragmenta</em></strong></span> <span class='ocrx_word' id='word_1_67' title='bbox 792 1078 858 1116; x_wconf 63' lang='lat' dir='ltr'><strong><em>ex</em></strong></span> <span class='ocrx_word' id='word_1_68' title='bbox 891 1065 1130 1131; x_wconf 85' lang='lat' dir='ltr'><strong><em>ejusdem</em></strong></span> <span class='ocrx_word' id='word_1_69' title='bbox 1159 1064 1307 1115; x_wconf 80' lang='lat' dir='ltr'><strong><em>libris</em></strong></span> <span class='ocrx_word' id='word_1_70' title='bbox 1330 1057 1598 1129; x_wconf 70' lang='lat' dir='ltr'><strong><em>excerpta,</em></strong></span> <span class='ocrx_word' id='word_1_71' title='bbox 1633 1063 1882 1132; x_wconf 87' lang='lat' dir='ltr'><strong><em>pleraque</em></strong></span> <span class='ocrx_word' id='word_1_72' title='bbox 1911 1079 2045 1115; x_wconf 83' lang='lat' dir='ltr'><strong><em>nunc</em></strong></span> <span class='ocrx_word' id='word_1_73' title='bbox 2077 1064 2304 1129; x_wconf 84' lang='lat' dir='ltr'><strong><em>primum</em></strong></span> <span class='ocrx_word' id='word_1_74' title='bbox 2330 1078 2355 1114; x_wconf 95' lang='lat' dir='ltr'><strong><em>e</em></strong></span> <span class='ocrx_word' id='word_1_75' title='bbox 2378 1062 2753 1131; x_wconf 78' lang='lat' dir='ltr'><strong><em>manuscriptis</em></strong></span> <span class='ocrx_word' id='word_1_76' title='bbox 2784 1067 3049 1121; x_wconf 71' lang='lat' dir='ltr'><strong><em>codicibus</em></strong></span> <span class='ocrx_word' id='word_1_77' title='bbox 3078 1070 3413 1138; x_wconf 73' lang='lat' dir='ltr'><strong><em>deprompta.</em></strong></span> 
     </span>
    </p>
   </div>
   <div class='ocr_carea' id='block_1_10' title="bbox 1120 1149 2611 1229">
    <p class='ocr_par' dir='ltr' id='par_1_10' title="bbox 1120 1149 2611 1229">
     <span class='ocr_line' id='line_1_10' title="bbox 1120 1149 2611 1229; baseline 0.001 -17"><span class='ocrx_word' id='word_1_78' title='bbox 1120 1150 1327 1212; x_wconf 76' lang='lat' dir='ltr'><strong><em>Index</em></strong></span> <span class='ocrx_word' id='word_1_79' title='bbox 1363 1169 1598 1223; x_wconf 85' lang='lat' dir='ltr'><strong><em>eorum,</em></strong></span> <span class='ocrx_word' id='word_1_80' title='bbox 1627 1168 1761 1229; x_wconf 67' lang='lat' dir='ltr'><strong><em>qua»:</em></strong></span> <span class='ocrx_word' id='word_1_81' title='bbox 1792 1154 1906 1213; x_wconf 88' lang='lat' dir='ltr'><strong><em>hoc</em></strong></span> <span class='ocrx_word' id='word_1_82' title='bbox 1944 1149 2154 1212; x_wconf 80' lang='lat' dir='ltr'><strong><em>libello</em></strong></span> <span class='ocrx_word' id='word_1_83' title='bbox 2187 1153 2611 1213; x_wconf 77' lang='lat' dir='ltr'><strong><em>continentur.</em></strong></span> 
     </span>
    </p>
   </div>
   <div class='ocr_carea' id='block_1_11' title="bbox 295 1247 3487 1319">
    <p class='ocr_par' dir='ltr' id='par_1_11' title="bbox 295 1247 3487 1319">
     <span class='ocr_line' id='line_1_11' title="bbox 295 1247 3487 1319; baseline 0.005 -18"><span class='ocrx_word' id='word_1_84' title='bbox 295 1250 339 1301; x_wconf 88' lang='grc'>1.</span> <span class='ocrx_word' id='word_1_85' title='bbox 376 1247 634 1301; x_wconf 70' lang='lat' dir='ltr'><strong><em>Prazl’atio</em></strong></span> <span class='ocrx_word' id='word_1_86' title='bbox 674 1248 898 1303; x_wconf 80' lang='lat' dir='ltr'><strong><em>Joannis</em></strong></span> <span class='ocrx_word' id='word_1_87' title='bbox 934 1248 1190 1312; x_wconf 84' lang='lat' dir='ltr'><strong><em>Boivinii,</em></strong></span> <span class='ocrx_word' id='word_1_88' title='bbox 1223 1250 1288 1303; x_wconf 87' lang='lat' dir='ltr'><strong><em>de</em></strong></span> <span class='ocrx_word' id='word_1_89' title='bbox 1310 1248 1549 1319; x_wconf 79' lang='lat' dir='ltr'><strong><em>Macario</em></strong></span> <span class='ocrx_word' id='word_1_90' title='bbox 1585 1249 1851 1319; x_wconf 80' lang='lat' dir='ltr'><strong><em>Magnete</em></strong></span> <span class='ocrx_word' id='word_1_91' title='bbox 1880 1260 1936 1303; x_wconf 90' lang='lat' dir='ltr'><strong><em>et</em></strong></span> <span class='ocrx_word' id='word_1_92' title='bbox 1968 1251 2035 1303; x_wconf 87' lang='lat' dir='ltr'><strong><em>de</em></strong></span> <span class='ocrx_word' id='word_1_93' title='bbox 2068 1248 2187 1319; x_wconf 83' lang='lat' dir='ltr'><strong><em>ejus</em></strong></span> <span class='ocrx_word' id='word_1_94' title='bbox 2218 1252 2496 1318; x_wconf 82' lang='lat' dir='ltr'><strong><em>Operibus.</em></strong></span> <span class='ocrx_word' id='word_1_95' title='bbox 2529 1280 2598 1292; x_wconf 94' lang='lat'>—</span> <span class='ocrx_word' id='word_1_96' title='bbox 2634 1252 2694 1306; x_wconf 91' lang='lat' dir='ltr'><strong><em>ll.</em></strong></span> <span class='ocrx_word' id='word_1_97' title='bbox 2740 1252 3137 1311; x_wconf 75' lang='lat' dir='ltr'><strong><em>Testimonium</em></strong></span> <span class='ocrx_word' id='word_1_98' title='bbox 3188 1258 3366 1316; x_wconf 79' lang='lat' dir='ltr'><strong><em>Photii</em></strong></span> <span class='ocrx_word' id='word_1_99' title='bbox 3417 1264 3487 1319; x_wconf 84' lang='lat' dir='ltr'><strong><em>de</em></strong></span> 
     </span>
    </p>
   </div>
   <div class='ocr_carea' id='block_1_12' title="bbox 226 1317 3488 1398">
    <p class='ocr_par' dir='ltr' id='par_1_12' title="bbox 226 1317 3488 1398">
     <span class='ocr_line' id='line_1_12' title="bbox 226 1317 3488 1398; baseline 0.013 -52"><span class='ocrx_word' id='word_1_100' title='bbox 226 1319 485 1382; x_wconf 53' lang='lat' dir='ltr'><strong><em>nmmo,</em></strong></span> <span class='ocrx_word' id='word_1_101' title='bbox 542 1319 851 1398; x_wconf 47' lang='lat' dir='ltr'><strong><em>Magnetum</em></strong></span> <span class='ocrx_word' id='word_1_102' title='bbox 903 1321 1271 1398; x_wconf 49' lang='grc' dir='ltr'><strong><em>ςρίερορομ-</em></strong></span> <span class='ocrx_word' id='word_1_103' title='bbox 1308 1317 1392 1398; x_wconf 72' lang='lat' dir='ltr'><strong><em>lli.</em></strong></span> <span class='ocrx_word' id='word_1_104' title='bbox 1450 1318 1527 1398; x_wconf 65' lang='lat' dir='ltr'><strong><em>pe</em></strong></span> <span class='ocrx_word' id='word_1_105' title='bbox 1574 1318 2022 1398; x_wconf 80' lang='lat' dir='ltr'><strong><em>verliis__Macarii</em></strong></span> <span class='ocrx_word' id='word_1_106' title='bbox 2090 1317 2396 1386; x_wconf 82' lang='lat' dir='ltr'><strong><em>Magnetis,</em></strong></span> <span class='ocrx_word' id='word_1_107' title='bbox 2432 1336 2567 1398; x_wconf 55' lang='lat' dir='ltr'><strong><em>una}</em></strong></span> <span class='ocrx_word' id='word_1_108' title='bbox 2611 1320 2952 1398; x_wconf 84' lang='lat' dir='ltr'><strong><em>lconomachi</em></strong></span> <span class='ocrx_word' id='word_1_109' title='bbox 3008 1340 3192 1381; x_wconf 91' lang='lat' dir='ltr'><strong><em>contra</em></strong></span> <span class='ocrx_word' id='word_1_110' title='bbox 3228 1317 3488 1398; x_wconf 73' lang='lat' dir='ltr'><strong><em>imagines</em></strong></span> 
     </span>
    </p>
   </div>
   <div class='ocr_carea' id='block_1_13' title="bbox 226 1388 3483 1462">
    <p class='ocr_par' dir='ltr' id='par_1_13' title="bbox 226 1388 3483 1462">
     <span class='ocr_line' id='line_1_13' title="bbox 226 1388 3483 1462; baseline 0.006 -28"><span class='ocrx_word' id='word_1_111' title='bbox 226 1403 417 1442; x_wconf 79' lang='lat' dir='ltr'><strong><em>sacras</em></strong></span> <span class='ocrx_word' id='word_1_112' title='bbox 448 1458 457 1462; x_wconf 25' lang='grc' dir='ltr'><strong>Δ</strong></span> <span class='ocrx_word' id='word_1_113' title='bbox 488 1390 858 1455; x_wconf 83' lang='lat' dir='ltr'><strong><em>protulerant.</em></strong></span> <span class='ocrx_word' id='word_1_114' title='bbox 907 1390 1224 1462; x_wconf 66' lang='lat' dir='ltr'><strong><em>Antis_titttm</em></strong></span> <span class='ocrx_word' id='word_1_115' title='bbox 1267 1389 1693 1462; x_wconf 80' lang='lat' dir='ltr'><strong><em>orthodoxorutn</em></strong></span> <span class='ocrx_word' id='word_1_116' title='bbox 1752 1388 2109 1462; x_wconf 71' lang='lat' dir='ltr'><strong><em>disputatio._</em></strong></span> <span class='ocrx_word' id='word_1_117' title='bbox 2141 1404 2246 1456; x_wconf 87' lang='lat' dir='ltr'><strong><em>qua</em></strong></span> <span class='ocrx_word' id='word_1_118' title='bbox 2302 1388 2661 1462; x_wconf 70' lang='lat' dir='ltr'><strong><em>continentur</em></strong></span> <span class='ocrx_word' id='word_1_119' title='bbox 2701 1397 2864 1447; x_wconf 84' lang='lat' dir='ltr'><strong><em>multa</em></strong></span> <span class='ocrx_word' id='word_1_120' title='bbox 2912 1412 2974 1448; x_wconf 84' lang='lat' dir='ltr'><strong><em>ex</em></strong></span> <span class='ocrx_word' id='word_1_121' title='bbox 3034 1398 3272 1462; x_wconf 81' lang='lat' dir='ltr'><strong><em>ejusdem</em></strong></span> <span class='ocrx_word' id='word_1_122' title='bbox 3328 1388 3483 1456; x_wconf 81' lang='lat' dir='ltr'><strong><em>libris</em></strong></span> 
     </span>
    </p>
   </div>
   <div class='ocr_carea' id='block_1_14' title="bbox 226 1456 3486 1526">
    <p class='ocr_par' dir='ltr' id='par_1_14' title="bbox 226 1456 3486 1526">
     <span class='ocr_line' id='line_1_14' title="bbox 226 1456 3486 1526; baseline 0.004 -17"><span class='ocrx_word' id='word_1_123' title='bbox 226 1458 545 1524; x_wconf 84' lang='lat' dir='ltr'><strong><em>apocriticis</em></strong></span> <span class='ocrx_word' id='word_1_124' title='bbox 575 1468 856 1525; x_wconf 82' lang='lat' dir='ltr'><strong><em>excerpta.</em></strong></span> <span class='ocrx_word' id='word_1_125' title='bbox 904 1456 992 1511; x_wconf 88' lang='lat' dir='ltr'><strong><em>IV.</em></strong></span> <span class='ocrx_word' id='word_1_126' title='bbox 1044 1456 1380 1509; x_wconf 86' lang='lat' dir='ltr'><strong><em>Testimonia</em></strong></span> <span class='ocrx_word' id='word_1_127' title='bbox 1437 1461 1826 1511; x_wconf 68' lang='lat' dir='ltr'><strong><em>recentiorum.</em></strong></span> <span class='ocrx_word' id='word_1_128' title='bbox 1887 1460 2017 1510; x_wconf 90' lang='lat' dir='ltr'><strong><em>Item</em></strong></span> <span class='ocrx_word' id='word_1_129' title='bbox 2070 1456 2394 1524; x_wconf 81' lang='lat' dir='ltr'><strong><em>Fragmenta</em></strong></span> <span class='ocrx_word' id='word_1_130' title='bbox 2440 1461 2877 1526; x_wconf 85' lang='lat' dir='ltr'><strong><em>apocrilicorum.</em></strong></span> <span class='ocrx_word' id='word_1_131' title='bbox 2916 1483 2942 1516; x_wconf 89' lang='lat' dir='ltr'><strong><em>a</em></strong></span> <span class='ocrx_word' id='word_1_132' title='bbox 2979 1456 3248 1521; x_wconf 75' lang='lat' dir='ltr'><strong><em>Turriano</em></strong></span> <span class='ocrx_word' id='word_1_133' title='bbox 3272 1478 3324 1523; x_wconf 91' lang='lat' dir='ltr'><strong><em>et</em></strong></span> <span class='ocrx_word' id='word_1_134' title='bbox 3363 1472 3486 1526; x_wconf 78' lang='lat' dir='ltr'><strong><em>aliis</em></strong></span> 
     </span>
    </p>
   </div>
   <div class='ocr_carea' id='block_1_15' title="bbox 221 1527 3482 1603">
    <p class='ocr_par' dir='ltr' id='par_1_15' title="bbox 221 1527 3482 1603">
     <span class='ocr_line' id='line_1_15' title="bbox 221 1527 3482 1603; baseline 0.006 -25"><span class='ocrx_word' id='word_1_135' title='bbox 221 1529 547 1603; x_wconf 76' lang='lat' dir='ltr'><strong><em>quibusdam</em></strong></span> <span class='ocrx_word' id='word_1_136' title='bbox 574 1527 969 1603; x_wconf 75' lang='lat' dir='ltr'><strong><em>recentioribus</em></strong></span> <span class='ocrx_word' id='word_1_137' title='bbox 992 1529 1165 1603; x_wconf 44' lang='lat' dir='ltr'><strong><em>(Bt-lilii.</em></strong></span> <span class='ocrx_word' id='word_1_138' title='bbox 1190 1528 1260 1603; x_wconf 60' lang='lat' dir='ltr'><strong><em>V.</em></strong></span> <span class='ocrx_word' id='word_1_139' title='bbox 1286 1528 1610 1603; x_wconf 77' lang='lat' dir='ltr'><strong><em>Fragmenta</em></strong></span> <span class='ocrx_word' id='word_1_140' title='bbox 1641 1527 2024 1581; x_wconf 77' lang='lat' dir='ltr'><strong><em>commentarii</em></strong></span> <span class='ocrx_word' id='word_1_141' title='bbox 2060 1528 2303 1596; x_wconf 84' lang='lat' dir='ltr'><strong><em>ejusdem</em></strong></span> <span class='ocrx_word' id='word_1_142' title='bbox 2338 1527 2561 1583; x_wconf 78' lang='lat' dir='ltr'><strong><em>Macarii</em></strong></span> <span class='ocrx_word' id='word_1_143' title='bbox 2596 1529 2863 1600; x_wconf 78' lang='lat' dir='ltr'><strong><em>Magnetis</em></strong></span> <span class='ocrx_word' id='word_1_144' title='bbox 2894 1535 2947 1586; x_wconf 87' lang='lat' dir='ltr'><strong><em>in</em></strong></span> <span class='ocrx_word' id='word_1_145' title='bbox 2980 1533 3257 1603; x_wconf 75' lang='lat' dir='ltr'><strong><em>Genesitn,</em></strong></span> <span class='ocrx_word' id='word_1_146' title='bbox 3290 1554 3353 1593; x_wconf 78' lang='lat' dir='ltr'><strong><em>ex</em></strong></span> <span class='ocrx_word' id='word_1_147' title='bbox 3379 1556 3482 1597; x_wconf 78' lang='lat' dir='ltr'><strong><em>nis.</em></strong></span> 
     </span>
    </p>
   </div>
   <div class='ocr_carea' id='block_1_16' title="bbox 220 1596 1812 1664">
    <p class='ocr_par' dir='ltr' id='par_1_16' title="bbox 220 1596 1812 1664">
     <span class='ocr_line' id='line_1_16' title="bbox 220 1596 1812 1664; baseline 0 -15"><span class='ocrx_word' id='word_1_148' title='bbox 220 1598 412 1649; x_wconf 84' lang='lat' dir='ltr'><strong><em>codice</em></strong></span> <span class='ocrx_word' id='word_1_149' title='bbox 442 1598 866 1653; x_wconf 50' lang='lat' dir='ltr'><strong><em>eminentissimi</em></strong></span> <span class='ocrx_word' id='word_1_150' title='bbox 902 1596 1200 1649; x_wconf 89' lang='lat' dir='ltr'><strong><em>cardinalis</em></strong></span> <span class='ocrx_word' id='word_1_151' title='bbox 1224 1596 1478 1650; x_wconf 84' lang='lat' dir='ltr'><strong><em>Ottoboui</em></strong></span> <span class='ocrx_word' id='word_1_152' title='bbox 1504 1597 1812 1664; x_wconf 81' lang='lat' dir='ltr'><strong><em>desumpta.</em></strong></span> 
     </span>
    </p>
   </div>
   <div class='ocr_carea' id='block_1_17' title="bbox 437 1688 3269 1762">
    <p class='ocr_par' dir='ltr' id='par_1_17' title="bbox 437 1688 3269 1762">
     <span class='ocr_line' id='line_1_17' title="bbox 437 1688 3269 1762; baseline 0.004 -20"><span class='ocrx_word' id='word_1_153' title='bbox 437 1688 708 1744; x_wconf 81' lang='lat' dir='ltr'><strong><em>Hactenus</em></strong></span> <span class='ocrx_word' id='word_1_154' title='bbox 733 1702 1041 1759; x_wconf 87' lang='lat' dir='ltr'><strong><em>conspectus</em></strong></span> <span class='ocrx_word' id='word_1_155' title='bbox 1064 1707 1281 1759; x_wconf 87' lang='lat' dir='ltr'><strong><em>operum</em></strong></span> <span class='ocrx_word' id='word_1_156' title='bbox 1312 1689 1374 1745; x_wconf 88' lang='lat' dir='ltr'><strong><em>S.</em></strong></span> <span class='ocrx_word' id='word_1_157' title='bbox 1410 1688 1700 1760; x_wconf 83' lang='lat' dir='ltr'><strong><em>Nicepltori</em></strong></span> <span class='ocrx_word' id='word_1_158' title='bbox 1742 1690 1781 1744; x_wconf 71' lang='grc' dir='ltr'><strong><em>(Σ</em></strong></span> <span class='ocrx_word' id='word_1_159' title='bbox 1792 1688 1834 1741; x_wconf 87' lang='grc' dir='ltr'><em>Ρ</em></span> <span class='ocrx_word' id='word_1_160' title='bbox 1852 1690 1921 1744; x_wconf 84' lang='lat' dir='ltr'><strong><em>ol.</em></strong></span> <span class='ocrx_word' id='word_1_161' title='bbox 1965 1692 2029 1744; x_wconf 86' lang='lat' dir='ltr'><strong><em>ab</em></strong></span> <span class='ocrx_word' id='word_1_162' title='bbox 2071 1691 2316 1745; x_wconf 85' lang='lat' dir='ltr'><strong><em>Auselmo</em></strong></span> <span class='ocrx_word' id='word_1_163' title='bbox 2350 1690 2622 1745; x_wconf 85' lang='lat' dir='ltr'><strong><em>Bandurio</em></strong></span> <span class='ocrx_word' id='word_1_164' title='bbox 2641 1692 2869 1762; x_wconf 82' lang='lat' dir='ltr'><strong><em>junctim</em></strong></span> <span class='ocrx_word' id='word_1_165' title='bbox 2926 1695 3269 1752; x_wconf 84' lang='lat' dir='ltr'><strong><em>edendorum.</em></strong></span> 
     </span>
    </p>
   </div>
   <div class='ocr_carea' id='block_1_18' title="bbox 569 1930 3127 2069">
    <p class='ocr_par' dir='ltr' id='par_1_18' title="bbox 569 1930 3127 2069">
     <span class='ocr_line' id='line_1_18' title="bbox 569 1930 3127 2069; baseline 0.005 -13"><span class='ocrx_word' id='word_1_166' title='bbox 569 1930 701 2067; x_wconf 90' lang='lat' dir='ltr'><strong><em>S.</em></strong></span> <span class='ocrx_word' id='word_1_167' title='bbox 783 1933 1647 2059; x_wconf 80' lang='lat' dir='ltr'><strong><em>NICEPHORI</em></strong></span> <span class='ocrx_word' id='word_1_168' title='bbox 1740 1932 1978 2061; x_wconf 77' lang='grc' dir='ltr'><strong><em>ΟΡ.</em></strong></span> <span class='ocrx_word' id='word_1_169' title='bbox 2050 1934 3127 2069; x_wconf 74' lang='lat' dir='ltr'><strong><em>PATRIARCH/E</em></strong></span> 
     </span>
    </p>
   </div>
   <div class='ocr_carea' id='block_1_19' title="bbox 1642 2148 2043 2267">
    <p class='ocr_par' dir='ltr' id='par_1_19' title="bbox 1642 2148 2043 2267">
     <span class='ocr_line' id='line_1_19' title="bbox 1642 2148 2043 2267; baseline -0.02 0"><span class='ocrx_word' id='word_1_170' title='bbox 1642 2148 2043 2267; x_wconf 84' lang='lat' dir='ltr'><strong><em>VITA.</em></strong></span> 
     </span>
    </p>
   </div>
   <div class='ocr_carea' id='block_1_20' title="bbox 882 2324 2815 2395">
    <p class='ocr_par' dir='ltr' id='par_1_20' title="bbox 882 2324 2815 2395">
     <span class='ocr_line' id='line_1_20' title="bbox 882 2324 2815 2395; baseline 0.005 -22"><span class='ocrx_word' id='word_1_171' title='bbox 882 2325 1023 2385; x_wconf 70' lang='lat' dir='ltr'><strong><em>(Acta</em></strong></span> <span class='ocrx_word' id='word_1_172' title='bbox 1064 2327 1356 2378; x_wconf 83' lang='lat' dir='ltr'><strong><em>Sanctorum</em></strong></span> <span class='ocrx_word' id='word_1_173' title='bbox 1401 2324 1649 2386; x_wconf 80' lang='lat' dir='ltr'><strong><em>Bolland.,</em></strong></span> <span class='ocrx_word' id='word_1_174' title='bbox 1694 2324 1855 2377; x_wconf 76' lang='lat' dir='ltr'><strong><em>Martii</em></strong></span> <span class='ocrx_word' id='word_1_175' title='bbox 1904 2331 2021 2378; x_wconf 86' lang='lat' dir='ltr'><strong><em>tom.</em></strong></span> <span class='ocrx_word' id='word_1_176' title='bbox 2066 2328 2128 2390; x_wconf 87' lang='lat' dir='ltr'><strong><em>ll,</em></strong></span> <span class='ocrx_word' id='word_1_177' title='bbox 2172 2328 2252 2379; x_wconf 90' lang='lat' dir='ltr'><strong><em>die</em></strong></span> <span class='ocrx_word' id='word_1_178' title='bbox 2294 2330 2370 2392; x_wconf 80' lang='grc'><strong><em>15,</em></strong></span> <span class='ocrx_word' id='word_1_179' title='bbox 2400 2345 2447 2393; x_wconf 87' lang='lat' dir='ltr'><strong><em>p.</em></strong></span> <span class='ocrx_word' id='word_1_180' title='bbox 2484 2332 2577 2380; x_wconf 68' lang='lat'><strong><em>294</em></strong></span> <span class='ocrx_word' id='word_1_181' title='bbox 2598 2339 2644 2382; x_wconf 88' lang='lat' dir='ltr'><strong><em>et</em></strong></span> <span class='ocrx_word' id='word_1_182' title='bbox 2683 2332 2815 2395; x_wconf 76' lang='grc'><strong>704.)</strong></span> 
     </span>
    </p>
   </div>
   <div class='ocr_carea' id='block_1_21' title="bbox 1030 2521 2673 2621">
    <p class='ocr_par' dir='ltr' id='par_1_21' title="bbox 1030 2521 2673 2621">
     <span class='ocr_line' id='line_1_21' title="bbox 1030 2521 2673 2621; baseline 0.002 -10"><span class='ocrx_word' id='word_1_183' title='bbox 1030 2521 1988 2614; x_wconf 83' lang='lat' dir='ltr'><strong><em>COMMENTARIUS</em></strong></span> <span class='ocrx_word' id='word_1_184' title='bbox 2074 2527 2673 2621; x_wconf 66' lang='lat' dir='ltr'><strong><em>PBIEVIUS.</em></strong></span> 
     </span>
    </p>
   </div>
   <div class='ocr_carea' id='block_1_22' title="bbox 278 2736 3468 2816">
    <p class='ocr_par' dir='ltr' id='par_1_22' title="bbox 278 2736 3468 2816">
     <span class='ocr_line' id='line_1_22' title="bbox 278 2736 3468 2816; baseline 0.004 -24"><span class='ocrx_word' id='word_1_185' title='bbox 278 2740 332 2794; x_wconf 76' lang='lat' dir='ltr'><strong><em>t.</em></strong></span> <span class='ocrx_word' id='word_1_186' title='bbox 372 2738 615 2793; x_wconf 79' lang='lat' dir='ltr'><strong><em>Celebris</em></strong></span> <span class='ocrx_word' id='word_1_187' title='bbox 643 2745 725 2792; x_wconf 86' lang='lat' dir='ltr'><strong><em>est</em></strong></span> <span class='ocrx_word' id='word_1_188' title='bbox 764 2738 852 2791; x_wconf 90' lang='lat' dir='ltr'><strong><em>hic</em></strong></span> <span class='ocrx_word' id='word_1_189' title='bbox 892 2739 1007 2793; x_wconf 84' lang='lat' dir='ltr'><strong><em>dies</em></strong></span> <span class='ocrx_word' id='word_1_190' title='bbox 1036 2741 1387 2797; x_wconf 83' lang='lat' dir='ltr'><strong><em>veneratione</em></strong></span> <span class='ocrx_word' id='word_1_191' title='bbox 1426 2744 1599 2799; x_wconf 86' lang='lat' dir='ltr'><strong><em>sancti</em></strong></span> <span class='ocrx_word' id='word_1_192' title='bbox 1629 2743 1792 2799; x_wconf 84' lang='lat' dir='ltr'><strong><em>Nice-</em></strong></span> <span class='ocrx_word' id='word_1_193' title='bbox 1820 2754 1867 2809; x_wconf 73' lang='grc' dir='ltr'>Α</span> <span class='ocrx_word' id='word_1_194' title='bbox 1896 2740 2175 2797; x_wconf 85' lang='lat' dir='ltr'><strong><em>Februarii</em></strong></span> <span class='ocrx_word' id='word_1_195' title='bbox 2204 2739 2271 2792; x_wconf 86' lang='lat' dir='ltr'><strong><em>ad</em></strong></span> <span class='ocrx_word' id='word_1_196' title='bbox 2304 2736 2486 2792; x_wconf 80' lang='lat' dir='ltr'><strong><em>Vitam</em></strong></span> <span class='ocrx_word' id='word_1_197' title='bbox 2536 2740 2712 2793; x_wconf 90' lang='lat' dir='ltr'><strong><em>sancti</em></strong></span> <span class='ocrx_word' id='word_1_198' title='bbox 2764 2739 2998 2808; x_wconf 88' lang='lat' dir='ltr'><strong><em>Tarasii,</em></strong></span> <span class='ocrx_word' id='word_1_199' title='bbox 3047 2744 3100 2798; x_wconf 90' lang='lat' dir='ltr'><strong><em>in</em></strong></span> <span class='ocrx_word' id='word_1_200' title='bbox 3134 2759 3238 2816; x_wconf 88' lang='lat' dir='ltr'><strong><em>qua</em></strong></span> <span class='ocrx_word' id='word_1_201' title='bbox 3269 2750 3468 2805; x_wconf 83' lang='lat' dir='ltr'><strong><em>asserit</em></strong></span> 
     </span>
    </p>
   </div>
   <div class='ocr_carea' id='block_1_23' title="bbox 244 1822 504 1838">
    <p class='ocr_par' dir='ltr' id='par_1_23' title="bbox 244 1822 504 1838">
     <span class='ocr_line' id='line_1_23' title="bbox 244 1822 504 1838; baseline -0.004 0"><span class='ocrx_word' id='word_1_202' title='bbox 244 1822 504 1838; x_wconf 78' lang='lat'><strong><em>———</em></strong></span> 
     </span>
    </p>
   </div>
   <div class='ocr_carea' id='block_1_24' title="bbox 206 2829 1791 2902">
    <p class='ocr_par' dir='ltr' id='par_1_24' title="bbox 206 2829 1791 2902">
     <span class='ocr_line' id='line_1_24' title="bbox 206 2829 1791 2902; baseline 0.004 -19"><span class='ocrx_word' id='word_1_203' title='bbox 206 2832 365 2900; x_wconf 87' lang='lat' dir='ltr'><strong><em>phori</em></strong></span> <span class='ocrx_word' id='word_1_204' title='bbox 385 2832 709 2899; x_wconf 71' lang='lat' dir='ltr'><strong><em>patriarchae</em></strong></span> <span class='ocrx_word' id='word_1_205' title='bbox 730 2829 1315 2900; x_wconf 86' lang='lat' dir='ltr'><strong><em>Coustantinopolitani</em></strong></span> <span class='ocrx_word' id='word_1_206' title='bbox 1339 2835 1475 2902; x_wconf 84' lang='lat' dir='ltr'><strong><em>apud</em></strong></span> <span class='ocrx_word' id='word_1_207' title='bbox 1499 2834 1723 2890; x_wconf 87' lang='lat' dir='ltr'><strong><em>Latinos</em></strong></span> <span class='ocrx_word' id='word_1_208' title='bbox 1736 2846 1791 2890; x_wconf 89' lang='lat' dir='ltr'><strong><em>et</em></strong></span> 
     </span>
    </p>
   </div>
   <div class='ocr_carea' id='block_1_25' title="bbox 215 2917 1788 2993">
    <p class='ocr_par' dir='ltr' id='par_1_25' title="bbox 215 2917 1788 2993">
     <span class='ocr_line' id='line_1_25' title="bbox 215 2917 1788 2993; baseline 0.003 -19"><span class='ocrx_word' id='word_1_209' title='bbox 215 2918 443 2974; x_wconf 74' lang='lat' dir='ltr'><strong><em>Graecos</em></strong></span> <span class='ocrx_word' id='word_1_210' title='bbox 479 2938 492 2971; x_wconf 89' lang='lat'>:</span> <span class='ocrx_word' id='word_1_211' title='bbox 525 2921 595 2973; x_wconf 87' lang='lat' dir='ltr'><strong><em>de</em></strong></span> <span class='ocrx_word' id='word_1_212' title='bbox 623 2935 732 2988; x_wconf 91' lang='lat' dir='ltr'><strong><em>quo</em></strong></span> <span class='ocrx_word' id='word_1_213' title='bbox 756 2917 974 2972; x_wconf 85' lang='lat' dir='ltr'><strong><em>Tabulae</em></strong></span> <span class='ocrx_word' id='word_1_214' title='bbox 1010 2918 1385 2993; x_wconf 76' lang='lat' dir='ltr'><strong><em>Martyrologii</em></strong></span> <span class='ocrx_word' id='word_1_215' title='bbox 1427 2923 1656 2978; x_wconf 74' lang='lat' dir='ltr'><strong><em>Romani</em></strong></span> <span class='ocrx_word' id='word_1_216' title='bbox 1686 2926 1788 2979; x_wconf 89' lang='lat' dir='ltr'><strong><em>ista</em></strong></span> 
     </span>
    </p>
   </div>
   <div class='ocr_carea' id='block_1_26' title="bbox 209 3010 1786 3085">
    <p class='ocr_par' dir='ltr' id='par_1_26' title="bbox 209 3010 1786 3085">
     <span class='ocr_line' id='line_1_26' title="bbox 209 3010 1786 3085; baseline 0.004 -22"><span class='ocrx_word' id='word_1_217' title='bbox 209 3010 413 3065; x_wconf 82' lang='lat' dir='ltr'><strong><em>habent</em></strong></span> <span class='ocrx_word' id='word_1_218' title='bbox 436 3028 447 3062; x_wconf 95' lang='lat'>:</span> <span class='ocrx_word' id='word_1_219' title='bbox 473 3026 493 3060; x_wconf 77' lang='grc' dir='ltr'>ι</span> <span class='ocrx_word' id='word_1_220' title='bbox 517 3010 979 3078; x_wconf 67' lang='lat' dir='ltr'><strong><em>Coutantinopoli‘,</em></strong></span> <span class='ocrx_word' id='word_1_221' title='bbox 1001 3011 1187 3067; x_wconf 88' lang='lat' dir='ltr'><strong><em>Sancti</em></strong></span> <span class='ocrx_word' id='word_1_222' title='bbox 1216 3012 1507 3082; x_wconf 86' lang='lat' dir='ltr'><strong><em>Nicephori</em></strong></span> <span class='ocrx_word' id='word_1_223' title='bbox 1526 3017 1786 3085; x_wconf 87' lang='lat' dir='ltr'><strong><em>episcopi,</em></strong></span> 
     </span>
    </p>
   </div>
   <div class='ocr_carea' id='block_1_27' title="bbox 206 3104 1785 3176">
    <p class='ocr_par' dir='ltr' id='par_1_27' title="bbox 206 3104 1785 3176">
     <span class='ocr_line' id='line_1_27' title="bbox 206 3104 1785 3176; baseline 0.006 -23"><span class='ocrx_word' id='word_1_224' title='bbox 206 3104 323 3170; x_wconf 91' lang='lat' dir='ltr'><strong><em>qui,</em></strong></span> <span class='ocrx_word' id='word_1_225' title='bbox 347 3115 699 3172; x_wconf 88' lang='lat' dir='ltr'><strong><em>paternarum</em></strong></span> <span class='ocrx_word' id='word_1_226' title='bbox 721 3106 1069 3158; x_wconf 79' lang='lat' dir='ltr'><strong><em>traditionum</em></strong></span> <span class='ocrx_word' id='word_1_227' title='bbox 1087 3118 1454 3176; x_wconf 89' lang='lat' dir='ltr'><strong><em>propugnator</em></strong></span> <span class='ocrx_word' id='word_1_228' title='bbox 1466 3110 1785 3174; x_wconf 88' lang='lat' dir='ltr'><strong><em>acerrimus,</em></strong></span> 
     </span>
    </p>
   </div>
   <div class='ocr_carea' id='block_1_28' title="bbox 206 3194 1787 3269">
    <p class='ocr_par' dir='ltr' id='par_1_28' title="bbox 206 3194 1787 3269">
     <span class='ocr_line' id='line_1_28' title="bbox 206 3194 1787 3269; baseline 0.003 -19"><span class='ocrx_word' id='word_1_229' title='bbox 206 3194 377 3251; x_wconf 90' lang='lat' dir='ltr'><strong><em>Leoni</em></strong></span> <span class='ocrx_word' id='word_1_230' title='bbox 433 3197 674 3250; x_wconf 85' lang='lat' dir='ltr'><strong><em>Armeno</em></strong></span> <span class='ocrx_word' id='word_1_231' title='bbox 726 3198 1041 3266; x_wconf 82' lang='lat' dir='ltr'><strong><em>imperatori</em></strong></span> <span class='ocrx_word' id='word_1_232' title='bbox 1092 3198 1445 3254; x_wconf 70' lang='lat' dir='ltr'><strong><em>lconoclastae</em></strong></span> <span class='ocrx_word' id='word_1_233' title='bbox 1491 3215 1588 3269; x_wconf 87' lang='lat' dir='ltr'><strong><em>pro</em></strong></span> <span class='ocrx_word' id='word_1_234' title='bbox 1640 3202 1787 3255; x_wconf 90' lang='lat' dir='ltr'><strong><em>cultu</em></strong></span> 
     </span>
    </p>
   </div>
   <div class='ocr_carea' id='block_1_29' title="bbox 205 3288 1788 3361">
    <p class='ocr_par' dir='ltr' id='par_1_29' title="bbox 205 3288 1788 3361">
     <span class='ocr_line' id='line_1_29' title="bbox 205 3288 1788 3361; baseline 0.003 -18"><span class='ocrx_word' id='word_1_235' title='bbox 205 3298 526 3343; x_wconf 81' lang='lat' dir='ltr'><strong><em>sanctarum</em></strong></span> <span class='ocrx_word' id='word_1_236' title='bbox 560 3288 854 3357; x_wconf 75' lang='lat' dir='ltr'><strong><em>imaginum</em></strong></span> <span class='ocrx_word' id='word_1_237' title='bbox 889 3306 947 3345; x_wconf 90' lang='lat' dir='ltr'><strong><em>se</em></strong></span> <span class='ocrx_word' id='word_1_238' title='bbox 974 3299 1291 3346; x_wconf 82' lang='lat' dir='ltr'><strong><em>constanter</em></strong></span> <span class='ocrx_word' id='word_1_239' title='bbox 1319 3294 1591 3361; x_wconf 88' lang='lat' dir='ltr'><strong><em>opposuit,</em></strong></span> <span class='ocrx_word' id='word_1_240' title='bbox 1623 3309 1651 3346; x_wconf 92' lang='lat' dir='ltr'><strong><em>a</em></strong></span> <span class='ocrx_word' id='word_1_241' title='bbox 1679 3308 1788 3361; x_wconf 89' lang='lat' dir='ltr'><strong><em>quo</em></strong></span> 
     </span>
    </p>
   </div>
   <div class='ocr_carea' id='block_1_30' title="bbox 208 3380 1788 3450">
    <p class='ocr_par' dir='ltr' id='par_1_30' title="bbox 208 3380 1788 3450">
     <span class='ocr_line' id='line_1_30' title="bbox 208 3380 1788 3450; baseline 0.001 -17"><span class='ocrx_word' id='word_1_242' title='bbox 208 3380 475 3433; x_wconf 88' lang='lat' dir='ltr'><strong><em>multatus</em></strong></span> <span class='ocrx_word' id='word_1_243' title='bbox 519 3380 733 3445; x_wconf 83' lang='lat' dir='ltr'><strong><em>exsilio,</em></strong></span> <span class='ocrx_word' id='word_1_244' title='bbox 770 3382 971 3435; x_wconf 85' lang='lat' dir='ltr'><strong><em>ibidem</em></strong></span> <span class='ocrx_word' id='word_1_245' title='bbox 1021 3384 1430 3450; x_wconf 85' lang='lat' dir='ltr'><strong><em>quatuordecim</em></strong></span> <span class='ocrx_word' id='word_1_246' title='bbox 1482 3386 1639 3436; x_wconf 90' lang='lat' dir='ltr'><strong><em>anuis</em></strong></span> <span class='ocrx_word' id='word_1_247' title='bbox 1672 3384 1788 3437; x_wconf 81' lang='lat' dir='ltr'><strong><em>lon-</em></strong></span> 
     </span>
    </p>
   </div>
   <div class='ocr_carea' id='block_1_31' title="bbox 204 3473 1779 3543">
    <p class='ocr_par' dir='ltr' id='par_1_31' title="bbox 204 3473 1779 3543">
     <span class='ocr_line' id='line_1_31' title="bbox 204 3473 1779 3543; baseline 0 -18"><span class='ocrx_word' id='word_1_248' title='bbox 204 3488 334 3541; x_wconf 90' lang='lat' dir='ltr'><strong><em>gum</em></strong></span> <span class='ocrx_word' id='word_1_249' title='bbox 384 3473 592 3527; x_wconf 88' lang='lat' dir='ltr'><strong><em>ducens</em></strong></span> <span class='ocrx_word' id='word_1_250' title='bbox 632 3475 980 3542; x_wconf 79' lang='lat' dir='ltr'><strong><em>martyrium,</em></strong></span> <span class='ocrx_word' id='word_1_251' title='bbox 1016 3475 1271 3543; x_wconf 75' lang='lat' dir='ltr'><strong><em>migravit</em></strong></span> <span class='ocrx_word' id='word_1_252' title='bbox 1301 3475 1369 3528; x_wconf 89' lang='lat' dir='ltr'><strong><em>ad</em></strong></span> <span class='ocrx_word' id='word_1_253' title='bbox 1413 3476 1719 3528; x_wconf 89' lang='lat' dir='ltr'><strong><em>Dominum.</em></strong></span> <span class='ocrx_word' id='word_1_254' title='bbox 1761 3492 1779 3525; x_wconf 70' lang='grc' dir='ltr'><strong><em>ι</em></strong></span> 
     </span>
    </p>
   </div>
   <div class='ocr_carea' id='block_1_32' title="bbox 201 3564 1787 3634">
    <p class='ocr_par' dir='ltr' id='par_1_32' title="bbox 201 3564 1787 3634">
     <span class='ocr_line' id='line_1_32' title="bbox 201 3564 1787 3634; baseline 0.001 -17"><span class='ocrx_word' id='word_1_255' title='bbox 201 3567 390 3634; x_wconf 79' lang='lat' dir='ltr'><strong><em>Agunt</em></strong></span> <span class='ocrx_word' id='word_1_256' title='bbox 416 3564 487 3618; x_wconf 87' lang='lat' dir='ltr'><strong><em>de</em></strong></span> <span class='ocrx_word' id='word_1_257' title='bbox 517 3566 705 3619; x_wconf 89' lang='lat' dir='ltr'><strong><em>eodem</em></strong></span> <span class='ocrx_word' id='word_1_258' title='bbox 740 3564 1006 3630; x_wconf 78' lang='lat' dir='ltr'><strong><em>Molanus,</em></strong></span> <span class='ocrx_word' id='word_1_259' title='bbox 1041 3565 1298 3630; x_wconf 87' lang='lat' dir='ltr'><strong><em>Felicius,</em></strong></span> <span class='ocrx_word' id='word_1_260' title='bbox 1346 3565 1619 3629; x_wconf 88' lang='lat' dir='ltr'><strong><em>Canisius,</em></strong></span> <span class='ocrx_word' id='word_1_261' title='bbox 1656 3564 1787 3619; x_wconf 88' lang='lat' dir='ltr'><strong><em>Ghi-</em></strong></span> 
     </span>
    </p>
   </div>
   <div class='ocr_carea' id='block_1_33' title="bbox 205 3656 1785 3726">
    <p class='ocr_par' dir='ltr' id='par_1_33' title="bbox 205 3656 1785 3726">
     <span class='ocr_line' id='line_1_33' title="bbox 205 3656 1785 3726; baseline 0.001 -17"><span class='ocrx_word' id='word_1_262' title='bbox 205 3659 330 3711; x_wconf 83' lang='lat' dir='ltr'><strong><em>nius</em></strong></span> <span class='ocrx_word' id='word_1_263' title='bbox 368 3658 593 3726; x_wconf 82' lang='lat' dir='ltr'><strong><em>aliique.</em></strong></span> <span class='ocrx_word' id='word_1_264' title='bbox 640 3656 736 3709; x_wconf 86' lang='lat' dir='ltr'><strong><em>Est</em></strong></span> <span class='ocrx_word' id='word_1_265' title='bbox 773 3667 950 3711; x_wconf 91' lang='lat' dir='ltr'><strong><em>autem</em></strong></span> <span class='ocrx_word' id='word_1_266' title='bbox 990 3659 1077 3711; x_wconf 91' lang='lat' dir='ltr'><strong><em>hie</em></strong></span> <span class='ocrx_word' id='word_1_267' title='bbox 1107 3659 1243 3724; x_wconf 87' lang='lat' dir='ltr'><strong><em>dies,</em></strong></span> <span class='ocrx_word' id='word_1_268' title='bbox 1279 3668 1341 3713; x_wconf 92' lang='lat' dir='ltr'><strong><em>ut</em></strong></span> <span class='ocrx_word' id='word_1_269' title='bbox 1378 3659 1515 3712; x_wconf 75' lang='lat' dir='ltr'><strong><em>intra</em></strong></span> <span class='ocrx_word' id='word_1_270' title='bbox 1546 3660 1597 3711; x_wconf 91' lang='lat' dir='ltr'><strong><em>iu</em></strong></span> <span class='ocrx_word' id='word_1_271' title='bbox 1633 3660 1785 3712; x_wconf 80' lang='lat' dir='ltr'><strong><em>Actis</em></strong></span> 
     </span>
    </p>
   </div>
   <div class='ocr_carea' id='block_1_34' title="bbox 202 3748 1783 3819">
    <p class='ocr_par' dir='ltr' id='par_1_34' title="bbox 202 3748 1783 3819">
     <span class='ocr_line' id='line_1_34' title="bbox 202 3748 1783 3819; baseline -0.001 -16"><span class='ocrx_word' id='word_1_272' title='bbox 202 3751 605 3817; x_wconf 80' lang='lat' dir='ltr'><strong><em>posterioribus</em></strong></span> <span class='ocrx_word' id='word_1_273' title='bbox 637 3748 854 3816; x_wconf 84' lang='lat' dir='ltr'><strong><em>legitur,</em></strong></span> <span class='ocrx_word' id='word_1_274' title='bbox 881 3766 897 3799; x_wconf 81' lang='lat' dir='ltr'><strong><em>t</em></strong></span> <span class='ocrx_word' id='word_1_275' title='bbox 927 3751 1124 3816; x_wconf 89' lang='lat' dir='ltr'><strong><em>duplici</em></strong></span> <span class='ocrx_word' id='word_1_276' title='bbox 1148 3766 1205 3804; x_wconf 89' lang='lat' dir='ltr'><strong><em>re</em></strong></span> <span class='ocrx_word' id='word_1_277' title='bbox 1225 3751 1618 3817; x_wconf 84' lang='lat' dir='ltr'><strong><em>memorabilis,</em></strong></span> <span class='ocrx_word' id='word_1_278' title='bbox 1640 3752 1783 3819; x_wconf 86' lang='lat' dir='ltr'><strong><em>quod</em></strong></span> 
     </span>
    </p>
   </div>
   <div class='ocr_carea' id='block_1_35' title="bbox 203 3841 1780 3911">
    <p class='ocr_par' dir='ltr' id='par_1_35' title="bbox 203 3841 1780 3911">
     <span class='ocr_line' id='line_1_35' title="bbox 203 3841 1780 3911; baseline 0.001 -17"><span class='ocrx_word' id='word_1_279' title='bbox 203 3854 334 3896; x_wconf 87' lang='lat' dir='ltr'><strong><em>tunc</em></strong></span> <span class='ocrx_word' id='word_1_280' title='bbox 370 3842 423 3894; x_wconf 88' lang='lat' dir='ltr'><strong><em>in</em></strong></span> <span class='ocrx_word' id='word_1_281' title='bbox 447 3842 697 3894; x_wconf 81' lang='lat' dir='ltr'><strong><em>exsilium</em></strong></span> <span class='ocrx_word' id='word_1_282' title='bbox 727 3841 932 3908; x_wconf 86' lang='lat' dir='ltr'><strong><em>ejectus</em></strong></span> <span class='ocrx_word' id='word_1_283' title='bbox 953 3842 1136 3906; x_wconf 82' lang='lat' dir='ltr'><strong><em>fuerit,</em></strong></span> <span class='ocrx_word' id='word_1_284' title='bbox 1163 3852 1219 3895; x_wconf 90' lang='lat' dir='ltr'><strong><em>at</em></strong></span> <span class='ocrx_word' id='word_1_285' title='bbox 1242 3844 1605 3910; x_wconf 87' lang='lat' dir='ltr'><strong><em>potissimum,</em></strong></span> <span class='ocrx_word' id='word_1_286' title='bbox 1640 3842 1780 3911; x_wconf 88' lang='lat' dir='ltr'><strong><em>quod</em></strong></span> 
     </span>
    </p>
   </div>
   <div class='ocr_carea' id='block_1_36' title="bbox 201 3931 1781 4002">
    <p class='ocr_par' dir='ltr' id='par_1_36' title="bbox 201 3931 1781 4002">
     <span class='ocr_line' id='line_1_36' title="bbox 201 3931 1781 4002; baseline 0.002 -17"><span class='ocrx_word' id='word_1_287' title='bbox 201 3946 424 3986; x_wconf 77' lang='lat' dir='ltr'><strong><em>sacrum</em></strong></span> <span class='ocrx_word' id='word_1_288' title='bbox 461 3931 581 3999; x_wconf 89' lang='lat' dir='ltr'><strong><em>ejus</em></strong></span> <span class='ocrx_word' id='word_1_289' title='bbox 608 3947 803 3999; x_wconf 87' lang='lat' dir='ltr'><strong><em>corpus</em></strong></span> <span class='ocrx_word' id='word_1_290' title='bbox 822 3932 1344 4002; x_wconf 82' lang='lat' dir='ltr'><strong><em>Constantinopolim</em></strong></span> <span class='ocrx_word' id='word_1_291' title='bbox 1377 3935 1629 3997; x_wconf 90' lang='lat' dir='ltr'><strong><em>relatum,</em></strong></span> <span class='ocrx_word' id='word_1_292' title='bbox 1666 3951 1781 3988; x_wconf 91' lang='lat' dir='ltr'><strong><em>ma-</em></strong></span> 
     </span>
    </p>
   </div>
   <div class='ocr_carea' id='block_1_37' title="bbox 203 4021 1777 4091">
    <p class='ocr_par' dir='ltr' id='par_1_37' title="bbox 203 4021 1777 4091">
     <span class='ocr_line' id='line_1_37' title="bbox 203 4021 1777 4091; baseline 0.001 -15"><span class='ocrx_word' id='word_1_293' title='bbox 203 4024 367 4077; x_wconf 90' lang='lat' dir='ltr'><strong><em>nibus</em></strong></span> <span class='ocrx_word' id='word_1_294' title='bbox 400 4024 575 4076; x_wconf 88' lang='lat' dir='ltr'><strong><em>sancti</em></strong></span> <span class='ocrx_word' id='word_1_295' title='bbox 613 4021 897 4084; x_wconf 83' lang='lat' dir='ltr'><strong><em>Methodii,</em></strong></span> <span class='ocrx_word' id='word_1_296' title='bbox 922 4025 975 4075; x_wconf 90' lang='lat' dir='ltr'><strong><em>in</em></strong></span> <span class='ocrx_word' id='word_1_297' title='bbox 1005 4024 1359 4077; x_wconf 87' lang='lat' dir='ltr'><strong><em>celeberrimo</em></strong></span> <span class='ocrx_word' id='word_1_298' title='bbox 1397 4026 1777 4091; x_wconf 83' lang='lat' dir='ltr'><strong><em>Apostolorum</em></strong></span> 
     </span>
    </p>
   </div>
   <div class='ocr_carea' id='block_1_38' title="bbox 948 1826 3447 1855">
    <p class='ocr_par' dir='ltr' id='par_1_38' title="bbox 948 1826 3447 1855">
     <span class='ocr_line' id='line_1_38' title="bbox 948 1826 3447 1855; baseline 0.004 -18"><span class='ocrx_word' id='word_1_299' title='bbox 948 1826 3447 1855; x_wconf 70' lang='lat'><strong><em>—_______—_—______________________.</em></strong></span> 
     </span>
    </p>
   </div>
   <div class='ocr_carea' id='block_1_39' title="bbox 1893 2830 3475 2904">
    <p class='ocr_par' dir='ltr' id='par_1_39' title="bbox 1893 2830 3475 2904">
     <span class='ocr_line' id='line_1_39' title="bbox 1893 2830 3475 2904; baseline 0.005 -16"><span class='ocrx_word' id='word_1_300' title='bbox 1893 2848 1951 2888; x_wconf 90' lang='lat' dir='ltr'><strong><em>se</em></strong></span> <span class='ocrx_word' id='word_1_301' title='bbox 1980 2831 2139 2899; x_wconf 87' lang='lat' dir='ltr'><strong><em>hujus</em></strong></span> <span class='ocrx_word' id='word_1_302' title='bbox 2177 2831 2501 2900; x_wconf 86' lang='lat' dir='ltr'><strong><em>discipulum</em></strong></span> <span class='ocrx_word' id='word_1_303' title='bbox 2545 2830 2712 2885; x_wconf 80' lang='lat' dir='ltr'><strong><em>fuisse</em></strong></span> <span class='ocrx_word' id='word_1_304' title='bbox 2772 2833 2824 2885; x_wconf 91' lang='lat' dir='ltr'><strong><em>in</em></strong></span> <span class='ocrx_word' id='word_1_305' title='bbox 2868 2844 2987 2888; x_wconf 89' lang='lat' dir='ltr'><strong><em>arte</em></strong></span> <span class='ocrx_word' id='word_1_306' title='bbox 3029 2839 3240 2904; x_wconf 86' lang='lat' dir='ltr'><strong><em>poetica</em></strong></span> <span class='ocrx_word' id='word_1_307' title='bbox 3270 2852 3323 2894; x_wconf 88' lang='lat' dir='ltr'><strong><em>et</em></strong></span> <span class='ocrx_word' id='word_1_308' title='bbox 3351 2857 3475 2896; x_wconf 83' lang='lat' dir='ltr'><strong><em>car-</em></strong></span> 
     </span>
    </p>
   </div>
   <div class='ocr_carea' id='block_1_40' title="bbox 1894 2921 3474 2995">
    <p class='ocr_par' dir='ltr' id='par_1_40' title="bbox 1894 2921 3474 2995">
     <span class='ocr_line' id='line_1_40' title="bbox 1894 2921 3474 2995; baseline 0.004 -17"><span class='ocrx_word' id='word_1_309' title='bbox 1894 2923 2129 2978; x_wconf 87' lang='lat' dir='ltr'><strong><em>minibus</em></strong></span> <span class='ocrx_word' id='word_1_310' title='bbox 2157 2922 2457 2991; x_wconf 87' lang='lat' dir='ltr'><strong><em>pangeudis</em></strong></span> <span class='ocrx_word' id='word_1_311' title='bbox 2484 2921 2865 2987; x_wconf 77' lang='lat' dir='ltr'><strong><em>exercitatum,</em></strong></span> <span class='ocrx_word' id='word_1_312' title='bbox 2896 2939 3081 2979; x_wconf 76' lang='lat' dir='ltr'><strong><em>sacras</em></strong></span> <span class='ocrx_word' id='word_1_313' title='bbox 3105 2927 3223 2995; x_wconf 86' lang='lat' dir='ltr'><strong><em>ejus</em></strong></span> <span class='ocrx_word' id='word_1_314' title='bbox 3252 2934 3474 2985; x_wconf 78' lang='lat' dir='ltr'><strong><em>concio-</em></strong></span> 
     </span>
    </p>
   </div>
   <div class='ocr_carea' id='block_1_41' title="bbox 1892 3014 3475 3088">
    <p class='ocr_par' dir='ltr' id='par_1_41' title="bbox 1892 3014 3475 3088">
     <span class='ocr_line' id='line_1_41' title="bbox 1892 3014 3475 3088; baseline 0.006 -19"><span class='ocrx_word' id='word_1_315' title='bbox 1892 3032 1989 3071; x_wconf 90' lang='lat' dir='ltr'><strong><em>nes</em></strong></span> <span class='ocrx_word' id='word_1_316' title='bbox 2018 3017 2182 3070; x_wconf 80' lang='lat' dir='ltr'><strong><em>celeri</em></strong></span> <span class='ocrx_word' id='word_1_317' title='bbox 2215 3014 2425 3069; x_wconf 87' lang='lat' dir='ltr'><strong><em>calamo</em></strong></span> <span class='ocrx_word' id='word_1_318' title='bbox 2449 3023 2736 3082; x_wconf 78' lang='lat' dir='ltr'><strong><em>excerptas</em></strong></span> <span class='ocrx_word' id='word_1_319' title='bbox 2763 3015 2813 3067; x_wconf 91' lang='lat' dir='ltr'><strong><em>in</em></strong></span> <span class='ocrx_word' id='word_1_320' title='bbox 2846 3017 3086 3072; x_wconf 88' lang='lat' dir='ltr'><strong><em>codicem</em></strong></span> <span class='ocrx_word' id='word_1_321' title='bbox 3116 3022 3386 3088; x_wconf 88' lang='lat' dir='ltr'><strong><em>retulisse,</em></strong></span> <span class='ocrx_word' id='word_1_322' title='bbox 3411 3040 3475 3079; x_wconf 88' lang='lat' dir='ltr'><strong><em>ac</em></strong></span> 
     </span>
    </p>
   </div>
   <div class='ocr_carea' id='block_1_42' title="bbox 1892 3106 3474 3169">
    <p class='ocr_par' dir='ltr' id='par_1_42' title="bbox 1892 3106 3474 3169">
     <span class='ocr_line' id='line_1_42' title="bbox 1892 3106 3474 3169; baseline 0.004 -7"><span class='ocrx_word' id='word_1_323' title='bbox 1892 3110 2111 3162; x_wconf 91' lang='lat' dir='ltr'><strong><em>demum</em></strong></span> <span class='ocrx_word' id='word_1_324' title='bbox 2144 3108 2397 3161; x_wconf 86' lang='lat' dir='ltr'><strong><em>morienti</em></strong></span> <span class='ocrx_word' id='word_1_325' title='bbox 2430 3108 2695 3161; x_wconf 82' lang='lat' dir='ltr'><strong><em>astitisse.</em></strong></span> <span class='ocrx_word' id='word_1_326' title='bbox 2724 3106 2997 3163; x_wconf 86' lang='lat' dir='ltr'><strong><em>Successit</em></strong></span> <span class='ocrx_word' id='word_1_327' title='bbox 3027 3122 3215 3165; x_wconf 84' lang='lat' dir='ltr'><strong><em>sancto</em></strong></span> <span class='ocrx_word' id='word_1_328' title='bbox 3248 3113 3474 3169; x_wconf 87' lang='lat' dir='ltr'><strong><em>&#39;l‘arasio</em></strong></span> 
     </span>
    </p>
   </div>
   <div class='ocr_carea' id='block_1_43' title="bbox 1892 3199 3471 3272">
    <p class='ocr_par' dir='ltr' id='par_1_43' title="bbox 1892 3199 3471 3272">
     <span class='ocr_line' id='line_1_43' title="bbox 1892 3199 3471 3272; baseline 0.004 -20"><span class='ocrx_word' id='word_1_329' title='bbox 1892 3199 2251 3268; x_wconf 82' lang='lat' dir='ltr'><strong><em>Nicephorus,</em></strong></span> <span class='ocrx_word' id='word_1_330' title='bbox 2287 3213 2447 3266; x_wconf 90' lang='lat' dir='ltr'><strong><em>quem</em></strong></span> <span class='ocrx_word' id='word_1_331' title='bbox 2492 3208 2701 3266; x_wconf 88' lang='lat' dir='ltr'><strong><em>patrem</em></strong></span> <span class='ocrx_word' id='word_1_332' title='bbox 2738 3214 2895 3251; x_wconf 90' lang='lat' dir='ltr'><strong><em>sumu</em></strong></span> <span class='ocrx_word' id='word_1_333' title='bbox 2927 3202 3159 3269; x_wconf 81' lang='lat' dir='ltr'><strong><em>appellat</em></strong></span> <span class='ocrx_word' id='word_1_334' title='bbox 3209 3206 3471 3272; x_wconf 79' lang='lat' dir='ltr'><strong><em>Igttatius,</em></strong></span> 
     </span>
    </p>
   </div>
   <div class='ocr_carea' id='block_1_44' title="bbox 1893 3290 3475 3361">
    <p class='ocr_par' dir='ltr' id='par_1_44' title="bbox 1893 3290 3475 3361">
     <span class='ocr_line' id='line_1_44' title="bbox 1893 3290 3475 3361; baseline 0.006 -18"><span class='ocrx_word' id='word_1_335' title='bbox 1893 3304 2059 3357; x_wconf 86' lang='lat' dir='ltr'><strong><em>seque</em></strong></span> <span class='ocrx_word' id='word_1_336' title='bbox 2088 3292 2201 3358; x_wconf 69' lang='lat' dir='ltr'><strong><em>ejus</em></strong></span> <span class='ocrx_word' id='word_1_337' title='bbox 2232 3291 2398 3342; x_wconf 82' lang='lat' dir='ltr'><strong><em>lilium</em></strong></span> <span class='ocrx_word' id='word_1_338' title='bbox 2433 3290 2683 3358; x_wconf 83' lang='lat' dir='ltr'><strong><em>agnoscit</em></strong></span> <span class='ocrx_word' id='word_1_339' title='bbox 2709 3291 2810 3344; x_wconf 89' lang='lat' dir='ltr'><strong><em>sub</em></strong></span> <span class='ocrx_word' id='word_1_340' title='bbox 2842 3292 3057 3346; x_wconf 90' lang='lat' dir='ltr'><strong><em>initium</em></strong></span> <span class='ocrx_word' id='word_1_341' title='bbox 3096 3294 3251 3361; x_wconf 75' lang='lat' dir='ltr'><strong><em>Viue,</em></strong></span> <span class='ocrx_word' id='word_1_342' title='bbox 3284 3309 3338 3350; x_wconf 90' lang='lat' dir='ltr'><strong><em>et</em></strong></span> <span class='ocrx_word' id='word_1_343' title='bbox 3375 3301 3475 3353; x_wconf 78' lang='lat' dir='ltr'><strong><em>ite—</em></strong></span> 
     </span>
    </p>
   </div>
   <div class='ocr_carea' id='block_1_45' title="bbox 1893 3381 3472 3450">
    <p class='ocr_par' dir='ltr' id='par_1_45' title="bbox 1893 3381 3472 3450">
     <span class='ocr_line' id='line_1_45' title="bbox 1893 3381 3472 3450; baseline 0.006 -17"><span class='ocrx_word' id='word_1_344' title='bbox 1893 3396 2008 3433; x_wconf 89' lang='lat' dir='ltr'><strong><em>rum</em></strong></span> <span class='ocrx_word' id='word_1_345' title='bbox 2060 3383 2163 3432; x_wconf 88' lang='lat' dir='ltr'><strong><em>sub</em></strong></span> <span class='ocrx_word' id='word_1_346' title='bbox 2211 3382 2372 3433; x_wconf 88' lang='lat' dir='ltr'><strong><em>tinem</em></strong></span> <span class='ocrx_word' id='word_1_347' title='bbox 2426 3395 2491 3434; x_wconf 81' lang='lat' dir='ltr'><strong><em>ex</em></strong></span> <span class='ocrx_word' id='word_1_348' title='bbox 2536 3381 2795 3450; x_wconf 77' lang='lat' dir='ltr'><strong><em>singulari</em></strong></span> <span class='ocrx_word' id='word_1_349' title='bbox 2859 3387 3214 3440; x_wconf 84' lang='lat' dir='ltr'><strong><em>veneratione</em></strong></span> <span class='ocrx_word' id='word_1_350' title='bbox 3278 3402 3472 3442; x_wconf 90' lang='lat' dir='ltr'><strong><em>omnes</em></strong></span> 
     </span>
    </p>
   </div>
   <div class='ocr_carea' id='block_1_46' title="bbox 1892 3472 3471 3549">
    <p class='ocr_par' dir='ltr' id='par_1_46' title="bbox 1892 3472 3471 3549">
     <span class='ocr_line' id='line_1_46' title="bbox 1892 3472 3471 3549; baseline 0.008 -26"><span class='ocrx_word' id='word_1_351' title='bbox 1892 3472 2168 3524; x_wconf 76' lang='lat' dir='ltr'><strong><em>interioris</em></strong></span> <span class='ocrx_word' id='word_1_352' title='bbox 2202 3472 2367 3524; x_wconf 91' lang='lat' dir='ltr'><strong><em>auitni</em></strong></span> <span class='ocrx_word' id='word_1_353' title='bbox 2406 3486 2600 3527; x_wconf 86' lang='lat' dir='ltr'><strong><em>sensus</em></strong></span> <span class='ocrx_word' id='word_1_354' title='bbox 2633 3472 2884 3538; x_wconf 69' lang='lat' dir='ltr'><strong><em>effundit,</em></strong></span> <span class='ocrx_word' id='word_1_355' title='bbox 2915 3481 2970 3527; x_wconf 88' lang='lat' dir='ltr'><strong><em>et</em></strong></span> <span class='ocrx_word' id='word_1_356' title='bbox 2997 3478 3140 3544; x_wconf 91' lang='lat' dir='ltr'><strong><em>quod</em></strong></span> <span class='ocrx_word' id='word_1_357' title='bbox 3175 3478 3471 3549; x_wconf 83' lang='lat' dir='ltr'><strong><em>aliquando</em></strong></span> 
     </span>
    </p>
   </div>
   <div class='ocr_carea' id='block_1_47' title="bbox 1890 3564 3467 3638">
    <p class='ocr_par' dir='ltr' id='par_1_47' title="bbox 1890 3564 3467 3638">
     <span class='ocr_line' id='line_1_47' title="bbox 1890 3564 3467 3638; baseline 0.006 -22"><span class='ocrx_word' id='word_1_358' title='bbox 1890 3564 1941 3616; x_wconf 91' lang='lat' dir='ltr'><strong><em>in</em></strong></span> <span class='ocrx_word' id='word_1_359' title='bbox 1978 3564 2249 3617; x_wconf 69' lang='grc' dir='ltr'><strong><em>ιιτιττεεθοδ</em></strong></span> <span class='ocrx_word' id='word_1_360' title='bbox 2275 3578 2520 3617; x_wconf 87' lang='lat' dir='ltr'><strong><em>errorem</em></strong></span> <span class='ocrx_word' id='word_1_361' title='bbox 2581 3572 2852 3619; x_wconf 83' lang='lat' dir='ltr'><strong><em>attractus</em></strong></span> <span class='ocrx_word' id='word_1_362' title='bbox 2915 3565 3118 3634; x_wconf 80' lang='lat' dir='ltr'><strong><em>fuerit,</em></strong></span> <span class='ocrx_word' id='word_1_363' title='bbox 3184 3571 3467 3638; x_wconf 85' lang='lat' dir='ltr'><strong><em>deplorat,</em></strong></span> 
     </span>
    </p>
   </div>
   <div class='ocr_carea' id='block_1_48' title="bbox 1886 3656 3466 3727">
    <p class='ocr_par' dir='ltr' id='par_1_48' title="bbox 1886 3656 3466 3727">
     <span class='ocr_line' id='line_1_48' title="bbox 1886 3656 3466 3727; baseline 0.008 -19"><span class='ocrx_word' id='word_1_364' title='bbox 1886 3656 2109 3724; x_wconf 78' lang='lat' dir='ltr'><strong><em>ejusque</em></strong></span> <span class='ocrx_word' id='word_1_365' title='bbox 2176 3656 2480 3723; x_wconf 80' lang='lat' dir='ltr'><strong><em>patrocinio</em></strong></span> <span class='ocrx_word' id='word_1_366' title='bbox 2551 3664 2711 3725; x_wconf 91' lang='lat' dir='ltr'><strong><em>atque</em></strong></span> <span class='ocrx_word' id='word_1_367' title='bbox 2785 3659 3035 3727; x_wconf 79' lang='lat' dir='ltr'><strong><em>exemplo</em></strong></span> <span class='ocrx_word' id='word_1_368' title='bbox 3087 3676 3146 3715; x_wconf 91' lang='lat' dir='ltr'><strong><em>se</em></strong></span> <span class='ocrx_word' id='word_1_369' title='bbox 3195 3663 3261 3716; x_wconf 92' lang='lat' dir='ltr'><strong><em>ad</em></strong></span> <span class='ocrx_word' id='word_1_370' title='bbox 3324 3666 3466 3721; x_wconf 92' lang='lat' dir='ltr'><strong><em>viam</em></strong></span> 
     </span>
    </p>
   </div>
   <div class='ocr_carea' id='block_1_49' title="bbox 1887 3748 3474 3828">
    <p class='ocr_par' dir='ltr' id='par_1_49' title="bbox 1887 3748 3474 3828">
     <span class='ocr_line' id='line_1_49' title="bbox 1887 3748 3474 3828; baseline 0.007 -27"><span class='ocrx_word' id='word_1_371' title='bbox 1887 3750 2132 3801; x_wconf 88' lang='lat' dir='ltr'><strong><em>veritatis</em></strong></span> <span class='ocrx_word' id='word_1_372' title='bbox 2166 3750 2447 3802; x_wconf 90' lang='lat' dir='ltr'><strong><em>reductum</em></strong></span> <span class='ocrx_word' id='word_1_373' title='bbox 2500 3748 2721 3802; x_wconf 89' lang='lat' dir='ltr'><strong><em>iudicat.</em></strong></span> <span class='ocrx_word' id='word_1_374' title='bbox 2754 3748 3019 3805; x_wconf 88' lang='lat' dir='ltr'><strong><em>Nonnulla</em></strong></span> <span class='ocrx_word' id='word_1_375' title='bbox 3064 3754 3130 3807; x_wconf 85' lang='lat' dir='ltr'><strong><em>de</em></strong></span> <span class='ocrx_word' id='word_1_376' title='bbox 3163 3770 3228 3809; x_wconf 86' lang='lat' dir='ltr'><strong><em>eo</em></strong></span> <span class='ocrx_word' id='word_1_377' title='bbox 3277 3757 3327 3809; x_wconf 93' lang='lat' dir='ltr'><strong><em>in</em></strong></span> <span class='ocrx_word' id='word_1_378' title='bbox 3359 3758 3474 3828; x_wconf 83' lang='lat' dir='ltr'><strong><em>epi-</em></strong></span> 
     </span>
    </p>
   </div>
   <div class='ocr_carea' id='block_1_50' title="bbox 1884 3838 3459 3906">
    <p class='ocr_par' dir='ltr' id='par_1_50' title="bbox 1884 3838 3459 3906">
     <span class='ocr_line' id='line_1_50' title="bbox 1884 3838 3459 3906; baseline 0.003 -13"><span class='ocrx_word' id='word_1_379' title='bbox 1884 3842 2017 3893; x_wconf 79' lang='lat' dir='ltr'><strong><em>smla</em></strong></span> <span class='ocrx_word' id='word_1_380' title='bbox 2054 3838 2366 3906; x_wconf 89' lang='lat' dir='ltr'><strong><em>interpretis</em></strong></span> <span class='ocrx_word' id='word_1_381' title='bbox 2400 3853 2520 3893; x_wconf 83' lang='lat' dir='ltr'><strong><em>mox</em></strong></span> <span class='ocrx_word' id='word_1_382' title='bbox 2568 3839 2744 3893; x_wconf 88' lang='lat' dir='ltr'><strong><em>danda</em></strong></span> <span class='ocrx_word' id='word_1_383' title='bbox 2781 3842 3147 3895; x_wconf 87' lang='lat' dir='ltr'><strong><em>continentur.</em></strong></span> <span class='ocrx_word' id='word_1_384' title='bbox 3190 3843 3459 3899; x_wconf 70' lang='lat' dir='ltr'><strong><em>Craterum</em></strong></span> 
     </span>
    </p>
   </div>
   <div class='ocr_carea' id='block_1_51' title="bbox 1883 3931 3459 4002">
    <p class='ocr_par' dir='ltr' id='par_1_51' title="bbox 1883 3931 3459 4002">
     <span class='ocr_line' id='line_1_51' title="bbox 1883 3931 3459 4002; baseline 0.005 -19"><span class='ocrx_word' id='word_1_385' title='bbox 1883 3931 2069 3983; x_wconf 90' lang='lat' dir='ltr'><strong><em>eadem</em></strong></span> <span class='ocrx_word' id='word_1_386' title='bbox 2101 3934 2231 3983; x_wconf 77' lang='lat' dir='ltr'><strong><em>Actu</em></strong></span> <span class='ocrx_word' id='word_1_387' title='bbox 2286 3933 2476 3985; x_wconf 89' lang='lat' dir='ltr'><strong><em>damus</em></strong></span> <span class='ocrx_word' id='word_1_388' title='bbox 2510 3945 2661 3984; x_wconf 87' lang='lat' dir='ltr'><strong><em>more</em></strong></span> <span class='ocrx_word' id='word_1_389' title='bbox 2704 3941 2888 3984; x_wconf 86' lang='lat' dir='ltr'><strong><em>nostro</em></strong></span> <span class='ocrx_word' id='word_1_390' title='bbox 2927 3933 2977 3985; x_wconf 91' lang='lat' dir='ltr'><strong><em>in</em></strong></span> <span class='ocrx_word' id='word_1_391' title='bbox 3034 3935 3208 4002; x_wconf 83' lang='lat' dir='ltr'><strong><em>capita</em></strong></span> <span class='ocrx_word' id='word_1_392' title='bbox 3244 3945 3297 3988; x_wconf 89' lang='lat' dir='ltr'><strong><em>et</em></strong></span> <span class='ocrx_word' id='word_1_393' title='bbox 3357 3953 3459 3990; x_wconf 82' lang='lat' dir='ltr'><strong><em>nu-</em></strong></span> 
     </span>
    </p>
   </div>
   <div class='ocr_carea' id='block_1_52' title="bbox 1884 4022 3454 4084">
    <p class='ocr_par' dir='ltr' id='par_1_52' title="bbox 1884 4022 3454 4084">
     <span class='ocr_line' id='line_1_52' title="bbox 1884 4022 3454 4084; baseline 0.006 -12"><span class='ocrx_word' id='word_1_394' title='bbox 1884 4037 2062 4075; x_wconf 88' lang='lat' dir='ltr'><strong><em>meros</em></strong></span> <span class='ocrx_word' id='word_1_395' title='bbox 2100 4022 2395 4084; x_wconf 84' lang='lat' dir='ltr'><strong><em>distincta,</em></strong></span> <span class='ocrx_word' id='word_1_396' title='bbox 2452 4031 2508 4074; x_wconf 92' lang='lat' dir='ltr'><strong><em>et</em></strong></span> <span class='ocrx_word' id='word_1_397' title='bbox 2559 4022 2900 4077; x_wconf 87' lang='lat' dir='ltr'><strong><em>uberioribus</em></strong></span> <span class='ocrx_word' id='word_1_398' title='bbox 2963 4028 3327 4081; x_wconf 78' lang='lat' dir='ltr'><strong><em>natationibus</em></strong></span> <span class='ocrx_word' id='word_1_399' title='bbox 3387 4044 3454 4082; x_wconf 79' lang='lat' dir='ltr'><strong><em>ex</em></strong></span> 
     </span>
    </p>
   </div>
   <div class='ocr_carea' id='block_1_53' title="bbox 202 4101 3452 4182">
    <p class='ocr_par' dir='ltr' id='par_1_53' title="bbox 202 4101 3452 4182">
     <span class='ocr_line' id='line_1_53' title="bbox 202 4101 3452 4182; baseline 0.004 -23"><span class='ocrx_word' id='word_1_400' title='bbox 202 4114 429 4182; x_wconf 78' lang='lat' dir='ltr'><strong><em>templo,</em></strong></span> <span class='ocrx_word' id='word_1_401' title='bbox 465 4112 518 4165; x_wconf 83' lang='lat' dir='ltr'><strong><em>in</em></strong></span> <span class='ocrx_word' id='word_1_402' title='bbox 546 4112 792 4181; x_wconf 81' lang='lat' dir='ltr'><strong><em>sepulcro</em></strong></span> <span class='ocrx_word' id='word_1_403' title='bbox 818 4128 1010 4167; x_wconf 76' lang='lat' dir='ltr'><strong><em>recens</em></strong></span> <span class='ocrx_word' id='word_1_404' title='bbox 1039 4124 1315 4169; x_wconf 72' lang='lat' dir='ltr'><strong><em>exstructo</em></strong></span> <span class='ocrx_word' id='word_1_405' title='bbox 1335 4116 1432 4169; x_wconf 72' lang='lat' dir='ltr'><strong><em>hoc</em></strong></span> <span class='ocrx_word' id='word_1_406' title='bbox 1466 4118 1625 4170; x_wconf 69' lang='grc' dir='ltr'><strong><em>ιοτιῑο</em></strong></span> <span class='ocrx_word' id='word_1_407' title='bbox 1655 4118 1779 4171; x_wconf 71' lang='lat' dir='ltr'><strong><em>mus</em></strong></span> <span class='ocrx_word' id='word_1_408' title='bbox 1816 4101 1853 4154; x_wconf 83' lang='grc' dir='ltr'><strong><em>Β</em></strong></span> <span class='ocrx_word' id='word_1_409' title='bbox 1880 4112 2116 4179; x_wconf 87' lang='lat' dir='ltr'><strong><em>antiquis</em></strong></span> <span class='ocrx_word' id='word_1_410' title='bbox 2159 4111 2519 4177; x_wconf 84' lang='lat' dir='ltr'><strong><em>scriptoribus</em></strong></span> <span class='ocrx_word' id='word_1_411' title='bbox 2555 4111 2913 4167; x_wconf 84' lang='lat' dir='ltr'><strong><em>illustramus.</em></strong></span> <span class='ocrx_word' id='word_1_412' title='bbox 2951 4113 3258 4170; x_wconf 78' lang='lat' dir='ltr'><strong><em>POSIeriora</em></strong></span> <span class='ocrx_word' id='word_1_413' title='bbox 3315 4120 3452 4173; x_wconf 86' lang='lat' dir='ltr'><strong><em>Acta</em></strong></span> 
     </span>
    </p>
   </div>
   <div class='ocr_carea' id='block_1_54' title="bbox 202 4205 1779 4271">
    <p class='ocr_par' dir='ltr' id='par_1_54' title="bbox 202 4205 1779 4271">
     <span class='ocr_line' id='line_1_54' title="bbox 202 4205 1779 4271; baseline 0.001 -12"><span class='ocrx_word' id='word_1_414' title='bbox 202 4205 389 4259; x_wconf 73' lang='lat' dir='ltr'><strong><em>Martii</em></strong></span> <span class='ocrx_word' id='word_1_415' title='bbox 427 4205 793 4271; x_wconf 90' lang='lat' dir='ltr'><strong><em>compositum</em></strong></span> <span class='ocrx_word' id='word_1_416' title='bbox 825 4205 1009 4261; x_wconf 79' lang='lat' dir='ltr'><strong><em>fuerit.</em></strong></span> <span class='ocrx_word' id='word_1_417' title='bbox 1052 4224 1071 4255; x_wconf 74' lang='grc' dir='ltr'><strong>ι</strong></span> <span class='ocrx_word' id='word_1_418' title='bbox 1108 4206 1282 4260; x_wconf 66' lang='grc' dir='ltr'><strong><em>(ἓνωεί</em></strong></span> <span class='ocrx_word' id='word_1_419' title='bbox 1318 4208 1369 4260; x_wconf 87' lang='lat' dir='ltr'><strong><em>itt</em></strong></span> <span class='ocrx_word' id='word_1_420' title='bbox 1407 4210 1521 4261; x_wconf 85' lang='lat' dir='ltr'><strong><em>suis</em></strong></span> <span class='ocrx_word' id='word_1_421' title='bbox 1559 4207 1779 4261; x_wconf 74' lang='lat' dir='ltr'><strong><em>Mentcis</em></strong></span> 
     </span>
    </p>
   </div>
   <div class='ocr_carea' id='block_1_55' title="bbox 197 4296 1776 4351">
    <p class='ocr_par' dir='ltr' id='par_1_55' title="bbox 197 4296 1776 4351">
     <span class='ocr_line' id='line_1_55' title="bbox 197 4296 1776 4351; baseline -0.001 -1"><span class='ocrx_word' id='word_1_422' title='bbox 197 4297 422 4350; x_wconf 74' lang='lat' dir='ltr'><strong><em>excusis</em></strong></span> <span class='ocrx_word' id='word_1_423' title='bbox 464 4310 525 4347; x_wconf 82' lang='lat' dir='ltr'><strong><em>ac</em></strong></span> <span class='ocrx_word' id='word_1_424' title='bbox 557 4309 722 4347; x_wconf 90' lang='lat' dir='ltr'><strong><em>manu</em></strong></span> <span class='ocrx_word' id='word_1_425' title='bbox 764 4296 1004 4347; x_wconf 76' lang='lat' dir='ltr'><strong><em>exaratis</em></strong></span> <span class='ocrx_word' id='word_1_426' title='bbox 1053 4296 1331 4349; x_wconf 89' lang='lat' dir='ltr'><strong><em>celebrant</em></strong></span> <span class='ocrx_word' id='word_1_427' title='bbox 1376 4298 1478 4351; x_wconf 88' lang='lat' dir='ltr'><strong><em>hoc</em></strong></span> <span class='ocrx_word' id='word_1_428' title='bbox 1511 4299 1596 4351; x_wconf 90' lang='lat' dir='ltr'><strong><em>die</em></strong></span> <span class='ocrx_word' id='word_1_429' title='bbox 1627 4313 1776 4350; x_wconf 89' lang='lat' dir='ltr'><strong><em>eam-</em></strong></span> 
     </span>
    </p>
   </div>
   <div class='ocr_carea' id='block_1_56' title="bbox 198 4386 1774 4453">
    <p class='ocr_par' dir='ltr' id='par_1_56' title="bbox 198 4386 1774 4453">
     <span class='ocr_line' id='line_1_56' title="bbox 198 4386 1774 4453; baseline 0.001 -13"><span class='ocrx_word' id='word_1_430' title='bbox 198 4388 321 4441; x_wconf 88' lang='lat' dir='ltr'><strong><em>dem</em></strong></span> <span class='ocrx_word' id='word_1_431' title='bbox 368 4386 620 4453; x_wconf 89' lang='lat' dir='ltr'><strong><em>corporis</em></strong></span> <span class='ocrx_word' id='word_1_432' title='bbox 670 4386 1108 4453; x_wconf 88' lang='lat' dir='ltr'><strong><em>translationem,</em></strong></span> <span class='ocrx_word' id='word_1_433' title='bbox 1171 4389 1418 4441; x_wconf 89' lang='lat' dir='ltr'><strong><em>encomio</em></strong></span> <span class='ocrx_word' id='word_1_434' title='bbox 1463 4404 1527 4443; x_wconf 82' lang='lat' dir='ltr'><strong><em>ex</em></strong></span> <span class='ocrx_word' id='word_1_435' title='bbox 1571 4390 1774 4442; x_wconf 86' lang='lat' dir='ltr'><strong><em>eisdem</em></strong></span> 
     </span>
    </p>
   </div>
   <div class='ocr_carea' id='block_1_57' title="bbox 196 4477 1776 4547">
    <p class='ocr_par' dir='ltr' id='par_1_57' title="bbox 196 4477 1776 4547">
     <span class='ocr_line' id='line_1_57' title="bbox 196 4477 1776 4547; baseline 0 -16"><span class='ocrx_word' id='word_1_436' title='bbox 196 4480 356 4533; x_wconf 81' lang='lat' dir='ltr'><strong><em>Actis</em></strong></span> <span class='ocrx_word' id='word_1_437' title='bbox 384 4479 701 4546; x_wconf 89' lang='lat' dir='ltr'><strong><em>desumpto.</em></strong></span> <span class='ocrx_word' id='word_1_438' title='bbox 733 4480 801 4530; x_wconf 87' lang='lat' dir='ltr'><strong><em>At</em></strong></span> <span class='ocrx_word' id='word_1_439' title='bbox 842 4479 1099 4546; x_wconf 89' lang='lat' dir='ltr'><strong><em>primaria</em></strong></span> <span class='ocrx_word' id='word_1_440' title='bbox 1130 4477 1246 4543; x_wconf 89' lang='lat' dir='ltr'><strong><em>ejus</em></strong></span> <span class='ocrx_word' id='word_1_441' title='bbox 1279 4478 1591 4533; x_wconf 87' lang='lat' dir='ltr'><strong><em>solemnitas</em></strong></span> <span class='ocrx_word' id='word_1_442' title='bbox 1622 4494 1776 4547; x_wconf 87' lang='lat' dir='ltr'><strong><em>pera-</em></strong></span> 
     </span>
    </p>
   </div>
   <div class='ocr_carea' id='block_1_58' title="bbox 192 4566 1773 4637">
    <p class='ocr_par' dir='ltr' id='par_1_58' title="bbox 192 4566 1773 4637">
     <span class='ocr_line' id='line_1_58' title="bbox 192 4566 1773 4637; baseline 0.002 -17"><span class='ocrx_word' id='word_1_443' title='bbox 192 4572 344 4637; x_wconf 77' lang='lat' dir='ltr'><strong><em>gitur</em></strong></span> <span class='ocrx_word' id='word_1_444' title='bbox 374 4569 461 4621; x_wconf 89' lang='lat' dir='ltr'><strong><em>die</em></strong></span> <span class='ocrx_word' id='word_1_445' title='bbox 490 4568 728 4621; x_wconf 89' lang='lat' dir='ltr'><strong><em>secundo</em></strong></span> <span class='ocrx_word' id='word_1_446' title='bbox 770 4566 939 4631; x_wconf 84' lang='lat' dir='ltr'><strong><em>Junii,</em></strong></span> <span class='ocrx_word' id='word_1_447' title='bbox 971 4585 1078 4637; x_wconf 89' lang='lat' dir='ltr'><strong><em>quo</em></strong></span> <span class='ocrx_word' id='word_1_448' title='bbox 1108 4570 1261 4623; x_wconf 84' lang='lat' dir='ltr'><strong><em>exsnl</em></strong></span> <span class='ocrx_word' id='word_1_449' title='bbox 1299 4572 1395 4623; x_wconf 91' lang='lat' dir='ltr'><strong><em>hac</em></strong></span> <span class='ocrx_word' id='word_1_450' title='bbox 1426 4572 1635 4625; x_wconf 91' lang='lat' dir='ltr'><strong><em>mortali</em></strong></span> <span class='ocrx_word' id='word_1_451' title='bbox 1666 4573 1773 4624; x_wconf 83' lang='lat' dir='ltr'><strong><em>vita</em></strong></span> 
     </span>
    </p>
   </div>
   <div class='ocr_carea' id='block_1_59' title="bbox 194 4659 1771 4731">
    <p class='ocr_par' dir='ltr' id='par_1_59' title="bbox 194 4659 1771 4731">
     <span class='ocr_line' id='line_1_59' title="bbox 194 4659 1771 4731; baseline 0.003 -19"><span class='ocrx_word' id='word_1_452' title='bbox 194 4673 424 4720; x_wconf 80' lang='lat' dir='ltr'><strong><em>exutus,</em></strong></span> <span class='ocrx_word' id='word_1_453' title='bbox 460 4659 527 4712; x_wconf 91' lang='lat' dir='ltr'><strong><em>ad</em></strong></span> <span class='ocrx_word' id='word_1_454' title='bbox 563 4660 922 4713; x_wconf 89' lang='lat' dir='ltr'><strong><em>immortalem</em></strong></span> <span class='ocrx_word' id='word_1_455' title='bbox 974 4672 1343 4731; x_wconf 67' lang='lat' dir='ltr'><strong><em>aeternamque</em></strong></span> <span class='ocrx_word' id='word_1_456' title='bbox 1387 4664 1771 4717; x_wconf 87' lang='lat' dir='ltr'><strong><em>beatitudinem</em></strong></span> 
     </span>
    </p>
   </div>
   <div class='ocr_carea' id='block_1_60' title="bbox 192 4750 1770 4822">
    <p class='ocr_par' dir='ltr' id='par_1_60' title="bbox 192 4750 1770 4822">
     <span class='ocr_line' id='line_1_60' title="bbox 192 4750 1770 4822; baseline 0.003 -19"><span class='ocrx_word' id='word_1_457' title='bbox 192 4753 472 4817; x_wconf 56' lang='lat' dir='ltr'><strong><em>gloriosus</em></strong></span> <span class='ocrx_word' id='word_1_458' title='bbox 514 4750 788 4818; x_wconf 89' lang='lat' dir='ltr'><strong><em>migravit.</em></strong></span> <span class='ocrx_word' id='word_1_459' title='bbox 815 4750 945 4817; x_wconf 65' lang='lat' dir='ltr'><strong><em>Quae</em></strong></span> <span class='ocrx_word' id='word_1_460' title='bbox 965 4761 1073 4805; x_wconf 89' lang='lat' dir='ltr'><strong><em>tum</em></strong></span> <span class='ocrx_word' id='word_1_461' title='bbox 1104 4753 1275 4806; x_wconf 61' lang='lat' dir='ltr'><strong><em>Graeci</em></strong></span> <span class='ocrx_word' id='word_1_462' title='bbox 1314 4753 1471 4822; x_wconf 80' lang='lat' dir='ltr'><strong><em>lengo</em></strong></span> <span class='ocrx_word' id='word_1_463' title='bbox 1488 4764 1540 4807; x_wconf 89' lang='lat' dir='ltr'><strong><em>et</em></strong></span> <span class='ocrx_word' id='word_1_464' title='bbox 1572 4754 1770 4808; x_wconf 78' lang='lat' dir='ltr'><strong><em>illustri</em></strong></span> 
     </span>
    </p>
   </div>
   <div class='ocr_carea' id='block_1_61' title="bbox 193 4839 1773 4915">
    <p class='ocr_par' dir='ltr' id='par_1_61' title="bbox 193 4839 1773 4915">
     <span class='ocr_line' id='line_1_61' title="bbox 193 4839 1773 4915; baseline 0.003 -21"><span class='ocrx_word' id='word_1_465' title='bbox 193 4842 463 4895; x_wconf 84' lang='lat' dir='ltr'><strong><em>Encomio</em></strong></span> <span class='ocrx_word' id='word_1_466' title='bbox 491 4839 791 4908; x_wconf 81' lang='lat' dir='ltr'><strong><em>proferunt,</em></strong></span> <span class='ocrx_word' id='word_1_467' title='bbox 821 4858 885 4896; x_wconf 90' lang='lat' dir='ltr'><strong><em>ac</em></strong></span> <span class='ocrx_word' id='word_1_468' title='bbox 917 4844 1080 4897; x_wconf 87' lang='lat' dir='ltr'><strong><em>variis</em></strong></span> <span class='ocrx_word' id='word_1_469' title='bbox 1107 4845 1224 4898; x_wconf 87' lang='lat' dir='ltr'><strong><em>odis</em></strong></span> <span class='ocrx_word' id='word_1_470' title='bbox 1248 4853 1302 4897; x_wconf 88' lang='lat' dir='ltr'><strong><em>et</em></strong></span> <span class='ocrx_word' id='word_1_471' title='bbox 1332 4846 1547 4915; x_wconf 82' lang='lat' dir='ltr'><strong><em>hymnis</em></strong></span> <span class='ocrx_word' id='word_1_472' title='bbox 1577 4848 1773 4901; x_wconf 91' lang='lat' dir='ltr'><strong><em>decan-</em></strong></span> 
     </span>
    </p>
   </div>
   <div class='ocr_carea' id='block_1_62' title="bbox 191 4933 1769 5001">
    <p class='ocr_par' dir='ltr' id='par_1_62' title="bbox 191 4933 1769 5001">
     <span class='ocr_line' id='line_1_62' title="bbox 191 4933 1769 5001; baseline 0.003 -15"><span class='ocrx_word' id='word_1_473' title='bbox 191 4944 333 4999; x_wconf 86' lang='lat' dir='ltr'><strong><em>tant,</em></strong></span> <span class='ocrx_word' id='word_1_474' title='bbox 384 4934 436 4985; x_wconf 92' lang='lat' dir='ltr'><strong><em>iu</em></strong></span> <span class='ocrx_word' id='word_1_475' title='bbox 490 4933 759 5001; x_wconf 90' lang='lat' dir='ltr'><strong><em>prioribus</em></strong></span> <span class='ocrx_word' id='word_1_476' title='bbox 807 4934 958 4987; x_wconf 84' lang='lat' dir='ltr'><strong><em>Actis</em></strong></span> <span class='ocrx_word' id='word_1_477' title='bbox 1031 4934 1396 4989; x_wconf 89' lang='lat' dir='ltr'><strong><em>continentur.</em></strong></span> <span class='ocrx_word' id='word_1_478' title='bbox 1457 4936 1769 4992; x_wconf 85' lang='lat' dir='ltr'><strong><em>Graecorum</em></strong></span> 
     </span>
    </p>
   </div>
   <div class='ocr_carea' id='block_1_63' title="bbox 188 5024 1768 5091">
    <p class='ocr_par' dir='ltr' id='par_1_63' title="bbox 188 5024 1768 5091">
     <span class='ocr_line' id='line_1_63' title="bbox 188 5024 1768 5091; baseline 0.006 -16"><span class='ocrx_word' id='word_1_479' title='bbox 188 5024 448 5091; x_wconf 76' lang='lat' dir='ltr'><strong><em>exemplo</em></strong></span> <span class='ocrx_word' id='word_1_480' title='bbox 495 5026 561 5077; x_wconf 88' lang='lat' dir='ltr'><strong><em>ad</em></strong></span> <span class='ocrx_word' id='word_1_481' title='bbox 612 5025 861 5078; x_wconf 91' lang='lat' dir='ltr'><strong><em>eumdem</em></strong></span> <span class='ocrx_word' id='word_1_482' title='bbox 912 5025 1054 5079; x_wconf 90' lang='lat' dir='ltr'><strong><em>diem</em></strong></span> <span class='ocrx_word' id='word_1_483' title='bbox 1111 5030 1346 5082; x_wconf 80' lang='lat' dir='ltr'><strong><em>refertur</em></strong></span> <span class='ocrx_word' id='word_1_484' title='bbox 1391 5044 1421 5081; x_wconf 91' lang='lat' dir='ltr'><strong><em>a</em></strong></span> <span class='ocrx_word' id='word_1_485' title='bbox 1462 5028 1671 5083; x_wconf 71' lang='lat' dir='ltr'><strong><em>Nolano</em></strong></span> <span class='ocrx_word' id='word_1_486' title='bbox 1716 5031 1768 5084; x_wconf 89' lang='lat' dir='ltr'><strong><em>in</em></strong></span> 
     </span>
    </p>
   </div>
   <div class='ocr_carea' id='block_1_64' title="bbox 187 5112 1766 5187">
    <p class='ocr_par' dir='ltr' id='par_1_64' title="bbox 187 5112 1766 5187">
     <span class='ocr_line' id='line_1_64' title="bbox 187 5112 1766 5187; baseline 0.005 -22"><span class='ocrx_word' id='word_1_487' title='bbox 187 5115 459 5167; x_wconf 82' lang='lat' dir='ltr'><strong><em>Auctario</em></strong></span> <span class='ocrx_word' id='word_1_488' title='bbox 503 5113 734 5168; x_wconf 84' lang='lat' dir='ltr'><strong><em>Usuardi</em></strong></span> <span class='ocrx_word' id='word_1_489' title='bbox 764 5122 819 5167; x_wconf 91' lang='lat' dir='ltr'><strong><em>et</em></strong></span> <span class='ocrx_word' id='word_1_490' title='bbox 856 5112 1109 5168; x_wconf 87' lang='lat' dir='ltr'><strong><em>Ferrario</em></strong></span> <span class='ocrx_word' id='word_1_491' title='bbox 1136 5118 1186 5169; x_wconf 93' lang='lat' dir='ltr'><strong><em>in</em></strong></span> <span class='ocrx_word' id='word_1_492' title='bbox 1214 5116 1472 5187; x_wconf 85' lang='lat' dir='ltr'><strong><em>Catalogo</em></strong></span> <span class='ocrx_word' id='word_1_493' title='bbox 1506 5120 1766 5187; x_wconf 84' lang='lat' dir='ltr'><strong><em>generali.</em></strong></span> 
     </span>
    </p>
   </div>
   <div class='ocr_carea' id='block_1_65' title="bbox 256 5204 1769 5275">
    <p class='ocr_par' dir='ltr' id='par_1_65' title="bbox 256 5204 1769 5275">
     <span class='ocr_line' id='line_1_65' title="bbox 256 5204 1769 5275; baseline 0.004 -18"><span class='ocrx_word' id='word_1_494' title='bbox 256 5206 313 5257; x_wconf 71' lang='lat'><strong><em>2.</em></strong></span> <span class='ocrx_word' id='word_1_495' title='bbox 350 5206 511 5266; x_wconf 82' lang='lat' dir='ltr'><strong><em>Acta,</em></strong></span> <span class='ocrx_word' id='word_1_496' title='bbox 543 5213 599 5256; x_wconf 92' lang='lat' dir='ltr'><strong><em>ut</em></strong></span> <span class='ocrx_word' id='word_1_497' title='bbox 631 5204 888 5267; x_wconf 78' lang='lat' dir='ltr'><strong><em>diximus,</em></strong></span> <span class='ocrx_word' id='word_1_498' title='bbox 922 5205 1155 5272; x_wconf 86' lang='lat' dir='ltr'><strong><em>duplicia</em></strong></span> <span class='ocrx_word' id='word_1_499' title='bbox 1182 5208 1390 5273; x_wconf 90' lang='lat' dir='ltr'><strong><em>damus,</em></strong></span> <span class='ocrx_word' id='word_1_500' title='bbox 1428 5210 1606 5275; x_wconf 86' lang='lat' dir='ltr'><strong><em>priora</em></strong></span> <span class='ocrx_word' id='word_1_501' title='bbox 1640 5212 1769 5262; x_wconf 87' lang='lat' dir='ltr'><strong><em>hac-</em></strong></span> 
     </span>
    </p>
   </div>
   <div class='ocr_carea' id='block_1_66' title="bbox 187 5294 1765 5365">
    <p class='ocr_par' dir='ltr' id='par_1_66' title="bbox 187 5294 1765 5365">
     <span class='ocr_line' id='line_1_66' title="bbox 187 5294 1765 5365; baseline 0.004 -18"><span class='ocrx_word' id='word_1_502' title='bbox 187 5306 349 5348; x_wconf 87' lang='lat' dir='ltr'><strong><em>tenus</em></strong></span> <span class='ocrx_word' id='word_1_503' title='bbox 407 5294 613 5347; x_wconf 86' lang='lat' dir='ltr'><strong><em>inedita</em></strong></span> <span class='ocrx_word' id='word_1_504' title='bbox 673 5296 892 5363; x_wconf 88' lang='lat' dir='ltr'><strong><em>scripsit</em></strong></span> <span class='ocrx_word' id='word_1_505' title='bbox 952 5295 1224 5365; x_wconf 85' lang='lat' dir='ltr'><strong><em>lguatius,</em></strong></span> <span class='ocrx_word' id='word_1_506' title='bbox 1258 5308 1393 5352; x_wconf 86' lang='lat' dir='ltr'><strong><em>teste</em></strong></span> <span class='ocrx_word' id='word_1_507' title='bbox 1423 5297 1611 5364; x_wconf 89' lang='lat' dir='ltr'><strong><em>Suida,</em></strong></span> <span class='ocrx_word' id='word_1_508' title='bbox 1651 5301 1765 5353; x_wconf 83' lang='lat' dir='ltr'><strong><em>dia-</em></strong></span> 
     </span>
    </p>
   </div>
   <div class='ocr_carea' id='block_1_67' title="bbox 183 5384 1761 5454">
    <p class='ocr_par' dir='ltr' id='par_1_67' title="bbox 183 5384 1761 5454">
     <span class='ocr_line' id='line_1_67' title="bbox 183 5384 1761 5454; baseline 0.001 -17"><span class='ocrx_word' id='word_1_509' title='bbox 183 5400 360 5438; x_wconf 85' lang='lat' dir='ltr'><strong><em>conus</em></strong></span> <span class='ocrx_word' id='word_1_510' title='bbox 408 5393 465 5435; x_wconf 92' lang='lat' dir='ltr'><strong><em>et</em></strong></span> <span class='ocrx_word' id='word_1_511' title='bbox 502 5397 749 5436; x_wconf 75' lang='lat' dir='ltr'><strong><em>vasorum</em></strong></span> <span class='ocrx_word' id='word_1_512' title='bbox 782 5392 962 5437; x_wconf 90' lang='lat' dir='ltr'><strong><em>custos</em></strong></span> <span class='ocrx_word' id='word_1_513' title='bbox 993 5384 1194 5454; x_wconf 73' lang='lat' dir='ltr'><strong><em>Magna:</em></strong></span> <span class='ocrx_word' id='word_1_514' title='bbox 1216 5384 1467 5441; x_wconf 66' lang='lat' dir='ltr'><strong><em>Ecclesiae</em></strong></span> <span class='ocrx_word' id='word_1_515' title='bbox 1493 5384 1761 5440; x_wconf 86' lang='lat' dir='ltr'><strong><em>Constan-</em></strong></span> 
     </span>
    </p>
   </div>
   <div class='ocr_carea' id='block_1_68' title="bbox 185 5473 1761 5544">
    <p class='ocr_par' dir='ltr' id='par_1_68' title="bbox 185 5473 1761 5544">
     <span class='ocr_line' id='line_1_68' title="bbox 185 5473 1761 5544; baseline 0.002 -16"><span class='ocrx_word' id='word_1_516' title='bbox 185 5475 588 5544; x_wconf 70' lang='lat' dir='ltr'><strong><em>tinopolitanae,</em></strong></span> <span class='ocrx_word' id='word_1_517' title='bbox 636 5473 761 5527; x_wconf 87' lang='lat' dir='ltr'><strong><em>dein</em></strong></span> <span class='ocrx_word' id='word_1_518' title='bbox 809 5474 983 5529; x_wconf 83' lang='lat' dir='ltr'><strong><em>lactus</em></strong></span> <span class='ocrx_word' id='word_1_519' title='bbox 1028 5474 1259 5529; x_wconf 70' lang='lat' dir='ltr'><strong><em>Nicaeum</em></strong></span> <span class='ocrx_word' id='word_1_520' title='bbox 1330 5476 1761 5544; x_wconf 81' lang='lat' dir='ltr'><strong><em>metr0politan:e</em></strong></span> 
     </span>
    </p>
   </div>
   <div class='ocr_carea' id='block_1_69' title="bbox 181 5566 1763 5639">
    <p class='ocr_par' dir='ltr' id='par_1_69' title="bbox 181 5566 1763 5639">
     <span class='ocr_line' id='line_1_69' title="bbox 181 5566 1763 5639; baseline 0.001 -16"><span class='ocrx_word' id='word_1_521' title='bbox 181 5566 611 5623; x_wconf 67' lang='lat' dir='ltr'><strong><em>Grammaticus.</em></strong></span> <span class='ocrx_word' id='word_1_522' title='bbox 649 5567 767 5633; x_wconf 77' lang='lat' dir='ltr'><strong><em>Hic,</em></strong></span> <span class='ocrx_word' id='word_1_523' title='bbox 810 5568 960 5622; x_wconf 84' lang='lat' dir='ltr'><strong><em>addit</em></strong></span> <span class='ocrx_word' id='word_1_524' title='bbox 1010 5568 1151 5621; x_wconf 87' lang='lat' dir='ltr'><strong><em>idem</em></strong></span> <span class='ocrx_word' id='word_1_525' title='bbox 1207 5568 1403 5623; x_wconf 78' lang='lat' dir='ltr'><strong><em>Suidas</em></strong></span> <span class='ocrx_word' id='word_1_526' title='bbox 1435 5609 1448 5633; x_wconf 96' lang='lat'><strong><em>,</em></strong></span> <span class='ocrx_word' id='word_1_527' title='bbox 1487 5586 1504 5620; x_wconf 76' lang='grc' dir='ltr'>ι</span> <span class='ocrx_word' id='word_1_528' title='bbox 1545 5570 1763 5639; x_wconf 85' lang='lat' dir='ltr'><strong><em>scripsit</em></strong></span> 
     </span>
    </p>
   </div>
   <div class='ocr_carea' id='block_1_70' title="bbox 186 5657 1757 5729">
    <p class='ocr_par' dir='ltr' id='par_1_70' title="bbox 186 5657 1757 5729">
     <span class='ocr_line' id='line_1_70' title="bbox 186 5657 1757 5729; baseline 0.003 -18"><span class='ocrx_word' id='word_1_529' title='bbox 186 5658 338 5712; x_wconf 78' lang='lat' dir='ltr'><strong><em>Vitas</em></strong></span> <span class='ocrx_word' id='word_1_530' title='bbox 380 5657 595 5713; x_wconf 86' lang='lat' dir='ltr'><strong><em>Tarasii</em></strong></span> <span class='ocrx_word' id='word_1_531' title='bbox 627 5669 678 5713; x_wconf 91' lang='lat' dir='ltr'><strong><em>et</em></strong></span> <span class='ocrx_word' id='word_1_532' title='bbox 707 5658 1018 5729; x_wconf 80' lang='lat' dir='ltr'><strong><em>Nicephori,</em></strong></span> <span class='ocrx_word' id='word_1_533' title='bbox 1044 5671 1357 5715; x_wconf 83' lang='lat' dir='ltr'><strong><em>sanctorum</em></strong></span> <span class='ocrx_word' id='word_1_534' title='bbox 1392 5670 1445 5714; x_wconf 92' lang='lat' dir='ltr'><strong><em>et</em></strong></span> <span class='ocrx_word' id='word_1_535' title='bbox 1476 5662 1757 5715; x_wconf 76' lang='lat' dir='ltr'><strong><em>beatorum</em></strong></span> 
     </span>
    </p>
   </div>
   <div class='ocr_carea' id='block_1_71' title="bbox 181 5749 1758 5819">
    <p class='ocr_par' dir='ltr' id='par_1_71' title="bbox 181 5749 1758 5819">
     <span class='ocr_line' id='line_1_71' title="bbox 181 5749 1758 5819; baseline 0.001 -16"><span class='ocrx_word' id='word_1_536' title='bbox 181 5751 643 5818; x_wconf 78' lang='lat' dir='ltr'><strong><em>patriarcharum,</em></strong></span> <span class='ocrx_word' id='word_1_537' title='bbox 704 5768 723 5801; x_wconf 73' lang='grc' dir='ltr'><strong><em>ι</em></strong></span> <span class='ocrx_word' id='word_1_538' title='bbox 788 5760 843 5805; x_wconf 90' lang='lat' dir='ltr'><strong><em>et</em></strong></span> <span class='ocrx_word' id='word_1_539' title='bbox 898 5750 1001 5805; x_wconf 84' lang='lat' dir='ltr'><strong><em>alia</em></strong></span> <span class='ocrx_word' id='word_1_540' title='bbox 1054 5749 1245 5819; x_wconf 89' lang='lat' dir='ltr'><strong><em>plura,</em></strong></span> <span class='ocrx_word' id='word_1_541' title='bbox 1303 5761 1357 5805; x_wconf 90' lang='lat' dir='ltr'><strong><em>ttt</em></strong></span> <span class='ocrx_word' id='word_1_542' title='bbox 1403 5752 1634 5806; x_wconf 79' lang='lat' dir='ltr'><strong><em>diximus</em></strong></span> <span class='ocrx_word' id='word_1_543' title='bbox 1687 5754 1758 5805; x_wconf 77' lang='lat'><strong><em>‘25</em></strong></span> 
     </span>
    </p>
   </div>
   <div class='ocr_carea' id='block_1_72' title="bbox 1881 4201 3450 4275">
    <p class='ocr_par' dir='ltr' id='par_1_72' title="bbox 1881 4201 3450 4275">
     <span class='ocr_line' id='line_1_72' title="bbox 1881 4201 3450 4275; baseline 0.006 -20"><span class='ocrx_word' id='word_1_544' title='bbox 1881 4201 2204 4269; x_wconf 77' lang='lat' dir='ltr'><strong><em>conscripsit</em></strong></span> <span class='ocrx_word' id='word_1_545' title='bbox 2234 4201 2589 4270; x_wconf 81' lang='lat' dir='ltr'><strong><em>Theophanes</em></strong></span> <span class='ocrx_word' id='word_1_546' title='bbox 2619 4205 2902 4273; x_wconf 86' lang='lat' dir='ltr'><strong><em>presbyter</em></strong></span> <span class='ocrx_word' id='word_1_547' title='bbox 2941 4214 2993 4260; x_wconf 92' lang='lat' dir='ltr'><strong><em>et</em></strong></span> <span class='ocrx_word' id='word_1_548' title='bbox 3029 4210 3373 4275; x_wconf 63' lang='lat' dir='ltr'><strong><em>prmpositus,</em></strong></span> <span class='ocrx_word' id='word_1_549' title='bbox 3399 4212 3450 4264; x_wconf 90' lang='lat' dir='ltr'><strong><em>in</em></strong></span> 
     </span>
    </p>
   </div>
   <div class='ocr_carea' id='block_1_73' title="bbox 1879 4292 3452 4365">
    <p class='ocr_par' dir='ltr' id='par_1_73' title="bbox 1879 4292 3452 4365">
     <span class='ocr_line' id='line_1_73' title="bbox 1879 4292 3452 4365; baseline 0.01 -23"><span class='ocrx_word' id='word_1_550' title='bbox 1879 4294 2071 4359; x_wconf 90' lang='lat' dir='ltr'><strong><em>quibus</em></strong></span> <span class='ocrx_word' id='word_1_551' title='bbox 2106 4292 2289 4360; x_wconf 86' lang='lat' dir='ltr'><strong><em>paucis</em></strong></span> <span class='ocrx_word' id='word_1_552' title='bbox 2322 4295 2761 4360; x_wconf 83' lang='lat' dir='ltr'><strong><em>perstringuntur</em></strong></span> <span class='ocrx_word' id='word_1_553' title='bbox 2811 4309 2871 4347; x_wconf 86' lang='lat' dir='ltr'><strong><em>ea</em></strong></span> <span class='ocrx_word' id='word_1_554' title='bbox 2928 4312 3048 4365; x_wconf 72' lang='lat' dir='ltr'><strong><em>qua:</em></strong></span> <span class='ocrx_word' id='word_1_555' title='bbox 3082 4300 3148 4351; x_wconf 88' lang='lat' dir='ltr'><strong><em>ad</em></strong></span> <span class='ocrx_word' id='word_1_556' title='bbox 3182 4300 3343 4353; x_wconf 86' lang='lat' dir='ltr'><strong><em>vitam</em></strong></span> <span class='ocrx_word' id='word_1_557' title='bbox 3396 4312 3452 4357; x_wconf 87' lang='lat' dir='ltr'><strong><em>et</em></strong></span> 
     </span>
    </p>
   </div>
   <div class='ocr_carea' id='block_1_74' title="bbox 1878 4384 3450 4461">
    <p class='ocr_par' dir='ltr' id='par_1_74' title="bbox 1878 4384 3450 4461">
     <span class='ocr_line' id='line_1_74' title="bbox 1878 4384 3450 4461; baseline 0.006 -25"><span class='ocrx_word' id='word_1_558' title='bbox 1878 4385 2126 4436; x_wconf 80' lang='lat' dir='ltr'><strong><em>exsilium</em></strong></span> <span class='ocrx_word' id='word_1_559' title='bbox 2168 4395 2439 4453; x_wconf 84' lang='lat' dir='ltr'><strong><em>spectant,</em></strong></span> <span class='ocrx_word' id='word_1_560' title='bbox 2489 4384 2633 4454; x_wconf 91' lang='lat' dir='ltr'><strong><em>quod</em></strong></span> <span class='ocrx_word' id='word_1_561' title='bbox 2658 4399 2719 4439; x_wconf 93' lang='lat' dir='ltr'><strong><em>ea</em></strong></span> <span class='ocrx_word' id='word_1_562' title='bbox 2767 4398 2956 4440; x_wconf 87' lang='lat' dir='ltr'><strong><em>essent</em></strong></span> <span class='ocrx_word' id='word_1_563' title='bbox 2994 4404 3021 4441; x_wconf 92' lang='lat' dir='ltr'><strong><em>a</em></strong></span> <span class='ocrx_word' id='word_1_564' title='bbox 3059 4390 3204 4443; x_wconf 89' lang='lat' dir='ltr'><strong><em>dicto</em></strong></span> <span class='ocrx_word' id='word_1_565' title='bbox 3243 4392 3450 4461; x_wconf 87' lang='lat' dir='ltr'><strong><em>lgnatio</em></strong></span> 
     </span>
    </p>
   </div>
   <div class='ocr_carea' id='block_1_75' title="bbox 1878 4480 3445 4546">
    <p class='ocr_par' dir='ltr' id='par_1_75' title="bbox 1878 4480 3445 4546">
     <span class='ocr_line' id='line_1_75' title="bbox 1878 4480 3445 4546; baseline 0.008 -21"><span class='ocrx_word' id='word_1_566' title='bbox 1878 4484 2134 4527; x_wconf 86' lang='lat' dir='ltr'><strong><em>accurate</em></strong></span> <span class='ocrx_word' id='word_1_567' title='bbox 2166 4486 2387 4528; x_wconf 84' lang='lat' dir='ltr'><strong><em>narrata</em></strong></span> <span class='ocrx_word' id='word_1_568' title='bbox 2423 4494 2435 4529; x_wconf 90' lang='lat'><strong>:</strong></span> <span class='ocrx_word' id='word_1_569' title='bbox 2468 4483 2520 4529; x_wconf 90' lang='lat' dir='ltr'><strong><em>at</em></strong></span> <span class='ocrx_word' id='word_1_570' title='bbox 2556 4491 2676 4544; x_wconf 67' lang='lat' dir='ltr'><strong><em>qua:</em></strong></span> <span class='ocrx_word' id='word_1_571' title='bbox 2730 4480 3071 4546; x_wconf 87' lang='lat' dir='ltr'><strong><em>postmodqu</em></strong></span> <span class='ocrx_word' id='word_1_572' title='bbox 3122 4482 3172 4533; x_wconf 95' lang='lat' dir='ltr'><strong><em>in</em></strong></span> <span class='ocrx_word' id='word_1_573' title='bbox 3216 4484 3445 4538; x_wconf 84' lang='lat' dir='ltr'><strong><em>solemni</em></strong></span> 
     </span>
    </p>
   </div>
   <div class='ocr_carea' id='block_1_76' title="bbox 1879 4566 3448 4636">
    <p class='ocr_par' dir='ltr' id='par_1_76' title="bbox 1879 4566 3448 4636">
     <span class='ocr_line' id='line_1_76' title="bbox 1879 4566 3448 4636; baseline 0.009 -20"><span class='ocrx_word' id='word_1_574' title='bbox 1879 4566 2229 4621; x_wconf 85' lang='lat' dir='ltr'><strong><em>translatione</em></strong></span> <span class='ocrx_word' id='word_1_575' title='bbox 2286 4569 2529 4635; x_wconf 89' lang='lat' dir='ltr'><strong><em>corporis</em></strong></span> <span class='ocrx_word' id='word_1_576' title='bbox 2566 4582 2781 4635; x_wconf 73' lang='lat' dir='ltr'><strong><em>perneta</em></strong></span> <span class='ocrx_word' id='word_1_577' title='bbox 2840 4581 2987 4636; x_wconf 92' lang='lat' dir='ltr'><strong><em>sunt,</em></strong></span> <span class='ocrx_word' id='word_1_578' title='bbox 3050 4574 3215 4628; x_wconf 91' lang='lat' dir='ltr'><strong><em>tradit</em></strong></span> <span class='ocrx_word' id='word_1_579' title='bbox 3256 4585 3448 4630; x_wconf 86' lang='lat' dir='ltr'><strong><em>auctor</em></strong></span> 
     </span>
    </p>
   </div>
   <div class='ocr_carea' id='block_1_77' title="bbox 1875 4658 3438 4727">
    <p class='ocr_par' dir='ltr' id='par_1_77' title="bbox 1875 4658 3438 4727">
     <span class='ocr_line' id='line_1_77' title="bbox 1875 4658 3438 4727; baseline 0.008 -18"><span class='ocrx_word' id='word_1_580' title='bbox 1875 4669 2109 4719; x_wconf 70' lang='lat' dir='ltr'><strong><em>coaevus,</em></strong></span> <span class='ocrx_word' id='word_1_581' title='bbox 2149 4658 2223 4709; x_wconf 92' lang='lat' dir='ltr'><strong><em>uti</em></strong></span> <span class='ocrx_word' id='word_1_582' title='bbox 2252 4673 2315 4711; x_wconf 78' lang='lat' dir='ltr'><strong><em>ex</em></strong></span> <span class='ocrx_word' id='word_1_583' title='bbox 2346 4658 2555 4727; x_wconf 88' lang='lat' dir='ltr'><strong><em>epilogo</em></strong></span> <span class='ocrx_word' id='word_1_584' title='bbox 2602 4660 2944 4727; x_wconf 90' lang='lat' dir='ltr'><strong><em>colligimus,</em></strong></span> <span class='ocrx_word' id='word_1_585' title='bbox 2999 4665 3087 4717; x_wconf 89' lang='lat' dir='ltr'><strong><em>ubi</em></strong></span> <span class='ocrx_word' id='word_1_586' title='bbox 3142 4667 3210 4719; x_wconf 91' lang='lat' dir='ltr'><strong><em>ad</em></strong></span> <span class='ocrx_word' id='word_1_587' title='bbox 3254 4683 3438 4722; x_wconf 87' lang='lat' dir='ltr'><strong><em>arcam</em></strong></span> 
     </span>
    </p>
   </div>
   <div class='ocr_carea' id='block_1_78' title="bbox 1878 4746 3442 4829">
    <p class='ocr_par' dir='ltr' id='par_1_78' title="bbox 1878 4746 3442 4829">
     <span class='ocr_line' id='line_1_78' title="bbox 1878 4746 3442 4829; baseline 0.012 -32"><span class='ocrx_word' id='word_1_588' title='bbox 1878 4746 2118 4799; x_wconf 81' lang='lat' dir='ltr'><strong><em>translati</em></strong></span> <span class='ocrx_word' id='word_1_589' title='bbox 2151 4751 2397 4816; x_wconf 88' lang='lat' dir='ltr'><strong><em>corporis</em></strong></span> <span class='ocrx_word' id='word_1_590' title='bbox 2433 4766 2554 4803; x_wconf 91' lang='lat' dir='ltr'><strong><em>cum</em></strong></span> <span class='ocrx_word' id='word_1_591' title='bbox 2610 4750 2880 4807; x_wconf 85' lang='lat' dir='ltr'><strong><em>desiderio</em></strong></span> <span class='ocrx_word' id='word_1_592' title='bbox 2921 4758 3149 4820; x_wconf 89' lang='lat' dir='ltr'><strong><em>accedit,</em></strong></span> <span class='ocrx_word' id='word_1_593' title='bbox 3202 4769 3255 4813; x_wconf 86' lang='lat' dir='ltr'><strong><em>et</em></strong></span> <span class='ocrx_word' id='word_1_594' title='bbox 3286 4776 3442 4829; x_wconf 90' lang='lat' dir='ltr'><strong><em>opem</em></strong></span> 
     </span>
    </p>
   </div>
   <div class='ocr_carea' id='block_1_79' title="bbox 1874 4835 3445 4918">
    <p class='ocr_par' dir='ltr' id='par_1_79' title="bbox 1874 4835 3445 4918">
     <span class='ocr_line' id='line_1_79' title="bbox 1874 4835 3445 4918; baseline 0.01 -29"><span class='ocrx_word' id='word_1_595' title='bbox 1874 4835 2115 4903; x_wconf 88' lang='lat' dir='ltr'><strong><em>ejusdem</em></strong></span> <span class='ocrx_word' id='word_1_596' title='bbox 2143 4838 2381 4903; x_wconf 87' lang='lat' dir='ltr'><strong><em>invocat,</em></strong></span> <span class='ocrx_word' id='word_1_597' title='bbox 2432 4848 2488 4893; x_wconf 93' lang='lat' dir='ltr'><strong><em>ut</em></strong></span> <span class='ocrx_word' id='word_1_598' title='bbox 2536 4838 2774 4897; x_wconf 86' lang='lat' dir='ltr'><strong><em>Ecclesia</em></strong></span> <span class='ocrx_word' id='word_1_599' title='bbox 2808 4852 2994 4898; x_wconf 88' lang='lat' dir='ltr'><strong><em>sancta</em></strong></span> <span class='ocrx_word' id='word_1_600' title='bbox 3051 4847 3102 4900; x_wconf 94' lang='lat' dir='ltr'><strong><em>iu</em></strong></span> <span class='ocrx_word' id='word_1_601' title='bbox 3138 4851 3445 4918; x_wconf 82' lang='lat' dir='ltr'><strong><em>tranquilli-</em></strong></span> 
     </span>
    </p>
   </div>
   <div class='ocr_carea' id='block_1_80' title="bbox 1874 4930 3441 5007">
    <p class='ocr_par' dir='ltr' id='par_1_80' title="bbox 1874 4930 3441 5007">
     <span class='ocr_line' id='line_1_80' title="bbox 1874 4930 3441 5007; baseline 0.011 -31"><span class='ocrx_word' id='word_1_602' title='bbox 1874 4935 2005 4988; x_wconf 89' lang='lat' dir='ltr'><strong><em>tate,</em></strong></span> <span class='ocrx_word' id='word_1_603' title='bbox 2039 4942 2202 4995; x_wconf 83' lang='lat' dir='ltr'><strong><em>quam</em></strong></span> <span class='ocrx_word' id='word_1_604' title='bbox 2236 4940 2361 4982; x_wconf 91' lang='lat' dir='ltr'><strong><em>tunc</em></strong></span> <span class='ocrx_word' id='word_1_605' title='bbox 2396 4930 2497 4984; x_wconf 90' lang='lat' dir='ltr'><strong><em>sub</em></strong></span> <span class='ocrx_word' id='word_1_606' title='bbox 2530 4942 2743 4987; x_wconf 67' lang='lat' dir='ltr'><strong><em>sancto</em></strong></span> <span class='ocrx_word' id='word_1_607' title='bbox 2781 4931 3051 4990; x_wconf 82' lang='lat' dir='ltr'><strong><em>Methodio</em></strong></span> <span class='ocrx_word' id='word_1_608' title='bbox 3090 4949 3248 4993; x_wconf 86' lang='lat' dir='ltr'><strong><em>nacta</em></strong></span> <span class='ocrx_word' id='word_1_609' title='bbox 3301 4953 3441 5007; x_wconf 89' lang='lat' dir='ltr'><strong><em>erat,</em></strong></span> 
     </span>
    </p>
   </div>
   <div class='ocr_carea' id='block_1_81' title="bbox 1874 5018 3447 5094">
    <p class='ocr_par' dir='ltr' id='par_1_81' title="bbox 1874 5018 3447 5094">
     <span class='ocr_line' id='line_1_81' title="bbox 1874 5018 3447 5094; baseline 0.011 -25"><span class='ocrx_word' id='word_1_610' title='bbox 1874 5018 2042 5085; x_wconf 86' lang='lat' dir='ltr'><strong><em>possit</em></strong></span> <span class='ocrx_word' id='word_1_611' title='bbox 2078 5034 2450 5086; x_wconf 87' lang='lat' dir='ltr'><strong><em>perseverare.</em></strong></span> <span class='ocrx_word' id='word_1_612' title='bbox 2496 5022 2750 5078; x_wconf 88' lang='lat' dir='ltr'><strong><em>Dedimus</em></strong></span> <span class='ocrx_word' id='word_1_613' title='bbox 2788 5025 2855 5078; x_wconf 80' lang='lat' dir='ltr'><strong><em>l2</em></strong></span> <span class='ocrx_word' id='word_1_614' title='bbox 2882 5026 3061 5082; x_wconf 79' lang='lat' dir='ltr'><strong><em>Martii</em></strong></span> <span class='ocrx_word' id='word_1_615' title='bbox 3105 5032 3239 5086; x_wconf 87' lang='lat' dir='ltr'><strong><em>Acta</em></strong></span> <span class='ocrx_word' id='word_1_616' title='bbox 3270 5037 3447 5094; x_wconf 81' lang='lat' dir='ltr'><strong><em>sancti</em></strong></span> 
     </span>
    </p>
   </div>
   <div class='ocr_carea' id='block_1_82' title="bbox 1875 5105 3444 5189">
    <p class='ocr_par' dir='ltr' id='par_1_82' title="bbox 1875 5105 3444 5189">
     <span class='ocr_line' id='line_1_82' title="bbox 1875 5105 3444 5189; baseline 0.015 -30"><span class='ocrx_word' id='word_1_617' title='bbox 1875 5105 2239 5178; x_wconf 87' lang='lat' dir='ltr'><strong><em>Theophanis,</em></strong></span> <span class='ocrx_word' id='word_1_618' title='bbox 2280 5115 2582 5183; x_wconf 83' lang='lat' dir='ltr'><strong><em>presbyteri</em></strong></span> <span class='ocrx_word' id='word_1_619' title='bbox 2610 5116 2775 5169; x_wconf 91' lang='lat' dir='ltr'><strong><em>etiam</em></strong></span> <span class='ocrx_word' id='word_1_620' title='bbox 2824 5128 2877 5171; x_wconf 88' lang='lat' dir='ltr'><strong><em>et</em></strong></span> <span class='ocrx_word' id='word_1_621' title='bbox 2925 5126 3220 5189; x_wconf 68' lang='lat' dir='ltr'><strong><em>prtepositi,</em></strong></span> <span class='ocrx_word' id='word_1_622' title='bbox 3256 5128 3360 5179; x_wconf 90' lang='lat' dir='ltr'><strong><em>imo</em></strong></span> <span class='ocrx_word' id='word_1_623' title='bbox 3390 5139 3444 5183; x_wconf 88' lang='lat' dir='ltr'><strong><em>et</em></strong></span> 
     </span>
    </p>
   </div>
   <div class='ocr_carea' id='block_1_83' title="bbox 1871 5200 3442 5284">
    <p class='ocr_par' dir='ltr' id='par_1_83' title="bbox 1871 5200 3442 5284">
     <span class='ocr_line' id='line_1_83' title="bbox 1871 5200 3442 5284; baseline 0.01 -29"><span class='ocrx_word' id='word_1_624' title='bbox 1871 5200 2101 5255; x_wconf 83' lang='lat' dir='ltr'><strong><em>illustris</em></strong></span> <span class='ocrx_word' id='word_1_625' title='bbox 2146 5204 2452 5271; x_wconf 88' lang='lat' dir='ltr'><strong><em>scriptoris,</em></strong></span> <span class='ocrx_word' id='word_1_626' title='bbox 2494 5208 2587 5259; x_wconf 89' lang='lat' dir='ltr'><strong><em>sed</em></strong></span> <span class='ocrx_word' id='word_1_627' title='bbox 2643 5222 2804 5277; x_wconf 87' lang='lat' dir='ltr'><strong><em>quem</em></strong></span> <span class='ocrx_word' id='word_1_628' title='bbox 2861 5212 3007 5265; x_wconf 89' lang='lat' dir='ltr'><strong><em>circa</em></strong></span> <span class='ocrx_word' id='word_1_629' title='bbox 3055 5229 3256 5269; x_wconf 90' lang='lat' dir='ltr'><strong><em>annum</em></strong></span> <span class='ocrx_word' id='word_1_630' title='bbox 3316 5218 3442 5284; x_wconf 68' lang='lat'><strong><em>710,</em></strong></span> 
     </span>
    </p>
   </div>
   <div class='ocr_carea' id='block_1_84' title="bbox 1869 5295 3444 5375">
    <p class='ocr_par' dir='ltr' id='par_1_84' title="bbox 1869 5295 3444 5375">
     <span class='ocr_line' id='line_1_84' title="bbox 1869 5295 3444 5375; baseline 0.013 -33"><span class='ocrx_word' id='word_1_631' title='bbox 1869 5308 1977 5362; x_wconf 88' lang='lat' dir='ltr'><strong><em>quo</em></strong></span> <span class='ocrx_word' id='word_1_632' title='bbox 2022 5306 2260 5363; x_wconf 79' lang='lat' dir='ltr'><strong><em>tempore</em></strong></span> <span class='ocrx_word' id='word_1_633' title='bbox 2311 5295 2651 5365; x_wconf 87' lang='lat' dir='ltr'><strong><em>Nicephorus</em></strong></span> <span class='ocrx_word' id='word_1_634' title='bbox 2699 5301 2751 5353; x_wconf 92' lang='lat' dir='ltr'><strong><em>in</em></strong></span> <span class='ocrx_word' id='word_1_635' title='bbox 2809 5303 3001 5357; x_wconf 87' lang='lat' dir='ltr'><strong><em>exsilio</em></strong></span> <span class='ocrx_word' id='word_1_636' title='bbox 3057 5318 3300 5375; x_wconf 89' lang='lat' dir='ltr'><strong><em>superat,</em></strong></span> <span class='ocrx_word' id='word_1_637' title='bbox 3336 5311 3444 5365; x_wconf 75' lang='lat' dir='ltr'><strong><em>vita</em></strong></span> 
     </span>
    </p>
   </div>
   <div class='ocr_carea' id='block_1_85' title="bbox 1870 5382 3443 5460">
    <p class='ocr_par' dir='ltr' id='par_1_85' title="bbox 1870 5382 3443 5460">
     <span class='ocr_line' id='line_1_85' title="bbox 1870 5382 3443 5460; baseline 0.011 -25"><span class='ocrx_word' id='word_1_638' title='bbox 1870 5382 2111 5437; x_wconf 81' lang='lat' dir='ltr'><strong><em>functum</em></strong></span> <span class='ocrx_word' id='word_1_639' title='bbox 2142 5384 2307 5439; x_wconf 76' lang='lat' dir='ltr'><strong><em>fuisse</em></strong></span> <span class='ocrx_word' id='word_1_640' title='bbox 2321 5385 2588 5442; x_wconf 78' lang='lat' dir='ltr'><strong><em>diximus.</em></strong></span> <span class='ocrx_word' id='word_1_641' title='bbox 2619 5386 2771 5443; x_wconf 84' lang='lat' dir='ltr'><strong><em>Alius</em></strong></span> <span class='ocrx_word' id='word_1_642' title='bbox 2790 5404 2920 5460; x_wconf 91' lang='lat' dir='ltr'><strong><em>ergo</em></strong></span> <span class='ocrx_word' id='word_1_643' title='bbox 2945 5392 3033 5446; x_wconf 88' lang='lat' dir='ltr'><strong><em>hic</em></strong></span> <span class='ocrx_word' id='word_1_644' title='bbox 3061 5404 3245 5448; x_wconf 86' lang='lat' dir='ltr'><strong><em>uoster</em></strong></span> <span class='ocrx_word' id='word_1_645' title='bbox 3272 5395 3443 5452; x_wconf 54' lang='lat' dir='ltr'><strong><em>Theo.</em></strong></span> 
     </span>
    </p>
   </div>
   <div class='ocr_carea' id='block_1_86' title="bbox 1872 5476 3440 5553">
    <p class='ocr_par' dir='ltr' id='par_1_86' title="bbox 1872 5476 3440 5553">
     <span class='ocr_line' id='line_1_86' title="bbox 1872 5476 3440 5553; baseline 0.01 -26"><span class='ocrx_word' id='word_1_646' title='bbox 1872 5476 2075 5543; x_wconf 90' lang='lat' dir='ltr'><strong><em>phaues</em></strong></span> <span class='ocrx_word' id='word_1_647' title='bbox 2127 5486 2207 5529; x_wconf 88' lang='lat' dir='ltr'><strong><em>est</em></strong></span> <span class='ocrx_word' id='word_1_648' title='bbox 2253 5486 2307 5529; x_wconf 91' lang='lat' dir='ltr'><strong><em>et</em></strong></span> <span class='ocrx_word' id='word_1_649' title='bbox 2346 5477 2625 5547; x_wconf 87' lang='lat' dir='ltr'><strong><em>aliquanto</em></strong></span> <span class='ocrx_word' id='word_1_650' title='bbox 2654 5480 2849 5553; x_wconf 89' lang='lat' dir='ltr'><strong><em>junior_</em></strong></span> <span class='ocrx_word' id='word_1_651' title='bbox 2896 5501 2907 5535; x_wconf 91' lang='lat'>:</span> <span class='ocrx_word' id='word_1_652' title='bbox 2945 5484 3099 5552; x_wconf 90' lang='lat' dir='ltr'><strong><em>cujus</em></strong></span> <span class='ocrx_word' id='word_1_653' title='bbox 3151 5486 3440 5543; x_wconf 89' lang='lat' dir='ltr'><strong><em>elucubra-</em></strong></span> 
     </span>
    </p>
   </div>
   <div class='ocr_carea' id='block_1_87' title="bbox 1874 5568 3442 5648">
    <p class='ocr_par' dir='ltr' id='par_1_87' title="bbox 1874 5568 3442 5648">
     <span class='ocr_line' id='line_1_87' title="bbox 1874 5568 3442 5648; baseline 0.01 -27"><span class='ocrx_word' id='word_1_654' title='bbox 1874 5570 2071 5622; x_wconf 87' lang='lat' dir='ltr'><strong><em>tionem</em></strong></span> <span class='ocrx_word' id='word_1_655' title='bbox 2105 5568 2347 5623; x_wconf 59' lang='lat' dir='ltr'><strong><em>Graecam</em></strong></span> <span class='ocrx_word' id='word_1_656' title='bbox 2382 5570 2450 5624; x_wconf 90' lang='lat' dir='ltr'><strong><em>de</em></strong></span> <span class='ocrx_word' id='word_1_657' title='bbox 2478 5581 2668 5625; x_wconf 89' lang='lat' dir='ltr'><strong><em>sancto</em></strong></span> <span class='ocrx_word' id='word_1_658' title='bbox 2700 5571 3006 5645; x_wconf 82' lang='lat' dir='ltr'><strong><em>Nicephoro</em></strong></span> <span class='ocrx_word' id='word_1_659' title='bbox 3041 5583 3243 5648; x_wconf 87' lang='lat' dir='ltr'><strong><em>reperit</em></strong></span> <span class='ocrx_word' id='word_1_660' title='bbox 3271 5583 3321 5636; x_wconf 91' lang='lat' dir='ltr'><strong><em>iu</em></strong></span> <span class='ocrx_word' id='word_1_661' title='bbox 3356 5584 3442 5639; x_wconf 80' lang='lat' dir='ltr'><strong><em>bi-</em></strong></span> 
     </span>
    </p>
   </div>
   <div class='ocr_carea' id='block_1_88' title="bbox 1870 5660 3443 5741">
    <p class='ocr_par' dir='ltr' id='par_1_88' title="bbox 1870 5660 3443 5741">
     <span class='ocr_line' id='line_1_88' title="bbox 1870 5660 3443 5741; baseline 0.01 -28"><span class='ocrx_word' id='word_1_662' title='bbox 1870 5660 2136 5715; x_wconf 79' lang='lat' dir='ltr'><strong><em>bliotheca</em></strong></span> <span class='ocrx_word' id='word_1_663' title='bbox 2172 5660 2372 5715; x_wconf 76' lang='lat' dir='ltr'><strong><em>Veneta</em></strong></span> <span class='ocrx_word' id='word_1_664' title='bbox 2406 5662 2659 5734; x_wconf 76' lang='lat' dir='ltr'><strong><em>Aloysius</em></strong></span> <span class='ocrx_word' id='word_1_665' title='bbox 2690 5665 3042 5737; x_wconf 87' lang='lat' dir='ltr'><strong><em>Lipomanus,</em></strong></span> <span class='ocrx_word' id='word_1_666' title='bbox 3080 5683 3237 5741; x_wconf 72' lang='lat' dir='ltr'><strong><em>atque</em></strong></span> <span class='ocrx_word' id='word_1_667' title='bbox 3272 5690 3300 5727; x_wconf 91' lang='lat' dir='ltr'><strong><em>a</em></strong></span> <span class='ocrx_word' id='word_1_668' title='bbox 3338 5676 3443 5730; x_wconf 84' lang='lat' dir='ltr'><strong><em>Pe-</em></strong></span> 
     </span>
    </p>
   </div>
   <div class='ocr_carea' id='block_1_89' title="bbox 1868 5752 3440 5824">
    <p class='ocr_par' dir='ltr' id='par_1_89' title="bbox 1868 5752 3440 5824">
     <span class='ocr_line' id='line_1_89' title="bbox 1868 5752 3440 5824; baseline 0.013 -20"><span class='ocrx_word' id='word_1_669' title='bbox 1868 5763 1951 5805; x_wconf 86' lang='lat' dir='ltr'><strong><em>tro</em></strong></span> <span class='ocrx_word' id='word_1_670' title='bbox 1991 5752 2280 5808; x_wconf 78' lang='lat' dir='ltr'><strong><em>Francisco</em></strong></span> <span class='ocrx_word' id='word_1_671' title='bbox 2311 5754 2445 5810; x_wconf 88' lang='lat' dir='ltr'><strong><em>Zino</em></strong></span> <span class='ocrx_word' id='word_1_672' title='bbox 2470 5755 2662 5813; x_wconf 87' lang='lat' dir='ltr'><strong><em>Latine</em></strong></span> <span class='ocrx_word' id='word_1_673' title='bbox 2686 5762 2950 5816; x_wconf 79' lang='lat' dir='ltr'><strong><em>redditam</em></strong></span> <span class='ocrx_word' id='word_1_674' title='bbox 2982 5764 3147 5818; x_wconf 88' lang='lat' dir='ltr'><strong><em>edidit</em></strong></span> <span class='ocrx_word' id='word_1_675' title='bbox 3179 5764 3259 5819; x_wconf 85' lang='lat' dir='ltr'><strong><em>\ll</em></strong></span> <span class='ocrx_word' id='word_1_676' title='bbox 3295 5778 3440 5824; x_wconf 82' lang='lat' dir='ltr'><strong><em>tonio</em></strong></span> 
     </span>
    </p>
   </div>
  </div>
