4240 6438
722 421 793 483 39
1723 417 1783 473 S.
1824 410 2243 474 NlCEl‘HOlil
2284 410 2340 471 P.

2369 406 2798 471 .TRIARCILE
2851 409 2957 468 (ΣΡ.
3921 414 3991 477 40

727 536 971 589 \‘itarum
1018 542 1332 586 sanctorum
1372 528 1595 584 Patrum
1623 533 1690 582 ad
1727 530 1870 582 hunc
1906 529 1970 583 l3
2006 528 2220 593 Martii;
2252 538 2305 581 et
2334 533 2380 589 Α
2408 527 2534 596 quis
2566 528 2679 580 haec
2722 540 2787 579 ex
2843 540 3031 579 amore
3063 540 3227 580 ausus
3257 541 3402 586 sum.
3454 541 3575 596 qua
3605 527 3738 592 dixi,
3799 542 3990 583 sacras

724 642 791 682 ex
827 640 893 680 eo
926 622 1144 685 Surius,
1184 634 1349 690 quam
1381 636 1479 676 nos
1524 633 1665 674 novo
1698 618 1884 673 labore
1913 633 2261 672 exornamus.

794 718 851 772 5.
893 715 1066 771 Natus
1094 719 1178 767 est
1217 722 1443 785 sanctus
1486 709 1825 777 Nicephorus
1872 718 1992 779 post
2047 708 2304 762 concilia-

729 806 911 861 bulum
943 803 1270 872 Capronymi
1305 804 1449 857 circa
1480 816 1683 853 annum
1730 798 1855 863 758,
1885 799 2173 852 ordinatus
2206 812 2303 864 pa-

729 898 968 952 triarcha
1006 896 1074 949 η
1126 895 1347 965 Aprilis,
1383 896 1502 964 ipso
1535 893 1625 947 die
1654 890 1943 946 Paschalis
1975 906 2121 944 anno
2151 888 2255 943 806
2286 908 2300 954 ;

726 988 943 1056 ιπενῑυίι
981 986 1237 1040 Ecclesia:
1271 999 1381 1037 suae
1416 998 1593 1037 annos
1626 996 1843 1045 novem,
1898 982 2117 1048 dempto
2145 979 2304 1033 unico

726 1094 935 1139 mense,
956 1078 1010 1130 in
1032 1077 1287 1129 exsilium
1310 1075 1593 1145 ablegatus
1613 1089 1756 1128 anno
1778 1073 1882 1127 815
1900 1074 1986 1127 die
2014 1074 2077 1126 15
2093 1071 2299 1125 Martii:

728 1169 782 1222 in
800 1167 994 1222 exsilio
1014 1167 1149 1220 vixit
1169 1167 1330 1222 annis
1358 1167 1645 1229 tredecim,
1671 1164 1884 1219 decimo
1912 1174 2105 1233 quarto
2127 1161 2304 1217 exsilii

728 1268 916 1313 sancte
952 1264 1200 1311 mortuus
1232 1256 1324 1311 die
1364 1255 1605 1310 secundo
1629 1252 1773 1307 Junii
1802 1252 1928 1305 anni
1964 1250 2070 1305 828
2099 1264 2114 1302 :
2148 1249 2306 1319 cujus

726 1365 927 1417 corpus
953 1352 1021 1402 ab
1051 1350 1247 1403 exsilio
1276 1346 1506 1400 relatum
1534 1354 1615 1399 est
1639 1358 1784 1397 anno
1809 1340 1935 1395 846.
1968 1340 2097 1406 Quae
2121 1338 2303 1393 omnia

728 1438 866 1494 infra
892 1454 959 1494 ex
1020 1440 1150 1508 ipsis
1212 1437 1362 1490 Actis
1425 1441 1699 1489 constant.
1754 1431 1950 1486 Libros
1979 1430 2047 1482 ab
2077 1442 2143 1481 eo
2168 1442 2302 1480 con-

658 1510 664 1517 .
728 1532 962 1599 scriptos
993 1539 1114 1598 post
1145 1528 1282 1580 alios
1317 1535 1540 1580 enarrat
1571 1524 1856 1593 Philippus
1885 1521 2069 1574 Labbe
2102 1520 2154 1573 in
2187 1518 2305 1573 Dis-

727 1621 1026 1674 sertatione
1058 1618 1123 1670 de
1166 1616 1527 1683 scriptoribus
1576 1610 1982 1671 ecclesiasticis,
2016 1623 2176 1678 quem
2207 1622 2304 1661 cu-

734 1712 914 1763 riosus
936 1710 1107 1762 lector
1130 1708 1376 1760 consulat
1400 1727 1411 1759 ;
1446 1704 1675 1772 plurima
1707 1716 1773 1755 ex
1799 1699 2153 1754 Conl‘essione
2182 1698 2302 1750 lidei

732 1807 795 1858 ad
860 1802 1096 1856 Leonem
1126 1814 1323 1869 papam
1359 1798 1550 1859 missa,
1582 1796 1658 1847 uti
1690 1804 1745 1848 et
1784 1808 1851 1847 ex
1884 1791 2160 1859 opusculis
2187 1788 2306 1855 ejus

733 1901 995 1949 adversus
1033 1892 1447 1955 leonomacltos,
1491 1889 1629 1944 infra
1678 1890 1732 1941 itt
1787 1888 1936 1939 Actis
1971 1882 2301 1937 referuntur.
2339 1871 2376 1925 Β

734 1988 1041 2041 Faunliaris
1075 1995 1265 2039 sancto
1313 1981 1618 2048 Nicephoro
1655 1979 1757 2031 fuit
1793 1991 2025 2045 magnus
2054 1974 2307 2029 Theodo—

740 2095 827 2131 tus
856 2078 1091 2139 Studita,
1124 2074 1279 2143 cujus
1308 2073 1594 2141 epistolam
1631 2071 1755 2123 huic
1783 2072 1835 2122 in
1863 2067 2057 2122 exsilio
2087 2067 2306 2118 missam

732 2173 821 2223 hic
847 2173 1037 2222 damus
1065 2187 1078 2223 :
1110 2180 1162 2221 et
1184 2178 1269 2222 est
1290 2165 1555 2235 ejusmodi
1582 2183 1596 2218 :

803 2261 853 2313 ι.
887 2279 904 2311 ι
926 2260 1060 2313 Cum
1091 2272 1471 2328 sa-penumero
1493 2258 1557 2309 ad
1583 2271 1797 2310 sacrum
1829 2251 2180 2307 beatitudinis
2205 2260 2311 2303 tum

735 2353 996 2406 verticem
1029 2351 1275 2404 scribet'e
1302 2348 1685 2410 instituissem,
1734 2347 1918 2401 deStiti
1952 2348 2020 2400 ab
2075 2347 2310 2411 incepto,

735 2448 936 2519 partim
966 2445 1306 2515 indignitatis
1332 2458 1465 2498 mea:
1504 2442 1967 2502 consideratione,
2005 2440 2202 2508 partim
2243 2454 2310 2490 ex

735 2539 1053 2594 infirmitate
1079 2554 1143 2593 ex
1168 2537 1426 2591 aerumnis
1446 2546 1571 2589 natu
1597 2536 1945 2605 praepeditus.
1976 2532 2132 2587 Nunc
2158 2549 2310 2592 vero.

738 2645 1030 2700 atrumque
1066 2628 1487 2700 parvipendcns,
1521 2638 1572 2682 et
1617 2624 1887 2679 Trinitate
1920 2624 2112 2690 frctus,
2148 2624 2313 2677 miser

737 2728 851 2778 haec
882 2726 1004 2777 dico
1041 2738 1054 2772 :
1090 2722 1298 2785 Gaude,
1332 2734 1461 2774 vere
1486 2719 1660 2772 victor
1691 2717 1986 2785 impietatis
2017 2717 2109 2785 qui
2141 2717 2313 2768 virtu-

738 2828 849 2870 tum
911 2814 1189 2882 quadrigis
1235 2812 1358 2865 tidci
1412 2826 1635 2864 cursum
1690 2823 2066 2861 consummas.
2128 2806 2310 2867 Salve,

739 2922 932 2973 magne.
971 2904 1047 2956 sol
1072 2902 1339 2955 doctrina:
1380 2899 1719 2960 orthodoxae,
1770 2895 1923 2960 cujus
1953 2893 2315 2949 confessionis

737 3000 911 3051 radiis
938 2995 1224 3048 universus
1250 2992 1400 3046 orbis
1432 2990 1757 3044 illustratur.
1784 2987 1968 3049 Salve,
2006 3000 2315 3055 prapngna-

739 3099 824 3139 tor
878 3086 1145 3147 veritatis,
1200 3092 1447 3135 veterum
1503 3091 1817 3133 sanctorum
1863 3080 2038 3130 instar
2096 3076 2314 3129 virtutis

2408 632 2597 686 preces
2628 628 2746 671 tuas
2779 618 3096 683 impertiens
3128 634 3140 670 :
3168 628 3225 670 ut
3250 617 3508 673 minimus
3534 618 3677 674 ﬁlius
3714 627 3839 673 tuus
3868 635 3990 675 esse

2408 721 2514 759 non
2551 709 2820 773 desinam,
2879 708 2972 776 qui
3020 707 3263 760 omnittm
3313 708 3549 762 maxime
3605 710 3813 766 inutilis
3867 727 3988 765 sum

2407 808 2631 867 propter
2675 808 2920 869 peccata.
2983 817 3001 849 ι
3061 799 3183 853 Ilaec
3230 800 3297 853 ad
3347 797 3713 868 Nicephorum
3767 816 3989 858 sanctus

2410 889 2735 944 Theodorus
2774 892 3015 944 Studita.
3059 892 3209 945 Hanc
3236 893 3303 945 ad
3338 895 3473 946 Acta
3497 894 3672 945 sancti
3699 893 3985 963 Nicephori

2417 984 2759 1049 progressnri
2793 983 3159 1050 prtcpouimus
3180 984 3461 1049 epistolam
3493 986 3775 1037 reverendi
3810 985 3989 1040 Patris

2408 1071 2681 1124 Francisci
2700 1072 3039 1133 Combeftsii,
3055 1070 3277 1125 Ordinis
3295 1073 3549 1125 Fratrum
3569 1075 3985 1130 l’raidicatorum

2408 1162 2634 1216 Parisiis
2678 1163 2744 1215 ad
2791 1175 2993 1217 sanctae
3028 1163 3209 1217 Mariae
3260 1166 3607 1219 Aununtiatte
3664 1167 3821 1221 nobis
3857 1170 3988 1221 mis--

2406 1270 2463 1308 Sil
2472 1271 2543 1307 Ill.

2480 1346 2533 1400 5.
2572 1347 2895 1400 Provocavit
2927 1347 3125 1401 vestris
3155 1346 3438 1400 laboribus
3472 1349 3789 1415 productus.
3824 1348 3987 1399 mihi-

2408 1454 2515 1508 que
2554 1450 2810 1509 aspectus
2843 1438 3042 1507 triplici
3091 1439 3281 1507 grandi
3320 1438 3588 1495 volumine
3632 1441 3983 1502 Februarius,

2406 1538 2465 1581 ut
2517 1540 2572 1581 et
2627 1538 2941 1596 exspectato
2976 1527 3173 1581 Martio
3225 1528 3435 1595 aliquid
3491 1531 3775 1599 adjutricis
3808 1547 3987 1599 operse

2404 1618 2655 1672 conferre
2690 1619 3002 1686 studerent;
3056 1635 3120 1673 ac
3148 1621 3191 1673 si
3252 1620 3381 1690 quid
3427 1622 3556 1675 mihi
3594 1637 3624 1676 e
3667 1632 3984 1676 sanctorum

2408 1710 2581 1773 Actis,
2607 1724 2728 1779 quae
2757 1726 2853 1765 vos
2876 1713 3198 1775 deﬁcerent,
3225 1714 3521 1782 repositum
3548 1724 3717 1776 esset,
3740 1715 3789 1768 id
3824 1715 3876 1768 in
3908 1716 3982 1767 rei

2408 1800 2737 1855 Christianae
2767 1802 3139 1868 commodum,
3189 1803 3503 1874 Christique
3556 1821 3617 1859 ac
3670 1819 3985 1861 sanctorum

2411 1892 2635 1962 gloriam
2682 1893 3070 1961 evulgaudum,
3112 1897 3466 1964 propensiore
3508 1898 3688 1951 animo
3723 1899 3986 1952 submini-

2412 1996 2667 2039 strarem.
2688 1984 3139 2042 Occurrilautem
3158 1990 3473 2057 cumprimis
3503 1992 3831 2045 satwlissimi
3865 2008 3987 2046 ron-

2413 2074 2663 2139 fessoris,
2703 2076 3324 2149 Constantinopolitanae
3374 2083 3524 2135 ttrbis
3589 2084 3985 2153 archiepiscopi

2414 2179 2475 2216 ac
2508 2169 2837 2233 patriarcha:
2858 2167 3151 2237 Nicephori
3182 2170 3290 2224 vita
3321 2182 3485 2241 atque
3505 2183 3802 2239 certamen,
3828 2176 3989 2246 lgna-

2416 2258 2489 2311 tio
2513 2256 2767 2312 Ecclesia:
2799 2260 3020 2328 tnajoris
3068 2261 3301 2316 diacono
3334 2278 3398 2316 ac
3444 2278 3698 2319 vasorum
3737 2275 3987 2332 custode,

2412 2349 2697 2418 eidemque
2728 2350 3032 2421 Nicephoro
3053 2352 3268 2420 aequali,
3307 2370 3412 2409 non
3446 2356 3648 2410 inculto
3688 2366 3781 2411 aut
3812 2362 3992 2416 minus

2413 2450 2670 2495 accurato
2690 2453 2946 2497 auctore:
2982 2460 3176 2498 munus
3196 2446 3625 2503 scilicetLeonis
3651 2450 3855 2515 Allatii,
3884 2453 3991 2506 viri

2414 2534 2714 2588 doctissimi
2746 2549 2813 2589 ac
2866 2536 3208 2601 amicissimi,
3263 2537 3522 2593 Romanis
3571 2556 3637 2595 ex
3687 2543 3988 2610 ςοιιίοίὺυς,

2414 2628 2540 2680 dttnt
2584 2628 2628 2681 is
2656 2631 2940 2684 meditanti
2964 2647 3145 2701 opera:
3178 2634 3382 2703 ahquid
3412 2636 3464 2689 itt
3496 2634 3824 2703 ﬁicepboro,
3853 2639 3995 2706 ejus-

2415 2736 2520 2788 que
2550 2721 2670 2775 lnce
2702 2723 3030 2776 clarioribus
3077 2725 3466 2793 monumentis,
3511 2729 3684 2781 vicem
3746 2730 3993 2798 aliquam

2414 2821 2755 2877 acceptorum
2804 2827 2833 2862 a
2877 2828 2961 2865 me
3012 2813 3197 2880 inclyti
3254 2814 3607 2870 nihilominus
3664 2819 3996 2874 confessoris

2413 2899 2631 2968 Georgii
2649 2900 2955 2955 Metochitm
2980 2902 3242 2957 librorum
3266 2906 3528 2975 quinque,
3552 2909 3755 2976 quibus
3782 2920 3990 2964 tOmutn

2416 2988 2647 3043 alterum
2677 2989 2900 3045 Graecia:
2954 3007 3067 3046 suae
3098 2995 3416 3049 orthodoxae
3465 2996 3649 3067 Regiis
3699 3014 3764 3053 ex
3792 3002 3997 3056 codici-

2418 3077 2516 3131 bus
2541 3079 2804 3147 prteclare
2828 3080 3050 3142 ditaret,
3087 3083 3352 3149 rependit.
3391 3084 3578 3139 Graeca
3604 3086 3795 3155 lgnatii
3825 3105 3992 3159 quam

740 3179 1146 3248 pulcllriltttlittc
1178 3175 1475 3228 collucens.
1508 3172 1794 3239 lleliquisti
1845 3170 2123 3223 excelsum
2154 3169 2309 3222 tltro-
2339 3212 2384 3265 Ο
2420 3165 2571 3217 licuit
2594 3167 2762 3230 clare,
2792 3169 3006 3235 lidaqee
3030 3169 3350 3238 interpretis
3380 3188 3546 3242 opera
3583 3178 3808 3230 reddidi.
3839 3178 3995 3234 Haud

740 3287 865 3321 num
898 3270 1016 3336 ejus
1042 3281 1232 3328 causa,
1282 3265 1373 3332 qui
1408 3265 1764 3330 semetipsum
1810 3260 2116 3314 humiliavit
2144 3273 2314 3325 usque

738 3361 803 3411 ad
835 3371 1088 3416 mortem,
1117 3365 1345 3407 mortem
1371 3361 1552 3405 autem
1584 3352 1787 3404 crucis.
1831 3348 2116 3416 lleliquisti
2150 3348 2311 3399 mini-

741 3452 907 3504 steria
939 3457 994 3503 ct
1025 3447 1419 3501 oblectamenta
1475 3443 1987 3513 arcltiqiiscopalia,
2043 3448 2097 3492 et
2151 3438 2316 3491 variis

743 3542 1103 3597 incommodis
1146 3540 1524 3593 confessorum
1588 3549 1736 3588 more
1775 3532 2020 3587 exerceri
2057 3529 2315 3591 maluisti,

745 3651 907 3704 quam
929 3632 1274 3701 tetnporariis
1292 3631 1393 3682 frtti
1419 3629 1630 3680 deliciis
1653 3628 1877 3695 peccati.
1900 3622 1977 3679 Ac
1999 3634 2145 3678 certe
2178 3638 2315 3691 quo-

744 3734 887 3780 lliatll
924 3742 1028 3777 non
1060 3739 1125 3775 ex
1156 3724 1284 3784 illis,
1311 3722 1412 3773 etsi
1451 3721 1502 3771 in
1547 3719 1652 3771 illis
1681 3718 1920 3779 vivebas,
1952 3715 2190 3767 membra
2223 3728 2319 3779 per

748 3820 911 3870 vitam
941 3818 994 3868 iit
1036 3816 1255 3869 Christo
1285 3823 1464 3864 actam
1497 3809 1853 3864 tnortilicatts,
1896 3815 2097 3859 sanclte
2131 3805 2319 3855 matris

746 3906 1104 3978 privationem
1138 3902 1448 3972 pertulisti,
1488 3900 1689 3953 rliarus
1726 3898 1984 3949 fratribus
2038 3894 2316 3955 omnibus,

746 4000 905 4053 simul
964 3997 1218 4050 omnibus
1282 3994 1564 4063 spoliatus.
1608 3990 1846 4045 Necdum
1884 3987 2174 4057 opprobria
2230 3995 2319 4037 tua

747 4090 951 4148 Christi
983 4084 1517 4155 opprobriissimilia
1538 4094 1927 4144 commemoro,
1958 4078 2232 4131 iunnissas
2254 4075 2322 4128 ab

752 4180 1180 4251 imperatoribus
1207 4176 1656 4244 oppugnationes,
1682 4170 2019 4231 vexationes,
2044 4165 2322 4236 angustias

746 4291 810 4328 ae
852 4272 1019 4325 veluti
1050 4268 1453 4323 suffocationes.
1500 4262 1673 4319 Noctu
1722 4278 1845 4314 runt
1887 4260 2107 4316 Christo
2146 4260 2321 4313 abdu-

748 4382 867 4419 ctus
898 4378 959 4416 es
988 4380 1001 4414 :
1034 4360 1236 4415 etenim
1283 4355 1532 4423 proditus
1574 4354 1738 4408 etiam
1774 4352 1886 4419 ipse
1939 4351 2208 4419 relegatus
2242 4364 2321 4408 es,

751 4459 803 4510 in
830 4455 988 4510 collis
1022 4451 1318 4507 conlinium
1348 4449 1604 4502 redactus
1621 4460 1704 4509 es,
1728 4454 1934 4513 martyr
1963 4443 2187 4495 Christi.
2217 4440 2323 4493 Sed

2369 3250 2384 3268 ⁸
2414 3256 2647 3313 obscure
2683 3260 2795 3328 ipse
2834 3275 2892 3313 se
2927 3260 3221 3329 aliquando
3258 3264 3366 3316 vim
3394 3280 3617 3333 passum
3646 3277 3699 3320 et
3724 3268 3997 3325 hmreticis

2418 3350 2713 3418 imaginum
2761 3350 3141 3406 eﬂ’ractoribus
3200 3358 3638 3411 communicasse
3676 3362 3877 3428 prodit,
3912 3372 3997 3415 ta-

2419 3443 2573 3495 metsi
2621 3458 2650 3494 a
2712 3444 2834 3497 lidei
2876 3445 3104 3499 veritate
3144 3461 3391 3515 sanoque
3432 3447 3687 3503 Ecclesia:
3727 3466 3888 3506 sensu
3928 3456 3997 3507 de

2417 3548 2604 3585 earum
2664 3549 2938 3601 nunquam
2995 3537 3179 3590 animo
3229 3540 3538 3592 recesserit.
3591 3540 3763 3595 Tanta
3797 3541 3996 3598 Leonis

2417 3624 2755 3691 subindeque
2783 3625 3066 3693 Thropllili
3116 3629 3196 3681 vis
3236 3628 3336 3682 fuit
3365 3632 3709 3699 exagitandis
3739 3634 3840 3701 piis
3872 3635 3997 3690 fide-

2419 3715 2584 3777 libus,
2615 3726 2673 3768 ιιι
2720 3718 2802 3769 vel
2839 3718 3005 3784 ipsos,
3044 3721 3135 3786 qui
3188 3719 3452 3774 columnae
3491 3724 3665 3775 videri
3718 3737 3991 3793 poterant,

2420 3819 2555 3870 pene
2595 3808 2953 3871 prostraverit
2989 3825 3001 3859 :
3045 3823 3143 3861 nec
3198 3808 3268 3862 ita
3313 3811 3466 3863 multi
3502 3810 3724 3867 fuerunt
3778 3831 3882 3885 qua
3935 3833 3998 3872 se

2422 3893 2651 3947 Romani
2686 3910 2779 3962 per
2814 3895 3089 3951 Orientem
3117 3898 3327 3965 imperii
3375 3902 3634 3970 maiestas
3688 3906 3999 3972 proferebat

2421 4000 2484 4039 ac
2528 3987 2679 4050 ditio,
2716 4003 2849 4056 quos
2881 3988 2969 4039 illa
3010 3989 3263 4044 immanis
3305 3993 3464 4045 ruina
3514 4010 3618 4047 non
3676 3996 3988 4051 involverit.

2420 4077 2619 4141 Quanti
2664 4092 2749 4131 res
2786 4081 2985 4147 negotii
3022 4082 3208 4144 fuerit,
3233 4083 3333 4149 pia:
3376 4082 3675 4138 Theodorus
3711 4088 3824 4140 viro
3859 4093 4002 4144 male

2424 4169 2512 4235 pio
2547 4183 2727 4249 eoque
2764 4170 2927 4237 impio
2966 4172 3259 4234 exstincto,
3294 4173 3327 4241 ή
3366 4173 3477 4226 τῶν
3506 4178 3730 4229 εἰκόνων
3758 4185 4000 4250 auaui,-

2422 4260 2607 4321 λωσις,
2640 4261 2885 4313 delarant
2922 4260 3057 4313 Acta
3087 4264 3153 4313 ad
3194 4263 3529 4318 Dominicam
3565 4267 3662 4335 τῆς
3693 4269 4001 4338 ὀρθοδοξξα,

2424 4352 2739 4406 Graecorum
2774 4352 3169 4406 ecclesiasticis
3195 4354 3348 4409 libris
3373 4356 3599 4421 inserta,
3627 4360 3867 4422 mihique
3891 4364 4005 4425 pri-

2427 4442 2547 4494 dem
2584 4457 2647 4494 cx
2680 4443 2871 4494 iisdem
2902 4444 3197 4509 producta;
3224 4453 3335 4494 tum
3373 4460 3497 4498 cum
3534 4454 3590 4499 et
3616 4449 4005 4503 sanctissimus

751 4562 910 4616 euge,
937 4558 1103 4614 quam
1136 4542 1189 4595 itt
1223 4542 1422 4594 bonum
1448 4538 1544 4590 tibi
1576 4535 1793 4589 omnia!
1826 4533 2026 4587 Attolle
2054 4534 2104 4584 iu
2134 4535 2320 4583 orbem
2359 4544 2398 4594 ι)
2427 4532 2711 4587 confessor
2746 4533 3070 4599 lilcthodius,
3111 4550 3247 4587 nova
3279 4534 3568 4605 atlulgente
3602 4536 3720 4590 luce
3751 4538 4005 4607 depulsa-

756 4638 947 4692 oculos
980 4651 1045 4689 ex
1078 4632 1297 4703 specula
1330 4631 1545 4693 mentis,
1584 4638 1638 4681 et
1662 4626 1847 4695 aspice
1878 4624 2017 4676 filios
2051 4632 2189 4684 tuos,
2234 4636 2325 4674 seu

756 4729 952 4785 mavis.
983 4739 1137 4788 oves,
1169 4732 1357 4791 pastor
1396 4720 1556 4782 bone,
1584 4717 1833 4787 quamvis
1861 4729 2089 4781 corpore
2121 4714 2329 4780 disper-

755 4834 867 4884 sas,
913 4817 1096 4871 animo
1145 4824 1323 4867 tamen
1363 4810 1704 4879 conjunclas,
1747 4816 1913 4859 totam
1959 4818 2095 4872 pene
2146 4803 2329 4856 Eccle-

756 4914 893 4966 siam
927 4920 1074 4961 tuam
1109 4906 1277 4959 variis
1315 4903 1448 4958 locis
1475 4910 1829 4969 occupantes,
1869 4906 1924 4949 et
1972 4895 2331 4948 confessionis

760 5017 865 5057 tua:
895 5001 1123 5070 fulgore,
1149 4997 1429 5051 stellarum
1458 4995 1649 5055 instar,
1679 4990 1747 5045 iis
1797 4990 1887 5057 qui
1939 4988 1991 5042 in
2047 4986 2331 5041 nocturnis

759 5099 1029 5151 lia-roseos
1055 5091 1291 5143 tenebris
1314 5097 1623 5148 versantur,
1655 5084 1972 5139 orthodoxa:
2002 5080 2125 5133 fidei
2151 5078 2329 5131 lumen

760 5190 1114 5244 ostendentes
1163 5201 1176 5235 :
1240 5181 1376 5234 alias
1432 5178 1651 5245 quidem
1712 5176 1820 5229 Deo
1874 5171 2184 5226 imntolatas
2239 5186 2333 5237 per

764 5278 1078 5331 athleticam
1106 5268 1635 5325 consummationem
1658 5285 1672 5331 ;
1700 5266 1835 5320 alias
1859 5264 2201 5316 decertantes
2218 5264 2335 5313 sine.

761 5369 873 5423 ullo
898 5364 1243 5436 prarseutium
1287 5377 1467 5415 rerum
1506 5372 1674 5421 metu,
1724 5357 1821 5409 scd
1860 5356 2024 5409 Deum
2068 5353 2332 5407 flectenti-

767 5462 867 5514 lms
891 5458 1142 5526 precibus
1174 5455 1281 5508 tuis
1318 5452 1722 5507 corroboralas.
1757 5448 1882 5502 llaec
1912 5457 1993 5501 est
2026 5447 2195 5515 gloria
2230 5447 2333 5500 Ec-

761 5551 946 5606 clesia:
977 5557 1081 5600 tua:
1126 5547 1273 5600 :hoc
1328 5544 1536 5613 insigne
1565 5560 1627 5595 ac
1689 5539 1995 5610 symbolum
2051 5538 2332 5609 martyrii,

763 5642 907 5712 quod
940 5653 1175 5708 sequens
1198 5646 1331 5691 astas
1358 5636 1661 5705 excipiens,
1694 5632 1858 5687 Deum
1890 5632 1941 5683 itt
1973 5639 2045 5693 te,
2072 5630 2149 5682 uti
2170 5644 2333 5691 nunc,

766 5733 1114 5806 glorificaltit.
1144 5729 1307 5784 Multa
1334 5729 1429 5783 tibi
1463 5745 1559 5797 pro
1584 5726 1782 5781 Christi
1815 5722 2049 5792 imagine
2077 5723 2336 5790 pugnanti

762 5823 1013 5885 eucomia
1043 5824 1315 5877 dicentur.
1359 5818 1465 5875 Sed
1496 5818 1716 5889 ignosce
1760 5814 1915 5876 mihi,
1952 5812 2045 5866 Dei
2076 5812 2333 5875 imitator,

2431 4639 2535 4693 que
2566 4634 2712 4677 terra
2746 4626 2970 4679 haeresis
3012 4626 3261 4694 caligine,
3313 4628 3364 4679 in
3396 4628 4004 4696 Constantinopolitana

2430 4718 2557 4771 sede
2590 4717 2788 4786 dignus
2819 4727 3004 4785 pastor
3043 4728 3097 4771 et
3130 4717 3422 4787 Nicepltori
3462 4733 3767 4782 successor,
3799 4719 4007 4775 abactis

2432 4811 2500 4862 ab
2530 4824 2590 4863 ea
2633 4809 2777 4877 lupis
2800 4825 2866 4862 ac
2920 4811 3352 4875 incubatoribus,
3396 4809 3692 4865 collocatus
3734 4821 3818 4865 est
3850 4828 3863 4865 :
3897 4828 4009 4880 quo

2432 4901 2596 4952 etiam
2636 4908 2879 4967 tempore
2935 4901 3175 4968 lgnatins
3238 4900 3579 4969 pmnitudine
3615 4903 3829 4965 ductus,
3871 4918 4010 4969 prte—

2432 4990 2641 5043 clarutn
2694 4990 2796 5043 hoc
2846 4989 3172 5059 Nicephoro,
3229 4992 3377 5045 velut
3406 4990 3833 5062 στηλητευτικὸν
3893 5010 4013 5048 mo-

2436 5091 2755 5134 numentum
2790 5085 3052 5149 reposuit.
3093 5081 3275 5135 Laudo
3313 5082 3572 5150 judicium
3600 5083 3719 5152 ejus
3742 5083 3813 5137 de
3846 5081 4011 5137 Nice-

2437 5173 2592 5241 pltori
2623 5173 2885 5240 operibus
2919 5188 3149 5242 quorum
3178 5173 3297 5226 luce
3325 5175 3602 5227 ominatur
3629 5175 3913 5243 depulsum
3942 5175 4010 5228 iri

2438 5264 2582 5315 illam
2617 5264 2822 5318 erroris
2853 5264 3165 5334 caliginem.
3196 5264 3307 5318 Nec
3348 5264 3569 5318 dubium
3610 5266 3741 5333 quin
3782 5267 4013 5321 multum

2437 5355 2773 5409 contulerint
2800 5355 2974 5409 eidem
2999 5355 3351 5422 depellendtr,
3376 5364 3666 5424 postquam
3692 5352 3920 5410 facultas
3946 5371 4013 5411 ea

2441 5445 2652 5512 legendi
2684 5446 3049 5515 Augustorum
3095 5445 3385 5500 clementia
3426 5461 3490 5500 ac
3526 5446 3728 5514 pietate
3764 5446 4018 5500 veritatis

2439 5538 2751 5592 amantibus
2783 5538 2884 5592 fuit
2935 5538 3187 5592 indulta:
3230 5552 3405 5607 neque
3457 5554 3601 5591 nunc
3653 5538 3832 5591 minus
3860 5539 4016 5591 utilia

2439 5628 2620 5681 futura
2649 5642 2772 5683 reor
2810 5629 3081 5683 dilllandis
3116 5628 3353 5693 nebulis,
3387 5643 3523 5698 quas
3548 5629 3675 5683 novi
3726 5627 4013 5683 tenebrio-

2441 5735 2537 5771 nes
2566 5722 2757 5775 eadem
2798 5723 2852 5776 in
2890 5737 3055 5775 causa
3089 5737 3155 5775 ex
3190 5736 3321 5775 orco
3347 5730 3697 5781 revocarunt,
3728 5721 3771 5774 si
3797 5720 4017 5785 quando

2444 5808 2536 5864 Dei
2569 5809 2977 5867 clementissimi
3009 5813 3060 5867 in
3100 5812 3283 5868 ﬁdeles
3307 5826 3435 5868 suos
3460 5826 3521 5865 ac
3554 5809 3856 5865 Ecclesiam
3892 5824 4016 5865 mu-
