4240 6438
693 382 719 442 4
731 382 761 444 3
1684 381 1743 442 S.
1789 383 2205 446 NICEPHORI
2246 387 2750 454 PATllIARCHKE
2786 396 2894 456 CP.
3903 405 3976 471 44

690 503 796 547 tem
836 492 901 546 ad
935 492 1300 547 laudationem
1353 492 1591 563 linguam
1648 497 1850 553 ell‘ecit.
1908 499 1986 553 Ea
2040 516 2123 556 res
2163 510 2269 569 est,
2303 520 2345 576 Α

2303 520 2345 576 Α
2381 504 2509 575 μίαν
2532 507 2771 579 ἠκόνησε
2799 550 2813 575 ,
2846 510 3007 566 τοῦτο
3036 512 3114 583 τῷ
3146 515 3292 587 λόγῳ
3326 516 3424 589 τὴν
3452 518 3693 588 ἀφασίαν
3725 520 3969 593 ἐκίνησε,

687 600 808 652 quae
851 584 1118 637 orationis
1152 582 1258 635 vim
1318 592 1523 637 mutam
1577 585 1811 641 reddidit
1844 604 1856 641 :
1887 603 1950 643 ea
1982 593 2049 645 ad
2085 591 2271 647 omnim

689 677 965 745 planctum
1013 676 1302 740 absonum,
1364 676 1607 729 animum
1661 676 1971 735 devocavit.
2035 683 2267 751 Idcirco,

690 770 794 824 nisi
835 784 918 822 me
954 769 1179 837 ingratae
1223 768 1420 823 indolis
1449 770 1659 824 crimen
1705 773 2032 841 deterreret,
2068 792 2133 831 ea
2170 779 2273 833 sci-

688 862 816 917 licet
857 861 1088 923 ratione,
1129 861 1271 929 quod
1316 860 1576 916 defuncto
1606 873 1763 931 patre
1802 865 1944 919 filius
1991 868 2269 923 silentium

687 955 1067 1022 amplectatur,
1122 968 1489 1023 magnumque
1540 958 1675 1010 adeo
1732 958 2075 1024 rniraenlurn,
2125 964 2269 1029 quod

689 1043 839 1097 nullo
870 1042 1164 1095 oblivionis
1198 1042 1379 1097 modio
1403 1045 1585 1115 obtegi
1606 1046 1797 1114 possit,
1822 1049 2106 1117 neglecrim
2134 1067 2271 1120 pra:-

687 1141 895 1199 tereat;
928 1134 1029 1186 hcc
1062 1132 1249 1201 utique
1275 1134 1406 1186 mihi
1442 1133 1557 1202 ipse
1604 1136 1852 1189 consulto
1905 1138 2270 1208 imperaturus

685 1241 858 1289 cram,
895 1234 950 1277 ut
976 1241 1136 1295 quem
1170 1227 1487 1293 ignorantiae
1521 1234 1690 1282 nubes
1716 1240 1973 1300 contegat
2033 1234 2270 1300 longius.

685 1334 787 1386 quc
822 1316 967 1371 velut
1009 1318 1292 1391 antiquum
1327 1316 1472 1369 illum
1504 1319 1757 1387 populum
1784 1324 1995 1389 peccati
2033 1327 2266 1393 procella

683 1418 891 1473 arceat,
928 1410 991 1461 ad
1024 1410 1125 1462 viri
1176 1411 1435 1463 virtutem
1472 1410 1889 1481 haudquaquam
1927 1418 2263 1484 accederem,

682 1502 868 1570 ejusve
895 1500 1095 1567 aliquid
1124 1501 1496 1568 mntingcrem
1527 1517 1539 1551 :
1575 1516 1665 1566 ne,
1700 1504 1789 1571 qui
1820 1505 2038 1575 indigno
2065 1520 2266 1565 conatu

683 1592 911 1645 besriam
954 1590 1177 1644 audacia
1244 1592 1592 1659 prreferrem,
1634 1592 1903 1661 lapidibus
1963 1598 2268 1669 iaculisque

681 1684 1006 1738 confoderer
1040 1699 1103 1736 ac
1142 1683 1425 1737 obruerer.
1466 1682 1643 1737 Semel
1681 1694 1861 1741 tamen
1907 1692 2071 1745 animi
2100 1694 2261 1748 exili-

684 1788 794 1831 tate
836 1777 1084 1840 detecta,
1133 1776 1387 1845 intusque
1442 1774 1705 1845 ﬂagrante
1750 1781 1918 1835 animi
1971 1784 2262 1851 desiderio,

680 1886 803 1921 cum
836 1868 1245 1938 Deoacceptuut
1280 1870 1472 1931 Sciam,
1502 1872 1645 1938 quod
1668 1887 1695 1921 e
1720 1873 1858 1925 virili
1889 1875 1979 1938 sit,
2009 1890 2093 1931 Ine
2126 1879 2261 1946 ipse,
2301 1871 2340 1925 Β
2370 1868 2478 1955 κς,
2500 1895 2627 1946 egw:

681 1964 855 2028 quoad
892 1962 1069 2023 licuit,
1099 1960 1151 2012 in
1189 1962 1604 2016 celebratissimi
1644 1962 1821 2019 Patris
1852 1964 2063 2031 laudes,
2122 1969 2265 2023 velut

682 2054 734 2106 in
769 2052 1093 2122 profundum
1126 2052 1317 2105 demisi
1358 2055 1650 2121 gurgitem.
1700 2056 1859 2111 Faxit
1908 2074 2035 2113 vero
2075 2062 2267 2116 vestris

681 2146 747 2199 ad
774 2146 947 2215 ipsum
981 2144 1469 2214 supplicationibus
1496 2146 1737 2202 divinum
1779 2166 1999 2216 numen,
2033 2153 2167 2205 utin
2201 2168 2264 2209 eo

684 2238 941 2293 latentem
1014 2238 1365 2308 margaritam
1419 2254 1635 2309 capere,
1705 2242 1997 2313 animoque
2061 2245 2264 2313 sospite

682 2347 963 2403 cmergere
995 2330 1176 2394 liceat,
1226 2346 1290 2385 ac
1346 2333 1501 2386 nobis
1543 2335 1982 2391 desiderantibus
2016 2338 2263 2391 incorru-

681 2440 801 2493 ptas
826 2425 1436 2479 divitias‘commutare.
1476 2423 1603 2478 Mihi
1642 2426 1755 2495 ipse
1794 2426 2010 2497 iniquas
2042 2428 2259 2495 fuerim,

683 2518 782 2571 nisi
813 2518 879 2571 ab
906 2533 971 2571 eo
997 2527 1278 2586 assumpto
1329 2519 1547 2572 dicendi
1594 2533 1937 2589 argumento,
1972 2537 2113 2588 eam,
2142 2540 2261 2593 qua:

680 2610 891 2663 dicendi
924 2622 1042 2663 arte
1074 2618 1310 2677 constat,
1340 2610 1513 2663 vicem
1546 2610 1593 2663 ei
1625 2613 1991 2679 rependerim.

750 2704 805 2758 9..
845 2703 935 2757 Eia
978 2702 1165 2770 igitur,
1200 2702 1402 2755 omisso
1455 2702 1719 2769 tantisper
1765 2703 1911 2756 luctu
1954 2704 2261 2775 naeniaque,

679 2798 746 2850 ad
779 2794 1081 2848 orationem
1116 2792 1469 2854 accedamus,
1520 2792 1803 2859 divinique
1842 2795 1943 2847 viri
1977 2805 2125 2863 gesta
2166 2812 2260 2865 per

678 2894 870 2954 vitam,
910 2887 1057 2941 velut
1091 2898 1435 2940 communem
1487 2886 1777 2953 quamdam
1834 2888 2053 2942 virtutis
2089 2890 2260 2944 tabel-

678 2985 813 3049 lam,
847 2981 985 3051 a-qui
1026 2980 1351 3047 honestique
1398 2980 1661 3035 studiosis
1705 2986 2262 3052 pr0ponamus.-Cun-

674 3078 776 3131 ctis
800 3075 944 3129 cnim
982 3088 1104 3127 cum
1133 3071 1397 3141 voluptati
1433 3082 1543 3126 tum
1585 3075 1871 3128 connnodo
1900 3075 2081 3131 futura
2112 3089 2258 3141 sunt,

674 3170 873 3237 quibus
906 3168 1031 3221 boni
1071 3181 1226 3219 amor
1270 3166 1591 3236 cumprimis
1622 3183 1768 3223 curae
1795 3181 1900 3235 est,
1936 3185 1999 3224 ac
2029 3172 2257 3225 sincerae

675 3260 799 3315 fidei
832 3259 1078 3312 dot-trina
1111 3256 1317 3311 arridet
1361 3277 1372 3310 :
1417 3257 1541 3325 quia
1583 3259 1794 3313 scilicet
1847 3262 2098 3316 veritatis
2145 3262 2253 3314 vim

674 3370 735 3409 ac
770 3356 933 3409 robur
961 3352 1137 3422 palam
1166 3351 1505 3420 praetendunt
1532 3369 1545 3415 ;
1572 3351 1768 3419 i:sque,
1792 3353 1881 3421 qui
1909 3354 2086 3407 minus
2113 3366 2257 3409 recte

672 3450 737 3500 ad
768 3461 885 3501 eam
937 3445 1255 3505 collineaut,
1292 3456 1490 3496 nervos
1532 3443 1879 3497 exscindunt.
1915 3445 2254 3514 Complecte-

675 3552 757 3592 tur
789 3538 932 3591 enim
965 3552 1028 3591 ac
1065 3536 1308 3590 collectis
1343 3535 1582 3603 undique
1629 3538 1995 3591 monumentis
2032 3536 2251 3601 referet,

672 3647 778 3686 non
826 3641 1035 3685 tantum
1073 3640 1273 3698 quanta
1314 3628 1359 3683 is
1406 3628 1684 3699 praeclaris
1739 3629 1979 3686 moribus
2032 3632 2253 3699 vitaque

676 3724 774 3777 rite
804 3723 1050 3776 instituta
1074 3720 1369 3790 peregerit,
1403 3721 1496 3774 sed
1530 3721 1695 3774 etiam
1732 3731 1992 3789 quantum
2039 3725 2253 3777 tuendae

673 3816 918 3871 veritatis
940 3829 1101 3869 causa
1124 3813 1187 3867 ad
1217 3813 1537 3883 sanguinem
1566 3828 1733 3880 usque
1755 3814 2054 3868 desrnlarit.
2082 3812 2251 3869 Velim

668 3900 869 3969 autem,
923 3922 1242 3975 summeque
1286 3916 1499 3973 gratum
1556 3906 1807 3964 trabeam.
1843 3915 1901 3958 ιιι
1933 3906 2253 3961 orthodoxae

672 4003 792 4054 fidei
826 4002 1075 4054 alumnos
1110 4014 1300 4052 omnes
1348 3998 1628 4053 auditores
1682 3999 1936 4062 habeam,
1985 4011 2253 4069 quotquot

670 4112 767 4148 suo
823 4093 1061 4147 Ecclesia
1100 4093 1287 4154 ubere,
1345 4092 1639 4159 potiorum,
1694 4091 1937 4159 inquam,
2005 4094 2251 4148 det-trina

669 4186 1021 4247 exercitatos,
1052 4182 1285 4254 spiritali
1321 4200 1383 4236 ac
1414 4182 1590 4236 solido
1634 4183 1778 4247 cibo,
1812 4184 1877 4237 ad
1918 4185 2043 4238 boni
2094 4186 2251 4239 mali-

666 4293 774 4348 que
810 4277 1195 4331 discretionem
1232 4275 1497 4343 implevit.
1534 4272 1665 4329 Illos
1692 4290 1824 4329 vero
1858 4278 2048 4346 procul
2093 4280 2253 4349 abigo

670 4386 733 4423 ac
779 4370 1096 4430 snhmoveo,
1132 4376 1401 4436 quotquot
1440 4367 1677 4421 sinistrae
1732 4369 1973 4437 opinioni
2025 4372 2249 4437 addicti,

668 4458 845 4522 aliter,
888 4474 953 4511 ac
1004 4457 1184 4522 Pater,
1243 4467 1567 4522 senserunt;
1637 4457 1779 4510 velut
1845 4460 2101 4515 nimirum
2159 4464 2251 4531 qui

2375 598 2533 652 τοῦτο
2573 603 2709 671 πρὸς
2747 602 2809 657 τὸ
2844 605 2942 676 τῆς
2979 607 3247 678 μονῳδίας
3277 610 3543 681 ἀτόπημα
3582 612 3673 664 τὸν
3708 613 3972 685 λογισμὸν

2376 694 2678 756 ἐξεκύλισε.
2700 697 2799 750 Διά
2823 698 2983 752 τοῦτο
3007 700 3078 770 (εί
3103 702 3178 773 μὴ
3202 702 3311 756 τῶν
3339 704 3676 774 ἀγνωμόνων
3700 704 3921 758 ἐδεδίειν
3940 705 3971 748 δ

2374 786 2434 839 τὸ
2455 786 2730 858 ἔγκλημα,
2758 792 2970 862 Πατρὸς
3000 794 3369 865 ἀποιχομένου
3396 796 3563 851 παῖδα
3594 798 3755 868 σιγᾷν
3777 814 3973 870 προαι-

2374 878 2468 949 ρού
2478 896 2661 949 μενον,
2684 888 2777 936 καὶ
2807 886 3202 956 παραπέμπειν
3227 887 3369 942 οὕτω
3394 889 3536 958 μέγα
3561 889 3763 960 θαῦμα,
3798 891 3972 960 μηδα-

2376 970 2493 1039 μῶς
2514 971 2589 1040 τῷ
2616 973 2784 1044 μοδίῳ
2804 975 2903 1045 τῆς
2926 976 3099 1047 λήθης
3130 978 3401 1047 κρυϐῆναι
3426 980 3748 1049 δυνάμενον)
3770 981 3969 1034 ἔπεισα

2372 1061 2440 1115 ἂν
2467 1066 2706 1134 ἐμαυτὸν
2739 1068 2818 1138 τῷ
2859 1070 2954 1138 τῆς
2990 1070 3232 1140 ἀμαθίας
3265 1072 3418 1140 νέφει
3462 1072 3963 1144 ἐγκαλυπτόμενον,

2372 1151 2468 1208 καὶ
2498 1159 2563 1229 τῇ
2600 1158 2794 1231 θυέλλῃ
2827 1164 2926 1233 τῆς
2971 1164 3272 1233 ἁμαρτίας,
3310 1166 3385 1229 ὡς
3419 1168 3447 1220 ὁ
3486 1165 3719 1229 παλαιὸς
3754 1169 3966 1232 ἐκεῖνος

2371 1247 2499 1313 λαὸς
2537 1252 2948 1324 ἀνειργόμενοι),
2984 1257 3058 1327 μὴ
3089 1258 3399 1327 προσϐῆναι
3422 1258 3501 1328 τῷ
3532 1258 3650 1329 ὄρει
3683 1259 3793 1313 τῶν
3829 1262 3964 1331 ἀρε-

2368 1340 2478 1392 τῶν
2523 1343 2618 1394 τοῦ
2662 1344 2888 1415 ἀνδρζς,
2936 1347 3073 1418 μηδὲ
3114 1346 3289 1416 θίγειν
3342 1367 3394 1401 τι
3434 1350 3601 1402 αὑτοῦ
3645 1349 3722 1419 τῷ
3759 1349 3966 1421 ἀναξίῳ

2370 1432 2464 1485 τοῦ
2495 1436 2932 1507 ἐγχειρήματος,
2970 1439 3244 1511 θηριώδης
3285 1445 3348 1512 τῇ
3381 1443 3558 1515 τόλμῃ
3587 1444 3963 1515 δεικνύμενος,

2369 1526 2465 1577 καὶ
2490 1526 2656 1591 λίθοις
2692 1529 2723 1599 ἢ
2765 1530 2937 1598 βολίσι
2966 1534 3509 1605 καταλευστούμενος
3543 1536 3575 1608 ἢ
3608 1536 3961 1607 βαλλόμενος.

2372 1617 2563 1686 Ὅμως
2593 1620 2636 1672 δ’
2670 1617 2763 1674 οὖν
2791 1623 2851 1675 τὸ
2875 1624 2975 1694 τῆς
3017 1628 3400 1697 προαιρέσεως
3441 1628 3658 1692 εὐτελὲς
3685 1629 3964 1684 ἐνδεικνύ-

2373 1725 2559 1779 μενος,
2591 1713 2687 1765 καλ
2720 1713 2819 1783 τὴν
2846 1714 3083 1784 καρδίαν
3113 1718 3267 1780 ἐντὸς
3302 1719 3405 1771 ὑπὸ
3436 1718 3530 1771 τοῦ
3563 1720 3730 1774 πόθου
3762 1722 3961 1791 φλεγςῦ⁴

2375 1817 2558 1870 μενος,
2583 1805 2679 1855 καὶ
2704 1804 2764 1856 τὸ
2796 1806 2935 1858 κατὰ
2964 1805 3197 1878 δύναμιν
3220 1810 3374 1877 φίλον
3401 1808 3460 1863 ὃν
3485 1809 3604 1882 Θεῴ
3635 1812 3963 1883 παιδευόμε-

2634 1895 2715 1959 ἓιν,
2748 1896 2823 1960 ὡς
2850 1891 2963 1951 οἷόν
2994 1916 3073 1963 τε,
3098 1898 3172 1962 ὡς
3204 1901 3295 1953 τὸν
3325 1902 3436 1955 τῶν
3467 1904 3763 1973 ἐγκωμίων
3798 1904 3963 1975 βυθὸν

2369 1982 2465 2036 τοῦ
2494 1989 2859 2057 πανευφήμου
2891 1987 3112 2058 καθῆκα
3137 1991 3372 2062 Πατρός.
3420 1992 3587 2046 Ἀλλὰ
3619 2011 3710 2064 μοι
3734 1996 3838 2064 εἴη.
3872 1996 3964 2049 διὰ

2366 2075 2476 2128 τῶν
2515 2076 2799 2149 ὑμετέρων
2836 2079 2973 2150 πρὸς
3008 2080 3071 2133 τὸ
3102 2084 3353 2152 κρεῖττον
3394 2083 3712 2151 ἐντεύξεων,
3744 2088 3837 2139 τὶν
3868 2103 3961 2139 κε-

2368 2168 2683 2239 κρυμμένον
2713 2171 2771 2222 ἐν
2808 2171 2956 2243 αὐτῷ
2994 2174 3348 2245 μαργαρίτην
3370 2176 3531 2241 ἑλεῖν,
3563 2178 3657 2229 καὶ
3687 2177 3962 2249 ἀκινδύνῳ

2367 2259 2447 2313 νοῒ
2498 2260 2872 2332 ἁνανήξασθαι
2929 2265 3023 2317 καὶ
3071 2265 3303 2319 πλοῦτον
3345 2270 3461 2330 τοῖς
3514 2269 3776 2321 ποθοῦσιν
3824 2272 3960 2342 ἡμῖν

2364 2353 2761 2423 ἀπεμπολῆσαι
2823 2358 3125 2429 ἀκήρατον.
3176 2361 3446 2431 Ἀδικοίην
3478 2363 3587 2433 γάρ
3629 2364 3857 2427 ἑαυτὸν,
3905 2366 3957 2418 εί

2367 2447 2498 2516 παρ’
2544 2447 2713 2501 αὑτοῦ
2760 2452 2859 2520 τὴν
2907 2454 3164 2523 ἀφορμὴν
3204 2453 3295 2506 τοῦ
3345 2454 3525 2522 λέγειν
3576 2456 3957 2527 δρεψάμενος,

2369 2542 2442 2608 μὴ
2475 2541 2573 2612 τὴν
2604 2544 2669 2595 ἐκ
2702 2544 2875 2611 λόγων
2904 2548 3172 2601 ἀντίδοσιν
3200 2548 3595 2621 εἰσενέγκοιμι.

2439 2722 2504 2792 β’.
2552 2722 2723 2793 Δεῦρο
2770 2723 2837 2793 δὴ
2888 2720 3005 2786 οὖν,
3048 2724 3138 2777 τὸν
3182 2724 3381 2797 θρῆνον
3416 2730 3647 2796 ἀφέντες
3677 2729 3757 2801 τῷ
3809 2730 3958 2805 λόγῳ

2365 2820 2703 2885 προσίωμεν.
2750 2819 2845 2869 καὶ
2875 2816 2944 2869 τά
2978 2816 3055 2886 τῷ
3094 2818 3338 2890 θεοφόρῳ
3384 2819 3718 2892 βεϐιωμένα,
3763 2822 3956 2896 ὥσπερ

2363 2907 2490 2959 τινὰ
2521 2908 2696 2960 κοινὸν
2722 2907 2927 2978 ἀρετῆς
2949 2908 3175 2973 πίνακα,
3219 2912 3332 2973 τοῖς
3363 2911 3675 2980 φιλοκάλοις
3709 2918 3955 2984 προστή-

2366 3017 2569 3070 σωμεν.
2609 3002 2751 3054 [list
2789 3001 2899 3072 γὰρ
2943 3002 3097 3055 ἔσται
3130 3002 3265 3072 πρὸς
3298 3003 3493 3074 ἡδονῆς
3519 3004 3613 3057 καὶ
3641 3004 3953 3073 ὠφελείας,

2363 3090 2445 3158 οἷς
2492 3096 2549 3146 ἐν
2583 3093 2747 3162 ἔρωτι
2790 3095 2851 3147 τὸ
2889 3094 3093 3164 ἀγαθὸν
3123 3095 3548 3150 διεσπούδασται
3600 3100 3693 3150 καὶ
3736 3099 3805 3151 τὰ
3850 3100 3953 3169 τῆς

2285 3212 2327 3271 C
2362 3185 2707 3257 ἀκραιφνοῦς
2747 3185 2987 3249 πίστεως
3017 3187 3310 3257 στέργεται
3335 3189 3606 3259 δόγματα,
3638 3190 3699 3243 τὸ
3727 3191 3954 3263 ἰσχυρὸν

2360 3278 2461 3347 τῆς
2488 3279 2750 3349 ἀληθείας
2780 3282 3092 3349 καταφανὲς
3123 3281 3540 3352 προδεικνύντα,
3570 3284 3665 3337 καὶ
3691 3285 3758 3337 τὰ
3781 3286 3953 3354 νεῦρα

2359 3371 2467 3423 τῶν
2501 3373 2601 3425 οὐκ
2630 3373 2808 3444 ὀρθῶς
2840 3373 2977 3444 πρὸς
3020 3374 3227 3444 ταύτην
3276 3374 3529 3445 ὁρώντων
3577 3377 3945 3431 ἐκκόπτοντα.

2359 3462 2610 3532 Περιέξει
2649 3465 2758 3532 γὰρ
2791 3464 2882 3516 καὶ
2916 3465 2992 3535 (l)
3025 3466 3291 3535 ἀμηγέπη
3347 3466 3610 3537 μνήσεται
3638 3510 3652 3531 ,
3684 3469 3747 3521 οὐ
3787 3469 3952 3538 μόνον

2356 3556 2457 3607 ὅσα
2485 3559 2542 3609 ἐν
2573 3556 2729 3627 ἤθεσι
2761 3558 2857 3610 καὶ
2886 3558 3111 3627 τρόποις
3140 3559 3290 3629 αὐτῷ
3339 3563 3687 3629 σεμνοτέροις
3728 3562 3950 3633 κατώρ-

2357 3643 2565 3708 θωται,
2601 3645 2739 3698 ἀλλά
2786 3646 2879 3699 καὶ
2912 3648 3015 3699 ὅσα
3062 3647 3203 3717 ὑπὲρ
3249 3648 3421 3718 αὐτῆς
3452 3648 3716 3717 ἀληθείας
3753 3652 3951 3724 μέχρις

2357 3737 2589 3807 αἵματος
2619 3736 3056 3807 κατηγὼνισται.
3095 3739 3312 3803 Πάντας
3341 3739 3398 3792 δὲ
3430 3740 3558 3804 τοὺς
3588 3745 3687 3812 τῆς
3721 3743 3946 3813 ὀρθοδο-

2359 3825 2479 3891 ξίας
2510 3828 2820 3899 τροφίμους
2847 3831 2929 3891 είς
2957 3828 3224 3900 ἀκρόασιν
3260 3830 3404 3901 ἔχειν
3426 3830 3594 3884 ἐθέλω
3620 3833 3715 3886 καὶ
3745 3833 3949 3903 ἥδομαι

2354 3917 2510 3989 οῦςὴ
2555 3917 2874 3987 Ἐκκλησία,
2903 3918 3002 3989 τὴν
3039 3920 3240 3987 ἑαυτῆς
3278 3916 3473 3990 θηλὴν,
3521 3922 3624 3989 τὴν
3679 3921 3946 3976 διδασκαο

2355 4011 2497 4076 λίαν,
2526 4011 2690 4080 φημὶ,
2720 4011 3263 4083 τῶνκρειττόνωνβ)
3286 4013 3644 4082 γυμνώσατα,
3662 4016 3760 4086 τῆς
3782 4031 3949 4068 πνευ-

2360 4104 2599 4173 ματικῆς
2636 4105 2728 4158 καὶ
2764 4104 2980 4168 τελείας
3005 4105 3217 4175 τροφῆς
3249 4106 3383 4176 πρὸς
3412 4106 3691 4177 διάκρισιν
3718 4109 3813 4161 τοῦ
3843 4126 3949 4162 κα-

2354 4194 2448 4248 λοῦ
2484 4212 2541 4248 τε
2568 4194 2663 4247 καὶ
2690 4194 2936 4265 χείρονος
2963 4196 3315 4265 ἐνεφόρησεν.
3334 4196 3606 4259 Ἐκείνους
3630 4198 3686 4250 δὲ
3718 4197 3948 4251 διωθοῦ-

2359 4304 2456 4356 μαι
2482 4287 2579 4339 καλ⁴
2604 4287 3031 4357 ἀποπέμπομαι,
3082 4288 3199 4340 ὅσοι
3242 4287 3368 4358 δόξῃ
3417 4286 3674 4359 μοχθηρᾷ
3708 4306 3949 4360 προκατ-

2356 4379 2703 4451 ειλημμένοι,
2753 4380 3086 4441 ἁπεναντίας
3133 4378 3213 4447 τῷ
3268 4380 3446 4450 Πατρὶ
3494 4382 3947 4453 παρεφρόνησαν,

2356 4469 2546 4541 ὥσπερ
2582 4471 2778 4541 ἀμέλει
2825 4472 2918 4523 τὸν
2952 4470 3204 4541 θεμέλιον
3235 4470 3335 4540 τῆς
3386 4470 3717 4542 Ἐκκλησίας
3768 4475 3948 4539 ἄλλως

670 4551 925 4605 Ecclesiae
970 4551 1140 4604 basim
1175 4549 1372 4604 frustra
1410 4561 1677 4605 conentur
1709 4561 2024 4618 concutere,
2061 4570 2248 4610 suant-
2283 4570 2330 4628 ι)

2283 4570 2330 4628 ι)
2357 4560 2767 4632 παρασαλεύειν
2803 4562 3174 4633 πειρώμενοι,
3208 4563 3304 4615 καὶ
3336 4565 3699 4635 προφητικῶς
3743 4568 3945 4629 εἰπεῖν,

668 4661 774 4714 quc
816 4645 1056 4712 ipsorttm
1115 4658 1286 4714 spem,
1319 4653 1371 4695 nt
1410 4643 1592 4697 verbis
1652 4647 1929 4714 propheta:
1984 4648 2173 4718 loquar
2208 4654 2249 4719 ¹,

670 4734 1017 4788 vendiderint
1075 4733 1359 4785 mendacio
1389 4748 1403 4787 :
1436 4748 1611 4802 neque
1672 4738 1819 4789 enim
1865 4737 1957 4803 qui
2015 4740 2156 4794 male
2199 4742 2250 4795 in

672 4832 843 4879 \il'lll“
888 4824 1067 4879 affecti
1115 4825 1247 4890 sint,
1296 4825 1460 4893 inque
1507 4826 1659 4879 illum
1700 4828 1916 4895 quidvis
1968 4831 2252 4888 sinistrum

670 4920 1019 4981 meditemur,
1048 4917 1167 4986 ejus
1199 4916 1431 4970 libenter
1455 4915 1641 4970 laudes
1660 4919 1903 4985 audient,
1936 4921 2085 4976 eisve
2112 4938 2252 4990 pra:-

668 5017 889 5067 stahuut
935 5026 1246 5065 assensum.
1290 5007 1612 5065 Exsecratio
1655 5012 1797 5064 enim
1846 5016 2248 5082 peccatoribus,

669 5121 724 5161 ut
774 5104 1054 5161 Salomoui
1102 5105 1279 5175 placet
1310 5105 1433 5158 ’.σε
1490 5103 1703 5159 veritati
1750 5107 1999 5171 videtur,
2034 5111 2246 5165 cultura

742 5265 754 5293 ’
794 5263 888 5315 lsai
933 5278 1110 5323 “vrri.
1139 5261 1224 5316 15.
1274 5262 1292 5293 ⁸
1330 5258 1551 5328 ΕειΙῑΛ,
1584 5260 1675 5319 32.

738 5402 763 5439 ι)
804 5418 897 5453 ms.
953 5399 1244 5469 ἑδαιδείην.

736 5561 811 5629 (I)
849 5559 961 5612 MS.
994 5558 1251 5629 ’Λμιγίση
1283 5559 1634 5628 μιμνήσεται.
1665 5557 1896 5629 Allalitrs
1930 5560 2246 5627 explicatio-

667 5628 751 5683 nis
784 5647 946 5685 causa
978 5633 1026 5681 in
1058 5628 1301 5695 muratae
1326 5631 1644 5695 scripserat,
1677 5628 1993 5700 Καθαροὺς,
2020 5631 2243 5695 ἀδόλους

663 5700 854 5768 λόγους
890 5701 1261 5770 μνησθήσεται
1282 5716 1296 5728 ’
1333 5712 1387 5753 ut
1427 5702 1563 5753 forte
1591 5700 1875 5769 legendum
1901 5702 1966 5754 sit
1992 5703 2239 5769 ἁμιγέσι,

665 5774 1010 5839 sutrintctlige
1039 5773 1240 5838 λόγοις,
1269 5772 1515 5824 oratione
1557 5774 1769 5823 sincera
1805 5784 1856 5825 et
1895 5790 1997 5825 non
2033 5773 2236 5828 fucata.

662 5842 739 5897 Ex
770 5854 953 5899 urente
986 5851 1159 5897 tamen
1196 5842 1505 5909 interpretis
1540 5842 1802 5915 ἀμηγέπη
1838 5845 2071 5899 correxi.

2349 4655 2450 4722 τὴν
2501 4655 2712 4707 ἑαυτῶν
2759 4656 2952 4709 ἐλπίδα
2997 4656 3077 4726 τῷ
3126 4656 3316 4727 ψεύδει
3356 4657 3787 4723 πιστεύσαντες·
3821 4660 3945 4714 οὐδὲ

2351 4744 2461 4813 γὰρ
2509 4746 2638 4815 περὶ
2670 4746 2835 4798 αὑτὸν
2884 4748 3138 4818 πονηρῶς
3166 4748 3528 4819 διακείμενοι,
3556 4749 3650 4803 καὶ
3683 4752 3791 4803 πᾶν
3823 4751 3851 4804 ὃ
3890 4768 3945 4804 τι

2351 4832 2446 4889 οὖν
2476 4837 2596 4890 κατ’
2630 4838 2798 4890 αὑτοῦ
2842 4838 3015 4891 δεινὸν
3052 4840 3449 4909 μελετήσαντες
3474 4880 3489 4903 ,
3518 4843 3631 4903 τοῖς
3665 4842 3744 4903 είς
3775 4843 3947 4896 αὑτὸν

2354 4928 2603 4991 ἐπαίνοις
2620 4928 2920 5000 ἡσθείησαν
2940 4931 3027 4995 ἂν,
3047 4930 3079 5000 ἢ
3102 4928 3536 4998 συγκατάθοιντο
3552 4930 3797 4983 πώποτε.
3813 4931 3947 4984 Βδε-

2355 5024 2543 5093 λυγμα
2572 5021 2679 5093 γὰρ
2711 5023 3065 5094 ἁμαρτωλοῖς
3085 5063 3102 5087 ,
3134 5023 3209 5086 ὼς
3232 5024 3541 5094 Σολομῶντι
3587 5024 3681 5078 καὶ
3712 5026 3778 5095 τῇ
3811 5024 3947 5094 ἀλη-

2360 5116 2482 5187 θείᾳ
2515 5116 2695 5182 δοκεῑ,
2745 5116 3047 5172 θεοσέϐεια.
3096 5118 3230 5181 Ταῖς
3272 5116 3383 5188 γὰρ
3425 5117 3626 5188 ἄρκυσι
3654 5116 3764 5171 τῶν
3796 5117 3949 5186 ἀφύ-

2428 5563 2505 5641 (f2)
2544 5562 2769 5641 Videtur
2802 5568 3073 5635 interpres
3111 5584 3209 5638 pro
3233 5570 3573 5640 γυμνώσασα
3605 5570 3805 5638 legisse
3832 5587 3939 5641 τυ-

2356 5636 2631 5704 μνάσασα.
2660 5639 2753 5691 sed
2789 5647 2997 5693 retenta
3020 5636 3274 5708 originaii
3302 5636 3596 5709 Scriptione
3626 5636 3713 5696 hic
3740 5636 3941 5699 sensus

2353 5716 2434 5758 est
2461 5722 2473 5757 :
2508 5722 2644 5775 quos
2668 5709 2921 5771 ecclesia,
2957 5725 3052 5763 sua
3081 5714 3160 5765 eis
3189 5715 3473 5768 denudaus
3512 5714 3701 5779 ubera,
3727 5712 3941 5768 doctri-

2351 5792 2507 5843 nam,
2544 5779 2763 5849 inqnarn
2788 5819 2802 5845 ,
2837 5780 3133 5847 saniorem,
3166 5793 3271 5839 etc.
