4240 6438
242 426 309 489 49
1774 410 1830 469 ιτς

1956 453 1970 467 .
2561 453 2565 456 μ
3440 410 3507 474 50

240 545 339 606 τὴν
364 532 457 587 τοῦ
491 530 740 585 συνοίκου
770 526 1046 600 μακαρίαν
1071 526 1352 580 τελείωσιν
1374 525 1457 595 ἐφ’
1492 522 1674 578 ἱκανὸν
1701 522 1829 593 χρόα

1949 533 2054 571 mm
2088 518 2341 573 mistione
2380 527 2794 574 concreverant.
2848 519 2992 588 llaze,
3025 522 3141 576 viro
3168 520 3327 575 beata
3360 530 3510 574 sorte

239 643 331 680 νον
361 627 441 695 τῷ
468 623 624 677 παιδὶ
649 619 1010 692 συμϐιώσασα
1036 660 1052 685 ,
1096 619 1222 688 ἄρτι
1258 617 1375 670 τότε
1405 616 1508 686 τῆς
1533 613 1826 684 ἐγκυκλίου

239 717 496 779 παιδείας
529 713 927 783 ἐφαπτομένῳ,
971 713 1064 764 καὶ
1095 710 1195 778 τὴν
1241 707 1329 761 διὰ
1366 706 1568 776 χειρῶν
1598 706 1692 758 καὶ
1732 703 1828 774 μέ-

240 813 401 873 λανος
434 810 633 878 τέχνην
677 805 1017 876 πονουμένῳ.
1053 802 1262 875 ᾘρέθη
1313 802 1422 871 γὰρ
1475 800 1830 870 ὑπογραφεὺς

239 905 356 964 τοῖς
401 901 511 953 τῶν
563 899 911 970 κρατούντων
956 894 1281 966 μυστηρίοις
1339 890 1827 963 ὑπηρετούμενος,

241 994 389 1047 οὕτω
424 994 531 1061 γὰρ
578 993 731 1061 παρᾶ
765 993 831 1059 τῇ
865 988 1113 1042 Αὐσονίδι
1144 986 1415 1055 διαλέκτῳ
1459 985 1521 1036 τὸ
1551 983 1830 1052 Ἀσηκρῆ-

240 1101 327 1146 τις
350 1084 427 1155 (5)
454 1084 648 1152 ὄνομα,
673 1084 701 1134 6
734 1082 827 1133 ἐπὶ
849 1080 959 1133 τῶν
982 1068 1300 1148 μυστηρίων
1324 1073 1831 1147 μεθερμηνεύεσθαι

246 1175 522 1245 βούλεται.
569 1174 735 1227 Ἀλλά
777 1172 886 1243 μὴν
937 1172 1031 1225 καὶ
1077 1172 1136 1223 ἐν
1184 1173 1251 1240 τῇ
1285 1169 1386 1238 τῆς
1418 1166 1834 1239 ἀρχιερωσύνης

244 1267 444 1337 λυχνίᾳ
474 1267 566 1337 τὸν
594 1268 794 1335 ἑαυτῆς
839 1262 1101 1336 δᾳδοῦχον
1154 1262 1417 1331 φωστῆρα
1470 1258 1793 1312 ἐπιτεθέντα
1816 1298 1831 1321 ,

246 1334 347 1410 καί
376 1334 503 1425 φῶς,
538 1358 660 1418 ταῖς
700 1334 904 1425 τρίϐοις
945 1354 1104 1424 ἡμῶν
1136 1352 1396 1420 ἀειφανὲς
1440 1350 1835 1418 ἁναλάμψαντα

247 1448 503 1501 τεθέαται
523 1488 534 1507 ,
567 1448 662 1500 καὶ
695 1446 792 1516 τῆς
821 1445 1074 1511 γονεῦσιν
1116 1442 1479 1513 ὀφειλομένης
1509 1442 1639 1510 παρ’
1669 1437 1834 1492 αὐτοῦ

253 1539 394 1608 μετά
427 1538 559 1591 Θεὸν
592 1538 760 1606 τιμῆς
790 1538 896 1596 ἕως
929 1537 1114 1605 γήρως
1163 1535 1256 1588 καὶ
1297 1534 1621 1606 πρεσϐείου,
1657 1532 1733 1595 ὡς
1777 1532 1837 1584 τὸ

249 1632 421 1693 me;
456 1630 849 1683 ὲναπέλαυσεν.
901 1630 1063 1691 ’Ήτις
1107 1625 1171 1679 τδ
1200 1628 1275 1696 μὴ
1319 1626 1540 1696 βέϐαιον
1578 1624 1673 1678 τοῦ
1720 1624 1836 1694 βίου

250 1722 325 1784 ὡς
347 1722 623 1791 ἀραχνίων
653 1721 916 1791 νημάτων
943 1720 1270 1790 ἡγησαμένη
1303 1718 1628 1789 μηρύματα,
1658 1718 1750 1772 ἐπὶ
1777 1717 1838 1770 τὸ

256 1816 349 1883 τῆς
377 1812 688 1883 ἀσκητικῆς
720 1813 1062 1883 παλαίστρας
1090 1811 1292 1881 ἑαυτὴν
1311 1811 1576 1864 ἐκδέδωκε
1598 1811 1833 1873 στάδιον,

254 1907 397 1959 κατὰ
428 1905 521 1958 τοῦ
553 1904 959 1974 ἀνταγωνιστοῦ
995 1904 1355 1975 κονισαμένη,
1396 1904 1490 1957 καὶ
1518 1903 1710 1957 τοῦτον
1743 1905 1837 1973 ἡτ-

253 2000 505 2066 τήσασα,
551 1997 646 2050 καὶ
676 1995 771 2049 τοῦ
817 1996 1239 2065 ἐπαγγέλματος
1285 1998 1375 2050 τὸν
1410 1997 1614 2067 δρόμον
1669 1997 1837 2061 ἀξίως

254 2090 545 2149 τελέσασα.
576 2090 670 2142 τὸν
699 2091 797 2159 τῆς
827 2088 1133 2151 ἀθανασίας
1160 2088 1247 2143 διὰ
1277 2088 1510 2143 θανάτου
1541 2088 1840 2157 ἀνεδήσατο

258 2183 553 2249 στέφανονοη
587 2184 706 2235 ἐκεῖ
740 2183 880 2251 μετά
907 2182 1018 2235 τῶν
1048 2185 1107 2235 ἐν
1150 2182 1238 2253 τῷ
1259 2183 1513 2253 νυμφῶνι
1554 2182 1840 2253 παρθένων

257 2273 568 2343 χορεύουσα
598 2274 692 2326 καὶ
709 2274 809 2343 τὴν
827 2273 1029 2343 ἑαυτῆς
1046 2274 1307 2343 λαμπάδα
1324 2291 1390 2344 τη
1402 2275 1491 2343 ροῦ
1501 2292 1568 2327 σα
1578 2276 1655 2345 τῷ
1678 2275 1842 2341 ἐλαίῳ

255 2364 354 2432 τῆς
398 2364 646 2428 εὐποιίας
691 2362 1014 2433 ἀκοίμητον.
1050 2365 1113 2417 Ὢ
1154 2365 1344 2428 παιδὸς
1382 2366 1643 2437 τοιαύτης
1674 2367 1842 2420 πατέ-

259 2471 373 2523 ρων
398 2456 801 2525 εὐτυχήσαντος
832 2457 1091 2521 εὐσεϐοῦς
1140 2458 1536 2528 ἀναῤῥήσεωςί
1570 2460 1633 2511 Ὢ
1679 2459 1843 2512 πατέο

261 2564 369 2618 ρων
397 2549 653 2602 τοσούτου
683 2548 869 2612 παιδὸς
892 2549 1344 2620 εὐμοιρτισάντων
1375 2552 1455 2614 είς
1483 2551 1689 2623 ἀρετὴν
1719 2555 1839 2605 ἐπι-

257 2638 497 2703 τεύξεως
519 2639 531 2693 l

330 2736 401 2799 η’.
457 2730 595 2783 Ἀλλ’
643 2732 720 2795 ὡς
758 2731 886 2802 περὶ
921 2733 1021 2802 μὲν
1062 2734 1171 2787 τῶν
1224 2735 1511 2803 φυσάντων
1564 2735 1612 2807 [ό
1664 2736 1840 2809 λόγος]

259 2823 403 2873 κατὰ
455 2822 588 2874 πολὺ
641 2825 739 2892 τῆς
790 2825 1016 2876 ἐκείνων
1051 2827 1207 2892 ἀξίας
1255 2828 1570 2897 ἡττώμενος
1610 2829 1846 2882 ἐνταῦθα

264 2913 528 2980 μεινάτω.
560 2915 733 2976 Αὐτὸς
758 2916 803 2967 δ’
830 2917 978 2979 ὅπως
1005 2918 1098 2969 ἐπὶ
1130 2917 1209 2987 τῷ
1243 2919 1342 2987 τῆς
1368 2920 1571 2990 ἀρετῆς
1609 2922 1846 2993 θεμελίῳ

261 3007 456 3059 ἑαυτὸν
492 3007 904 3079 ἐπῳκοδόμησε,
957 3009 1053 3063 καὶ
1079 3009 1373 3073 ἀναϐάσεις
1418 3014 1476 3064 ἐν
1509 3016 1578 3083 τῇ
1610 3014 1843 3085 καρδίᾳ,

263 3099 622 3167 προφητικῶς
654 3103 850 3164 εἰπεῖν,
896 3102 1129 3166 διέθετο,
1167 3105 1523 3160 ὑπολείπεται
1567 3107 1765 3175 λέγειν.
1798 3112 1845 3161 εί

1932 608 2211 677 defuncto,
2266 624 2440 664 annos
2487 623 2593 665 non
2644 625 2844 681 paucos
2885 612 2995 680 egit
3040 628 3161 665 cum
3206 610 3352 677 filio;
3387 625 3512 665 cum

1932 700 1979 755 is
2014 717 2204 757 recens
2254 700 2564 756 liberalium
2618 704 2818 757 artium
2869 705 3047 757 studia
3104 704 3512 771 capessivisset,

1934 807 2206 862 manuque
2234 807 2300 847 ac
2335 802 2641 848 atramento
2697 795 2932 861 scriptor
2968 809 3070 846 non
3108 792 3355 862 ignobilis
3385 806 3515 844 cva-

1934 884 2116 938 sisset.
2153 884 2372 939 Electus
2404 901 2635 953 namque
2681 887 2861 940 scriha
2904 898 3008 949 est,
3042 885 3132 955 qui
3163 884 3517 953 imperatori-

1936 974 2056 1038 bus,
2097 983 2153 1028 ιιι
2191 974 2380 1028 Latina
2443 977 2624 1047 lingua
2693 985 2908 1041 vocant,
2939 993 2963 1027 a
2997 978 3226 1031 secretis
3271 976 3520 1030 ministtr

1936 1075 2101 1121 esset.
2144 1066 2283 1132 Quin
2320 1076 2373 1120 et
2399 1067 2510 1135 jam
2559 1067 2684 1121 felix
2732 1078 2905 1121 mater
2955 1068 3095 1122 hunc
3137 1083 3200 1122 ex
3236 1083 3295 1121 se
3334 1076 3517 1120 natum

1936 1158 2132 1211 summi
2186 1158 2479 1213 sacerdotii
2538 1158 2865 1212 candelabro
2921 1158 3066 1211 Velut
3130 1157 3519 1211 lucidissimam

1939 1251 2213 1305 lucernam
2280 1253 2634 1321 impositmn,
2690 1267 3011 1322 semperque
3079 1251 3289 1307 clarum
3339 1251 3522 1304 lumen

1938 1343 2151 1397 semitis
2187 1345 2390 1395 nostris
2433 1343 2813 1411 praeferentem
2848 1347 3155 1414 conspexit,
3193 1359 3257 1398 ac
3281 1342 3523 1398 debitum

1940 1437 2234 1489 secundum
2265 1436 2461 1489 ’Dettm
2514 1436 2832 1505 parentibus
2884 1438 3146 1491 honorem
3207 1436 3526 1504 cultumque

1940 1527 2006 1577 ad
2037 1528 2247 1579 senium
2289 1542 2461 1595 usque
2495 1543 2557 1581 ex
2592 1529 2709 1596 ipso
2751 1530 2979 1598 recepit.
3017 1528 3237 1583 Interim
3277 1544 3402 1583 vero
3426 1544 3524 1583 sm-
3579 1516 3583 1520 ’

1940 1617 2046 1670 culi
2087 1632 2174 1670 res
2211 1616 2383 1671 fluxas
2416 1620 2561 1671 velut
2599 1628 2924 1673 aranearum
2957 1620 3190 1674 stamina
3229 1621 3315 1691 pio
3347 1620 3529 1675 coasi-

1940 1709 2012 1763 lio
2044 1708 2199 1763 fortis
2230 1708 2428 1763 femina
2480 1720 2763 1777 reputans,
2814 1712 3131 1765 tnonasticm
3161 1725 3218 1765 se
3254 1710 3526 1765 exercita-

1942 1803 2107 1857 tionis
2155 1802 2335 1856 stndio
2386 1802 2614 1868 dedidit,
2657 1813 2992 1872 strenueque
3025 1802 3077 1856 in
3121 1818 3186 1857 eo
3228 1803 3526 1864 desudans.

1944 1896 2091 1949 victo
2121 1895 2458 1959 adversario,
2492 1910 2555 1949 ac
2592 1894 2950 1963 professionis
2994 1899 3159 1950 cursu
3195 1897 3356 1964 digne
3395 1912 3528 1950 con-

1944 1998 2248 2053 sttmmato,
2305 1999 2480 2042 morte
2541 1989 2723 2043 functa
2779 1989 3212 2043 immortalitatis
3266 2004 3528 2043 coronam

1947 2082 2204 2149 suscepit.
2235 2081 2345 2135 Illic
2365 2097 2485 2134 cum
2517 2081 2892 2152 virginibusin
2916 2080 3212 2133 thalamum
3244 2088 3528 2149 assumpta

1950 2174 2071 2227 laeta
2107 2172 2302 2227 choros
2356 2175 2488 2243 agit,
2524 2156 2942 2241 lampademque
2988 2172 3255 2226 bonorum
3308 2185 3530 2241 operum

1951 2266 2073 2319 oleo
2108 2280 2325 2333 semper
2358 2279 2644 2318 accensam
2684 2275 2847 2333 atque
2881 2264 3149 2317 lucentem
3183 2265 3449 2319 custodit.
3488 2263 3533 2316 0

1952 2368 2162 2421 natum,
2200 2359 2285 2412 cui
2316 2373 2380 2411 ex
2412 2367 2557 2410 tanta
2591 2368 2875 2426 parentum
2900 2357 3103 2425 pietate
3129 2356 3534 2410 commendat‘n

1950 2449 2127 2502 fausta
2176 2447 2437 2502 accessit!
2472 2447 2515 2501 tl
2544 2456 2822 2517 parentes,
2872 2446 3069 2516 quibus
3118 2453 3281 2498 tatth
3321 2443 3535 2496 virtutis

1951 2556 2014 2594 ac
2063 2540 2239 2593 laudis
2294 2549 2514 2603 natum,
2570 2539 2813 2607 adeoque
2886 2535 3240 2607 spectabilem
3293 2534 3533 2589 nancisci

1952 2633 2179 2705 obtigit!
3528 2702 3529 2705 γ

2024 2724 2076 2778 8.
2109 2703 2381 2777 Caeterum
2411 2761 2424 2786 ,
2464 2722 2549 2775 hic
2585 2722 2647 2774 de
2673 2719 2804 2789 justi
2839 2719 3157 2790 parentibus
3207 2731 3405 2781 sermo,
3456 2718 3539 2771 in-

1955 2816 2118 2871 ferior
2152 2817 2313 2884 longe
2336 2830 2499 2885 quant
2533 2826 2589 2866 ιιι
2614 2828 2803 2867 eorum
2836 2823 3084 2881 exaequet
3110 2813 3326 2875 merita,
3354 2811 3538 2865 hacte-

1955 2926 2056 2964 nus
2087 2910 2349 2964 dednctus
2383 2908 2603 2963 sullieiat
2644 2926 2658 2961 :
2698 2923 2841 2961 nunc
2877 2918 2933 2959 ιιι
2965 2907 3079 2975 ipse
3113 2920 3277 2975 supra
3322 2903 3538 2959 virtutis

1956 3003 2371 3056 fundamentum
2424 3010 2595 3054 semet
2642 3000 3013 3061 aediﬁcaverit,
3061 3008 3225 3067 atque
3270 2997 3321 3051 in
3377 2998 3538 3051 corde

1954 3110 2073 3157 suo,
2114 3105 2169 3147 ιιι
2204 3094 2384 3147 verbis
2415 3093 2700 3162 Propheta:
2735 3092 2931 3161 loquar
2958 3094 3004 3154 δ,
3039 3091 3390 3144 escensiones
3423 3090 3533 3143 dis-

263 3190 357 3240 καὶ
400 3190 428 3239 6
463 3190 619 3255 λόγος
650 3191 859 3261 ίλιγγιᾷ
896 3193 955 3244 τὸ
989 3196 1117 3262 παρ’
1148 3197 1306 3259 ἀξίαν
1339 3200 1522 3250 εἰπεῖν
1556 3201 1830 3270 ὑφορώμε-

1958 3190 2218 3257 posuerit,
2268 3196 2518 3255 superest
2557 3186 2869 3239 dicendum.
2922 3184 3245 3252 Quanquam
3302 3183 3537 3251 trepidat.

262 3296 353 3342 νος
382 3283 478 3333 καὶ
500 3281 560 3333 τὸ
589 3284 707 3335 κατ’
731 3285 890 3349 ἀξίαν
919 3286 947 3337 ὃ
969 3303 1033 3352 γε
1056 3286 1260 3351 δίκαιος
1285 3291 1563 3359 ἀκροατὴς
1594 3295 1848 3346 ἀπαιτεῖν

264 3371 327 3423 οὐ
367 3360 711 3441 βουλόμενος.
747 3375 959 3428 Οὐκοῦν
988 3377 1075 3429 διὰ
1110 3382 1315 3449 μικρᾶς
1347 3399 1492 3445 τινος
1523 3386 1616 3437 καὶ
1647 3385 1850 3454 λεπτῆς

264 3464 387 3516 ὁδοῦ
416 3466 478 3517 τὸ
512 3466 614 3533 τῆς
644 3469 883 3537 ἀπορίας
912 3469 1137 3538 δαψιλὲς
1179 3472 1522 3543 ἐπαγόμενος
1545 3516 1558 3537 ,
1590 3478 1850 3547 πειράσο-

270 3573 368 3624 μαι
398 3558 535 3626 πρὸς
569 3558 628 3611 ἒν
655 3576 707 3612 τι
742 3561 849 3612 τῶν
881 3562 1030 3632 αὐτῷ
1054 3564 1510 3632 κατωρθωμένων
1540 3568 1846 3639 διαϐλέψαι,

269 3644 363 3696 καὶ
392 3646 457 3697 ὲκ
490 3648 691 3717 μέρους
716 3648 838 3702 ὅλον
868 3650 997 3721 ὑμῖν
1027 3653 1315 3722 γνωρίσαι,
1344 3656 1419 3717 ὡς
1447 3654 1507 3720 ἐξ
1526 3656 1733 3726 όνύχων
1760 3660 1851 3713 τὸν

267 3736 483 3791 λέοντα.
1238 3763 1244 3769 ί
1838 3748 1839 3751 ’

341 4004 408 4054 θ’.
438 4000 566 4071 Εῐχε
606 4004 705 4072 μὲν
739 3999 833 4057 οὖν
863 4005 1027 4059 αὑτὸν
1056 4006 1313 4076 βασιλεύς
1343 4028 1400 4063 τε
1427 4012 1524 4064 καὶ
1549 4014 1581 4083 ἡ
1616 4014 1726 4067 τῶν
1759 4014 1855 4084 βα-

272 4094 491 4146 σιλείων
522 4095 659 4165 αὐλὴ
679 4137 692 4158 ,
719 4092 809 4150 οἷά
837 4115 961 4150 τινα
995 4098 1148 4151 θείαν
1178 4102 1507 4174 περιστολὴν
1540 4107 1637 4158 καὶ
1670 4107 1848 4170 κλέος,

270 4183 431 4249 λόγον
476 4182 769 4253 ἐπίσημον,
803 4185 835 4254 ἢ
864 4186 957 4238 τὸν
1000 4188 1266 4242 Παιανιέα
1302 4191 1380 4260 (6)
1426 4196 1630 4263 ῥήτορα
1661 4197 1850 4249 Φίλιπ-

270 4291 393 4335 πος.
429 4274 508 4328 Οὐ
537 4276 644 4344 γάρ
675 4276 960 4344 στωμύλος
998 4296 1083 4341 τις
1111 4275 1179 4349 ἦν
1209 4281 1300 4334 τὸν
1330 4282 1488 4336 θῶπα
1519 4285 1676 4352 λόγον
1721 4289 1852 4339 ὑπο-

272 4365 613 4435 κρινόμενος,
642 4367 716 4428 ὡς
744 4366 810 4421 ἂν
850 4368 910 4419 τὸ
942 4370 1079 4439 πρὸς
1109 4373 1271 4442 χάριν
1300 4373 1474 4440 λέγων
1506 4376 1723 4447 θηρῷτο
1757 4381 1851 4433 τὸν

272 4456 516 4508 ἐπαινονο
552 4457 693 4525 λόγῳ
735 4458 792 4510 δὲ
835 4460 979 4513 κατά
1017 4460 1174 4529 λόγον
1223 4468 1531 4537 κινουμένῳ
1573 4468 1665 4521 τὸν
1695 4470 1851 4539 λόγον

1953 3281 2150 3343 oratio,
2182 3280 2350 3333 verita
2384 3294 2453 3333 ne
2484 3279 2665 3332 minus
2711 3294 2811 3347 pro
2843 3277 3106 3347 dignitate
3144 3276 3394 3346 partibus
3422 3276 3535 3328 suis

1955 3373 2283 3441 defungatur
2313 3389 2326 3425 :
2360 3372 2582 3426 tametsi
2603 3387 2669 3425 ne
2688 3370 2737 3423 id
2758 3370 2978 3437 quidem
3008 3370 3151 3439 quod
3181 3385 3245 3422 ex
3271 3368 3533 3437 dignitate

1954 3464 2028 3518 sit
2073 3474 2236 3533 atque
2278 3463 2490 3526 merito,
2552 3476 2742 3532 a~qmts
2781 3462 2997 3515 auditor
3036 3460 3300 3531 exegerit.
3349 3459 3534 3527 Ιιιιιιιειι

1952 3555 2147 3625 exigua
2181 3556 2413 3623 quadam
2437 3554 2732 3623 subtilique
2768 3554 2855 3609 via
2885 3563 3050 3622 atque
3074 3553 3327 3608 methodo
3361 3555 3533 3605 abun-

1955 3648 2198 3703 dantiam
2240 3648 2594 3720 contrahens,
2634 3655 2690 3698 ut
2721 3660 2844 3715 qua:
2878 3645 3091 3699 consilii
3136 3646 3373 3714 indigum
3416 3646 3532 3699 ino-
3558 3706 3591 3716 _

1954 3754 2183 3808 pemqtte
2216 3739 2401 3802 faciat,
2445 3753 2611 3791 unum
2663 3739 2792 3806 qttid
2830 3752 2895 3792 ex
2928 3737 3174 3807 plurimis
3208 3736 3349 3791 illius
3385 3747 3532 3792 recte

1957 3831 2116 3885 factis
2148 3831 2389 3885 conabor
2414 3830 2698 3899 dispicere,
2730 3842 2897 3897 atque
2929 3846 2993 3883 ex
3027 3841 3182 3900 parte
3214 3841 3407 3893 totum,
3430 3845 3529 3882 ceu

1958 3925 2168 3982 leonem
2199 3938 2263 3978 ex
2303 3937 2498 3991 ungue,
2531 3921 2686 3975 vobis
2714 3923 3018 3977 declarare.

2024 4016 2076 4071 9.
2117 4017 2250 4069 Eum
2302 4015 2485 4083 itaque
2538 4015 2836 4082 imperator
2876 4014 3106 4082 aulaque
3153 4014 3387 4068 habebat
3431 4028 3529 4067 cett

1954 4107 2195 4160 divinum
2225 4106 2514 4174 quemdam
2547 4115 2799 4158 ornatum
2830 4120 2893 4159 ac
2919 4107 3104 4171 decus,
3137 4120 3390 4158 sernwne
3422 4107 3535 4158 ela-

1956 4212 2074 4251 rum
2126 4207 2291 4265 atque
2340 4196 2627 4258 illustrem,
2664 4211 2827 4264 supra
2869 4212 3030 4264 quam
3086 4195 3365 4266 Philippus
3412 4212 3530 4259 rex,

1952 4287 2366 4342 Atheniensium
2430 4287 2887 4341 facundissimum
2945 4298 3219 4342 oratorem
3267 4289 3364 4361 (ιι).
3417 4289 3532 4343 Νιιιι

1952 4381 2096 4436 enim
2125 4379 2334 4434 blatero
2356 4379 2578 4449 quidam
2595 4389 2710 4433 erat
2732 4396 2795 4435 ac
2824 4381 3169 4444 loctttuleins,
3198 4381 3287 4450 qui
3310 4383 3377 4434 ad
3397 4384 3535 4436 attu-

1952 4470 2171 4524 lationis
2227 4470 2414 4523 modus
2480 4471 2640 4522 verba
2694 4485 3114 4541 sermonemque
3145 4481 3534 4540 componeret,
3622 4464 3627 4470 ’

272 4546 665 4617 προύϐάλλετο,
712 4548 813 4602 οὐκ
842 4551 898 4602 ἐν
928 4552 1166 4624 κομψείᾳ
1192 4554 1393 4620 λέξεων
1432 4560 1524 4611 τὸν
1571 4561 1830 4631 ἀκροατὴι

1957 4563 2335 4632 loquendoque
2374 4562 2439 4617 ad
2476 4563 2709 4633 gratiam
2790 4564 3010 4618 laudem
3078 4576 3351 4634 quaereret
3388 4584 3400 4620 :
3431 4564 3534 4621 sed

272 4638 613 4706 ἐφηδύνοντα
641 4656 655 4670 °
689 4640 767 4710 τῷ
797 4642 987 4709 ἀφελεῖ
1024 4644 1081 4698 δὲ
1111 4647 1205 4698 καὶ
1233 4648 1507 4719 ἀνειμένῳ
1535 4652 1855 4707 ἐπινοοῦντα

270 4730 492 4797 τρανῶς
518 4729 617 4799 τὴν
667 4731 956 4799 ὠφέλειαν.
999 4731 1167 4799 Οὗτος
1214 4740 1403 4809 ἐπειδή
1445 4758 1497 4792 τι
1537 4742 1704 4813 μέρος
1748 4745 1856 4798 τῶν

273 4823 403 4887 περὶ
426 4820 524 4888 τὴν
555 4822 685 4889 ὑγιᾶ
725 4825 907 4875 πίστιν
934 4827 1180 4897 ναυαγίῳ
1212 4832 1625 4891 περιπεσόντων
1655 4836 1720 4889 ἐκ
1749 4836 1857 4888 τῶν

272 4912 397 4962 κατ’
428 4911 608 4964 ἐκεῖνο
643 4913 838 4983 καιροῦ
867 4917 934 4969 τὰ
972 4917 1073 4986 τῆς
1123 4919 1442 4991 Ῥωμαῖκῆς
1472 4924 1646 4994 ἀρχῆς
1684 4927 1859 4979 οίακι-

276 5000 480 5063 ζόντων
506 5003 753 5071 βασίλεια
774 5046 788 5069 ,
814 5006 937 5059 ὅσον
961 5009 1044 5073 ἐφ’
1078 5008 1258 5077 ἑαυτῷ
1296 5012 1395 5079 τὴν
1434 5011 1605 5083 ζάλην
1632 5014 1851 5087 ἔστησε.

275 5092 390 5162 Τὴν
441 5094 549 5160 γάρ
595 5094 860 5148 ἀνέκαθεν
915 5099 974 5164 ἐξ
1022 5100 1389 5171 ἀποστολικῆς
1432 5104 1526 5156 καὶ
1571 5106 1854 5179 [ἰατρικῆς

348 5214 368 5238 ⁸
400 5206 543 5260 l’sal.
578 5223 809 5271 uxxnt,
845 5208 898 5264 6.

348 5324 425 5389 (5)
462 5323 611 5397 Alias
639 5326 1005 5396 ’Ᾱσηκρήτη;,
1041 5327 1184 5379 unde
1214 5327 1304 5397 qui
1332 5335 1415 5380 est
1443 5327 1495 5380 in
1524 5320 1719 5384 ordine
1761 5346 1849 5384 se-

275 5393 634 5466 cretariornm
659 5393 866 5459 primus
896 5393 1394 5466 πρωτασηκρήτης.
1428 5398 1692 5452 Attctores
1724 5400 1848 5463 Sui-

274 5465 402 5515 :lam
428 5531 436 5533 Α
464 5461 705 5533 aliosque
747 5466 864 5518 vide
902 5461 1042 5533 apud
1083 5461 1373 5519 Metti's'iuin
1429 5467 1478 5518 in
1526 5461 1844 5524 Glossario:

272 5531 509 5587 Carolus
534 5532 760 5599 Magnus
808 5531 974 5588 etiam
1007 5534 1287 5589 Leontium
1318 5546 1619 5590 asecretam
1653 5535 1847 5596 Latine

281 5602 528 5673 scripsit,
569 5601 640 5673 De
668 5606 819 5670 cultu
842 5607 1003 5672 imag.
1040 5607 1131 5659 lih.
1164 5621 1235 5667 tv,
1271 5621 1391 5673 cap.
1429 5606 1481 5660 il.
1828 5636 1833 5649 ι

346 5671 427 5740 (ὕ)
460 5670 915 5726 Pandionidartttn
955 5670 1139 5729 lribus
1187 5670 1353 5728 altera
1402 5676 1629 5730 Athenis
1653 5718 1667 5741 ,
1707 5688 1845 5733 teste

276 5745 416 5809 apud
447 5741 668 5794 bnidam
704 5743 966 5803 Diodoro.
1013 5758 1208 5798 nomen
1258 5760 1286 5797 a
1316 5744 1508 5800 Pieane
1542 5750 1700 5801 habet
1726 5788 1739 5808 ,
1790 5761 1844 5803 et

278 5811 368 5881 qui
400 5810 466 5867 ad
492 5812 609 5865 eaut
638 5812 911 5881 pertinent
944 5815 1223 5881 Παιανιεῖς
1269 5816 1539 5872 dicuntur.
1573 5819 1704 5883 Quae
1738 5836 1836 5874 vox

1953 4654 2254 4709 orationem
2288 4670 2352 4710 ex
2387 4655 2601 4710 ratione
2656 4671 2990 4724 componens
3043 4659 3125 4712 sic
3177 4659 3536 4728 depromebut

1956 4761 2295 4811 sermonem,
2338 4755 2397 4800 ιιι
2437 4762 2542 4801 non
2588 4757 2697 4800 tam
2751 4747 3006 4802 dictionis
3052 4750 3320 4820 elegantia
3377 4762 3540 4820 atque

1956 4838 2243 4890 verborum
2278 4847 2471 4890 ornatu
2501 4839 2800 4892 auditorem
2842 4840 3123 4906 mulceret,
3150 4858 3314 4912 quam
3341 4844 3543 4899 saliuis,

1957 4929 2247 4999 negligenti
2297 4929 2658 4999 remissoque,
2691 4933 2832 5000 quod
2883 4949 3062 5002 opera:
3110 4937 3340 5004 pretium
3374 4938 3539 4992 utile-

1963 5037 2070 5092 que
2100 5032 2265 5086 esset,
2320 5025 2493 5091 palam
2532 5024 2767 5077 ediceret
2820 5035 2981 5094 atque
3031 5016 3307 5083 suaderet.
3353 5029 3547 5102 Itaque,

1963 5129 2085 5169 cum
2121 5130 2308 5169 eorum
2339 5128 2465 5186 pars
2489 5115 2686 5184 aliqua,
2713 5118 2801 5187 qui
2834 5133 2929 5186 per
2949 5119 3048 5173 hoc
3070 5130 3281 5191 tempus
3308 5121 3537 5178 Romani

1957 5353 2023 5413 an
2053 5342 2283 5395 strictim
2310 5343 2396 5400 hic
2427 5346 2740 5413 accipienda
2768 5349 2858 5412 sit,
2895 5358 2951 5401 ut
2980 5364 3106 5403 vere
3142 5350 3538 5410 Demosthenes

1958 5410 2023 5489 ait
2052 5426 2172 5463 eam
2201 5414 2404 5489 tribum
2432 5410 3151 5489 snectet,qltemadmodnm
3179 5423 3392 5489 accepit
3423 5424 3540 5477 Stc-

1956 5479 2167 5563 phanns
2201 5483 2251 5563 in
2276 5479 2583 5552 Appendiee
2615 5487 2681 5539 ad
2710 5479 3047 5563 Thesaurnm
3072 5489 3275 5563 lingua;
3299 5479 3438 5546 Cum
3458 5511 3536 5557 :e;

1955 5561 2022 5598 an
2057 5560 2308 5629 generice
2349 5567 2577 5629 ponatur
2614 5573 2710 5625 pro
2756 5560 3121 5621 Atheniensi,
3158 5569 3212 5613 ut
3263 5562 3538 5629 interpres

1954 5622 2186 5697 censuit,
2219 5638 2323 5697 non
2350 5624 2571 5688 delinio,
2603 5622 2817 5693 quando
2839 5639 3122 5696 paternam
3156 5622 3538 5697 Demosthenis

1953 5690 2633 5771 tribuurnullusveterum
2669 5690 3001 5771 nominavit,
3033 5698 3177 5771 quod
3204 5700 3402 5759 sciam.

2024 5760 2099 5831 (ὁ)
2136 5761 2554 5821 Demosthenem
2590 5767 2821 5823 indicat.
