4240 6438
235 409 306 480 57
1754 421 1954 486 VITA.
3413 427 3484 494 58

234 530 304 582 τὰ
338 528 480 601 μέρη
511 527 716 601 ταύτης
746 529 841 586 καὶ
865 529 1073 602 ὄργανα
1092 571 1104 594 ,
1136 531 1226 600 ὑφ’
1255 525 1330 585 ὧν
1354 532 1416 585 τδ
1444 535 1542 603 τῆς
1574 549 1816 602 συγγρα-
1845 534 1889 591 Α

1804 534 1889 591 -Α
1920 536 2149 592 Abrahae
2213 537 2354 594 dicta
2406 551 2851 599 commemorem,
2908 539 3081 592 haeres
3136 538 3404 594 exstiterit
3435 544 3478 597 '.

237 622 341 690 φῆς
360 621 538 692 ὀρθὸν,
561 624 653 676 καὶ
678 623 774 693 μὴ,
789 623 1148 695 διακρίνεται,
1170 624 1262 676 καὶ
1278 626 1309 692 ἡ
1325 623 1569 694 Ἑλληνὶς
1592 625 1811 691 γλῶσσα

235 714 543 779 εὐθύνεται,
578 714 673 768 καὶ
700 716 733 785 ἠ
763 716 872 770 τῶν
905 717 1120 787 μέτρων
1149 714 1306 781 βάσις
1340 716 1681 786 ῥυθμίζεται,
1719 717 1813 769 καὶ

234 805 420 869 αὐτοῖς
441 805 572 873 γοῦν
589 809 702 870 τοῖς
719 807 811 859 καὶ
831 808 1066 878 μετρίως
1084 808 1183 877 τῆς
1207 808 1399 878 τέχνης
1422 807 1813 876 ἐπισταμένοις

235 898 545 968 καθέστηκε
571 901 872 970 γνώριμον.
896 903 1057 965 Ὀσος
1075 918 1132 954 τε
1161 903 1285 974 περί
1309 900 1405 970 τὴν
1431 901 1539 952 τῶν
1565 900 1812 969 ρητόρων

235 991 411 1059 ἐφάνη
431 991 806 1060 πολύφθογγον
831 992 1112 1061 φόρμιγγα
1135 991 1375 1060 ἡδυεπὴς
1405 990 1500 1043 καλ⁸
1526 988 1810 1059 μειλίχιος,

235 1083 298 1136 οὐ
317 1083 554 1152 χαλεπὸν
574 1085 825 1137 συνιδεῖν·
845 1083 905 1136 τὸ
921 1085 1029 1153 γὰρ
1048 1082 1589 1152 κατεγλωττισμένον
1608 1079 1813 1148 ταύτης

236 1176 336 1229 καὶ
362 1176 540 1240 λάλον,
575 1177 669 1230 καὶ
696 1177 820 1228 ὅσον
866 1175 1190 1246 σοφιστικὴν
1229 1176 1482 1228 ἁπονεύει
1530 1175 1813 1242 είκαιομυ-

237 1265 361 1320 θίαν
392 1284 450 1319 τε
479 1269 572 1320 καὶ
611 1267 922 1338 φληναφίαν
955 1268 1370 1338 παρωσάμενος,
1408 1266 1474 1319 δι’
1503 1264 1815 1334 εὐκρινείας

235 1375 296 1411 τε
327 1359 419 1412 καὶ
447 1359 819 1432 καθαρότητος
866 1360 926 1413 τὸ
953 1361 1054 1431 τῆς
1083 1359 1356 1432 συνθήκης
1386 1358 1482 1429 ἡδὺ
1506 1357 1598 1410 καὶ⁸
1625 1355 1813 1427 χαρίεν

236 1451 579 1522 ιπετήδευεν.

311 1813 395 1870 ιε’.
425 1817 561 1884 Περι
587 1833 644 1868 τε
677 1814 772 1884 τὴν
792 1813 892 1884 τῆς
919 1809 1311 1883 μαθηματικῆς
1335 1808 1671 1879 τετρακτύος
1691 1805 1814 1860 ἀνά-

230 1907 424 1978 ληψιν,
458 1906 580 1976 ἥτις
626 1907 688 1957 ὲκ
739 1905 1173 1975 πεπερασμένων
1226 1905 1463 1973 συνεχῶν
1504 1905 1597 1958 καὶ
1648 1920 1811 1956 πεπεο

237 1997 527 2070 ρασμένων
585 1995 962 2064 διωρισμένων
1012 1994 1110 2064 τὴν
1167 1993 1426 2046 σύστασιν
1473 1991 1695 2062 εἴληφεν
1737 1990 1810 2060 (ἢ

235 2090 343 2159 γὰρ
381 2091 614 2141 κινεῖται
646 2088 741 2140 καὶ
767 2087 911 2138 ποιεῖ
943 2085 1040 2154 τὴν
1071 2085 1459 2155 ἀστρονομίαν·
1492 2082 1522 2152 ἢ
1555 2081 1810 2151 ἀκίνητός

233 2184 372 2242 ἐστι,
408 2183 502 2235 καὶ
534 2179 803 2248 ποιεῖτὴν
844 2178 1189 2248 γεωμετρίαν
1213 2195 1226 2209 ·
1266 2179 1297 2248 ἢ
1331 2176 1490 2229 πάλιν
1535 2176 1592 2227 ὲν
1630 2173 1811 2241 σχέσει

233 2273 526 2341 τυγχάνει,
567 2272 660 2323 καὶ
691 2273 837 2323 ποιεῖ
861 2271 958 2340 τῆν
997 2271 1264 2338 μουσικήν
1293 2283 1304 2295 ·
1341 2268 1371 2337 ἢ
1409 2265 1632 2335 ἅσχετός
1664 2265 1804 2324 ἐστι,

232 2366 325 2417 καὶ
355 2365 501 2416 ποιεῖ
526 2364 624 2432 τὴν
661 2361 1090 2432 ἀριθμητικὴν),
1134 2361 1226 2411 ἐπὶ
1269 2358 1522 2410 τοσοῦτον
1549 2351 1703 2417 οὗτος
1741 2353 1805 2405 δι’

231 2455 552 2523 ἐπιμελείας
598 2454 856 2522 ἀφίκετο,
890 2454 965 2512 ὡς
1013 2451 1134 2504 ἀντὶ
1172 2453 1387 2503 πάντων
1420 2449 1500 2509 ἓν,
1547 2447 1642 2499 καὶ
1687 2445 1809 2498 ἀντὶ

231 2547 352 2607 ἑνὸς
394 2547 610 2599 ἅπαντα
643 2545 975 2614 ἑξασκήσας,
1006 2545 1062 2595 ὲν
1095 2545 1230 2594 πᾶσι
1264 2542 1322 2594 τὺ
1354 2541 1619 2609 πρωτεῖον
1654 2543 1810 2605 πορϊ-

234 2638 452 2690 σασθαι.
492 2639 770 2708 Μουσικὴν
802 2639 857 2689 δὲ
898 2637 1176 2706 ἡρμόσατο
1211 2633 1378 2702 λύραν
1416 2633 1512 2700 οὐχ
1551 2631 1666 2682 οἵαν
1699 2630 1808 2680 flu-

233 2729 474 2798 θαγόρας
497 2731 523 2781 6
552 2729 776 2796 Σάμιος,
799 2729 895 2795 οὐχ
920 2727 1036 2778 οἷαν
1057 2728 1084 2778 6
1110 2724 1383 2793 ἀπατηλὸς
1421 2720 1806 2791 ’Δριστέξενος,

234 2819 440 2887 μᾶλλον
479 2819 535 2870 δὲ
583 2820 681 2888 τὴν
729 2819 924 2870 ἑκατὸν
969 2817 1064 2869 καὶ
1093 2813 1622 2884 πεντηκοντάχορδον
1648 2827 1662 2842 ·
1717 2810 1808 2862 καὶ

229 2911 440 2980 ταύτην
472 2911 686 2980 κρούων
724 2910 845 2971 ἀεὶ,
887 2908 997 2960 τῶν
1042 2907 1297 2974 ὑπηκόων
1339 2905 1467 2956 ποτὲ
1512 2903 1682 2955 Σαοὺλ
1711 2903 1809 2971 τὴν

230 3004 387 3053 νόσον
417 2999 662 3066 ἀπήλασε
682 3037 696 3059 ,
727 2999 820 3049 καὶ
848 2998 942 3049 τὸν
977 2995 1258 3065 ὠμότατον
1290 2995 1567 3061 τύραννον,
1600 2991 1675 3059 τῷ
1713 2992 1809 3058 τῆς

231 3091 556 3154 κακοδοξίας
572 3089 976 3156 καταγχόμενον
991 3087 1122 3138 πνεύ
1134 3103 1258 3155 ματι
1270 3126 1284 3150 ,
1302 3087 1395 3136 καὶ
1418 3085 1593 3150 ἁμετα
1605 3082 1806 3150 μέλητα

1921 626 2164 688 Quanltts
2197 641 2360 696 porro
2394 627 2446 680 in
2473 628 2823 697 grammatica
2854 625 3080 695 ejusque
3125 630 3375 697 partibus
3425 639 3482 686 ct

1914 717 2259 771 adminiculis
2306 729 2474 783 esset,
2525 719 2721 787 quibus
2773 726 2942 782 recta,
2999 720 3066 770 ab
3098 733 3159 771 ea
3203 734 3320 787 quae
3350 720 3483 776 vitio

1915 807 2142 872 laborat,
2177 809 2446 863 scribendi
2472 809 2964 871 ratiodiscernitur,
2994 800 3280 877 linguaque
3294 809 3479 866 Graeca

1918 899 2316 966 corrigitur,ac
2348 899 2648 950 carminum
2681 898 2824 951 basis
2861 897 3155 964 regulatur,
3185 899 3252 951 iis
3277 899 3482 968 perspi-

1912 1006 2012 1046 cue
2047 1001 2232 1043 notttm
2269 992 2346 1055 ﬂt,
2371 992 2458 1057 qui
2491 989 2572 1044 vel
2603 990 2873 1042 modicum
2909 1004 3028 1042 eam
3073 1001 3245 1043 artem
3279 990 3484 1046 callue-

1914 1084 2042 1138 rint.
2078 1083 2246 1149 Quam
2278 1084 2443 1137 etiam
2487 1084 2834 1135 multisonam
2877 1081 3155 1136 rhetorum
3214 1083 3481 1136 cltharam

1915 1185 2167 1244 tangens.
2206 1177 2392 1230 suavis
2419 1176 2600 1229 verbis
2638 1186 2785 1229 esset
2823 1189 2885 1229 ac
2926 1175 3097 1228 tlttlris
3130 1174 3366 1241 eloquio,
3405 1172 3484 1226 fa-

1915 1269 2017 1323 cile
2049 1267 2225 1336 quivis
2266 1268 2558 1336 perspiciat
2590 1284 2603 1321 :
2634 1265 2960 1336 superfluam
2989 1281 3219 1334 namque
3252 1263 3483 1333 garruli-

1916 1371 2079 1416 tatem
2110 1375 2172 1414 ac
2202 1360 2490 1415 verborum
2521 1358 2836 1427 iactantiam
2867 1368 2921 1411 et
2945 1358 3203 1426 quidquid
3252 1357 3482 1424 denique

1913 1453 1979 1506 ad
2014 1451 2378 1519 sophistarum
2425 1450 2632 1518 ineptas
2689 1448 2938 1501 fictiones
2998 1462 3063 1500 ao
3093 1460 3261 1514 nugas
3287 1445 3480 1513 vergit,

1915 1545 2100 1614 procul
2149 1546 2213 1597 ab
2249 1543 2496 1596 oratione
2543 1542 2854 1603 eliminans,
2898 1555 2961 1593 ex
3017 1538 3368 1592 distinctione
3418 1547 3483 1589 ac

1916 1639 2150 1705 puritate
2177 1635 2585 1705 compositionis
2631 1633 2969 1687 dulcedinem
3018 1631 3359 1701 gratiamque
3384 1641 3482 1684 ca-

1916 1729 2120 1795 ptahat.

1990 1816 2077 1870 l5.
2141 1816 2289 1881 Quod
2341 1825 2521 1868 autem
2565 1817 2630 1866 ad
2673 1811 3045 1882 quadruplicis
3087 1810 3482 1864 mathematica!

1916 1907 2320 1976 perceptionem
2342 1905 2553 1967 attinet,
2581 1919 2701 1973 qua!
2726 1920 2788 1955 ex
2818 1904 3062 1957 terminis
3084 1900 3482 1957 continuisdis-

1915 1999 2188 2068 cretisque
2219 2008 2427 2050 constat
2467 1998 2594 2065 (aut
2621 1998 2762 2048 enim
2791 2006 3036 2048 movetur
3068 2008 3154 2048 res
3182 1995 3482 2046 mathema-

1916 2092 2042 2157 tica,
2084 2089 2320 2158 facitque
2359 2086 2739 2141 astronomiam
2775 2105 2786 2139 :
2819 2096 2913 2139 aut
2944 2095 3024 2139 est
3049 2083 3368 2145 immobilis,
3417 2095 3481 2135 ac

1916 2181 2265 2250 geometriam
2312 2177 2590 2231 constituit
2627 2195 2639 2230 :
2677 2187 2770 2230 aut
2813 2177 3006 2230 iterum
3044 2175 3096 2228 in
3130 2174 3479 2243 proportione

1915 2282 2166 2339 certaque
2199 2267 2608 2336 comparatione
2639 2265 2881 2328 exsistit,
2916 2281 2978 2318 ac
3012 2265 3273 2318 musicam
3310 2262 3475 2322 facit:

1915 2370 2007 2416 aut
2037 2362 2268 2428 denique
2295 2359 2642 2427 proportione
2678 2356 2940 2426 ejusmodi
2973 2355 3147 2408 soluta
3205 2365 3289 2408 est
3320 2364 3482 2421 atque

1915 2455 2102 2514 libera,
2121 2460 2283 2519 atque
2305 2450 2703 2502 arithmeticam
2735 2445 2897 2501 elIlcit
2914 2447 2955 2515 ),
2981 2448 3114 2500 adeo
3136 2448 3219 2499 hic
3241 2449 3480 2516 graviter

1914 2547 1964 2598 in
1996 2559 2056 2596 ea
2088 2543 2185 2595 fuit
2219 2542 2573 2602 exercitatus,
2603 2550 2658 2593 ut
2694 2556 2856 2592 unum
2897 2540 3040 2592 velut
3064 2541 3244 2593 omnia
3272 2540 3478 2596 colens.

1912 2636 2199 2700 omniaque
2230 2642 2286 2686 ιιι
2311 2647 2496 2696 unum,
2526 2631 2577 2682 in
2606 2630 2876 2683 universis
2906 2630 3103 2697 primas
3132 2628 3318 2682 ferret.
3366 2627 3473 2682 Mu-

1913 2732 2075 2782 sicam
2112 2744 2239 2781 vero
2269 2728 2443 2798 lyram
2495 2725 2719 2792 aptavit,
2751 2737 2854 2775 non
2885 2721 3102 2789 qualem
3141 2718 3482 2788 Pythagoras

1910 2822 2129 2877 Snuius
2150 2836 2250 2874 nec
2287 2820 2439 2886 quasi
2491 2818 2742 2871 seductor
2787 2815 3185 2876 Aristoxenus;
3238 2809 3334 2866 sed
3382 2823 3482 2862 no-

1912 2915 2156 2968 biliorem
2218 2912 2362 2965 illam
2416 2920 2632 2963 cenltttlt
2680 2922 2742 2961 ac
2798 2903 3186 2974 quinquaginta
3248 2899 3485 2954 cltortla-

1915 3023 2052 3066 tum,
2078 3018 2395 3071 semperque
2436 3016 2557 3054 cum
2609 2999 2834 3066 pulsans
2877 2995 3143 3056 morbum,
3193 3007 3301 3059 quo
3354 2989 3483 3044 Sani

1911 3100 2177 3165 quondam
2221 3096 2584 3153 laboraverat,
2640 3103 2668 3141 a
2720 3086 2949 3142 subditis
2996 3083 3226 3152 depulit;
3287 3083 3485 3148 ipsum-

233 3179 378 3235 κατὰ
426 3179 524 3247 τῆς
559 3178 796 3249 Χριστοῦ
842 3179 1155 3246 οἰκονομίας
1190 3177 1696 3244 ὲμπαροινήσαντα,
1733 3166 1807 3237 (3)-
1836 3201 1880 3263 C

1836 3201 1880 3263 ς
1912 3203 2019 3255 quc
2049 3185 2483 3239 crudelissimum
2529 3194 2814 3252 tyranuum
2840 3175 3046 3229 erroris
3093 3173 3306 3242 spiritui
3333 3187 3482 3225 man-

233 3271 504 3324 κειώσατο
534 3271 651 3340 μὲν,
687 3273 785 3340 τῆς
815 3269 868 3321 δὲ
898 3269 1089 3321 τούτου
1120 3267 1297 3337 λύμης
1326 3267 1386 3319 τὸ
1415 3266 1664 3334 ποίμνιον
1699 3263 1807 3316 διε-

234 3359 471 3414 σώσατο.

307 3544 404 3600 ις’.
429 3535 666 3598 Ταύταις
695 3539 813 3598 ταῖς
844 3536 1106 3605 τέσσαρσι
1134 3535 1481 3606 θεραπαινίσι
1511 3535 1611 3603 τῆς
1642 3535 1810 3596 ὅντως

233 3630 546 3697 ἐπιστήμης
578 3629 980 3699 προσομιλήσας
1009 3630 1342 3695 σαφέστατα,
1373 3629 1463 3680 ἐπὶ
1487 3628 1586 3696 τὴν
1605 3626 1809 3679 τούτων

231 3719 549 3780 δέσποιναν,
583 3721 679 3789 τὴν
713 3720 1033 3787 φιλοσοφίαν
1070 3720 1210 3788 φημὶ
1233 3758 1247 3783 ,
1283 3721 1376 3772 καὶ
1409 3719 1476 3771 τά
1505 3719 1708 3787 ταύτης
1753 3717 1810 3781 ἐξ

233 3813 454 3879 ἑτοίμου
503 3811 748 3864 ὲὸάδισεν
796 3811 1050 3873 ἀπλανῶς
1098 3811 1448 3880 θεωρήματα.
1497 3812 1654 3872 Τίνες
1701 3809 1810 3879 γὰρ

232 3906 348 3973 ὅροι
377 3905 581 3973 ταύτης
600 3904 692 3955 καὶ
725 3905 899 3966 πόσοι,
932 3903 1191 3964 ἐπιεικῶς
1218 3903 1584 3971 ὴκριὸώσατο,
1605 3903 1699 3956 καὶ
1728 3904 1811 3964 τίς

239 3994 442 4063 ἰδιότης
475 3993 686 4059 αὐτῶν,
740 3997 890 4056 ποῖος
919 3993 1225 4055 ὑπόκειται,
1259 3995 1352 4045 καὶ
1382 3994 1430 4046 τί
1469 3993 1529 4046 τό
1577 4011 1813 4064 κατηγο-

237 4086 526 4154 ρούμενον.
566 4085 841 4138 καὶτοῦτο
880 4085 985 4152 ἄρα
1018 4085 1160 4137 κατὰ
1191 4087 1411 4147 παντὸς,
1443 4086 1473 4156 ἢ
1508 4085 1739 4148 οὐδενὸς,
1776 4086 1808 4156 ἢ

233 4179 288 4228 ιν
323 4177 454 4244 ὅλῳ,
486 4176 580 4228 καὶ
609 4175 675 4229 τὰ
707 4177 887 4244 ὃμοια.
928 4176 991 4227 Τί
1030 4192 1159 4227 ποτε
1195 4176 1250 4228 δὲ
1281 4177 1347 4228 τὰ
1388 4178 1623 4244 στοιχεῖα
1665 4178 1809 4229 θέλει

230 4266 431 4335 δηλοῦν
457 4267 582 4336 παρ’
605 4269 807 4330 αὐτοῖς,
837 4268 927 4320 καὶ
951 4269 999 4319 el
1024 4267 1131 4320 τῶν
1157 4267 1400 4333 φυσικῶν
1419 4267 1809 4337 γεωμετρικῶν

230 4359 408 4410 ταῦτα
446 4359 605 4426 μόνον
636 4357 918 4426 ὁμώνυμα·
949 4360 1241 4428 προτάσεις
1269 4359 1324 4409 δὲ
1354 4359 1539 4423 πόσαι,
1572 4360 1664 4410 καὶ
1695 4357 1808 4421 πῶς

231 4451 692 4520 ἁντιστρέφουσι·
737 4450 819 4513 τίς
866 4452 1207 4518 ἀντιφάσεως
1250 4450 1510 4518 δύναμις·
1561 4450 1631 4502 τὰ
1674 4451 1810 4520 πρὸς

1918 3283 2151 3346 cipatum
2177 3288 2337 3340 atque
2363 3276 2622 3326 adu-rats
2646 3270 2846 3323 Christi
2876 3266 3141 3320 incarnali
3168 3264 3482 3332 mysterium

1913 3367 2336 3421 obstinatissime
2397 3363 2780 3422 insanientem,
2862 3357 3130 3421 delinivil,
3164 3365 3218 3408 et
3262 3356 3328 3406 ab
3363 3351 3492 3420 ejus

1916 3461 2001 3513 lue
2035 3459 2354 3511 incolumem
2380 3453 2719 3507 conservavit
2749 3465 2987 3519 gregem.

1986 3549 2071 3602 16.
2109 3549 2199 3601 llis
2225 3558 2401 3600 autem
2431 3554 2663 3613 quatuor
2686 3558 2826 3596 vera:
2853 3541 3096 3596 Scientitc
3117 3538 3336 3594 ancillis
3356 3553 3480 3590 cum

1912 3659 2129 3712 Operam
2157 3640 2624 3710 diligentissimam
2649 3638 2904 3700 dedisset,
2928 3636 2993 3688 ad
3027 3637 3196 3704 ipsam
3222 3634 3481 3699 deinceps-

1913 3737 2210 3797 dominam,
2235 3733 2624 3801 philosotthiam
2649 3746 2861 3798 nempe,
2886 3731 3108 3798 ejusque
3123 3738 3387 3798 prtecepta
3417 3742 3480 3780 ac

1913 3829 2335 3898 speculatioues,
2362 3827 2503 3879 facili
2531 3837 2788 3892 certoque
2822 3823 3086 3890 processit
3114 3821 3326 3873 itinere.
3352 3816 3483 3882 Qui-

1915 3935 2038 3972 nam
2071 3918 2214 3971 cnim
2246 3933 2307 3970 ac
2331 3916 2518 3985 quanti
2550 3917 2663 3980 ejus
2707 3914 2924 3966 termini
2959 3913 3090 3974 sint,
3125 3921 3375 3962 accurate
3407 3907 3481 3960 ri-

1913 4017 2115 4070 matus;
2157 4021 2400 4074 quzenam
2436 4008 2504 4058 sit
2549 4005 2757 4057 illorum
2790 4003 3125 4070 proprietas;
3163 4000 3286 4068 quis
3311 3995 3479 4062 subji-

1912 4096 2107 4158 ciatur,
2137 4095 2336 4162 quidve
2366 4096 2437 4146 sit
2471 4094 2844 4160 praedicatum,
2875 4098 2933 4142 ut
2958 4097 3174 4152 vocant,
3214 4096 3374 4154 atque
3426 4087 3477 4138 id

1911 4204 1976 4240 an
1998 4189 2060 4240 de
2081 4186 2224 4239 onmi
2253 4195 2345 4238 aut
2363 4185 2427 4238 de
2455 4183 2620 4242 nullo.
2639 4181 2719 4235 vel
2740 4183 2789 4233 in
2813 4190 3006 4242 totmn,
3029 4188 3083 4232 et
3107 4176 3320 4231 similia.
3339 4173 3479 4242 Quid

1911 4295 2037 4333 vero
2063 4279 2112 4330 iu
2149 4278 2230 4331 his
2264 4276 2366 4330 sibi
2393 4275 2555 4327 velint
2580 4273 2880 4338 elementa;
2921 4285 2984 4322 ac
3009 4285 3134 4321 nttm
3164 4269 3274 4322 sola
3302 4265 3479 4319 uomi-

1915 4374 1996 4425 nis
2027 4370 2404 4424 communione
2435 4383 2554 4420 cum
2588 4366 2654 4420 iis
2704 4365 3069 4427 consentiant,
3108 4377 3223 4428 qua:
3251 4359 3477 4428 Physica

1917 4471 2107 4515 vocant
2140 4476 2203 4514 ac
2237 4457 2631 4514 Gcometrica':
2663 4465 2792 4523 quot
2847 4441 3266 4522 propositiones,
3306 4462 3481 4517 quave

231 4540 693 4612 κατηγορούμενα
724 4541 779 4593 δὲ
807 4545 936 4604 troia.
955 4583 970 4606 ,
1001 4527 1416 4610 προσδιορισμοὶ
1445 4543 1498 4595 δὲ
1525 4543 1689 4606 τίνες,
1718 4544 1811 4594 καὶ
1846 4527 1886 4578 D

1809 4583 1811 4592 ι
1846 4527 1886 4578 D
1919 4555 2126 4608 ratione
2161 4559 2575 4612 convertantur;
2605 4562 2721 4617 qua:
2764 4547 2845 4600 vis
2876 4547 2947 4599 sit
2993 4543 3329 4612 negationis;
3365 4554 3483 4608 qua:

229 4633 373 4685 τίσιν
414 4633 673 4700 ἀναλογεῖ
703 4632 766 4684 τὸ
799 4636 918 4685 κατ’
947 4633 1187 4696 ἐκείνους
1219 4636 1472 4703 ἀόριστον
1493 4675 1506 4699 ,
1536 4635 1727 4703 τρόποι
1758 4635 1812 4686 δὲ

232 4725 393 4777 πόσοι
417 4725 528 4776 τῶν
554 4724 946 4792 συλλογισμῶν·
977 4727 1134 4776 ὁποῖα
1153 4725 1244 4777 καὶ
1272 4725 1415 4778 πόσα
1440 4725 1506 4777 τὰ
1537 4726 1635 4793 σχή
1647 4741 1810 4793 ματα·

234 4819 387 4878 ποῖος
424 4815 773 4882 ύποθετικὸς,
808 4819 955 4878 ποῖος
988 4817 1042 4868 δὲ
1075 4818 1458 4887 κατηγορικδς,
1493 4821 1586 4870 καὶ
1617 4819 1667 4870 τί
1697 4817 1812 4869 δια-

232 4909 484 4976 φέρουσι·
521 4909 611 4959 καὶ
648 4909 694 4959 εί
726 4909 992 4977 πάνταςή
1028 4909 1107 4970 είς
1137 4909 1395 4961 ἀδύνατον
1423 4909 1693 4978 ἀπαγωγὴ
1727 4909 1814 4978 βε-

232 4997 401 5049 ϐαιοῖ·
435 4997 582 5058 ὅπως
626 4997 682 5049 δὲ
717 4999 808 5048 καὶ
843 4999 1072 5059 ποσάκις
1099 4997 1271 5050 ταῦτα
1309 4999 1654 5066 κεράννυται,
1696 4998 1810 5057 πῶς

240 5087 676 5155 συμπεραίνεται
739 5089 832 5139 καὶ
889 5088 1212 5141 ἀναλύεται·
1260 5089 1341 5150 τίς
1396 5091 1807 5160 παραλογισμοῦ

237 5177 511 5240 σύνθεσις,
544 5179 626 5239 τίς
657 5179 971 5246 σοφιστικὸς
1000 5180 1090 5231 καὶ
1120 5180 1235 5240 πῶς
1262 5179 1464 5248 ψευδής
1488 5198 1544 5232 τε
1573 5180 1687 5249 ἅμα
1719 5182 1810 5232 καὶ

237 5270 495 5335 πιθανός·
561 5271 653 5320 καὶ
695 5264 804 5332 οἷος
839 5273 865 5322 6
906 5272 1355 5342 μονολήμματος·
1391 5275 1417 5324 ὁ
1451 5272 1700 5335 λεκτικὸς
1751 5275 1806 5325 δὲ

235 5360 386 5422 ὅπως
418 5361 764 5431 ἐνδεχόμενος
795 5364 1015 5429 συνάγει
1048 5365 1114 5416 τὰ
1142 5364 1346 5428 ἔνδοξα,
1377 5367 1470 5417 καὶ
1494 5365 1576 5426 τίς
1619 5367 1651 5435 ή
1685 5365 1807 5418 τού-

232 5470 344 5505 των
385 5455 650 5524 ἑπαγωγή
678 5473 692 5487 ·
728 5460 888 5509 ποίαν
928 5457 1172 5525 ἀνάγκην
1203 5457 1315 5526 ἔχει
1349 5459 1375 5510 6
1408 5457 1806 5521 άποδεικτικδς,

232 5546 297 5597 ικ
325 5545 436 5597 τῶν
467 5547 726 5614 χειρόνων
753 5547 1004 5617 θηρεύειν
1035 5548 1314 5618 ἀλήθειαν·
1347 5548 1414 5599 τὰ
1446 5549 1806 5620 προὸληματα

233 5635 290 5690 δὲ
315 5637 526 5690 τούτων
559 5638 736 5703 ὁποῖα,
768 5639 836 5692 τὰ
867 5640 1172 5711 ὸξιὼματα,
1195 5643 1260 5695 τὰ
1291 5642 1364 5705 ὡς
1390 5641 1446 5694 ἐν
1483 5641 1803 5712 ἀξιώμασιν·

302 5817 326 5850 ⁸
352 5816 507 5873 Galat
564 5833 634 5884 tv,
676 5819 763 5874 50.

1916 4644 2078 4697 verba
2109 4641 2488 4704 substantiva;
2520 4654 2638 4705 qua
2686 4636 3134 4700 circumstantiae,
3181 4649 3244 4687 ac
3286 4633 3487 4700 quibus

1914 4745 2061 4789 certa
2085 4733 2319 4801 quadam
2359 4732 2572 4784 ratione
2618 4728 3077 4798 proportioneque
3126 4725 3486 4794 respondeant

1915 4833 2055 4896 quod
2089 4827 2140 4878 in
2178 4825 2282 4877 illis
2305 4822 2645 4876 indefinitum
2671 4830 2752 4873 est
2774 4835 2787 4882 ;
2813 4829 2940 4887 quot
2973 4818 3116 4870 modi
3147 4816 3487 4887 rylltigisttto-

1919 4935 2068 4981 rum;
2111 4931 2230 4983 qua:
2266 4931 2327 4968 ac
2373 4923 2590 4982 quantae
2625 4911 2814 4980 figura:
2848 4928 2860 4964 :
2898 4911 3019 4979 quis
3082 4908 3486 4980 hypotheticns,

1916 5011 2036 5078 quis
2065 5005 2528 5078 syncalegoric’us.
2550 5005 2663 5056 sive
2693 5001 2922 5070 simplex
2954 5002 3048 5060 sit.
3106 5012 3161 5053 et
3212 5000 3483 5068 quomodo

1917 5103 2056 5153 alter
2087 5100 2154 5152 ab
2179 5099 2352 5151 altero
2392 5095 2804 5163 distinguatur;
2875 5109 3002 5147 num
3037 5094 3163 5145 item
3195 5105 3382 5144 omnes
3415 5104 3491 5142 re-

1918 5194 2205 5253 ductione,
2261 5204 2423 5256 quam
2480 5196 2708 5248 vocant,
2767 5187 2833 5238 ad
2886 5183 3216 5252 impossibile
3271 5181 3488 5250 probari

1917 5288 2127 5357 possint
2159 5302 2172 5336 :
2208 5282 2502 5351 quomodo,
2528 5295 2591 5334 ac
2623 5289 2753 5348 quot
2776 5279 2959 5333 modis.
2981 5278 3095 5331 haec
3127 5277 3486 5338 misceantur;

1918 5377 2186 5446 quomodo
2218 5373 2618 5427 concludantur
2649 5388 2713 5426 ac
2772 5370 3142 5435 resolvantur;
3183 5383 3300 5435 qua:
3333 5365 3486 5418 falla-

1917 5471 2016 5524 ciae
2045 5467 2389 5536 compositio,
2419 5465 2540 5532 quis
2569 5464 2916 5534 syllogismus
2941 5462 3290 5531 sophisticus,
3316 5470 3490 5524 quave

1920 5563 2132 5615 ratione
2182 5558 2343 5611 fallax
2383 5557 2546 5612 simul
2588 5566 2751 5626 atque
2797 5554 3092 5624 probabilis
3143 5553 3247 5615 sit;
3311 5547 3491 5617 qualis

1919 5671 2022 5711 una
2054 5661 2270 5707 constet
2295 5653 2687 5719 assumptione,
2725 5650 2992 5718 quomodo
3035 5653 3286 5713 acet-ptas
3323 5641 3489 5697 diale-
