4240 6438
684 412 756 482 59
1677 416 1739 477 S.
1775 415 2203 478 NICEPHORI
2235 416 2313 475 PA

2382 412 2749 474 RIARCHE
2793 410 2902 472 (ΣΡ.
3900 402 3974 469 60

686 526 864 584 ctleus
894 524 1240 597 syllogismus
1262 537 1324 582 es
1348 538 1468 596 qua:
1495 524 1749 581 videntur
1773 526 1998 597 verique
2021 528 2260 593 speciem
2298 538 2313 586 λ

2379 522 2505 593 ὓλην
2544 522 2600 576 δὲ
2631 523 2751 575 τίνα
2783 518 3150 590 λαμϐάνουσι,
3192 514 3369 587 μίξεις
3404 530 3465 568 τι
3494 513 3591 570 καὶ
3620 512 3969 585 συμπλοκάῗ’

688 616 894 675 habent
922 617 1236 682 concludat,
1266 625 1321 673 et
1361 630 1606 687 quasnam
1640 616 1835 671 horum
1882 617 1955 672 sit
1988 617 2265 680 reductio;

689 723 854 779 quam
888 710 1270 763 necessitatem
1300 709 1693 765 demonstratio
1717 710 1939 776 habeat,
1966 718 2024 763 ut
2053 725 2079 762 a
2114 709 2267 765 dete-

690 797 931 851 rioribus
955 805 1138 864 captet
1167 796 1486 863 veritatem;
1520 811 1641 866 qua:
1675 798 1865 852 borqu
1907 797 2267 866 problemata,

690 901 810 956 quae
831 887 1128 953 axiomata,
1148 903 1269 956 quae
1292 888 1582 945 axiomatis
1595 890 1790 945 similia
1809 906 1824 953 ;
1845 906 2089 957 quaenam
2106 901 2272 945 mate-

691 978 852 1042 riam,
870 978 1153 1033 mistiones
1174 994 1236 1034 ac
1254 980 1663 1050 complexiones
1683 982 1948 1047 recipiant
1974 999 1988 1047 ;
2016 998 2266 1051 quamam

690 1070 863 1139 prima
894 1071 1239 1140 physicorum
1276 1072 1542 1143 principia
1586 1074 1664 1128 sic
1690 1074 2133 1129 utdcmonsttari
2169 1090 2273 1128 non

691 1162 899 1229 possint
922 1182 935 1218 :
955 1178 1076 1232 quae
1106 1162 1264 1230 quies
1294 1163 1364 1217 sit
1386 1180 1401 1228 ;
1423 1174 1555 1232 quot
1583 1166 1760 1220 modis
1788 1166 2005 1219 dicatur
2034 1168 2175 1222 idem
2209 1182 2273 1221 ac

692 1254 999 1320 diversum;
1036 1254 1149 1319 ubi,
1190 1255 1258 1309 ad
1286 1256 1435 1325 quid,
1469 1258 1762 1325 quomodo,
1806 1259 2047 1328 quando,
2093 1259 2271 1312 conti-

696 1356 905 1397 nuusve
937 1344 1333 1412 principiorum
1365 1360 1677 1414 processus,
1704 1361 1771 1399 an
1796 1360 1927 1400 vero
1958 1345 2275 1399 noutermi-

694 1437 854 1486 netur
903 1434 970 1486 ad
1028 1435 1384 1499 continuum;
1435 1436 1558 1504 quis
1590 1444 1789 1499 motor,
1828 1451 1948 1502 quae
1984 1435 2065 1488 vis
2113 1448 2275 1501 orga-

695 1522 839 1589 nica,
862 1538 983 1591 quaa
1004 1525 1083 1577 vis
1111 1524 1394 1594 genitalis;
1423 1525 1549 1593 quid
1575 1525 1859 1594 praevium,
1884 1526 2013 1593 quid
2042 1526 2094 1579 id
2131 1525 2273 1594 quod

693 1614 950 1669 eductum
975 1625 1080 1678 est,
1122 1625 1178 1670 et
1202 1631 1309 1685 quo
1338 1619 1514 1672 medio
1539 1634 1553 1683 ;
1579 1634 1686 1687 quo
1713 1618 1841 1685 quid
1875 1627 2082 1687 vergat,
2118 1633 2279 1687 spon-

2376 613 2520 677 τίνες
2549 630 2608 666 τε
2642 612 2856 681 πρῶται
2888 611 2997 664 τῶν
3040 608 3287 679 φυσικῶν
3325 606 3494 679 ἀρχαὶ
3537 606 3633 659 καὶ⁸
3679 604 3799 669 πῶς
3838 606 3975 658 ἀνα.

2378 705 2671 767 πόδεικτοι·
2699 704 2832 774 τίςή
2857 703 3047 765 στάσις
3065 743 3079 765 ,
3105 702 3138 772 ἡ
3167 699 3437 770 ταυτότης
3458 699 3516 752 δὲ
3542 696 3821 767 ποσαχῶς,
3850 697 3976 749 ἐτε-

2381 798 2546 871 ρότης
2577 800 2633 852 δὲ
2662 798 2790 861 ποῦ,
2823 796 3082 868 καὶπρὸς
3108 794 3161 847 τί
3194 795 3289 847 καὶ
3317 792 3458 854 πῶς,
3495 792 3588 845 καὶ
3638 790 3770 842 πότε
3799 806 3815 822 ·
3846 802 3976 840 συν-

2376 889 2510 959 εχὴς
2537 890 2594 942 δὲ
2616 885 2726 959 ἆρα
2756 889 2864 942 τῶν
2888 887 3076 958 ἀρχῶν
3105 888 3139 956 ἡ
3170 884 3420 955 πρόοδος,
3455 884 3549 935 καὶ
3579 880 3717 952 πρὸς
3750 879 3813 932 τδ
3842 894 3968 932 συνο

2378 978 2499 1047 εχὲς
2517 978 2615 1047 οὐχ
2643 976 2911 1047 ὁρίζεται·
2943 975 3076 1037 τίςὸ
3101 975 3357 1043 κινήσας,
3391 973 3544 1024 ποῖον
3572 969 3891 1038 ὀργανικὸν,
3918 967 3972 1019 τί

2382 1068 2443 1121 τὸ
2477 1068 2721 1138 γόνιμον·
2756 1068 2815 1120 τὸ
2843 1066 3204 1138 προοδεῦσαν,
3235 1066 3330 1119 καὶ
3357 1065 3509 1116 ποῖον
3541 1059 3972 1131 ἐκπυρηνισθὲν,

2384 1161 2477 1213 καὶ
2523 1159 2615 1213 διὰ
2648 1160 2829 1222 τίνος,
2868 1159 2963 1212 καί⁵
2998 1159 3127 1228 περὶ
3170 1157 3224 1210 τί
3271 1155 3520 1209 συννεύει
3559 1153 3703 1208 κατὰ
3734 1152 3971 1223 αἵρεσιν,

2380 1251 2521 1307 κατὰ
2553 1250 2673 1321 βίαν
2700 1250 2757 1304 δὲ
2779 1247 2889 1320 ἄρα
2909 1266 2922 1280 ⁸
2955 1251 3007 1304 τί
3038 1251 3101 1303 τὸ
3125 1248 3467 1319 συγκρατοῖω
3505 1246 3605 1308 τὶς
3638 1246 3932 1314 ποιότητας
3954 1259 3972 1275 ο

2380 1342 2444 1395 ὲκ
2484 1340 2641 1403 ποίας
2673 1340 2731 1392 δὲ
2774 1340 2950 1393 ταῦτά
2998 1356 3162 1407 φασιν
3196 1341 3395 1391 ἐκείνοι
3426 1338 3763 1407 στερήσεως,
3809 1336 3903 1389 καί⁵
3934 1336 3969 1404 ἠ

2382 1435 2446 1485 ὲκ
2476 1432 2568 1486 τοῦ
2607 1433 2828 1503 μηδαμῆ
2861 1432 3129 1503 μηδαμῶς
3155 1448 3169 1463 ο
3205 1433 3300 1485 καὶ
3333 1432 3485 1494 ὅπως
3511 1433 3593 1493 είς
3626 1431 3844 1497 γένεσιν
3876 1427 3973 1481 καὶ

2383 1526 2640 1578 ούσίωσιν
2669 1524 2727 1588 ἐξ
2759 1526 3021 1577 ἐναντίων
3053 1523 3363 1586 ἐλαύνεται,
3392 1524 3541 1585 ὅπως
3571 1522 3629 1575 δὲ
3657 1523 3819 1577 πάλιν
3850 1523 3969 1584 τοῖς

2388 1618 2651 1679 ἐναντίοις
2687 1615 3015 1684 ἀφανίζεται
3052 1616 3148 1669 καὶ
3188 1614 3610 1685 συμφοείρεται.

696 1710 819 1759 tene
852 1720 919 1759 an
971 1707 1267 1761 violentia?
1317 1707 1444 1775 quid
1497 1711 1790 1778 qualitates
1847 1711 2143 1773 contineat,
2197 1724 2265 1764 ex
2305 1722 2542 1777 quanam
2576 1708 2688 1761 Ιιιιιο
2757 1722 2881 1759 esse
2909 1708 3217 1775 privatione
3283 1707 3556 1768 dicantur,
3604 1715 3660 1760 et
3690 1719 3755 1758 an
3790 1719 3853 1757 ex
3881 1701 3971 1756 ui-

695 1797 809 1853 hilo
860 1813 1093 1868 prorsus»
1147 1803 1282 1857 nihil
1340 1803 1471 1867 (lat;
1524 1817 1644 1872 qua:
1707 1814 1762 1857 et
1820 1808 2092 1873 quomodo
2132 1820 2195 1858 ex
2263 1802 2556 1857 contrariis
2617 1813 2795 1857 ortum
2864 1803 3101 1856 habeant
3191 1817 3255 1856 ac
3320 1802 3657 1867 essentiam;
3718 1812 3773 1856 et
3831 1816 3968 1870 quo-

692 1893 857 1947 modo
886 1894 1084 1948 iterum
1132 1890 1425 1953 contrariis
1455 1897 1806 1953 destruantur
1835 1901 2150 1968 pariterque
2188 1899 2482 1953 intereant.

765 1984 855 2040 17.
898 1984 1022 2042 llaec
1053 1997 1218 2058 atque
1261 1991 1376 2058 ejus
1427 1994 1643 2059 generis
1690 1992 1816 2058 aha,
1859 1993 2040 2064 sagaci
2087 2002 2270 2047 mente
2305 2000 2345 2054 Β

692 2090 1013 2146 summaque
1040 2081 1343 2152 vigilantia,
1380 2085 1558 2150 quoad
1584 2083 1764 2147 licuit,
1804 2086 2054 2146 rimatus,
2088 2096 2275 2140 extre-

695 2169 906 2239 misque
926 2171 1093 2227 labris
1112 2187 1299 2227 eorum
1321 2174 1556 2227 utilitate
1575 2185 1813 2245 gustata,
1835 2176 2271 2231 laudatissimnm

694 2260 910 2315 colebat
932 2261 1232 2329 silentium,
1254 2266 1416 2333 inque
1434 2266 1633 2319 ccelum
1663 2268 2059 2323 subvcltentem
2082 2284 2275 2323 sensus

694 2354 1147 2434 modestiam,_id
1198 2368 1303 2419 est,
1363 2358 1722 2414 humilitatem
1781 2361 2096 2415 exhibebat.
2164 2360 2273 2414 Viti

694 2446 843 2499 enim
870 2445 1112 2515 perfecta
1134 2448 1360 2503 scientia
1385 2458 1490 2513 est,
1521 2461 1579 2504 ut
1602 2452 1739 2521 grati
1772 2452 1939 2505 animi
1971 2467 2128 2508 sensu
2154 2466 2279 2522 per-

697 2536 896 2593 fectam
927 2540 1296 2609 cognitionem
1353 2544 1464 2597 Deo
1504 2544 1767 2606 ascribat,
1802 2544 2054 2612 sciatque
2084 2559 2142 2599 se
2172 2545 2275 2598 mi-

696 2628 847 2685 nime
875 2646 962 2685 res
983 2633 1485 2700 comprehendisse,
1504 2645 1563 2688 ut
1590 2634 1694 2689 illa:
1716 2646 1843 2690 sunt
1870 2638 2171 2691 secundum
2200 2652 2279 2692 es-

696 2715 954 2773 sentiam.
995 2718 1086 2773 Sic
1130 2718 1328 2774 indolis
1379 2723 1425 2774 vi
1470 2723 1751 2793 animique
1799 2726 2165 2794 prOpensione
2213 2743 2277 2783 ac

697 2807 895 2862 divina?
914 2825 1018 2875 Ope
1050 2814 1239 2881 gratia:
1270 2812 1682 2881 disciplinarum
1706 2817 1995 2870 scientiam
2030 2820 2276 2887 adeptus,

695 2899 834 2955 nihil
871 2903 1052 2957 minus
1081 2904 1147 2957 ad
1182 2920 1342 2959 veras
1387 2909 1617 2961 virtutes
1664 2910 1892 2975 gradum
1928 2908 2110 2965 facere
2142 2928 2278 2967 con-

698 2993 974 3048 tendebat.
1012 2993 1166 3055 Haud
1202 2997 1348 3051 enim
1380 3013 1535 3051 suam
1570 3000 1627 3054 in
1665 3001 1771 3055 illis
1802 3005 2087 3070 probatam
2148 3022 2280 3076 ope-

700 3098 838 3148 ram,
872 3084 976 3139 sibi
1006 3087 1072 3140 ad
1102 3087 1350 3140 virtutem
1373 3089 1713 3146 incommodo
1756 3092 1873 3148 fore
1914 3097 2276 3164 existimavit;

701 3175 831 3243 quin
861 3184 983 3245 apta
1009 3177 1093 3231 via
1124 3178 1373 3246 serieque
1404 3195 1557 3245 usus,
1585 3198 1780 3253 magno
1803 3199 1921 3238 sese
1951 3187 2018 3239 ad
2054 3198 2282 3258 utraque

699 3267 1032 3321 extendebat
1056 3265 1326 3337 proiectu,
1362 3270 1415 3324 in
1438 3272 1685 3343 utrisque
1712 3274 2101 3343 perfectionem
2130 3295 2282 3334 sum-

702 3370 845 3410 mam
882 3358 1134 3426 adeptus.

778 3446 868 3503 l8.
911 3449 1273 3505 Abstinentiae
1301 3460 1357 3508 et
1399 3453 1645 3509 ciborum
1678 3456 1928 3525 parritati
1960 3459 2275 3515 castitatem

706 3550 916 3595 natura:
945 3543 1280 3597 contrariam
1308 3544 1547 3611 socians,
1577 3545 1861 3601 eli'renium
1893 3549 2174 3604 libidinum
2201 3551 2286 3606 iu-

703 3640 987 3701 grueutetn
1020 3634 1229 3689 ventris
1253 3636 1517 3692 umbilico
1537 3649 1802 3693 tumorem
1823 3640 2131 3696 collidebat.
2155 3641 2285 3697 0m-

704 3724 759 3777 ni
784 3722 855 3779 ab
880 3722 959 3777 ira
985 3720 1235 3780 sedatum
1264 3727 1507 3782 animum
1544 3730 1728 3785 inuata
1759 3732 2012 3787 obtinens
2038 3733 2282 3802 lenitate,

703 3815 919 3872 cunctis
952 3830 1012 3872 se
1052 3816 1315 3874 blandum
1349 3831 1514 3889 atque
1560 3836 1782 3877 suavem
1811 3825 2125 3891 exhibebat,
2164 3828 2285 3881 vul-

707 3919 792 3965 tus
822 3908 1073 3963 iracundi
1123 3911 1308 3979 specie
1342 3912 1652 3988 proﬂigata.
1683 3913 1799 3969 Non
1832 3917 1980 3971 enim
2024 3918 2096 3972 illi
2134 3919 2287 3973 furor

699 4001 1004 4057 secundum
1058 4002 1469 4060 similitudinem
1528 4008 1836 4075 serpentis;
1888 4010 1941 4063 itt
1990 4012 2284 4066 draconem

703 4100 942 4158 tantum,
966 4097 1059 4163 qui
1091 4094 1239 4149 solus
1266 4096 1423 4151 nobis
1456 4097 1627 4151 ruinae
1658 4109 1850 4154 auctor
1880 4102 2112 4169 exstitit,
2143 4113 2285 4157 totus

704 4183 1003 4239 ferebatur.
1035 4185 1395 4241 Pecuniarum
1454 4190 1849 4261 contemptum,
1901 4209 2006 4264 quo
2038 4197 2105 4249 ad
2162 4198 2285 4252 vita:

701 4273 965 4343 spiritalis
1026 4279 1350 4347 compendia
1408 4278 1661 4335 homines
1720 4294 2123 4354 praeparantur,
2178 4304 2282 4341 non

704 4380 859 4419 more
885 4365 1074 4436 Cynici
1114 4368 1257 4423 illius
1294 4371 1597 4441 pbil050pbi
1654 4376 1984 4431 recondebat
2016 4378 2070 4431 in
2104 4379 2282 4446 dolio;

702 4456 799 4511 sed
825 4455 941 4526 jugi
991 4458 1044 4511 in
1072 4472 1337 4527 pauperes
1363 4466 1701 4537 erogatione,
1735 4468 2072 4523 monstrabat
2102 4472 2287 4525 animo
2326 4476 2333 4481 '

706 4547 885 4602 latiori
932 4564 991 4603 se
1022 4552 1281 4618 pecunias
1326 4567 1606 4622 spernere,
1637 4566 1713 4637 ‘et
1753 4572 1873 4612 eam
1905 4575 2009 4629 qua
2045 4561 2148 4616 illa:
2184 4580 2284 4633 pa-
2320 4611 2324 4617 .

707 4647 900 4694 rantur
935 4638 1075 4693 viam
1109 4640 1404 4697 declinare.
1430 4643 1746 4716 Opportune
1777 4650 1923 4703 enim
1958 4666 2076 4705 eam
2122 4655 2284 4708 virtu-

708 4731 783 4784 tis
811 4731 1039 4798 adeptus
1092 4748 1383 4799 summam,
1422 4745 1481 4789 ut
1514 4740 1898 4810 ostentationis
1938 4744 2113 4812 gratia
2146 4746 2285 4800 nibil

706 4821 932 4889 faceret,
967 4838 1142 4892 eaque
1173 4836 1325 4893 parte
1360 4829 2137 4902 conscientiaimperturbata
2171 4839 2288 4905 pol-

708 4915 847 4980 iens,
907 4931 1014 4971 non
1064 4920 1226 4972 modo
1271 4913 1561 4976 dexteram
1601 4922 1669 4976 ad
1723 4910 2084 4992 eleemOSyuae
2123 4943 2287 4996 opera

708 5008 1037 5072 instruebat,
1072 5010 1166 5062 sed
1196 5012 1361 5065 etiam
1394 5014 1631 5070 sinistrae
1678 5014 1795 5084 ejus
1829 5008 2071 5071 notitiam
2094 5008 2284 5073 'titten-

708 5114 793 5157 ter
814 5104 1219 5159 concredebat:
1263 5105 1463 5175 quippe
1498 5107 1589 5174 qui
1636 5118 1709 5179 eo
1741 5122 1802 5161 se
1831 5094 2193 5177 provexisset,
2227 5119 2285 5165 ut

686 5180 1033 5251 insatiabilis
1063 5186 1224 5264 hujus
1246 5191 1588 5277 aegritudinis
1610 5196 1839 5255 ,aﬂ’ectio'
1862 5198 2003 5253 nulla
2025 5200 2282 5254 titillaret

685 5298 974 5340 animum.
1209 5309 1214 5315 ”
1662 5356 1670 5359 Ἴ
1767 5331 1769 5333 ,

721 5432 725 5439 ,
780 5376 869 5431 19.
909 5377 1276 5456 Quamobrem
1324 5380 1623 5434 secundum
1653 5379 1948 5462 violentam
1990 5382 2284 5461 imperato-

708 5485 828 5527 rttm
849 5470 1157 5539 jussionem
1194 5473 1413 5528 maximi
1445 5473 1589 5545 regia
1618 5472 1678 5547 in
1715 5458 2161 5553 urbeihospitaiis
2194 5490 2287 5530 cu-

709 5574 947 5619 ratorem
982 5581 1143 5636 agere
1176 5581 1298 5622 eum
1336 5567 1519 5621 divina
1571 5552 1744 5636 gratia
1779 5552 1988 5640 voluit,
2028 5558 2193 5622 utea
2230 5582 2289 5623 re

712 5655 1067 5735 seiunctione
1084 5660 1257 5729 ipsum
1285 5646 1656 5730 praepararet;
1675 5660 1784 5725 cui,
1810 5667 1869 5713 ut
1890 5659 2061 5713 verbo
2081 5658 2285 5722 dicam,

712 5747 973 5816 peculiari
1007 5750 1237 5820 quadam
1280 5750 1753 5809 administratione
1783 5751 2066 5805 catholicae
2098 5750 2288 5806 Eccle-

717 5841 817 5900 sia:
831 5842 1287 5913 gubernationem
1315 5850 1432 5900 crat
1462 5838 1895 5901 concrediturtns.
1926 5840 2123 5899 Verum
2151 5843 2288 5911 hac,

2448 1988 2532 2053 ιζ’.
2574 1988 2759 2044 Ταῦτα
2794 1991 2890 2043 καὶ
2920 1988 3150 2042 τοιαῦτα
3205 1981 3451 2060 προσοχῇ
3503 1988 3623 2053 νοὸς
3667 1990 3763 2043 καί
3808 1987 3973 2058 vigilet

2375 2082 2558 2154 τελείᾳ
2589 2084 2731 2136 κατὰ
2758 2082 2821 2134 τὸ
2871 2082 3098 2134 δυνατὸν
3143 2081 3404 2144 ἐξετάσας
3425 2122 3439 2146 ,
3475 2082 3572 2133 καὶ
3623 2080 3724 2150 τῆς
3758 2080 3973 2133 τούτων

2377 2174 2642 2242 ὡφελείας
2672 2176 2824 2243 ἄκρῳ
2857 2173 3109 2242 δακτύλῳ
3139 2173 3489 2240 γευσάμενος
3518 2172 3859 2240 ἐφιλοσόφει,
3885 2188 3973 2224 σι-

2376 2265 2482 2334 γήν
2506 2282 2565 2319 τε
2596 2264 3001 2333 πολυΰμνητον,
3039 2264 3132 2315 καί
3168 2262 3304 2332 πρὸς
3338 2261 3570 2332 οὐρανὸν
3604 2260 3846 2330 ύψοῦσαν
3875 2276 3974 2314 τα-

2378 2354 2637 2409 πείνωσιν
2667 2355 3038 2408 ἐπεδείκνυτο.
3069 2354 3263 2407 Τελεία
3289 2353 3399 2421 γὰρ
3428 2352 3631 2421 γνῶσις
3666 2352 3881 2423 ἀνδρὸς,
3912 2352 3975 2404 τὸ

2376 2446 2475 2515 τὴν
2525 2447 2736 2499 τελείαν
2787 2446 3094 2516 κατάληψιν
3144 2444 3487 2515 εὐχαρίστως
3535 2444 3845 2497 ἀποδιδόναι
3894 2445 3975 2515 τῷ

2379 2538 2698 2608 Κρείττονι,
2726 2540 2822 2592 καὶ
2849 2538 3165 2607 γινώσκειν,
3201 2540 3283 2591 ὅτι
3316 2538 3387 2590 τὰ
3430 2537 3504 2608 μὴ
3540 2538 3692 2600 ὅντα,
3726 2537 3802 2599 ὡς
3832 2538 3975 2590 αύτὰ

2380 2632 2502 2682 κατ’
2530 2630 2722 2683 οὐσίαν
2754 2631 2894 2694 ἐστὶ,
2933 2629 3289 2698 κατείληφεν.
3316 2628 3474 2681 υῦτω
3496 2627 3713 2696 φύσεως
3741 2628 3973 2698 δυνάμει

2380 2720 2475 2773 καὶ
2513 2721 2739 2790 γνώμης
2770 2720 3026 2790 βουλήσει
3053 2760 3068 2785 ,
3101 2722 3196 2773 καὶ
3227 2720 3448 2791 χάριτος
3491 2720 3771 2773 ἐπινεύσει
3819 2720 3974 2783 Θείας

2382 2813 2438 2864 ὲν
2471 2802 2762 2881 περιλήψει
2794 2809 2901 2863 τῶν
2938 2809 3277 2879 μαθημάτων
3309 2809 3623 2877 γενόμενος,
3663 2810 3800 2880 ape;
3853 2810 3975 2862 ἐπί-

2384 2902 2541 2955 ϐασιν
2580 2902 2689 2955 τῶν
2717 2901 2879 2955 θείων
2901 2901 3116 2968 ἀρετῶν
3139 2901 3236 2969 οὐχ
3262 2894 3429 2971 ἦττον
3459 2901 3719 2971 ὑπήγετο.
3758 2900 3833 2952 Οὐ
3864 2900 3975 2970 γὰρ

2383 2996 2565 3068 ἔκρινε
2597 2995 2657 3049 τὸ
2687 2999 2743 3050 ὲν
2778 2994 3011 3058 ἐκείνοις
3050 2994 3371 3062 εὐδόκιμον,
3419 2993 3556 3062 πρὸς
3596 2992 3799 3063 ἀρετὴν
3824 2991 3975 3059 αὐτῷ

2382 3088 2636 3156 γενέσθαι
2683 3087 2966 3158 ἐμπόδιον
3020 3086 3135 3140 ἀλλ⁴
3176 3085 3280 3155 ὁδῷ
3324 3084 3646 3155 καταλλήλῳ
3681 3086 3777 3138 καὶ
3819 3084 3975 3148 ne"

2383 3185 2754 3253 χρησάμενος,
2788 3184 2906 3243 ταῖς
2931 3182 3016 3234 ἐπ’
3046 3182 3215 3250 ἄμφω
3246 3181 3556 3247 προκοπαῖς
3591 3180 3973 3246 ὲπεκτείνετο,

2385 3274 2480 3328 καὶ
2506 3275 2645 3342 πρὸς
2676 3274 2775 3345 τὴν
2807 3273 3078 3343 ἑκατέρας
3107 3271 3313 3341 ἔφθασε
3344 3270 3687 3341 τελειότητα.

2463 3450 2553 3520 ιη’.
2609 3448 2972 3519 Σωφροσύνην
3005 3450 3102 3518 μὲν
3144 3449 3243 3519 τὴν
3272 3448 3373 3520 τῆς
3414 3447 3631 3518 φύσεως
3683 3448 3977 3517 ἀντίφυτον

2390 3545 2458 3598 δι’
2496 3545 2851 3616 ὀλιγαρκείας
2880 3546 2975 3597 καὶ
3026 3545 3401 3616 συγκρατείας
3444 3543 3696 3613 σύνοικον
3741 3545 3977 3615 ποιησά·

2393 3652 2576 3706 μενος,
2605 3616 2706 3690 και
2730 3631 2801 3690 τὰ
2826 3637 2934 3688 τῶν
2969 3637 3056 3690 ἐπ’
3106 3634 3357 3704 όμψαλοῠ
3389 3634 3625 3703 γαστρὸς
3643 3635 3978 3704 -ὲπιτιθεμέ-

2389 3745 2496 3781 νων
2522 3727 2843 3781 ἀκαθέκτων
2870 3726 3058 3780 παθῶν
3080 3725 3470 3779 ἅπολεπτύνων
3495 3726 3610 3794 οίδή
3621 3742 3767 3795 ματα
3788 3764 3804 3789 ,
3847 3727 3977 3797 ἀορ-

2389 3818 2586 3888 γησίαν
2610 3818 2667 3870 δὲ
2695 3812 2761 3888 τῇ
2792 3819 3021 3889 ὲμςρύτῳ
3040 3818 3309 3888 πραότητι
3339 3820 3853 3887 προσκτησάμενος,
3877 3819 3975 3872 κα¹ι

2388 3908 2509 3962 ὅλον
2543 3908 2731 3962 ἑαυτὸν
2759 3909 3104 3982 ἐμπαρέχων,
3139 3910 3251 3970 τοῖς
3283 3891 3735 3977 πᾶσιμειλίχιον,
3784 3908 3845 3961 τὸ
3875 3908 3979 3978 τῆς

2389 4002 2560 4072 ὀργῆς
2581 4000 2819 4072 εἰδεχθὲς
2845 4000 3190 4073 ἀπεῤῥάπιζε
3222 4000 3540 4070 πρόσωπον.
3574 3999 3632 4051 ὐ
3663 3999 3774 4068 γὰρ
3803 3998 3976 4069 θυμὸς

2389 4094 2449 4146 ού
2483 4094 2625 4147 κατὰ
2666 4094 2767 4164 τὴν
2812 4093 2905 4146 τοῦ
2958 4093 3138 4161 δφεως
3185 4093 3485 4163 ὁμοιότητα
3538 4092 3750 4161 προσῆν
3792 4090 3973 4162 αὐτῷ,
4037 4085 4047 4087 “

2391 4182 2533 4237 κατὰ
2561 4183 2721 4254 μόνου
2752 4185 2809 4237 δὲ
2854 4185 2951 4254 τὴν
2985 4183 3194 4236 πτῶσιν
3231 4185 3363 4253 ἡμῖν
3396 4182 3814 4257 προξενίσαντος
3846 4181 3979 4254 δρά-

2390 4292 2577 4339 κοντος
2594 4274 2937 4339 ἐπετείνετο.
2993 4273 3423 4344 Ἀφιλαργυρίαν
3454 4273 3510 4326 δὲ
3533 4314 3548 4337 ,
3583 4273 3682 4342 τὴν
3713 4272 3851 4344 πρὸς
3875 4275 3977 4329 ἀῦ-

2389 4363 2509 4417 λίαν
2536 4365 2629 4416 τὸν
2656 4363 2946 4435 ἄνθρωπον
2973 4364 3400 4431 ὲπαλείφουσαν,
3424 4364 3527 4415 οὐκ
3556 4364 3614 4415 ὲν
3660 4364 3802 4433 πίθῳ
3835 4364 3978 4417 κατὰ

2389 4455 2481 4507 τὸν
2510 4454 2750 4507 Κυνικὸν
2800 4456 3013 4507 ἐκεῖνον
3066 4453 3361 4521 φιλόσοφον
3395 4452 3779 4524 ἑθησαύριζενο
3918 4454 3991 4530 δὲΒ

2392 4545 2528 4613 πρὸς
2558 4545 2685 4607 τοὺς
2710 4546 2955 4614 πένητας
2982 4544 3197 4615 ἀεννάῳ
3230 4545 3470 4614 χορηγίᾳ
3499 4544 3790 4606 διαπαντὸς
3836 4546 3978 4597 πλα-

2391 4637 2706 4707 τυνόμενος,
2731 4638 3033 4709 χρημάτων
3054 4638 3401 4705 κατεφρόνει,
3423 4637 3518 4689 καὶ
3543 4635 3639 4707 τὴν
3668 4636 3803 4705 πρὸς
3835 4636 3978 4690 αὐτὰ

2392 4718 2663 4798 φέρουσαν
2693 4728 2812 4781 ὁδὸν
2842 4727 3187 4799 ἐξετρέπετο.
3222 4728 3295 4780 Τὸ
3325 4727 3434 4797 γὰρ
3465 4730 3536 4796 μή
3565 4743 3619 4779 τι
3650 4729 3826 4779 ποιεῖν
3853 4726 3981 4779 κατ⁹μ

2388 4819 2646 4885 ἐπίδειξιν
2679 4821 2950 4889 εὐκαίρως
2969 4804 3342 4892 φιλοσοφήσας
3370 4821 3463 4871 καὶ
3493 4820 3553 4871 τὸ
3586 4819 3825 4881 συνειδὸς
3856 4818 3981 4872 ἀθό-

2336 4952 2339 4953 ν
2386 4914 2554 4966 λωτον
2591 4915 2647 4966 ὲν
2696 4906 2870 4982 τούτῳ
2906 4912 3282 4982 κτησάμενος,
3333 4910 3395 4963 ού
3445 4911 3605 4980 μόνον
3629 4911 3746 4988 ..τὴν
3792 4910 3978 4974 δεξιὰν

2385 5005 2525 5076 πρὸς
2563 5003 2937 5075 ἐλεημοσύνην
2964 5001 3330 5081 καθώπλιζεν,
3360 5001 3495 5071 ἀλλᾲ
3525 5002 3619 5053 καὶ
3641 5000 3740 5081 τὴν
3767 5001 3978 5066 ταύτης

2384 5092 2686 5173 γνῶσιντῇ
2713 5094 2980 5165 ἀριστερᾷ
3012 5088 3482 5163 προσεθάρῤησεν.
3517 5091 3593 5154 ὠς
3624 5093 3703 5153 εἰς
3730 5090 3972 5169 παντελῆ

2392 5188 2662 5241 ἀπάθειαν
2690 5186 2783 5240 τοῦ
2807 5185 3106 5256 ἁκορέστού
3140 5182 3295 5236 τοῦδε
3334 5177 3537 5250 φθάσαι
3570 5183 3915 5267 νοσήματος..

2469 5379 2553 5433 ιθ’.
2592 5362 2755 5432 Ὅθεν
2780 5378 2874 5431 καὶ
2898 5377 2991 5431 τοῦ
3018 5375 3274 5448 μεγίστου
3292 5377 3563 5445 πτωχείου
3588 5375 3697 5427 τῶν
3712 5375 3853 5430 κατὰ

2398 5471 2645 5542 βασιλίδα
2683 5469 3076 5541 ἐπιτροπεύειν
3136 5469 3425 5539 προτροπῇ
3483 5466 3636 5538 βιαία
3671 5466 3792 5519 ’τῶν
3834 5485 3973 5538 κρα-

2392 5560 2627 5615 τούντων
2661 5562 2691 5629 ὴ
2736 5561 2896 5631 χάρις
2927 5559 3130 5629 ὴξίωσε
3153 5600 3167 5625 ,
3204 5558 3716 5629 προευτρεπίζουσα
3762 5556 3975 5627 τούτῳ,

2396 5654 2634 5716 καὶ,ιὼς
2673 5653 2802 5716 ἔπος
2850 5650 3049 5713 ειπεῖν,
3085 5650 3471 5721 ὲγχειρίζουσα
3533 5648 3598 5721 τῇ
3642 5652 3845 5721 μερικῇ
3889 5651 3975 5705 δι-

2396 5743 2648 5814 εξαγωγῇ
2677 5743 2772 5813 τὴν
2808 5743 2902 5813 τῆς
2924 5741 3218 5811 καθολικῆς
3254 5741 3582 5811 Ἐκκλησίας
3615 5740 3972 5811 κυϐέρνησιν.

2410 5836 2568 5896 Ἀλλὰ
2622 5836 2721 5908 μὲν
2763 5834 2931 5889 ταῦτα
2961 5835 3056 5889 καὶ
3107 5831 3471 5905 περὶτούτων
3500 5830 3974 5903 καθιστορούντων
