4240 6438
239 407 302 477 81
1754 436 1953 498 VITA.
3422 451 3494 515 62

233 524 555 632 gramm-oi;
585 534 644 587 ιν
679 534 840 608 ερωτι
867 539 961 594 καὶ
993 540 1142 613 πόθῳ
1169 544 1238 598 τὰ
1272 545 1483 598 ἐκείνου
1504 590 1517 612 ,
1558 549 1815 620 μελίττης
1845 564 1888 617 Α

1845 564 1888 617 Α
1920 553 2093 621 deque
2136 552 2222 608 bis
2252 556 2550 625 scriptores
2584 559 2714 628 alii,
2756 563 2851 632 qui
2882 579 3069 621 amore
3100 579 3168 621 ac
3198 565 3491 632 desiderio,

231 617 409 711 δίκην,
433 621 510 684 ὡς
534 625 599 677 ὲκ
624 627 960 694 πολυανθοῦς
994 632 1257 702 ροδωνιᾶς
1299 637 1645 705 ἐρανίζεσθαι
1680 617 1814 711 προ-

229 709 550 802 τερήματα,
592 717 688 770 καὶ
717 720 854 789 πρὸς
887 722 1077 791 κηρίον
1110 725 1444 797 γλυκύτητα,
1474 729 1639 799 ζήλου
1670 709 1813 802 φημὶ

231 794 403 891 θείου,
423 802 523 871 τὴν
546 805 751 860 τούτων
780 808 1014 876 λογικῶς
1038 815 1504 887 ἁποθησαυρίζειν
1523 822 1807 891 ποιότητα.

230 882 399 983 οἶμαι
434 894 541 965 γὰρ
577 896 652 960 ὡς
685 901 787 955 οὐκ
834 904 1103 974 ἀπορήσει
1130 882 1215 970 τις
1263 882 1371 962 τῶν
1403 914 1482 975 εἰς
1510 913 1666 966 τοῦτο
1702 882 1808 983 ’φέ-

232 980 454 1072 ρὸντων,
486 987 697 1041 πολλῶν
724 991 895 1046 ὄντων
923 998 1016 1049 καὶ
1050 1000 1326 1067 μεγάλων,
1363 1002 1453 1054 καὶ
1492 1003 1564 1072 μὴ
1590 980 1806 1060 ἐώντων

227 1071 415 1167 ἕτερον
443 1076 632 1148 ἑτέρου
669 1083 1087 1155 προληφθῖψαι,
1125 1090 1215 1143 διὰ
1244 1091 1304 1144 τὸ
1334 1094 1513 1147 πάντα
1547 1096 1800 1167 εἰσφέρε-

229 1162 353 1259 σθαι
379 1166 439 1219 τὸ
461 1168 781 1238 ἀκρότατον.
812 1177 1005 1247 Ἡμεῖς
1034 1182 1089 1232 δὲ
1114 1181 1173 1233 τὸ
1196 1182 1287 1234 τοῦ
1314 1184 1471 1251 λόγου
1501 1162 1803 1259 προσκορὲς

225 1253 312 1310 οἷα
341 1260 406 1328 δὴ
437 1263 529 1315 τὸν
572 1265 843 1339 ἀκροατὴν
876 1272 1015 1340 πρὸς
1043 1275 1233 1341 ἀηδίαν
1268 1277 1427 1329 ἕλκον
1476 1253 1797 1351 ἀφιέμενοι,

226 1351 364 1419 πρὸς
386 1353 454 1406 τὰ
482 1355 631 1425 ἑξῆς,
665 1359 731 1429 ἢν
760 1360 887 1433 διδῷ
917 1363 1068 1429 Θεὸς,
1094 1367 1445 1437 βαδισύμεθα.

1924 643 2071 698 velut
2096 658 2164 697 ex
2201 656 2383 701 roseto
2424 646 2792 717 ﬂoridissimo,
2825 668 2987 721 apum
3040 657 3215 711 instar
3245 658 3363 726 ejus
3393 672 3493 712 ex-

1915 735 2195 792 cellentias
2227 738 2501 808 colligant,
2568 755 2730 813 atque
2761 747 2827 802 ad
2870 746 3003 812 favi,
3041 749 3091 802 id
3142 759 3247 815 est,
3296 750 3492 807 divina

1915 828 2279 884 mmulationis
2310 832 2531 890 delicias
2557 837 2769 891 illarum
2807 840 3124 908 qualitatem
3146 842 3196 893 vi
3227 842 3492 896 orationis

1915 931 2184 987 reponant
2239 941 2253 977 :
2283 924 2397 978 fore
2434 928 2577 981 enim
2613 931 2868 984 existimo
2901 942 2958 985 nt
2987 947 3200 997 eorum,
3236 946 3355 998 quae
3386 935 3491 987 huc

1911 1023 2181 1080 spectant,
2236 1017 2389 1084 copia
2423 1033 2702 1089 nunquam
2736 1021 2981 1089 deﬁciat;
3019 1038 3140 1078 cum
3185 1025 3342 1095 plura
3376 1025 3490 1078 sint

1911 1112 1965 1157 et
1988 1120 2209 1175 magna,
2251 1118 2415 1175 atque
2466 1112 2731 1179 ejusmodi
2768 1123 2825 1166 nt
2853 1114 3082 1169 alterum
3119 1117 3220 1171 sibi
3250 1117 3485 1185 alterum

1911 1195 2157 1264 prteferri
2185 1214 2288 1252 non
2315 1202 2457 1255 sinat
2487 1202 2628 1270 quod
2658 1204 2910 1258 universa
2954 1207 3018 1259 ad
3050 1223 3318 1261 summum
3356 1222 3487 1261 eva—

1909 1289 2101 1341 serint.
2138 1288 2248 1344 Nos
2277 1302 2455 1347 autem
2504 1304 2759 1351 caventes
2807 1297 3177 1364 prolixitatem
3209 1298 3367 1352 taedio
3399 1296 3487 1351 fu-

1915 1387 2092 1432 turam
2152 1382 2405 1447 auditori,
2471 1385 2537 1437 ad
2588 1389 2891 1454 sequentia,
2925 1387 3035 1442 Deo
3064 1388 3201 1443 bene
3248 1386 3483 1458 propitio

1913 1477 2077 1538 atque
2111 1472 2351 1541 favente,
2388 1478 2613 1545 gradum
2649 1477 2938 1534 faciamus.

1670 1606 1899 1662 CAPUT
1940 1609 2025 1666 Ill.

691 1701 878 1760 Sancti
904 1705 1189 1777 Nicephori
1218 1713 1400 1769 electio
1434 1726 1485 1771 et
1520 1720 1785 1775 ordinatio
1832 1724 1885 1777 in
1944 1727 2307 1793 patriarcham
2339 1728 3001 1797 Constantinopolitattum.

292 1822 366 1921 κθῖ
406 1820 566 1921 ’ξρτι
602 1822 701 1891 μὲν
725 1826 996 1896 Ταράσιος
1024 1831 1053 1882 ὁ
1084 1832 1182 1902 τῆς
1226 1833 1550 1906 Ἐκκλησίας
1580 1841 1800 1909 φωσφὸ-
1835 1848 1876 1904 Β

1835 1848 1876 1904 Β
1972 1846 2061 1899 20.
2089 1844 2270 1915 Nuper
2298 1849 2518 1915 quidem
2582 1848 2843 1905 Tarasins
2867 1849 2951 1921 (Ι),
2976 1849 3232 1905 Ecclesiae
3250 1850 3351 1905 illa
3379 1850 3479 1906 Lu-

227 1924 314 2001 ρος
342 1909 645 2001 ἀκοίμητος
670 1957 683 1981 ,
716 1917 745 1968 6
773 1918 872 1986 τὴν
904 1918 1105 1974 ὁλκάδα
1147 1924 1329 1988 καλῶς
1358 1928 1798 2001 πηδαλιουχήσας

224 1995 319 2063 τῆς
372 1999 645 2090 πίστεως,
676 2007 771 2058 κα)⁸
809 2007 1120 2080 ὑπερτέραν
1166 2012 1346 2079 δείξας
1379 1995 1472 2069 τοῦ
1511 1995 1797 2090 τῆςαὶρέ-

225 2102 358 2149 σεως
395 2088 688 2158 κλύδωνος,
726 2096 821 2148 καὶ
859 2100 971 2161 τοῖς
1016 2099 1117 2167 τῆς
1149 2101 1461 2172 ὁροοδοξίας
1490 2088 1795 2179 ἀγωγίμους

223 2176 550 2253 βριθομένην
575 2186 931 2257 ἐλλιμενίσας
982 2191 1057 2255 ὡς
1089 2195 1284 2263 ἄριστα
1304 2239 1318 2264 ,
1352 2201 1415 2251 ὲκ
1446 2202 1554 2253 τῶν
1602 2176 1798 2273 ἐπική-

224 2286 327 2340 ρων
389 2274 526 2343 πρὸς
582 2278 682 2348 τὴν
730 2282 942 2348 ἀμείνω
992 2284 1150 2353 λῆξιν
1198 2289 1450 2359 ἀπάρας,
1485 2295 1794 2364 προσετέθη

220 2365 343 2458 τοῖς-
372 2367 653 2458 Πατράσιν
700 2374 729 2425 ὁ
778 2374 997 2446 Πατὴρ,
1028 2382 1140 2441 τοῖς
1188 2384 1553 2453 πατριάρχαις
1583 2390 1609 2439 ὁ
1654 2387 1794 2458 ὑπὲρ

220 2453 480 2523 ἀληθείας
505 2459 601 2527 τὴν
634 2466 1005 2535 πατριαρχίαν
1053 2468 1349 2538 δεξάμενος
1368 2512 1382 2536 ,
1424 2478 1537 2537 τοῖς
1566 2478 1733 2540 ὁσίοις

217 2544 274 2594 16
295 2546 447 2598 ὅσιον
479 2549 567 2602 διὰ
611 2550 726 2618 βίου
767 2555 929 2618 ὁσίως
968 2556 1387 2631 δεξιωσάμενος,
1419 2568 1531 2628 τοῖς
1569 2566 1793 2634 ἀληθέσι

218 2634 471 2702 ποιμέσιν
497 2641 526 2690 ὁ
550 2640 643 2691 τὸν
684 2644 1052 2715 ἀρχιποίμενα
1098 2652 1331 2721 Χριστὸν
1374 2657 1791 2727 μιμησάμενος,

219 2727 309 2778 καὶ
344 2730 468 2780 κατ’
498 2730 671 2800 ὁνομα
713 2737 895 2790 καλῶν
935 2744 1028 2793 καὶ
1069 2744 1353 2809 γινώσκων
1397 2748 1464 2801 τὰ
1508 2751 1790 2819 πρόϐατα,

219 2818 311 2874 καὶ
336 2824 410 2892 τῇ
440 2823 551 2876 τῶν
596 2826 772 2893 λόγων
803 2830 1074 2904 βακτηρίᾳ
1101 2836 1227 2899 τοὺς
1259 2837 1457 2901 λύκους
1483 2818 1791 2907 ἀποσοϐῶν,

219 2915 486 2983 καὶπρὸς
535 2916 636 2981 τὰς
682 2922 938 2986 ἐπαύλεις
988 2925 1091 2994 τῆς
1139 2928 1310 2997 ὁρθῆς
1356 2931 1646 2999 ὁμολογίας
1683 2936 1795 2984 εἰσο

218 2999 458 3054 ελαύνων
490 3007 582 3057 καὶ
623 3007 877 3072 πίστεως.
915 3007 1084 3075 Οὗτος
1123 3011 1216 3067 οὖν
1259 3019 1465 3081 ἐκεῖνος
1496 3022 1523 3071 6
1548 3021 1792 3089 αἰθέριος

217 3090 527 3184 ανθρωπος,
553 3099 580 3149 6
601 3100 658 3150 ὲν
678 3103 748 3169 γῇ
780 3100 930 3170 βιοὺς
950 3106 1043 3157 καὶ
1064 3106 1312 3172 ἀγγέλων
1338 3110 1661 3180 ἁμιλληθεὶς
1688 3114 1786 3184 ὅση

215 3180 477 3255 δύναμις,
529 3188 625 3242 σὺν
670 3194 733 3260 τῇ
774 3193 1001 3265 ἀλήπτῳ
1039 3195 1185 3267 ψυχῇ
1229 3200 1321 3251 καὶ
1365 3201 1463 3263 τὰς
1510 3204 1605 3272 τῆς
1642 3180 1790 3274 ἱεραξ

215 3274 361 3336 τείας
415 3278 573 3346 ἡνίας
617 3283 759 3349 χειρὶ
789 3282 924 3336 Θεοῦ
974 3287 1356 3356 παραθέμενος
1377 3333 1391 3355 ,
1424 3293 1672 3362 ἐλιπάρει
1703 3297 1790 3350 διὰ

214 3363 493 3435 καθαρᾶς,
525 3367 601 3429 ὼς
626 3363 838 3439 ἐγῷμαι
862 3413 875 3431 .
906 3373 966 3425 τὸ
1000 3376 1152 3427 Gai-3v
1182 3378 1497 3444 ἐντεύξεως,
1527 3384 1615 3434 τὸν
1642 3384 1789 3447 ἄξιον

212 3454 309 3524 τῆς
339 3460 759 3530 ἀρχιερωσύνης
789 3464 1108 3534 ἡγήσασθαι,
1142 3469 1233 3520 καὶ
1265 3471 1360 3540 τῆς
1405 3472 1629 3541 πλησίον
1658 3477 1793 3546 Χρι-

214 3548 335 3599 στοῦ
393 3550 726 3622 Ἐκκλησίας
772 3557 1132 3626 περιλὰλητον
1170 3563 1661 3633 ἀναδειχοήσεσθαι
1692 3571 1790 3638 κή-

216 3654 371 3707 ρυκα.
422 3642 612 3708 Πόνοις
642 3647 750 3715 γὰρ
791 3648 1010 3713 πολλοῖς
1062 3652 1156 3704 καὶ
1196 3654 1379 3724 ἱδρῶσι
1419 3658 1519 3726 τὴν
1558 3662 1614 3711 ἐν
1650 3662 1787 3731 αὐτῇ

213 3735 442 3797 φυεῖσαν
487 3736 588 3805 τῆς
628 3739 897 3806 αἱρέσεως
936 3743 1179 3798 ἄκανθαν
1228 3748 1602 3819 προθέλυμνον
1640 3755 1790 3807 ἐκτε-

216 3820 346 3890 μὼν,
379 3826 479 3876 καὶ
508 3829 576 3880 τὰ
612 3830 668 3881 ὲν
701 3832 850 3902 μέσῳ
882 3832 1054 3886 σκῦλα
1093 3837 1188 3889 καὶ
1224 3839 1497 3892 σκάνδαλα
1543 3845 1607 3911 τῇ
1647 3860 1790 3914 χειρ-

210 3916 428 3987 αγωγίᾳ
468 3917 565 3969 τοῦ
611 3920 926 3992 Πνεύματος
954 3925 1282 3996 ὑφελόμενος
1304 3971 1317 3991 ,
1352 3932 1445 3983 καὶ
1482 3932 1557 4001 τῷ
1584 3935 1785 4006 λογικῷ

211 4004 424 4076 ἀρότρῳ
460 4009 672 4073 verbra;
696 4013 793 4082 τὴν
820 4015 917 4083 τῆς
948 4019 1183 4081 πίστεως
1224 4022 1484 4091 ἄρουραν.
1512 4027 1605 4076 καὶ
1643 4027 1788 4079 σπεί-

214 4113 308 4165 ρας
344 4102 448 4154 οὐκ
492 4103 579 4170 ἐφ’
620 4103 740 4156 ὁδοῦ
792 4104 886 4159 καὶ
934 4109 1141 4177 πέτρας
1182 4114 1272 4164 καὶ
1300 4114 1553 4167 ἀκανθῶν
1583 4116 1649 4168 τὰ
1686 4119 1785 4183 τῆς

208 4190 444 4258 Χριστοῦ
480 4196 795 4266 οἰκονομίας
824 4198 1195 4271 θεοπαράδοτα
1232 4203 1474 4273 σύμϐολα
1497 4246 1510 4267 ,
1548 4207 1661 4259 ἀλλ’
1692 4210 1783 4261 ἐπὶ

206 4283 304 4352 γῆν
334 4285 560 4354 ἀγαθήν
584 4304 640 4339 τε
671 4291 763 4342 καὶ
786 4292 1029 4360 γόνιμον.
1054 4294 1166 4357 καὶ,
1192 4296 1307 4347 οἵαν
1328 4297 1393 4348 τὰ
1424 4297 1577 4365 λόγια
1600 4316 1780 4367 φασιν,

206 4372 706 4431 ἑκατοστεύουσαν·
731 4380 824 4431 τὸν
855 4382 1281 4451 ἀντιληψόμενον
1310 4389 1375 4456 τῇ
1408 4388 1572 4439 αὐτοῦ
1603 4406 1781 4461 γεωρ-

204 4465 293 4537 γία
340 4472 441 4521 καὶ
486 4470 626 4539 μετὰ
667 4472 925 4543 τελευτὴν
975 4474 1100 4526 ἰδεῖν
1149 4476 1335 4529 ἐπόθει
1364 4468 1459 4531 καὶ
1502 4478 1777 4549 ἔστεργεν.

204 4558 311 4611 Καὶ
345 4561 453 4613 οὐκ
489 4561 727 4632 ἐψεύσθη
761 4582 824 4631 γε
865 4567 961 4633 τῆς
1006 4569 1295 4638 αἰτήσεως
1349 4571 1376 4622 6
1405 4572 1513 4640 γὰρ
1543 4576 1653 4636 τοῖς
1682 4574 1779 4644 ζης

204 4651 383 4706 τοῦσιν
407 4654 503 4706 ἀεὶ
544 4654 673 4717 Θεὸς
700 4657 1110 4727 εὑρισκόμενος,
1140 4662 1232 4713 καὶ
1261 4664 1371 4723 τοῖς
1403 4662 1658 4732 κρούουσι
1690 4664 1783 4716 θύ-

208 4758 300 4811 ραν
337 4745 605 4812 ἀνοίγων,
657 4748 751 4800 καὶ
799 4748 895 4811 τὰς
940 4749 1161 4821 ἀληθεῖς
1204 4754 1447 4823 αἰτήσεις
1495 4756 1781 4828 ἐπιπεραί-

205 4848 305 4885 νων
335 4834 602 4905 δακτύλῳ
628 4834 755 4905 θείῳ
788 4837 880 4891 καὶ
913 4838 1192 4908 Πνεύματι
1217 4841 1307 4893 τὸν
1349 4842 1448 4911 τῆς
1484 4844 1632 4915 ἱερᾶς
1673 4844 1791 4915 χρί-

207 4940 338 4988 σεως
362 4926 470 4995 (7),
491 4926 645 4992 ἄξιον
670 4928 983 4999 Νικηφόρον
1000 4931 1211 4999 τρανῶς
1239 4933 1572 4999 ἐπεδείκνυε,
1604 4937 1790 5006 καὶτῷ

201 5015 314 5068 τότε
346 5017 655 5088 κρατοῦντι
679 5020 959 5090 ὁμωνύμῳ
986 5022 1215 5090 βασιλεῖ,
1244 5025 1311 5077 τὰ
1342 5027 1466 5096 περὶ
1486 5028 1786 5099 τὴψὰληθῆ

204 5108 381 5161 πίστιν
403 5110 607 5179 τελείῳ
640 5112 958 5183 τυγχάνοντι
982 5114 1304 5186 λευκότερον
1340 5120 1676 5189 ὑπεμήνυεν.

269 5209 375 5256 κα’.
408 5204 513 5266 ὐς
550 5205 682 5272 (καὶ
729 5205 841 5277 γὰρ
887 5202 955 5276 ἦν
1001 5208 1422 5280 ἁγχινούστατος
1470 5214 1517 5263 εἰ
1562 5213 1655 5267 καί
1703 5231 1786 5277 τις

269 5404 346 5475 (7)
375 5405 605 5479 Mutatis
632 5420 915 5475 perperam
945 5410 1010 5463 ab
1046 5413 1363 5465 amanuensi
1396 5412 1783 5479 ittlerpthIiO-

204 5476 355 5529 nibus
382 5477 690 5543 verbisque
725 5481 1103 5545 transpoxiitis,
1142 5482 1406 5546 genuinus
1452 5476 1692 5537 auctoris
1730 5494 1783 5539 et

206 5547 535 5619 interpretis
573 5561 768 5619 sensus
815 5548 1137 5619 obseuratns
1192 5560 1306 5613 est,
1355 5552 1445 5619 qui
1498 5564 1619 5606 erat
1682 5556 1782 5608 hoc

205 5616 358 5670 modo
394 5616 714 5692 reddendus
759 5636 772 5672 :
822 5618 1039 5692 rgDeus
1086 5624 1175 5689 qui
1210 5661 1223 5676 .
1263 5660 1278 5675 .
1322 5663 1336 5677 .
1374 5616 1548 5676 'veras
1593 5639 1781 5692 preces

204 5700 413 5753 semper
462 5684 704 5761 perlicit,
763 5689 891 5761 rid
918 5698 1023 5753 est,
1084 5684 1118 5741 ι’
1162 5707 1346 5760 αιιιυειε
1390 5684 1780 5761 postulationes

206 5769 416 5831 semper
450 5754 756 5831 adimplet;
789 5758 971 5831 divino
1000 5762 1190 5827 spiritu
1226 5754 1509 5831 digitoque
1543 5765 1781 5821 ostendit

206 5827 249 5877 ei
279 5823 653 5896 Nicephorum
687 5842 840 5883 sacra
875 5823 1093 5897 dignum
1127 5823 1452 5888 unctione.)

1899 1936 2035 1990 cifer
2069 1953 2320 1991 occasum
2366 1941 2635 2005 nesciens,
2693 1943 2788 2009 qui
2821 1942 2941 1994 fidei
2979 1952 3149 1996 ratem
3215 1942 3476 2009 praeclare

1899 2030 2233 2094 gubernans,
2269 2031 2491 2086 Μηδεὶς
2531 2032 2759 2085 furente
2785 2035 3018 2101 procella
3042 2034 3374 2103 superiorem
3400 2036 3478 2090 ef-

1898 2120 2125 2184 fecerat,
2160 2134 2435 2189 rectzeqnc
2467 2122 2741 2189 opinionis
2771 2126 3041 2177 mercibus
3066 2135 3325 2178 onustam
3351 2124 3474 2179 feli-

1899 2213 2117 2266 cissime
2152 2214 2206 2266 in
2232 2224 2446 2282 portum
2484 2218 2766 2275 eduxerat,
2795 2231 2824 2269 e
2856 2216 3071 2269 mortali
3098 2218 3163 2269 ad
3196 2217 3471 2271 meliorem

1898 2309 2263 2374 commigrans
2284 2317 2509 2372 sortem,
2531 2311 2811 2376 appositus
2829 2309 3003 2363 fuerat
3027 2310 3185 2363 Pater
3198 2309 3470 2375 Patribus,

1897 2399 2207 2466 patriarcha
2231 2400 2577 2467 patriarchis,
2612 2401 2736 2468 quia
2771 2402 2982 2454 tuenda:
3018 2389 3263 2455 veritatis
3306 2416 3469 2455 causa

1896 2489 2318 2557 patriarcbalem
2355 2493 2538 2544 sedem
2579 2490 2913 2561 gradumque
2967 2491 3189 2555 inierat;
3252 2501 3474 2546 sanctus

1899 2581 2128 2641 sanctis.
2159 2583 2283 2651 quia
2315 2584 2457 2650 quod
2497 2592 2745 2636 sanctum
2782 2592 2887 2646 est,
2929 2585 3106 2652 quoad
3140 2584 3251 2636 vita
3285 2597 3474 2652 super-

1897 2680 2009 2725 stes
2040 2671 2160 2736 fuit,
2196 2682 2386 2726 sancte
2446 2672 2693 2735 obicrat;
2753 2672 2894 2725 veris
2938 2670 3250 2741 pastoribus
3296 2685 3464 2725 verus

1900 2772 2108 2831 pastor,
2148 2763 2274 2828 quia
2312 2775 2586 2830 pastorum
2641 2762 2942 2832 principem
2977 2762 3252 2815 Christum
3289 2762 3470 2815 imita-

1898 2863 2002 2914 tus.
2040 2865 2203 2922 atque
2253 2856 2571 2907 nominatim
2617 2869 2822 2908 vocans
2855 2869 2919 2908 ac
2953 2868 3289 2922 cognoscens
3319 2868 3470 2920 oves,

1898 2958 2321 3012 sermonumque
2361 2945 2554 2996 baculo
2593 2944 2749 3013 lupos
2792 2944 3143 3009 submovens,
3204 2946 3269 2995 ad
3308 2952 3474 2998 rectae

1896 3034 2266 3088 confessionis
2322 3036 2551 3103 fideique
2590 3038 2798 3091 caulam
2830 3037 3157 3104 impellebat.
3192 3034 3289 3091 llic
3313 3036 3475 3103 igitur

1899 3124 1985 3178 ille
2020 3126 2100 3177 vir
2134 3126 2393 3188 caelestis,
2429 3127 2520 3195 qui
2559 3128 2613 3179 in
2644 3127 2825 3191 terris,
2876 3127 3055 3195 quoad
3092 3126 3263 3187 licuit,
3303 3127 3470 3179 vitam

1899 3218 2107 3286 angelis
2141 3233 2325 3287 parem
2358 3220 2609 3282 duxerat,
2640 3235 2761 3273 cum
2797 3219 3085 3273 sacerdotii
3122 3219 3362 3273 habenas
3414 3218 3472 3271 in

1901 3308 1995 3362 Dei
2029 3325 2220 3363 manus
2248 3310 2592 3378 deposuisset
2636 3326 2849 3376 unaque
2887 3312 3158 3374 animam;
3193 3320 3249 3361 nt
3280 3310 3474 3377 dignus

1899 3400 2149 3466 pontifex
2182 3412 2483 3461 crearetur.
2516 3412 2677 3469 atque
2712 3401 2971 3457 Ecclesia:
2998 3400 3213 3455 Christo
3248 3397 3475 3465 conjun-

1903 3499 2003 3544 cta:
2038 3492 2270 3561 inclytus
2297 3507 2473 3560 pra-co
2495 3495 2753 3559 eniteret,
2781 3509 2934 3562 pura,
2974 3492 3232 3557 arbitror,
3261 3491 3471 3559 suppli-

1898 3584 2112 3636 catione
2144 3585 2367 3651 rogabat
2392 3586 2581 3639 Deum.
2623 3583 2758 3650 Quia
2793 3586 2937 3640 enim
2970 3586 3152 3640 multis
3199 3584 3471 3641 laboribus

1897 3691 1959 3729 ac
1994 3677 2194 3730 sudore
2230 3678 2279 3729 in
2315 3691 2376 3731 ea
2416 3689 2606 3732 enatas
2632 3679 2914 3735 hiereseon
2949 3689 3133 3733 sentes
3172 3688 3335 3748 atque
3360 3678 3471 3747 spi-

1896 3787 1992 3825 nas
2020 3773 2282 3824 radicitus
2311 3774 2610 3837 exciderat,
2643 3776 2817 3842 deque
2844 3775 3042 3838 medio,
3071 3775 3274 3844 Spiritu
3308 3776 3465 3836 duce.

1895 3864 2145 3919 scandala
2171 3864 2485 3927 sustulerat,
2514 3876 2677 3934 atque
2718 3866 2968 3920 rationali
3007 3876 3189 3920 aratro
3225 3865 3345 3921 fidei
3370 3879 3463 3918 ar-

1896 3971 2015 4008 \‘ttnt
2060 3956 2363 4019 innovans,
2398 3972 2504 4011 non
2558 3957 2611 4010 in
2659 3958 2741 4009 via
2793 3970 2954 4025 supra
2994 3966 3207 4025 petram
3241 3968 3336 4011 aut
3381 3956 3464 4010 vel

1896 4046 1946 4098 in
1981 4046 2171 4114 spinis,
2205 4046 2299 4100 sed
2335 4048 2385 4099 in
2409 4048 2545 4103 bona
2579 4063 2643 4101 ac
2668 4046 2829 4101 fertili
2862 4056 3026 4113 terra,
3062 4047 3276 4117 qualem
3310 4044 3459 4099 Scri-

1893 4147 2050 4204 ptura
2091 4138 2413 4204 eentnplieis
2446 4140 2657 4191 fructus
2684 4137 2919 4192 feracem
2951 4149 3128 4201 vocat,
3162 4137 3460 4191 Dominicm

1891 4226 2311 4291 diSpensationis
2342 4228 2582 4297 syinbola
2620 4228 2877 4282 divinitus
2910 4230 3105 4281 tradita
3151 4228 3459 4282 seminave-

1892 4328 1973 4369 rat
2010 4336 2022 4371 :
2054 4317 2174 4371 ideo
2202 4319 2365 4372 etiam
2400 4329 2516 4385 post
2545 4328 2773 4373 mortem
2823 4320 2934 4389 jam
2967 4320 3072 4372 vita
3127 4318 3345 4373 functus
3375 4319 3456 4371 vi-

1892 4406 2021 4460 dere
2049 4407 2302 4473 cupiebat
2332 4423 2397 4461 ac
2430 4410 2709 4477 satagebat
2732 4412 2904 4462 virum
2941 4407 3032 4476 qui
3068 4406 3457 4478 agriculturam

1891 4510 2041 4549 suam
2084 4495 2310 4551 foveret.
2363 4496 2470 4551 Nec
2513 4512 2641 4551 vero
2688 4506 2811 4549 νοιο
2848 4498 3135 4551 frustratus
3161 4507 3241 4551 1351
3275 4513 3287 4548 ι
3322 4498 3460 4550 Deus

1886 4590 2050 4652 enim,
2070 4588 2158 4657 qui
2185 4590 2547 4657 quaerentibus
2564 4589 3083 4659 semperinvenitur,
3110 4603 3171 4641 ac
3197 4586 3459 4654 pulsanti-

1890 4680 1990 4733 bus
2015 4680 2238 4747 jauuatn
2284 4683 2478 4748 aperit,
2509 4697 2771 4749 verasque
2820 4698 3007 4753 preces
3035 4697 3247 4748 semper
3278 4681 3462 4734 divino

1891 4771 2057 4841 digito
2106 4787 2168 4825 ac
2213 4772 2405 4840 spiritu
2457 4773 2694 4841 perlicit,
2741 4788 2896 4829 sacra
2942 4773 3160 4843 dignum
3206 4772 3463 4826 unctione

1890 4859 2253 4929 Nicephorum
2318 4864 2556 4917 ostendit
2604 4864 2675 4927 ei,
2743 4864 2831 4931 qui
2902 4872 3014 4918 tum
3071 4864 3329 4931 temporis
3370 4863 3458 4916 itu-
3510 4894 3515 4899 -

1895 4952 2025 5019 perii
2053 4951 2279 5006 Rotnani
2308 4964 2520 5024 sceptra
2556 4956 2938 5013 moderabatur
2965 4953 3215 5023 ejusdem
3251 4968 3315 5009 ac
3346 4954 3464 5023 ipse

1896 5044 2129 5097 nominis
2153 5043 2269 5113 (m).
2988 5030 2992 5033 Α

1963 5218 2052 5272 2i.
2096 5217 2324 5276 Solertia
2361 5238 2552 5293 nempe
2582 5222 2805 5277 inferior
2853 5222 3053 5277 nemini
3088 5222 3186 5277 hoc
3218 5222 3448 5285 sollicite

1966 5419 2027 5491 (ι)
2057 5418 2113 5475 S.
2146 5420 2407 5479 Tarasins
2455 5438 2702 5483 mortuus
2747 5436 2830 5480 est
2870 5427 3171 5483 indictione
3204 5428 3297 5487 15.
3329 5426 3468 5490 ferta

1892 5500 2081 5564 quarta
2138 5495 2325 5561 prima:
2375 5495 2707 5563 jejuniorum
2779 5498 3164 5564 belnlornadze,
3218 5501 3332 5554 sive
3382 5500 3473 5554 die

1889 5562 2171 5626 Cinernm,
2198 5564 2272 5617 25
2311 5562 2590 5619 Februarii
2619 5572 2777 5619 anno
2799 5567 2924 5622 806.

1960 5631 2053 5705 (m)
2087 5631 2447 5705 Nicephorus,
2480 5636 2650 5702 ejecta
2694 5636 2867 5700 lreue,
2898 5654 2928 5692 a
2954 5653 3071 5705 quo
3128 5637 3269 5690 filius
3314 5639 3467 5694 Can-

1888 5703 2160 5825 stantigbts)
2190 5702 2367 5759 fuerat
2440 5717 2779 5773 excaecatus,
2870 5702 3159 5777 imperium
3232 5710 3469 5785 arripuit

1888 5786 2026 5825 anno
2133 5810 2182 5825 ...

1887 5786 2026 5826 anno
2056 5786 2182 5827 δυε.
