4240 6438
720 413 788 477 63
1711 415 1771 475 S.
1813 413 2235 477 NICEPHORI
2273 418 2316 477 I'

2412 418 2786 479 'RlARCH/E
2820 417 2929 477 CP.
3926 397 3992 465 εί

718 522 935 591 agebat,
964 531 1020 577 ut
1049 522 1298 578 Ecclesia:
1324 522 1501 578 vidum
1533 535 1795 591 sponsum
1823 524 2092 593 ejusmodi
2117 526 2294 596 praeli-

2412 527 2602 595 ίλλος)
2653 529 2721 581 δι’
2772 525 3000 597 ἐρεύνης
3052 520 3168 593 εἶχε
3217 520 3419 589 πολλῆς
3462 512 3859 585 ἐγκαθιδρῦσαι
3923 517 3989 580 τῇ

719 619 868 666 ceret
894 612 985 680 qui
1021 611 1264 666 docendo
1290 612 1499 666 lidelem
1521 626 1830 679 sermonem
1863 616 2293 671 tenereidoueus

721 708 890 763 esset,
929 710 981 754 et
1012 700 1155 771 ejus,
1183 704 1275 771 qui
1310 718 1480 772 nuper
1519 704 1753 772 pastoris
1778 719 1977 761 munus
2004 708 2296 776 sapientis-

721 791 861 843 sime
888 791 1120 858 obierat,
1152 794 1393 861 vestigiis
1422 795 1692 850 insistere.
1726 794 2092 860 Quamobrem
2136 800 2296 853 etiam

723 883 787 934 ad
816 884 1101 938 universos
1128 901 1249 938 cum
1286 887 1600 941 sacerdotes
1634 899 1746 941 tum
1782 888 2104 953 monachos,
2130 904 2300 957 quos-

722 989 827 1043 que
864 987 1177 1029 senatorum
1214 977 1484 1042 primores
1530 993 1594 1031 ac
1624 978 1847 1046 reliquis
1896 982 2303 1049 praestantiores

725 1076 969 1133 noverat,
998 1083 1111 1121 rem
1139 1067 1414 1122 deferebat
1446 1088 1459 1122 :
1502 1069 1895 1137 utjustissima:
1928 1071 2160 1139 plurium
2190 1072 2302 1126 ele-

726 1158 1093 1227 ctioni,quam
1120 1160 1282 1214 divini
1306 1159 1543 1229 Spiritus
1577 1170 1750 1215 ratam
1776 1162 1999 1216 haberet
2022 1178 2303 1228 assensus,

727 1260 826 1299 suo
850 1262 1064 1316 quoque
1112 1248 1229 1316 ipse
1274 1250 1528 1320 suﬂ‘ragio
1576 1254 1885 1306 accederet.
1917 1255 2019 1306 Ast
2051 1253 2127 1307 illi
2162 1252 2302 1324 (nec

727 1340 871 1390 enim
911 1339 1160 1392 homines
1190 1356 1310 1391 cum
1346 1352 1552 1407 essent,
1581 1357 1805 1412 prorsus
1830 1358 2024 1399 cavere
2055 1353 2305 1413 poterant

729 1438 798 1476 ne
826 1425 955 1491 quid
983 1426 1049 1481 ad
1094 1428 1322 1494 gratiam
1367 1432 1611 1501 agerent)
1668 1440 1908 1486 mutuam
1957 1436 2303 1490 cencordiam

730 1516 1069 1572 dissensione
1106 1520 1401 1585 solventes,
1426 1523 1590 1576 alium
1636 1524 1738 1578 sibi
1788 1526 2021 1594 quisque
2050 1527 2303 1595 designa~

731 1603 825 1657 bat
861 1616 1026 1673 atque
1057 1609 1306 1662 trahebat
1359 1627 1373 1663 :
1428 1626 1531 1663 non
1579 1628 1740 1680 quem
1776 1613 1942 1667 divini
1978 1626 2139 1669 ntttus
2170 1632 2309 1683 pra:-

730 1699 963 1753 sciéntia
994 1701 1374 1771 designaverat
1400 1720 1415 1770 ;
1446 1705 1541 1758 sed
1564 1720 1733 1773 quem
1764 1706 2032 1775 cujusque
2060 1708 2310 1763 voluntas

734 1789 1062 1844 inforntabat
1098 1806 1162 1846 ac
1205 1795 1629 1861 prtehabcudum
1671 1797 1953 1850 suadebat.
1987 1796 2309 1866 Imperatori

2397 620 2647 691 ἀνάνδρῳ
2668 619 2901 690 νυμφίον
2923 635 2982 671 τε
3010 616 3103 672 καὶ
3131 614 3544 686 προμνήστορα,
3574 606 3773 669 ἱκανῶς
3801 606 3992 675 ἔχοντα

2397 710 2492 765 τοῦ
2523 712 2663 765 κατὰ
2702 714 2803 782 τὴν
2828 710 3053 780 διδαχὴν
3101 708 3295 762 πιστοῦ
3327 706 3487 773 λόγου
3539 699 3861 765 ἀνθέξεσθαι
3898 698 3995 751 καὶ

2401 803 2703 874 βαδιεῖσθαι
2718 804 2838 857 κατ’
2856 805 3002 873 ίχνος
3020 800 3113 855 τοῦ
3135 797 3608 870 προποιμάναντος
3626 791 3990 859 λογικώτατα.

2401 895 2494 947 Διὸ
2519 897 2613 949 καὶ
2645 897 2809 949 πᾶσιν
2836 893 3181 948 ἀνεκοινοῦτο
3208 887 3417 961 ἱερεῦσί
3449 905 3511 940 τε
3546 886 3642 939 καὶ
3673 883 3991 954 μονάζουσε.

2411 992 2505 1045 καλ⁵
2533 993 2634 1061 τῆς
2671 992 2979 1062 συγκλήτου
3023 989 3220 1060 βουλῆς
3249 989 3376 1040 ὅσον
3421 984 3675 1054 ἔγκριτον
3707 982 3800 1033 καὶ
3831 978 3997 1048 προῦ-

2402 1099 2494 1151 χον
2545 1083 2846 1152 ἠπίστατο.
2885 1084 2959 1145 ὼς
2993 1082 3059 1135 ἂν
3092 1084 3158 1151 τῇ
3207 1081 3317 1132 τῶν
3362 1077 3625 1131 πλειόνων
3672 1075 3871 1143 ἐκλογῇ
3920 1073 3997 1125 δι’

2405 1170 2671 1241 καιοτάτῃ
2724 1171 2893 1241 οΰσῃ,
2928 1171 3025 1223 καὶ
3070 1173 3136 1240 τῇ
3181 1168 3277 1221 τοῦ
3318 1168 3468 1220 θείου
3518 1163 3838 1233 Πνεύματος
3872 1164 3997 1213 ἐπι-

2406 1263 2587 1315 νεύσει
2618 1262 2680 1314 τὸ
2715 1261 2930 1331 βέϐαιον
2957 1260 3332 1331 λαμϐανούσῃ,
3367 1259 3516 1326 καὶὴ
3550 1255 3714 1309 αὐτοῦ
3738 1253 3997 1321 ὲφέψοιτο

2409 1352 2685 1422 βούλησις.
2714 1354 2777 1404 Ol
2798 1352 2856 1404 δὲ
2888 1350 3018 1422 (καὶ
3046 1351 3156 1420 γὰρ
3184 1348 3508 1419 ἀνθρώπους
3526 1346 3685 1406 ὄντας
3717 1342 3996 1408 διαδρᾶναι

2405 1446 2467 1498 τὸ
2497 1448 2634 1515 πρὸς
2667 1445 2827 1515 χάριν
2860 1442 3164 1512 ἀδύνατον)
3197 1444 3261 1511 τῇ
3299 1440 3395 1493 ἀπ’
3436 1438 3683 1508 ἀλλήλων
3711 1434 3997 1486 διαστάσει

2406 1534 2468 1586 τὸ
2493 1535 2818 1604 ὁμογνωμον
2845 1532 3201 1592 διαλύσαντες
3225 1570 3239 1590 ,
3279 1529 3439 1590 ἄλλος
3474 1526 3634 1580 ἄλλον
3666 1523 3999 1593 ἐψηφολὸγει

2412 1628 2507 1678 καὶ
2535 1620 2720 1677 εἷλκεν
2749 1641 2761 1654 ·
2796 1624 2899 1700 οὐχ
2920 1624 2980 1676 ὃν
3009 1625 3041 1692 ἡ
3072 1624 3169 1690 τῆς
3202 1620 3315 1675 ἀνω
3354 1623 3526 1691 ῥοπῆς
3549 1618 3834 1687 ὑπέγραφε
3868 1615 4000 1685 πρό-

2411 1732 2636 1784 γνωσις,
2661 1717 2720 1769 τὸ
2744 1717 2977 1769 ἑκάστου
2996 1717 3053 1768 δὲ
3072 1716 3251 1768 θέλειν
3273 1711 3615 1767 ἀνετυποῦτο
3640 1710 3737 1763 καὶ
3758 1706 3996 1760 ἔπειθεν.

2414 1807 2507 1878 Τῷ
2548 1807 2605 1859 δὲ
2643 1807 2857 1877 βασιλεῖ
2887 1807 2949 1859 τὸ
2989 1806 3085 1859 τοῦ
3116 1805 3210 1858 νοῦ
3244 1805 3572 1875 δραστήριον
3608 1799 4000 1870 ὑπεζωγράφει

734 1888 913 1934 autem
950 1895 1075 1935 acre
1110 1883 1310 1937 mentis
1337 1898 1442 1952 qua
1470 1884 1704 1954 pollebat
1723 1885 2009 1954 judicium,
2038 1887 2311 1956 Nicepho-

2414 1874 2779 1969 ποῖιμνίαρχον
2812 1900 3151 1969 Νικηφόρον,
3183 1874 3439 1967 καίῗπρὸς
3462 1897 3670 1949 ἐκεῖνον
3702 1893 3836 1962 ὁρᾶν
3873 1890 4002 1942 πάν-

735 1988 854 2027 rum
886 1976 1067 2044 gregis
1106 1976 1404 2045 principem
1431 1980 1790 2047 suggerebat:
1820 1980 1871 2031 in
1903 1995 2064 2048 quem
2102 1987 2158 2033 ut
2188 1996 2306 2034 om-

734 2078 830 2118 nes
859 2064 1195 2131 coxijieerent
1233 2065 1420 2119 oculos
1460 2068 1815 2137 compellebat
1850 2071 1988 2138 ipse,
2018 2071 2310 2139 praeclaras

734 2153 839 2206 viri
873 2154 1027 2208 dotes
1075 2155 1127 2208 in
1168 2156 1488 2209 memoriam
1518 2171 1816 2223 revocans;
1849 2160 2175 2229 eloquentiae
2198 2161 2308 2215 sci-

734 2243 863 2297 licet
887 2251 998 2296 tum
1025 2259 1198 2300 sacra:
1220 2254 1332 2299 ttttn
1359 2247 1600 2316 profante
1619 2248 1727 2302 vim
1753 2252 2071 2317 maximam,
2094 2267 2307 2306 morum

737 2335 1062 2389 modestiam
1094 2353 1157 2391 ac
1187 2337 1487 2404 lenitatem,
1530 2342 1882 2397 conscientiae
1913 2344 1981 2398 ad
2012 2359 2204 2399 omnes
2230 2345 2311 2398 iu-

738 2427 1044 2493 tegritatetu
1074 2427 1143 2480 ab
1182 2430 1329 2482 omni
1370 2428 1673 2485 offensione
1720 2434 2166 2489 remotissimam.
2206 2435 2311 2490 De-

738 2517 899 2587 nique
926 2518 1070 2573 velut
1100 2518 1309 2585 nimbo,
1333 2522 1612 2578 continuis
1638 2523 1745 2578 illis
1770 2525 1901 2594 regii
1925 2526 2037 2579 oris
2059 2527 2316 2595 eloquiis,

737 2608 1114 2663 universorum
1144 2626 1305 2667 aures
1358 2615 1712 2683 concludens,
1767 2617 1896 2670 nulli
1944 2618 2050 2671 vim
2085 2618 2311 2685 faciens,

736 2700 883 2755 velut
938 2701 991 2754 in
1038 2718 1316 2772 sagenam,
1380 2704 1434 2758 in
1498 2723 1660 2760 unam
1736 2723 1925 2764 omnes
1987 2713 2314 2765 sententiam

737 2795 917 2861 adegit
951 2812 963 2848 :
1002 2795 1199 2849 exinde
1234 2797 1376 2849 enim
1438 2800 1679 2853 omnium
1713 2799 1871 2855 labiis
1917 2814 2120 2872 oreque
2153 2802 2310 2858 Nice-

737 2885 940 2953 phorus
974 2887 1287 2953 patriarcha
1316 2888 1669 2945 acclamatur.

801 3040 893 3095 22.
932 3041 1091 3095 Mittit
1135 3042 1317 3112 itaque
1359 3044 1681 3113 imperator,
1717 3048 1807 3117 qui
1839 3048 2167 3105 denuntient
2220 3052 2315 3121 ju-

736 3132 1041 3200 beantque,
1082 3142 1142 3186 ut
1187 3143 1396 3187 semota
1456 3138 1607 3190 omni
1683 3142 2032 3196 cunctatione
2086 3158 2149 3197 ac
2199 3145 2316 3197 sine

2407 2009 2506 2055 τας
2539 1991 2895 2061 συνήλαυνεν,
2926 1991 3364 2061 ὑπομιμνήσκων
3394 1989 3502 2041 τῶν
3543 1985 3754 2058 ἀρετῶν
3782 1982 3877 2037 τοῦ
3908 1984 4003 2035 άν-

2408 2083 2533 2151 δρὸς
2564 2084 2631 2136 τὰ
2664 2083 2981 2152 αὐχήματα·
3019 2084 3078 2134 τὸ
3121 2083 3181 2134 ὲν
3206 2081 3391 2149 λόγοις
3412 2123 3426 2145 ,
3455 2082 3569 2143 τοῖς
3602 2095 3661 2131 τε
3702 2090 4003 2145 πνευματι-

2412 2174 2527 2235 κοῖς
2567 2173 2661 2224 καὶ
2697 2175 2810 2235 τοῖς
2843 2171 3103 2243 θύραθεν,
3141 2172 3375 2244 καίριον·
3408 2170 3469 2221 τὸ
3500 2171 3555 2221 ἐν
3587 2166 3706 2237 ῆθει
3743 2163 4020 2217 ταπεινὸν,

2412 2266 2506 2315 καὶ
2527 2262 2814 2332 μειλίχιον*
2834 2264 2893 2315 τὸ
2912 2265 2969 2316 ὲν
2995 2264 3297 2333 συνειδήσει
3316 2262 3453 2332 πρὸς
3478 2260 3686 2319 πάντας
3710 2253 4003 2324 εἱλικρινὲς

2413 2355 2509 2406 καὶ
2533 2354 2903 2424 ἀπρόσκοπον.
2930 2356 3040 2407 Καὶ
3069 2352 3430 2418 ἁπαξαπλῶς,
3459 2346 3546 2404 οἷα
3575 2348 3759 2416 νιφάδι
3783 2345 3860 2416 τῷ
3888 2352 4006 2396 συν’

2413 2444 2529 2512 εχεῖ
2553 2444 2660 2496 τῶν
2685 2443 2980 2514 βασιλικῶν
3006 2444 3232 2497 ἐκείνων
3252 2444 3446 2511 λογίων
3463 2441 3562 2503 τὰς
3588 2440 3809 2492 πάντων
3831 2435 4005 2497 ἀκοὰς

2415 2536 2813 2601 κατακλείσας,
2848 2538 3121 2607 μηδεμιᾶς
3147 2537 3393 2606 ὑπούσης
3423 2534 3577 2603 βίαις,
3616 2535 3694 2595 εἰς
3728 2530 3857 2601 μίαν
3893 2528 4006 2597 atii"

2417 2642 2517 2695 φον
2534 2627 2608 2689 ὡς
2633 2628 2715 2689 εἰς
2736 2630 2981 2697 σαγήνην
3011 2628 3137 2689 τοὺς
3156 2629 3364 2689 πάντας
3389 2624 3732 2693 ἐζώγρησεν·
3768 2620 3826 2686 ὲξ
3853 2620 4003 2670 ὲκεί-

2418 2736 2507 2771 νου
2540 2736 2601 2771 τε
2628 2720 2735 2789 γὰρ
2783 2722 2839 2771 ὲν
2871 2720 3035 2771 παντὶ
3067 2719 3237 2789 χείλει
3264 2718 3358 2771 καὶ
3401 2716 3626 2786 γλώσσῃ
3656 2714 3807 2785 πάσῃ
3834 2710 4005 2781 Νικη-

2418 2811 2586 2881 φόρος
2617 2811 2969 2881 πατριάρχης
3004 2810 3397 2881 ἀνηγορεύετο.

2490 3058 2591 3127 κβ’.
2647 3056 2864 3110 Στέλλει
2914 3054 3045 3124 γοῦν
3098 3055 3353 3125 βασιλεὺς
3412 3052 3549 3123 πρ>›ς
3594 3050 3753 3103 αὑτὸν
3804 3047 4004 3117 ἄνδρας

2418 3150 2901 3219 ἀπαγγελοῦντας,
2937 3150 3135 3212 παντὸς
3169 3149 3330 3200 ὄκνου
3367 3147 3459 3200 καὶ
3497 3146 3674 3213 πάσης
3714 3143 3844 3211 ἄτερ
3874 3142 4005 3193 ἅνα-

737 3238 885 3275 mora
916 3225 1078 3279 sistat
1110 3240 1169 3279 se
1196 3226 1455 3294 Augusta)
1508 3230 1649 3282 urbi.
1682 3229 1731 3285 ls
1759 3247 1911 3295 vero,
1943 3236 2035 3304 qui
2068 3236 2314 3291 laudabi-

2418 3242 2577 3312 ϐολῆς
2606 3243 2703 3311 τὴν
2734 3240 2931 3293 ἑαυτοῦ
2960 3239 3265 3309 παρουσίαν
3290 3240 3357 3308 τῇ
3389 3236 3622 3307 βασιλίδι
3648 3230 4002 3303 χαρίσασθαι.

737 3314 839 3367 lem
872 3314 1240 3369 obedientiam
1281 3319 1657 3387 vituperanda:
1704 3323 2086 3380 inobedientiaa
2133 3329 2309 3397 pctio-

734 3420 849 3459 rem
897 3406 1141 3469 haberet,
1187 3423 1493 3477 quanquam
1543 3414 1824 3477 renitens,
1859 3416 2005 3471 viros
2056 3418 2314 3476 ductores

737 3498 947 3552 itineris
983 3508 1224 3554 actutum
1264 3511 1482 3557 secutus
1519 3514 1623 3559 est.
1659 3505 1959 3563 Ubiautem
1994 3510 2309 3579 imperator,

736 3592 787 3644 id
815 3591 957 3659 quod
1008 3594 1312 3661 satagebat,
1373 3593 1584 3660 ell'ecit,
1635 3612 1698 3652 ac
1744 3615 1929 3654 coram
1985 3614 2311 3671 praesentem

734 3696 879 3744 cum,
922 3679 1075 3750 cujus
1109 3684 1382 3737 desiderio
1411 3678 1718 3755 tenebatur,
1757 3694 2081 3761 conspexit;
2114 3696 2166 3749 in
2201 3697 2314 3751 hare

735 3773 921 3834 verba,
956 3783 1015 3825 ut
1045 3774 1217 3837 aiunt,
1255 3775 1321 3828 ad
1350 3790 1474 3829 eum
1504 3777 1716 3833 loeutus
1741 3792 1823 3834 est
1858 3798 1872 3835 :
1910 3782 2037 3839 Mihi
2069 3787 2310 3855 quidem,

735 3862 818 3914 vir
853 3862 966 3915 Deo
998 3864 1398 3932 acceptissimo,
1426 3868 1693 3937 siquidem
1732 3870 1815 3927 l'as
1843 3882 1989 3929 esset
2026 3875 2118 3930 Dei
2160 3894 2313 3932 tuan-

736 3951 859 4004 data
889 3952 941 4004 in
988 3952 1227 4009 minimis
1274 3955 1476 4011 habere
1530 3972 1829 4032 eorumque
1861 3978 2025 4031 opere
2070 3969 2314 4039 neglecto

736 4042 1002 4108 publicam
1042 4060 1154 4097 rem
1203 4048 1614 4115 administrare,
1645 4052 1697 4105 in
1731 4066 1980 4124 promptu
2013 4068 2130 4112 erat
2162 4075 2313 4129 quaa-

736 4134 856 4183 dam
890 4133 1164 4187 sedurtrix
1202 4149 1267 4189 ac
1296 4136 1402 4189 lata
1441 4139 1548 4203 via,
1586 4156 1693 4209 qua
1721 4144 1942 4198 obvium
1979 4152 2311 4219 quempiam,

737 4224 883 4277 nullo
916 4228 1185 4282 anteriori
1226 4232 1422 4285 merito
1454 4240 1515 4285 ut
1554 4235 1801 4304 pontifex
1851 4239 2006 4294 ﬁeret
2037 4255 2316 4298 commen-

736 4316 987 4379 dabilem,
1026 4319 1120 4372 sed
1151 4319 1239 4386 qui
1270 4322 1610 4380 solummodo
1660 4327 1840 4394 vellet,
1895 4332 2017 4385 urbi
2054 4334 2315 4403 Augustae

737 4406 1091 4474 praeﬁcerem.
1131 4408 1265 4476 Quia
1300 4428 1429 4469 vero
1456 4414 1653 4470 divinis
1681 4416 1979 4488 Scriptura:
2010 4423 2313 4480 documen-

739 4498 805 4550 tis
853 4499 1100 4554 eruditus
1146 4502 1296 4567 scio,
1342 4506 1557 4574 qualem
1604 4522 1725 4564 esse
1776 4521 2027 4580 oporteat
2076 4514 2313 4571 futurum

2428 3332 2486 3383 Ὀ
2529 3330 2715 3401 δὲτὴν
2765 3330 3168 3398 ἐπαινουμένην
3212 3328 3459 3398 ὑπακοὴν
3503 3326 3703 3395 μᾶλλον
3735 3324 3831 3390 τῆς
3880 3325 4004 3374 sm-

2414 3420 2587 3490 ψόγου
2637 3420 2925 3490 παρακοῆς
2975 3420 3372 3488 ἁνθελὸμενος,
3426 3418 3521 3469 καὶ
3561 3416 3657 3484 οὐχ
3706 3412 3848 3466 ἑκὼν
3893 3414 4004 3473 τοῖς

2416 3514 2569 3580 ἄγειν
2600 3511 2879 3566 ἐθέλουσιν
2910 3511 3114 3565 εἵπετο.
3151 3510 3259 3563 Καὶ
3294 3510 3415 3561 ἐπεὶ
3440 3508 3517 3577 τῷ
3547 3506 3913 3575 αὐτοκράτορι
3945 3503 4006 3556 τὸ

2417 3604 2749 3674 ζητούμενον
2802 3604 3000 3673 ἤνυστο
3027 3646 3041 3668 ,
3101 3602 3197 3656 καὶ
3252 3603 3372 3654 κατ’
3409 3600 3531 3669 ὄψιν
3575 3594 3724 3668 εἶχεν
3767 3599 3902 3667 ὸρᾷν
3945 3595 4007 3647 τὸ

2416 3694 2781 3763 ποθούμενον,
2816 3693 2993 3747 ταῧτα
3043 3694 3180 3763 πρὸς
3224 3692 3389 3747 αὐτὸν
3419 3690 3714 3760 διειλέχθαι
3761 3688 4002 3771 λέηγεταιο

2428 3787 2585 3853 Ἐμοὶ
2613 3787 2733 3856 μὲν,
2765 3782 2809 3840 ὦ
2837 3788 2971 3857 ἄνερ
3001 3786 3122 3855 Θεῷ
3156 3786 3592 3855 μεμελετημένε,
3622 3785 3779 3852 είπερ
3806 3778 3873 3850 ἦν
3899 3780 4018 3833 τῶν

2418 3878 2575 3931 θείων
2610 3880 3007 3949 κατολιγωρεῖν
3055 3877 3436 3950 προστάξεων,
3491 3879 3586 3929 καὶ⁸
3631 3874 3864 3946 ἀμελείᾳ
3904 3871 4006 3941 τῆς

2416 3969 2621 4024 τούτων
2656 3970 2925 4041 ἐργασίας
2973 3970 3389 4041 ἐπιμελεῖσθαι,
3419 3964 3486 4040 ἦν
3530 3969 3639 4037 ἄρα
3681 3983 3763 4029 τις
3797 3967 4006 4034 πλάνης

2415 4080 2474 4115 τε
2529 4063 2623 4116 καὶ
2671 4064 2903 4117 πλατεῖα
2943 4063 3091 4127 ὁδὸς,
3126 4063 3193 4115 δι’
3224 4058 3292 4133 ἦς
3325 4063 3420 4114 καὶ
3458 4061 3550 4114 τὸν
3592 4061 3821 4130 τυχόντα
3846 4098 3861 4121 ,
3913 4057 4007 4109 καὶ

2416 4152 2564 4216 ἄξιον
2601 4154 2769 4222 μηδὲν
2800 4154 3294 4224 προεισενεγκόντα
3323 4152 3419 4204 τοῦ
3463 4152 3706 4222 βήματος
3739 4150 3877 4218 πλὴν
3910 4148 4005 4201 τοῦ

2418 4241 2727 4313 βούλεσθαι,
2755 4245 3022 4315 ἀρχιερέα
3042 4247 3107 4314 τῇ
3138 4244 3368 4314 βασιλίδι
3394 4243 3827 4312 προστήσασθαι.
3866 4241 4006 4294 Ἀλλ’

2417 4335 2603 4406 ἐπειδὴ
2648 4335 2819 4405 παρὰ⁴
2841 4338 2940 4404 τῆς
2972 4337 3124 4400 θείας
3168 4337 3393 4407 Γραφῆς
3428 4335 3859 4405 νενουθέτημαι,
3895 4328 4008 4385 οἷον

2417 4420 2557 4478 εἶναι
2585 4427 2668 4479 δεῖ
2696 4429 2785 4480 τὸν
2817 4427 3067 4497 ἱερᾶσθαι
3098 4429 3359 4496 μέλλοντα
3390 4429 3485 4481 καὶ
3519 4428 3713 4488 ἄλλους
3743 4429 3823 4488 εἰς
3847 4424 4009 4477 τοῦτο

2420 4520 2680 4588 προάγειν
2710 4519 3019 4589 ὀφείλοντα,
3048 4521 3130 4573 ὅτι
3163 4520 3367 4590 ὑψηλὸν
3397 4520 3569 4589 ἀρετῇ
3606 4519 3701 4570 καὶ
3729 4518 4009 4583 ἀνέπαφον

736 4591 1075 4644 sacerdmem
1112 4602 1165 4646 et
1197 4595 1465 4663 imprimis
1492 4613 1638 4665 eum,
1683 4603 1839 4669 cujus
1872 4606 1945 4659 sit
1984 4608 2050 4661 ad
2085 4609 2312 4677 gradum

2420 4610 2655 4679 χείλεσι,
2689 4609 2931 4678 γνῶσινο
2962 4610 3434 4680 φυλάσσοντακαὶ
3472 4611 3635 4679 νόμον
3669 4608 4010 4677 ὲκζητούμε-

735 4678 1004 4745 ejusmodi
1037 4685 1337 4749 provehere
1367 4687 1540 4755 alios;
1579 4691 1835 4747 nimirum
1881 4696 2168 4753 sublimem
2205 4702 2315 4755 vir-

736 4776 852 4821 tute
896 4786 958 4825 ac
1004 4772 1161 4828 labiis
1211 4775 1501 4848 intactum,
1537 4782 1630 4851 qui
1674 4785 1962 4842 scientiam
2016 4793 2312 4858 custodiat,

678 4886 681 4889 η
737 4869 900 4927 atque
931 4865 1256 4933 exquisitam
1290 4867 1460 4939 legem
1496 4872 1549 4925 in
1581 4888 1676 4927 ore
1716 4874 1921 4941 ferens,
1952 4880 2164 4937 Domini
2195 4900 2316 4938 om-

738 4948 1031 5018 nipotentis
1089 4957 1310 5024 angelus
1374 4961 1591 5029 audiat;
1648 4954 1844 5022 vereor
1893 4986 1962 5026 ne
2011 4988 2167 5029 saera
2222 4977 2312 5032 illa

739 5043 1109 5103 admonitione
1144 5060 1349 5119 spreta,
1387 5056 1727 5125 negligentia:
1759 5062 1881 5116 dein
1908 5079 2121 5133 ptenas,
2151 5068 2315 5139 inque

743 5149 922 5188 meum
957 5150 1120 5208 caput
1167 5143 1317 5197 diras
1356 5146 1655 5202 intentatas
1698 5166 1995 5207 arcessam.
2025 5155 2179 5214 Nunc
2215 5161 2317 5231 igi-

739 5234 827 5279 tur
854 5242 976 5282 cnm
1020 5228 1160 5286 Deus
1192 5238 1486 5291 sacerdotii
1528 5256 1736 5309 arcem,
1769 5246 2118 5320 cmlestisque
2143 5228 2306 5322 hujus

739 5320 896 5373 stadii
928 5323 1080 5378 vobis
1107 5326 1349 5382 habenas
1373 5334 1687 5399 concredat,
1718 5352 1805 5402 ne,
1838 5355 2046 5408 qumso,
2070 5320 2313 5400 vocatio-

739 5422 861 5461 nem
900 5417 1217 5480 respueritis
1249 5422 1390 5475 :sed
1417 5424 1657 5481 divinum
1690 5431 1986 5489 subeuntes
2014 5425 2312 5504 certamen,

742 5506 795 5560 in
833 5507 883 5560 id
915 5512 1095 5578 potius
1158 5517 1436 5583 respicite,
1469 5523 1615 5589 quod
1644 5540 1673 5578 e
1710 5530 1985 5584 communi
2015 5532 2190 5589 salute
2220 5535 2311 5589 sit.

741 5597 954 5653 Scimus
997 5603 1142 5657 enim
1187 5620 1278 5662 vos
1322 5608 1477 5678 juxta
1523 5622 1670 5669 tuum
1701 5631 1764 5673 ac
1797 5634 2140 5678 communem
2178 5639 2316 5695 pra:-

814 5807 838 5835 ο
869 5817 972 5856 ms.
997 5803 1169 5867 γνὼον

2419 4718 2507 4753 νον
2537 4703 2595 4753 ἐν
2622 4702 2851 4768 στόματι
2886 4702 3144 4771 φέροντα,
3175 4704 3269 4755 καλ⁵
3296 4702 3385 4756 διὰ
3408 4701 3563 4755 τοῦτο
3596 4698 4009 4772 χρηματίζοντα

2418 4792 2625 4862 Κυρίου
2670 4795 3112 4866 παντοκράτορος
3150 4794 3381 4862 ἄγγελον
3404 4811 3419 4825 ·
3454 4794 3601 4847 δέδια
3641 4794 3715 4863 μὴ
3766 4793 3823 4845 τί
3861 4791 4009 4862 ἱερὸν

2416 4884 2595 4936 ἐκεῖνο
2623 4886 2982 4955 παραὸλέψας
3014 4886 3350 4955 νουθέτημα,
3386 4886 3644 4955 ἀμελείας
3692 4884 3901 4935 ύποίσω
3933 4881 4012 4935 δί-

2419 4993 2543 5044 κην,
2576 4976 2673 5029 καὶ
2699 4976 2798 5047 τὴν
2843 4976 3249 5048 ἁπειλουμένην
3289 4979 3429 5047 ἀρὰν
3456 4980 3536 5040 εἰς
3567 4976 3804 5049 ὲμαυξὸν
3839 4978 4010 5027 ἐκκα-

2422 5067 2674 5138 λέσομαι.
2705 5067 2816 5121 Νῦν
2845 5065 2938 5122 οὖν
2965 5069 3102 5122 Θεοῦ
3132 5071 3230 5139 τὴν
3264 5068 3571 5140 ἱερωσύνην
3602 5069 3697 5119 καὶ
3726 5068 3823 5128 τὰς
3852 5065 4013 5133 ἡνίας

2423 5157 2516 5210 τοῦ
2542 5160 2797 5229 οὐρανίου
2837 5161 3034 5213 τούτου
3059 5161 3439 5230 διαύλουῶμῖν
3477 5158 3901 5229 ἐγχειρίζοντος,
3935 5157 4011 5224 μὴ

2422 5251 2819 5306 ἀπαναίνεσθαι
2857 5252 2956 5323 τὴν
3005 5254 3230 5321 κλῆσιν,
3273 5254 3388 5305 ἀλλ’
3426 5252 3698 5305 ὑποδύντα
3744 5250 3834 5301 τὸν
3869 5248 4014 5302 θεῖον

2422 5344 2633 5411 ἀγῶνα,
2676 5347 2813 5417 πρὸς
2861 5347 2922 5399 τὸ
2978 5350 3131 5417 κοινῇ
3173 5347 3484 5401 λυσιτελοῦν
3541 5346 3771 5415 ἁςρορᾷν.
3824 5345 4014 5411 Ἶσμ.εν

2422 5437 2531 5505 γὰρ
2557 5437 2654 5501 ὡς,
2678 5440 2822 5491 κατά
2847 5439 2937 5492 τὸν
2966 5440 3057 5492 σὺν
3081 5442 3175 5492 καὶ
3200 5439 3374 5491 κοινὸν
3399 5437 3752 5507 καθηγεμόνα
3774 5434 4010 5499 Παῦλον,

2404 5530 2501 5600 ,μὴ
2536 5531 2673 5600 πρὸς
2701 5531 2840 5601 ἀέρα
2864 5532 2960 5601 τὴν
2991 5532 3260 5601 πυκτικὴν
3292 5528 3685 5592 ἐπιδείξασθαι,
3722 5526 3854 5597 μηδὲ
3880 5526 4014 5596 δρα-

2428 5623 2647 5695 μεῖσθαι
2690 5625 2835 5696 ὑμᾶς
2879 5626 3245 5698 ἀκατάληπτα
3273 5642 3285 5655 ·
3326 5624 3753 5696 τεθαρῤήκαμεν
3807 5620 3862 5673 δὲ
3911 5619 4014 5689 τῆς
