4240 6438
188 444 254 507 65
1730 440 1906 500 VlTA
3393 443 3464 506 eo

185 555 621 629 προανυσθείσης
666 554 1036 621 δουλαγωγίας
1083 551 1177 604 τοῦ
1223 550 1475 622 σώματος
1530 551 1666 619 προς
1712 550 1774 600 τὸ
1802 564 1843 612 Α

1802 564 1843 612 Α
1875 561 2150 619 ceptorem
2181 548 2407 603 Paulum
2435 551 2454 582 '
2480 564 2586 604 non
2614 549 2925 606 decertasse
2957 552 3222 607 adversus
3259 567 3463 621 aerem,

185 652 298 710 τοῖς
333 647 517 707 ἄλλοις
555 645 789 714 κηρύξαι
812 686 825 706 ,
862 644 955 695 καὶ
982 647 1042 696 τὸ
1082 642 1347 712 ὑμέτερον
1380 640 1606 709 δόκιμον
1631 640 1771 709 ὑπὲρ

186 739 408 809 χρυσίον
445 736 795 804 ἐκλάμψειεν.
833 736 925 805 Μὴ
955 735 1022 803 δὴ
1058 734 1218 803 μόνον
1256 732 1500 802 σωθῆναι
1530 732 1628 801 τὴν
1657 733 1772 785 ἱκε-

188 831 308 882 σίαν
336 829 474 898 πρὸς
510 828 571 878 τὸ
596 827 749 879 Θεῖον
783 825 1054 878 ποιεῖσθαι
1089 823 1364 894 βιάζεσθε,
1403 823 1540 891 μηδὲ
1569 822 1646 891 τῷ
1677 840 1774 891 μο-

187 919 437 987 νπιτῴπῳ
473 917 565 968 τοῦ
612 916 728 986 βίου
761 919 822 968 τὸ
858 916 978 968 καθ’
1025 917 1251 977 ἑαυτοὺς
1293 915 1498 983 ζητεῖν,
1538 913 1674 967 ἀλλὰ
1716 913 1775 966 τὸ

189 1013 398 1071 πάντας
427 1005 524 1078 τῆς
563 1011 838 1079 σωτηρίας
876 1012 1061 1078 τυχεῖν
1103 1007 1504 1060 ἑπισπεύδοιτε.
1538 1005 1775 1076 Νύμφην

187 1101 532 1172 ὡραιοτάτην
563 1099 661 1169 τὴν
707 1099 1034 1168 Ἐκκλησίαν
1076 1099 1351 1168 ἡγεῖσθαι,
1390 1096 1668 1168 ἁρμόδιον,
1699 1095 1776 1165 τῷ

192 1191 515 1260 μαργαρίτῃ
550 1191 646 1260 μὲν
691 1191 799 1242 τῶν
830 1191 1008 1260 ὀρθῶν
1040 1193 1135 1243 καὶ
1167 1189 1456 1242 ἀθολώτων
1489 1189 1776 1258 δογμάτων

187 1283 246 1334 τὸ
275 1283 502 1350 εὐήκοον
528 1279 618 1345 οὖς
649 1284 1143 1352 περισφίγγουσαν,
1183 1281 1262 1351 τῷ
1299 1281 1550 1350 στεφάνῳ
1576 1281 1633 1332 δὲ
1667 1280 1777 1331 τῶν

190 1377 430 1445 χαρίτων
462 1378 535 1438 ὡς
561 1375 884 1444 ὑπερτίμοις
912 1374 1080 1437 λίθοις
1110 1375 1221 1436 τοῖς
1255 1375 1545 1442 [ἰατρικοῖς
1577 1373 1777 1439 λογίοις

191 1465 662 1535 καταυγαζομένῳ
681 1465 779 1534 τὴν
803 1464 1046 1536 κορυφὴν
1071 1465 1551 1535 περιστέλλουσαν,
1576 1464 1777 1533 κόσμον

190 1558 245 1611 δὲ
276 1560 366 1612 τὸν
396 1562 452 1612 ὲν
486 1561 729 1630 στέρνοις
761 1558 856 1612 ac:
906 1557 1157 1628 μηνίσκῳ
1188 1561 1494 1629 παγχρύσῳ
1528 1559 1606 1628 τῷ
1644 1559 1775 1611 ἑπτ-

193 1650 416 1720 αρίθμῳ
435 1650 542 1702 τῶν
565 1648 941 1702 θεοπνεύστων
971 1649 1199 1701 συνόδων
1222 1649 1331 1719 ὅρῳ
1355 1649 1431 1719 τῷ
1459 1650 1657 1718 ἑαυτῆς
1679 1650 1776 1702 αὺ-

192 1741 310 1810 χένι
352 1741 631 1810 μυστικῶς
675 1742 1100 1809 ἀναρτήσασαν,
1146 1738 1348 1792 έτωθέν
1385 1757 1445 1791 τε
1491 1740 1589 1811 τὴν
1619 1739 1777 1803 δόξαν

193 1837 378 1888 πᾶσαν
425 1835 904 1906 περιϐεϐλημένην
939 1837 1031 1888 καὶ
1081 1835 1457 1902 εὐαγγελικῶς
1502 1837 1780 1888 πεποικιλ-

1883 658 2004 696 eum
2043 641 2415 706 verberando;
2467 656 2568 696 nec
2619 643 2691 695 ita
2727 659 2888 698 cursu
2930 644 3219 700 defunctos
3263 655 3320 697 ut
3357 662 3466 700 non

1883 733 2466 800 comprehenderetis:
2504 735 2598 788 sed
2641 735 2819 803 potius
2870 736 2936 788 ad
2990 751 3176 788 eorum
3220 736 3466 790 evasisse

1884 823 2296 894 perfectionem,
2354 841 2583 893 quorum
2618 838 2872 880 anteacta
2928 829 3170 894 corporis
3227 830 3466 896 castiga-

1887 915 2030 970 tione
2065 917 2290 986 probata
2345 917 2521 970 virtus
2573 930 2736 984 super
2785 933 2980 970 aurum
3030 919 3241 970 enituit.
3289 917 3468 973 Nolite

1888 1022 2017 1061 vero
2064 1018 2261 1062 vestra:
2289 1008 2556 1061 duntaxat
2584 1009 2778 1062 salutis
2809 1025 2969 1062 causa
3002 1009 3109 1063 Deo
3138 1009 3466 1078 supplicare;

1886 1117 1984 1156 nec
2020 1101 2143 1154 vita:
2175 1102 2484 1157 monasticae
2531 1105 2875 1171 compendio,
2917 1106 3060 1172 quod
3107 1115 3189 1158 est
3224 1114 3466 1158 vestrum

1883 1192 2239 1257 aemulemini,
2292 1195 2384 1248 sed
2431 1205 2490 1249 ut
2541 1210 2730 1249 omnes
2779 1197 3009 1249 salutem
3063 1209 3470 1263 consequantur

1885 1288 2135 1356 satagite.
2196 1285 2458 1357 Sponsam
2513 1288 2968 1341 formosissimum
3015 1286 3310 1340 Ecrlesiam
3355 1289 3471 1342 exi-

1885 1384 2125 1446 stimate,
2153 1382 2304 1451 cujus
2329 1383 2722 1448 obsequentem
2743 1395 2951 1443 aurem,
2979 1394 3254 1434 rectorum
3275 1397 3337 1433 ac
3369 1396 3470 1448 pu-

1887 1472 2226 1527 rissitnorum
2317 1473 2664 1526 decretorum
2742 1473 3099 1540 margaritum
3163 1473 3466 1540 astringat;

1886 1573 2046 1632 caput
2079 1565 2379 1634 gratiarum
2433 1578 2654 1628 corona,
2695 1562 2917 1617 Patrum
2957 1563 3189 1631 eloquiis
3221 1577 3318 1615 ceu
3345 1578 3469 1629 pre-

1887 1657 2197 1710 tiosissimis
2254 1655 2470 1724 capillis
2528 1655 2765 1708 miriﬁce
2839 1655 3142 1724 eﬂ'nlgens.
3206 1657 3468 1723 praeclare

1885 1749 2100 1817 cingat;
2131 1756 2318 1816 pectus
2366 1756 2589 1815 septena
2621 1747 2927 1799 divinarum
2968 1748 3297 1815 synodorum
3333 1745 3460 1798 deﬁ-

1887 1841 2023 1894 nitio
2052 1840 2448 1908 atqueregula,
2482 1840 2628 1891 velut
2659 1853 2857 1891 aureus
2886 1847 3129 1906 torques,
3180 1838 3409 1908 mystice
3438 1854 3469 1891 ο

197 1928 367 1996 μένην
398 1929 510 1988 τοῖς
543 1928 709 1997 ἱεροῖς
736 1928 828 1977 καὶ
865 1928 1083 1994 σεμνοῖς
1107 1924 1489 1994 ὲκτυπώμασι.
1519 1928 1608 1997 Μὴ
1644 1943 1777 1996 πορ-
1813 1917 1852 1974 Β

1813 1917 1852 1974 Β
1881 1933 2026 1988 collo,
2069 1933 2308 2000 pendens
2333 1971 2347 1994 ,
2405 1931 2687 1999 magnifice
2738 1941 2967 1984 exornet
3004 1949 3017 1983 :
3049 1946 3166 1997 quae
3233 1932 3468 1998 denique

194 2019 344 2080 νικός
377 2036 461 2080 τις
499 2019 590 2072 τὸν
625 2017 824 2087 τρόπον
854 2017 1060 2086 ταύτην
1104 2017 1532 2088 μνηστεύσηται,
1567 2020 1776 2089 αἱρετι-

198 2112 297 2181 κῆς
328 2114 387 2163 ὲν
413 2112 548 2181 αὐτῇ
576 2111 741 2180 γονῆς
766 2110 1103 2180 ἐπισπείρων
1128 2109 1361 2173 ζιζάνια,
1387 2113 1479 2163 καὶ
1502 2111 1561 2162 τὸ
1587 2111 1779 2172 κάλλος

194 2203 302 2254 τῶν
333 2203 507 2272 αὐτῆς
533 2202 771 2272 γνησίων
805 2201 897 2253 καὶ
923 2200 1127 2253 τέκνων
1157 2200 1466 2253 νοθεύσειεν
1491 2218 1503 2230 ·
1537 2201 1671 2270 μηδὲ
1702 2201 1780 2270 τῷ

194 2295 390 2364 ἡμέρῳ
432 2295 614 2364 κωδίῳ
646 2295 744 2362 τὴν
788 2293 917 2359 ὑγιᾶ
960 2293 1143 2344 πίστιν
1192 2292 1651 2361 ὑποκρινόμενος,
1691 2293 1781 2343 τὸν

195 2387 411 2439 ἔνδοθεν
449 2387 613 2463 λρκσν
659 2388 757 2456 τῆς
805 2386 1058 2447 ἀπιστίας
1116 2383 1454 2454 γυμνώσειεν
1505 2385 1598 2436 καὶ
1643 2384 1776 2452 πρὸς

193 2479 295 2548 ὅρη
327 2481 422 2531 καὶ
453 2468 672 2541 τόπους,
702 2477 793 2539 οὒς
815 2478 915 2529 οὐκ
949 2478 1238 2528 ἐπισκοπεῖ
1271 2474 1494 2544 Κύριος,
1529 2474 1627 2543 τὴν
1662 2471 1777 2525 ποί-

199 2587 336 2637 μνην
367 2568 641 2635 ὲξώσειεν.
685 2569 863 2638 ’Έχων
904 2562 996 2620 οὖν
1026 2567 1116 2619 τὸν
1142 2566 1236 2619 τοῦ
1274 2565 1410 2617 Θεοῦ
1444 2566 1610 2634 ἀμνὸν
1643 2565 1776 2633 Χρι-

197 2661 322 2712 στὸν
347 2662 438 2712 τὸν
466 2661 717 2729 ἀληθινὸν
746 2660 880 2713 Θεὸν
906 2660 1061 2730 ἡμῶν
1093 2660 1228 2729 πρὸς
1264 2656 1628 2726 ποιμαντικὴν
1656 2658 1780 2707 επι-

198 2753 414 2821 στημην
444 2753 747 2822 συνέριθον,
781 2754 876 2804 καὶ
907 2751 1211 2821 βακτηρίαν
1236 2749 1327 2800 τὸν
1357 2747 1519 2802 αὑτοῦ
1549 2745 1782 2814 σταυρὸν

197 2842 336 2913 πρὸς
370 2843 696 2914 ὀρθοτομίαν
742 2845 842 2914 τὴν
881 2844 1118 2912 ποίμνην
1160 2841 1494 2911 ὲρείδουσαν,
1538 2838 1610 2910 μὴ
1648 2840 1780 2890 ἁπο-

195 2933 402 3002 τρέπου
452 2934 548 3005 τὴν
591 2935 813 3003 κλῆσιν,
855 2935 990 3004 μηδὲ
1035 2934 1126 2986 τὸν
1171 2931 1375 2986 ἱκέσιον
1427 2932 1582 3001 ἡμῶν
1623 2930 1778 2998 λόγον

197 3023 450 3098 ἐλέγξῃς,
492 3029 563 3096 μή
591 3027 861 3096 σοι’πρδς
899 3026 1031 3078 Θεὸν
1065 3027 1276 3094 μήνιμα
1315 3023 1560 3091 γένηται.

1881 2026 2024 2080 omni
2049 2027 2114 2078 ab
2137 2027 2280 2078 intus
2306 2025 2474 2091 gloria
2504 2025 2840 2078 circumdata
2879 2024 2970 2086 sit,
2996 2037 3388 2088 sacrarumque
3404 2036 3467 2074 ac

1885 2119 2276 2174 venerabilium
2328 2119 2622 2185 imaginum
2661 2116 2813 2169 vario
2849 2115 3047 2168 amictu
3077 2114 3392 2182 evangelica
3439 2128 3469 2164 e

1887 2213 2094 2264 ratione
2153 2209 2433 2262 honestata
2489 2210 2791 2276 splendeat.
2869 2207 3187 2260 Cavendum
3245 2216 3332 2259 est
3369 2221 3466 2259 no-

1886 2303 1968 2356 bis
1997 2315 2062 2354 ne
2093 2301 2212 2368 quis
2233 2302 2483 2352 mmcltus
2511 2300 2755 2353 moribus
2782 2301 2919 2352 hanc
2953 2299 3054 2352 sibi
3091 2313 3209 2350 eam
3243 2299 3467 2364 tlespon-

1887 2393 2031 2453 deat,
2068 2390 2158 2459 qui
2211 2389 2479 2442 lueretij
2532 2393 2583 2442 in
2631 2403 2694 2441 ea
2741 2389 2944 2442 sobolis
2996 2388 3203 2440 zizania
3251 2400 3465 2448 serens,

1889 2493 2142 2531 verorum
2193 2478 2426 2530 Iiliurum
2478 2478 2595 2544 ejus
2647 2478 3112 2545 pulchritudinem
3153 2476 3467 2531 adulteret:

1891 2583 1953 2621 ac
1982 2569 2178 2621 blando
2204 2569 2322 2622 ovis
2349 2568 2546 2621 vellere
2572 2583 2761 2622 sanam
2795 2569 3063 2621 mentiens
3087 2566 3266 2628 fidem,
3296 2567 3472 2619 incre-

1890 2661 2132 2714 dulitatis
2178 2671 2341 2729 atque
2401 2660 2706 2713 diﬂidentize
2748 2660 2927 2726 lupum
2967 2661 3111 2712 intus
3157 2660 3338 2711 animo
3376 2657 3471 2710 de-

1888 2763 2055 2821 legat,
2080 2754 2240 2821 inque
2265 2769 2488 2820 asperos
2519 2763 2730 2806 montes
2755 2771 2815 2804 at:
2843 2755 2976 2815 loca,
3008 2769 3123 2819 quae
3159 2767 3262 2803 non
3289 2750 3471 2802 visitat

1888 2844 2166 2907 Dominus,
2209 2859 2426 2912 gregem
2460 2844 2714 2912 expellat.
2753 2844 2888 2898 Cum
2935 2846 3100 2909 igitur
3138 2858 3333 2911 agnum
3375 2840 3470 2893 Dei

1883 2934 2186 3000 Christum,
2222 2950 2407 2988 verum
2437 2934 2604 2988 Demu
2642 2947 2914 2996 nostrum,
2951 2935 3239 3002 pastoralis
3263 2931 3472 2999 peritiae

1885 3026 2187 3092 adjutorem
2217 3027 2442 3090 habeas,
2477 3028 2784 3094 pedumque
2810 3027 2927 3093 ejus
2957 3041 3194 3089 erucem,
3227 3039 3331 3092 qua
3371 3022 3472 3072 [ul-

197 3115 313 3172 cias
345 3130 584 3182 gregi-tn,
615 3128 669 3169 ut
723 3129 871 3173 recto
905 3116 1025 3170 ﬁdei
1063 3119 1279 3170 tramite
1331 3117 1580 3180 incedat;
1621 3131 1687 3170 ne
1735 3117 2079 3171 vocationem
2135 3134 2397 3188 rcspuas,
2452 3133 2588 3172 neve
2644 3119 2940 3189 supplicent
2975 3127 3218 3171 nostram
3261 3114 3472 3170 oratio-

201 3221 324 3260 nem
361 3223 642 3276 speruens,
685 3210 773 3262 Dei
805 3212 855 3263 in
891 3220 938 3263 te
978 3211 1114 3264 iram
1144 3225 1441 3279 provocare
1463 3199 1780 3278 praisuntas.

271 3369 381 3431 κγ.
410 3365 468 3416 'U
490 3365 546 3416 δὲ
569 3370 687 3427 ταῖς
709 3366 804 3417 τοῦ
831 3365 1094 3434 βασιλέως
1122 3367 1445 3437 ὑποθήκαις,
1473 3361 1559 3418 οἷα
1591 3366 1791 3436 βολίσιν
1820 3375 1862 3430 c

1820 3375 1862 3430 ε
1967 3369 2055 3422 2'5.
2089 3369 2182 3423 llle
2216 3369 2564 3438 imperatoris
2594 3371 2812 3423 monitis
2842 3384 2902 3422 ac
2929 3369 3294 3430 documentis,
3328 3368 3472 3424 velut

201 3457 268 3508 ἐκ
307 3455 532 3525 καρδίας
568 3456 930 3524 πεμφθείςαις
967 3459 1159 3520 τυπεὶς
1200 3460 1296 3526 τὴν
1339 3459 1602 3521 διάνοιαν,
1640 3459 1745 3526 ἔφη
1769 3475 1780 3486 ·

213 3547 357 3600 Ἀλλ’
397 3548 541 3617 ἐμοὶ,
594 3549 757 3616 φησὶν
782 3588 795 3610 ,
825 3544 868 3598 ὦ
899 3545 1151 3616 βασιλεῦ,
1197 3549 1435 3618 ποίμνης
1470 3549 1786 3600 ἐπιστατεῖν

201 3639 428 3707 λογικῆς
462 3638 668 3700 ἐκεῖνος
697 3637 847 3702 ἄξιος
883 3638 1302 3706 καταφαίνεται,
1336 3632 1380 3705 ᾧ
1418 3639 1583 3708 μηδὲν
1616 3640 1680 3707 τῇ
1716 3639 1783 3706 γῇ

203 3730 302 3782 καὶ
345 3727 494 3798 αὖτῷ
525 3727 990 3799 προσῴικείωταις
1038 3728 1219 3781 αὐτῶν
1264 3728 1319 3781 δὲ
1361 3728 1468 3780 τῶν
1519 3728 1788 3799 οὐρανίων

204 3823 412 3893 ἀψίδων
448 3823 719 3895 μηδεμιᾶς
756 3823 1127 3893 κατασπώσης
1154 3826 1417 3894 σαρκικῆς
1458 3823 1590 3889 ὓλης
1623 3823 1787 3885 πόθος

203 3918 457 3986 ἀπλανὴς
477 3919 769 3987 ἐντέτηκεν
789 3917 1246 3988 ὲπιλήψεσθαι,δς
1276 3919 1350 3987 μὴ
1378 3919 1496 3979 ταῖς
1520 3933 1788 3987 προφητι-

206 4011 320 4072 κῶς
353 4010 774 4080 ἀπειλουμέναις
796 4012 956 4080 ἀραῖς
981 4010 1124 4061 κατὰ
1145 4008 1252 4061 τῶν
1277 4009 1552 4078 ποιμένων
1574 4007 1787 4077 ἐδείχθη

208 4099 532 4164 ὑπεύθυνοςο
560 4101 617 4164 ὃς
650 4103 715 4172 τῇ
739 4100 832 4152 τοῦ
885 4101 1302 4171 Ἀρχιποῐμενος
1336 4101 1429 4154 καὶ
1464 4103 1623 4169 μόνου
1667 4099 1790 4169 Ἀρ-

207 4195 438 4263 χιερέως
491 4192 726 4262 Χριστοῦ
780 4193 1012 4262 μιμήσει
1062 4193 1201 4261 ὑπὲρ
1257 4193 1353 4263 τῆς
1407 4193 1640 4260 ποίμνης
1690 4192 1790 4262 τὴν

207 4282 405 4336 ἑαυτοῦ
431 4283 608 4353 ψυχὴν
639 4285 972 4353 προήσεσθαι
1008 4284 1313 4352 πρόθυμοςο
1351 4283 1409 4346 ὃς
1453 4284 1528 4352 μὴ
1562 4283 1698 4352 πρὸς
1731 4283 1790 4335 τὸ

208 4373 362 4426 θύειν
407 4375 503 4424 καὶ
546 4373 837 4426 ἀπολλύειν
887 4371 1235 4442 κλοπιμαίοις
1285 4373 1657 4441 διδασκαλίαις
1703 4372 1789 4424 διὰ

206 4465 306 4534 τῆς
344 4464 662 4535 παραθύρου
695 4468 758 4535 τῇ
801 4465 1013 4536 μάνδρᾳ.
1046 4468 1145 4535 τῆς
1196 4465 1524 4536 Ἐκκλησίας
1558 4465 1790 4534 ἐπέρχε-

207 4573 320 4618 ται,
358 4557 492 4624 πρὸς
523 4557 583 4608 τὸ
613 4556 900 4619 ζωοποιεῖν
929 4556 985 4608 δὲ
1015 4556 1107 4607 καὶ
1134 4555 1328 4618 σώζειν
1350 4557 1443 4607 καὶ
1474 4557 1532 4606 ἐν
1553 4559 1661 4618 τοῖς
1690 4557 1790 4624 τῆς

209 4647 448 4708 πίστεως
474 4649 658 4716 σηκοῖς
687 4648 951 4717 ὲγκισσᾷν
977 4647 1044 4698 τὰ
1069 4645 1362 4716 θρέμματα
1390 4647 1787 4715 μεμελέτηκεν,

206 4740 267 4800 ὃς
301 4739 436 4808 πρὸς
471 4741 577 4790 πᾶν
608 4735 737 4808 ἦθός
768 4755 827 4790 τε
863 4740 954 4791 καὶ
986 4738 1134 4808 βῆμα
1169 4740 1260 4790 καὶ
1293 4738 1509 4808 βλέμμα
1541 4741 1634 4792 καὶ
1666 4742 1790 4792 ἐπι-

206 4828 458 4897 τήδευμα
483 4826 590 4878 τῶν
620 4829 1061 4896 ποιμαινομένων
1091 4827 1374 4898 μερίζεται
1405 4828 1500 4880 καὶ
1529 4829 1664 4898 πρὸς
1692 4829 1790 4898 τὴν

208 4919 446 4973 ἑκάστου
480 4918 778 4989 θεραπείαν
810 4923 1196 4989 ποιμαντικαῖς
1230 4921 1482 4989 φροντίσι
1518 4921 1789 4973 ποικίλλεο

207 5028 324 5071 ται,
365 5011 429 5078 τῇ
466 5009 562 5078 μὲν
594 5008 864 5080 βακτηρίᾳ
911 5010 970 5061 τὸ
1009 5010 1190 5062 πλεῖον
1229 5010 1404 5072 διδοὺς
1439 5012 1787 5080 ὲπαναγούσῃ

208 5101 306 5154 καὶ
336 5099 699 5172 ὑπερειδούσῃ
742 5100 838 5152 τοῦ
882 5101 1194 5168 πτώματος,
1227 5101 1382 5167 όλίγα
1420 5100 1567 5171 δὲτῇ
1611 5103 1790 5172 ῥάϐδῳ

211 5193 694 5265 προ[σ]χρώμενος
726 5192 991 5262 ἀπλήγως
1027 5193 1339 5263 πληττούσῃ
1369 5194 1462 5245 καὶ
1493 5195 1676 5264 πάσης
1701 5197 1794 5250 ἀν-

209 5287 500 5349 τιπαθείας
523 5287 766 5358 τηρούσῃ
792 5289 880 5339 τὸν
910 5287 1035 5340 νοῦν
1057 5289 1475 5359 ἀπαράτρωτον.
1501 5292 1644 5360 Πρὸς
1671 5290 1793 5343 τοῦ-

209 5399 302 5434 τον
329 5381 714 5449 ἀπαράσκευος
746 5380 1034 5449 τυγχάνων
1066 5381 1175 5450 ἐγὼ
1205 5383 1295 5434 τὸν
1327 5384 1582 5452 πόλεμον,
1622 5387 1791 5453 ὲμαυ⁴

209 5474 304 5528 τὸν
336 5475 582 5528 καθεῖναι
621 5475 679 5526 οὐ
707 5473 966 5544 βούλομαι
1011 5475 1146 5546 πρὸς
1168 5454 1444 5545 ’ἀοράτους
1479 5477 1572 5528 καὶ
1612 5477 1792 5530 ἀδιαλ-

211 5569 449 5629 λὶκτους
473 5567 567 5619 καὶ
592 5565 966 5630 ἁδιαλείπτους
998 5568 1516 5638 παρατεταγμένους
1545 5568 1789 5633 ὁπλίτας.

287 5824 304 5851 ⁷
342 5831 363 5887 ι
396 5828 525 5887 Cor.
556 5847 630 5898 ix,
663 5831 756 5891 26.
799 5831 820 5859 ⁸
851 5830 962 5885 Jer.
993 5844 1154 5894 nni,
1191 5830 1240 5885 1.
1320 5831 1338 5860 ⁹
1372 5828 1526 5883 Joan.
1558 5823 1620 5896 χ,
1660 5830 1742 5883 Η.

1886 3460 2164 3529 jaculisex
2192 3461 2354 3514 corde
2384 3460 2664 3527 profectis,
2697 3458 2880 3511 animo
2913 3462 3130 3512 saucius
3164 3477 3175 3512 :
3213 3460 3280 3511 At
3315 3461 3469 3519 mihi.

1891 3553 2087 3621 inquit,
2136 3553 2456 3620 imperator,
2494 3553 2539 3604 is
2581 3552 2794 3604 demum
2836 3553 3030 3619 dignus
3090 3553 3325 3617 videtur,
3381 3553 3470 3618 qui

1890 3645 2036 3714 gregi
2075 3645 2318 3698 rationali
2356 3645 2704 3712 praeﬁciatur,
2744 3646 2829 3697 cui
2858 3660 2978 3697 cum
3018 3645 3248 3697 terrenis
3281 3658 3472 3695 ncces-

1892 3738 2073 3791 situdo
2112 3738 2258 3790 nulla
2305 3738 2626 3798 intercedit;
2657 3746 2710 3788 et
2744 3737 2829 3788 cui
2873 3737 3125 3789 cmlestes
3171 3749 3301 3791 axes
3337 3750 3471 3787 con-

1891 3830 2151 3898 sequendi
2195 3830 2344 3882 nullo
2398 3827 2605 3882 carnali
2654 3825 2849 3880 aﬂ'ectu
2900 3827 3232 3888 rctrabenle,
3289 3838 3473 3880 certus

1893 3938 2043 3975 amor
2081 3923 2263 3976 animo
2315 3921 2451 3974 ﬁxus
2499 3928 2629 3972 est:
2667 3919 2756 3987 qui
2812 3920 2946 3971 diris
3003 3919 3107 3971 illis
3156 3917 3473 3986 prophetico

1892 4011 2032 4064 orc'
2067 4011 2330 4064 adversus
2384 4018 2631 4077 pastores
2697 4007 2998 4070 intentatis,
3056 4007 3470 4075 haudquaquam

1893 4103 2160 4156 obnoxius
2199 4102 2570 4170 deprehensus
2620 4109 2702 4152 est
2738 4114 2753 4152 :
2790 4100 2882 4166 qui
2935 4097 3136 4151 Christi
3191 4107 3470 4166 pastorum

1897 4194 2157 4263 principis
2189 4193 2467 4260 soliusque
2492 4193 2762 4260 pontificis
2788 4188 3034 4256 exemplo
3059 4190 3294 4242 animam
3319 4203 3470 4241 suam

1895 4301 1991 4355 pro
2013 4299 2172 4354 grege
2195 4284 2407 4337 tradere
2436 4293 2657 4350 paratus
2685 4283 2844 4336 est’:
2877 4282 2966 4347 qui
3000 4297 3103 4333 non
3129 4281 3193 4333 ad
3223 4289 3470 4332 mactan-

1895 4380 2020 4432 dum
2077 4388 2240 4445 atque
2305 4376 2639 4445 perdendum
2701 4389 2795 4443 per
2862 4373 3092 4426 furtivas
3162 4373 3472 4436 doctrinas,

1894 4469 2110 4523 aliunde
2162 4484 2321 4537 quant
2368 4483 2464 4534 per
2518 4469 2715 4520 ostium
2767 4465 3069 4534 ingreditur
3106 4463 3158 4516 in
3211 4462 3471 4517 Ecclesia:

1896 4560 2034 4614 ovile
2073 4577 2085 4612 :
2123 4560 2213 4626 qui
2252 4574 2416 4610 unum
2449 4558 2549 4608 hoc
2573 4565 2803 4623 spectet,
2835 4563 2892 4605 ut
2920 4555 3009 4606 det
3040 4553 3224 4614 vitam,
3262 4563 3473 4604 servet-

1897 4667 2001 4716 que
2054 4664 2266 4719 gregem
2326 4648 2672 4705 incolumem,
2732 4655 2784 4698 et
2837 4646 2887 4697 in
2941 4643 3061 4704 ﬁdei
3114 4641 3284 4696 caulis
3342 4657 3472 4696 oves

1898 4745 2062 4797 faciat
2088 4743 2352 4796 fetilicare
2385 4759 2398 4793 :
2429 4741 2518 4810 qui
2549 4741 2615 4793 ad
2647 4755 2863 4794 onmem
2897 4738 3129 4791 indolem
3159 4752 3468 4803 tutoresque,

1899 4851 2165 4907 gressum,
2193 4845 2492 4903 aspectum,
2527 4834 2765 4887 studium
2804 4831 3143 4886 subditorum
3177 4831 3473 4893 sentietipse

1900 4926 2123 4991 dividat,
2152 4934 2313 4993 atque
2344 4924 2408 4977 ad
2443 4923 2775 4992 singulorum
2811 4938 2994 4975 curant
3031 4919 3289 4987 pastorali
3319 4918 3469 4970 solli-

1901 5017 2143 5072 citudine
2190 5017 2370 5070 varius
2415 5017 2608 5083 suique
2654 5015 2935 5068 dissimilis
2989 5014 3077 5065 liat
3113 5030 3123 5063 :
3153 5012 3304 5080 cujus
3352 5012 3471 5079 pedi

1903 5110 2078 5176 potior
2109 5123 2236 5161 usus
2279 5109 2348 5161 sit
2379 5116 2435 5161 ut
2463 5108 2734 5169 emendet,
2788 5119 2948 5174 atque
2981 5122 3008 5157 a
3045 5106 3194 5173 lapsu
3247 5103 3477 5172 benigne

1902 5201 2089 5254 fulciat
2123 5220 2135 5253 :
2168 5199 2343 5253 rarius
2395 5209 2577 5252 autem
2613 5213 2677 5252 co
2714 5208 2896 5250 utatur
2937 5198 3000 5248 ad
3056 5195 3473 5258 vulnerandum,

1902 5293 2152 5361 quamvis
2197 5291 2417 5343 innoxie
2454 5307 2550 5360 pro
2578 5290 2754 5342 anima
2810 5289 3180 5343 conservanda
3216 5305 3227 5339 :
3257 5285 3345 5353 qui
3384 5290 3479 5340 de-

1908 5386 2070 5454 nique
2097 5385 2263 5438 nullis
2295 5383 2603 5438 diﬂidentia:
2627 5383 3149 5449 contrariorumque
3187 5378 3472 5433 aﬂertuum

1905 5478 2228 5532 vulneribus
2261 5487 2462 5546 pateat.
2492 5478 2569 5529 Ad
2601 5478 2701 5532 hoc
2737 5478 2919 5545 itaque
2948 5476 3148 5529 bellum
3173 5490 3294 5526 eum
3333 5471 3480 5526 rudia

1907 5571 2008 5625 sim
2047 5581 2100 5625 et
2128 5571 2444 5638 imparatus,
2485 5569 2606 5624 nolo
2641 5571 2754 5639 ipse
2792 5586 2874 5624 me
2908 5570 2957 5623 in
2992 5568 3314 5632 invisrbi'cs,
3337 5567 3482 5644 λυκι-
