4240 6438
208 390 302 453 101

1734 391 1907 450 ΥΙΤΑ

3387 394 3483 456 102

204 504 344 555 ἀλλα
392 504 485 554 καὶ
523 503 575 555 εἴ
603 519 683 564 τις
727 503 962 572 ὲγχειροί
998 518 1048 554 τι
1095 502 1202 552 τῶν
1247 501 1527 563 τοιούτων,
1573 500 1647 562 ὡς
1692 501 1800 551 τῶν

1907 498 2155 555 ratione?
2189 497 2390 555 PATR.
2431 500 2719 559 Nimirum,
2758 498 2933 554 nullas
2975 500 3066 553 Dei
3097 502 3358 572 imagines
3386 520 3479 555 ενιι

218 595 551 663 Ἑλληνικῶν
590 595 847 647 κοινωνὸν
888 595 1177 663 δογμάτων
1214 595 1425 656 ποιναῖς
1470 591 1795 644 ὑποϐάλλειν

206 689 492 756 ἐσχάταις·
528 686 854 755 ἀνθρώπους
889 687 947 739 δὲ
987 688 1170 747 ὁσίους
1218 686 1517 753 γραπτέον,
1550 686 1616 753 τῇ
1661 685 1796 750 πρὸς

204 782 342 831 Θεὶν
378 780 661 849 παῤῥησία
693 780 788 831 καὶ
831 778 907 847 τῷ
943 778 1170 847 καθαρῴ
1198 779 1295 846 τῆς
1326 776 1469 843 ζωῆς
1506 775 1798 845 ἐναϐρυνό-

209 874 431 941 μένους,
465 872 559 922 καὶ
624 871 826 938 μέσους
862 886 980 931 πως
1012 872 1146 937 ημῖν
1192 870 1287 922 καὶ¹
1332 869 1616 938 πορθμέας
1662 872 1796 938 πρὸς

205 966 376 1016 αὐτόν
431 963 743 1031 ἐσομένους,
782 964 879 1014 καὶ
926 962 1232 1029 ἀνάγοντας
1305 961 1403 1030 μὲν
1447 960 1525 1030 τῷ
1575 960 1693 1029 Θεῷ
1731 962 1797 1012 τὰ

205 1056 533 1125 αἰτούμενα,
587 1054 933 1122 κατάγοντας
981 1053 1036 1106 δὲ
1070 1057 1203 1123 ἡμῖν
1241 1054 1337 1107 ἐπὶ
1376 1053 1512 1106 Θεοῦ
1544 1053 1612 1105 τά
1656 1053 1795 1105 διδό-

209 1164 371 1217 μενα.
419 1146 494 1198 Οὐ
526 1144 635 1216 γάρ
668 1147 839 1209 ὲστιν,
881 1145 979 1198 οὐκ
1010 1145 1158 1197 ἐστιν
1215 1139 1317 1210 εἷς,
1370 1138 1416 1197 ὦ
1450 1144 1690 1214 βασιλεῦ,
1720 1144 1797 1212 τῷ

205 1239 330 1309 Θεῷ
370 1238 732 1309 προσιόντων,
769 1237 801 1307 ἢ
836 1237 944 1290 ἀπὸ
967 1237 1102 1290 Θεοῦ
1140 1238 1471 1308 τιμωμένων
1502 1240 1529 1289 ό
1552 1237 1753 1307 τρόπος
1780 1254 1793 1269 ο

206 1331 327 1383 ἀλλ’
360 1334 393 1400 ἡ
424 1330 710 1400 παρρησία
740 1333 1144 1400 συμμετρεῖται
1190 1330 1266 1400 τῷ
1311 1331 1433 1401 βίῳ,
1466 1333 1559 1383 καί
1598 1334 1662 1400 τῇ
1696 1346 1796 1382 πο-

206 1424 387 1493 λτεία
418 1423 755 1491 κατάλληλος
784 1425 816 1491 ἡ
846 1423 1114 1484 ἀντίδοσις
1148 1424 1359 1476 ἕπεται.
1399 1424 1529 1485 Θεὸς
1567 1423 1663 1493 μὲν
1689 1422 1797 1491 γὰρ

207 1516 287 1566 ὢν
322 1516 429 1573 ἀεὶ,
465 1514 680 1580 γένεσίν
716 1530 775 1565 τε
816 1515 915 1565 οὐκ
953 1514 1092 1582 ἔχων
1115 1530 1127 1542 ·
1162 1515 1222 1567 τὸ
1246 1516 1300 1567 δὲ
1334 1515 1433 1567 οὐκ
1472 1514 1531 1567 ὃν
1556 1515 1667 1577 ἀεὶ,
1703 1531 1797 1579 γε-

207 1607 438 1676 νόμενον
470 1608 525 1658 as
556 1605 808 1676 ὕστερον,
844 1608 945 1675 τὴν
977 1606 1194 1673 γένεσιν
1238 1610 1301 1660 ὲκ
1336 1607 1431 1660 τοῦ
1474 1609 1637 1669 ὄντος
1688 1606 1798 1657 ἓ.δέ-

208 1698 363 1762 ξατο.
396 1698 506 1750 Καὶ
540 1697 681 1749 κατά
713 1696 863 1749 τόνδε
904 1696 1004 1767 μὲν
1036 1698 1126 1749 τὶν
1167 1696 1349 1764 λόγον,
1383 1698 1569 1750 δοῦλον
1600 1698 1664 1749 ἂν
1696 1712 1795 1748 καί

208 1790 356 1841 λοῐτο
381 1787 519 1840 Θεοῦ
552 1789 660 1839 πᾶν
698 1786 758 1838 τὸ
794 1788 883 1839 ἀεὶ
926 1787 1216 1853 γινόμενον
1238 1802 1251 1815 ·
1289 1786 1349 1837 τὸ
1406 1786 1513 1855 γὰρ
1549 1784 1795 1851 γεγονὸς,

1900 594 2193 647 simulacra
2242 609 2365 646 esse
2404 594 2648 647 facienda
2687 613 2698 647 :
2738 594 2829 647 sed
2866 603 2939 657 et,
2978 596 3021 646 si
3063 598 3182 661 quis
3217 595 3480 661 ejusmodi

1900 684 2102 751 aliquid
2151 694 2462 752 przesumat,
2509 698 2562 738 ut
2597 688 2687 754 qui
2738 687 2945 756 erroris
2976 688 3258 754 gentilium
3300 690 3482 742 socius

1900 777 1993 839 sit,
2036 778 2299 831 extremis
2351 778 2768 845 ntaut‘ipzlndttttt
2835 781 3136 852 suppliciis.
3177 780 3483 848 Pingcndos

1900 881 2028 920 vero
2072 883 2216 930 esse,
2262 868 2354 936 qui
2406 870 2697 922 sanctitate
2750 873 3092 935 claruerunt,
3148 872 3347 940 quippe
3392 872 3480 935 qui

1900 957 2094 1012 ﬁducia
2120 962 2184 1012 ad
2211 960 2373 1013 Deum
2395 976 2456 1013 ac
2485 961 2607 1014 vita:
2633 964 2892 1016 munditia
2920 965 3201 1035 magnifice
3227 964 3481 1031 polleant.

1902 1051 2173 1118 mediique
2222 1054 2625 1120 quodammodo
2672 1069 2734 1107 ac
2786 1057 2933 1109 velut
2983 1058 3276 1125 portitores
3328 1057 3483 1107 nobis

1900 1146 1966 1198 ad
2006 1145 2153 1197 illuni
2186 1147 2455 1198 eXsistaut
2491 1165 2502 1198 :
2532 1148 2621 1215 qui
2656 1148 2865 1203 scilicet
2903 1159 3121 1204 nostras
3156 1149 3264 1203 Deo
3313 1150 3481 1201 adve-

1901 1235 2032 1287 hant
2065 1236 2367 1298 orationes,
2408 1236 2614 1306 Deique
2652 1240 2718 1292 ad
2760 1255 2858 1294 nos
2894 1241 3032 1294 dona
3068 1241 3335 1295 deferant.
3364 1239 3481 1292 Non

1900 1326 2041 1381 enim
2070 1330 2316 1389 omnino,
2350 1342 2382 1379 ο
2415 1329 2727 1395 imperator,
2762 1347 2901 1386 unus
2939 1332 3127 1384 modus
3160 1344 3239 1384 est
3273 1347 3481 1391 eorum.

1900 1418 1990 1486 qui
2018 1420 2081 1471 ad
2112 1418 2275 1473 Deum
2304 1420 2591 1484 accedunt,
2634 1424 2835 1490 quique
2869 1441 2895 1475 a
2933 1424 3038 1477 Deo
3071 1427 3324 1476 honorem
3355 1439 3483 1478 con-

1902 1513 2375 1577 sequuutnrzsed
2430 1512 2621 1563 ﬁducia
2674 1528 2770 1579 pro
2824 1514 2947 1567 vitae
3006 1516 3214 1569 ratione
3261 1516 3476 1567 modum

1900 1601 2131 1663 obtinet,
2159 1617 2507 1669 cungruaqne
2543 1619 2751 1658 merces
2792 1609 3261 1660 conversationem
3298 1612 3481 1676 sequi-

1904 1702 2008 1744 tur.
2043 1690 2179 1743 Nam
2214 1692 2356 1743 Deus
2383 1692 2599 1758 quidem
2632 1709 2753 1746 cum
2788 1710 3002 1764 semper
3033 1697 3127 1761 sit,
3161 1708 3340 1750 ortum
3377 1714 3481 1749 non

1902 1784 2062 1836 habet
2091 1801 2104 1836 :
2134 1784 2277 1850 quod
2310 1792 2488 1837 autem
2519 1800 2625 1837 non
2651 1800 2889 1855 semper,
2918 1788 3010 1840 sed
3046 1798 3230 1855 pastea
3272 1790 3476 1842 laetum

208 1880 399 1933 δοῦλον
437 1878 503 1931 ἂν
538 1878 766 1939 δικαίως
814 1875 906 1928 τοῦ
962 1877 1326 1944 πεποιηκότος
1387 1876 1680 1945 νομίζοιτο.
1716 1875 1793 1943 Τῇ

1904 1883 2003 1937 est,
2032 1888 2097 1925 cx
2134 1874 2305 1927 nihilo
2340 1876 2548 1944 accepit
2587 1886 2643 1929 ut
2674 1888 2839 1931 esset.
2892 1885 3068 1947 Atque
3100 1880 3236 1933 adeo
3264 1881 3363 1934 hac
3392 1896 3483 1933 ra-

208 1974 268 2025 δὲ
301 1973 437 2041 πρὸς
469 1970 605 2023 Θεὸν
638 1968 943 2033 οἰκειώσει,
976 1970 1069 2020 καὶ
1100 1972 1165 2037 τῇ
1196 1969 1426 2038 διαφορᾷ
1461 1969 1555 2035 τῆς
1587 1967 1797 2019 ἐκεῖθεν

209 2065 434 2134 αἴγλης,
473 2062 732 2132 διάφορός
761 2079 819 2113 τε
856 2060 977 2113 καθ’
1008 2060 1195 2129 ἕτερον
1223 2063 1423 2131 τρόπον
1457 2059 1798 2130 προσηγορία

212 2159 305 2208 καὶ
355 2156 549 2222 κλῆσις
614 2156 727 2215 τοῖς
774 2154 1245 2222 προσερχομένοις
1303 2154 1595 2205 ἑντίθεται,
1642 2152 1797 2203 Ὅσοι

214 2252 311 2318 μὲν
361 2249 471 2317 γάρ
506 2246 655 2315 ’,ξόϐῳ
707 2246 977 2306 κολάσεως
1010 2246 1118 2296 τῶν
1153 2246 1645 2315 πλημμελημάτων
1692 2240 1796 2296 ἁπ-

209 2346 455 2412 ἐχονται,
487 2337 632 2395 οῦτοι
665 2340 997 2409 θεράποντες
1032 2340 1098 2392 ἂν
1128 2340 1375 2406 λέγοιντο
1404 2337 1563 2399 Θεοῦ,
1600 2355 1791 2406 μαστι-

212 2436 329 2502 γίαι
365 2433 509 2495 τινὲς
554 2431 771 2501 άληθῶς
803 2432 898 2482 καὶ
928 2430 1104 2482 δοῦλοι
1134 2472 1147 2494 ,
1187 2428 1414 2496 πληγῶν
1446 2432 1538 2479 καὶ
1575 2428 1797 2494 εἱρκτῆς

212 2528 305 2578 καὶ
336 2524 447 2576 τῶν
478 2524 565 2575 ἐπ’
598 2523 791 2585 αὐταῖς
820 2520 1079 2581 ἀπειλῶν,
1108 2521 1194 2571 ἵνα
1227 2521 1300 2589 μὴ
1325 2518 1634 2590 ἁμάρτωσι,
1667 2517 1800 2588 χρῄ-

210 2616 395 2677 ζοντες
416 2616 494 2665 ὀἱ
518 2614 571 2665 δὲ
596 2612 899 2681 μελλόντων
935 2609 1155 2677 ἀγαθῶν
1195 2608 1369 2660 ἐλπίδι
1408 2608 1540 2675 πρὸς
1572 2607 1632 2659 τὸ
1665 2607 1799 2673 ἀγα-

212 2707 305 2756 οδν
334 2703 658 2761 νεύσαντες,
692 2699 899 2750 οἰκέται
938 2700 1034 2765 μὲν
1066 2698 1161 2747 οὒκ
1190 2695 1254 2747 ἂν
1290 2694 1665 2762 ὀνομάζοιντο,
1706 2710 1797 2760 μισ

212 2797 411 2849 σῐιωτοι
438 2796 481 2846 δ’
510 2795 572 2847 Ξιν
592 2789 727 2855 εἶεν,
754 2792 828 2855 ὡς
854 2790 918 2844 ἄν
942 2807 1023 2852 τις
1044 2790 1200 2858 φαίη,
1227 2788 1362 2840 Θεοῦ
1391 2788 1612 2856 κέρδους
1638 2785 1799 2838 ἕνεκά

210 2907 268 2941 τε
302 2896 396 2941 καὶ
436 2886 628 2956 μ.σθοῦ
653 2886 719 2937 τά
743 2884 933 2937 δέοντα
959 2884 1319 2953 πράσσοντος.
1348 2881 1503 2931 Ὅσοι
1528 2880 1571 2932 δ’
1595 2876 1659 2932 αὖ
1682 2880 1798 2930 τούς

210 2998 323 3040 τοις
345 2976 912 3046 ὑπεραναῧεὸηκότες,
936 2975 1031 3026 καὶ
1056 2974 1187 3043 πρὸς
1211 2973 1269 3024 τὸ
1295 2972 1458 3022 καλὸν
1479 2970 1798 3040 ἀκραιφνῶς

213 3073 475 3142 φεινέντῑς
505 3111 518 3131 ,
560 3072 619 3121 οῦ
657 3064 1119 3137 προσδοκωμένης
1180 3062 1329 3130 φόϐῳ
1380 3061 1687 3121 κολάσεως,
1736 3060 1796 3111 οὺ

210 3167 320 3215 τῶν
360 3162 661 3231 μελλόντων
688 3158 906 3227 ἀγαθῶν
938 3156 1111 3208 ἐλπίδι
1142 3155 1276 3222 πρὸς
1306 3155 1362 3204 τ),
1390 3154 1590 3219 ἀγαθὸν
1616 3152 1797 3221 ᾄττου-

215 3275 320 3316 σιν,
360 3255 493 3306 ἀλλὰ
526 3253 592 3303 δι’
626 3253 759 3303 αὐτὸ
792 3250 850 3302 τὸ
880 3248 1042 3301 καλὸν
1074 3248 1130 3297 τὸ
1157 3245 1318 3297 καλὸν
1346 3245 1797 3312 κατεργάζονται,

212 3345 361 3402 οἶττιι
396 3348 501 3398 τῶν
533 3345 829 3413 ἀκηράτων
875 3341 975 3408 τῆς
1026 3339 1217 3404 σοφίας
1256 3338 1549 3405 θησαυρῶν
1585 3337 1802 3404 ἐμπλη-

217 3440 440 3497 σθέκτες
470 3478 480 3497 ,
527 3435 634 3486 υἱοὶ
675 3432 809 3484 Θεοῦ
845 3430 1076 3482 καλοῖ-η’
1110 3427 1173 3480 ἂν
1210 3428 1467 3489 δικαίως,
1504 3426 1639 3479 Θεοῦ
1673 3428 1802 3498 κλη-

216 3530 441 3603 ρινόμοι
469 3528 560 3581 καὶ
590 3520 1297 3594 συγκληρσνόμοι.,Χριστοῦ
1334 3520 1797 3591 χρηματίζοντες·

214 3624 265 3674 οἳ
308 3623 401 3672 καὶ
454 3618 733 3683 ἅνθρωποι
788 3616 1095 3681 πεφυκότες
1148 3615 1285 3682 ὑπὲρ
1334 3612 1639 3681 ἀνθρώπων
1672 3612 1804 3663 Θεὸν

215 3715 327 3766 τιῗιν
366 3714 623 3765 ἁπάντων
658 3709 818 3760 πλέον
859 3706 1198 3766 ἱκετεύοντες
1226 3703 1499 3765 πείθουσι,
1534 3705 1627 3754 καὶ
1654 3703 1804 3754 τόνδε

220 3806 317 3873 μὲν
349 3806 429 3855 ἔτι
475 3801 766 3861 πολοῦντες
802 3798 890 3851 τὸν
929 3797 1179 3866 ἁλήμονα
1214 3796 1306 3847 καὶ
1341 3793 1573 3847 ἄτακτον
1606 3793 1804 3862 χῶρον,

220 3897 463 3962 μάλιστα
491 3896 545 3946 δὲ
572 3894 690 3945 τότε
716 3887 1098 3958 γυμνωθέντες
1130 3886 1358 3955 ῥακίων,
1388 3885 1486 3938 καὶ
1512 3886 1610 3954 τὴν
1642 3886 1810 3936 ὀστεΐ-

217 4007 317 4056 ντιν
368 3988 463 4039 καί
523 3986 817 4055 βρίθουσαν
867 3978 1333 4047 ἀποτιναξάμενοι
1382 3977 1554 4040 κόνιν,
1604 3980 1669 4046 τῇ
1708 3977 1807 4048 ὕλῃ

216 4084 318 4150 τὴν
379 4080 514 4149 ὓλην
570 4076 1012 4146 προσρίψαντες,
1076 4070 1213 4138 πρὸς
1275 4070 1365 4120 τὸν
1412 4068 1569 4120 ἵλεων
1621 4086 1679 4121 τε
1715 4072 1808 4121 καὶ

219 4168 427 4236 ἀγαθὸν
460 4168 739 4234 Δεσπότην
772 4163 1005 4232 καθαροὶ
1035 4159 1292 4229 καθαρῶς
1320 4159 1733 4228 ἁναδράμωσιν.

1904 1966 2070 2031 tione,
2126 1969 2269 2034 quod
2321 1968 2379 2020 lit
2431 1984 2648 2037 semper
2697 1982 2863 2037 atque
2906 1972 3101 2035 oritur,
3152 1972 3256 2025 dici
3308 1985 3487 2041 potest

1903 2055 2145 2109 lautulat'i
2192 2056 2298 2110 Deo
2334 2075 2347 2110 :
2380 2061 2523 2126 quod
2557 2061 2701 2112 enim
2734 2060 2936 2114 factum
2960 2071 3041 2116 est
3073 2071 3236 2129 atque
3259 2064 3483 2126 editum,

1900 2147 2017 2215 ejus
2064 2153 2209 2215 quod
2268 2148 2394 2200 fecit
2431 2161 2595 2201 ataui:
2648 2150 2819 2203 edidit
2876 2154 3127 2205 servituti
3185 2153 3484 2220 subjectum

1903 2241 2096 2295 merito
2130 2241 2451 2293 aestimatur.
2490 2242 2584 2293 Sin
2621 2252 2800 2295 autem
2828 2258 2947 2312 quae
2978 2244 3043 2296 ad
3078 2243 3247 2298 Deum
3281 2254 3363 2299 est
3392 2261 3486 2299 ne-

1900 2332 2169 2385 cessitudo
2207 2332 2535 2401 diversaque
2601 2333 2722 2385 inde
2783 2333 3004 2388 luminis
3048 2335 3321 2403 perceptio
3358 2350 3485 2405 spe-

1900 2437 2096 2483 etctur,
2146 2424 2362 2475 diversa
2403 2438 2620 2491 quoque
2668 2426 3078 2479 nomenclatura
3103 2427 3483 2482 accidentibus

1902 2518 2178 2582 competit.
2225 2515 2418 2569 Cuncti
2448 2517 2591 2569 enim
2616 2518 2706 2585 qui
2746 2533 2803 2571 se
2826 2518 3078 2586 supplicii
3117 2530 3261 2574 metu
3287 2535 3315 2573 a
3350 2534 3479 2587 pec-

1901 2610 2035 2661 catis
2074 2607 2371 2670 abstinent,
2428 2608 2518 2661 Dei
2563 2607 2747 2663 fatneli
2777 2612 3151 2679 appellantur;
3197 2622 3252 2666 et
3293 2613 3345 2666 bi
3377 2612 3475 2666 lla-

1900 2700 2119 2766 grioncs
2186 2714 2423 2766 vereque
2475 2701 2617 2752 servi
2661 2702 2970 2766 exsistunt,
3026 2706 3169 2772 quod
3223 2704 3481 2759 nimirum

1902 2790 2221 2844 verberibus
2253 2801 2551 2844 etcarccre
2602 2809 2900 2862 eorumque
2953 2794 3118 2848 minis
3169 2806 3382 2863 egeant,
3424 2805 3485 2849 ut

1900 2894 2219 2937 revocentur
2244 2899 2271 2934 ιι
2306 2900 2347 2951 pi
2373 2893 2529 2936 ccato
2565 2901 2577 2937 :
2609 2886 2699 2951 (ιιιί
2750 2901 2878 2939 vero
2920 2902 3016 2955 spe
3064 2887 3225 2941 illecti
3270 2892 3480 2944 l'ututo-

1899 2991 2016 3028 rum
2076 2977 2370 3040 honorum,
2429 2979 2668 3029 animum
2731 2978 3021 3033 conferunt
3070 2984 3135 3033 ad
3190 2982 3476 3044 virtutem,

1900 3067 2164 3133 mancipia
2216 3067 2355 3118 hatid
2389 3068 2486 3120 rite
2530 3070 2954 3137 appellarentur,
2993 3073 3085 3125 sed
3117 3077 3476 3142 mercenarii;

1901 3159 2097 3226 quippe
2146 3158 2234 3224 qui
2281 3156 2415 3209 lucri
2467 3170 2629 3225 atque
2679 3164 2942 3213 mercedis
3002 3176 3165 3215 causa
3206 3167 3349 3231 quod
3394 3176 3479 3217 est

1902 3249 2059 3301 ollirii
2098 3250 2177 3301 sui
2232 3246 2454 3300 Lit-iant.
2496 3251 2550 3301 Si
2586 3252 2675 3316 qui
2722 3262 2902 3304 autem
2942 3253 3025 3306 his
3067 3257 3396 3322 superiores,
3426 3256 3476 3329 id

1902 3343 2070 3408 ipsum
2101 3342 2241 3411 qtlutl
2283 3344 2569 3393 honestum
2603 3351 2685 3393 est
2715 3344 2929 3397 sincere
2969 3349 3333 3413 attendentes,
3372 3363 3477 3401 non

1899 3434 2146 3485 exterriti
2183 3443 2325 3484 metu
2377 3434 2649 3501 supplicii,
2698 3450 2796 3486 nec
2828 3451 3014 3487 corum
3054 3436 3316 3491 bonorum
3359 3454 3480 3509 qua;

1902 3524 1954 3576 in
1995 3525 2231 3576 futurum
2272 3530 2507 3589 reposita
2540 3538 2664 3577 sunt
2694 3542 2787 3593 spe
2820 3526 3006 3592 illecti,
3043 3530 3093 3583 in
3125 3530 3175 3583 id
3206 3533 3346 3599 quod
3380 3534 3481 3589 bo~

1905 3632 2031 3668 nmn
2056 3626 2138 3669 est
2170 3614 2443 3680 feruntur,
2476 3628 2531 3670 et
2563 3619 2685 3670 boui
2719 3621 2887 3687 ipsius
2916 3623 3086 3690 gratia
3126 3622 3324 3678 bonum
3352 3641 3482 3696 ope-

1906 3716 2137 3770 rantur;
2197 3706 2249 3757 hi
2300 3707 2698 3759 immortalibus
2735 3709 3015 3774 Sapientia:
3069 3710 3339 3766 thesauris
3396 3729 3484 3767 re-

1905 3796 2055 3864 pleli,
2078 3796 2166 3849 Dei
2188 3796 2379 3849 merito
2400 3797 2492 3849 lilii
2515 3798 2875 3866 appellentur,
2903 3800 2993 3853 Dei
3014 3801 3223 3855 scilicet
3246 3802 3489 3859 hazrcdes

1904 3898 1958 3941 et
1989 3888 2193 3941 Christi
2243 3888 2559 3941 culimtedes
2587 3888 2788 3943 eth-eti.
2823 3888 2885 3943 lli
2911 3892 3010 3945 etsi
3045 3904 3169 3945 sunt
3206 3894 3487 3960 hemines,
3538 3930 3549 3939 -

1908 3997 2003 4049 pro
2032 3981 2339 4034 hominibus
2370 3992 2548 4035 tamen
2582 3983 2982 4051 supplicatione
3014 3987 3080 4037 ad
3110 3990 3488 4043 universorum

1921 4073 2083 4125 Deum
2116 4073 2499 4140 delungentes,
2535 4075 2707 4142 magis
2741 4075 3024 4130 inﬂectunt
3047 4087 3209 4147 atque
3236 4094 3489 4144 exorant,

1917 4177 2037 4215 cum
2066 4162 2365 4214 etiamnum
2389 4164 2533 4218 hunc
2563 4165 2860 4218 erraticum
2888 4176 3050 4234 atque
3074 4169 3492 4237 incompositum

223 4268 444 4311 vertunt
511 4258 772 4321 chorum;
826 4264 939 4306 tum
1005 4267 1134 4305 vero
1197 4252 1468 4313 maxime,
1529 4263 1813 4321 postquam
1843 4269 2049 4322 pannos
2081 4257 2433 4309 mortalitatis
2472 4259 2729 4320 exuti,“
2783 4260 2930 4325 gravi
2971 4274 3203 4315 excusso
3253 4266 3491 4331 pulvere.

221 4367 275 4410 ct
322 4356 547 4407 humum
602 4353 765 4404 humo
815 4348 1135 4408 reddeutcs,
1172 4347 1236 4398 ad
1271 4346 1755 4400 clementissimum
1801 4350 2363 4420 benignissin.umque
2404 4352 2689 4405 Dominum
2739 4353 2858 4420 puri
2939 4368 3072 4422 pure
3110 4370 3491 4427 cucurrerunt.

294 4446 405 4514 μθ’.
448 4446 489 4495 Ο
526 4441 878 4495 ΒΑΣΊΛΕΥΣ.
930 4440 993 4491 Τί
1024 4433 1153 4504 οῦν;
1202 4438 1311 4489 τῶν
1367 4438 1691 4508 Ἑλληνικῶν
1746 4440 1800 4491 οῦ

1988 4442 2076 4496 49.
2124 4442 2355 4497 lMl’ER.
2398 4441 2538 4508 Quid
2583 4444 2749 4512 ergo?
2790 4446 3032 4511 nunquid
3068 4460 3215 4510 non,
3273 4459 3330 4501 ut
3374 4451 3489 4511 nis,

222 4534 543 4592 κοινωνοῦσι
567 4534 857 4603 δογμάτων
885 4533 933 4584 οἱ
957 4532 1064 4583 τῶν
1087 4530 1273 4592 ὁσίων,
1306 4529 1379 4592 ὼς
1410 4529 1568 4598 ἔφης,
1604 4530 1800 4600 ἀνορω-

1916 4536 2121 4588 erroris
2150 4536 2427 4602 gentilium
2466 4536 2597 4589 socii
2647 4548 2794 4600 sunt,
2833 4539 2923 4605 qui
2970 4552 3157 4590 eorum
3191 4538 3491 4605 hominmn,

222 4648 342 4683 πων
398 4624 863 4696 δημιουργοῦντες
919 4622 1172 4688 εἰκόναςς
1226 4626 1267 4673 Ο
1337 4623 1809 4677 ΠΛΤΡΙΛΡΧΗΣ.

228 4720 343 4788 uox
376 4717 552 4778 οὕτως
599 4712 786 4775 ἁπλῶς
823 4712 1235 4781 κατηγορητέον
1275 4710 1475 4773 αὐτῶν,
1514 4711 1649 4763 ἀλλὰ
1687 4728 1813 4763 σκο-

226 4811 433 4879 πητέον
473 4807 568 4859 καὶ
602 4804 1001 4876 διερευνητέον.
1042 4805 1082 4855 Ο
1128 4801 1484 4854 ΒΑΣΙΛΕΥΣ.
1523 4803 1643 4865 Πῶς
1681 4804 1814 4874 Χρι-

226 4904 437 4957 στιανοι
487 4899 587 4961 τάς
632 4897 886 4959 τοιαύτας
934 4894 1364 4965 δημιουργοῦσιν
1410 4895 1656 4961 εἰκόναςς
1695 4896 1811 4959 πῶς

224 4999 574 5066 γράφουσιν;
626 4993 667 5043 0
722 4988 1186 5043 ΠΑΤΡΙΑΡΧΗΣ.
1251 4987 1367 5056 Μὴ,
1400 4986 1661 5057 βασιλεῦ,
1714 4988 1809 5057 τῆς

223 5091 474 5158 ἀρρήτου
507 5084 601 5136 καὶ
627 5082 961 5152 ῦπερουσίας
995 5079 1334 5150 μεταδιδόασι
1381 5081 1494 5141 τοῖς
1526 5081 1809 5148 γραφομέ-

222 5194 334 5240 νοις
370 5174 560 5235 οὐσίας
589 5190 603 5240 ;
634 5173 675 5224 0
702 5170 1061 5223 ΒΑΣΙΛΕΥΣ.
1097 5169 1171 5220 Οὐ
1210 5167 1365 5236 δῆτα.
1406 5169 1445 5220 Ο
1478 5168 1809 5220 ΠΑΤΡΙΔΙ)-

223 5269 389 5323 ΧΗΣ.
426 5266 668 5336 Θνητοῦς
709 5263 766 5316 δὲ
802 5263 997 5324 αὐτοὺς
1041 5260 1330 5331 φρονοῦσιν
1364 5258 1723 5328 ἁνθρώπους;
1768 5262 1810 5313 Ο

224 5358 588 5414 ΒΑΣιΑΕΥΣ.
618 5356 749 5410 Ναί.
790 5357 832 5408 o
857 5353 1322 5406 unriapxus.
1360 5351 1454 5413 Τίς
1485 5346 1577 5403 οὖν
1613 5352 1645 5421 ἡ
1678 5352 1811 5421 μέμ-

221 5456 339 5523 ψις,
366 5455 421 5523 εἰ
450 5454 527 5514 ὡς
567 5447 885 5519 ἀνθρώπους
908 5448 1133 5509 εἰδότες,
1164 5447 1235 5507 ὡς
1262 5444 1586 5513 ἀνθρώπους
1620 5446 1804 5514 γραφῇ

223 5546 628 5618 παραδίδομεν;
666 5543 759 5594 καὶ
786 5542 886 5611 τὴν
918 5539 1057 5592 Θεοῦ
1098 5536 1496 5608 προσηγορίαν,
1528 5534 1808 5605 ἐξαίρετον

223 5638 392 5693 οὖσαν
424 5636 520 5689 καὶ
570 5636 680 5696 τοῖς
708 5632 989 5700 γεγονόσιν
1036 5628 1358 5698 ἐπιτεθῆναι
1408 5627 1610 5695 κυρίως
1648 5627 1808 5695 φύσιν

223 5734 323 5786 οὐκ
372 5730 630 5800 ἔχουσαν,
672 5728 763 5779 ἐπὶ
793 5726 890 5795 τῆς
952 5726 1170 5779 πάντων
1222 5720 1567 5791 ἐξῃρημένης
1609 5718 1806 5781 ἐῶντες

226 5826 442 5888 οὐσίας,
479 5822 553 5885 ὡς
598 5820 746 5889 αὐτῷ
781 5820 926 5889 μόνῳ
966 5818 1133 5887 μόνην
1178 5814 1545 5884 ἁρμόζουσαν,
1589 5812 1804 5883 ἐκείνην

1917 4640 2056 4693 quos
2091 4629 2357 4680 sanctitas
2389 4627 2756 4691 commendat,
2786 4626 3080 4682 simulacra
3112 4640 3275 4699 atque
3306 4634 3495 4702 imagi-

1917 4732 2013 4770 nes
2044 4714 2290 4770 faciuut?
2325 4716 2529 4771 PATR.
2576 4718 2691 4771 Non
2734 4721 2814 4774 sic
2840 4728 3045 4776 temere
3077 4737 3141 4775 ac
3175 4724 3494 4791 simpliciter

1912 4812 2307 4863 condemnandi
2340 4823 2502 4876 sunt;
2539 4813 2633 4866 sed
2662 4814 3095 4868 consideratione
3119 4818 3375 4869 utendum
3411 4829 3493 4871 at.

1914 4916 2019 4969 que
2051 4903 2323 4957 examine.
2351 4901 2580 4957 IMPER.
2617 4907 2731 4971 Qua
2764 4906 2973 4960 ratione
3004 4906 3299 4962 Christiani
3324 4910 3493 4962 simu-

1915 4991 2058 5044 lacra
2092 4992 2356 5058 ejusmodi
2392 5010 2454 5048 ac
2492 4996 2755 5064 imagines
2782 4997 3032 5051 faciunt?
3064 5013 3300 5067 quanam
3332 5007 3492 5055 mode

1915 5085 2173 5153 pingunt?
2195 5084 2399 5138 PATR.
2430 5084 2569 5139 Num
2589 5126 2604 5149 ,
2626 5104 2831 5156 quaeso,
2860 5090 3178 5158 imperator,
3211 5106 3326 5152 eos,
3356 5107 3494 5160 quos

1913 5174 2190 5228 coloribus
2214 5175 2490 5231 detineant
2538 5192 2601 5232 ac
2632 5181 2881 5248 pingunt,
2914 5196 3115 5235 arcana
3145 5181 3235 5236 illa
3269 5182 3492 5251 vimque

1912 5278 2129 5316 omnem
2162 5266 2431 5319 sermonis
2459 5281 2524 5320 ac
2569 5268 2795 5324 rationis
2838 5282 3132 5336 superante
3172 5273 3489 5339 impertiunt

1911 5357 2184 5411 essentia?
2226 5356 2461 5411 lMPElt.
2518 5358 2673 5414 Haud
2726 5376 2876 5417 sane.
2930 5362 3132 5416 PATR.
3170 5363 3358 5420 Nonne
3394 5380 3490 5421 eos

1915 5450 2160 5502 homines
2220 5450 2473 5505 mortales
2508 5453 2867 5508 existimant?
2930 5454 3165 5511 IMPEB.
3231 5456 3485 5513 Maxime.

1914 5538 2114 5593 ΡΑΤΒ.
2167 5540 2302 5605 Quid
2342 5542 2503 5609 igitur
2546 5544 2790 5599 criminis
2822 5556 2925 5611 est,
2976 5553 3046 5611 si,
3077 5565 3197 5601 cum
3236 5549 3487 5605 lunnines

1910 5633 2269 5695 sriamus,ceu
2292 5631 2537 5688 homines
2556 5636 2809 5701 penicillo
2834 5639 3210 5707 colorilzusqne
3230 5640 3491 5708 exprimi-

1913 5722 2071 5777 mus?
2096 5722 2185 5775 Dei
2219 5732 2396 5776 autem
2430 5727 2710 5796 singulare
2745 5739 2907 5797 atque
2958 5730 3221 5784 eximium
3264 5736 3486 5794 nomen,

1912 5816 2051 5881 quod
2081 5814 2277 5868 creatis
2302 5818 2518 5885 prtqirie
2548 5820 2789 5873 adhiberi
2813 5830 2893 5875 est
2920 5821 3272 5889 impossibile,
3308 5824 3357 5876 in
3394 5838 3492 5877 cs-
