4240 6438
720 373 822 438 103

1715 373 1771 433 S.
1818 371 2235 434 NICEPHORI
2282 368 2786 432 PATRlAllL‘Hxli
2825 371 2931 429 CP.

3904 353 4012 424 ιοι

713 499 892 553 sentin
920 491 1164 545 omnium
1205 504 1462 559 suprema
1487 489 1665 559 (quod
1695 489 1870 543 solum
1899 490 1997 542 soli
2027 492 2306 556 eongru‘t)

2426 487 2514 554 asv
2541 488 2602 538 οὑ
2635 485 2828 546 τύποις
2874 485 2967 536 καὶ
3012 483 3358 554 χαρακτῆρσι
3409 480 3841 550 συγγράφορενς
3882 480 4011 544 Πῶς

719 589 1114 654 relinquentes,
1140 582 1284 635 illam
1301 581 1517 649 quidem
1541 580 1700 633 nullis
1724 580 1913 648 ﬁguris
1939 580 2311 633 lineamentis-

713 699 818 752 que
837 677 1203 746 depingimus,
1224 672 1518 743 (quomodo
1544 675 1688 726 enim
1711 676 2017 742 pingatnns,
2040 673 2182 740 quod
2209 687 2306 726 nec

715 773 887 826 oculis
921 768 1217 836 novimus?)
1265 765 1565 836 Martyrum
1595 782 1746 830 vero,
1766 781 1860 819 seu
1885 765 2124 833 alioquin
2153 765 2297 817 viro-

717 880 835 919 rum
873 863 1172 914 sanctitate
1211 859 1507 912 illu5triutn
1537 858 1844 911 simulacris
1864 867 2027 925 atque
2054 858 2296 924 imagini-

718 961 816 1010 ltus
848 957 1087 1015 utimur;
1121 970 1225 1006 nott
1251 952 1323 1004 ita
1345 955 1553 1004 utdeos
1589 959 1924 1015 reputemus,
1963 948 2127 1017 (absit
2156 950 2301 1001 enim

717 1062 773 1100 ut
803 1049 874 1101 ita
901 1045 1100 1099 animis
1127 1055 1290 1111 atque
1317 1043 1566 1096 Sensibus
1588 1041 1959 1107 deprimantur
1983 1041 2023 1109 !)
2081 1043 2174 1093 sed
2213 1040 2306 1094 Dei

718 1139 1138 1206 probatissimos
1172 1132 1437 1196 famulos;
1464 1141 1520 1184 ut
1547 1140 1600 1183 et
1626 1128 1960 1182 fortitudinis
1985 1128 2092 1180 illis
2120 1145 2309 1196 repen-

720 1230 909 1280 damus
927 1230 1123 1290 vicem,
1154 1234 1208 1278 et
1243 1239 1362 1292 quae
1399 1223 1498 1292 ipsi
1524 1222 1764 1291 peccatis
1793 1220 2013 1273 obnoxii
2040 1234 2068 1271 a
2103 1236 2315 1272 summo

2419 578 2528 647 γὰρ
2583 576 2871 646 γράψομεν
2902 575 2930 626 6
2982 577 3096 637 τοῖς
3150 573 3455 642 ὀφθαλμοῖς
3505 571 3567 624 οὑ
3618 569 4010 638 γινώσκομενς

2417 669 2612 738 Μαρτύ
2624 686 2728 738 ρων
2751 669 2806 720 δέ
2831 668 2861 736 ἢ
2889 667 3066 720 ἀλλων
3092 664 3304 734 ἀνδρῶν
3328 663 3493 716 ὁσίων
3515 665 3639 724 ταῖς
3667 660 3836 712 εἰκόσι
3869 678 4012 730 χρη-

2414 765 2643 834 σόμεθα,
2685 765 2746 815 οὐ
2781 763 2935 822 θεοὺς
2969 759 3296 829 φρονοῦντες
3329 759 3442 827 (μὴ
3467 757 3608 809 οὓτω
3637 756 3744 807 τῶν
3777 756 4015 807 δεόντων

2404 855 2951 926 ἐκπέσοιμεν),“ὰλλὰ
2979 853 3116 905 Θεοῦ
3135 854 3354 912 οἰκέτας
3390 848 3763 918 εὐγνώμονας,
3797 850 3883 900 ἵνα
3913 848 4010 899 καὶ

2405 951 2506 1019 τῆς
2539 949 2792 1019 ἀνδρείας
2840 947 3040 1007 αὐτοὺς
3069 943 3472 1014 ἀμειψώμεθα,
3519 943 3753 994 χαλῶσα
3800 939 4012 992 δεῖσθαι

2407 1041 2503 1094 τοῦ
2577 1041 2839 1111 βασιλέως
2904 1037 3277 1105 ἀδυνατοῦμεν
3349 1035 3457 1087 ὑπὸ
3510 1033 4012 1103 πλημμελημάτων

2414 1137 2714 1202 ἀγόμενοι,
2759 1133 2835 1195 ὡς
2885 1130 3173 1202 δορυφόροι
3214 1128 3308 1181 τοῦ
3348 1127 3614 1197 βασιλέως
3657 1125 3798 1182 ὑπὲρ
3852 1124 4015 1192 ἡμῶν

2420 1223 2798 1294 ἐνπροσώπως
2828 1222 3128 1288 ἀνάγωσιν.

723 1319 868 1389 liege
904 1330 1193 1384 impetrare
1227 1331 1332 1369 non
1366 1315 1637 1376 valemus,
1670 1313 1909 1373 illorum,
1942 1321 2199 1379 tanquam
2230 1328 2310 1382 reg

2431 1317 2699 1370 atellittt'n
2727 1317 2888 1384 eique
2929 1311 3305 1365 assistentium
3336 1310 3733 1369 ministrorum,
3766 1305 4012 1357 interre-

724 1413 884 1461 dente
918 1422 1013 1474 pro
1045 1405 1198 1457 nobis
1233 1400 1493 1470 suffragio
1530 1399 1911 1469 reportemns?

797 1499 885 1552 5.30.
921 1499 1058 1562 Quin
1090 1507 1139 1546 et
1168 1496 1211 1548 si
1246 1495 1396 1555 libet,
1431 1494 1594 1546 etiam
1621 1494 1690 1544 ab
1721 1493 1959 1546 humana
2007 1503 2307 1545 consuetu-

727 1594 853 1643 d‘me
886 1603 1048 1656 atque
1081 1601 1176 1638 usu
1207 1585 1388 1654 petitis
1424 1585 1690 1654 exemplis
1739 1599 1921 1638 sermo
1948 1586 2307 1651 expendatur.

734 1685 922 1736 Nonne
955 1680 1146 1733 fateris
1204 1681 1316 1745 ipse
1359 1687 1524 1746 atque
1571 1677 1835 1742 admittis,
1876 1676 2064 1741 Deum,
2094 1677 2183 1744 qui
2221 1691 2309 1730 re-

2488 1503 2551 1550 ν’.
2599 1497 2657 1548 ΕΞ
2690 1496 2746 1547 δέ
2775 1513 2857 1548 σοι
2886 1494 3054 1553 δοκεῖ.
3082 1492 3175 1545 καὶ⁸
3203 1491 3262 1557 ἐξ
3283 1490 3646 1562 ἀνθρωπίνων
3669 1487 4018 1552 ἐξεταζέσθω

2419 1589 2886 1659 παραδειγμάτων
2908 1591 2934 1640 6
2954 1588 3132 1654 λόγος.
3169 1582 3314 1654 ’Λρα
3338 1585 3438 1653 οὐχ
3463 1580 3848 1654 ὁμολογεῖσθαι
3883 1582 4016 1649 φὴς,

2420 1684 2492 1747 ὡς
2540 1687 2567 1736 6
2622 1684 2741 1737 τόδε
2801 1682 2861 1734 τὸ
2912 1683 3019 1734 πᾶν
3057 1678 3491 1746 τεκτηνάμενος,
3542 1675 3888 1742 κυὸερνήτης
3941 1672 4020 1723 ὦν

734 1793 851 1829 ι·ιιιιι
882 1776 1020 1826 bant:
1049 1771 1464 1824 universitatem
1511 1768 1778 1832 condidit,
1811 1779 1865 1822 et
1899 1769 2071 1822 bonus
2097 1784 2217 1822 cum
2248 1769 2310 1822 sil

2426 1775 2626 1843 ἀγαθδς
2656 1775 2751 1827 καὶ
2785 1775 2884 1842 τῆς
2918 1773 3026 1824 τῶν
3055 1775 3114 1824 ἐν
3144 1768 3292 1838 αὐτῷ
3323 1767 3600 1819 πλεόντων
3631 1765 3879 1832 προνοῶν
3911 1779 4020 1829 γα-

732 1879 897 1937 atque
932 1868 982 1918 iu
1019 1866 1178 1932 hujus
1207 1864 1328 1915 vitte
1368 1861 1560 1931 pelago
1594 1863 1968 1932 navigantium
2005 1862 2314 1929 tranquilli-

735 1961 830 2013 tati
863 1958 1110 2017 studeat,
1141 1969 1208 2008 ne
1253 1954 1328 2007 illi
1377 1954 1514 2007 ratis
1553 1953 1751 2014 instar,
1784 1956 2028 2007 saburra:
2081 1955 2321 2021 pondere

737 2051 1016 2103 destituta:
1050 2046 1216 2100 rariis
1245 2045 1433 2116 agitati
1468 2044 1817 2108 factionibus,
1856 2043 2036 2098 saeculi
2071 2042 2324 2098 ﬂuctibus

738 2140 1003 2194 obrueudi
1047 2137 1342 2204 jactentur,
1377 2138 1762 2205 imperatorem
1796 2150 1890 2189 seu
1944 2151 2146 2204 regem,
2178 2134 2325 2189 velut

739 2235 821 2287 sui
865 2230 1222 2286 simulacrum
1261 2229 1507 2297 vivisque
1554 2229 1831 2282 coloribus
1857 2229 2323 2296 expressntneha-

743 2331 1031 2386 rat-terem,
1077 2323 1129 2374 in
1195 2321 1354 2374 terris
1409 2320 1712 2374 statuisse?
1769 2319 2002 2373 IMPER.
2047 2319 2122 2372 Ita
2167 2337 2324 2374 sane.

743 2415 950 2472 PATB.
995 2414 1042 2467 Is
1071 2426 1260 2482 porro,
1298 2414 1388 2482 qui
1446 2414 1586 2466 Deus
1640 2412 1858 2481 quidem
1925 2413 2149 2466 minime
2201 2421 2326 2477 est,

748 2511 915 2563 Dettttt
979 2517 1183 2569 tamen,
1252 2505 1430 2574 quoad
1487 2506 1697 2559 homini
1764 2520 2110 2569 concessum,
2163 2505 2332 2560 refert

744 2600 1148 2671 quodammodo
1193 2609 1248 2653 et
1281 2599 1557 2664 imitatur;
1595 2599 1849 2667 idemque
1891 2597 2018 2650 licet
2052 2607 2204 2651 certo
2238 2599 2331 2651 de-

751 2695 935 2747 linitus
965 2694 1085 2746 loco
1137 2700 1192 2746 et
1233 2690 1547 2760 simpliciter
1589 2691 1750 2743 homo
1784 2691 2034 2754 exsistat,
2063 2691 2333 2757 praefectis

747 2793 937 2838 tamen
967 2783 1088 2837 aliis
1113 2794 1276 2852 atque
1305 2782 1718 2851 magistratibus
1748 2798 1775 2833 a
1807 2796 1867 2836 se
1901 2783 2184 2844 institutis,
2215 2782 2336 2833 tuti-

751 2889 965 2927 versam
1001 2874 1260 2926 ditionem
1292 2873 1366 2924 ita
1391 2873 1475 2924 sui
1501 2871 1788 2938 prteseutia
1819 2870 2042 2940 implet,
2076 2883 2130 2922 ut
2155 2881 2210 2924 et
2235 2873 2335 2923 ab-

752 2980 878 3020 sens
901 2963 1113 3019 cunctis
1143 2964 1305 3026 adsit,
1335 2964 1600 3033 longeque
1630 2964 1841 3016 distans
1865 2974 2186 3031 praesentem
2220 2963 2340 3017 sub-

757 3059 887 3114 ditis
917 3059 1166 3110 timorem
1191 3056 1421 3125 injiriat.
1449 3054 1569 3119 llic,
1596 3057 1840 3124 inquam,
1868 3055 2072 3110 feretne
2099 3072 2334 3123 unquam

2422 1869 2616 1938 λήνης,
2656 1868 2741 1919 ἵνα
2781 1865 2854 1936 μὴ
2889 1864 3293 1933 άνερματξστου
3336 1860 3497 1926 δίκην
3524 1857 3690 1910 ὁλκάδ
3725 1875 3748 1918 ς
3782 1856 3883 1907 ὑπὸ
3912 1856 4024 1906 τιῖιν

2423 1958 2730 2030 ἀνθρώπων
2777 1956 3080 2025 ὠθούμενοι
3113 1957 3170 2007 ἐν
3196 1955 3308 2015 τοῖς
3335 1949 3429 2004 τοῦ
3458 1950 3574 2020 βίου
3611 1949 3891 2014 πλέξοιντο
3923 1945 4021 1998 κύ-

2428 2068 2616 2120 μασιν,
2664 2050 2854 2117 ὦσπερ
2903 2049 3088 2100 εἰκόνα
3147 2042 3346 2097 ἑαυτοῦ
3400 2044 3495 2095 καὶ
3542 2041 3715 2093 τύπον
3770 2040 3861 2092 ἐπὶ
3917 2037 4026 2106 γῆς

2428 2144 2654 2213 βασιλέα
2691 2142 2958 2210 ἐστησεν;
2998 2137 3356 2191 ΒΑΣΙΛΕΥΣ.
3397 2135 3529 2189 Ναί.
3583 2137 3625 2186 Ο
3678 2133 4022 2185 ΠΑΤΡΙΑΡ-

2428 2237 2589 2289 ΧΗΣ.
2634 2237 2693 2289 Ὀ
2733 2235 2789 2287 δὲ
2837 2233 2991 2304 (Θεὸς
3026 2233 3125 2301 μὲν
3171 2231 3273 2283 οὐκ
3303 2227 3400 2285 ὢν,
3436 2226 3728 2296 μιμεῖσθαι
3763 2226 3818 2277 δὲ
3861 2224 4023 2284 Θεὸν,

2427 2327 2500 2392 ὡς
2531 2328 2758 2380 δυνατὸν
2789 2325 3094 2397 ἀνθρώπῳ,
3141 2317 3497 2393 βουλόμενος,¹
3520 2320 3712 2386 ἐπειδὴ
3749 2333 4025 2386 περιγρα-

2431 2423 2564 2484 πτὸς
2605 2421 2664 2472 τέ
2717 2422 2831 2471 ἐστι
2890 2417 2984 2471 καὶ
3035 2417 3225 2480 ἀπλῶς
3282 2413 3595 2486 ἄνθρωπος.)
3663 2411 4029 2480 χειροτονίαις

2431 2514 2710 2584 ἀρχόντων
2759 2512 2962 2582 ἐτέρων
3020 2507 3122 2573 τῆς
3170 2507 3366 2562 ἐαυτοῦ
3440 2506 3745 2577 παρουσίας
3791 2502 3889 2572 τὴν
3924 2521 4028 2554 που

2433 2606 2642 2658 λιτείαν
2678 2604 3042 2675 ἐμπίπλησιν,
3087 2604 3176 2655 ἵνα
3225 2602 3321 2654 καὶ
3361 2601 3516 2653 ἀπὼν
3548 2601 3680 2651 πᾶσι
3725 2598 3895 2664 παρῇ,
3933 2596 4032 2645 καὶ

2436 2700 2628 2769 πόρρω
2657 2696 2886 2761 διεστὼς
2918 2696 3166 2765 παρόντα
3195 2695 3396 2760 ἐπάγει
3428 2696 3544 2754 τοῖς
3575 2689 3902 2762 ἀρχομένοις
3937 2688 4031 2738 τον

2437 2794 2625 2864 φόῦον.
2663 2793 2728 2843 Τί
2762 2787 2855 2844 οὖν
2883 2809 2896 2856 ;
2941 2789 3191 2852 ἀνέξεται
3243 2787 3464 2840 πώποτε
3489 2827 3502 2848 ,
3532 2786 3580 2836 εἰ
3605 2787 3729 2844 τοὺς
3764 2781 3822 2841 ἐξ
3861 2777 4031 2831 αὑτοῦ

2440 2883 2578 2954 πρὸς
2604 2883 2666 2935 τὸ
2709 2883 2897 2955 ἄρχειν
2949 2880 3252 2950 ἀρχθέντας
3302 2877 3560 2947 βασιλέας
3605 2873 4029 2944 προσείποιμεν,

2440 2974 2474 3044 ἢ
2525 2976 2623 3042 τῆς
2673 2971 3051 3041 προσηγορίας
3084 2967 3249 3020 αὑτοῦ
3293 2964 3697 3036 μεταδοίημεν;
3748 2964 3789 3012 Ο
3841 2957 4030 3011 ΒΑΣΙ-

2447 3065 2649 3118 ΛΕΥΣ.
2693 3065 2768 3116 Ub
2815 3064 2974 3133 δῆτα.
3032 3066 3073 3114 υ
3127 3057 3601 3115 ΠΛΤΡΙΛΡΧΗΣ.
3650 3053 3938 3122 λ1ἐ;;.ψεται
3975 3050 4034 3102 δέ

760 3159 819 3201 ttt
845 3161 982 3217 quos
1018 3146 1105 3199 ille
1138 3149 1419 3214 pta-lectos
1441 3121 1743 3210 constituit,
1765 3162 1827 3200 ac
1855 3149 2172 3216 magistratu
2194 3121 2310 3217 iung

2444 3160 2598 3227 ἡμῖν,
2640 3159 2689 3208 εἰ
2720 3158 2834 3218 τοῖς
2865 3156 2922 3221 ἐξ
2953 3153 3120 3208 αὑτοῦ
3147 3151 3602 3221 χειροτονηθεῖσι,
3640 3149 3754 3209 καὶ,
3777 3145 3851 3204 ὡς
3883 3143 4037 3212 αὑτῷ

755 3237 944 3309 jussit,
1001 3237 1361 3305 imperatores
1410 3236 1800 3306 'appellemus,
1862 3239 2180 3306 regiumque
2233 3239 2342 3291 illis

760 3345 958 3384 nomen
994 3339 1156 3398 atque
1195 3329 1426 3397 insignia
1464 3328 1808 3382 tribuamus?
1840 3327 2074 3383 IMPEIL
2125 3331 2344 3385 Minime

761 3425 1026 3487 gentium.
1091 3419 1292 3473 i’ATlt.
1327 3419 1464 3472 Num
1499 3434 1630 3473 vero
1663 3422 1968 3483 accusabit,
2007 3421 2050 3474 si
2087 3437 2223 3489 quos
2254 3423 2343 3477 ille

763 3513 1046 3566 creavitut
1071 3511 1373 3581 itanegotia
1412 3520 1623 3579 gerant,
1657 3513 1816 3565 sicuti
1853 3513 1928 3566 illi
1956 3514 2132 3566 visum
2160 3514 2338 3580 fuerit,

764 3601 1066 3654 adierimus
1092 3606 1281 3670 eisque
1312 3603 1698 3670 supplicemus,
1729 3613 1783 3655 et
1813 3619 1949 3672 quas
1992 3605 2214 3672 ipsimet
2248 3620 2337 3660 re-

764 3693 867 3765 giae
911 3692 1179 3760 tuajestati
1232 3695 1522 3762 petitiones
1549 3694 1743 3750 oﬂerre
1772 3712 1875 3749 nou
1909 3713 2214 3765 possumus,
2251 3714 2342 3767 [-er

766 3799 864 3839 eos
919 3783 1256 3839 offeramus?
1304 3785 1538 3842 lMPER.
1595 3786 1969 3858 Nequaquam.
2008 3787 2213 3843 PA'I‘R.
2252 3790 2344 3846 Sic

2440 3251 2614 3313 δοκεῖ,
2638 3248 2706 3301 τά
2728 3249 3034 3320 πράγματα
3063 3247 3257 3313 ἄγουσι
3282 3244 3486 3314 πρόσιμ
3503 3259 3557 3292 εν
3579 3241 3673 3293 καὶ
3692 3236 4034 3306 ἱκετεύομεν,

2443 3343 2540 3394 καὶ
2569 3343 2697 3402 ὅσας
2722 3341 2871 3410 αὑτῷ
2905 3341 3205 3408 προσάγειν
3239 3339 3336 3406 οὐχ
3361 3331 3464 3387 οἶοί
3487 3335 3543 3385 τέ
3569 3335 3757 3400 ἐσμεν,
3791 3330 4037 3398 αἰτήσεις

2441 3433 2508 3486 δι’
2547 3435 2771 3486 ἐκείνων
2812 3432 2964 3502 αὐτῷ
2998 3431 3394 3501 προσάγομεν;
3430 3430 3471 3478 0
3516 3422 3881 3477 ΒΛΣΙᾹΕΥΣ.
3933 3420 4036 3472 03-

2443 3528 2653 3598 δαμῶς.
2693 3531 2733 3581 0
2763 3526 3230 3580 ΠΑΤΡΙΑΡΧΗΣ.
3269 3523 3457 3583 Οῦτως
3490 3519 3613 3580 οῦν,
3648 3515 3870 3588 βασιλεῦ
3893 3555 3908 3579 ,
3943 3516 4038 3567 καὶ

2448 3617 2580 3669 Θεὸν
2611 3617 2856 3684 νοητέον,
2905 3615 3306 3686 χαλεπαίνοντα
3340 3612 3436 3680 μὲν
3471 3610 3518 3661 εἰ
3569 3609 3741 3675 ἑτέρῳ
3769 3606 3864 3672 τῆς
3898 3601 4037 3655 Θεοῦ

2450 3709 2619 3779 τιμῆς
2654 3708 3042 3779 μεταδοίημεν⁹
3077 3705 3410 3760 ἐπαινοῦντα
3457 3702 3512 3754 δὲ
3543 3701 3636 3754 καὶ
3668 3698 3953 3768 ἡδόμενον,
3988 3695 4038 3748 ει

2448 3798 2576 3859 τοὺς
2614 3797 2780 3850 αὑτοῦ
2809 3799 3027 3860 οἰκέτας
3063 3796 3229 3866 τιμᾷν
3259 3791 3645 3864 προελοίμεθα.

767 3894 917 3948 ergo,
943 3879 1254 3945 imperator,
1281 3881 1440 3934 nobis
1461 3894 1674 3949 quoque
1695 3882 2137 3946 existimandum,
2200 3882 2367 3937 Deum
2407 3889 2618 3943 scilicet
2657 3891 2874 3956 indigne
2904 3889 3067 3953 ferre,
3115 3889 3159 3942 si
3197 3889 3316 3953 ejus
3377 3879 3904 3938 iucntnmunieabilis
3944 3894 4041 3931 uo-

767 3973 931 4025 ³ηῖ¹¹ί³
957 3971 1180 4039 Βιονίθιη
1231 3971 1384 4026 alteri
1419 3973 1749 4035 ιτίὺιιειιιιιιες
1788 3973 2011 4025 laudare
2043 3987 2170 4026 vero
2205 3975 2372 4041 proba
2390 3994 2554 4047 reque
2581 3991 2636 4035 et
2691 3993 2902 4048 gntum
2969 3982 3196 4042 hanere,
3225 3979 3268 4032 si
3337 3976 3454 4046 ejus
3521 3974 3752 4026 lamulos
3802 3970 4026 4024 honori-

768 4067 871 4120 bus
897 4065 1303 4131 prosequendos
1336 4079 1458 4118 esse
1489 4065 1539 4116 in
1565 4066 1808 4118 animum
1843 4075 2088 4120 nostrum
2118 4069 2398 4135 sapienter
2430 4072 2829 4128 induxerimus.

842 4166 932 4219 51.
983 4162 1122 4228 Quin
1159 4171 1212 4215 et
1258 4161 1694 4230 sapientissimus
1731 4159 1932 4214 Paulus
1985 4162 2109 4215 huic
2163 4163 2341 4217 aﬂiuis

774 4254 1059 4310 sententia:
1084 4251 1502 4314 nosretnr,dmn
1538 4252 1607 4304 ad
1641 4249 1916 4305 Romanos
1945 4252 2216 4316 scribens,
2243 4270 2348 4308 non

774 4347 995 4401 omnino
1053 4357 1216 4410 atque
1268 4342 1590 4409 simpliciter
1635 4343 1899 4410 imagines
1946 4345 2206 4411 reprobat
2254 4354 2347 4399 aut

777 4441 1050 4506 vituperat
1081 4437 1146 4489 iis
1190 4444 1424 4497 utentes,
1458 4437 1553 4488 sed
1589 4436 1714 4502 quia
1752 4446 2204 4490 comminuerunt
2233 4437 2349 4505 glo-

782 4533 920 4584 riam
949 4527 1366 4594 iucorruptibilis
1417 4526 1507 4579 Dei
1566 4529 1619 4579 in
1665 4527 2060 4582 similitudinem
2110 4531 2356 4598 imaginis

779 4617 1137 4686 corruptibilis
1163 4618 1458 4669 hominis“.
1481 4618 1688 4671 llevera
1715 4620 1854 4672 enim
1892 4622 2165 4673 temerarii
2194 4630 2356 4689 atque

785 4713 971 4764 insulsi
1001 4711 1272 4771 homines,
1296 4727 1416 4763 eum
1451 4711 1540 4764 Dei
1573 4714 1799 4780 liguram
1837 4725 1893 4767 et
1917 4713 2147 4767 formam
2183 4730 2357 4781 neque

782 4805 1040 4865 viderint,
1072 4817 1247 4867 neque
1280 4804 1518 4868 engitatu
1569 4808 1782 4872 assequi
1841 4805 2118 4872 quiverint
2158 4808 2359 4873 (terri-

784 4910 933 4966 getta-
957 4896 1100 4946 euiut
1137 4909 1258 4946 cutn
1291 4903 1472 4946 essent
1511 4905 1822 4965 temet-eque
1851 4896 1976 4957 Sati,
2006 4911 2068 4948 ac
2107 4911 2362 4948 sensuum

787 4986 928 5040 servi
964 4996 1012 5038 et
1043 4999 1260 5044 carnes,
1303 4987 1466 5038 utsic
1512 4987 1724 5057 loquar,
1760 4990 1938 5041 altitna
1988 5004 2052 5042 ac
2087 4997 2231 5040 motu
2268 5002 2364 5040 ea-

792 5091 997 5138 rentes,
1023 5075 1306 5130 deﬁt-iebat
1355 5093 1450 5132 eos
1477 5081 1527 5131 id
1571 5095 1753 5144 omne,
1803 5096 1910 5148 quo
1949 5080 2364 5132 immaterialem

793 5169 1139 5224 itnntateriali
1167 5171 1378 5224 ratione
1409 5173 1761 5240 attingo-rent,
1801 5189 1980 5226 rerum
2008 5175 2183 5226 oculis
2213 5188 2368 5239 aspe-

791 5263 1068 5316 ctabilium
1117 5273 1368 5314 naturam
1403 5267 1895 5333 transcendendo),
1935 5266 2181 5319 externis
2222 5267 2360 5319 dun-

796 5361 944 5407 taxat
978 5355 1229 5407 sensibus
1258 5355 1501 5419 obiectas
1531 5371 1616 5407 res
1639 5368 1694 5408 ut
1724 5355 1892 5412 Deum
1919 5358 2225 5411 coluerunt.
2261 5356 2363 5411 Ubi

791 5447 956 5498 etiam
999 5447 1218 5512 sapiens
1271 5445 1431 5515 plane
1476 5450 1720 5518 Apostoli
1750 5466 1947 5503 sensus
1994 5463 2156 5518 atque
2185 5452 2367 5503 consi-

795 5537 924 5590 linnt
963 5538 1385 5591 admirationem
1423 5539 1660 5609 ingerit:
1695 5543 1822 5597 illud
1859 5558 2093 5612 namque
2144 5558 2372 5596 commu-

795 5637 1034 5682 tavmtnt
1071 5630 1292 5699 perinde
1322 5633 1632 5702 signiﬁcare
1669 5637 1943 5702 existimo,
1983 5651 2046 5690 ac
2082 5635 2126 5690 si
2171 5635 2316 5690 dicat
2351 5654 2365 5690 :

871 5782 915 5815 “
945 5783 1100 5841 Rom.
1141 5801 1181 5852 ι,
1209 5786 1296 5844 εσ.

2526 4177 2627 4224 να’.
2695 4169 2857 4222 Ἀλλά
2899 4169 3007 4238 γὰρ
3048 4167 3254 4235 ταύτης
3301 4164 3401 4233 τῆς
3436 4163 3593 4231 δόξης
3651 4157 4039 4230 συγγενέσθαι,

2457 4263 2552 4316 καὶ
2582 4264 2610 4315 6
2658 4259 2972 4328 σοφώτατος
3002 4258 3258 4327 φανεῖταί
3302 4274 3385 4309 σοι
3421 4256 3633 4316 Παῦλος
3660 4293 3674 4314 .
3705 4255 3761 4305 ἐν
3790 4248 3870 4316 οἷς
3902 4253 4040 4324 πρὸς

2469 4355 2777 4426 Ῥωμαίους
2819 4353 3182 4417 ἐπέστελλεν,
3217 4352 3315 4421 οὐχ
3363 4350 3549 4411 ἀπλῶς
3591 4347 3805 4409 εἰκόνας
3843 4361 4040 4398 καται·

2454 4447 2741 4518 τιώμενος,
2767 4445 2888 4498 οὺδέ
2913 4447 3024 4506 τοῖς
3053 4444 3225 4496 εἰκόσι
3260 4441 3629 4510 κεχρημένοις
3665 4437 4042 4508 μεμφόμενος,

2458 4541 2572 4595 ἀλλ’
2603 4543 2685 4593 ὅτι
2719 4537 3022 4609 ἠλλάξαντο
3049 4537 3149 4605 τὴν
3177 4535 3334 4597 δόξαν
3365 4532 3457 4584 τοῦ
3484 4531 3763 4598 ἀφθάρτου
3803 4525 3942 4580 Θεοῦ
3986 4529 4044 4577 ἐν

2458 4630 2771 4701 ὁμοιώματι
2806 4629 3017 4689 εἰκόνος
3055 4625 3296 4695 φθαρτοῦ
3320 4621 3636 4694 ἀνθρώπου.
3675 4620 3764 4689 Τῷ
3789 4619 3902 4670 δντι
3933 4619 4042 4684 γάρ

2459 4717 2604 4775 οῦτοι
2639 4717 2930 4789 τολμητέοι
2968 4718 3026 4769 τέ
3054 4719 3160 4767 εἰσι
3193 4717 3282 4767 καί
3313 4715 3554 4782 ἀνόητοι,
3580 4711 3628 4762 οἳ
3652 4709 3786 4762 Θεοῦ
3821 4709 3919 4776 μὲν
3949 4707 4041 4757 τύ-

2465 4831 2565 4865 πον
2601 4811 2636 4883 ἢ
2680 4811 2894 4882 μορφὴν
2923 4810 3013 4860 καὶ
3042 4803 3179 4867 εἶδος
3207 4806 3332 4860 οὒτε
3370 4801 3507 4857 εἶδον
3537 4802 3650 4856 οὒτ’
3685 4803 3886 4854 ἐννοεῖν
3915 4799 4046 4867 ἡδυ-

2464 4902 2704 4972 νήθησαν
2733 4900 3027 4968 (γηγενεῖς
3055 4897 3162 4966 γάρ
3204 4895 3356 4957 ὄντες
3389 4896 3483 4946 καὶ
3516 4893 3746 4960 σπαρτοὶ
3819 4892 3912 4941 καὶ
3949 4891 4046 4940 ἀν·

2465 4994 2671 5063 ήροτοι,
2699 4991 2790 5042 καὶ
2817 4988 3122 5056 αἰσθήσεως
3148 4987 3453 5050 δοῦλοι,κα“ι
3490 4985 3692 5053 σάρκες
3748 4981 3822 5043 ὼς
3844 4981 4041 5039 εἰπεῖν,

2465 5083 2662 5154 ἀψυχοί
2693 5098 2861 5143 τινες,
2885 5081 2981 5133 καὶ
3011 5080 3284 5148 ἀκίνητοι,
3311 5077 3670 5147 ἀποροῦντες,
3693 5074 3845 5134 ὅπως
3865 5071 4045 5133 eam;

2466 5175 2542 5244 τῷ
2582 5173 2730 5243 ἀΰλῳ
2770 5169 3144 5242 προσϐάλωσι,
3178 5169 3273 5222 καὶ
3308 5167 3387 5238 μὴ
3421 5167 3740 5236 δυνηθέντες
3768 5164 3876 5216 τῶν
3905 5164 4047 5234 δρω-

2471 5266 2649 5333 μένων
2691 5263 2995 5333 ὐπερὸῆναι
3039 5260 3138 5330 τὴν
3173 5259 3558 5328 φύσιν),,ἆπερ
3603 5254 3741 5310 εἶδον
3781 5256 3941 5326 μόνον
3972 5255 4047 5318 ὡς

2463 5357 2600 5409 Θεὸν
2629 5357 3010 5425 τετιμήκασιν.
3053 5351 3223 5406 Ἔνθα
3269 5354 3366 5404 καὶ
3405 5351 3707 5419 θαυμάσεις
3755 5349 3925 5410 ὅντως
3954 5345 4046 5400 τοῦ

2478 5446 2807 5500 Ἀποστόλου
2835 5441 2895 5499 εὖ
2928 5445 3072 5514 μάλα
3099 5444 3160 5496 τὸ
3189 5442 3439 5513 βούλημα
3461 5457 3474 5472 ·
3512 5442 3572 5493 τὸ
3603 5457 3709 5509 γαρ
3744 5437 4044 5506 ἤλλαξαν,

2470 5540 2584 5592 [σον
2609 5538 2829 5609 ἐκείνῳ,
2853 5534 3196 5608 οἷμαι,δηλοί
3229 5537 3323 5587 καὶ
3353 5532 3703 5604 παρίστησιν,
3735 5531 3808 5593 ὡς
3840 5530 3894 5580 αι
3923 5527 4049 5597 περὶ

2469 5631 2606 5685 Θεοῦ
2635 5632 2993 5702 ἐνσπαρεῖσαι
3031 5631 3151 5692 ταῖς
3175 5627 3372 5698 ψυχαῖς
3402 5624 3632 5688 ἔννοιαι,
3670 5624 3728 5690 ἐξ
3770 5623 3949 5695 ἀρχῆς
3994 5634 4048 5673 τι
