4240 6438
271 400 372 466 105

1797 407 1995 472 νιτΑ.

3438 418 3541 482 ιω

265 513 365 568 καὶ
391 512 602 568 ἄνωθεν
630 512 960 585 παραδόσεις
991 513 1103 568 τῶν
1134 513 1371 587 πρώτων
1394 514 1726 589 ἀνθρώπων,
1753 518 1850 574 ινα
1879 527 1923 584 Α

1879 527 1923 584 Α
1954 518 2137 576 Insita
2166 521 2446 578 hominum
2465 523 2738 581 meatibus
2758 526 2826 581 de
2852 525 2964 582 Deo
2987 528 3370 598 cogitationes,
3396 545 3546 601 quie-

264 606 401 660 Θεὸν
436 606 618 678 άληθῆ
647 607 812 679 μόνον
842 606 1164 675 ἐγίνωσκον·
1190 607 1241 659 οἰ
1267 606 1326 660 δὲ
1353 607 1455 677 τῆς
1483 607 1701 677 χθονιας
1730 611 1860 682 ἐρα-

266 697 392 750 σταὶ
421 697 639 767 σοφίας,
667 697 987 768 ἀφιλοσόφῳ
1027 697 1192 767 σοφία
1227 697 1324 751 καὶ
1351 696 1496 767 λόγῳ
1525 697 1730 769 ἀλόγῳ,
1759 700 1862 767 τῆς

264 787 554 852 εὐσεϐείας
587 788 690 853 τὰς
737 789 896 859 ῥίζας
944 787 1237 860 τολμηρῶς
1272 789 1727 856 ἀνασπάσαντες,
1764 789 1861 860 ἧλ-

264 879 437 946 λαξάν
472 899 529 934 τε
552 882 725 945 αὐτὰς
748 883 844 936 καὶ
869 881 1064 953 ἑτέραν
1091 881 1416 953 ἐτράποντο,
1444 883 1542 936 καὶ
1563 882 1860 947 πολυθεῖας

266 973 678 1045 ἐμϐεϐληκότες
713 974 879 1044 φυτὰ,
910 974 1256 1047 προῦδωκαν,
1293 977 1362 1046 ἢν
1395 971 1542 1046 εἰχον
1573 975 1857 1049 ἀλήθειαν,

265 1065 561 1136 ἀνθρώπου
599 1067 856 1137 ὁμοίωμα
888 1067 984 1120 καὶ
1029 1067 1300 1123 πετεινῶν
1330 1069 1424 1122 καὶ
1460 1068 1590 1137 έξῆς
1623 1069 1702 1139 τῷ
1739 1068 1860 1140 Θεῷ

267 1161 707 1230 παρασχόμενοι.
754 1160 1104 1215 Ἐναλλάττει
1150 1160 1260 1232 γὰρ
1301 1160 1330 1213 6
1379 1160 1647 1232 πρότερον
1687 1155 1858 1232 εἶχεν,

267 1252 393 1305 ἀντὶ
423 1252 517 1304 τοῦ
550 1251 706 1316 δντος
746 1252 808 1305 τὸ
851 1252 927 1323 μὴ
969 1252 1147 1322 παρὸν
1185 1252 1336 1324 αύτῷ
1383 1252 1858 1324 προαιρούμενος⁶

270 1345 301 1398 6
320 1346 375 1398 δὲ
411 1347 486 1417 μὴ
518 1341 686 1417 εἶχεν,
714 1347 813 1400 οὐκ
842 1346 908 1400 ἂν
937 1346 1283 1418 ἐναλλάττειν
1314 1347 1535 1400 πώποτε
1557 1349 1752 1402 ἕλοιτο.

1963 615 2223 684 quoipso
2277 616 2348 670 ab
2392 616 2551 672 initio
2591 618 2706 688 jam
2759 619 2888 673 olim
2921 620 3208 686 viguerunt
3243 622 3548 690 primorum

1966 706 2250 760 hominum
2278 709 2624 775 traditiones,
2653 727 2818 765 unum
2874 712 3138 765 duntaxat
3164 727 3348 767 verum
3375 715 3547 768 Deum

1966 799 2403 866 cognoscendum
2457 800 2661 856 dabant
2711 819 2726 855 :
2784 812 3014 857 terrena:
3071 816 3202 857 vero
3264 804 3548 874 sapientia:

1968 901 2262 958 amatores,
2317 892 2524 948 insulsa
2561 894 2822 964 nihilique
2868 897 3082 951 ratione
3127 897 3299 961 ducti,
3345 897 3548 952 evulsis

1969 982 2260 1036 temerario
2289 998 2425 1038 ausu
2462 983 2682 1054 pietatis
2711 986 3003 1051 radicibus,
3037 985 3304 1054 ejusmodi
3336 990 3548 1057 cogita-

1969 1070 2142 1126 tiones
2195 1081 2398 1128 naturte
2480 1075 2678 1130 insitas
2714 1068 3150 1147 verissimasque
3225 1080 3551 1133 traditiones

1970 1176 2447 1222 commntaverunt
2469 1177 2893 1238 everteruntque
2916 1177 2971 1224 et
2995 1169 3226 1238 plurium
3263 1171 3549 1224 numinum

1967 1257 2306 1326 impietatem
2343 1258 2488 1312 velut
2522 1253 2715 1314 noxias
2737 1261 2948 1330 plantas
2982 1245 3298 1316 inseverunt
3329 1263 3551 1327 animis,

1971 1349 2276 1420 ipsamque,
2307 1365 2413 1419 qua
2449 1361 2606 1406 erant
2647 1353 2921 1420 instructi,
2954 1354 3243 1409 veritatem
3291 1353 3552 1423 prodide-

274 1452 427 1509 runt,
462 1453 520 1497 ut
548 1443 784 1498 hominis
849 1443 1266 1498 similitudinem
1332 1445 1728 1514 volucrumque
1787 1459 1855 1500 ac
1914 1459 2104 1500 rerum
2143 1447 2405 1516 deinceps
2461 1446 2689 1501 aliarum
2725 1446 2841 1503 Deo
2882 1449 3208 1503 tribuerent.
3236 1448 3552 1502 Commutat

275 1539 421 1592 enim
475 1541 526 1592 id
557 1539 702 1608 quod
745 1549 872 1593 ante
905 1539 1139 1594 habebat
1186 1539 1252 1603 is,
1288 1539 1379 1608 qui
1411 1541 1461 1593 ei
1501 1539 1646 1608 quod
1680 1539 1836 1595 adest
1910 1540 1966 1596 id
1997 1540 2141 1612 quod
2174 1557 2279 1597 non
2306 1544 2460 1598 adest
2519 1542 2736 1613 prmlert
2771 1560 2786 1598 :
2823 1551 3160 1617 commutare
3227 1545 3373 1600 enim
3404 1544 3552 1613 quod

276 1651 382 1689 non
414 1635 599 1695 habet,
630 1648 787 1687 nemo
812 1634 864 1686 in
890 1635 1130 1686 animum
1157 1634 1379 1688 inducat
1399 1649 1576 1687 suum.

345 1726 446 1796 νβ’.
501 1730 542 1777 0
583 1727 736 1778 ΒΔΣ.
787 1719 938 1794 ’Δρα
994 1727 1056 1778 οὐ
1106 1725 1269 1777 τοῦτό
1319 1727 1469 1777 ἐστιν
1526 1725 1554 1778 ὃ
1599 1724 1857 1796 διεξῄεις,

2039 1722 2130 1776 52.
2165 1720 2397 1777 IMPER.
2421 1721 2663 1777 Haecine
2688 1729 2773 1776 est
2791 1721 2934 1790 quod
2959 1735 3216 1778 sermone
3242 1727 3550 1786 contendis.

275 1822 348 1883 ὡς
391 1821 484 1871 ἐπὶ
519 1815 681 1888 μόνον
715 1817 851 1870 Θεοῦ
883 1817 1254 1887 παραδεκτέον
1284 1817 1378 1869 τὸν
1421 1817 1520 1870 τοῦ
1566 1817 1859 1885 νομοθέτου
1891 1834 1936 1893 Β

1891 1834 1936 1893 Β
1966 1815 2034 1870 de
2057 1814 2171 1867 solo
2196 1812 2308 1867 Deo
2341 1813 2717 1881 accipiendum
2751 1813 2999 1882 verbum,
3029 1815 3257 1885 ejusque
3281 1818 3550 1875 duntaxat

275 1915 457 1982 λόγον,
513 1912 609 1965 καὶ
641 1911 716 1974 ὡς
777 1911 872 1963 ἐπὶ
936 1913 1129 1964 τούτου
1187 1910 1288 1975 τὰς
1356 1912 1571 1974 εἰκόνας
1623 1911 1860 1982 γράφειν

277 2006 584 2072 έκώλυσεν;
638 2004 680 2057 0
725 2003 930 2056 HATP.
983 2002 1158 2056 Τοῦτό
1194 2019 1258 2071 γε
1312 2000 1475 2072 ἔφην,
1534 2004 1630 2054 καὶ
1682 2003 1862 2070 λέγειν

277 2098 536 2150 οὐδέποτε
564 2095 864 2165 παύσομαι.
905 2099 948 2146 0
985 2095 1133 2147 ΒΑΣ.
1167 2094 1232 2146 Τί
1273 2094 1375 2164 ϐῆς
1411 2095 1471 2146 ού
1517 2094 1650 2148 Θεὸν
1685 2094 1861 2165 άληθῆ

279 2190 370 2243 τὸν
415 2189 652 2258 Χριστὸν
692 2186 1014 2258 κηρύττειςς
1046 2188 1087 2239 0
1111 2186 1316 2239 ΠΑΤΡ.
1347 2187 1582 2255 Ἔγωγε.
1633 2189 1675 2239 0
1711 2186 1860 2241 ΒΑΣ.

279 2279 519 2351 Χριστοῦ
555 2279 612 2331 δὲ
642 2280 858 2341 εἰκόνας
885 2280 946 2331 οὐ
976 2281 1244 2350 γράφεις;
1271 2281 1312 2330 0
1361 2280 1568 2333 HATP.
1624 2279 1862 2346 Πάνυγε.

280 2377 322 2428 0
345 2376 491 2426 ΒᾹΣ.
527 2374 649 2436 Πῶς
676 2369 769 2427 οῦν
799 2373 931 2425 Θεὸν
960 2373 1136 2442 ἀληθῆ
1171 2372 1261 2425 τὸν
1282 2373 1516 2442 Χριστὸν
1546 2372 1864 2443 κηρύττεις,

278 2465 520 2536 Χριστοῦ
543 2464 600 2516 δὲ
624 2465 859 2534 γράφεις
877 2464 1113 2528 εἰκόνας,
1144 2465 1194 2516 εἰ
1224 2463 1358 2515 Θεοῦ
1390 2464 1624 2532 γράφειν
1651 2463 1867 2526 εἰκόνας

277 2556 308 2610 ό
333 2556 632 2627 νομοθέτης
671 2555 979 2620 ὲκὼλυσενς
1012 2556 1054 2608 Ο
1086 2555 1295 2608 ΠΑΤΡ.
1332 2555 1408 2608 Εὖ
1439 2572 1520 2606 σοι
1569 2554 1799 2622 γένοιτο,
1823 2547 1869 2614 ὦ

281 2651 507 2719 βασιλεῦ
535 2665 551 2680 ·
592 2650 653 2701 τὸ
698 2650 809 2718 γὰρ
845 2648 1001 2720 παρὰ
1045 2646 1139 2700 σοῦ
1181 2647 1405 2716 κινηθὲν
1436 2647 1780 2716 παραστήσει
1809 2646 1869 2699 τὸ

278 2742 456 2811 δόγμα
487 2741 895 2812 λαμπρότερον.
931 2741 1072 2794 Eius
1098 2740 1242 2810 γὰρ,
1277 2740 1339 2792 οὐ
1376 2739 1510 2791 Θεὸν
1537 2738 1738 2808 ἀληθῆ,
1775 2739 1870 2791 καὶ

279 2834 570 2904 ἄνθρωπον
612 2831 788 2902 ἀληθῆ
833 2829 928 2884 τὸν
969 2831 1206 2901 Χριστὸν
1255 2829 1580 2901 κηρύττειςς
1629 2833 1671 2881 0
1716 2828 1867 2882 ΒΑΣ.

271 2923 470 2985 ,Οὕτως
506 2923 634 2992 ἔχω.
686 2928 728 2973 0
782 2923 988 2975 ΙιΑΤΡ.
1025 2922 1347 2990 Ἄνθρωπος
1393 2919 1634 2989 γεγονὼς
1676 2921 1705 2972 6
1733 2919 1871 2993 Xpt-

1964 1904 2252 1976 pingendis
2294 1903 2624 1971 imaginibus
2655 1919 2719 1958 ac
2747 1904 3054 1959 simulacris
3080 1894 3343 1963 ducendis
3377 1909 3551 1964 inter-

1962 1998 2166 2052 dictum
2193 1998 2355 2052 esse?
2383 1997 2586 2052 PATR.
2618 1996 2732 2054 Hoc
2784 1998 2941 2067 plane
2974 1998 3115 2063 dico,
3161 2015 3263 2056 nec
3306 2017 3548 2070 unquam

1965 2097 2282 2146 cessaturus
2321 2106 2440 2144 sum
2485 2089 2691 2145 dicere.
2734 2088 2968 2144 lMPEB.
2997 2089 3134 2157 Quid
3170 2093 3335 2147 vero?
3360 2093 3551 2148 Nonne

1964 2179 2234 2236 Christum
2279 2196 2464 2236 verum
2513 2182 2679 2236 Deum
2713 2182 2984 2249 proﬁteris
3011 2182 3036 2236 ἲ
3065 2181 3270 2238 l‘ATll.
3292 2184 3547 2240 Maxime.

1967 2271 2198 2327 IMPER.
2231 2271 2416 2325 Nonne
2443 2286 2572 2325 vero
2601 2271 2800 2326 Christi
2847 2271 3109 2343 imagines
3136 2288 3200 2328 ac
3255 2275 3547 2330 simulacra

1967 2365 2143 2434 pingis
2159 2363 2183 2416 τ
2200 2363 2401 2417 PATR.
2418 2363 2496 2417 Ita
2515 2363 2689 2433 plane.
2704 2362 2935 2418 lMPEB.
2955 2364 3234 2431 Quomodo
3253 2367 3433 2435 igitur,
3457 2370 3551 2438 qttl

1970 2471 2154 2509 verum
2187 2454 2353 2508 Deum
2395 2455 2672 2510 Christum
2704 2455 2994 2524 proﬁteris,
3027 2457 3232 2513 Christi
3284 2460 3551 2530 imagines

1973 2548 2174 2617 pingis,
2211 2563 2335 2602 cum
2389 2547 2666 2617 legislator
2699 2547 2793 2602 Dei
2831 2548 3096 2617 imagines
3129 2551 3426 2621 pingendas
3457 2566 3550 2605 ve.

1973 2638 2170 2692 tuerit?
2220 2635 2424 2692 PATB.
2462 2637 2606 2692 Bene
2659 2639 2754 2694 tibi
2810 2640 2908 2703 sit,
2938 2654 2972 2692 ο
3005 2640 3326 2709 imperator,
3383 2657 3549 2710 quam

1970 2732 2116 2784 enim
2137 2731 2490 2798 quaestionem
2522 2731 2759 2798 movisti,
2785 2731 3092 2785 doctrinam
3121 2731 3323 2788 clarius
3349 2735 3552 2789 conﬁr—

1972 2823 2159 2877 mabit.
2189 2821 2348 2885 Nam,
2373 2824 2590 2887 amabo.
2621 2838 2804 2878 nonne
2837 2823 3116 2879 Christum
3149 2842 3338 2880 verum
3377 2826 3546 2881 Deum

1972 2926 2266 2980 verumque
2309 2913 2582 2966 hominem
2635 2913 2950 2982 proﬁteris?
2995 2913 3229 2970 IMPER.
3282 2914 3359 2968 ita
3393 2931 3546 2971 sane.

282 3018 446 3080 στὶς,
509 3016 572 3067 ού
649 3014 858 3077 τέλειός
925 3014 1076 3066 ἐστιν
1140 3012 1404 3077 ὡσαύτως
1472 3014 1631 3066 τοῦτο
1682 3015 1872 3069 κακεῖ-

1977 3003 2180 3058 PATR.
2213 3005 2469 3059 Christus
2501 3006 2663 3096 homo
2693 3005 2895 3072 l'actus,
2930 3022 3108 3063 nonne
3145 3008 3369 3076 perinde
3406 3009 3549 3064 Deus

284 3125 376 3173 νο,
433 3108 527 3159 καὶ
585 3104 709 3159 οὔτε
747 3106 849 3175 τὴν
905 3103 1118 3156 οἰκείαν
1180 3104 1345 3171 φύσιν
1399 3106 1690 3174 ἐμείωσεν,
1743 3102 1868 3156 οὔτε

1975 3107 2139 3166 atque
2167 3098 2328 3151 homo
2353 3096 2623 3166 perfectus
2661 3099 2893 3162 exsistit,
2919 3099 3142 3168 quando
3187 3114 3365 3168 neque
3388 3116 3547 3156 suam

282 3202 311 3254 ὃ
370 3198 704 3270 προσέλαϐεν
761 3198 842 3259 είς
891 3195 1145 3266 θεότητος
1220 3196 1382 3263 φύσιν
1445 3197 1778 3265 μετέϐαλενς
1828 3189 1942 3248 0C

1899 3189 1942 3245 C
1977 3187 2094 3256 ipse
2113 3197 2363 3241 naturam
2391 3190 2608 3251 minuit,
2638 3204 2736 3243 nec
2761 3205 2922 3256 quam
2942 3190 3238 3256 assumpsit
3256 3191 3309 3245 in
3328 3193 3549 3247 deitatia

285 3290 436 3343 ΒΑΣ.
488 3289 599 3341 Καὶ
661 3285 831 3356 μάλα.
873 3286 914 3337 0
972 3285 1178 3336 ΠΛΊῬ.
1241 3285 1314 3336 Οὐ
1379 3287 1761 3354 συνομολογεῖς
1811 3284 1867 3337 δὲ

1971 3290 2220 3334 naturam
2273 3282 2581 3336 convertit?
2633 3281 2867 3336 IMPER.
2901 3281 3088 3339 Plane.
3117 3283 3320 3339 PATR.
3357 3283 3549 3341 Nonne

286 3383 382 3436 καὶ
433 3381 560 3449 φὴς,
619 3378 694 3442 ὡς
751 3377 910 3431 ἄλλον
961 3377 1063 3446 μὲν
1122 3376 1216 3429 καὶ
1288 3375 1448 3429 ἄλλον
1499 3377 1590 3429 τὸν
1633 3377 1866 3447 Χριστὸν

1970 3370 2178 3438 pariter
2225 3371 2506 3426 conﬁteris
2537 3372 2724 3442 aisque
2751 3389 3030 3443 nunquam
3069 3389 3166 3429 nos
3194 3376 3360 3431 alium
3383 3387 3547 3447 atque

284 3476 387 3529 οὐκ
453 3473 518 3525 ἄν
586 3488 716 3523 ποτε
785 3469 1066 3541 φαίημενο
1124 3469 1216 3522 τὸν
1275 3469 1438 3522 αὐτὸν
1477 3468 1536 3520 δὲ
1586 3469 1700 3538 ἃμα
1744 3468 1868 3521 κατ’

286 3566 416 3620 ἄλλο
462 3565 557 3616 καὶ
603 3563 730 3617 ἄλλο
755 3604 770 3626 ,
807 3564 907 3614 καὶ
943 3560 1126 3628 ἀπαθῆ
1169 3561 1265 3613 καὶ
1314 3560 1552 3631 παθητὸν
1594 3560 1824 3628 λέγομεν
1849 3576 1863 3592 ο

286 3658 411 3712 καθ’
437 3657 466 3710 ὃ
492 3657 592 3726 μὲν
622 3655 786 3720 Θεὸς,
808 3653 988 3717 τοῦτο,
1023 3655 1145 3707 καθ’
1174 3654 1203 3705 ὃ
1226 3653 1280 3706 δὲ
1308 3654 1596 3720 ἄνθρωπος
1625 3653 1653 3704 6
1683 3655 1864 3718 αὐτὸς,

287 3751 502 3810 ἐκεῖνο;
549 3746 614 3797 Τί
653 3745 751 3815 δή;
807 3745 865 3795 ού
904 3743 1040 3797 καθὸ
1074 3743 1172 3812 μὲν
1205 3743 1358 3808 Θεὸς,
1389 3744 1617 3813 ἀόρατός
1659 3746 1719 3796 τέ
1750 3747 1864 3798 ἐστι

289 3839 385 3892 καὶ
417 3835 626 3904 ἀναφὴς
658 3835 751 3886 καὶ
782 3832 1070 3901 νοούμενος
1092 3847 1105 3860 ⁸
1131 3831 1253 3883 καθ’
1288 3831 1316 3883 ὅ
1344 3831 1399 3884 δὲ
1430 3833 1738 3903 ἅνθρωπος,
1771 3833 1865 3885 καὶ

289 3930 484 4001 ὁρατὸς
543 3928 634 3981 κεπιί¹
681 3924 850 3987 ἁπτὸς
888 3926 980 4001 καὶ
1013 3923 1374 3993 φαινόμενος;
1426 3925 1561 3993 Οὐχ).
1613 3919 1704 3976 οὖν
1769 3925 1865 3977 καὶ

289 4021 424 4075 Θεὸν
449 4024 605 4090 ἴσμεν
631 4018 805 4088 ἀληθῆ
824 4018 918 4069 τὸν
941 4019 1318 4086 γραφόμενοη
1343 4017 1475 4080 Θεὸς
1499 4017 1605 4084 γὰρ
1628 4017 1864 4087 άληθῶς,

283 4117 388 4168 καὶ
417 4111 725 4182 σαρκωθεὶς
764 4110 793 4159 ὁ
821 4109 1081 4180 Χριστός.
1125 4108 1264 4160 Ἀλλ’
1294 4109 1355 4159 ού
1388 4109 1508 4161 καθ’
1547 4108 1576 4161 ὃ
1607 4108 1738 4172 Θεὸς
1776 4110 1868 4162 τὸν

215 4201 220 4206 ’
290 4207 525 4279 Χριστὸν
576 4204 898 4273 γράφομεν,
953 4201 1073 4253 οὐδὲ
1127 4201 1268 4254 κατὰ
1306 4200 1462 4254 τοῦτο
1504 4201 1602 4262 τὰς
1653 4203 1869 4264 εἰκόνας

292 4299 442 4368 αὐτῷ
467 4295 685 4350 ἁνατίθε
696 4311 815 4364 μεν·
854 4292 990 4346 καθὸ
1023 4292 1077 4345 δὲ
1109 4293 1395 4364 ἄνθρωπος
1429 4289 1495 4363 ἦν
1532 4296 1559 4346 6
1585 4293 1744 4355 αὐτὸς
1773 4295 1866 4346 καὶ

292 4393 385 4444 ὲπὶ
427 4390 531 4457 γῆς
568 4387 764 4456 ἐφάνη,
795 4388 916 4447 ταῖς
941 4383 1114 4438 εἰκόσι
1147 4384 1484 4454 κεχρήμεθα.
1519 4385 1627 4436 Καὶ
1655 4382 1778 4436 οὔτε
1804 4383 1867 4437 τὸ

289 4480 486 4550 ὁρατὸν
522 4480 616 4531 καὶ
647 4477 1022 4546 περὶγραπτον
1043 4477 1154 4532 τοῖς
1179 4475 1277 4544 τῆς
1313 4474 1576 4544 ἁορασίας
1606 4474 1699 4527 καὶ
1733 4477 1866 4528 άπε-

1970 3462 2136 3516 alium
2171 3462 2448 3518 Christum
2474 3464 2713 3529 dixisse;
2750 3467 2845 3520 sed
2888 3483 3052 3522 unum
3075 3470 3432 3538 eumdemque
3457 3484 3548 3522 se—

1967 3556 2204 3609 cundum
2233 3556 2378 3610 aliud
2404 3566 2568 3624 atque
2609 3557 2756 3611 aliud
2785 3567 2898 3612 tum
2926 3559 3243 3627 passibilem
3273 3569 3384 3613 tum
3411 3560 3544 3613 nulli

1967 3647 2260 3700 obnoxium
2289 3649 2526 3715 paSsioni
2554 3650 2768 3715 dicere;
2802 3649 3033 3704 alterum
3063 3651 3273 3704 scilicet
3295 3667 3400 3719 qua
3452 3666 3541 3703 ra-

1971 3739 2118 3795 tione
2149 3750 2232 3794 cst
2258 3740 2421 3805 Deus,
2441 3740 2671 3796 alterum
2705 3757 2812 3811 qua
2838 3742 3002 3796 homo
3025 3743 3146 3796 est?
3166 3741 3311 3808 Quid
3343 3745 3545 3814 igitur?

1967 3848 2074 3900 qua
2101 3833 2312 3886 ratione
2345 3833 2489 3887 Deus
2519 3842 2626 3897 est,
2659 3847 2836 3886 nonne
2869 3833 3300 3902 inaspectabilis,
3339 3836 3545 3890 intrac-

1971 3920 2169 3983 labilis,
2201 3920 2424 3990 solaque
2457 3933 2634 3975 mente
2655 3921 3020 3990 'intelligihilis
3051 3923 3173 3979 est?
3216 3940 3321 3994 qua
3355 3936 3539 3980 autem

1971 4012 2156 4075 homo,
2193 4027 2375 4065 nonne
2408 4012 2701 4081 ejusmodi,
2741 4013 2832 4080 qui
2860 4014 3032 4066 oculis
3067 4014 3258 4079 videri,
3287 4015 3543 4084 tangiqne

1971 4102 2220 4155 inanibus
2242 4104 2431 4170 possit,
2458 4118 2520 4156 ae
2541 4116 2700 4157 sensu
2727 4104 3051 4171 conspicuus
3070 4104 3539 4160 exsistat?Nonne

1971 4192 2136 4261 igitur
2162 4193 2323 4246 etiam
2355 4208 2476 4245 eum
2546 4195 2635 4261 qui
2694 4195 2949 4263 pingitur,
2984 4210 3168 4248 verum
3215 4195 3380 4252 Deum
3410 4213 3539 4251 nos-

1968 4283 2185 4337 cimus?
2223 4284 2362 4337 Vere
2413 4284 2558 4336 enim
2591 4285 2841 4339 Christus
2890 4285 3036 4339 'Deus
3067 4296 3173 4350 est,
3209 4288 3457 4354 quamvis
3485 4301 3540 4342 et

1969 4391 2131 4429 carne
2157 4377 2412 4444 prmditus
2434 4378 2524 4430 sit.
2552 4375 2702 4430 llaud
2729 4387 2905 4430 tamen
2929 4376 3206 4431 Christum
3231 4392 3294 4431 ea
3327 4380 3538 4432 ratione

1971 4469 2269 4538 piugimtts,
2301 4484 2404 4536 qua
2444 4467 2586 4521 Deus
2618 4477 2721 4531 est,
2770 4467 2849 4522 vel
2897 4468 2946 4522 ei
2984 4468 3246 4535 imagines
3277 4479 3332 4522 et
3365 4471 3540 4522 simu-

295 4568 590 4641 ριγραψίις
641 4565 1050 4634 άνακομίζομεν
1109 4564 1366 4632 μέτροις,
1413 4563 1487 4626 ὠς
1541 4563 1606 4617 ἂν
1648 4563 1724 4634 μὴ
1768 4561 1864 4633 τὴν
1897 4575 1960 4630 θ’

1861 4559 2115 4630 uolat-ra
2169 4561 2524 4629 appendimus
2559 4577 2573 4611 :
2606 4558 2700 4612 sed
2746 4559 3030 4621 duntaxat,
3077 4553 3182 4629 qua
3223 4567 3345 4613 erat
3394 4561 3535 4614 idetn

285 4660 568 4730 σωτηρίαν
591 4656 1071 4725 διαψευσθείημεν,
1095 4652 1218 4706 οὔτε
1240 4654 1284 4704 δ’
1313 4649 1379 4708 αὖ
1396 4655 1456 4706 τὸ
1471 4655 1674 4722 ἀναφὲς
1699 4653 1862 4706 αὑτοῦ

289 4756 388 4807 καὶ
417 4753 650 4820 ἀόρατον
681 4749 776 4802 κα)⁸
799 4747 1238 4817 ἀπερίγραπτον,
1264 4748 1374 4807 τοῖς
1403 4745 1502 4814 τῆς
1531 4747 1747 4814 ἐπαφῆς
1773 4746 1864 4798 καὶ

288 4842 645 4914 περιγραφῆς
700 4840 800 4892 καὶ
853 4840 1097 4906 ὁράσεως
1159 4836 1625 4905 κατακομίζοντες
1687 4836 1863 4905 λόγοις

291 4933 582 5007 μανιωδῶς
609 4929 942 5000 διαμορφοῦν
970 4927 1376 4998 ἐπιχειροῦμεν·
1409 4929 1608 4997 μᾶλλον
1629 4928 1686 4981 δὲ
1721 4929 1863 4982 εἰδό-

285 5041 414 5088 τες,
447 5024 532 5076 ὃτι
573 5019 668 5073 τοῦ
697 5021 820 5082 ἑνὸς
871 5018 1112 5089 Χριστοῦ
1159 5019 1421 5086 πρόσεστι
1473 5018 1534 5070 τό
1565 5035 1637 5070 τε
1667 5017 1863 5090 ὁρατὸν

285 5118 382 5170 καὶ
409 5117 658 5185 άόρατον,
702 5111 1080 5182 περίγραπτον
1111 5109 1206 5162 καὶ
1235 5110 1652 5180 άπερίγραπτον
1686 5111 1862 5164 ἀδιαι-

290 5209 460 5280 ρέτως
487 5222 547 5258 τε
578 5206 672 5258 καὶ
693 5200 1018 5271 άσυγχύτως
1041 5202 1183 5254 κατά
1204 5219 1266 5267 γε
1291 5203 1359 5255 τὰ
1384 5202 1511 5268 τῶν,
1538 5203 1596 5270 ἐξ
1622 5195 1696 5256 ὧν
1723 5205 1860 5270 ἐστι,

287 5297 507 5368 φύσεων
543 5297 687 5360 ίδια,
737 5295 954 5364 ἑκάστῳ
989 5293 1128 5346 κατὰ
1178 5293 1246 5346 τὰ
1278 5294 1756 5365 προαποδεδομένα
1803 5297 1864 5349 τὸ

281 5393 487 5442 οἰκεῖον
537 5386 832 5456 ἀπονέμειν
883 5384 1303 5454 μεμαθήκαμεν.
1347 5384 1460 5438 Καὶ
1495 5387 1651 5436 τοῦτο
1700 5385 1866 5449 δείξει

282 5481 394 5536 «uini
421 5477 786 5548 γραφομένων
819 5475 1046 5528 εἰκόνων
1075 5475 1102 5524 6
1136 5478 1356 5544 τρόποςο
1389 5474 1422 5544 ἢ
1461 5474 1569 5545 γὰρ
1597 5476 1655 5526 ἐν
1688 5476 1864 5550 φάτνῃ

231 5571 234 5573 “
285 5573 541 5642 κείμενον
594 5568 920 5639 γράφουσιν,
962 5568 994 5638 ἢ
1045 5566 1152 5619 ὑπὸ
1193 5566 1295 5637 τῆς
1337 5567 1558 5636 Μητρὸς
1597 5566 1863 5620 Θεοτόκου

283 5659 709 5736 τρεφόμενον,ῆ
761 5658 1058 5730 ὁμιλοῦντα
1119 5660 1232 5723 τοῖς
1283 5658 1590 5728 μαθηταῖς,
1646 5658 1679 5729 ἢ
1724 5675 1862 5732 παρ-

286 5755 501 5808 εστῶτα
529 5751 762 5822 Πιλάτῳ,
789 5751 821 5821 ἢ
844 5751 938 5803 ἐπὶ
965 5748 1126 5815 ξύλου
1159 5749 1696 5820 κρεμάμενον,ἢὸσα
1725 5749 1860 5804 ἄλλα

285 5843 510 5900 τοιαῦτα
546 5842 643 5912 τὴν
684 5841 775 5894 ἐπὶ
809 5840 910 5910 γῆς
937 5838 1101 5893 αὐτοῦ
1134 5841 1436 5907 παρουσίαν
1466 5840 1753 5894 δείκνυσιν·
1784 5837 1858 5896 ὧν

612 5941 875 6001 Ρλτιιοι.
917 5937 1034 5998 Gtt.
1087 5937 1151 5998 C.

1971 4654 2132 4706 homo
2175 4664 2337 4721 atque
2359 4653 2410 4704 in
2461 4652 2622 4705 terris
2657 4661 2740 4706 est
2769 4653 2939 4716 visus,
2969 4653 3176 4705 utimur
3206 4653 3537 4723 imaginibus

1967 4744 2085 4812 ejus
2123 4762 2136 4798 :
2170 4756 2224 4798 ct
2277 4759 2455 4810 neque
2498 4744 2639 4813 quod
2674 4743 3003 4812 aspectabile
3037 4759 3101 4800 ac
3121 4744 3400 4800 deﬁnitum
3427 4757 3534 4809 est.

1965 4851 2469 4908 comniensuramus
2489 4836 2538 4890 ei
2563 4836 2704 4903 quod
2741 4824 3127 4904 inaspectabile
3149 4852 3212 4891 ac
3245 4838 3540 4894 incircum-

1965 4931 2224 4997 scriptuin
2256 4929 2490 4991 exsistit,
2521 4943 2588 4983 ne
2639 4929 2690 4980 in
2748 4928 2939 4981 salutis
2970 4929 3185 4997 negotio
3229 4942 3479 4986 erremus
3514 4949 3532 4986 :

1965 5008 2063 5076 nec
2095 5004 2307 5083 rursus,
2339 5024 2480 5090 quod
2509 5021 2583 5075 illi
2634 5020 3001 5085 intractabile,
3031 5021 3441 5090 inaspectabile,
3468 5035 3538 5082 ac

1963 5115 2497 5183 ineircnmsm'iptum
2533 5113 2771 5178 exsistit,
2802 5113 2884 5167 ad’
2916 5125 3207 5168 'cnirtacuts
3248 5127 3523 5185 aspectus-

1960 5193 2155 5275 queiac
2179 5206 2704 5275 circumscriptionis
2758 5208 2993 5262 rationes
3029 5208 3413 5276 depriinentcs,
3444 5210 3529 5263 iu-

1965 5299 2199 5351 rentiuin
2246 5312 2395 5351 more
2440 5297 2716 5352 coloribus
2749 5298 2916 5367 'atque
2951 5297 3237 5368 pigmentis
3278 5299 3531 5372 eﬂiugere

1966 5391 2210 5444 nitimur.
2226 5389 2363 5455 Quin
2384 5391 2563 5460 potius
2590 5391 2811 5444 minime
2829 5387 3142 5459 ignorantes
3159 5394 3530 5450 uninsChristl

1962 5493 2104 5540 esse,
2134 5480 2278 5547 quod
2307 5481 2657 5548 aspectabilis
2685 5479 2755 5534 sit
2775 5492 2829 5535 et
2860 5496 2963 5536 non
2986 5483 3352 5550 aspectabilis,
3387 5488 3531 5554 quod

1962 5567 2407 5633 circumscriptus
2459 5579 2514 5623 et
2559 5569 3102 5639 incircumscriptus,
3171 5573 3332 5642 idque
3389 5585 3526 5629 citra

1961 5658 2360 5724 confusionem,
2405 5660 2555 5729 juxta
2607 5670 2946 5717 naturarum.
2978 5676 3099 5730 quae
3145 5663 3196 5715 in
3236 5665 3354 5733 ipso
3383 5675 3528 5730 sunt,

1960 5751 2352 5820 pr0prietatcs;
2373 5761 2532 5822 prout
2557 5753 2668 5821 jam
2696 5752 3024 5822 explicatum
3050 5763 3155 5819 est,
3176 5752 3341 5824 (quod
3373 5773 3528 5810 suum

1961 5842 2078 5913 est)
2104 5845 2299 5914 cuique
2331 5845 2571 5900 tribuere
2603 5846 2870 5901 novimus.
2906 5845 2962 5900 id
2991 5846 3131 5916 quod
3165 5863 3353 5904 earum
3379 5850 3522 5918 ipsa-

3129 5942 3168 6003 ὁ
