4240 6438
664 394 759 458 1οἹ

1671 391 1732 449 S.
1780 387 2200 449 NICEPliGl-‘tl
2247 387 2751 448 PATRIAR-CILE
2789 388 2897 447 (ΣΡ.

3859 382 3960 450 108

659 521 800 567 rum,
827 518 948 573 qua:
985 478 1280 572 pinguntur
1309 508 1474 568 atque
1501 507 1776 566 ponuntur
1814 499 2110 567 imagimtm
2138 512 2252 550 mo-

2372 478 2511 550 ›ὺδὲν
2543 491 2634 568 ἦν,
2662 496 2801 549 καθὸ
2836 496 2972 559 Θεὸς
3007 491 3099 566 ἦν,
3139 494 3272 550 καθὸ
3305 496 3360 551 (τὲ
3413 496 3440 550 ό
3474 497 3637 562 αὐτὸς
3672 497 3961 569 ἄνθρωπος

660 596 762 651 dtis
796 597 1054 650 ostendet
1082 611 1094 646 :
1122 594 1377 647 antenim
1400 591 1504 645 ilhc
1532 591 1584 644 in
1611 589 2130 660 prmsrpijaccntt-m
2164 606 2248 642 re-

659 697 1019 762 praesentant,
1051 696 1141 741 aut
1178 685 1420 753 Deipat'm
1462 685 1706 754 parentis
1742 694 2028 754 sugentetn
2061 684 2249 746 ubera,

661 787 757 832 aut
792 776 1090 846 discipulos
1155 774 1548 844 alloqncntem,
1618 774 1702 828 \‘cl
1748 783 2019 828 astantem
2054 771 2252 840 Pilato,

660 867 840 920 autin
885 866 1033 932 ligno
1083 866 1434 935 pendentem,
1467 871 1560 917 aut
1594 863 1638 917 si
1689 881 1796 934 qua
1842 862 2108 932 ejusmodi
2147 863 2255 917 alia

659 962 776 1024 eius
835 959 886 1012 in
920 967 1095 1012 terras
1139 958 1430 1011 adventum
1471 956 1752 1010 declarant
1785 972 1798 1009 :
1851 971 2083 1026 quorum
2112 954 2251 1009 nihil

667 1063 750 1107 est
777 1066 838 1104 ea
875 1053 1085 1106 ratione
1117 1067 1222 1122 qua
1265 1052 1407 1106 Deus
1438 1060 1540 1115 est,
1575 1050 1669 1105 sed
1698 1065 1802 1119 qua
1833 1049 1977 1104 idem
2011 1065 2259 1118 unusque

669 1147 788 1215 ipse
821 1146 990 1200 homo
1021 1145 1342 1200 exsistebat.
1375 1144 1490 1198 Nisi
1529 1145 1675 1198 enim
1707 1145 2033 1213 quandoque
2091 1144 2256 1198 homo

663 1238 845 1292 factus
896 1249 1068 1303 esset,
1119 1237 1471 1304 hominisque
1525 1238 1753 1306 tignram
1794 1251 1858 1289 ac
1917 1234 2148 1288 fortnam
2201 1235 2255 1290 in

2357 585 2449 660 ἦν.
2485 590 2546 643 Et
2593 589 2693 659 μὲν
2725 587 2835 660 γὰρ
2876 587 3164 660 ἄνθρωπος
3204 591 3307 643 οὐκ
3337 591 3586 659 ἐγεγόνει
3621 589 3788 654 ποτὲ,
3839 590 3962 644 οὐδὲ

2361 681 2656 752 ἀνθρώπου
2705 683 2924 752 μορφὴν
2958 683 2991 753 ἢ
3027 678 3167 745 εἶδος
3197 683 3294 736 ἐπὶ
3324 683 3430 753 γῆς
3462 683 3730 747 ἑκουσίως
3763 683 3962 738 ἀνέλα-

2361 772 2476 838 ϐεν,
2505 776 2608 827 οὐκ
2647 774 2717 828 ἂν
2758 774 2932 828 ταῦτα.
2963 776 3258 847 ἐγράφετο,
3295 776 3415 829 οὐδὲ
3458 778 3547 829 ἐπ’
3570 775 3737 829 αὐτοῦ
3773 775 3964 847 χώραν

2362 867 2620 934 γενέσθαι
2663 868 2912 938 ἐδέχετο·
2962 870 3012 921 εί
3057 869 3113 922 δὲ
3145 868 3283 939 σὰρξ
3307 869 3334 922 ό
3365 869 3540 938 Λόγος
3576 865 3816 938 ὲγένέτο,
3864 869 3963 922 καὶΙ

2362 960 2458 1013 ἐπὶ
2487 960 2592 1030 γῆς
2616 960 2813 1031 ἐφάνη,
2841 959 2938 1013 καὶ
2967 958 3123 1031 ὤφθη
3157 959 3472 1026 ἀνθρώποις
3499 961 3574 1024 ὡς
3604 960 3915 1031 ἄνθρωπος,
3934 961 3964 1012 ὁ

2361 1051 2558 1124 πρώην
2586 1052 2832 1123 ἄσαρκος
2859 1053 2993 1115 Θεῖς
3028 1053 3122 1105 καὶ
3157 1052 3484 1124 ἀσώματος·
3518 1054 3619 1106 οὐκ
3655 1052 3720 1106 ἂν
3754 1053 3962 1106 ἀδικοῖ-

2365 1163 2488 1218 μεν,
2520 1145 2596 1208 ὡς
2632 1141 2822 1218 οἶμαι,
2868 1145 2904 1199 ἃ.
2955 1146 3288 1216 ἑωράκαμεν
3325 1148 3392 1217 τῇ
3441 1147 3629 1216 γραφῇ
3671 1146 3964 1216 σημαίνειν

2363 1237 2661 1302 ἐθέλοντες.

661 1345 808 1388 terra
838 1333 1260 1404 assumpsisset,
1297 1349 1574 1402 nunquam
1614 1334 1729 1388 haec
1761 1333 1986 1403 pictura:
2018 1344 2137 1387 arte
2169 1332 2348 1390 etticta
2381 1347 2592 1403 essent,
2629 1352 2728 1393 nec
2778 1337 2927 1393 locns
2961 1338 3152 1392 fuisset
3214 1345 3274 1392 ut
3328 1337 3384 1392 in
3433 1349 3500 1392 eo
3563 1336 3689 1391 talia
3747 1336 3963 1392 tierent.

660 1425 798 1481 Cum
860 1437 1040 1480 autem
1073 1423 1310 1480 Verbum
1339 1442 1468 1480 caro
1525 1425 1726 1479 factum
1763 1425 1855 1489 sit,
1887 1441 1952 1480 ac
1975 1425 2026 1478 in
2062 1435 2205 1479 terra
2230 1429 2564 1497 apparuerit,
2600 1429 2948 1497 humanaque
2979 1427 3172 1491 forma,
3207 1428 3297 1496 qui
3335 1425 3463 1480 olim
3509 1428 3650 1482 Deus
3714 1427 3966 1495 incorpo-

665 1536 792 1574 rcus
821 1531 876 1574 et
937 1520 1118 1574 carnis
1153 1535 1351 1588 expers
1409 1528 1546 1582 erat,
1576 1519 1726 1573 visus
1791 1518 1884 1584 sit,
1937 1518 2072 1573 nihil
2133 1521 2201 1573 ad
2253 1519 2506 1587 injuriam
2565 1521 2760 1577 fecisse
2821 1520 2990 1576 videri
3043 1535 3350 1591 possumus,
3394 1519 3440 1573 si
3495 1533 3557 1573 ea
3612 1533 3735 1588 qua:
3792 1519 3966 1573 oculis

663 1613 923 1679 vidimus,
981 1612 1260 1666 coloribus
1316 1627 1534 1681 quoque
1561 1628 1622 1666 ac
1649 1612 1908 1681 penicillo
1959 1613 2186 1668 reddere
2213 1623 2544 1670 statuamus.

738 1708 828 1762 55.
875 1705 1108 1760 llll’Ell.
1139 1705 1209 1760 At
1243 1706 1371 1775 quid
1405 1707 1472 1759 de
1503 1706 1819 1774 angelorum
1853 1705 2016 1772 pictis
2067 1706 2263 1776 itnagi-
2298 1727 2340 1786 Β

665 1802 842 1864 nibus,
880 1815 1178 1869 eorumque
1211 1799 1360 1853 dices
1398 1798 1748 1852 simulacris?
1778 1796 1888 1853 Nec
1921 1799 2089 1864 enim,
2110 1809 2260 1868 puto,

671 1892 923 1945 dicturus
954 1905 1034 1956 es,
1063 1891 1228 1944 etiam
1263 1889 1582 1957 angelorum
1615 1891 1818 1958 tignras
1840 1889 2142 1958 pictoribus
2164 1907 2263 1944 ex-

669 1985 910 2053 ploratas
945 2000 1089 2045 esse,
1124 1983 1312 2050 sicque
1347 1983 1468 2036 illos
1498 1982 1746 2051 pingere,
1780 1982 1931 2036 velut
1962 1982 2014 2036 in
2045 1983 2263 2052 propria

672 2083 848 2131 t'uiina
880 2078 1316 2144 conspiciuntur.
1358 2074 1568 2130 PA'I'R.
1605 2075 1718 2145 Ego
1755 2089 1888 2129 sane
1923 2074 2044 2130 illos
2095 2091 2264 2145 augeo

669 2173 844 2225 lorutn
875 2184 976 2224 nec
1010 2172 1238 2224 t'ormam
1269 2184 1450 2227 nosse.
1477 2184 1572 2222 nec
1603 2167 1852 2238 ﬁguram,
1876 2166 2046 2222 libens
2075 2169 2267 2222 admit-

671 2273 778 2315 tam
817 2278 830 2316 :
869 2269 1035 2331 atque
1073 2260 1210 2312 adeo
1252 2274 1350 2313 nec
1383 2258 1461 2312 sic
1502 2258 1729 2326 pingere
1775 2267 2031 2325 tanquam
2063 2256 2263 2318 sciant,

669 2354 896 2422 pingere
923 2359 1122 2415 tamen,
1155 2359 1306 2417 puto,
1343 2349 1573 2400 humana
1633 2346 1830 2411 forma,
1884 2356 1941 2399 ιιι
1970 2346 2265 2416 Scriptura:

671 2460 841 2499 sacra:
864 2457 1070 2498 morem
1091 2452 1300 2510 gerant.
1326 2439 1559 2492 llll’iili.
1591 2437 1743 2494 Unde
1771 2440 1885 2493 haec
1905 2439 2028 2494 ais?
2051 2437 2256 2493 PATR.

673 2535 866 2592 Nescis
897 2537 1172 2605 quomodo
1206 2535 1272 2588 de
1333 2535 1565 2603 angelis,
1601 2533 1693 2604 qui
1736 2533 1968 2587 Abraha:
2000 2535 2065 2588 ad
2099 2549 2265 2603 qucr-

673 2648 796 2682 cnm
835 2638 1242 2699 apparuerunt,
1310 2629 1548 2696 quodam
1598 2627 1718 2680 loco
1772 2627 1919 2681 dicat
1957 2625 2264 2696 Scriptura,

676 2722 1060 2790 respicientem
1091 2731 1206 2776 tres
1243 2719 1391 2773 viros
1413 2719 1615 2774 vidisse
1644 2719 1823 2774 oculis
1851 2718 1953 2773 sibi
1986 2717 2267 2773 astantes?

674 2816 813 2882 Quid
836 2814 1004 2868 vero?
1030 2812 1224 2867 Nonne
1241 2811 1342 2866 Lot
1373 2812 1516 2866 virili
1535 2813 1716 2883 specie
1747 2822 2073 2882 apparentes
2099 2830 2268 2882 ange-

675 2911 757 2962 los
791 2908 844 2960 in
881 2906 1136 2961 Sodomis
1165 2905 1328 2959 domo
1372 2921 1469 2959 sua
1501 2905 1759 2972 excepit?
1785 2904 1905 2958 Non
1930 2919 2060 2975 ergo
2091 2906 2268 2974 pictu-

679 3017 767 3056 res
802 3001 1060 3070 ﬁgmento
1108 2999 1321 3062 ludunt,
1358 3013 1460 3052 nec
1497 2998 1661 3052 alieni
1694 3013 1724 3051 a
1769 2998 1982 3052 ratione
2037 3008 2266 3052 conatus

2440 1713 2542 1776 νγ’.
2586 1708 2627 1760 0
2676 1707 2828 1762 ΒΑΣ,
2881 1707 2947 1760 Τί
3003 1707 3059 1760 δὲ
3112 1705 3293 1777 βούλει
3339 1703 3470 1776 περὶ
3510 1704 3613 1774 τῆς
3645 1701 3755 1756 τῶν
3793 1702 3966 1771 ἀγγέ-

2369 1799 2476 1852 λων
2508 1800 2933 1871 εἰκονογραφίας
2963 1800 3182 1869 λέγειν;
3214 1799 3335 1853 οὐδὲ
3368 1801 3500 1868 γὰρ,
3547 1795 3740 1869 οἶμαι,
3793 1799 3964 1867 ἐρεῖς,

2365 1890 2440 1954 ὡς
2515 1893 2608 1944 καὶ
2667 1892 2765 1955 τὰς
2851 1892 3103 1960 ἀγγέλων
3173 1893 3222 1944 οἱ
3280 1893 3564 1961 ζωγράφοι
3629 1888 3964 1958 γινώσκουσι

2370 1983 2621 2056 μορφὰς,
2655 1985 2747 2037 καὶ
2779 1984 2917 2054 πρὸς
2948 1982 3088 2047 εἶδος
3133 1983 3348 2045 ὲκείνας
3379 1982 3785 2044 ἀποῦλέποντες
3823 1982 3964 2052 γρά-

2367 2094 2582 2148 φουσιν.
2637 2080 2680 2130 0
2714 2079 2920 2132 ΠΑΤΡ.
2953 2073 3107 2141 Εἶδος
3146 2077 3244 2147 μὲν
3284 2077 3460 2145 ἔγωγε
3491 2075 3524 2145 ἢ
3560 2075 3773 2147 μορφὴν
3797 2074 3967 2142 ἀγγέ-

2367 2169 2474 2222 λων
2536 2169 2638 2222 οὐκ
2685 2169 2752 2222 ἂν
2790 2169 2992 2221 εἰδέναι
3047 2169 3216 2238 φαίην
3281 2168 3501 2230 αὐτοὺς,
3532 2165 3656 2218 οὔτε
3692 2165 3768 2228 ὡς
3823 2165 3964 2217 εἰδό-

2366 2282 2465 2326 τας
2505 2266 2676 2315 ποιεῖν
2705 2263 2773 2314 τα
2814 2262 3142 2333 γραφόμενα
3183 2261 3292 2330 (Ιὸ)
3361 2258 3668 2330 ἀνθρώπων
3693 2258 3750 2311 δὲ
3780 2258 3966 2319 αὐτοῖς

2367 2355 2750 2425 περιτιθέασιν
2799 2351 2961 2418 εἶδος,
3006 2357 3074 2424 τῇ
3128 2354 3359 2423 Γραςεῇ,
3413 2353 3488 2415 ὡς
3547 2347 3724 2420 οἶμαι,
3776 2349 3966 2402 πειθό-

2370 2466 2545 2520 μενοι.
2580 2452 2621 2501 0
2681 2449 2830 2503 ΒΑΣ.
2893 2447 3064 2499 Πόθεν
3104 2445 3262 2500 τοῦτο
3315 2448 3452 2516 φίγςς
3508 2446 3548 2496 Ο
3585 2441 3790 2497 ΠΑΊῬ.
3850 2443 3967 2496 Οὖκ

2366 2539 2546 2603 οἶσθα,
2602 2541 2678 2602 ὼς
2741 2543 2869 2611 περὶ
2912 2541 3021 2592 τῶν
3049 2539 3126 2609 τῷ
3164 2538 3417 2607 Ἀϐρααμ
3471 2537 3624 2607 παρα
3674 2537 3773 2606 τὴν
3830 2536 3966 2606 δρῦν

2367 2633 2642 2701 ὀφθέντων
2675 2632 2926 2701 ἀγγέλων
2955 2633 3144 2702 Γραρή
3179 2629 3280 2682 που
3322 2647 3509 2698 (gmw.
3534 2629 3609 2691 ὡς
3647 2627 3968 2698 ἀναϐλέψας

2365 2727 2481 2786 τοῖς
2525 2723 2824 2793 ὀφθαλμοῖς
2870 2723 3160 2794 ’Δϐραάμ,
3191 2725 3341 2793 τρεῖς
3376 2721 3573 2792 ἄνδρας
3614 2721 3762 2788 αὐτῷ
3818 2737 3966 2790 παρ-

2369 2815 2614 2879 εστῶτας
2652 2812 2833 2881 εἷδενς
2873 2815 2936 2866 Τί
2959 2816 3064 2885 δή;
3114 2817 3176 2866 οὺ
3235 2815 3364 2878 τοὺς
3396 2815 3454 2866 ὲν
3486 2813 3744 2884 Σοδόμοις
3795 2815 3969 2882 ἀγγέ-

2369 2909 2530 2976 λους,
2573 2909 2647 2972 ὡς
2695 2909 2896 2979 ἄνδρας
2949 2908 3314 2978 φαινεμὲνους
3360 2908 3702 2978 εἰσήγαγενς
3755 2906 3969 2961 Οὐκοῦν

2369 3003 2469 3055 οὐκ
2501 3002 2655 3054 αὐτοὶ
2687 3002 3054 3065 πλάττονται,
3088 3001 3209 3054 οὐδὲ
3243 3001 3444 3068 ἀλόγου
3496 3001 3706 3070 τόλμης
3743 3003 3970 3068 ἔγγονον

676 3094 860 3164 proles
878 3092 1139 3162 est,qnod
1169 3092 1241 3145 ita
1273 3092 1532 3160 pingunt:
1559 3092 1653 3146 sed
1688 3090 1878 3158 quales
1899 3090 2074 3160 angeli
2106 3107 2266 3159 appa-

2374 3095 2556 3155 αὑτοῖς
2596 3091 2665 3144 τὰ
2727 3093 3076 3164 γραᾳόμενα,
3137 3081 3384 3144 ἀλλὀἷοι
3445 3089 3734 3160 ὤφθησαν,
3791 3093 3970 3145 τοιού-

679 3195 930 3252 ruerunt,
969 3185 1108 3240 tales
1129 3184 1294 3239 etiam
1323 3185 1483 3252 pictis
1506 3184 1780 3239 coloribus
1801 3198 1897 3238 eos
1921 3183 2181 3238 exhibent
2206 3199 2269 3236 ae

681 3285 1103 3347 i'epi'azsetttant.
1135 3274 1372 3328 IMPER.
1414 3274 1565 3328 Unde
1584 3291 1712 3328 vero
1735 3275 1900 3329 etiam
1926 3272 2135 3326 alarum
2165 3273 2270 3326 illis

682 3369 1114 3423 additamentum
1153 3366 1421 3422 accessit?
1455 3365 1665 3420 PA'I‘R.
1706 3366 1943 3419 Omnino
1989 3365 2268 3430 existimo,

683 3461 751 3515 ad
797 3459 1210 3523 discretionem,
1253 3472 1322 3512 ne
1363 3458 1577 3525 penitus
1639 3457 1890 3511 homines
1922 3467 2269 3526 putarentur,

684 3549 800 3604 alas
830 3548 1128 3603 addidisse.
1179 3547 1319 3613 Quin
1354 3562 1421 3600 ne
1478 3546 1529 3600 id
1563 3547 1782 3616 quidem
1819 3547 2037 3616 opinor,
2094 3547 2272 3600 minus

685 3655 925 3712 congrue
970 3650 1235 3708 extraque
1283 3639 1554 3692 rationem
1591 3638 1711 3692 illos
1743 3638 2058 3704 invenisse;
2094 3639 2187 3693 sed
2217 3648 2275 3693 ut

689 3735 798 3789 vim
824 3735 991 3800 illam,
1022 3748 1126 3802 qua
1157 3747 1286 3786 aera
1323 3732 1632 3802 pervolant,
1681 3747 1984 3800 eorumque
2025 3733 2076 3785 in
2122 3731 2276 3787 caelis

696 3827 933 3882 divinum
955 3825 1265 3880 convictum
1285 3823 1681 3877 subnotarent:
1711 3831 1767 3874 ut
1789 3821 2102 3887 innuerent,
2131 3820 2274 3890 quod

694 3918 817 3974 inde
848 3919 914 3970 ad
947 3930 1043 3970 nos
1089 3915 1294 3985 jugiter
1325 3913 1664 3968 descendant
1698 3927 2026 3982 rursumque
2061 3914 2277 3966 veloces

689 4009 987 4065 ascendant
1022 4008 1075 4062 in
1105 4006 1328 4071 ccelum,
1363 4005 1444 4060 sic
1475 4006 1772 4059 instructos
1819 4005 1920 4060 alis
1981 4006 2277 4074 pingendos

689 4100 969 4154 statuisse.
1031 4097 1175 4164 Quin
1231 4098 1397 4150 etiam
1451 4110 1573 4150 cum
1627 4096 1808 4149 Moses
1861 4109 2078 4164 quoque
2134 4095 2276 4148 alata

690 4189 984 4246 Cherubim
1009 4190 1160 4259 (quin
1186 4191 1298 4258 ipsa
1343 4187 1522 4256 angeli
1552 4197 1701 4249 sunt,
1737 4202 1858 4240 eunt
1893 4187 2143 4240 caelestes
2172 4203 2280 4240 om-

694 4298 792 4336 nes
831 4290 993 4349 atqne
1032 4281 1393 4349 intelligentes
1427 4278 1690 4342 Virtutes,
1725 4279 1980 4347 Dionysio
2022 4293 2270 4341 auctore,

692 4385 958 4428 vocentur
982 4372 1196 4443 angeli)
1227 4386 1334 4425 non
1363 4373 1567 4425 absoae
1595 4382 1746 4440 puto,
1777 4370 1936 4423 aliine
1967 4370 2275 4440 exemplum

2372 3203 2498 3248 τους
2537 3187 2657 3248 ταῖς
2709 3184 2917 3239 εἰκόσιν
2963 3185 3362 3253 ἐγγράφωσιν.
3402 3185 3442 3236 0
3477 3184 3628 3237 ΒΑΣ.
3662 3185 3772 3236 Καὶ
3802 3186 3970 3237 πόθεν

2371 3279 2558 3338 αὐτοῖς
2582 3278 2740 3347 ἡτῶν
2758 3277 2978 3348 πτερῶν
3012 3279 3302 3348 προσθήκη
3327 3277 3666 3348 ὲφεόρηται;
3697 3282 3736 3330 υ
3759 3278 3967 3332 ΠΑΤΡ.

2373 3371 2540 3439 Οἶμαι
2601 3371 2772 3434 ὅλως,
2842 3371 2929 3423 ἵνα
2978 3371 3053 3442 μὴ
3115 3371 3396 3441 ἄνθρωποι
3451 3371 3675 3435 τελείως
3732 3375 3967 3436 νοοῐντο,

2376 3466 2443 3533 τῇ
2493 3465 2786 3534 προσθήκῃ
2835 3463 2898 3516 τὸ
2958 3463 3277 3518 διαλλάττον
3341 3464 3636 3535 ἐδήλωσαν.
3682 3466 3754 3517 Οὐ
3807 3465 3862 3516 δέ
3905 3481 3972 3534 γε

2375 3558 2570 3629 αὐτὴν,
2621 3558 2698 3622 ὡς
2747 3558 2912 3623 δοκῶ,
2971 3557 3072 3629 τὴν
3129 3559 3452 3630 προσθήκην
3517 3559 3699 3630 ἀλόγῳ
3760 3559 3974 3630 θεωρή-

2376 3667 2574 3713 σαντες
2613 3650 2808 3721 γνὼμῃ
2832 3690 2847 3714 ,
2893 3651 3028 3704 ἀλλὰ
3065 3651 3126 3704 τὸ
3162 3651 3467 3722 ἀεροπόρον
3514 3650 3698 3704 αὐτῶν
3733 3653 3973 3705 αἰνιττόο

2380 3760 2556 3815 μενοι,
2582 3745 2675 3795 καὶ
2707 3744 2806 3812 τὴν
2835 3743 2958 3797 κατ’
2989 3744 3219 3813 οὐρανὸν
3250 3747 3306 3796 ὲν
3330 3743 3449 3813 Θεῷ
3475 3743 3706 3811 δίαιταν,
3745 3745 3842 3798 καὶ
3869 3747 3972 3808 τὰς

2377 3835 2588 3889 ἐκεῖθεν
2632 3837 2699 3889 δι’
2739 3837 2888 3904 ἡμᾶς
2938 3837 3223 3898 συντόνους
3270 3835 3562 3899 καθόδους,
3607 3837 3704 3890 καὶ
3742 3837 3842 3900 τὰς
3889 3839 3973 3902 είς

2379 3927 2610 3999 οὐρανὸν
2647 3925 2706 3990 ἐξ
2754 3927 2910 3997 ἡμῶν
2948 3927 3199 3995 ἑτοίμους
3237 3927 3494 3992 ἀνόδους,
3547 3928 3974 4000 ἐπτερωμένους

2378 4018 2576 4081 αὐτοὺς
2613 4018 3048 4088 ὑπογράφουσιν.
3085 4019 3223 4088 Ἤδη
3252 4018 3309 4071 δὲ
3335 4021 3426 4072 καὶ
3456 4021 3739 4083 Μωῦσὲως
3770 4021 3973 4089 πτέρυ-

2380 4128 2484 4180 γας
2524 4110 2718 4180 ἔχοντα
2762 4114 3156 4182 τυπωσομέ·.ου
3221 4113 3287 4166 τὰ
3324 4112 3608 4182 Χερουϐὶμ
3645 4111 3887 4181 (ἄγγελοι
3917 4111 3976 4164 δὲ

2381 4206 2475 4257 καί
2519 4203 2730 4257 ταῦτα·
2772 4206 2865 4257 καὶ
2903 4205 3012 4274 γὰρ
3057 4204 3244 4268 ἁπλῶς
3293 4205 3390 4267 τας
3438 4205 3724 4275 οὐρανίους
3763 4222 3821 4258 τε
3876 4206 3976 4258 καὶ

2381 4295 2575 4366 νοερὰς
2623 4297 2883 4366 δυνάμεις
2929 4297 3198 4364 ἀγγέλους
3257 4295 3556 4364 καλοῦσιν,
3605 4297 3680 4360 ὡς
3711 4297 3976 4368 Διονυσίῳ

2381 4388 2530 4442 δοκεῖ
2555 4390 2595 4460 ),
2620 4391 2720 4443 οὐκ
2748 4391 3056 4452 ἀπεικότως
3084 4389 3326 4461 ἡγοῦμαι
3355 4390 3434 4461 τῷ
3464 4390 3834 4461 παραπλησίῳ
3862 4390 3976 4444 τῶν

694 4482 987 4538 usurpasse
1015 4467 1271 4538 pictores.
1312 4464 1467 4520 Nune
1495 4465 1702 4533 itaque,
1729 4464 2049 4532 imperator,
2080 4463 2266 4518 ltorunt

2382 4482 2850 4552 παραδειγμάτων
2900 4485 3222 4554 ἐχρήσαντο.
3272 4484 3381 4536 Καὶ
3429 4484 3546 4536 νυνὶ
3583 4523 3598 4549 ,
3631 4477 3675 4536 ὧ
3725 4482 3973 4552 βασιλεῦ,

697 4561 1016 4619 meminisse
1048 4568 1285 4630 Oportet,
1317 4567 1483 4627 atque
1536 4556 1720 4610 animo
1745 4554 1979 4609 ﬁrmiter
2016 4554 2274 4619 retinere,

696 4656 857 4711 nobis
887 4655 977 4725 qui
1005 4651 1319 4721 angelorum
1347 4648 1612 4719 imagines
1639 4647 1934 4717 pingimus,
1967 4654 2277 4700 creaturam

695 4763 818 4801 esse
852 4743 996 4813 qttod
1037 4742 1313 4796 coloribus
1345 4748 1507 4809 atque
1555 4738 1808 4808 penicillo
1847 4735 2176 4804 etIingimus,
2226 4745 2281 4790 et

694 4841 776 4893 sic
797 4841 942 4908 ipsos
961 4836 1110 4890 adire
1139 4849 1246 4898 tne,
1273 4849 1378 4887 non
1399 4843 1656 4901 tanquam
1681 4846 1991 4900 supremam
2020 4831 2282 4899 primam-

695 4947 803 5002 que
835 4929 1129 4985 essentiam
1179 4941 1279 4981 suo
1317 4925 1441 4996 jure
1491 4923 1778 4978 obtineant
1812 4923 1994 4989 (absit
2023 4923 2168 4976 enim
2222 4931 2280 4978 ut

698 5038 764 5076 ro
792 5018 1080 5076 dementia:
1124 5017 1293 5082 ferar,
1346 5024 1401 5070 et
1458 5015 1603 5086 quod
1657 5023 1906 5069 creatum
1952 5023 2058 5076 est,
2111 5013 2276 5068 Deum

700 5115 986 5181 censeam)
1023 5113 1118 5166 sed
1152 5110 1298 5164 velut
1331 5109 1421 5179 qui
1455 5107 1704 5164 conservi
1730 5122 1920 5176 magna
1948 5107 2089 5177 apud
2133 5121 2281 5161 com-

703 5221 920 5261 munem
966 5205 1253 5260 Dominum
1291 5202 1516 5258 virtutis
1568 5200 1900 5257 abundantia
1946 5209 2002 5255 et
2035 5198 2284 5271 suﬂ'ragii

705 5299 942 5369 polleant
969 5305 1262 5367 potestate.

807 5500 928 5568 (15)
954 5499 1260 5554 Snecincta:
1287 5497 1573 5552 brevitatis
1601 5497 1878 5566 energiam
1903 5535 1917 5558 ,
1937 5502 2011 5568 _ut
2038 5501 2161 5568 apte
2187 5507 2287 5568 ex-

707 5564 950 5646 pressain
987 5569 1178 5626 Latine
1213 5569 1436 5638 habeas,
1472 5570 1551 5625 sic
1575 5564 1788 5639 ptcniiis
1823 5566 2027 5622 redde:
2069 5582 2086 5614 ι
2118 5564 2291 5618 Adeo-

2386 4575 2794 4645 μνημονευτέον
2816 4573 3040 4629 ἐκείνων
3065 4578 3159 4629 καὶ
3182 4573 3353 4644 ἀπρὶξ
3382 4577 3446 4645 τῇ
3477 4575 3622 4645 φυγῇ
3646 4574 3972 4641 φυλακτέον,

2383 4663 2459 4725 ὡς
2492 4666 2540 4717 εί
2569 4665 2662 4716 καὶ
2697 4665 2946 4732 ἀγγέλων
2973 4664 3191 4728 εἰκόνας
3225 4666 3534 4736 γράφομεν,
3574 4663 3779 4730 κτίσμα
3810 4663 3977 4716 πάλιν

2384 4758 2518 4828 ἡμῖν
2560 4757 2622 4809 τὸ
2663 4757 3035 4827 γραφόμενον,
3070 4759 3165 4810 καὶ
3219 4758 3479 4828 πρόσειμι
3509 4756 3726 4822 αὐτοῖς,
3757 4759 3856 4826 οὐχ
3899 4757 3978 4820 ὡς

2384 4846 2488 4916 τὴν
2537 4846 2803 4900 ἀνωτάτω
2851 4847 2946 4900 καὶ
3001 4845 3228 4919 πρώτην
3278 4847 3741 4918 κληρωσαμένους
3785 4848 3979 4900 οὐσίαν

2392 4939 2410 5008 (
2426 4937 2501 5010 μὴ
2516 4937 2660 4992 οὕτω
2685 4939 2937 5010 μανείην,
2955 4940 3030 5003 ὡς
3051 4939 3186 4993 Θεὸν
3212 4942 3350 4994 νοεῖν
3380 4938 3441 4992 τὸ
3467 4939 3831 5009 κτιζόμενον),
3858 4939 3979 4991 ἀλλ’

2391 5032 2468 5095 ὡς
2519 5031 2862 5098 συνδούλοις,
2915 5031 3119 5104 πολλὴν
3171 5032 3308 5104 πρὸς
3341 5033 3434 5086 τὸν
3473 5031 3654 5086 κοινὸν
3698 5033 3981 5100 Δεσπότην

2396 5125 2710 5198 παρρησίαν
2737 5127 3102 5197 κεκτημένοις
3126 5125 3216 5180 διὰ
3240 5126 3302 5180 τὸ
3333 5124 3592 5179 πλούσιον
3621 5125 3720 5195 τῆς
3750 5123 3982 5196 ἀρετῆς.

2398 5505 2506 5573 que
2539 5505 2655 5576 ηερ,
2677 5495 2939 5563 pingere,
2973 5492 3118 5550 velut
3155 5492 3244 5563 qui
3296 5490 3456 5546 talem
3501 5488 3731 5546 formam
3781 5487 3991 5542 habere

2403 5578 2550 5631 Ipsos
2579 5574 2776 5620 sciant.
2821 5584 2838 5616 ι
