4240 6438
665 362 764 425 119

1649 365 1712 428 8.
1751 364 2177 427 NICEPHORI
2214 368 2725 429 PATRIARCH/E
2763 370 2868 430 CP.

3832 379 3935 441 120

657 475 804 557 nulla
851 477 1079 532 veritate
1133 478 1394 548 nitantur)
1422 476 1723 548 permittite
1783 488 1842 534 ut
1886 480 2118 549 quisque
2163 496 2227 536 ex
2260 489 2308 544 Α

2260 489 2308 544 Α
2336 484 2685 549 ζευξάτωσαν
2713 485 2763 537 οί
2796 486 2854 537 ἐν
2886 483 3074 556 ἐξορίᾳ
3102 485 3278 557 πικρᾷ
3328 483 3645 556 πιεζόμενοι
3668 526 3683 549 ,
3721 486 3928 539 ἀνακα-

658 554 828 626 animi
881 572 961 626 ειιί
990 570 1259 625 sententia
1286 570 1513 638 feratur,
1546 586 1764 641 suaeque
1820 573 1892 628 sit
1945 573 2241 629 voluntatis

659 662 892 718 arbiter.
947 662 1175 717 Pateant
1219 677 1508 728 carceres;
1562 664 1905 732 postliminio
1989 665 2237 733 redeant,

659 754 753 823 qui
781 754 930 821 gravi
974 765 1326 810 macerantur
1355 755 1926 825 exsilio;aperiantur
1978 756 2086 810 alta
2143 759 2237 811 de-

659 848 804 902 fossa
834 847 999 903 bumo
1022 856 1201 903 vestro
1234 848 1323 902 illa
1353 848 1634 914 baratltra,
1661 865 1725 905 ac
1746 849 2119 919 producantur
2137 850 2237 905 viri

659 942 804 997 fame
834 941 1093 1004 coniecti,
1130 941 1371 1011 factique
1423 942 1547 998 sitis
1598 942 1855 1006 ludibria,
1890 943 1990 997 viri
2026 943 2237 999 scilicet

658 1050 891 1105 quorum
920 1049 1022 1089 nox
1055 1033 1301 1103 quotidie
1339 1033 1669 1089 illuminatio
1700 1034 1753 1087 in
1785 1034 2004 1090 deliciis
2023 1050 2234 1101 eorum,

659 1137 715 1181 ut
750 1126 951 1181 cecinit
1000 1128 1191 1180 beatus
1219 1124 1430 1181 Psaltes
1480 1125 1563 1179 ":
1606 1133 1824 1181 cessent
1855 1125 1931 1196 (a)
1986 1128 2235 1191 verbera,

657 1224 856 1291 quibus
891 1222 995 1274 Deo
1019 1220 1324 1276 alllatorum
1352 1220 1634 1277 hominum
1704 1235 1930 1291 corpora
1955 1220 2232 1289 vapulant.

655 1318 836 1383 Atque
891 1313 1031 1367 adeo
1074 1314 1201 1367 dum
1258 1314 1371 1368 lucc
1422 1312 1577 1378 (iant,
1630 1314 1947 1382 cunctisque
2004 1311 2234 1367 liberum

659 1405 992 1473 permittatis
1018 1404 1360 1473 suﬂ‘ragium,
1394 1418 1569 1473 neque
1599 1405 1871 1459 violenti:e
1892 1402 2232 1465 concedatis.

658 1508 717 1552 ut
740 1514 866 1554 suas
895 1509 1082 1570 partes
1127 1507 1275 1568 agat,
1304 1508 1431 1552 tunc
1485 1498 1663 1567 palam
1714 1497 1944 1567 proditis
1978 1496 2236 1551 Ecclesia:

657 1592 910 1647 hostibus
950 1591 1252 1661 ejectisque
1281 1631 1296 1656 ,
1337 1593 1428 1660 qui
1457 1592 1660 1644 nullum
1712 1589 1794 1644 vel
1852 1590 1994 1645 exile
2054 1603 2236 1643 sacer-

657 1687 793 1741 dotii
848 1685 1136 1755 vestigium
1168 1684 1425 1748 alierunt,
1463 1699 1526 1737 ac
1574 1683 1801 1752 proinde
1838 1682 2234 1739 ecclesiasticis

658 1778 1120 1849 disputationibus
1157 1778 1423 1833 interesse
1446 1793 1554 1832 non
1587 1789 1839 1847 possunt,
1866 1792 1989 1832 cum
2018 1775 2234 1831 caneris

2340 575 2598 647 λυφθήτω
2634 578 2793 646 ὑμῶν
2825 578 2894 631 τὰ
2928 578 3158 646 ὑπόγεια
3208 577 3461 650 βάραθρα
3484 619 3499 643 ,
3531 580 3626 634 καὶ
3658 580 3929 647 ἀναδοθή-

2340 685 2521 722 τωσαν
2568 670 2617 723 οί
2661 669 2834 738 λιμοῦ
2888 673 3227 743 τραυματίαι
3277 672 3374 726 καὶ
3425 672 3590 743 δίψης
3641 673 3929 741 γενόμενοι

2341 762 2592 830 παίγνια,
2629 765 2725 819 κοιλ⁸
2753 764 2929 819 νύκτα
2963 765 3269 836 φωτισμὸν,
3294 765 3439 820 κατὰ
3469 765 3531 818 τὸ
3559 765 3846 836 ᾀδόμενον,
3870 766 3931 818 ἐν

2338 861 2405 929 τῇ
2452 860 2629 929 τρυφῇ
2674 859 2885 912 ἑαυτῶν
2929 858 3310 930 ἐντρυφῶντες
3351 858 3669 930 ὁσημέραι·
3716 858 3931 914 λαϐέτω

2340 948 2553 1002 παῦλαν
2591 951 2623 1020 ἡ
2684 949 2925 1018 μάστιξ,
2959 949 3030 1003 τὰ
3062 950 3175 1004 τῶν
3230 949 3539 1022 θεοφρόνων
3571 948 3930 1013 ἐπιξαίνουσα

2341 1039 2594 1110 σώματα.
2644 1038 2732 1105 Ὠς
2775 1042 2825 1095 εί
2868 1039 3046 1095 ταῦτα
3074 1040 3292 1110 γένοιτο
3318 1082 3333 1103 ,
3382 1040 3478 1094 καὶ
3519 1040 3597 1110 τῷ
3630 1042 3795 1094 παντὶ
3827 1042 3931 1113 τὴν

2338 1131 2649 1204 ἐλευθερίαν
2678 1132 3029 1203 ἐγγράψοιτε,
3064 1134 3160 1187 καὶ
3186 1136 3253 1204 τῇ
3289 1132 3383 1203 βίᾳ
3429 1133 3503 1203 μὴ
3532 1132 3668 1185 δῶτε
3698 1133 3767 1187 τὰ
3794 1133 3928 1186 ἐαυ-

2336 1228 2435 1295 τῆς
2466 1225 2935 1297 διαπράττεσθαι,
2969 1226 3092 1279 τότε
3134 1226 3245 1279 τῶν
3278 1227 3377 1295 τῆς
3429 1224 3765 1295 Ἐκκλησίας
3791 1241 3930 1296 προ-

2334 1319 2510 1390 δήλων
2537 1318 2768 1392 ἐχθρῶν,
2813 1320 2910 1372 καὶ
2952 1319 3062 1372 τῶν
3099 1318 3267 1389 μηδὲν
3324 1316 3631 1388 ίερωσύνης
3665 1319 3929 1387 ἐπιφερο-

2339 1413 2517 1483 μένων
2540 1413 2814 1483 λείψανον,
2846 1412 2939 1466 καὶ
2964 1412 3056 1466 διὰ
3079 1412 3237 1465 τοῦτο
3262 1412 3354 1464 ἐπὶ
3385 1410 3700 1481 ζητήμασιν
3726 1408 3933 1479 ἐκκληο

2338 1507 2637 1568 σιαστικοῖς
2672 1504 3029 1573 ἐγκρίνεσθαι
3075 1504 3149 1575 μὴ
3195 1503 3539 1571 δυναμένων,
3573 1502 3932 1571 ἀπεληλαμέ-

2336 1614 2460 1658 νων.
2491 1599 2604 1659 τοῖς
2636 1598 2846 1661 λοιποῖς
2887 1598 2973 1667 (ει
3012 1596 3106 1649 καί
3132 1614 3219 1659 τις
3239 1637 3253 1657 .
3286 1596 3424 1666 ὅπερ
3455 1595 3683 1648 ἀπέστω
3708 1634 3722 1655 ,
3754 1594 3933 1647 λελείο

2334 1688 2532 1758 ψεται)
2577 1690 2660 1751 εἰς
2713 1688 2905 1756 λόγους
2959 1686 3138 1740 ἐλθεῖν
3168 1688 3319 1756 ἡμᾶς
3370 1687 3599 1748 ἑαυτοὺς
3643 1686 3929 1755 πείσομεν.

2336 1782 2410 1835 Οὐ
2442 1781 2553 1851 γὰρ
2587 1781 2831 1850 άνιέροις
2873 1779 3036 1848 θέμις
3087 1778 3226 1849 πρὸς
3274 1778 3501 1849 ἔρευναν
3553 1777 3715 1848 ἱερῶν
3762 1794 3933 1831 κατα-

657 1874 744 1941 (si
777 1874 922 1943 quis,
955 1872 1097 1941 quod
1128 1872 1288 1936 absit,
1325 1871 1565 1939 reliquus
1596 1871 1721 1941 erit)
1768 1869 2084 1924 conferendi
2117 1882 2235 1921 ser-
2263 1867 2305 1923 B

2263 1867 2305 1923 B
2333 1870 2609 1939 λέγεσθαι.
2647 1871 2974 1924 Είπάτωσαν
3002 1872 3111 1941 γὰρ
3131 1872 3181 1923 οί
3213 1871 3281 1923 τά
3316 1870 3730 1924 Κωνσταντίνου
3762 1871 3932 1925 πάλαι

658 1964 837 2016 monis
868 1977 1032 2016 causa
1069 1960 1367 2016 convenire
1403 1976 1508 2015 non
1560 1960 2011 2015 detrectabimus.
2050 1956 2240 2027 Neque

658 2056 801 2111 enim
828 2055 907 2109 fas
928 2064 1037 2117 est,
1064 2064 1122 2107 ut
1152 2068 1275 2108 cum
1299 2054 1540 2122 profanis
1570 2067 1917 2108 communem
1959 2052 2024 2104 ad
2078 2064 2236 2105 sacra

657 2147 1007 2215 disquirenda
1038 2156 1360 2201 conventum
1409 2146 1681 2199 ineamus.
1710 2144 1903 2200 Dicant
1940 2144 2109 2208 enim,
2143 2142 2234 2211 qui

654 2239 785 2295 oiim
812 2240 1030 2294 silentio
1058 2240 1313 2293 damnata
1348 2250 1513 2307 atque
1540 2252 1830 2307 suppressa
1882 2234 2233 2290 Constantini

656 2335 873 2390 decreta
898 2340 1199 2394 sectantur,
1241 2332 1362 2400 quis
1386 2346 1598 2386 sacram
1637 2331 1744 2385 illis
1776 2329 2093 2395 dignitatem
2125 2327 2233 2380 im-

655 2427 940 2497 posuerit?
987 2425 1273 2480 ostendant
1323 2423 1476 2489 cuius
1530 2421 1896 2477 ordinatiOnis
1945 2421 2017 2482 vi,
2068 2434 2230 2489 quam

656 2522 875 2589 quidem
913 2528 1211 2585 agnoscant
1247 2516 1394 2586 leges
1435 2514 1843 2575 ecclesiasticae,
1874 2512 1927 2565 in
1981 2512 2235 2566 sacerdo-

658 2625 769 2666 tum
798 2612 1021 2681 gradunt
1052 2607 1418 2664 ascenderiut.
1451 2606 1584 2661 Cum
1611 2606 1794 2673 itaque
1821 2601 2233 2659 ecclesiasticus

656 2704 793 2759 ordo
828 2703 1079 2771 indignos
1103 2715 1200 2754 eos
1229 2713 1351 2754 esse
1390 2695 1765 2768 testetur,quis
1789 2710 1883 2750 eos
1911 2695 1965 2748 in
2003 2693 2233 2748 ecclesia

655 2797 803 2865 loqui
836 2792 1145 2849 sustineat?
1174 2791 1297 2846 Haec
1331 2791 1417 2853 iis,
1452 2788 1544 2858 qui
1594 2789 1884 2853 miserunt,
1932 2787 2180 2843 renuntia
2218 2804 2231 2843 :

656 2890 748 2960 qui
810 2890 854 2944 si
905 2887 1109 2944 nostris
1142 2885 1488 2941 sermonibus
1518 2882 1744 2951 obsequi
1806 2882 2111 2945 vidcantur,
2165 2895 2232 2935 en

657 2996 871 3052 tempus
912 2996 975 3035 ac
1011 2980 1189 3033 locum
1240 2976 1598 3047 disputationi
1646 2990 1884 3042 congrua
1939 2974 2234 3043 prmstitui-

656 3091 778 3130 mus
811 3094 823 3129 :
854 3083 905 3127 et
942 3072 1157 3141 quidem
1191 3084 1287 3140 par
1320 3068 1542 3123 edendae
1569 3066 1933 3122 confessionis
1971 3066 2234 3121 habendi-

2341 1959 2676 2030 σεσιγηκότα
2704 1960 2801 2013 καὶ
2823 1959 3126 2030 κατᾴδοντα
3152 1959 3514 2029 περιέποντες
3539 1958 3811 2028 δόγματα,
3843 1960 3932 2023 τίς

2335 2054 2521 2115 αὐτοῖς
2552 2050 2711 2117 ἀξίαν
2740 2042 3098 2103 ’ἐπιτέθεικεν
3138 2049 3329 2119 ίεράνς
3374 2050 3441 2102 ἐκ
3488 2048 3634 2112 τίνος
3673 2051 3928 2117 ἱεροφαν-

2335 2144 2493 2214 τικῆς
2538 2142 2875 2215 χειροτονίας
2915 2134 3336 2212 γνωριζομένης
3385 2142 3499 2202 τοῖς
3532 2140 3929 2210 ἐκκλησιαστι-

2335 2240 2452 2302 κοῖς
2496 2237 2685 2306 νόμοις
2734 2234 3145 2305 κατατετάχθαι
3200 2235 3369 2304 φασὶν
3422 2236 3505 2298 είς
3556 2234 3769 2304 βαθμὸν
3816 2233 3931 2287 τῶν

2336 2332 2802 2401 ίερουργούντων;
2846 2330 2909 2382 El
2940 2324 3036 2384 οὖν
3065 2329 3227 2395 τάξις
3260 2328 3448 2391 αὐτοῖς
3492 2327 3929 2399 ἐκκλησιαστικὴ

2333 2423 2394 2476 τὸ
2424 2420 2669 2486 ἀναξίοις
2702 2419 2845 2474 εἶναι
2882 2420 3261 2491 μαρτύρεται,
3306 2420 3395 2483 τίς
3450 2420 3656 2484 αὐτοὺς
3702 2420 3793 2473 ἐπ’
3836 2420 3940 2474 ἐκ·

2337 2514 2567 2585 κλησίας
2624 2513 2806 2581 λέγειν
2866 2512 3161 2578 άνέξεταις
3222 2512 3411 2565 Ταῦτα
3476 2514 3592 2575 τοῖς
3654 2512 3930 2568 στείλασιν

2336 2606 2481 2677 ὑμᾶς
2516 2605 2914 2677 γνωρισθήτω,
2956 2607 3052 2659 καὶ
3090 2607 3140 2657 εί
3180 2606 3294 2668 τοῖς
3335 2606 3629 2677 ἡμετέροις
3659 2623 3931 2660 καταπει-

2337 2698 2557 2760 σθέντες
2582 2697 2804 2766 ὀφθεῖεν
2837 2698 3042 2765 λόγοις,
3080 2696 3190 2749 ἰδοὺ
3223 2698 3421 2767 καιρὸν
3451 2698 3546 2750 καὶ
3588 2698 3756 2751 τόπον
3788 2699 3927 2761 τοῖς,

2338 2791 2474 2863 πρὸς
2507 2784 2589 2853 οἷς
2618 2787 2878 2859 εὖκαιρόν
2934 2791 3080 2850 ἐστι,
3131 2788 3484 2858 διαλεχθῆναι
3516 2788 3799 2859 ὁρίζομεν·
3832 2790 3929 2843 καὶ

2336 2880 2548 2949 καιρὸς,
2584 2879 2748 2951 ἡνίκα
2776 2879 2841 2931 ἂν
2863 2878 2981 2948 Θεῷ
3013 2880 3188 2946 φίλον,
3214 2879 3284 2933 τὰ
3314 2879 3415 2947 τῆς
3448 2880 3605 2933 νόσου
3641 2882 3772 2950 ἡμῖν
3803 2881 3932 2933 ἐπι-

2335 2972 2609 3042 λωφῆσαι,
2643 2971 2741 3025 καλ⁸
2766 2970 3163 3039 ὑπολειφθῆναι
3193 2973 3306 3034 τοῖς
3336 2972 3472 3037 ζῶσι
3504 2972 3579 3042 δῷ
3609 2972 3763 3038 Θεὸς,
3803 2990 3931 3028 συν-

2334 3063 2618 3132 ομολογεῖν
2674 3062 2768 3115 καὶ
2827 3060 3288 3130 συμφθέγγεσθαι
3322 3078 3335 3092 ·
3397 3060 3563 3124 τόπος
3612 3062 3670 3114 δὲ
3721 3062 3784 3114 τὸ
3836 3061 3931 3116 τοῦ

656 3186 764 3239 que
791 3166 1043 3236 colloquii
1096 3174 1307 3231 tempus
1357 3160 1596 3223 crit,ubi
1657 3159 1768 3214 Deo
1807 3160 1943 3214 bene
1999 3158 2234 3228 propitio
2264 3225 2300 3239 η

2264 3225 2300 3239 η
2337 3156 2481 3208 θείου
2505 3154 2665 3223 λόγου
2694 3152 2965 3223 διώνυμον
2990 3154 3241 3221 τέμενος,
3275 3155 3333 3206 ἐν
3368 3145 3413 3221 ᾦ
3445 3152 3577 3217 Θεὸς
3611 3154 3852 3224 κάθηται
3882 3157 3928 3219 ε,

657 3225 927 3327 tantisper
950 3225 1183 3309 'morbus
1209 3225 1661 3320 interquievcrit,
1686 3249 1907 3316 vitaque
1940 3225 2086 3302 illius
2105 3225 2230 3300 ⁷ιιιιιο
2258 3225 2303 3284 (ί

2260 3225 2303 3284 C
2340 3246 2408 3299 τὰ
2459 3249 2525 3316 τῇ
2579 3246 2846 3315 καθολικῇ
2902 3244 3085 3297 πίστει
3138 3245 3419 3313 ἀνήκοντα
3464 3245 3934 3317 διεσμιλευμένως

656 3367 790 3409 nere
811 3357 1088 3417 superstes
1100 3345 1264 3400 fuerit
1286 3362 1299 3399 :
1326 3343 1475 3398 locus
1494 3356 1623 3396 vero
1645 3340 1795 3396 verbi
1820 3340 2011 3402 divini,
2029 3338 2231 3393 famosa

2342 3338 2563 3391 διαιτῶν
2594 3339 2688 3391 καὶ
2714 3335 2933 3407 τρανῶν
2962 3336 3305 3390 δικαιότατα.

657 3464 721 3503 ac
762 3444 1113 3503 celeberrima
1156 3437 1491 3505 basilica;in
1540 3451 1641 3506 qua
1658 3434 1953 3505 przesidens
1998 3433 2154 3500 Deus,
2188 3448 2309 3503 qua
2360 3443 2610 3502 spectant
2650 3432 2715 3487 ad
2758 3432 2916 3488 [idem
2948 3433 3272 3488 catholicam
3331 3431 3589 3489 distincte
3622 3433 3938 3493 ωδιίιίιθιι-

658 3555 763 3613 que.
793 3540 1065 3598 decernet,
1098 3543 1150 3587 et
1172 3547 1331 3600 quam
1360 3530 1662 3600 iustissime
1702 3526 2031 3598 explanabit.

729 3632 819 3685 62.
882 3629 1051 3683 Porro
1107 3627 1194 3679 ubi
1234 3623 1453 3677 nuntius
1477 3620 1639 3675 verba
1672 3620 1806 3685 hare,
1837 3621 1975 3689 ejus,
2012 3619 2103 3687 qui
2154 3620 2235 3689 ip-

659 3739 781 3777 sum
816 3721 1066 3782 miserat,
1098 3716 1323 3769 auribus
1356 3713 1621 3776 insonuit,
1657 3720 1710 3766 et
1741 3712 1786 3766 is
1809 3722 2002 3765 cuncta
2026 3712 2092 3766 ad
2119 3710 2239 3765 illos

659 3814 848 3867 retulit
880 3811 969 3881 qui
1016 3808 1308 3863 contrariae
1355 3813 1509 3859 erant
1542 3803 1833 3871 Opinionis,
1876 3812 2059 3856 mutos
2116 3815 2238 3855 om-

660 3907 793 3961 nino
838 3914 892 3957 ct
930 3916 1059 3955 voce
1091 3899 1380 3953 destitutus
1426 3894 1699 3957 reddidit;
1737 3894 1997 3961 gravique
2058 3891 2239 3946 cordis

661 3998 848 4052 dolore
872 3994 1072 4055 allccit,
1109 4002 1168 4046 ut
1199 3992 1287 4059 qui
1326 4003 1549 4057 prorsus
1570 3985 1921 4054 impossibilia
1948 3985 2077 4051 ipsis
2108 3999 2236 4053 pro-

658 4099 887 4162 poneret
929 4099 982 4143 et
1020 4101 1141 4155 qum
1170 4092 1432 4153 prmslarc
1460 4080 1698 4135 nullutus
1727 4078 1995 4133 valerent.
2036 4077 2237 4141 Quam-

659 4185 847 4237 obrem
902 4179 1005 4247 ipsi
1059 4186 1250 4233 coacto
1318 4174 1463 4227 inter
1516 4186 1574 4225 se
1633 4170 1909 4233 concilio,
1974 4167 2237 4221 adversus

660 4274 918 4330 Ecclesia?
971 4268 1341 4324 firmissimum
1393 4279 1605 4318 murum
1667 4278 1850 4317 coram
1912 4261 2239 4329 imper-atere

657 4366 778 4420 liam
813 4364 976 4417 verba
1037 4361 1327 4428 despuunt.
1362 4355 1793 4422 Haudquaquam
1866 4352 1981 4405 ﬁeri
2044 4357 2241 4419 potest,

663 4458 791 4509 dum
818 4468 905 4509 res
939 4454 1010 4507 ita
1068 4450 1425 4519 transigatur,
1455 4456 1510 4499 ut
1543 4460 1663 4515 quae
1694 4442 1964 4511 maiestati
1992 4451 2095 4496 tute
2124 4442 2240 4494 visa

663 4556 819 4609 sunt,
850 4561 912 4599 ac
947 4544 1202 4613 praesenti
1238 4544 1456 4596 decreta
1492 4538 1725 4609 synodo,
1760 4549 2083 4604 prosperum
2120 4533 2241 4587 exi-

663 4651 780 4691 tum
822 4636 1120 4691 obtineant.
1155 4631 1214 4686 Si
1275 4631 1418 4685 enim
1475 4629 1767 4696 unicuique
1827 4637 2041 4694 tempus
2088 4624 2245 4678 detur

660 4744 762 4799 pro
788 4726 952 4782 animi
984 4724 1251 4779 sententia
1286 4738 1343 4777 se
1362 4722 1601 4776 vertendi
1634 4735 1743 4790 quo
1770 4718 1919 4783 velit,
1946 4728 2000 4773 et
2028 4717 2117 4781 iis,
2153 4717 2245 4786 qui

664 4821 863 4876 exsilio
890 4818 1129 4873 damnati
1158 4826 1307 4881 sunt,
1336 4815 1581 4884 obtingat
1638 4814 1945 4869 revertendi
1995 4812 2244 4873 lacultas,

670 4924 727 4969 et
781 4911 1015 4979 propria:
1049 4909 1371 4970 voluntatis,
1403 4906 1547 4960 nulla
1590 4906 1637 4958 vi
1703 4906 1993 4966 subeunte,
2040 4904 2247 4956 arbiter

664 5004 845 5071 quivis
868 5004 983 5064 liat,
1012 5000 1138 5054 nudi
1176 4998 1356 5054 forsan
1391 5012 1454 5050 ac
1487 4995 1584 5049 soli
1640 4994 2010 5063 relinquemur
2046 5010 2059 5046 :
2094 4991 2241 5045 fulu-

664 5114 787 5153 rum
820 5104 904 5151 est
931 5094 1077 5149 enim
1110 5102 1168 5146 ut
1221 5105 1412 5145 omnes
1438 5089 1587 5143 illum
1629 5094 1821 5155 sponte
1847 5100 1941 5139 sua
1977 5097 2245 5154 propenso

665 5196 984 5257 sequantur,
1002 5195 1057 5238 et
1079 5197 1163 5237 res
1184 5188 1382 5236 nostra:
1403 5180 1549 5234 omni
1568 5177 1840 5232 destitutae
1866 5190 1966 5245 ope
1991 5174 2241 5241 iaceant;

664 5280 791 5335 ideo
822 5277 961 5346 quod
1000 5290 1119 5330 cum
1158 5272 1477 5342 proceribus
1529 5270 1729 5323 nostris
1779 5268 1830 5322 in
1860 5266 2245 5337 disputationis

718 5431 766 5477 ’⁸η
808 5432 949 5487 Psai.
981 5445 1241 5489 cxxxvm,
1284 5428 1369 5480 Η.

2420 3619 2517 3688 ξβ’.
2550 3618 2738 3673 Ταῦτα
2785 3619 2879 3671 τοῦ
2924 3617 3336 3688 άγγελιαφόρου
3369 3621 3484 3683 τοῖς
3514 3621 3619 3673 ὠσὶ
3666 3620 3763 3674 τοῦ
3796 3622 3935 3691 πέμ.

2345 3713 2547 3782 ψαντος
2600 3713 3013 3782 ὲνηχὴσαντος,
3060 3712 3159 3765 καὶ
3203 3711 3371 3765 αὐτοῦ
3416 3713 3473 3765 δέ
3517 3715 3632 3775 τοῖς
3673 3714 3941 3769 τάναντία

2347 3804 2722 3875 σιδμφρονοῦσι
2745 3803 2889 3856 κατὰ
2912 3804 3081 3873 μηδὲν
3109 3803 3552 3874 ἀποκρύψαντος,
3582 3806 3723 3876 πρὸς
3754 3810 3939 3862 πᾶσαν

2346 3898 2523 3952 αὐτῶν
2554 3897 2791 3965 ἀφασίαν
2815 3896 2913 3966 τὴν
2946 3896 3194 3964 γλῶτταν
3224 3897 3523 3967 διήγειρεν,
3552 3899 3646 3951 καὶ
3672 3899 3773 3968 τὴν
3800 3917 3940 3971 καρ-

2343 3992 2462 4044 δίαν
2491 3991 2833 4058 ὲπάλγωσεν,
2866 3989 2942 4052 ὠς
2978 3989 3107 4058 περὶ
3139 3989 3421 4043 ἀδυνάτων
3445 3989 3539 4043 καὶ
3568 3990 3643 4059 μὴ
3675 3990 3939 4061 τελεσθῆ-

2344 4098 2433 4134 ναι
2475 4081 2676 4133 ἱκανῶς
2723 4080 2958 4149 ἐχόντων
3001 4080 3334 4149 ὑπάρχοντα.
3369 4082 3534 4135 Ὀθεν
3578 4081 3714 4151 πρὸς
3746 4080 3943 4153 βουλὴν

2347 4172 2577 4235 ἑαυτοὺς
2612 4170 3089 4240 συναθροίσαντες,
3120 4170 3347 4225 τοιαῦτα
3402 4172 3478 4240 τῷ
3532 4172 3761 4241 βασιλεῖ,
3803 4175 3947 4228 κατὰ

2346 4261 2440 4313 τοῦ
2483 4260 2581 4328 τῆς
2634 4258 2963 4329 Ἐκκλησίας
3008 4259 3276 4330 προδόλου
3324 4260 3597 4328 λέγοντες,
3658 4260 3943 4317 ἁπέπτυον

2350 4350 2597 4421 ῥήματα.
2649 4350 2761 4404 Οὐκ
2814 4350 2933 4404 ἐστι
2982 4352 3125 4405 κατὰ
3164 4350 3357 4405 τοῦτον
3397 4352 3489 4405 τὸν
3539 4352 3697 4419 λόγον
3744 4353 3813 4405 τά
3862 4354 3943 4425 τῷ

2350 4441 2545 4512 κράτει
2595 4460 2690 4495 σου
2738 4443 3046 4513 δεδογμένα
3096 4444 3192 4498 καὶ
3242 4446 3309 4514 τῇ
3370 4445 3682 4517 ἐνδημούσῃ
3735 4448 3942 4517 συνόδῳ

2351 4534 2651 4603 κεκριμένα
2706 4534 2881 4603 πέρας
2926 4533 3111 4587 λασεῖν
3155 4534 3498 4604 ἀμφιδέξιον·
3544 4538 3593 4589 εί
3635 4538 3746 4608 γάρ
3785 4538 3942 4608 εὖροι

2350 4624 2544 4692 καιρὸν
2567 4625 2599 4694 ἡ
2624 4624 2861 4677 ἑκάστου
2888 4627 3053 4696 ῥοπὴ,
3081 4626 3203 4679 ὅποι
3231 4626 3535 4697 τρέπεσθαι
3563 4627 3827 4697 βούλοιτο,
3849 4631 3943 4683 καὶ

2346 4716 2396 4767 οἱ
2416 4716 2484 4785 τῇ
2510 4714 2698 4785 ἐξορίᾳ
2720 4716 3153 4786 κατακριθέντες
3178 4718 3516 4789 ἀνακομιδῆς
3534 4721 3938 4789 ἐπιτεύξαιντο,

2350 4806 2445 4859 καὶ
2480 4806 2588 4867 πᾶς
2617 4822 2701 4869 τις
2747 4807 2847 4877 τῆς
2875 4808 3085 4872 οἰκείας
3117 4809 3387 4880 αἱρέσεως
3407 4851 3421 4877 ,
3460 4814 3733 4883 μηδεμιᾶς
3763 4815 3941 4870 ὑπού-

2351 4914 2451 4965 σης
2489 4898 2648 4966 βίας,
2691 4899 2903 4965 γένοιτο
2951 4901 3159 4971 κύριος·
3213 4903 3355 4971 τάχα
3398 4904 3596 4973 γυμνοὶ
3642 4906 3736 4958 καὶ
3784 4907 3940 4975 μόνοι

2351 4989 2857 5062 περιλειφθείημεν.
2913 4992 3144 5063 Ἐκείνῳ
3189 4994 3297 5063 γὰρ
3330 4998 3481 5048 πᾶσα
3533 4997 3727 5066 γνώμη
3782 5000 3940 5051 ἐκου-

2354 5080 2651 5152 σιαξομένη
2684 5081 2756 5145 ὡς
2788 5082 2949 5152 τάχος
3000 5084 3331 5153 συνέψεται,
3384 5086 3478 5138 καὶ
3523 5086 3593 5139 τά
3621 5088 3744 5141 καθ’
3787 5089 3941 5158 ἡμᾶς

2353 5175 2536 5244 πάσης
2581 5175 2836 5247 βοηθείας
2884 5178 3041 5241 ἐκτὸς
3091 5180 3508 5250 περιστήσεται,
3555 5183 3648 5233 καὶ
3701 5180 3937 5251 μάλιστα

2352 5268 2451 5335 τὴν
2508 5269 2645 5337 πρὸς
2705 5272 2831 5335 τοὺς
2880 5273 3214 5343 προκρίτους
3271 5273 3612 5343 ἁναινομένῳ
3673 5269 3933 5339 διάλεξιν,

1933 5511 2164 5567 VARUS
2218 5511 2618 5568 LECTIONES.

2186 5651 2417 5708 ΝθΤᾸιῖ.

754 5758 830 5825 (η)
864 5757 936 5828 lie
963 5747 1816 5828 cruciaﬂbusebverberibus_in
1850 5762 2070 5827 carri-rc
2105 5745 2319 5800 inﬂictis
2350 5751 2526 5818 agitur
2562 5750 2613 5805 iu
2652 5748 2767 5806 Vita
2803 5752 2862 5807 S.
2910 5752 3120 5809 Nicolai
3152 5751 3405 5825 Sludita,
3462 5770 3584 5828 cap.
3624 5757 3679 5827 ι,
3711 5760 3799 5815 ubi
3839 5775 3934 5815 va.

760 5601 785 5637 κ
821 5597 918 5651 Ms.
953 5594 1243 5647 καθιεῖται.

664 5817 850 5890 τὶιιόά
892 5826 1010 5883 Vita
1042 5826 1099 5881 S.
1140 5821 1409 5880 Theodori
1448 5817 2099 5876 Stttditte'aduotavinms.
