4240 6438
249 384 345 450 121

1772 394 1949 453 VITA

3412 402 3514 467 122

240 501 402 553 τοῦτο
436 499 544 571 γάρ
588 500 648 553 ού
679 498 778 571 τὴν
819 498 1093 571 τυχοῦσαν
1125 500 1440 573 ἀνατροπὴν
1469 504 1601 575 ἡμῖν
1627 506 1825 575 προξε-

1942 517 2161 559 arenam
2182 508 2517 563 descendere
2548 516 2764 575 renuat,
2790 512 2933 577 quod
2961 525 3068 579 quo
3098 510 3309 566 facilius
3360 491 3509 583 gravi

238 599 480 668 νήστιεν.
522 594 679 660 ’Δλις
706 589 802 649 οὖν
826 595 927 665 τῆς
960 595 1339 666 προκλήσεως·
1367 596 1469 667 ῆδη
1493 594 1601 666 γάρ
1635 596 1827 667 τρίτην

240 686 476 757 ταυτηνὶ
536 687 858 758 προτροπὴν
906 686 1261 757 πεποιήμεθα
1308 688 1445 757 πρὸς
1494 687 1677 748 αὐτὸν,
1731 688 1829 740 κα)⁸

242 778 505 850 αὐθαδείᾳ
530 778 856 847 πειθόμενος
877 779 977 833 οὐκ
1000 780 1341 850 ἀπήντηκεν.
1382 778 1545 845 Ἀλλ’,
1581 781 1629 832 εί
1659 778 1826 843 δοκεῖ,

244 872 497 943 συνοδικῇ
540 871 804 943 αὐθεντίᾳ
841 871 1215 943 χρησάμενοι,
1260 871 1327 923 τὰ
1374 873 1488 933 τοῖς
1540 870 1830 923 ἀπειθοῦσι

243 959 381 1031 δῆλα
408 962 497 1015 διὰ
527 961 859 1031 γράμματος
891 960 1042 1030 αύτῷ
1067 961 1541 1030 καταστήσαιμεν,
1581 960 1830 1029 ἀπαντῆ-

245 1069 341 1106 σαι
396 1053 492 1106 καὶ
541 1052 1008 1121 ἀπολελογῆσθαι,
1044 1052 1188 1122 ὑπὲρ
1235 1045 1378 1123 ὧνή
1432 1051 1652 1115 σύνοδος
1706 1050 1829 1104 κατ’

243 1143 412 1198 αὐτοῦ
446 1144 793 1213 ἐγκέκληται.
828 1144 1142 1216 Γράφουσιν
1168 1145 1262 1198 οὖν
1294 1163 1417 1197 τινα
1447 1145 1700 1197 ταπεινὸν
1737 1146 1835 1197 καὶ

246 1237 559 1308 χωλεύοντα
588 1238 756 1308 τόμον
784 1237 923 1309 πρὸς
947 1238 1041 1291 τὸν
1075 1239 1174 1307 τῆς
1212 1238 1539 1305 Ἐκκλησίας
1566 1238 1832 1308 ἀρχηγὸν,

244 1329 362 1390 τοῖς
385 1328 825 1399 ἀχειροτονήτοις
859 1330 1200 1398 παρεστάναι
1228 1327 1546 1391 κελεύοντα,
1577 1330 1672 1379 καὶ
1704 1327 1836 1396 περὶ

245 1417 361 1470 τῶν
392 1416 806 1487 βεϐουλημένων
836 1418 1019 1480 αὐτοῖς
1050 1417 1447 1471 διευθύνεσθαι.
1483 1420 1578 1471 ’ον
1615 1421 1838 1485 ἐπιφορ-

247 1507 499 1568 τίσαντες
527 1506 851 1570 ἐπισκόποις
882 1508 991 1559 τισὶ
1019 1508 1114 1559 καὶ
1149 1507 1435 1577 κληρικοίς
1456 1547 1469 1570 ,
1503 1506 1836 1577 χειροτονίας

248 1600 386 1666 ἄτερ
425 1599 777 1667 τυγχάνουσι,
804 1598 940 1665 πρὸς
967 1599 1060 1651 τὸν
1088 1599 1386 1669 λαμπτῆρα
1403 1600 1502 1668 τῆς
1524 1599 1837 1670 όρθοδοξίας

249 1690 635 1758 ἐκπέμπουσι,
682 1690 1045 1755 συζεύξαντες
1110 1691 1297 1753 αὐτοῖς
1340 1690 1496 1760 ὄχλον
1544 1688 1835 1761 άγυρτώδη

250 1782 347 1833 καὶ
375 1782 633 1852 ἀγοραῖον
660 1783 752 1835 καὶ
773 1783 873 1851 τῆς
907 1782 1089 1835 αὐτῶν
1123 1782 1407 1853 βδελυρίας
1456 1781 1701 1846 ἐπάξιον.
1748 1782 1836 1845 Ὠς

249 1871 308 1924 δὲ
354 1872 463 1940 πρὸ
491 1873 679 1926 πυλῶν
714 1873 808 1927 τοῦ
866 1875 963 1944 τῆς
1006 1876 1423 1945 ἀρχιερωσύνης
1473 1873 1832 1945 σκηνώματος

249 1964 512 2033 ἔστησαν,
532 1966 803 2036 ἀνηνέχθη
834 1966 913 2035 τῷ
944 1968 1169 2038 μεγάλῳ
1194 1969 1443 2040 ἀρχιερεῖ
1472 1969 1533 2021 τὸ
1559 1967 1661 2037 τῆς
1692 1985 1833 2037 παρ-

247 2054 443 2119 ουσίας
496 2056 679 2110 αὐτῶν
724 2059 1140 2128 φορτικώτατον
1207 2061 1456 2130 μήνυμα.
1515 2059 1575 2111 Ὀ
1628 2060 1686 2112 δὲ
1741 2060 1835 2112 καὶ

249 2146 391 2215 πρὸς
434 2148 604 2219 αὐτὴν
649 2148 749 2219 τὴν
796 2148 907 2203 τῶν
956 2151 1317 2221 κακοφρόνων
1366 2152 1499 2205 θέαν
1533 2152 1835 2222 ἀχθόμενος

250 2237 499 2307 (τοιοῦτο
531 2241 640 2310 γὰρ
674 2243 731 2294 αί
779 2241 1019 2313 καθαραὶ
1072 2244 1287 2311 φύσεις,
1313 2246 1450 2313 πρὸς
1499 2246 1611 2298 πᾶν
1653 2244 1835 2298 ὁτιοῦν

248 2328 550 2401 ἀλλοτρίως
580 2332 678 2402 τῆς
708 2332 966 2403 ἀληθείας
999 2334 1123 2405 ἔχον
1154 2335 1557 2407 ἅηδιζόμεναι),
1589 2337 1690 2389 οὐκ
1719 2331 1832 2405 εἶχε

250 2420 482 2493 γνώμης
508 2423 690 2486 αὐτοῖς
724 2427 804 2486 εἰς
848 2426 1067 2495 ὁμιλίαν
1100 2427 1296 2482 ἐλθεῖν.
1340 2429 1609 2498 Ἀκουσίῳ
1636 2430 1692 2482 δὲ
1743 2430 1835 2500 βίᾳ

249 2516 583 2583 νυσσόμενος
615 2515 720 2569 ὑπὸ
746 2515 839 2569 τοῦ
872 2519 1312 2589 πεπιστευμένου
1340 2520 1440 2589 τὴν
1471 2520 1637 2573 αὐτοῦ
1669 2539 1834 2589 φρου-

254 2602 358 2672 ρὰν
393 2604 710 2676 πατρικίου,
747 2607 824 2677 μὴ
853 2608 1203 2678 ἀποπέμπειν
1239 2608 1463 2671 τούτους
1486 2612 1565 2671 εἰς
1593 2609 1835 2661 τούπίσω

250 2696 575 2765 ἀπράκτους
601 2697 1015 2765 καταινοῦντος,
1044 2698 1142 2769 ὀψὲ
1178 2701 1273 2753 καὶ
1310 2699 1463 2767 μόλις
1518 2700 1704 2762 αὐτοῖς
1734 2700 1837 2752 ἑπ-

252 2785 438 2856 αφῆκε
468 2786 567 2857 τῆν
597 2788 824 2842 εἴσοδον.

323 3055 428 3123 ξγ’.
465 3055 609 3109 Είσω
637 3055 694 3109 δὲ
723 3056 1075 3125 γενομένους,
1109 3056 1231 3110 οὐδὲ
1264 3058 1327 3110 τὸ
1359 3057 1456 3126 τῆς
1510 3054 1667 3109 νόσου
1708 3055 1835 3117 τοὺς

1932 611 2031 652 nos
2056 597 2255 652 damno
2283 598 2499 652 alliciat.
2518 598 2662 654 Satis
2706 613 2835 671 ergo
2859 604 2997 671 quod
3026 603 3307 670 hucusque
3351 606 3511 659 obse-

1932 692 2208 747 cravimus
2258 691 2406 757 :jam
2449 693 2591 745 enim
2633 692 2795 746 tertio
2820 707 2940 747 eum
2962 694 3387 761 bortatisnmns,
3412 711 3512 752 nec

1934 769 2345 837 ille'temeritati
2381 796 2492 835 suze
2519 782 2833 847 obsecutus,
2862 792 2915 836 ut
2952 784 3057 836 sibi
3108 784 3329 839 suaderi
3362 788 3514 841 sine-

1935 881 2035 936 ret,
2065 872 2275 925 induxit
2298 872 2351 924 in
2408 872 2674 925 animum.
2713 870 2892 937 Quare
2925 870 3192 940 synodali,
3220 873 3262 924 si
3313 873 3511 939 placet,

1935 963 2262 1017 auctoritate
2293 963 2399 1028 usi,
2427 978 2547 1029 quae
2580 963 2955 1028 pervicacibus
2978 963 3286 1016 demmtiari
3313 962 3510 1025 solent,

1937 1056 2047 1109 lucc
2070 1055 2118 1109 ei
2146 1056 2347 1123 scripto
2374 1065 2497 1108 nota
2534 1054 2798 1109 faciamus
2819 1070 2834 1118 ;
2859 1065 2917 1107 ut
2944 1064 3263 1121 compareat
3294 1070 3508 1124 nempe,

1936 1156 1989 1201 et
2019 1149 2083 1200 de
2113 1147 2309 1214 quibus
2339 1148 2597 1199 adversus
2631 1162 2753 1200 eum
2803 1148 3042 1214 synodus
3076 1144 3352 1213 querelam
3395 1160 3513 1198 uno.

1938 1246 2043 1301 vet,
2078 1233 2401 1289 satisfaciat.
2426 1235 2685 1290 Scribunt
2726 1250 2827 1305 ego
2868 1234 3025 1287 vilem
3082 1250 3145 1288 ac
3190 1234 3510 1287 claudican-

1940 1339 2044 1383 tem
2084 1338 2287 1380 tomum
2338 1328 2404 1380 ad
2459 1325 2713 1379 Ecclesia!
2756 1326 3267 1395 praesulem,eoque
3319 1325 3517 1392 jubent

1938 1430 1995 1474 ut
2022 1420 2130 1473 illis
2177 1435 2236 1473 se
2274 1421 2457 1484 sistat,
2484 1419 2577 1487 qui
2618 1419 2903 1472 ordinibus
2934 1418 3129 1471 initiati
3180 1432 3286 1470 non
3323 1426 3503 1476 erant,

1937 1521 2232 1573 eteorum,
2288 1524 2407 1576 qua:
2466 1510 2567 1577 ipsi
2628 1507 2938 1570 voluerunt,
2963 1508 3155 1559 reddat
3216 1506 3508 1557 rationem.

1940 1602 2094 1656 llunc
2152 1602 2390 1655 libellum
2440 1601 2766 1667 quibusdam
2810 1598 3101 1666 episcopis,
3166 1596 3509 1663 clericisqne,

1938 1695 2029 1763 qui
2065 1709 2191 1747 vere
2251 1693 2396 1746 nullo
2439 1691 2675 1745 clericali
2736 1690 3071 1753 charactere,
3103 1699 3193 1739 aut
3224 1684 3515 1753 episcopali

1940 1784 2107 1840 infula
2170 1784 2349 1837 donati
2406 1794 2613 1847 essent,
2646 1782 3071 1843 committentes,
3123 1778 3399 1831 destinant
3447 1777 3515 1828 ad

1938 1888 2100 1933 rectas
2132 1876 2250 1931 fidei
2305 1876 2697 1929 lucidissimam
2746 1872 2943 1933 facem,
2972 1886 3093 1925 cum
3148 1867 3518 1922 tumultuaria:

1935 1985 1998 2025 ac
2032 1966 2482 2022 «:ircumforanea:
2536 1965 2909 2019 multitudinis
2935 1964 3115 2025 turba,
3141 1962 3515 2029 quaeipsornm

1936 2061 2219 2115 dementias
2254 2059 2524 2127 particeps
2554 2072 2613 2111 se
2647 2057 2725 2110 eis
2777 2055 3121 2121 adiunxerat.
3180 2053 3281 2106 Ubi
3335 2063 3516 2104 autem

1936 2167 2032 2222 pro
2063 2150 2385 2219 episcOpalis
2436 2147 2772 2203 tabernaculi
2834 2145 3045 2199 foribus
3111 2144 3423 2205 astiterunt,
3465 2148 3521 2193 et

1937 2244 2203 2297 adventus
2258 2241 2471 2294 illorum
2522 2239 2851 2293 durissimus
2887 2236 3109 2290 nuntius
3160 2233 3339 2303 magni
3373 2246 3514 2299 pon—

1938 2332 2102 2385 tilicis
2124 2344 2285 2384 aures
2309 2329 2563 2399 pulsavit,
2609 2342 2733 2381 eum
2784 2325 2949 2379 etiam
3002 2326 3175 2393 ipsum
3227 2321 3366 2375 male
3391 2335 3521 2374 sen-

1938 2423 2186 2477 tientium
2247 2430 2525 2489 aspectum
2597 2434 2740 2487 mgre
2802 2418 2972 2471 ferret
3032 2412 3319 2483 (ejusmodi
3371 2410 3515 2465 enim

1938 2526 2063 2572 sunt
2087 2530 2237 2585 pura:
2272 2522 2509 2576 mentes,
2538 2521 2597 2565 ut
2631 2509 2894 2580 quidquid
2938 2509 3176 2562 alienum
3221 2520 3250 2559 a
3287 2503 3523 2557 veritate

1936 2619 2042 2673 est,
2075 2608 2127 2662 id
2176 2607 2333 2677 plane
2374 2606 2659 2659 molestum
2691 2605 2762 2657 sit
2797 2617 2862 2656 ac
2900 2599 3173 2668 insuave),
3207 2599 3523 2653 decreverat

1937 2703 2120 2755 animo
2145 2714 2372 2770 prorsus
2406 2712 2500 2753 eos
2531 2712 2636 2751 non
2687 2695 2912 2762 alloqui.
2936 2694 3177 2761 Cogente
3200 2701 3379 2745 tamen
3420 2702 3521 2757 pa-

1941 2793 2116 2855 tricio,
2152 2788 2499 2843 cuicustodia
2526 2786 2644 2855 ejus
2661 2784 2951 2840 commissa
2976 2792 3118 2843 erat,
3146 2794 3211 2832 ne
3238 2780 3319 2833 sic
3349 2776 3508 2831 missi

1938 2898 1996 2937 re
2023 2883 2218 2937 infecta
2257 2889 2682 2940 reverterentur,
2716 2891 2841 2931 sero
2858 2883 2913 2929 et
2941 2874 3031 2927 vix
3058 2871 3274 2925 tandem
3302 2867 3520 2936 ingredi

1939 2976 2058 3029 illos
2088 2975 2358 3045 permisit.

2009 3066 2099 3119 65.
2132 3063 2402 3133 Ingressis
2459 3071 2667 3122 autem,
2702 3073 2772 3113 ne
2808 3057 2984 3111 morbi
3019 3055 3238 3124 quidem
3264 3050 3520 3107 molestia

253 3148 525 3211 δειλαίους
554 3148 773 3217 κατῄδει
794 3148 1078 3213 δυσαλθὲς,
1109 3148 1243 3201 ἀλλά
1267 3151 1334 3220 τῇ
1367 3148 1649 3218 συντρόφῳ
1678 3148 1835 3201 ἀναι-

1943 3157 2160 3213 miseris
2190 3154 2538 3210 bonmncnlis
2566 3152 2827 3223 pudorem
2884 3149 3101 3220 injecit;
3139 3146 3269 3215 quin
3327 3144 3521 3198 inolita

253 3240 375 3311 δεία
406 3241 764 3311 χρησάμενοι,
796 3242 864 3293 τὰ
894 3240 971 3310 τῷ
996 3241 1185 3310 ἀτόμῳ
1206 3241 1401 3310 ἐκείνῳ
1427 3240 1578 3310 τόμῳ
1604 3256 1841 3309 κεχαρα-

259 3334 437 3405 γμένα
458 3335 736 3402 τραγικῶς
764 3336 940 3387 εἰπεῖν
969 3335 1357 3404 ὑπεκρίναντο.
1401 3334 1557 3386 Κατὰ
1588 3333 1704 3395 σοῦ,
1739 3350 1841 3400 φη-

258 3429 363 3490 σὶν,
396 3426 672 3489 λιϐέλλους
705 3428 737 3495 ή
773 3426 986 3489 σύνοδος
1025 3426 1319 3496 δεξαμένη,
1360 3426 1497 3495 πρὸς
1529 3425 1685 3477 λύσιν
1716 3424 1840 3477 τού-

256 3533 397 3580 των,
458 3518 639 3585 πάσης
690 3517 848 3579 ἐκτὸς
911 3516 1281 3585 ἀμφιλογίας,
1340 3516 1681 3586 παρέσεσθαι
1744 3516 1840 3568 καὶ

257 3608 643 3674 ἀπολογεῖσθαι
679 3608 890 3677 τρανῶς
925 3608 1267 3665 ἐδικαίωσεν.
1312 3608 1485 3679 Πρινὴ
1529 3607 1623 3659 οὖν
1664 3609 1696 3675 ἡ
1740 3607 1840 3674 τῆς

257 3700 590 3767 ἀποφάσεως
639 3700 908 3771 αὐστηρία
952 3700 1186 3753 διαϐᾶσα
1224 3701 1597 3770 καθαιρέσεως
1648 3701 1840 3768 ἐγκλή-

259 3809 429 3861 μασιν
462 3792 807 3856 ὑποϐάλοιτε,
853 3794 992 3864 πρὸς
1024 3796 1086 3846 τὸ
1114 3797 1182 3864 τῇ
1217 3794 1423 3863 συνόδῳ
1454 3796 1548 3846 καὶ
1575 3793 1654 3862 τῷ
1682 3794 1837 3861 βασι-

256 3883 339 3935 λεῖ
389 3884 582 3937 δοκοῦν
640 3885 960 3951 μετατίθεσο
1004 3887 1295 3956 φρόνημα,
1349 3886 1841 3955 συμφθεγξάμενος

253 3976 391 4043 ἡμῖν
412 3975 509 4028 καὶ
537 3977 1005 4046 ὀμογνωμονήσας
1035 3978 1165 4048 περὶ
1190 3979 1289 4048 τῆς
1312 3977 1421 4029 τῶν
1453 3979 1681 4031 εἰκόνων
1702 3979 1839 4031 ἀπο-

256 4068 470 4137 τροπῆς
493 4085 555 4120 τε
578 4069 673 4120 καὶ
704 4069 1091 4139 άπαρνήσεως·
1117 4069 1262 4123 οὕτω
1296 4071 1405 4140 γὰρ
1435 4070 1589 4123 ἔσται
1611 4071 1701 4123 τὸν
1730 4071 1838 4123 τῶν

257 4156 516 4209 λιϐέλλων
557 4157 1095 4227 ἀποδιαπομπεῖσθαι
1136 4159 1361 4229 μῶμον·
1404 4160 1435 4230 ἢ
1483 4164 1542 4222 ἐς
1584 4162 1838 4212 πλεῖστον

254 4249 690 4316 ἀπαναινόμενον
726 4252 820 4302 καὶ
860 4251 1350 4321 ἑτεροφρονοῠντα,
1394 4253 1494 4322 τῆς
1534 4252 1641 4305 τῶν
1668 4254 1837 4320 ἐγκα-

255 4342 495 4394 λούντων
525 4342 710 4413 ἔνοχον
738 4340 876 4398 εἷναι
907 4345 1096 4414 σαφῶς
1127 4346 1491 4415 ἐπικλήσεως,
1524 4348 1590 4417 ἢν
1617 4350 1717 4401 οὐκ
1747 4348 1839 4403 άλ-

253 4431 364 4496 λως
392 4434 798 4505 ἀποτρίψασθαι
828 4436 1077 4500 δυνατὸν,
1106 4438 1183 4507 μὴ
1213 4438 1337 4507 ούχὶ
1368 4438 1509 4492 κατά
1541 4440 1838 4507 πρόσωπον

1943 3248 2289 3318 improbitate
2352 3245 2459 3308 nsi,
2527 3257 2646 3311 quae
2722 3239 2908 3295 infanti
2944 3238 3035 3292 illo
3093 3246 3239 3291 tomo
3296 3241 3520 3286 exarata

1941 3352 2118 3404 erant,
2151 3356 2275 3393 cum
2330 3338 2563 3407 quadam
2610 3330 3103 3388 commiserationis
3132 3326 3317 3397 specie.
3358 3322 3513 3390 loqui

1941 3450 1999 3489 se
2042 3434 2331 3501 fingerent,
2365 3427 2639 3495 Acceptis,
2668 3426 2838 3487 aiunt,
2873 3424 3133 3474 adversus
3183 3427 3235 3470 te
3292 3412 3516 3475 libellis,

1942 3525 2204 3595 synodus,
2242 3533 2299 3575 ut
2324 3519 2536 3585 objecta
2561 3516 2853 3575 dissolvas.
2887 3512 3034 3566 omni
3064 3507 3520 3577 tergiversatione

1942 3628 2147 3673 semota
2182 3616 2374 3667 adesse
2403 3623 2454 3664 te
2476 3620 2531 3665 et
2572 3610 2719 3662 clare
2768 3605 3095 3675 respondere
3135 3600 3311 3669 jubet.
3368 3597 3517 3663 Qua-

1942 3718 2161 3779 propter
2191 3708 2508 3774 priusquam
2541 3696 3011 3755 condcmnationis
3044 3690 3311 3749 districtio
3350 3690 3519 3755 depo-

1942 3802 2155 3857 sitionis
2176 3810 2227 3853 te
2256 3812 2429 3866 poenae
2451 3793 2725 3863 subjiciat,
2749 3802 2895 3844 tuam
2922 3804 2952 3843 e
2984 3785 3199 3857 synodi,
3220 3792 3385 3851 atque
3414 3781 3518 3834 im-
3604 3810 3607 3813 -

1942 3891 2211 3962 peratoris
2246 3887 2515 3942 sententia
2568 3882 2900 3937 sententiam
2937 3888 3108 3940 muta,
3141 3881 3201 3928 ut
3238 3874 3377 3926 idem
3420 3882 3519 3923 no-

1943 3986 2145 4039 biscum
2178 3981 2381 4036 sentias
2430 3986 2591 4045 atque
2617 3976 2848 4035 doceas;
2879 3968 3204 4024 evertendas
3260 3964 3517 4017 nimirum

1940 4092 2062 4133 esse
2094 4074 2355 4143 imagines
2388 4080 2440 4123 et
2478 4068 2789 4127 simulacra,
2829 4075 3130 4129 earumque
3179 4072 3338 4111 usum
3385 4054 3518 4107 abo-

1943 4168 2156 4223 lendum
2178 4142 2315 4217 [:7sic
2345 4175 2576 4228 namque
2602 4157 2908 4224 impositum
2932 4169 3027 4221 per
3066 4150 3274 4205 libellos
3310 4149 3517 4201 crimen
3548 4142 3551 4147 ’

1941 4261 2124 4315 licebit
2160 4254 2451 4325 depellere.
2513 4250 2607 4303 Sin
2666 4260 2843 4303 autem
2897 4243 3294 4300 contentiosius
3333 4238 3520 4292 renuis

1939 4349 2209 4406 contraria
2236 4346 2479 4399 sentiens
2500 4384 2515 4407 ,
2554 4339 2927 4395 accusantium
2949 4332 3299 4405 appellationi
3332 4330 3515 4398 palam

1939 4442 2051 4498 eris
2073 4438 2361 4498 obnoxius,
2389 4450 2553 4505 quam
2573 4432 2688 4486 lieri
2754 4428 2943 4498 nequit
2970 4436 3032 4480 nt
3061 4422 3359 4483 amoliaris,
3402 4418 3511 4473 nisi

256 4526 474 4595 στῆναι,
512 4528 604 4580 καὶ
635 4529 765 4599 περὶ
869 4532 918 4582 οί
956 4529 1171 4601 ἔλεγχοι
1210 4530 1608 4585 διευθύνεσθαι.
1650 4532 1836 4585 Ταῦτα

1943 4545 1995 4591 te
2021 4547 2206 4589 coram
2230 4531 2415 4593 sistas,
2449 4541 2512 4580 ac
2558 4526 2624 4580 de
2648 4521 2874 4589 objectis
2899 4517 3181 4587 judiceris.
3224 4512 3350 4567 llaec
3403 4508 3516 4578 lupi

253 4622 299 4671 οί
333 4620 459 4671 ἀντὶ
504 4620 781 4689 ποιμένων
823 4621 978 4675 λύκοι
1011 4624 1091 4691 τῷ
1120 4623 1472 4692 ἀρχιποίμενι
1521 4624 1589 4676 τὰ
1632 4623 1835 4691 παλίμ-

254 4727 414 4780 φημα
455 4710 998 4782 παραφθεγξάμενοι,
1036 4714 1129 4765 καὶ
1168 4714 1259 4766 ὑπ’
1285 4714 1473 4767 ὀδόντα
1506 4731 1622 4775 πως
1656 4715 1835 4783 διαψιο

252 4800 579 4871 θυρίσαντες
631 4802 861 4871 παίγνια
913 4804 1026 4876 (ού
1078 4806 1191 4876 γὰρ
1247 4804 1465 4858 ἔσθενον
1516 4805 1713 4874 ἐκείνῳ
1758 4803 1837 4873 τῷ

249 4889 631 4963 καθαρωτάτῳ
668 4892 751 4944 νοῒ
779 4894 918 4963 μετά
948 4894 1264 4965 παρρησίας
1294 4894 1565 4947 ἀντοιπεῖν
1601 4893 1633 4962 ἢ
1662 4909 1833 4962 προσ-

249 4982 656 5053 φθέγγεσθαι),
686 4987 811 5054 σιγῇ
862 4986 922 5038 τὸ
964 4985 1064 5053 τῆς
1110 4984 1383 5055 ἐντροπῆς
1425 4984 1833 5052 ὲγκαλύψαντες

248 5070 463 5147 αἶσχος,
496 5076 595 5146 τὴν
617 5076 959 5149 βεϐυσμένην
979 5077 1217 5148 ἔστησαν
1245 5078 1425 5130 αὐτῶν
1452 5077 1646 5146 ἀκοὴν.
1688 5079 1832 5146 ίμει-

252 5170 495 5237 ρόμενοι,
542 5170 638 5222 καὶ
683 5170 732 5222 εί
764 5170 1049 5240 δυσμενεῖς
1094 5172 1437 5241 τυγχάνοιεν,
1480 5169 1832 5233 εἰσδέξασθαι

245 5258 310 5312 τὸ
336 5261 493 5331 παρά
517 5261 617 5330 τῆς
656 5262 867 5315 ἐκείνου
917 5262 1164 5332 γλώττης
1203 5262 1435 5332 ῆδυεπὲς
1475 5261 1828 5330 ἐπιφώνημα.

319 5354 415 5421 ξδ’.
462 5354 521 5407 '0
556 5355 645 5418 δὲ,
682 5355 860 5408 καίτοι
892 5358 958 5425 τῇ
988 5355 1128 5426 νόσῳ
1160 5356 1516 5426 τρυχόμενος,
1550 5354 1688 5425 πρὸς
1728 5355 1830 5406 αύ-

246 5449 375 5507 τούς
407 5444 763 5511 ὑποφθάσας,
793 5444 976 5511 ἔλεξεν
1002 5438 1123 5499 ὧδε·
1158 5446 1255 5508 Τίς
1290 5440 1443 5509 οὗτος
1483 5446 1510 5497 δ
1550 5445 1828 5505 λιϐέλλους

251 5539 383 5607 ήμῐν
419 5538 677 5591 ἐπισείων
712 5538 806 5590 καὶ
849 5537 947 5599 τὰς
976 5536 1101 5590 καθ’
1134 5540 1166 5607 ἠ
1177 5537 1293 5607 μῶν
1326 5536 1633 5604 έναγωγὰς,
1659 5538 1829 5589 εἰσδε-

249 5631 520 5700 χόμενοςς
588 5630 757 5694 Ποίας
815 5631 1221 5703 πατριαρχικῆς
1278 5629 1541 5701 καθέδρας
1606 5628 1827 5699 εὔχεται

254 5713 395 5773 εἶναι
436 5719 732 5792 πρόεδρος;
765 5722 930 5784 Ποίας
965 5721 1331 5792 ποιμαντικῆς
1365 5720 1643 5791 φροντίδος
1679 5722 1827 5773 ἐπει-

252 5808 531 5881 λημμένος
575 5816 885 5877 κανονικαίς
911 5815 1123 5884 ένοχαῖς
1155 5814 1302 5883 ἡμᾶς
1327 5812 1698 5883 ὑποϐέϐληκεν
1722 5830 1733 5873 ;
1761 5812 1824 5865 Εἰ

1938 4636 2214 4698 pastorum
2247 4622 2452 4681 habitu,
2486 4627 2764 4686 pastorum
2802 4610 3031 4682 principi
3066 4604 3386 4662 inconcinne
3432 4601 3519 4655 lo-

1937 4694 2071 4782 cuti,
2104 4724 2159 4770 et
2187 4715 2390 4767 ludicra
2415 4710 2604 4779 ᾳιιαειια
2621 4723 2670 4759 ιιι
2719 4705 2975 4760 dentibus
3002 4705 3353 4755 susurrantes
3383 4694 3515 4765 (non

1936 4810 2082 4865 enim
2113 4812 2364 4876 poterant
2411 4801 2715 4871 purissima:
2762 4797 2837 4852 illi
2866 4795 3033 4850 menti
3072 4808 3136 4847 ex
3194 4793 3422 4843 adverso
3448 4786 3517 4839 li-

1936 4876 2087 4952 beris
2133 4894 2306 4950 oculis
2363 4892 2555 4953 obniti,
2610 4897 2703 4941 aut
2733 4887 2783 4940 ei
2834 4885 3012 4955 palam
3076 4879 3245 4949 loqui)
3295 4876 3515 4931 silentio

1936 4988 2262 5057 obtegebant
2288 4999 2400 5038 suae
2446 4978 2784 5036 confusionis
2813 4978 3094 5045 probrum,
3126 4981 3182 5027 et
3230 4972 3517 5025 obturatas

1935 5078 2285 5134 continebant
2341 5089 2546 5137 aures;
2577 5071 2683 5125 etsi
2732 5068 2934 5137 alioqui
2961 5063 3360 5120 infensissimos
3394 5060 3517 5114 illos

1934 5170 2199 5226 mellilluae
2242 5167 2436 5234 lingua:
2492 5165 2634 5219 illius
2699 5174 2958 5232 responsa
3011 5154 3263 5212 audiendi
3314 5150 3513 5221 cupido

1935 5262 2270 5317 incessisset.

2003 5353 2091 5407 64.
2125 5352 2192 5404 At
2233 5359 2491 5409 sanctus,
2531 5358 2841 5413 quanquam
2896 5337 3236 5410 a'gritudinis
3278 5334 3511 5389 viattrt—

1933 5455 2039 5505 tus,
2076 5444 2289 5510 objecta
2340 5438 2625 5506 occupavit
2656 5446 2711 5491 et
2742 5436 2793 5489 in
2837 5436 2981 5489 hunc
3028 5434 3142 5487 fere
3170 5428 3390 5482 modum
3421 5440 3511 5479 ar-

1931 5540 2045 5609 guit
2084 5556 2097 5591 :
2141 5535 2400 5601 Quisnam
2450 5545 2579 5583 vero
2612 5538 2694 5583 est
2727 5530 2816 5598 qui
2869 5527 3026 5581 nobis
3059 5522 3277 5577 libellos
3332 5521 3517 5573 inten-

1930 5630 2064 5684 dens
2124 5626 2324 5680 actoris
2380 5623 2431 5676 in
2495 5638 2593 5676 nos
2656 5629 2842 5689 partes
2902 5614 3169 5685 suscipit?
3213 5612 3507 5681 Cujusnam

1931 5717 2207 5776 Ecclesim.
2234 5728 2352 5781 qua:
2380 5710 2729 5783 patriarcbali
2762 5706 3023 5777 dignitate
3048 5704 3268 5772 fulgeat,
3298 5716 3509 5771 przesu-

1931 5810 2033 5864 lem
2095 5825 2153 5864 se
2230 5820 2349 5862 esse
2406 5803 2707 5875 gloriatur?
2763 5802 2877 5867 Qua
2940 5806 3191 5866 suscepta
3249 5792 3509 5866 pastorali
