4240 6438
668 399 765 463 127

1656 398 1716 458 S.
1761 396 2181 457 NICEPHORI
2222 390 2731 453 PATRIARCHK
2771 389 2879 449 CP.

3831 380 3938 447 123

666 508 916 562 standum
947 506 1103 560 erat?
1129 504 1375 573 Quandiu
1397 504 1726 560 multitudini
1754 504 2126 575 periculorum
2152 503 2233 556 in-
2270 507 2311 563 Α

2270 507 2311 563 Α
2342 502 2391 554 τί
2416 500 2886 571 διαπρᾶττεσθαι;
2919 498 3097 569 Μέχρι
3117 497 3262 562 τινος
3289 498 3355 568 τῇ
3379 494 3632 568 δαψιλείᾳ
3662 495 3774 550 τῶν
3806 494 3940 550 Bus-

669 600 958 653 natandum
989 599 1067 652 sic
1096 608 1154 652 nt
1182 613 1291 653 non
1341 608 1699 667 mergeretur,
1728 612 1835 652 non
1870 597 2090 651 cederet
2141 611 2239 651 ue-

667 690 853 758 quitize
904 691 1183 758 temporis,
1226 704 1331 742 non
1379 689 1549 758 pejori
1585 689 2119 757 potestati,eamque
2156 701 2246 742 se-

669 777 960 845 quentibus
994 775 1169 829 locum
1223 778 1410 830 daret?
1443 777 1725 842 Quomodo
1782 792 1980 832 cavere
2032 784 2246 847 poterat

672 874 731 918 ut
786 880 889 917 non
943 866 1258 920 laberentur
1321 866 1375 920 in
1424 876 1727 935 peccaturo,
1777 869 1921 937 quod
1984 868 2248 921 adversus

671 955 849 1024 ipsum
884 957 1208 1024 patrabant?
1240 954 1373 1011 Nam
1426 972 1493 1011 ne
1526 972 1618 1010 eos
1642 957 1860 1026 quidem
1893 973 1921 1010 a
1959 972 2055 1011 sua
2089 956 2246 1010 abdi-

671 1047 824 1099 cabat
855 1065 1005 1113 cura,
1043 1051 1129 1117 qui
1168 1048 1516 1103 lacessebant
1552 1049 1768 1116 injuriis
1823 1063 2059 1117 eumque
2121 1062 2247 1117 per-

677 1141 1070 1205 sequebantur.
1129 1140 1334 1208 pietate
1389 1139 1591 1193 Christi
1639 1140 1959 1210 discipulum
2004 1138 2246 1193 imitans.

672 1228 789 1283 Non
833 1230 913 1284 sic
949 1241 1128 1284 autem
1188 1233 1285 1298 illi,
1353 1248 1584 1300 quorum
1643 1247 1810 1283 unum
1854 1232 1956 1283 boc
2009 1231 2247 1283 studium

674 1331 792 1373 erat
823 1332 982 1388 atque
1025 1338 1210 1391 Opera,
1246 1335 1300 1377 ut
1361 1322 1641 1378 beneﬁciis
1690 1323 1822 1377 solis
1871 1331 2084 1375 certare
2137 1332 2253 1374 stu-

675 1412 892 1465 dentem
942 1414 1151 1465 insidiis
1202 1424 1539 1481 appeterent.
1597 1413 1703 1467 Nec
1752 1415 1894 1466 enim
1950 1413 2129 1465 inania
2198 1412 2248 1464 in

675 1515 796 1553 eum
827 1502 1095 1565 meditari,
1124 1516 1435 1572 mortesque
1488 1506 1754 1556 intentare
1788 1503 2067 1557 desierunt
2103 1504 2252 1570 prius

676 1606 839 1659 quam
884 1604 1036 1645 extra
1099 1604 1310 1661 portant
1352 1594 1671 1664 (Ecclesium
1736 1595 1963 1657 scilicet)
2020 1593 2250 1659 ejectum

677 1683 1183 1754 occiderent.juxta
1244 1686 1454 1740 Domini
1504 1686 1813 1754 parabolatn
1861 1687 2002 1739 illaut
2054 1687 2250 1738 unani-

678 1776 840 1829 miter
901 1778 1185 1832 dicentes:
1230 1778 1409 1833 Venite
1458 1780 1758 1832 occidantur
1794 1794 1936 1841 eum,
1984 1786 2031 1829 et
2083 1777 2250 1845 possi-

2344 592 2521 666 χερῶν
2566 591 2947 664 ἐπινήχεσθαι,
3004 591 3101 646 καὶ
3144 591 3246 644 οὐκ
3274 590 3576 657 ἐνδιδόναι,
3615 588 3678 644 οὐ
3718 588 3799 660 τῷ
3837 604 3938 644 πο-

2342 684 2493 756 νηρῷ
2525 684 2707 755 καιρῷ
2739 681 3179 753 παραχωρῆσαι,
3203 680 3266 733 οὐ
3298 682 3364 751 τῇ
3399 680 3745 753 πονηροτέρα
3777 678 3937 746 ἐξουο

2346 779 2438 848 σία
2459 819 2473 839 ,
2511 777 2607 830 καὶ
2639 779 2753 839 τοῖς
2791 774 2995 846 ταύτην
3028 776 3225 841 ἄγουσι
3254 770 3446 828 δοῦναι
3475 773 3671 838 τόπον,
3704 772 3781 835 ὡς
3813 770 3893 844 μή
3914 812 3936 840 ,

2343 872 2469 939 τόγε
2497 871 2577 932 είς
2611 868 2774 923 αὐτὸν
2800 863 2968 939 ἧκον,
2999 866 3246 938 ἁμαρτίᾳ
3280 867 3645 935 περιπεσείν;
3680 865 3793 917 Καὶ
3827 864 3943 932 γάρ

2347 961 2487 1031 ὐπέρ
2519 958 2628 1011 τῶν
2668 956 3085 1028 ἐπηρεαζόντων
3132 958 3227 1009 καὶ
3266 955 3573 1008 διωκόντων
3612 952 3932 1026 ἐφρόντιζε,

2346 1053 2439 1105 τδλν
2468 1050 2791 1104 διδάσκαλον
2824 1048 3061 1118 Χριστὸν
3092 1049 3150 1100 ἐν
3176 1046 3353 1117 τούτῳ
3382 1046 3747 1116 μιμούμενος.
3792 1046 3937 1098 Ἀλλ’

2346 1144 2445 1195 οὐκ
2477 1145 2674 1196 ἐκεῖνοι
2695 1140 2926 1195 τοιοῦτοί
2962 1139 3151 1199 ποθεν,
3175 1139 3295 1205 οἶγε
3320 1139 3463 1191 κατά
3494 1138 3589 1191 τοῦ
3624 1139 3940 1207 εὐεργετεῖν

2349 1232 2691 1304 πειρωμένου
2727 1233 3100 1300 ἐπιτιθέμενοι
3135 1233 3375 1301 σπουδὴν
3409 1231 3821 1286 ἀπεδείκνυντο.
3862 1234 3939 1286 Οὐ

2348 1326 2459 1397 γὰρ
2492 1326 2819 1393 καθυφῆκαν
2854 1325 2974 1377 κατ’
3009 1322 3176 1376 αὐτοῦ
3217 1324 3348 1376 κενὰ
3394 1321 3630 1393 μελετᾷν
3655 1364 3667 1384 ,
3710 1322 3804 1375 καὶ
3844 1321 3942 1375 θα-

2349 1420 2544 1479 νάτους
2588 1415 2932 1478 ἐπαπειλεῖν,
2975 1414 3086 1466 ἐσθ’
3126 1415 3215 1467 ὅτε
3281 1415 3379 1483 τῆς
3436 1414 3613 1483 πύλης
3658 1413 3763 1479 ἔξω
3802 1413 3941 1482 (τῆς

2363 1506 2690 1575 Ἐκκλησίας
2718 1504 2901 1575 φημὶ)
2940 1503 3144 1569 ἐξῶσαι
3176 1503 3267 1554 καὶ
3306 1503 3699 1554 ἀποκτιννύναι
3730 1502 3940 1570 ὁμοθυ-

2354 1597 2522 1667 μαδὸν
2544 1640 2557 1661 ,
2603 1598 2722 1649 κατ’
2755 1596 2969 1663 ἐκείνην
2994 1595 3087 1646 καὶ
3125 1594 3282 1645 αὐτοὶ
3311 1593 3409 1660 τὴν
3444 1593 3731 1662 Κυριακὴν
3760 1609 3941 1660 παρα-

2354 1688 2515 1758 σολὴν
2548 1688 2799 1756 λέγοντες
2820 1729 2833 1750 ,
2867 1686 3062 1751 Δεῦτε,
3098 1686 3546 1750 ἀποκτείνωμεν
3599 1683 3808 1743 αὐτὸν,
3842 1682 3939 1734 και

2354 1782 2749 1850 κατάσχωμεν
2765 1780 2880 1846 τὴν
2895 1778 3305 1845 κληρονομίαι·
3324 1774 3705 1829 αὑτοῦ.¹Ὀθεν
3723 1772 3798 1842 τῷ
3814 1774 3941 1825 ἀθο-

678 1866 895 1920 deamus
943 1869 1297 1922 liwreditatem
1338 1871 1452 1938 ejus
1480 1871 1544 1924 “'.
1568 1872 1700 1923 Cum
1740 1870 1925 1939 itaque
1978 1870 2249 1922 illumina-
2281 1849 2323 1903 Β

2281 1849 2323 1903 Β
2360 1869 2514 1939 λώτῳ
2538 1870 2617 1922 νοῒ
2645 1869 2981 1941 προφητικός
3010 1885 3092 1932 τις
3121 1867 3200 1920 ὣν
3237 1868 3329 1919 καὶ
3361 1867 3576 1936 βλέπων
3601 1866 3673 1917 τὰ
3697 1866 3942 1935 ἔμπροσ-

680 1957 902 2010 tissiinae
933 1960 1129 2012 tttCltlis
1168 1960 1339 2022 radio,
1372 1959 1458 2013 cui
1485 1959 1784 2028 prophetici
1822 1959 2025 2028 aliquid
2052 1958 2260 2012 alllatus

679 2048 884 2101 inesset
932 2049 999 2102 ad
1050 2052 1322 2104 anteriora
1348 2052 1746 2119 ριόςινζιιιηάο,
1796 2050 2009 2104 illorum
2053 2051 2118 2102 ad
2146 2065 2262 2103 see-

681 2136 767 2191 lus
812 2150 1144 2193 excaecatum
1196 2152 1361 2211 atque
1413 2143 1465 2195 in
1515 2143 1717 2197 caedem
1757 2142 2038 2196 incitatum
2071 2142 2261 2209 depre-

682 2227 947 2281 henderet
979 2230 1241 2295 animum,
1278 2232 1330 2284 in
1361 2232 1476 2285 haec
1507 2232 1668 2285 verba
1698 2233 2008 2301 imperatori
2039 2232 2255 2285 scribit:

752 2316 842 2372 68.
874 2319 1134 2387 Evposcit
1188 2332 1424 2390 tempus,
1454 2332 1512 2376 ut
1564 2323 1843 2378 humilitas
1905 2334 2112 2387 nostra,
2144 2338 2263 2392 qure

685 2410 739 2463 in
784 2411 921 2465 lianc
954 2414 1333 2469 necessitatem
1367 2426 1527 2484 atque
1567 2417 1990 2471 invaletutlinem
2022 2416 2262 2479 devenit,

684 2502 752 2555 ad
787 2503 913 2567 justi
968 2516 1211 2561 tenacem
1250 2510 1581 2575 maiestatem
1610 2520 1842 2564 vestram
1894 2512 2007 2564 base
2045 2511 2261 2564 referat.

688 2591 958 2647 llaetenus
985 2611 1080 2664 pro
1103 2597 1246 2651 virili
1274 2607 1458 2653 n0stra
1488 2599 1741 2654 facultate
1777 2602 1987 2655 tuenda:
2020 2601 2267 2653 veritatis

687 2696 751 2735 ac
783 2684 999 2751 pietatis
1040 2702 1201 2740 causa
1254 2688 1676 2755 decertavimus,
1700 2705 1875 2758 neque
1921 2706 2111 2745 eorum
2149 2704 2267 2758 qua:

688 2777 863 2829 nostri
924 2779 1162 2834 tntmeris
1214 2784 1371 2834 erant
1421 2782 1717 2851 quidquam
1757 2783 2002 2837 videmur
2052 2782 2269 2836 subtra-

691 2867 858 2931 xisse,
891 2879 1248 2937 procurantes
1276 2880 1335 2925 ut
1366 2886 1539 2939 neque
1560 2874 1867 2941 petentibus
1903 2872 2271 2926 defueritser-

696 2956 872 3009 monis
896 2957 1210 3013 conferendi
1242 2960 1497 3026 facultas,
1528 2976 1704 3030 neque
1728 2962 1975 3015 doctrina
2006 2960 2271 3030 recipien-

695 3048 860 3104 tibus.
914 3047 1205 3120 Postquam
1262 3068 1391 3106 vero
1448 3068 1514 3107 eo
1573 3053 1794 3107 nomine
1864 3054 2269 3108 tribulationem

695 3156 910 3194 onmem
929 3154 983 3196 et
1011 3143 1315 3212 angustiam
1337 3143 1814 3213 alllictionemque,
1836 3145 2136 3223 infamiam,
2154 3160 2273 3199 car-

696 3250 870 3295 ceres,
903 3236 1348 3304 proscriptiones,
1376 3236 1754 3291 famulantium
1783 3240 1948 3292 etiam
1998 3236 2270 3305 iacturam

696 3326 1041 3394 pertulimus,
1074 3340 1139 3379 eo
1171 3327 1385 3380 tandem
1418 3338 1784 3396 proruperunt
1810 3328 2053 3397 quidam,
2090 3330 2181 3398 qui
2215 3340 2275 3383 se

697 3428 981 3481 episcopos
1015 3413 1226 3480 dicunt,
1260 3425 1317 3469 ut
1371 3414 1628 3482 majorem
1672 3418 1952 3487 prioribus
1997 3428 2277 3471 contume-

698 3501 825 3552 liam
850 3504 1004 3556 uobis
1037 3503 1338 3572 probraque
1372 3505 1700 3574 irrogarent,
1725 3522 1845 3559 cum
1877 3508 2019 3574 vulgi
2044 3508 2279 3561 circum—

706 3590 912 3646 foranei
970 3594 1121 3647 turba
1160 3595 1463 3663 gladiisque
1515 3611 1578 3650 ac
1622 3596 1784 3665 lignis
1831 3598 2094 3653 instructa
2139 3598 2274 3652 olfe-

703 3693 886 3736 rentes
915 3699 971 3737 se
1000 3686 1172 3740 nobis.
1205 3687 1382 3753 Atque
1411 3688 1482 3739 illi
1518 3688 1758 3757 quidem,
1790 3689 2031 3758 cujusvis
2060 3691 2279 3759 generis

704 3774 948 3827 convicia
976 3774 1312 3844 injuriasque
1337 3776 1678 3844 impudenter
1706 3778 2177 3848 iuvereeundeque
2226 3780 2279 3833 in

705 3877 803 3917 nos
844 3863 1222 3933 iactaverunt;
1265 3883 1440 3938 neque
1473 3866 1569 3923 Dei
1620 3869 1871 3923 timorem
1911 3870 2283 3939 concipientes

704 3957 906 4017 animo,
941 3972 1042 4012 nec
1086 3958 1195 4011 ulla
1230 3959 1376 4013 ducti
1410 3962 1709 4015 reverentia
1744 3975 1871 4032 erga
1910 3977 2066 4015 suum
2112 3977 2282 4031 quon—

704 4050 827 4101 dam
862 4048 1172 4117 prmsulem,
1217 4066 1449 4121 eumque
1472 4062 1711 4108 extrema
1762 4054 2171 4110 decumbentem
2191 4068 2285 4106 va-

709 4139 984 4202 letudine,
1041 4156 1106 4195 ac
1154 4143 1271 4196 solo
1320 4142 1613 4212 languente
1651 4145 1848 4214 spiritu
1898 4144 2282 4213 superstitem;

708 4231 861 4283 turba
914 4246 1063 4294 vero,
1092 4248 1235 4301 qua).
1266 4235 1388 4289 illos
1444 4236 1843 4301 comitabatur,
1876 4244 1990 4289 tum
2039 4251 2126 4289 me
2174 4244 2286 4288 tum

707 4323 1045 4378 decessorem
1068 4326 1366 4381 antistitem
1421 4327 1556 4381 diris
1580 4328 1797 4383 devovit
1826 4348 1840 4382 :
1861 4327 2001 4396 quod
2025 4327 2289 4381 ambobus

708 4414 1001 4480 gloriosum
1031 4427 1115 4471 est
1141 4426 1196 4470 et
1229 4419 1395 4473 decus
1423 4419 1738 4473 maximum.
1766 4418 1943 4487 Super
1966 4420 2082 4473 haec
2110 4427 2289 4471 autem

2361 1960 2481 2024 θεν,
2520 1960 2615 2030 τὴν
2656 1960 3080 2029 πεπωρωμένην
3137 1958 3320 2010 αὐτῶν
3359 1957 3588 2025 καρδίαν
3632 1956 3775 2025 ὁρῶν
3807 1954 3944 2024 πρὸς

2362 2051 2573 2119 αἵματα
2610 2049 2797 2103 λοιπὸν
2852 2048 3271 2101 ἀποϐλέπουσαν
3296 2087 3311 2111 ,
3344 2046 3649 2100 ἐπιστέλλει
3692 2044 3769 2115 τῷ
3807 2060 3945 2114 κρα-

2362 2141 2542 2195 τοῦντι
2567 2140 2655 2196 διὰ
2682 2140 2884 2206 λέξεως
2914 2134 3016 2193 ὧδε
3042 2156 3057 2171 ⁸

2436 2318 2537 2389 ξη⁹.
2591 2318 2801 2389 Καιρὺς
2848 2319 3070 2371 ἀπαιτεῖ
3118 2319 3218 2390 τὴν
3262 2319 3541 2391 ἡμετέραν
3581 2317 3945 2381 ταπείνωσιν,

2365 2411 2445 2473 είς
2474 2409 2573 2481 τήν
2605 2410 2928 2480 περίστασιν
2950 2410 3156 2481 ταύτην
3180 2412 3273 2465 καὶ
3297 2410 3397 2482 τὴν
3435 2410 3759 2482 σωματικὴν
3785 2410 3952 2463 ἀσθέ-

2366 2521 2516 2557 νειαν
2566 2502 2863 2569 ἐλθόντας,
2894 2503 3067 2556 ταῦτα
3122 2505 3257 2574 πρὸς
3300 2504 3362 2556 τὸ
3405 2504 3743 2571 φιλοδίκαιον
3791 2501 3951 2570 ὐμῶν

2368 2596 2567 2665 κράτος
2606 2596 2926 2663 ἀναγαγεῖν.
2964 2596 3111 2658 Ἕως
3139 2595 3234 2648 τοῦ
3260 2594 3355 2647 νῦν
3381 2594 3773 2664 ἠγωνισάμεθα
3805 2593 3953 2647 κατά

2365 2685 2465 2756 τὴν
2497 2684 2728 2754 δύναμιν
2756 2684 2916 2754 ἡμῶν
2949 2684 3091 2754 ὑπὲρ
3115 2684 3216 2750 τῆς
3241 2683 3501 2753 ἀληθείας
3534 2683 3629 2736 καὶ
3655 2684 3758 2749 τῆς
3791 2682 3951 2732 εὐσε-

2369 2776 2559 2839 ϐεεαςο
2596 2778 2711 2842 καὶ,
2753 2777 2829 2837 ὡς
2876 2775 3178 2845 δοκοῦμεν,
3223 2775 3377 2827 οὐδὲν
3417 2774 3799 2842 παρελίπομεν
3845 2770 3955 2824 τῶν

2370 2867 2874 2939 κεχρεωστημένων
2908 2869 3042 2937 ἡμῖν
3065 2908 3079 2931 ,
3122 2867 3260 2936 μήτε
3292 2866 3428 2935 πρὸς
3454 2864 3691 2931 διάλεξιν
3730 2863 3838 2917 τῶν
3870 2864 3958 2915 αἱ-

2369 2958 2628 3023 τούντὶυν,
2645 2964 2781 3029 μήτε
2810 2959 2945 3028 πρὸς
2971 2957 3323 3012 διδασκαλίαν
3345 2956 3454 3009 τῶν
3482 2954 3791 3026 δεχομένων
3821 2953 3957 3007 καθ-

2373 3049 2791 3120 υστερήσαντες.
2842 3048 3064 3118 Ἐπειδὴ
3128 3047 3184 3100 δὲ
3219 3046 3307 3100 διά
3364 3044 3524 3099 τοῦτο
3560 3047 3743 3098 πᾶσαν
3776 3043 3958 3112 θλίψιν

2374 3140 2482 3194 καὶ
2502 3139 2867 3209 στενοχωρίαν
2887 3141 2981 3191 καὶ
3009 3139 3254 3191 κάκωσιν
3282 3136 3683 3205 ὑπεμείναμεν,
3705 3132 3958 3202 ἀτιμίας,

2377 3230 2654 3298 φυλακὰς,
2694 3229 3010 3300 δημεύσεις,
3054 3229 3161 3280 τῶν
3209 3226 3631 3297 ὑπηρετούντων
3683 3226 3815 3294 ἡμῖν
3856 3224 3961 3291 τὴν

2378 3322 2615 3393 βλάϐην
2651 3323 2713 3375 τὸ
2753 3322 3065 3375 τελευταῖον
3095 3317 3250 3392 ἧλον,
3292 3321 3435 3382 τινὲς
3497 3318 3783 3379 δοκοῦντες
3821 3311 3962 3368 εἶναι

2377 3414 2670 3467 ἐπίσκοποι
2699 3454 2714 3479 ,
2748 3414 2841 3466 καὶ
2876 3412 3096 3465 πλείονα
3145 3412 3256 3463 τῶν
3290 3409 3675 3481 προλαϐόντων
3708 3406 3806 3477 τὴν
3843 3408 3963 3459 ἀτι-

2384 3505 2512 3576 μίαν
2562 3506 2695 3574 ἡμῖν
2737 3505 3130 3574 προσήγαγον,
3176 3503 3571 3574 ἐπιφερόμενοι
3603 3499 3760 3569 ὄχλον
3795 3499 3967 3568 ἀγυρ-

2378 3598 2524 3665 τὼδη
2549 3598 2643 3650 καὶ
2677 3597 2970 3667 δημοτικὸν
3002 3597 3139 3667 μετά
3170 3596 3457 3667 μαχαιρῶθ
3484 3594 3579 3647 καὶ
3610 3592 3805 3657 ξύλων,
3839 3593 3961 3643 ἐπι-

2384 3692 2680 3761 στήσαντες
2713 3692 2844 3760 ήμϊν
2875 3687 3092 3751 αὐτούς.
3130 3688 3240 3742 Καὶ
3267 3687 3424 3740 αὐτοὶ
3459 3686 3556 3754 μὲν
3591 3685 3773 3737 πᾶσαν
3804 3680 3963 3749 ὓϐριν

2382 3782 2759 3852 ἀναισχύντως
2815 3782 2909 3835 καὶ
2946 3779 3181 3842 ἀναιδῶς
3218 3780 3640 3848 προσήνεγκαν,
3697 3776 3833 3847 μήτε
3873 3773 3968 3825 τὸν

2386 3874 2550 3942 φόϐον
2582 3872 2676 3925 τοῦ
2711 3872 2848 3925 Θεοῦ
2888 3872 2945 3924 ἐν
3007 3870 3083 3940 νῷ
3111 3870 3391 3931 λαϐόντες,
3430 3871 3565 3939 μήτε
3597 3866 3672 3929 ὠς
3703 3864 3968 3936 ἀρχιερέα

2385 3967 2564 4021 αὐτῶν
2595 3982 2726 4018 ποτε
2771 3964 3033 4032 γεγονότα
3084 3960 3510 4028 εὐλαϐηθέντες,
3558 3957 3654 4012 καὶ
3700 3956 3880 4009 ταῦτα
3910 3956 3969 4009 ἐν

2386 4059 2594 4129 ἐσχάτῃ
2637 4055 2890 4125 ἀσθενείᾳ
2946 4053 3219 4121 κείμενον,
3273 4053 3369 4104 καὶ
3416 4050 3518 4121 τὴν
3572 4048 3741 4117 πνοὴν
3806 4046 3970 4116 μόνον

2388 4146 2610 4218 ἔχοντα’
2654 4147 2701 4199 of
2730 4144 2787 4198 δὲ
2824 4145 2970 4214 δχλοι
3018 4143 3117 4211 ἐμέ
3143 4159 3201 4195 τε
3233 4141 3443 4194 καὶτὸν
3484 4139 3830 4211 προλαὸόντα
3867 4138 3971 4209 ἀρα

2389 4236 2581 4309 χιερέα
2632 4239 2745 4299 τοῖς
2781 4235 3120 4304 ἀναθέμασιν
3150 4232 3392 4297 ἔϐαλλον,
3419 4233 3557 4301 ὅπερ
3584 4233 3615 4301 ή
3626 4232 3717 4298 μίν
3743 4228 3971 4296 γέγονεν

2393 4329 2638 4400 εὐφημία
2669 4329 2763 4381 καὶ
2794 4326 3072 4396 ἐγκώμιον
3106 4325 3385 4394 μέγιστον.
3418 4321 3573 4376 Μετά
3599 4320 3767 4373 ταῦτα
3792 4321 3973 4373 πάντα

2393 4422 2463 4475 τὰ
2513 4420 2661 4475 κακά
2712 4418 3055 4488 ἠκούσαμεν,
3111 4418 3194 4469 ὅτι
3250 4418 3298 4468 οἱ
3353 4416 3452 4484 τῆς
3483 4412 3741 4481 ἀληθείας
3784 4411 3973 4481 ἐχθροὶ

709 4506 890 4559 omnia
930 4506 1070 4560 mala
1104 4518 1251 4562 certa
1283 4512 1513 4579 cognovi
1540 4511 1807 4565 relatione
1832 4510 2077 4564 veritatis
2107 4509 2291 4563 hostes
2321 4521 2367 4579 ι)

2321 4521 2367 4579 ι)
2395 4511 2585 4581 ἐνεδρα
2626 4510 2747 4563 καθ’
2785 4509 2943 4578 ήμῶν
2970 4507 3386 4570 συσκευάζονσι,
3433 4504 3744 4574 βουλόμενοι
3789 4501 3974 4555 ἐπιθέ-

712 4594 972 4649 adversus
1010 4611 1108 4651 nos
1134 4597 1362 4653 insidias
1408 4608 1623 4654 struere
1651 4616 1665 4652 :
1706 4599 1867 4669 idque
1895 4598 2002 4653 illis
2030 4598 2294 4653 constitue

714 4693 828 4735 tum
860 4697 1000 4748 esse,
1029 4694 1089 4739 ut
1113 4686 1196 4739 vel
1221 4686 1494 4757 deponant
1527 4687 1610 4742 vel
1636 4688 1752 4742 neci
1785 4688 1998 4742 tradant
2019 4688 2290 4741 violentae.

716 4771 793 4826 Ne
821 4787 950 4843 ergo
991 4774 1171 4829 scelus
1204 4784 1413 4831 tantum
1455 4777 1571 4843 fiat,
1597 4777 1760 4846 inque
1790 4778 2129 4846 majestatem
2172 4792 2294 4830 ves-

719 4873 856 4916 tram
887 4865 1093 4919 crimen
1125 4866 1348 4932 recidat,
1372 4882 1495 4921 cum
1532 4868 1703 4934 major
1737 4867 1882 4921 nulla
1923 4868 1977 4921 in
2018 4882 2116 4922 nos
2168 4882 2291 4935 per-

717 4954 923 5008 secutio
971 4955 1270 5025 echgitari
1320 4959 1517 5026 possit,
1548 4972 1770 5013 necesse
1827 4957 2050 5013 omnino
2097 4967 2182 5013 est
2236 4968 2292 5013 ut

720 5045 874 5099 inviti
894 5057 1056 5115 atque
1089 5047 1354 5114 nolentes,
1384 5048 1529 5103 velut
1553 5050 1620 5102 ab
1658 5047 1888 5103 infensis
1930 5048 2085 5103 nobis
2132 5049 2295 5104 hosti-

718 5137 824 5192 bus
878 5140 1313 5208 perseeutiouem
1364 5142 1534 5211 passi,
1572 5151 1757 5198 nostra
1804 5142 2099 5212 migremus
2145 5142 2294 5207 sede,

722 5229 919 5283 divinis
959 5231 1102 5285 circa
1133 5245 1237 5286 nos
1264 5246 1460 5302 resque
1510 5242 1728 5288 nostras
1748 5233 1968 5301 judiciis
2017 5242 2074 5289 et
2110 5234 2294 5303 dispo-

724 5320 909 5373 sitioni
954 5322 1383 5391 acquiescentes,
1429 5325 1655 5394 ejusque
1702 5324 2022 5395 benignitati
2079 5335 2299 5395 agentes

726 5412 946 5477 gratias.

802 5564 845 5593 ’ί
900 5564 1090 5619 Matth.
1120 5581 1233 5631 ut,
1256 5566 1342 5622 l8.

742 5713 765 5746 σ
801 5696 1078 5755 Christum
1108 5702 1423 5771 magistrum
1457 5702 1511 5756 in
1555 5702 1657 5756 boc
1683 5702 1925 5771 imitatus
1954 5719 1965 5755 :
2009 5719 2027 5750 ι
2065 5698 2168 5752 l’ro
2194 5715 2299 5771 quo

738 5770 918 5823 nescio
945 5769 1218 5839 quomodo
1238 5773 1496 5829 exciderit
1523 5811 1538 5841 ,
1575 5792 1591 5825 ι
1629 5771 1827 5840 pietate
1853 5769 2049 5827 Clnistl
2079 5770 2312 5839 discipu-

2398 4603 2522 4656 σθαι
2569 4603 2724 4669 ήμῖν,
2774 4600 2867 4652 καὶ
2910 4600 2942 4670 ἢ
2979 4596 3321 4668 ἀναίρεσινή
3352 4594 3630 4658 κατένεξιν
3667 4593 3848 4661 βιαίαν
3878 4594 3974 4645 καὶ

2396 4692 2691 4762 θανατικὴν
2725 4689 3055 4760 ποιήσασθαι
3085 4692 3165 4751 εἰς
3200 4690 3370 4757 ἡμᾶς.
3406 4686 3502 4740 Ἰν’
3532 4682 3628 4740 οὖν
3662 4686 3861 4740 ἄτοπον
3897 4685 3973 4755 μὴ

2394 4785 2640 4855 γένηται,
2669 4780 3067 4853 μηδὲάμαρτία
3090 4779 3381 4850 ἀναδράμῃ
3402 4778 3481 4841 εἰς
3508 4778 3569 4830 τὸ
3590 4778 3790 4847 κράτος
3818 4775 3975 4844 ὑμῶν

2394 4880 2413 4946 (
2433 4876 2620 4946 ἐπειδὴ
2649 4874 2870 4927 πλείονα
2892 4871 3134 4941 διωγμὸν
3156 4869 3511 4939 ἐπινοηθῆναι
3539 4870 3662 4922 καθ’
3695 4868 3852 4938 ἡμῶν
3872 4869 3977 4919 οὐκ

2399 4968 2603 5037 ἐστιν),
2628 4967 2853 5028 ἄκοντες
2901 4965 2995 5017 καὶ
3037 4963 3112 5033 μὴ
3160 4963 3497 5034 βουλόμενοι,
3523 4962 3615 5015 καὶ
3652 4960 3976 5028 διωκόμενοι

2400 5060 2506 5113 ὑπὸ
2550 5057 2660 5110 τῶν
2714 5055 3150 5125 ἐπηρεαζόντων.
3184 5052 3397 5121 ἀνάγκη
3456 5054 3607 5105 πᾶσα
3642 5050 3977 5121 μεταστῆναι

2400 5136 2550 5220 qua;
2589 5144 2683 5199 τοῦ
2718 5145 2909 5217 θρόνου
2948 5143 3132 5213 ἡμῶν*
3164 5143 3259 5196 καὶ
3287 5143 3360 5206 ὡς
3409 5142 3437 5193 ὁ
3471 5142 3603 5205 Θεὸς
3656 5142 3832 5210 κρινεῖ
3882 5139 3980 5191 καὶ

2401 5239 2750 5309 οἰκονομήσει
2800 5235 2869 5289 τά
2898 5234 3023 5287 καθ’
3066 5233 3233 5303 ἡμᾶς,
3284 5232 3586 5302 στέργομεν
3620 5232 3714 5282 καί
3747 5230 3978 5299 εὐχαρι-

2406 5333 2638 5402 στοῦμεν
2660 5332 2727 5399 τῇ
2756 5327 3058 5397 ἀγαθότητι
3084 5324 3271 5378 αὐτοῦ.

2411 5696 2520 5751 lum
2557 5694 2780 5748 imitari.
2823 5714 2839 5743 ι
2885 5694 3036 5760 Quod
3068 5701 3217 5747 esset
3244 5691 3307 5743 ad
3342 5699 3585 5743 sanctum
3617 5687 3973 5753 Stephanum,

2422 5768 2484 5821 dc
2521 5784 2625 5837 quo
2663 5765 2837 5820 nullus
2864 5766 2948 5819 hic
2977 5780 3155 5819 sermo
3177 5803 3190 5828 ,
3224 5761 3585 5817 referendum.
