4240 6438
208 381 311 446 133

1736 369 1937 428 VITA.

3386 366 3487 431 ιιι

204 498 280 566 μή
321 513 372 549 τι
422 490 618 556 κακίας
677 489 876 563 πτερὸν
932 486 1213 556 ἀπαγάγοι
1266 487 1363 556 τῆς
1410 485 1507 555 σῆς
1544 484 1800 555 περιθὰλ-

1914 500 2164 554 dottrinae
2201 499 2491 564 inhaerent,
2523 495 2618 550 Dei
2675 495 2917 566 tuisque
2952 494 3148 565 pennis
3187 495 3488 566 subjectos,

200 587 370 656 ψεως.

273 763 373 832 οβ’.
409 760 568 816 Οὕτω
598 758 668 813 τα
711 758 815 830 τῆς
861 757 1121 828 εὐκτικῆς
1158 755 1466 828 ίερολογίας
1498 754 1795 823 ἀνενέγκας

202 852 581 926 καρπώματα,
607 852 684 920 τῷ
717 852 924 924 φορείῳ
965 850 1158 904 ἑαυτὸν
1189 848 1539 912 ἀποδίδωσιν,
1571 847 1667 900 καὶ
1693 849 1793 919 τὴν

202 947 288 1014 ἐφ’
314 941 392 1009 οἷς
420 944 574 1012 ἄγειν
601 941 884 995 ἐϐούλοντο
911 941 1141 1012 πορείαν
1165 942 1214 994 οἱ
1235 939 1475 1009 βιασταὶ,
1506 937 1604 991 καὶ
1620 937 1792 1003 ἄκων,

204 1036 775 1092 ἐστέλλετο.Θάλασσα
803 1035 859 1088 δὲ
890 1036 958 1089 τὰ
985 1036 1130 1089 νῶτα
1153 1034 1354 1104 ἑαυτῆς
1392 1031 1791 1102 ὑφαπλώσασα,

204 1133 421 1201 ἀκατίῳ
467 1130 561 1184 τὸν
605 1131 812 1185 δίκαιον
856 1130 1186 1201 ὑπεδέχετο,
1232 1127 1494 1198 καὶπρὸς
1543 1126 1642 1198 τὴν
1697 1126 1788 1179 ὑπ’

205 1225 374 1279 αὐτοῦ
427 1225 758 1296 δομηθεῖσαν
825 1223 993 1296 μονὴν
1051 1221 1147 1275 τοῦ
1215 1219 1447 1289 Ἀγαθοῦ
1509 1220 1799 1290 παρεπέμ-

205 1337 361 1373 πετο.
406 1320 496 1375 Ὲν
591 1320 790 1391 μικρὸν
817 1336 938 1371 τινα
979 1315 1405 1388 προσδιατρίψαι
1437 1315 1629 1385 χρόνον
1661 1331 1796 1382 συγ-

204 1413 502 1483 χωρηθεὶς.
553 1411 710 1475 αὖθις
743 1411 849 1464 ὑπὸ
903 1409 1012 1462 τῶν
1054 1412 1154 1479 τῆς
1217 1408 1338 1478 βίας
1399 1405 1640 1476 εὑρετῶν
1699 1405 1796 1458 ἐπὶ

206 1506 309 1576 τὴν
355 1504 692 1574 πορρωτέρω
732 1501 991 1572 κειμένην
1019 1501 1115 1554 καὶ
1156 1499 1248 1553 ὑπ’
1293 1498 1459 1551 αὑτοῦ
1491 1497 1799 1568 ἱδρυθεῖσαν

213 1597 370 1667 ἱερὰν
410 1595 578 1666 μονὴν
605 1594 700 1647 τοῦ
741 1594 980 1663 μεγάλου
1017 1593 1295 1663 μάρτυρος
1345 1589 1625 1659 Θεοδώρου
1662 1589 1789 1660 μεθ-

211 1689 457 1742 ίσταται·
483 1689 542 1740 οὐ
574 1688 682 1757 γὰρ
713 1687 906 1756 ἕςερον
931 1686 1058 1756 ἄγχι
1092 1702 1167 1754 πη
1195 1685 1438 1756 καθορᾷν
1468 1685 1563 1755 τῆς
1591 1683 1800 1736 ἑαυτῶν

211 1781 500 1852 βδελυρίας
536 1779 933 1850 κατῳκημένον
977 1778 1071 1831 τὸν
1096 1777 1326 1830 δίκαιον.
1357 1776 1640 1828 Στέλλεται
1671 1773 1801 1842 γοῦν

209 1875 303 1928 ἐπὶ
333 1873 508 1944 τούτῳ
541 1871 775 1943 Βάρδας,
817 1872 846 1923 ὁ
878 1869 972 1922 τοῦ
1007 1869 1238 1932 Λέοντος
1285 1868 1502 1938 ἀνεψιὸς
1533 1867 1802 1920 οἰκειότα-

209 1985 302 2032 τος
323 1982 338 1997 ·
365 1967 423 2030 ὃς
452 1966 545 2019 ἐπὶ
573 1964 667 2018 τοῦ
695 1963 863 2017 τόπου
907 1962 1224 2033 γενόμενος,
1268 1961 1364 2014 καὶ
1398 1962 1497 2031 τῆς
1531 1961 1658 2028 νηὸς
1684 1960 1797 2010 ἐπι-

210 2062 338 2124 ϐὰς,
377 2060 474 2114 καὶ
523 2057 767 2129 καθέδρᾳ
809 2055 1138 2127 ἐφιδρυθεὶς,
1165 2054 1256 2107 τὸν
1305 2053 1478 2124 μέγαν
1538 2050 1802 2122 ἱερὰρχην

1909 588 2126 646 custodi
2173 605 2241 645 ne
2292 603 2399 660 qna
2445 587 2687 658 nequitia
2725 585 2952 652 involet,
2988 593 3194 658 eosque
3219 602 3250 643 a
3288 598 3380 645 tua
3411 593 3492 646 ro-

1904 682 2081 736 ventis
2111 695 2241 735 cura
2271 682 2525 734 abducat.

1977 771 2062 825 72.
2097 770 2250 826 llunc
2290 772 2343 824 in
2382 770 2598 824 modum
2628 783 2801 825 sacrm
2833 769 3166 838 precationis
3195 770 3488 827 holocaus-

1903 874 2110 920 tomate
2161 863 2365 928 oblato,
2402 876 2522 918 sese
2559 861 2766 918 lecticae
2805 861 3143 919 ell'ereudum
3185 866 3352 920 traJit
3377 865 3483 936 (e);

1897 972 2006 1026 quo
2059 955 2280 1010 violenti
2340 955 2578 1024 saevique
2633 955 2890 1010 ductores
2918 955 3192 1010 voluerint
3243 957 3486 1020 trahere.

1897 1047 2206 1114 eo,invitus
2245 1047 2517 1116 quamvis,
2554 1045 2926 1113 profecturus.
2951 1046 3106 1100 Mare
3144 1061 3276 1101 vero
3323 1047 3488 1102 dorsa

1898 1141 2172 1210 explicans
2197 1139 2249 1192 in
2284 1138 2446 1193 lintre
2479 1137 2691 1206 excepit
2719 1136 2948 1205 justum,
2971 1140 3038 1190 ad
3071 1139 3488 1202 niouasterium,

1897 1233 2038 1301 quod
2105 1233 2575 1302 ipseevstruxerat
2656 1227 2791 1283 Boni
2852 1227 3116 1291 nomine,
3156 1227 3484 1297 ablegatum.

1899 1324 2013 1378 lllic
2046 1324 2240 1377 breves
2276 1337 2458 1377 moras
2514 1321 2815 1390 permissus
2861 1334 3047 1390 agere,
3078 1318 3145 1372 ab
3197 1319 3341 1372 illius
3369 1318 3486 1372 vio-

1900 1416 2079 1470 leutire
2113 1417 2448 1479 auctoribus,
2480 1415 2531 1468 in
2561 1412 2948 1466 monasterium
2986 1412 3199 1478 longius
3231 1411 3486 1465 dissitum

1898 1517 1953 1560 ct
2003 1507 2172 1575 ipsius
2219 1522 2438 1576 quoque
2481 1515 2826 1559 exstructum
2881 1517 3070 1571 opera,
3105 1504 3286 1573 magni
3340 1517 3489 1556 mar—

1900 1599 2036 1671 tyris
2089 1598 2386 1663 Theodori,
2432 1597 2798 1665 transportari
2849 1594 3096 1664 jubetur.
3143 1593 3297 1649 llaud
3342 1595 3488 1649 enim

1902 1691 2185 1746 lerendum
2251 1691 2514 1760 putabant
2572 1699 2628 1743 ut
2673 1690 2852 1743 vicina
2903 1690 3145 1756 ipsorum
3195 1687 3490 1742 dementia:

1901 1784 2018 1839 loca
2053 1784 2235 1854 justus
2277 1783 2524 1836 habitare
2568 1781 3008 1849 conspiceretur.
3042 1780 3251 1834 Bardau
3299 1783 3484 1847 itaque

1902 1876 2100 1931 Leonis
2146 1874 2537 1928 consobrinum
2587 1879 2641 1926 et
2689 1871 3180 1925 familiarissimum
3231 1867 3298 1923 ad
3336 1867 3496 1922 Nice-

1904 1969 2138 2039 phorum
2177 1967 2478 2029 destinant,
2513 1964 2602 2032 qui
2655 1977 2954 2017 conscensa
3005 1977 3142 2016 nave
3191 1961 3258 2014 ad
3315 1959 3494 2013 locum

1903 2060 2189 2125 deductus,
2241 2073 2366 2112 cum
2417 2056 2651 2112 sedisset
2703 2055 2758 2109 in
2819 2054 3102 2114 cathedra,
3134 2062 3188 2106 et
3239 2066 3498 2120 magnum

211 2147 353 2218 πρὸς
392 2145 587 2199 ἑαυτὸν
635 2144 952 2209 ἐξεκαλεῖτο
975 2186 988 2210 ,
1051 2143 1145 2196 καὶ
1177 2139 1296 2196 εἶτα
1333 2142 1442 2195 τῶν
1491 2141 1803 2212 δορυφόρων

1914 2149 2199 2203 antistitem
2227 2162 2410 2202 coram
2456 2161 2519 2200 eo
2543 2146 2625 2199 sui
2659 2145 2940 2200 stetissent
2978 2143 3266 2205 satellites,
3300 2156 3366 2196 ne
3393 2141 3499 2195 mi-

212 2242 300 2292 ἐπ’
326 2239 513 2309 ὄψεσιν
540 2238 707 2291 αὐτοῦ
739 2236 960 2290 ἑστάναι
987 2235 1179 2288 τοῦτον
1210 2232 1621 2304 ἁμιλλωμένων,
1648 2232 1800 2284 οὐδὲν

209 2331 375 2394 αὐτὸς
401 2331 538 2401 πρὸς
567 2331 628 2383 τὸ
656 2329 921 2400 ἐράσμιον
945 2323 1047 2400 τῆς
1072 2329 1226 2399 ίερᾶς
1255 2326 1554 2396 παρουσίας
1585 2325 1801 2394 ἐκείνης

210 2420 504 2482 εὐλαϐείας
544 2418 768 2484 διέδειξε
812 2419 1142 2490 πρόσχημα,
1178 2418 1318 2482 οὐδὲ,
1350 2419 1397 2470 εί
1440 2419 1514 2488 μή
1540 2436 1609 2471 ·τι
1641 2417 1800 2481 ἄλλο,

210 2513 315 2583 τὴν
356 2511 737 2582 παροιμιακὴν
768 2510 1097 2582 ὲδυσωπὴθη
1128 2511 1476 2581 παραίνεσιν,
1507 2511 1626 2581 τὴν,
1668 2529 1686 2561 ‹
1711 2509 1804 2563 Ἐκ

213 2603 515 2675 προσώπου
533 2603 718 2656 πολιοῦ
736 2603 1102 2676 ἐξαναστήσῃ,
1119 2622 1137 2656 ι
1159 2604 1338 2672 σοφῶς
1355 2603 1676 2672 διαγγέλλου
1687 2621 1802 2657 σανο

213 2696 390 2767 ἀπρὶξ
414 2697 471 2748 δὲ
499 2698 680 2765 εἴχετο
709 2699 808 2765 τῆς
837 2695 1130 2766 καθέδρας.
1172 2697 1232 2748 '0
1254 2695 1310 2748 δὲ
1341 2696 1440 2759 τὰς
1471 2695 1566 2748 τοῦ
1592 2697 1804 2749 νεανίου

213 2786 424 2856 φρένας
464 2785 788 2857 ἐωρημένας
833 2784 976 2837 κατὰ
1027 2784 1126 2855 τὴν
1165 2785 1385 2854 ποίησιν
1424 2783 1649 2848 ὑπιδὼν,
1679 2785 1808 2839 ἄλλο

219 2877 321 2948 μὲν
367 2877 542 2941 ossa,
589 2875 748 2930 τοῦτο
794 2876 851 2928 δὲ
891 2876 1026 2946 πρὸς
1084 2875 1247 2928 αὐτὸν
1304 2873 1688 2944 ἐπεφώνησεν·
1738 2870 1809 2927 Ὦ

215 2967 355 3020 καλὲ
403 2967 608 3037 Βαρδα,
646 2965 818 3034 γνῶθι
850 2968 970 3028 ταῖς
1021 2964 1333 3037 ἀλλοτρίαις
1366 2967 1678 3035 συμφοραῖς
1712 2965 1810 3029 τὰς

220 3058 420 3112 ἐαυτοῦ
473 3059 654 3121 καλῶς
706 3057 1073 3112 διατίθεσθαι·
1133 3059 1228 3110 καὶ
1285 3057 1457 3110 ταῦτα
1509 3057 1679 3111 είπὼν
1742 3059 1809 3128 τῇ

219 3147 392 3221 βουλῇ
423 3148 530 3200 τῶν
560 3147 804 3215 ἀγόντων
836 3147 1028 3200 ἑαυτὸν
1053 3146 1380 3201 ἐπιδίδωσιν.
1421 3147 1485 3198 Ὢ
1513 3148 1610 3217 τῆς
1631 3147 1813 3218 διορα-

218 3244 384 3311 τικῆς
429 3238 523 3292 τοῦ
555 3239 826 3306 παναγίου
860 3238 1053 3309 ἀνδρὸς
1085 3237 1480 3308 καθαρότητος,
1519 3239 1584 3292 τὰ
1621 3239 1813 3310 πόρῤω

223 3331 535 3402 βλεπούσης
568 3331 879 3399 ἐγγίζοντα,
907 3331 1000 3383 καὶ
1027 3331 1370 3399 συναγούσης
1402 3333 1516 3393 τοῖς
1552 3331 1812 3383 ἐνεστῶσι

220 3426 292 3477 τΞι
321 3422 621 3494 μέλλονταί
654 3422 730 3473 Οὐ
761 3422 872 3490 γὰρ
899 3420 1168 3490 ἀγχίπους
1199 3422 1232 3490 ή
1277 3420 1401 3491 δίκη
1436 3421 1516 3490 τῷ
1551 3423 1656 3490 νέῳ
1688 3439 1812 3473 συν-

222 3515 435 3576 είπετο,
461 3513 670 3582 χρόνων
693 3511 751 3564 δὲ
779 3513 1084 3580 τετρακτὺς
1118 3509 1318 3582 μικροῦ
1375 3512 1812 3582 παριππεύσασα

225 3604 379 3674 αὕτῷ
420 3604 523 3672 τὴν
561 3602 848 3674 συμφορὰν
882 3602 1288 3674 ἀπεγέννησεν·
1321 3604 1414 3656 καὶ⁹
1457 3603 1511 3656 εῐ
1538 3621 1615 3674 τῳ
1661 3603 1813 3672 φίλον

227 3701 294 3753 τὰ
343 3697 472 3767 περὶ
516 3695 711 3748 τούτου
752 3695 952 3757 τελέως
993 3694 1414 3762 πιστώσασθαι,
1471 3695 1820 3761 ἐντευξὰσθω

1907 2242 2052 2295 nitna
2100 2240 2318 2308 quidem
2370 2237 2691 2293 reverentia:
2747 2237 2902 2304 signa
2948 2236 3014 2290 ad
3060 2234 3350 2289 amabilem
3391 2230 3498 2288 virl

1906 2331 2046 2384 sacri
2072 2331 2313 2385 ostendit
2337 2330 2665 2396 adventum;
2699 2330 2793 2384 sed
2824 2326 3186 2396 proverbialis
3225 2326 3366 2380 illius
3397 2325 3496 2380 ad-

1907 2419 2229 2475 monitionis
2283 2419 2482 2474 oblitus
2540 2419 2830 2480 rationem,
2862 2431 2969 2485 qua
3020 2415 3298 2484 sapienter
3344 2414 3502 2483 jube-

1907 2529 2031 2568 mur
2064 2513 2131 2567 ad
2175 2511 2296 2567 cani
2361 2512 2558 2580 capitis
2611 2518 2964 2580 conspectum
3001 2521 3317 2576 assurgere.
3355 2505 3504 2561 velut

1911 2603 2028 2657 sedi
2067 2616 2176 2655 sua:
2204 2601 2343 2654 lixus
2368 2601 2630 2654 lucrebat.
2655 2597 2703 2653 ls
2735 2615 2899 2669 porro
2933 2599 3104 2652 elatos
3124 2596 3343 2666 juvenis
3376 2595 3500 2649 ani-

1913 2709 2031 2748 mos
2063 2695 2302 2759 intuens,
2326 2692 2460 2746 nihil
2497 2693 2640 2745 aliud
2667 2693 2769 2746 nisi
2802 2706 2967 2744 unum
3003 2691 3102 2742 hoc
3136 2689 3208 2741 illi
3236 2689 3506 2742 acclama-

1912 2785 1988 2838 vit
2027 2801 2039 2836 :
2077 2784 2121 2838 Ο
2161 2784 2299 2838 bone
2341 2783 2546 2838 Barda!
2573 2799 2636 2838 ex
2662 2783 2853 2838 alienis
2901 2782 3331 2843 calamitatibus,
3380 2792 3504 2836 tuas

1913 2876 2029 2946 ipse
2058 2889 2156 2944 pro
2192 2890 2259 2929 eo
2286 2890 2349 2928 ac
2381 2877 2556 2940 decet,
2589 2874 2732 2929 ferre
2763 2873 3018 2937 noveris;
3052 2887 3228 2941 eoque
3257 2872 3404 2924 dicto
3435 2886 3498 2925 se

1914 2967 2282 3033 trahentibus,
2310 2982 2420 3035 quo
2450 2967 2669 3032 vellent,
2704 2967 2902 3020 ducere
2965 2966 3239 3034 permisit.
3290 2961 3335 3017 0
3376 2977 3502 3031 per-

1911 3062 2336 3130 spicacissimam
2351 3059 2716 3113 sanctissima:
2770 3057 2968 3111 mentis
2993 3055 3351 3111 munditiem?
3381 3069 3504 3124 quia:

1916 3149 2076 3217 longe
2104 3161 2283 3204 essent
2308 3166 2477 3218 prope
2501 3150 2905 3213 admoventem,
2943 3165 3007 3203 ac
3041 3149 3220 3202 futura
3263 3163 3502 3216 prmsen-

1918 3243 2062 3295 tibus
2109 3251 2549 3296 connecteuten’i.
2586 3240 2739 3296 llaud
2778 3244 2922 3296 enim
2981 3251 3222 3295 actutum
3251 3241 3502 3308 juvenem

1920 3333 2050 3386 ultio
2083 3334 2287 3403 attigit,
2321 3335 2414 3387 sed
2439 3333 2784 3402 quadriennii
2815 3332 2941 3403 (ι’-9)
2974 3333 3086 3388 fere
3118 3334 3294 3402 spatio
3310 3333 3500 3386 subse-

1920 3436 2047 3490 cuta
2081 3426 2447 3480 calamitatem
2499 3427 2735 3492 invexit;
2764 3442 2925 3495 quam
2959 3429 3003 3479 si
3053 3427 3178 3494 quis
3223 3423 3507 3492 explorate

1920 3533 2082 3572 nosse
2121 3521 2324 3588 cupiat,
2382 3521 2556 3574 virum
2603 3523 2794 3584 adeat;
2845 3520 3146 3588 vidensque
3197 3517 3510 3572 laborantes

1922 3613 2135 3676 oculos,
2167 3615 2400 3677 tristem,
2431 3629 2539 3684 quo
2563 3623 2825 3681 exceptus
2863 3621 2971 3677 est,
3003 3628 3191 3666 casum
3220 3612 3509 3681 palamque

1927 3702 2318 3773 deplorandum
2351 3706 2662 3775 perspiciet.
2691 3703 2890 3760 Verum
2939 3705 3054 3760 lucc
3085 3706 3238 3760 satis.

228 3790 325 3844 τοῦ
357 3789 572 3860 ἀνδρὸς,
611 3788 708 3842 καὶ
741 3787 802 3841 τὸ
830 3788 1066 3859 πονηρὸν
1094 3788 1204 3842 τῶν
1242 3789 1420 3860 ὄψεων
1491 3791 1850 3862 ἐποψόμενος,
1889 3799 1992 3870 τὴν
2021 3801 2109 3853 ἐπ’
2137 3799 2289 3872 αὐτῷ
2349 3801 2636 3872 συμϐᾶσαν
2669 3800 2978 3873 τραγῳδίαν
3008 3799 3107 3870 οὐχ
3142 3799 3344 3870 ἥκιστα
3378 3811 3514 3867 τρα.

234 3885 568 3954 νωθήσεται.
594 3882 702 3936 Καὶ
730 3882 858 3951 περὶ
894 3883 991 3954 μὲν
1020 3883 1228 3938 τούτων
1258 3883 1395 3947 ἃλις.

1671 4102 1903 4162 CAPUT
1947 4103 2059 4160 ΧΠ.

654 4286 763 4345 Sub
789 4285 1292 4358 pseudopatriarcha
1344 4281 1756 4338 conciliabulum
1784 4283 2026 4352 impium.
2061 4283 2371 4338 Persecutio
2403 4286 2601 4354 gravis.
2634 4284 2898 4357 [inagines
2924 4306 3112 4346 πασας.

315 4474 418 4536 ογ¹.
457 4467 612 4520 Λέων
653 4465 708 4518 δὲ
748 4463 880 4534 πρὸς
911 4462 1137 4534 ἔρευναν
1179 4460 1349 4513 λύκου
1385 4457 1588 4530 μᾶλλον
1631 4458 1663 4529 ἢ
1707 4475 1829 4511 ποι-

249 4563 410 4642 μένος
436 4558 633 4610 ἐαυτὸν
654 4555 978 4626 διανίστησι,
1013 4555 1107 4607 καὶ
1135 4550 1324 4605 τοῦτον
1351 4552 1410 4604 οὐ
1446 4549 1612 4603 πολλὰ
1641 4548 1834 4619 καμὼν

243 4649 633 4715 εἰσοικίζεται,
671 4647 843 4718 ἄνδρα
876 4647 1138 4716 βιωτικῆς
1205 4644 1482 4715 μερίμνης
1524 4642 1836 4706 ἀπόζοντα,

315 4876 390 4949 (ε)
423 4869 1147 4949 Appendix_The0phanis:_
1174 4887 1192 4919 ι
1238 4859 1338 4933 Qui
1386 4864 1830 4949 missihluerftnt,

242 4936 432 5002 lec‘tiia
470 4936 838 5012 patriarcham
886 4936 1235 5012 abducentes,
1285 4938 1488 5012 medio
1528 4936 1658 5012 Milii
1701 4939 1827 5012 [oro

246 5006 548 5077 steterunt,
577 5021 636 5064 ut
664 5027 788 5066 eum
814 5011 1042 5064 militum
1077 5010 1295 5078 quidam
1337 5007 1670 5078 occiderem.
1699 5006 1831 5078 Erat

2011 4457 2101 4514 73.
2132 4457 2241 4513 Leo
2271 4473 2434 4528 porro
2453 4459 2628 4530 potius
2649 4459 2716 4514 ad
2744 4461 3092 4529 quaerendum
3127 4462 3310 4531 lupum
3356 4477 3525 4531 quam

1944 4561 2218 4620 pastorem
2244 4550 2628 4607 inveniendum
2673 4553 2943 4608 adhibens
2971 4555 3210 4608 animum
3242 4557 3317 4626 (It)
3376 4556 3526 4609 rat-ili

1946 4657 2071 4695 eum
2105 4643 2322 4712 negotio
2352 4646 2557 4712 reperit
2590 4643 2801 4698 :virum
2832 4644 3042 4699 scilicet
3073 4646 3198 4699 vitae
3242 4647 3530 4701 smcularis

2013 4867 2093 4936 (Ιι)
2133 4865 2190 4922 ln
2247 4869 2542 4940 appendice
2577 4868 2928 4939 Theophanis
2962 4870 3073 4925 luce
3102 4870 3224 4925 dein
3262 4873 3329 4925 ab
3360 4874 3533 4938 impe-

1940 4947 2126 5009 ratore
2159 4950 2308 5006 gesta
2346 4940 2656 4994 referuntur
2691 4959 2704 4994 :
2748 4959 2769 4992 ι
2810 4941 2964 4995 Mane
2999 4941 3235 4994 comitiis
3291 4943 3486 4996 habitis
3511 4982 3528 5009 ,

1961 5007 2127 5078 lilius
2163 5009 2482 5078 perditionis
2517 5011 2582 5064 ad
2627 5011 2878 5078 populum
2932 5026 3240 5065 sermonem
3293 5007 3531 5068 habuit.‘

246 5101 414 5157 porro
473 5074 736 5157 profunda
781 5074 1246 5157 nox,_son_nioque
1285 5075 1830 5157 cunctis_depress_is
1877 5079 1921 5137 Β
1956 5074 2199 5157 γίιιοιίέ,
2227 5077 2476 5157 _fratres_,
2528 5089 2584 5132 ut
2627 5074 2957 5157 patriarcha
3011 5081 3236 5157 ecclesia
3273 5083 3532 5136 derelicta.

250 5146 432 5214 imitus
475 5146 730 5220 'seipsum
784 5151 1004 5220 movita
1039 5146 1172 5202 Post
1232 5148 1464 5220 mediam
1515 5146 1710 5220 horam
1774 5147 1829 5201 in

247 5228 422 5287 nullo,
450 5217 682 5290 quorum
719 5230 836 5275 erat
882 5219 1164 5290 molimen,
1191 5219 1555 5284 proﬁcientes,
1596 5217 1840 5290 tulerunt

245 5311 375 5349 eum
412 5287 539 5348 inde
567 5291 702 5345 etin
737 5306 916 5345 arcem
949 5289 1300 5342 abduxerunt
1343 5290 1613 5354 Iintreque
1661 5287 1841 5355 impo-

251 5368 417 5419 situm
457 5373 608 5415 trans
638 5364 834 5415 fretum
863 5361 927 5412 ad
953 5358 1333 5428 ChrySOpolim
1367 5357 1660 5428 proiecere.
1701 5374 1719 5406 ι
1778 5355 1840 5410 ln

255 5435 378 5488 Vita
411 5433 470 5487 S.
495 5430 698 5487 Nicctze
742 5448 755 5484 :
792 5448 810 5481 ι
849 5426 1092 5495 Cvlnque
1140 5433 1208 5482 ad
1259 5426 1569 5493 Acr0polittt
1614 5426 1844 5481 descen-

253 5508 446 5566 disset,
477 5503 749 5571 navigium
775 5499 1112 5562 conscendit,
1135 5506 1189 5551 et
1224 5499 1370 5553 venit
1407 5500 1458 5552 iu
1481 5512 1604 5552 eum
1639 5495 1843 5565 locum,

253 5578 306 5630 in
338 5589 500 5642 quem
523 5572 677 5626 exsul
705 5571 1046 5642 ducebatur._
1065 5586 1081 5617 ι

214 5680 218 5684 .
329 5635 449 5714 (f-g)
472 5642 682 5714 Bard}?!
725 5641 882 5707 hujus
914 5637 1258 5714 μυρίκην-(ειΔ
1289 5637 1563 5714 interitum
1589 5635 1846 5714 describit

258 5706 483 5769 ιιίειιῑιω
537 5713 590 5766 in
627 5711 742 5766 Vita
775 5706 945 5764 sancti
991 5707 1259 5762 Theodori
1305 5707 1532 5764 Studita:
1560 5708 1701 5776 apud
1737 5706 1840 5761 Ba-

260 5786 468 5839 roniutn
507 5785 572 5837 ad
597 5798 686 5836 an.
719 5781 842 5844 82",
879 5797 1001 5833 num
1029 5777 1142 5833 5.et
1171 5792 1322 5847 seqq.

1952 5147 2284 5220 discesserit,
2329 5151 2469 5217 quod
2519 5147 2744 5204 eum’eo
2789 5151 2854 5205 de
2897 5151 3217 5220 imaginibus
3269 5152 3536 5207 fuerimus

1950 5217 2224 5280 collocuti,
2265 5229 2318 5287 et
2350 5220 2765 5286 exposuerimus
2816 5217 3034 5287 propter
3087 5235 3179 5274 eas
3207 5237 3236 5273 a
3267 5221 3534 5276 Gentibus

1949 5303 2049 5360 nos
2081 5287 2261 5359 allligi.
2294 5285 2344 5341 ls
2367 5285 2498 5342 vero
2528 5290 2772 5359 responsi
2796 5285 3019 5360 congrui
3046 5292 3261 5356 penitus
3287 5292 3532 5360 ignarus.

1954 5359 2027 5410 ita
2063 5373 2304 5427 preceps
2347 5369 2399 5412 et
2431 5360 2584 5414 nobis
2631 5359 2919 5429 neglectis,
2961 5361 3115 5415 abiit.
3158 5359 3335 5414 Alium
3371 5361 3536 5428 igitur

1952 5429 2321 5495 patriarcbam
2366 5429 2574 5483 institui
2611 5445 2832 5485 necesse
2866 5441 2968 5484 est.
3007 5429 3084 5485 lla
3119 5432 3377 5484 mentitus
3410 5447 3535 5498 per-

1951 5500 2124 5569 suasit
2152 5499 2344 5569 popqu
2365 5499 2644 5553 abdicasse
2666 5515 2724 5554 se
2739 5500 3022 5568 dignitate.
3045 5498 3308 5556 Joannem
3331 5503 3539 5569 quippe

1953 5565 2232 5622 Pancratii
2266 5567 2474 5634 lilium,
2519 5570 2658 5638 quod
2714 5565 2823 5625 sibi
2870 5571 3207 5638 adhaesisset,
3249 5570 3315 5624 ad
3349 5565 3544 5625 isti—urs-

1955 5639 2095 5690 modi
2128 5638 2445 5707 dignitatem
2472 5654 2794 5708 prommere
2819 5641 3094 5704 studebat,
3123 5643 3217 5695 sed
3239 5656 3266 5693 a
3297 5641 3544 5708 patriciis

1953 5709 2280 5780 prohibitus
2308 5719 2388 5780 cst
2419 5748 2434 5772 ,
2475 5729 2492 5760 ι
2526 5711 2600 5780 uti
2657 5710 2856 5780 ibidem
2918 5710 3158 5778 pluribus
3213 5711 3413 5780 agitur.
3467 5709 3548 5762 De

1948 5777 2358 5848 Jo.mne,llylila
2391 5794 2481 5833 seu
2513 5777 3048 5836 Grammaticodicm
3074 5819 3095 5846 ,
3121 5777 3288 5847 supra
3334 5790 3540 5847 actum.
