4240 6438
239 330 349 407 13⁸1,

1752 329 1951 389 VITA.
2016 332 2022 341 '

3396 333 3496 396 I38

235 440 520 513 ἐῴκεσαν)
564 438 793 494 τοιαῦτα
829 438 967 510 πρὸς
1005 439 1206 501 αὐτοὺς
1250 435 1595 491 ἀπεδούπουν
1630 436 1821 505 νηπιό-
1852 443 1897 499 Α

1852 443 1897 499 Α
1923 434 2130 489 similes
2162 435 2484 505 enitebant),
2517 435 2890 508 hujuscemodi
2920 441 3216 512 puerililms
3243 452 3299 497 ct
3329 445 3495 499 futili-

235 535 408 587 λεκτά
444 533 538 585 καὶ
590 529 880 597 ὑπόσαθρα
920 532 1167 602 ῥήματαο
1208 529 1352 592 Ἕως
1388 528 1534 593 τινος
1565 526 1817 598 ἀπειθείᾳ

237 626 466 688 ἑαυτοὺς
512 623 885 693 ἐπερείδοντες
930 621 1070 692 πρὸς
1117 620 1179 673 τὸ
1217 619 1318 690 τῆς
1364 617 1625 687 ἀληθείας
1654 618 1821 673 καλὸν

236 713 525 782 διαϐλέψαι
562 712 904 774 ἀπείπασθε,
949 714 1042 764 καὶ
1083 711 1145 763 τὸ
1179 708 1271 762 τοῦ
1317 708 1480 779 ὀρθοῦ
1518 708 1678 776 λόγου
1724 724 1821 777 με·

236 805 510 876 ταμαθεῖν
543 805 845 874 σεϐάσμιον
903 801 1318 867 ἀπαναίνεοθε;
1364 799 1480 853 Νῦν
1511 795 1633 862 οὖν,
1682 800 1737 852 εί
1766 817 1818 851 τι

240 898 496 968 λείψανον
513 897 947 966 σκληροκαρδίας
978 896 1266 966 πρόσεστιν
1304 894 1454 962 ὑμῖν,
1479 891 1820 963 ἀπορρίψαν-

238 1007 368 1052 τες,
406 989 633 1059 πρόσιτε
670 991 803 1058 ἡμῖν
837 988 933 1040 καὶ
960 989 1028 1056 τῇ
1068 984 1193 1038 καθ’
1232 985 1381 1054 ἡμᾶς
1421 985 1543 1054 ἱερᾷ
1578 984 1817 1051 συνόδῳ·

240 1083 340 1134 καὶ
386 1082 487 1150 τῆς
529 1080 803 1151 καθέδρας
842 1080 935 1131 καὶ
974 1078 1133 1142 ἀξίας
1176 1077 1332 1146 ὑμῶν
1367 1076 1443 1145 μὴ
1485 1074 1713 1144 πρόδοτε
1753 1075 1819 1126 δι’

242 1172 510 1243 ἐλαφρίαν
545 1171 639 1225 καὶ
662 1172 777 1241 ἔριν
809 1172 869 1223 τὸ
897 1171 1127 1223 δίκαιον.

313 1272 407 1318 σε’.
451 1265 516 1316 Ol
556 1265 613 1317 δὲ
643 1264 998 1333 κατακρίτων
1025 1262 1191 1314 τόπον
1222 1261 1532 1330 ἐπέχοντες,
1578 1259 1672 1311 καὶ
1718 1259 1823 1310 ὐπό

240 1357 342 1424 τῆς
376 1355 599 1408 πάντων
633 1354 880 1424 γλώττης
912 1353 1253 1423 βλασφήμως
1284 1350 1625 1419 βαλλόμενοι,
1675 1349 1823 1418 ὅμως

242 1450 288 1501 δ’
318 1446 414 1504 οὖν
443 1451 626 1502 πᾶσαν
691 1446 1038 1517 ὑπεριδόντες
1068 1443 1256 1496 αἰκίαν
1306 1442 1400 1495 καὶ
1428 1443 1697 1500 κάκωσιν.
1720 1435 1822 1493 ὧδέ

246 1561 367 1605 πως
421 1542 557 1611 πρδς
584 1541 783 1601 αὐτοὺς
814 1536 1262 1606 ἀπεφθέγγοντοο
1309 1536 1384 1588 Τὸ
1435 1535 1531 1604 μὲν
1567 1536 1649 1596 εἰς
1682 1535 1823 1603 ὑμᾶς

244 1633 407 1703 ἡμῶν
438 1631 663 1693 ἀπειθὲς
709 1628 911 1697 πολλὴν
942 1628 1077 1697 πρὸς
1125 1625 1225 1694 τὴν
1257 1624 1519 1695 ἀλήθειαν
1548 1621 1824 1686 ἀποσώζει

245 1725 598 1778 εὐπείθειαν·
644 1723 708 1775 τὸ
742 1721 851 1790 γὰρ
901 1720 1032 1790 ὑμῖν
1078 1717 1387 1779 πείθεσθαι,
1420 1716 1519 1786 τῆς
1567 1715 1826 1784 ἀληθείας

1926 527 2027 581 bus
2052 526 2232 581 verbis
2260 541 2356 582 eos
2388 529 2783 597 aggrediuntur
2815 549 2830 586 :
2868 530 3117 599 Quandiu
3167 548 3265 589 vos
3316 536 3503 589 inobe-

1925 617 2126 672 dientia
2157 619 2416 685 nitentes,
2448 622 2695 677 veritatis
2753 624 2953 678 bonum
2999 626 3225 681 reuuitis
3249 642 3499 683 cernere.

1900 710 2171 778 ,rectique
2246 711 2519 767 sermonis
2580 713 2917 770 honestatem
2994 719 3258 773 recusatis
3306 723 3505 774 nosse?

1929 797 2082 853 Nunc
2104 813 2259 868 ergo,
2289 801 2502 869 abjecta
2525 803 2727 858 duritia
2753 808 2959 871 cordis,
2995 811 3064 861 ad
3100 825 3197 864 nos
3225 822 3504 865 sanctam-

1926 902 2030 956 que
2059 901 2304 945 nosuam
2328 895 2596 961 synodum
2611 902 2857 966 propensi
2892 901 3155 965 accedite,
3188 919 3285 956 nec
3307 914 3504 957 vestra:

1928 980 2073 1036 sedis
2091 996 2155 1036 ac
2181 982 2469 1052 dignitatis
2489 985 2582 1052 jus
2606 988 2773 1042 animi
2806 987 3023 1045 levitate
3044 1000 3100 1045 et
3125 996 3504 1048 contentionis

1928 1072 2113 1126 studio
2142 1075 2375 1143 prodite.

2005 1248 2091 1304 75.
2117 1250 2215 1304 Ast
2260 1250 2354 1315 illi,
2386 1248 2700 1322 quanquam
2726 1270 2943 1310 reorum
3004 1259 3122 1312 loco
3170 1262 3508 1317 habebantur

1929 1343 2279 1412 omnimnque
2335 1347 2389 1398 in
2440 1361 2499 1400 se
2526 1348 2917 1403 oblatrantium
2962 1353 3365 1420 impetehantur
3401 1375 3511 1410 ma-

1932 1435 2160 1499 ledictis,
2186 1438 2333 1491 omni
2388 1448 2567 1494 tamen
2610 1442 2898 1496 vexatione
2954 1444 3261 1515 injuriaqne
3300 1464 3507 1519 Spreta,

1932 1527 2003 1580 ita
2037 1532 2424 1597 propemodum
2478 1534 2917 1599 responderunt:
2976 1537 3031 1591 ln
3062 1553 3129 1592 eo
3156 1542 3300 1607 quod
3357 1546 3511 1596 vobis

1933 1621 2308 1676 inobedientes
2345 1622 2539 1689 simus,
2584 1641 2911 1695 propensum
2959 1630 3201 1683 animum
3264 1645 3509 1687 nostrum

1933 1712 2236 1767 luculenter
2290 1725 2661 1770 monstramus
2705 1718 2772 1771 ad
2829 1720 3193 1776 obedientium
3255 1728 3507 1792 veritati;

244 1818 396 1886 ἡμᾶς
428 1816 617 1886 πόῤῥω
640 1812 950 1881 καθίστησι,
985 1811 1078 1863 καὶ
1111 1809 1385 1878 ἀλλοτριοϊ
1407 1808 1504 1875 τῆς
1534 1808 1670 1877 πρὸς
1694 1806 1827 1858 Θεὸν
1860 1804 1902 1860 Β

1860 1804 1902 1860 Β
1928 1803 2079 1859 vobis
2103 1806 2252 1861 enim
2301 1808 2523 1877 obsequi
2551 1808 2691 1861 idem
2716 1820 2800 1864 est
2840 1815 2984 1880 quod
3026 1814 3184 1884 longe
3211 1831 3239 1869 a
3272 1806 3505 1873 veritate

245 1907 599 1969 οίκειὼσεως.
641 1906 714 1959 Τὸ
753 1905 811 1958 δέ
846 1921 910 1968 γε
956 1904 1051 1956 καὶ
1085 1905 1152 1972 τῇ
1187 1903 1309 1953 καθ’
1341 1901 1485 1969 ὑμᾶς
1521 1899 1725 1967 συνόδῳ
1752 1898 1828 1949 τί·

246 1998 460 2059 θεσθαι,
488 1996 774 2064 άσυνθέτῳ
805 1992 1042 2064 μενούσῃ
1078 1992 1207 2062 περὶ
1227 1992 1326 2060 τὴν
1355 1990 1464 2043 τῶν
1497 1990 1670 2058 ἀγίων
1703 2006 1828 2042 συν-

244 2090 384 2142 όδων
408 2086 735 2159 ἀκρίϐειαν,
777 2087 875 2138 καὶ
905 2087 1004 2155 τὴν
1038 2084 1201 2151 ἁγίαν
1233 2084 1419 2135 εἰκόνα
1461 2081 1701 2152 Χριστοῦ
1732 2082 1827 2133 καὶ

243 2182 356 2234 τῶν
410 2180 581 2248 ἁγίων
629 2178 796 2232 αὑτοῦ
827 2176 1259 2247 καθυϐριζούσῃ.
1303 2176 1398 2229 καὶ
1422 2174 1503 2244 τῷ
1525 2174 1829 2244 ἀναθέματι

244 2279 361 2341 τοῖς
402 2275 588 2339 ποσῶς
645 2272 1079 2345 προσανέχουσιν
1138 2272 1277 2341 αὐτῇ
1335 2270 1826 2341 παραπεμπούσῃ,

245 2373 550 2441 ἀπείρηται
582 2372 717 2440 ἡμῖν
743 2369 837 2421 καὶ
871 2368 987 2430 τοῖς
1015 2367 1129 2420 ὅσοι
1162 2366 1231 2418 τὰ
1272 2364 1397 2419 καθ’
1425 2365 1573 2434 ἡμᾶς
1608 2364 1831 2434 φρονοῦ-

247 2480 336 2517 σιν
380 2464 415 2532 ἢ
454 2462 887 2532 πεφρονήκασιν.
935 2458 1127 2527 Ἡμεῖς
1177 2457 1286 2526 γάρ
1325 2457 1436 2517 τοῖς
1473 2453 1830 2522 ἀμεταθέτοις

248 2558 345 2608 καὶ
380 2553 600 2616 ἀσύλοις
633 2554 779 2623 ὅροις
820 2549 927 2602 τῶν
976 2548 1285 2601 καθολικῶν
1345 2546 1580 2598 συνόδων
1634 2547 1833 2598 ὲπακοο

249 2645 573 2707 λουθοῦντες
594 2684 608 2706 ,
644 2644 739 2696 καὶ
764 2643 887 2703 ταῖς
919 2642 1093 2710 ἱεραῖς
1121 2640 1231 2691 τῶν
1265 2639 1544 2706 θεοφόρων
1574 2637 1833 2705 Πατέρων

251 2738 557 2810 προτάσεσι
598 2753 659 2788 τε
690 2737 785 2788 καὶ
817 2733 1250 2803 συμπεράσμασι
1296 2729 1698 2799 βεϐαιούμενοι,
1730 2730 1831 2794 τὰς

254 2832 460 2893 σεπτάς
489 2830 708 2890 εἰκόνας
740 2824 1121 2895 ἀποδεχόμεθα
1168 2824 1261 2876 καὶ
1312 2821 1702 2891 ἀσπαζόμεθα,
1738 2822 1832 2875 καὶ

251 2923 379 2984 τοὺς
428 2922 503 2990 μὴ
545 2918 719 2981 οὕτως
752 2916 976 2985 ἔχοντας
1009 2916 1119 2976 τοῖς
1167 2911 1472 2981 ἀναθέμασι
1524 2912 1789 2981 βάλλομεν
1813 2928 1825 2941 ⁸

253 3016 379 3076 τοὺς
409 3014 467 3067 δὲ
496 3013 593 3080 τῆς
622 3010 896 3078 ὑμετέρας
930 3007 1244 3075 συμμορίας
1275 3005 1432 3074 ὄρους
1464 3022 1523 3056 τε
1558 3006 1652 3057 καὶ
1692 3020 1829 3074 προ-

254 3107 479 3165 τάσεις,
530 3101 627 3153 καὶ
679 3099 1065 3167 γεωμετρικῆς
1125 3096 1371 3164 ἀνάγκης
1433 3094 1831 3164 ἐμϐριθέστερα

1930 1897 2147 1961 abduci,
2188 1908 2351 1966 atque
2374 1900 2443 1953 ab
2493 1902 2639 1953 omni
2666 1917 2788 1955 cum
2816 1904 2924 1958 Deo
2950 1906 3336 1974 conjunctione
3381 1910 3513 1965 alie-

1931 2005 2028 2043 nos
2053 1988 2213 2043 ellici.
2276 1990 2478 2046 Vestrae
2529 2003 2717 2048 autem
2788 1999 3003 2066 synodo
3055 2016 3335 2057 assensum
3372 2021 3511 2074 pra:-

1929 2082 2096 2149 bere,
2142 2084 2379 2153 quamlin
2415 2085 2505 2139 illa
2551 2101 2580 2139 a
2630 2100 2911 2143 sacrarum
2943 2094 3275 2162 synoalorum
3334 2095 3506 2151 forma

1929 2181 1984 2226 et
2045 2175 2378 2241 perfectione
2450 2180 2704 2234 destituta
2768 2196 3097 2252 permanet,
3158 2195 3213 2242 et
3295 2203 3511 2245 sacram

1929 2266 2139 2322 Christi
2161 2283 2226 2322 ac
2257 2280 2574 2324 sanctorum
2602 2272 2723 2340 ejus
2776 2275 3068 2342 imaginem
3095 2279 3297 2345 probro
3323 2282 3507 2347 allicit,

1930 2370 2231 2427 onmesque
2264 2359 2443 2413 eidem
2469 2375 2798 2431 quacunque
2839 2366 3051 2420 ratione
3076 2369 3343 2424 luerentes
3375 2387 3511 2426 ana—

1934 2447 2158 2501 themati
2212 2448 2438 2515 addicit,
2479 2451 2828 2507 interdictum
2860 2464 2945 2509 est
2980 2456 3142 2511 nobis
3180 2470 3236 2512 et
3290 2467 3508 2517 cunctis

1930 2542 2178 2596 eamdem
2235 2542 2518 2598 nobiscum
2595 2546 2755 2601 Iidem
2838 2550 3170 2606 tenentibus.
3227 2553 3506 2625 Quotquot

1931 2632 2077 2687 enim
2105 2636 2500 2690 catbolicarmn
2526 2639 2857 2707 synodorum
2891 2646 3107 2710 regulas
3149 2659 3215 2700 ac
3258 2647 3507 2713 decreta,

1932 2743 2055 2798 quae
2106 2731 2302 2783 mutari
2346 2746 2455 2785 non
2510 2744 2737 2801 possunt
2785 2750 2883 2789 nec
2937 2736 3147 2802 violari,
3207 2743 3510 2809 sequimur,

1933 2821 2216 2890 sacrisque
2282 2823 2589 2879 divinorum
2640 2825 2862 2882 Patrum
2919 2833 3387 2902 propositionibus
3443 2853 3509 2892 ac

1932 2907 2375 2963 conclusionibus
2405 2911 2634 2967 firmiter
2658 2918 2909 2982 nitimur,
2938 2921 3281 2978 venerabiles
3313 2926 3507 2995 imagio

1936 3014 2032 3054 nes
2064 3002 2357 3070 recipimus
2387 3016 2443 3058 et
2467 3006 2874 3075 amplexamur;
2906 3022 2960 3065 et
2989 3014 3318 3071 devovemus
3350 3020 3512 3073 aliter

1936 3094 2232 3148 sentientes
2264 3112 2277 3147 :
2313 3111 2524 3151 vesana:
2558 3110 2739 3155 autem
2788 3104 3041 3158 coitionis
3089 3118 3282 3162 vestra!
3327 3115 3517 3167 termi-

256 3194 735 3264 στιμπεράσματα,
790 3193 886 3242 καὶ
924 3190 1023 3256 τὴν
1068 3188 1326 3259 ὑπεράνω
1377 3186 1485 3238 τῶν
1545 3186 1833 3255 κροτάφων
1861 3169 1901 3221 (λ

1861 3168 1901 3221 (3
1942 3198 2039 3237 nos
2116 3186 2644 3257 propositionesque,
2690 3204 2747 3246 et
2793 3208 2931 3261 quas
2982 3197 3129 3251 velut
3182 3205 3511 3267 geometrica

254 3286 562 3356 τεταμένην
598 3283 752 3354 ὑμῶν
810 3280 1193 3342 διδασκαλίαν,
1248 3279 1324 3339 ὡς
1369 3276 1831 3347 ἐκκλησιαστικῆς

257 3380 597 3441 ἀκολουθίας⁴
628 3377 885 3445 ἀλλότρια
920 3372 1308 3446 παρῃτήμεθα.
1344 3373 1498 3441 Ἔχει
1535 3371 1641 3439 γὰρ
1676 3370 1835 3439 ὅρους

264 3473 361 3539 μὲν
392 3471 493 3531 τάς
524 3468 732 3538 ὕϐρεις,
763 3467 1054 3536 προτάσεις
1075 3464 1131 3516 δὲ
1163 3466 1262 3533 τὴν
1290 3462 1451 3515 ποιὰν
1479 3462 1682 3515 τούτων
1709 3462 1835 3514 σύν-

260 3564 450 3623 θεσιν,
486 3560 932 3629 συμπεράσματα
967 3557 1025 3608 δὲ
1061 3556 1159 3609 τὰς
1192 3554 1444 3615 ἀπειλάςθ
1484 3554 1627 3623 ἅπερ
1656 3557 1704 3606 εἰ
1743 3554 1837 3624 λη-

262 3656 427 3724 eam;
456 3656 535 3715 εἰς
564 3653 753 3722 ἐτέρου
784 3648 1149 3718 συλλογισμοῦ
1175 3648 1462 3717 λήμματα,
1493 3645 1697 3699 οὐκέτι
1727 3645 1838 3711 ἓξει

260 3749 360 3816 τὴν
405 3746 675 3814 ἐπιφορὰν
698 3742 953 3805 ἀπειλάς,
996 3741 1111 3792 ἀλλ’
1142 3740 1435 3801 ἐπιϐουλάς
1455 3780 1469 3803 ,
1502 3741 1597 3790 καὶ
1623 3738 1690 3790 τὰ
1717 3738 1841 3791 ταύ-

262 3857 384 3902 ταις
432 3838 697 3907 ἑπόμενα.
750 3835 863 3905 Πρὸ
888 3834 998 3904 γὰρ
1056 3833 1353 3903 συντριὸἦς
1388 3834 1601 3901 ἡγεῖται
1645 3829 1836 3901 ὕϐρις’

264 3936 330 4001 ἣν
365 3932 497 4000 ἡμῖν
546 3927 686 3998 μετὰ
728 3925 1021 3995 συντριῦἧς
1073 3923 1387 3985 ἐπιθέντες,
1424 3924 1520 3974 καὶ
1552 3921 1622 3974 τὰ
1657 3922 1838 3973 λειπό-

270 4038 429 4093 μενα,
454 4018 590 4073 Θεοῦ
622 4015 1113 4085 συνεπαμύνοντος,
1139 4016 1322 4084 ζητεῖν
1347 4011 1732 4084 προῃρήμεθα.

335 4321 447 4378 σις’.
486 4305 674 4371 Οἶτως
710 4298 877 4369 οῦτοι,
903 4304 965 4355 τὸ
1005 4302 1099 4356 τοῦ
1144 4301 1321 4369 ὄφεως
1362 4297 1842 4369 ὲνστερνισάμενοι

268 4410 575 4480 φρόνιμον,
622 4404 680 4454 ὲν
729 4402 878 4470 μέσῳ
925 4396 1036 4449 τῶν
1067 4395 1320 4463 ἀφρόνων
1373 4390 1587 4462 τρανῶς
1624 4390 1844 4457 ἀποφή-

270 4514 463 4555 σαντες
513 4493 749 4559 ἔστησαν
774 4504 786 4517 ·
826 4489 876 4540 οἱ
904 4487 993 4549 δὲ,
1031 4486 1106 4546 ὡς
1146 4484 1240 4536 ἐπὶ
1272 4483 1531 4550 Στεφάνῳ
1558 4480 1637 4549 τῷ
1666 4497 1847 4549 πρωτ-

1938 3275 2213 3330 evidentia
2266 3278 2534 3334 clariores
2595 3283 2819 3350 jactatis
2874 3288 3284 3355 conclusiones.
3316 3309 3516 3364 magno

1939 3370 2232 3438 supercilio
2268 3372 2559 3430 eﬂerentcs
2593 3380 2896 3432 doctrinam
2930 3396 2958 3434 a
3000 3385 3293 3441 traditione
3336 3392 3515 3446 eccle-

1940 3463 2158 3517 siastica
2220 3466 2476 3533 alienam,
2505 3470 2871 3526 confutamus.
2903 3473 3078 3529 llabet
3134 3493 3371 3549 namque
3420 3486 3510 3537 illa

1942 3558 2296 3611 terminorum
2353 3559 2491 3624 loco,
2547 3562 2810 3630 injurias;
2847 3569 3296 3637 propositionum,
3322 3589 3517 3642 quam-

1941 3648 2063 3700 dam
2106 3653 2418 3707 earumdem
2487 3658 3001 3726 constructionem;
3072 3665 3515 3736 cenclusionum,

1945 3738 2137 3792 minas.
2180 3739 2311 3805 Qua:
2365 3744 2410 3794 si
2465 3744 2515 3797 iu
2573 3748 2694 3799 novi
2736 3748 3040 3817 syllogismi
3109 3757 3518 3824 assumptiones

1946 3842 2249 3897 vertantur,
2269 3835 2379 3901 jatn
2426 3851 2530 3891 non
2592 3840 2768 3894 minas
2814 3842 3071 3906 inferent,
3108 3846 3202 3899 sed
3264 3848 3509 3914 insidias,

1946 3932 2108 3990 atque
2160 3928 2308 3979 bisce
2369 3937 2757 3983 consectanea.
2794 3932 3118 3988 Contritioni
3167 3938 3312 3991 enim
3361 3941 3517 4008 prteit

1952 4017 2175 4085 injuria,
2204 4032 2366 4085 quant
2394 4021 2487 4073 ubi
2518 4036 2640 4074 cum
2668 4025 2997 4080 contritione
3024 4028 3334 4093 intuleritis.
3353 4038 3516 4087 etiam

1946 4125 2066 4176 qua:
2099 4121 2221 4162 sunt
2257 4111 2460 4180 reliqua
2515 4112 2623 4168 Deo
2661 4115 2963 4182 opitulante
3024 4136 3269 4186 quaarere
3316 4128 3518 4178 consti-

1949 4202 2170 4255 luimus.

2019 4291 2109 4346 76.
2142 4293 2232 4347 Sic
2255 4296 2338 4347 isti
2367 4299 2676 4363 serpentium
2719 4302 3009 4369 prudentia
3041 4301 3317 4367 instructi,
3354 4307 3404 4360 in
3435 4310 3521 4360 in-

1950 4386 2257 4453 sipientiutu
2282 4388 2451 4441 choro
2484 4392 2660 4443 medio
2686 4391 2888 4446 diserte
2915 4398 3329 4459 pronuntiantes
3409 4409 3522 4453 ste-

1954 4486 2133 4528 terunt
2156 4494 2171 4541 ;
2194 4477 2267 4528 illi
2287 4492 2413 4531 vero
2437 4480 2577 4534 baud
2605 4496 2766 4535 secus
2789 4498 2852 4537 ac
2880 4484 3295 4551 malignantium
3327 4500 3519 4541 eontra

269 4537 855 4658 zag‘tbncuvsﬁptov,
888 4537 1177 4647 συσχόντες
1197 4574 1267 4626 τὰ
1294 4568 1432 4637 ὣτα,
1455 4573 1585 4642 πρὶν
1615 4574 1695 4632 είς
1719 4572 1845 4633 τοὺς
1878 4537 1923 4593 ι)

1878 4537 1923 4593 ί)
1956 4566 2292 4635 Stephanum
2388 4582 2842 4645 protomartyrem
2898 4588 3145 4630 coactum
3202 4580 3520 4645 concilium,

272 4686 459 4750 ἁγίους
529 4677 837 4750 ῥιπτεῖσθαι
886 4674 981 4724 καὶ
1032 4668 1434 4739 συμπατεῖσθαι
1479 4665 1585 4717 ὑπὸ
1613 4665 1723 4715 τῶν
1752 4681 1847 4715 τυ-

270 4781 475 4847 χόντων
513 4772 657 4826 κατά
698 4769 807 4823 τῶν
839 4766 1085 4835 αὐχένων
1126 4760 1517 4830 προσέταττον.
1549 4756 1846 4822 Παίξαντες

267 4837 323 4920 δὲ
360 4867 458 4918 καὶ
500 4863 658 4916 τοῦτο
686 4861 748 4913 τὸ
776 4860 991 4929 δρᾶμα,
1040 4855 1115 4916 ὡς
1150 4854 1243 4904 ἐπὶ
1274 4849 1481 4920 σκηνῆς
1509 4849 1558 4901 οἱ
1596 4848 1847 4917 σκηνικοὶ

271 4960 366 5009 καὶ
410 4954 803 5024 ἐμϐρόντητοι,
850 4944 1215 5011 ἐξαναστῆναι
1249 4939 1477 5002 τούτους
1509 4938 1603 4991 καὶ
1641 4937 1849 4990 ’παλίν-

343 5159 404 5223 (l)
433 5156 493 5208 In
523 5154 643 5206 Vita
685 5152 743 5203 S.
770 5148 975 5223 Niceno
1008 5164 1019 5197 :
1058 5166 1075 5195 ι
1110 5142 1391 5223 Iudaicum
1424 5137 1844 5223 quoddatn‘cnu:

270 5209 454 5280 ciliiim
500 5226 662 5276 iidem
708 5224 759 5274 iu
809 5219 997 5287 Magna
1038 5214 1266 5287 ecclesia
1301 5216 1711 5287 coegeruutnet
1745 5209 1845 5259 sub

274 5304 623 5351 anathemate
671 5286 909 5346 sanctus
936 5289 1128 5360 Patres
1172 5286 1512 5360 ejecerunt...
1547 5286 1845 5360 epist-opus

274 5384 425 5429 vero,
463 5366 553 5434 qui
591 5362 658 5415 ab
696 5365 809 5423 ipso
840 5358 1251 5434 dissentiebant,
1300 5358 1511 5434 partim?
1548 5358 1598 5434 In
1627 5358 1840 5434 terram

275 5425 513 5504 dep-ctus
545 5434 768 5501 pedibus
790 5428 1201 5487 conculcarunt,
1234 5425 1552 5504 partinrper
1577 5425 1841 5504 posuerint

273 5489 573 5574 eiii-ieiunis
616 5522 646 5553 ις
690 5515 969 5574 cmrcessd
1022 5489 1303 5574 curarunt.
1366 5510 1402 5574 ι·
1432 5492 1486 5542 In
1544 5489 1843 5574 appendice

275 5556 626 5645 flre-opbanis
661 5591 673 5624 :
712 5592 729 5623 t
766 5568 1112 5645 Ortltodoxos
1151 5562 1746 5645 patriarchasnostros
1788 5556 1839 5645 bi

278 5636 644 5702 amtlietnatis
682 5641 922 5696 haeredes
969 5637 1314 5711 anathemate
1357 5637 1759 5711 percusserunt,
1788 5636 1843 5677 et

282 5734 430 5771 more
465 5715 747 5784 tyrannico
802 5707 1181 5784 ntetrupulttas
1231 5710 1287 5755 et
1322 5703 1604 5784 episcopus
1631 5703 1841 5784 lorttip:

280 5769 447 5842 diuisos
484 5769 580 5854 per
628 5786 736 5836 vim
785 5769 1006 5838 tractos,
1036 5787 1092 5829 et
1128 5778 1181 5827 in
1218 5774 1450 5829 medium
1501 5769 1841 5839 praedatoriae

685 5877 954 5936 Ρλτιιοι.
989 5870 1117 5929 Gtt;
1140 5868 1207 5931 C.

1953 4661 2345 4714 continuerunt
2401 4678 2562 4719 aures
2615 4680 2764 4729 suas,
2798 4676 3168 4736 etantrquam
3195 4668 3247 4722 in
3302 4682 3520 4725 sanctos

1955 4753 2247 4812 irruerent.
2278 4754 2347 4806 ab
2380 4754 2491 4821 ipsa
2524 4756 2667 4825 vulgi
2694 4755 2824 4810 faece
2849 4774 3037 4811 eorum
3053 4742 3297 4816 cervices
3322 4763 3523 4817 calcari

1950 4844 2146 4911 jubent
2173 4844 2255 4914 (Ι).
2288 4844 2436 4901 Ilanc
2464 4847 2671 4915 itaque,
2700 4850 2845 4904 velut
2874 4852 2925 4903 in
2974 4868 3161 4917 scena,
3195 4856 3399 4910 scenici
3440 4864 3529 4909 at—

1956 4950 2064 5005 que
2093 4935 2317 4991 fanatici
2348 4939 2599 4992 homines
2653 4956 2773 4994 cuin
2818 4943 3084 4997 lusissent
3141 4942 3400 5012 fabulam,
3432 4948 3531 5001 hu-

1952 5136 2127 5209 istius
2171 5138 2359 5209 synodi
2422 5138 2694 5207 projectos
2769 5142 3222 5196 conculraveruut
3305 5146 3529 5209 pedibus

1956 5207 2135 5285 (quasi
2179 5207 2404 5285 pictatis_
2434 5210 2828 5285 opttsauitiistri
2865 5213 3156 5285 impietatis
3195 5207 3441 5285 agerent)
3475 5229 3529 5270 et

1956 5279 2175 5350 proprio
2219 5279 2481 5344 sanguine
2520 5278 2769 5344 infectos,
2816 5282 3180 5350 militibusque
3214 5278 3442 5337 traditos
3473 5304 3524 5338 ιιι

1956 5348 2232 5400 custodias
2276 5358 2329 5399 et
2374 5364 2622 5401 carceres
2662 5353 3011 5404 detruserunt
3044 5372 3058 5407 :
3090 5348 3269 5422 ibique
3332 5357 3525 5409 dielins

1949 5418 2152 5482 aliquot
2206 5419 2481 5480 detentus,
2542 5435 2753 5471 rursum
2793 5423 3017 5473 eductos
3059 5435 3113 5475 et
3155 5418 3522 5487 examinatus,

1951 5502 2155 5539 murem
2181 5489 2479 5562 dictissuis
2511 5492 2741 5562 gessisse
2763 5507 2870 5544 non
2907 5494 3257 5557 reperientes,
3289 5496 3522 5562 impera-

1951 5566 2065 5608 tore
2113 5558 2379 5610 meudacii
2424 5572 2645 5611 auctore
2693 5561 2759 5612 de
2792 5562 2857 5613 iis
2893 5562 3132 5626 monito,
3184 5566 3233 5615 in
3273 5558 3522 5617 exsilium

1950 5626 2216 5681 miserunt
2249 5644 2263 5681 :
2304 5644 2439 5703 quos
2480 5630 2705 5703 insuper
2743 5632 3036 5703 ingessilio
3088 5636 3293 5703 positos
3342 5635 3525 5688 missis

1949 5700 2244 5752 tortoribus
2271 5698 2436 5752 variis
2462 5700 2738 5768 suppliciis
2764 5699 2962 5755 affecit.
3004 5722 3023 5752 ι

3117 5859 3154 5924 5
