4240 6438
244 368 351 435 145

1772 386 1973 446 νιΤΑ.

3425 391 3525 454 166

236 488 333 541 καὶ
361 484 585 558 χρόνους
635 486 915 558 βασιλείας
958 489 1337 561 ἐγκυμονῆσαι
1371 490 1573 563 ζητῶν,
1610 493 1827 564 ὠκυμό-

1933 498 2336 568 persecutionis
2365 498 2664 561 fabricatis,
2704 505 2867 566 atque
2892 496 3152 553 adversus
3199 499 3340 567 pios,
3376 506 3522 552 velut

238 597 338 651 ρου
379 579 528 650 ζωῆς
561 581 831 645 άπέτεκες
881 582 1258 655 άμϐλωθρίδια
1284 600 1299 650 ;
1342 584 1469 648 Πῶς
1496 587 1547 639 οί
1575 586 1684 641 ἀπὸ
1714 604 1827 641 κοι-

235 671 360 734 λίας
382 672 693 741 φωνοῦντες
736 675 1143 745 γραμματικοὶ,
1186 674 1381 746 μισθοῦ
1414 677 1514 749 τὴν
1554 678 1830 748 βασιλείαν

235 766 369 834 ὑμῖν
417 764 838 836 καθορίζοντες,
900 766 995 819 καὶ
1060 767 1285 837 μακρὰν
1341 769 1636 841 εὐετηρίαν
1696 772 1828 842 ὑμῖν

235 856 617 927 ἐρευγόμενοι,
644 856 741 927 τὴν
771 859 915 911 κατά
944 858 1039 911 σοῦ
1071 860 1166 913 τοῦ
1202 860 1391 929 ξίφους
1432 860 1595 933 βολὴν
1634 879 1828 932 μαντι-

234 948 350 1013 κῶς
382 951 446 1003 οὐ
478 949 851 1020 προέὸλεψαν;
882 951 1007 1015 Πῶς
1035 952 1086 1004 oi
1117 953 1319 1006 πεκταὶ
1346 954 1442 1006 καὶ
1498 954 1829 1025 ἁμαξασπαὶ

234 1042 354 1109 (30)
391 1044 461 1096 τά
479 1043 580 1112 τῆς
619 1043 719 1114 σῆς
754 1043 990 1114 ἀπειλῆς
1031 1044 1341 1117 ἀκροθίνια,
1394 1046 1496 1117 τὴν
1544 1046 1829 1118 ὁρωμένην

232 1135 526 1205 ἀσχήμονα
548 1135 703 1202 θέαν,
735 1137 833 1191 καὶ
868 1137 979 1192 τῶν
1012 1138 1266 1209 ὑφαίμων
1306 1139 1529 1209 ἀτίμων
1562 1141 1631 1193 τά
1660 1140 1826 1213 αἴσχη

233 1227 620 1298 παρὲϐλεψανς
646 1229 759 1283 Ποῦ
782 1230 844 1284 τδ
865 1231 966 1301 τῆς
988 1231 1117 1285 άλου
1128 1232 1309 1304 ργίδος
1332 1233 1594 1305 διάδημα,
1617 1234 1644 1287 ὃ
1675 1235 1826 1305 παρά

232 1317 335 1386 τῆς
368 1317 697 1389 Ἐκκλησίας
725 1319 914 1375 λαὸὼν
947 1321 1009 1374 τὸ
1033 1322 1238 1399 ταύτης
1267 1324 1463 1394 στέφος
1491 1326 1825 1397 ἁπέκειρας;

234 1410 363 1473 Πῶς
407 1412 652 1482 σήμερον
686 1413 902 1484 νεκρὸς,
924 1415 953 1467 ὁ
976 1415 1104 1485 χθὲς
1125 1415 1391 1486 σοὸαρόςς
1426 1417 1550 1480 Πῶς
1583 1418 1827 1489 πληγαῖς

234 1501 618 1571 κατάστικτος,
642 1505 672 1557 ὁ
723 1504 892 1559 πάλαι
930 1507 1072 1560 κατὰ
1117 1507 1227 1560 τῶν
1268 1508 1442 1576 ἁγίων
1489 1508 1825 1573 άκάθεκτος;

236 1592 351 1646 Ποῦ
384 1596 454 1648 τά
492 1595 635 1650 κατὰ
660 1596 758 1650 τοῦ
793 1598 1034 1667 μεγάλου
1080 1597 1340 1669 ποιμένος
1379 1601 1706 1670 τυρεύματα
1733 1600 1828 1653 καὶ

232 1684 547 1757 ὀνειρὼδεις
602 1688 698 1741 καὶ
759 1691 1101 1762 ἀνύπαρκτοι
1155 1690 1413 1761 ἔρευναι,
1456 1692 1524 1754 ἃς
1581 1692 1828 1757 ὲξέλιπες

233 1773 537 1845 ἐξερευνῶν
573 1779 982 1849 άκατάληπτα;
1019 1784 1096 1834 Οὐ
1135 1781 1243 1854 γὰρ
1276 1782 1561 1854 ἐξίσχυσεν
1598 1783 1630 1854 ἡ
1661 1784 1826 1855 ζητη-

1938 588 2085 643 alter
2111 603 2175 642 ex
2208 588 2378 659 Cyrse
2414 587 2740 643 Salmoneus
2766 584 2837 659 (r)
2862 628 2875 651 ,
2913 586 3279 645 furiosissime
3299 590 3529 642 tonans?

1934 681 2053 745 Quo
2095 680 2382 748 praestigiae
2430 679 2704 746 abierunt,
2740 679 2939 748 quibus
2973 678 3223 735 initiatus
3270 695 3337 734 ac
3389 695 3519 734 con-

1934 782 2258 835 Summatus,
2290 771 2481 841 longos
2528 771 2741 842 imperii
2778 786 2952 826 annos
3000 786 3253 842 quaerens
3304 788 3523 842 parere,

1935 866 2057 921 vitae
2089 867 2358 921 brevioris
2379 868 2637 921 aborsum
2664 865 2926 920 edidisti?
2954 866 3185 933 Quinam
3221 867 3271 921 id
3293 866 3519 928 factum,

1932 967 1990 1012 ιιι
2028 960 2120 1029 qui
2154 974 2221 1013 ex
2253 968 2408 1014 utero
2425 974 2612 1015 vocem
2633 959 2831 1013 dabant
2859 960 3222 1027 grammatici,
3246 960 3514 1015 mercedis

1933 1052 2052 1108 loco
2085 1053 2368 1123 imperium
2387 1052 2482 1109 tibi
2507 1051 3109 1121 deliuientes,‘vita:que
3140 1053 3400 1125 longioris
3422 1070 3519 1106 an-

1933 1161 2033 1200 nos
2058 1147 2246 1200 beatos
2266 1153 2600 1209 eructantes,
2636 1141 2821 1215 gladii,
2870 1157 2979 1212 quo
3013 1144 3352 1213 impetendus
3371 1161 3520 1203 eras.

1933 1238 2100 1292 ictum
2146 1251 2424 1307 nunquam
2459 1236 2848 1301 divinaverint,
2875 1235 3247 1304 vaticinioque
3273 1237 3521 1304 provide-

1933 1329 2079 1383 rint?
2099 1326 2381 1395 Quomodo
2403 1328 2603 1397 compti
2638 1328 2711 1383 illi
2743 1326 3000 1397 fatusque
3025 1327 3173 1392 elati,
3210 1327 3410 1383 excidii
3443 1330 3519 1382 tui

1933 1421 2224 1491 primitias,
2247 1420 2668 1489 expositumque
2690 1420 2862 1474 oculis
2890 1418 3092 1473 infame
3117 1419 3516 1486 spectaculum.

1931 1523 1988 1567 et
2012 1524 2333 1583 agnatorum
2363 1513 2662 1569 honoribus
2682 1512 3041 1582 spoliatorum
3069 1515 3267 1579 probra
3299 1512 3518 1583 oblique

1932 1605 2276 1674 aspicientes,
2308 1604 2361 1659 in
2403 1605 2471 1659 iis
2500 1603 2815 1658 ballucinati
2842 1602 3006 1657 sunt?
3047 1602 3146 1658 Ubi
3173 1618 3507 1672 purpureum

1930 1698 2200 1761 diadema,
2245 1696 2388 1766 quod
2421 1698 2491 1751 ab
2520 1695 2767 1751 Ecclesia
2806 1706 3020 1759 nactus,
3052 1694 3222 1761 ipsius
3252 1708 3513 1748 coronam

1932 1782 2263 1840 detondisti?
2297 1784 2581 1851 Quomodo
2626 1785 2786 1839 hodie
2830 1792 3100 1847 mortuus,
3132 1783 3222 1852 qui
3260 1783 3377 1837 lteri
3413 1798 3509 1835 ar-

232 1869 360 1937 τική
392 1884 487 1919 σου
523 1869 737 1924 ἐπίνοια
757 1914 772 1937 ,
804 1871 975 1926 πολλὰ
1006 1872 1266 1943 καμοῦσα
1306 1876 1402 1927 καὶ
1445 1874 1619 1928 πολλά
1659 1876 1815 1944 μελε-

1928 1891 2114 1945 mgnus
2146 1888 2311 1946 atque
2340 1877 2643 1943 superbus?
2675 1874 2963 1942 Quomodo
2997 1874 3091 1943 qui
3126 1875 3413 1944 impotenti
3456 1876 3509 1927 in

231 1963 472 2029 τὴσασα,
503 1963 791 2030 ἐφικέσθαι
823 1966 961 2034 πρὸς
997 1966 1166 2034 μόνην
1192 1965 1365 2037 ἀκοὴν
1394 1967 1670 2038 φέρουσαν
1692 1967 1817 2021 κατ’

232 2051 401 2103 αὐτο]
454 2051 807 2124 μολύσματος
853 2057 1026 2110 αἴτιον
1064 2056 1236 2121 ἄξιον.
1287 2058 1508 2129 Ἐπειδὴ
1552 2057 1609 2111 δὲ
1654 2058 1816 2128 άμοι·

234 2143 354 2213 ροίη
408 2143 500 2196 τοῦ
550 2146 687 2216 πρὸς
747 2148 1044 2221 ἀπόκρισιν
1100 2150 1295 2219 λόγου,
1345 2152 1534 2205 τοῦτον
1585 2151 1818 2221 ἀφέντες

230 2235 459 2301 ἄπνουν,
506 2237 585 2307 τῷ
629 2240 823 2294 ἑαυτοῦ
874 2243 1364 2313 συμμολυνόμενον
1414 2243 1707 2313 πτώματι,
1746 2247 1812 2315 τῇ

229 2326 324 2379 τοῦ
358 2330 590 2399 αἵματος
631 2333 937 2405 ραθάμιγγι
968 2334 1279 2406 βάλλεσθαι,
1326 2337 1419 2390 ἐπὶ
1447 2338 1517 2390 τὰ
1562 2338 1688 2407 ἑξῆς
1714 2336 1810 2390 τοῦ

229 2419 391 2489 λόγου
434 2426 608 2493 προῖω
615 2444 731 2497 μεν.

1926 1980 2144 2024 sanctos
2182 1980 2351 2024 (nstro
2400 1968 2691 2034 ferebaris,
2729 1983 2873 2047 nunc
2909 1968 3080 2038 plagis
3110 1969 3515 2038 compunctus?

1927 2061 2026 2117 Ubi
2062 2062 2167 2117 illae
2192 2064 2452 2117 adversus
2481 2077 2733 2132 magnum
2760 2070 3034 2132 pastorem
3070 2060 3281 2115 insidiae
3314 2061 3512 2114 insom-

1924 2154 2138 2222 niisque
2175 2154 2382 2209 similes
2412 2170 2477 2210 ac
2517 2170 2667 2207 vanae
2716 2153 3025 2222 indagines,
3074 2167 3211 2221 quas
3253 2150 3506 2207 deiecisti

1924 2259 2031 2299 non
2061 2247 2570 2316 comprehendenda
2605 2245 2918 2300 scrutatus?
2954 2243 3072 2297 Non
3130 2245 3275 2298 enim
3334 2244 3511 2314 potuit.

1923 2336 2136 2391 subtilis
2168 2338 2449 2407 inquisitio
2498 2347 2611 2401 tua,
2644 2338 2816 2392 multo
2845 2338 3010 2393 etiam
3044 2336 3230 2393 labore
3284 2351 3347 2390 ac
3382 2350 3503 2389 me-

1921 2426 2188 2481 ditatione
2224 2443 2348 2492 usa,
2383 2429 2465 2482 vel
2496 2430 2682 2483 auditu
2716 2429 2831 2484 solo
2861 2428 3099 2499 assequi,
3134 2428 3282 2500 quod
3319 2427 3395 2483 illi
3428 2427 3513 2480 |a~

229 2510 315 2563 bis
340 2516 544 2568 crimen
570 2516 825 2572 inferres.
866 2519 1067 2574 Verum
1104 2522 1229 2590 quia
1278 2521 1510 2576 facultas
1537 2519 1809 2575 sermonis
1849 2518 2025 2588 ipsum
2059 2518 2262 2583 delicit,
2290 2519 2383 2574 illo
2408 2521 2525 2573 sine
2585 2520 2778 2588 spiritu
2842 2520 3062 2592 vitaque
3127 2524 3342 2589 relicto,
3380 2521 3509 2575 dum

227 2620 325 2660 sua
346 2610 779 2665 cmnmaculatus
802 2612 955 2665 ruina
976 2613 1030 2667 in
1058 2616 1275 2684 proprio
1300 2614 1572 2669 volutatur
1595 2629 1815 2679 cruore,

304 2698 414 2769 πβ’.
461 2702 881 2774 Ἐπικοσμεῖται
908 2707 1091 2761 τοίνυν
1111 2709 1190 2779 τῷ
1223 2709 1324 2779 τῆς
1360 2709 1637 2780 βασιλείας
1668 2710 1696 2762 ὁ
1730 2710 1817 2762 δε-

230 2788 457 2861 σμώτης
490 2795 607 2863 μετ’
634 2795 799 2848 αὐτὸν
831 2797 1148 2868 διαδήματι,
1179 2799 1239 2861 ὃς
1268 2802 1326 2853 ὲν
1359 2799 1575 2853 ἐλπίσιν
1603 2800 1681 2853 ὢν
1719 2801 1817 2852 σὺν

227 2886 295 2952 τῇ
332 2883 435 2953 τῆς
468 2884 646 2959 ζώνης
685 2888 926 2961 ἀποϐολῇ
984 2892 1078 2944 καὶ
1125 2891 1295 2962 αὐτῆς
1346 2893 1445 2962 τῆς
1487 2888 1648 2964 ζωῆς
1683 2894 1817 2946 ὑπο-

230 2979 415 3045 μεῖναι
447 2978 547 3047 τὴν
580 2984 842 3052 στέρησιν
862 3025 875 3047 ,
907 2984 984 3047 ὼς
1010 2986 1074 3037 ἐκ
1099 2983 1263 3054 βυθοῦ
1294 2985 1405 3039 τῶν
1434 2985 1650 3056 δεσμῶν
1682 2987 1816 3039 ἀνα-

226 3065 573 3137 νηξάμενος,
612 3074 955 3146 στεφηφόρος
1003 3076 1127 3127 ἀντὶ
1170 3076 1513 3147 δεσμοφόρου
1555 3076 1815 3130 καθίστα·

1856 2614 1921 2667 ad
1945 2627 2008 2666 ea
2039 2626 2160 2679 quae
2189 2612 2461 2667 sermonis
2522 2624 2649 2667 sunt
2682 2614 2884 2683 reliqua
2910 2617 3290 2684 procedamus.

1991 2707 2080 2761 82.
2129 2704 2370 2761 Ornatur
2402 2708 2608 2778 itaque,
2660 2708 2752 2777 qui
2807 2708 2861 2762 in
2897 2708 3128 2762 vinculis
3176 2718 3316 2771 crat,
3364 2706 3508 2760 illius

1921 2816 2230 2865 Successor,
2261 2800 2567 2855 diademate
2601 2799 2750 2868 regio
2787 2817 2799 2853 :
2835 2800 2929 2871 qui
2970 2815 3107 2854 zona
3155 2801 3351 2870 posita,
3386 2799 3508 2852 vita:

1920 2905 2137 2958 quoque
2161 2888 2433 2959 jacturam
2458 2898 2612 2943 certo
2628 2888 3005 2957 exspectabat,
3042 2890 3150 2943 imo
3185 2888 3348 2943 veluti
3373 2902 3502 2956 gur-

1922 2984 2033 3052 gite
2061 2981 2301 3036 carceris
2326 2994 2611 3052 emergens
2640 2980 2857 3035 vincula
2887 2982 2938 3035 in
2960 2990 3238 3051 sceptrum
3264 2993 3506 3034 commu-

1926 3086 2024 3141 tat,
2064 3075 2477 3143 alternanteque
2512 3073 2762 3134 victoria,
2807 3074 3064 3141 superior
3112 3071 3294 3126 evadit
3347 3072 3505 3125 hoste

226 3184 358 3229 ται,
390 3167 486 3219 καὶ
524 3164 826 3235 ἑτεραλκέα
859 3165 956 3237 τὴν
988 3165 1147 3236 νίκην
1181 3168 1436 3237 ποιήσας,
1469 3165 1565 3218 τοῦ
1596 3169 1817 3237 κρατεῖν

1928 3165 2028 3233 lam
2050 3178 2253 3219 securo
2301 3172 2352 3218 et
2406 3162 2973 3233 adversariijugulum
3010 3173 3311 3231 premente.
3354 3160 3507 3217 Iliun:

226 3257 554 3320 ἐλπίσαντος
598 3257 1063 3328 ὲπικρατέστερος
1103 3257 1351 3326 γίνεται·
1393 3258 1488 3311 ιιαλ⁵
1511 3258 1612 3329 τὴν
1657 3256 1816 3328 βασι-

229 3347 388 3400 λείαν
419 3347 503 3417 ἐφ’
553 3347 748 3400 ἑαυτὸν
802 3348 1190 3416 μεταστήσας,
1242 3345 1336 3399 καὶ
1392 3347 1586 3419 μικρὸν
1633 3362 1682 3398 τι
1717 3346 1818 3415 τῆς

228 3438 727 3510 προκατασχούσης
782 3439 983 3501 κακίας
1034 3438 1339 3503 ὑπενδοὺς,
1395 3438 1521 3491 ὅσον
1574 3440 1701 3502 τοὺς
1759 3440 1817 3491 ὲν

225 3533 481 3602 εἱρκταῖς
531 3532 624 3585 καὶ
660 3532 845 3593 πόνοις
892 3530 1214 3601 ἐλευθερίαν
1242 3529 1504 3602 ὀνειρὼδη
1545 3530 1816 3600 φαντάζε-

230 3626 394 3689 σθαι,
428 3624 489 3678 τὸ
532 3623 626 3677 τοῦ
675 3623 928 3688 θανόντος
971 3623 1251 3677 ὑπέθαλπε
1283 3624 1573 3694 φρόνημα,
1615 3623 1711 3677 καί⁹
1741 3622 1818 3692 τῷ

228 3716 639 3788 ἀμφιϐλήστρῳ
699 3718 1036 3787 περιπαρε“ις
1090 3715 1196 3785 τῆς
1259 3716 1565 3786 αἱρέσεως,
1635 3715 1818 3788 ίχθύος

231 3808 394 3876 δίκην
419 3810 531 3869 τοῖς
559 3805 668 3858 τῶν
697 3805 986 3875 δογμάτων
1012 3806 1234 3878 σαθροῖς
1260 3806 1620 3859 ἐναπέθανεν.

308 3906 420 3967 πγ”.
453 3899 641 3952 Ταῦτα
670 3900 698 3951 ό
720 3897 1263 3965 διαγνωστικὼτατος
1292 3897 1417 3958 νοῦς
1445 3896 1541 3949 τοῦ
1577 3896 1816 3967 μεγάλου

233 3989 557 4061 Νικηφόρον
592 3990 866 4058 διαγνοὺς,
909 3989 1007 4042 καὶ
1036 3990 1112 4053 ὼς
1143 3990 1206 4041 οὐ
1232 3988 1311 4058 τῷ
1344 3988 1486 4059 ὁλκῷ
1515 3987 1610 4041 τοῦ
1640 3988 1819 4059 ὄφεως

234 4078 620 4150 συνενεκρὼθη
654 4080 714 4131 τὸ
753 4079 851 4148 τῆς
892 4078 1160 4149 αἱρέσεως
1197 4076 1450 4146 οὐραῖον,
1498 4074 1716 4145 σκαίρει
1761 4074 1819 4127 δὲ

232 4174 343 4247 καῖ
381 4171 584 4240 νεκρὰν
617 4169 807 4238 ὥσπερ
849 4168 948 4240 τὴν
984 4169 1131 4239 ζωὴν
1179 4168 1571 4238 ὑποκρίνεται·
1614 4170 1678 4237 τῇ
1724 4166 1818 4219 τοῦ

232 4266 554 4335 πνεύματος
593 4263 818 4334 γραφίόι
853 4263 923 4315 τά
983 4263 1083 4331 τῆς
1119 4260 1432 4332 ὀρθοδοξίας
1500 4261 1817 4331 ἐνσημηνά-

236 4375 401 4428 μενος
427 4356 672 4427 δόγματα
693 4396 708 4418 ,
741 4354 877 4425 πρὸς
907 4355 998 4407 τὸν
1051 4356 1313 4424 νεοστεφῆ
1347 4352 1574 4423 βασιλέα
1613 4352 1820 4406 στεῖλαι

232 4451 501 4520 προέθετο
522 4488 536 4512 ,
574 4449 661 4499 ἐπ’
692 4447 997 4517 ὀφθαλμοῖς
1030 4448 1181 4516 ἄγων
1212 4446 1365 4516 αὐτῷ
1395 4448 1464 4499 τά
1505 4446 1680 4516 δεσμά
1726 4448 1821 4498 καὶ

1921 3254 1973 3307 ἰιι
2006 3253 2224 3308 modum
2259 3254 2486 3321 adeptus
2527 3252 2840 3321 imperium,
2881 3255 3090 3307 remisit
3116 3254 3381 3321 tantisper
3421 3252 3505 3305 irr-

1919 3354 2217 3401 veteratam
2243 3344 2523 3410 malitiam,
2559 3344 2736 3413 quoad
2774 3344 2807 3397 ii
2841 3344 2935 3414 qui
2994 3343 3046 3397 in
3074 3342 3303 3397 vinculis
3324 3356 3387 3396 ac
3421 3341 3502 3393 la-

1918 3436 2144 3492 boribus
2169 3438 2331 3491 vitam
2355 3437 2609 3506 agebant,
2644 3437 2790 3491 inani
2815 3437 3084 3492 libertatis
3116 3438 3321 3506 specie,
3347 3436 3495 3491 velut

1919 3530 2130 3598 objecta
2160 3530 2212 3583 in
2242 3529 2450 3584 somnis
2479 3528 2715 3599 imagine
2763 3545 2829 3584 ac
2866 3536 3109 3600 spectro,
3137 3529 3457 3584 Iuderentnr
3485 3544 3499 3582 :

1918 3622 2168 3692 quamvis
2200 3621 2416 3675 interim
2453 3620 2695 3677 defuncti
2744 3636 2970 3678 sensum
3008 3621 3327 3677 subocculte
3352 3618 3504 3674 fove-

1921 3725 2024 3779 ret,
2060 3714 2392 3784 Itteresisque
2420 3713 2715 3770 transﬁxus
2747 3714 2944 3779 hamo,
2994 3714 3145 3770 velut
3178 3714 3365 3784 piscis,
3403 3728 3502 3783 pu-

1923 3808 2073 3863 tridae
2099 3807 2360 3861 doctrinae
2387 3821 2545 3862 corno
2568 3809 2975 3861 immoreretur.

1989 3901 2078 3955 83.
2095 3899 2385 3969 llisitaque
2408 3913 2631 3970 magnus
2657 3898 3000 3969 Nicepltorus
3022 3896 3501 3967 perspicacissima

1921 3991 2118 4045 mentis
2142 3993 2260 4046 acie
2287 3991 2564 4060 dispectis,
2600 4001 2861 4058 ratusque
2915 3990 3057 4044 haud
3089 4004 3192 4043 una
3225 4002 3347 4042 cum
3385 4002 3502 4040 ser-

1921 4081 2097 4151 pentis
2123 4090 2297 4138 tractu
2325 4082 2551 4137 haeresis
2582 4085 2910 4137 exstinctam
2945 4082 3201 4144 caudam,
3241 4078 3335 4135 sed
3383 4095 3504 4134 eam

1921 4175 2183 4229 hactenus
2228 4174 2528 4244 palpitare,
2608 4175 2888 4244 vitamque
2951 4174 3299 4228 dissimulare
3359 4172 3505 4227 velut

1922 4277 2265 4330 emortuam;
2300 4267 2467 4321 divini
2502 4267 2727 4335 spiritus
2754 4265 2896 4337 stylo
2940 4276 3103 4320 rectae
3142 4266 3264 4319 lldei
3298 4263 3508 4319 doctri-

1926 4374 2047 4412 nam
2089 4359 2442 4426 consignatis,
2487 4360 2552 4410 ad
2601 4358 2986 4427 imperatorem
3036 4370 3227 4411 recens
3271 4372 3507 4425 purpura

1926 4460 2142 4504 auctum
2174 4465 2237 4503 ac
2258 4459 2579 4503 coronatum
2606 4452 2850 4505 scribere
2883 4449 3125 4503 destinat
3151 4463 3169 4503 :
3198 4447 3274 4501 ita
3302 4448 3512 4501 scilicet

230 4545 325 4597 τὸν
350 4544 600 4596 σώσαντα
622 4584 637 4606 ,
665 4543 762 4595 καὶ
787 4542 881 4611 τὴν
905 4538 1002 4594 τοῦ
1028 4541 1297 4611 τυράννου
1327 4541 1583 4609 διακενῆς
1610 4542 1821 4610 ἀνομή-

1930 4553 1988 4594 ιιι
2012 4545 2059 4595 ei
2095 4541 2163 4595 ob
2188 4540 2375 4596 oculos
2405 4542 2619 4596 vincula
2661 4558 2757 4597 sua
2784 4556 2999 4612 ponens
3021 4551 3077 4595 et
3103 4542 3200 4609 qui
3236 4540 3412 4609 ipsum
3445 4555 3507 4594 ex

235 4650 428 4695 σαντος
458 4632 724 4702 αἰσχύνην
756 4649 817 4683 τε
850 4631 947 4683 καλ⁴
987 4631 1309 4702 καθαίρεσιν
1330 4670 1345 4694 ,
1391 4632 1486 4684 καὶ
1520 4632 1618 4701 τὴν
1655 4632 1714 4683 ὲν
1740 4625 1821 4695 οἷς

233 4728 513 4795 ἐξήμαρτε
543 4726 731 4788 τόποις
767 4725 1063 4779 κατάλυσιν
1085 4741 1098 4754 ’
1138 4725 1504 4797 σκιαγραφῶν
1543 4725 1693 4795 αὐτῷ
1727 4725 1826 4795 τὴν

233 4820 413 4888 ἁληθῆ
442 4821 535 4872 καὶ
567 4817 1059 4889 πατροπαράδοτον
1100 4817 1210 4869 τῶν
1244 4818 1404 4887 ἱερῶν
1445 4820 1830 4889 μορφωμάτων

236 4912 588 4975 ἑκτύπωσιν,
627 4910 702 4973 t'o;
745 4911 806 4963 οὗ
844 4910 1005 4981 χθιζῇ
1049 4927 1156 4962 τινι
1193 4912 1285 4962 καὶ
1318 4912 1560 4981 νεωτέρα
1592 4911 1822 4980 ἐφευρε-

238 5022 321 5057 σει
351 5006 413 5057 τδ
446 5004 665 5072 βέϐαιον
711 5004 1077 5075 ἐπιφέρεται,
1108 5004 1169 5069 ἐξ
1196 4998 1257 5059 οὗ
1282 5004 1339 5058 δὲ
1386 5004 1447 5057 τὸ
1473 5004 1568 5056 τοῦ
1613 5004 1821 5075 κηρύγ-

313 5178 430 5249 (50)
469 5179 609 5232 Alibi
646 5178 872 5233 necdum
903 5180 1032 5233 milii
1065 5187 1275 5246 reperta
1307 5180 1524 5233 nomina
1548 5221 1561 5243 ,
1594 5189 1824 5247 (animos

238 5256 490 5319 [astuque
520 5249 687 5302 elatos
723 5253 886 5302 vertit
928 5252 1196 5319 interpres
1217 5289 1231 5311 ,
1263 5265 1331 5303 ex
1366 5250 1624 5303 nonnulla
1656 5262 1708 5301 ιιι
1748 5254 1821 5319 vi—

240 5318 405 5374 detur
426 5321 786 5389 etymologica
816 5322 1027 5374 ratione
1054 5318 1219 5373 :icunt
1246 5320 1401 5373 πέκω
1428 5331 1606 5384 pecto,
1637 5318 1823 5389 ἅμαξα

239 5407 468 5444 currum
502 5392 791 5459 signilicet.
818 5389 1016 5445 Verum
1045 5392 1086 5443 si
1122 5392 1251 5455 quid
1286 5392 1372 5443 hic
1399 5392 1614 5446 divino.
1650 5396 1819 5449 signi-

246 5463 482 5515 l'tcantur
506 5463 589 5514 vel
621 5463 775 5515 arioli
805 5477 871 5516 ex
901 5461 1167 5531 strigilttm
1196 5462 1520 5529 equinorum
1556 5462 1822 5529 plaustro-

242 5534 822 5599 rnmquetractatioue
842 5532 1221 5599 superstitiosa
1257 5542 1435 5586 sortes
1478 5532 1680 5585 assueti
1727 5547 1820 5584 ca-

244 5617 415 5671 pere;
449 5602 531 5653 \‘el
564 5604 884 5668 sitnpliriter
920 5607 1031 5671 ipsa
1061 5602 1321 5668 equilittm
1362 5602 1636 5669 regiorum
1663 5618 1813 5655 mau-
1857 5636 1862 5642 -

245 5673 387 5738 ctpia
446 5672 515 5724 ab
558 5676 714 5740 equis
773 5676 1056 5740 pecu-udis
1104 5675 1513 5739 tractandtsque
1562 5672 1819 5741 plausuis

247 5743 512 5805 {ittaxitttc
563 5744 609 5797 si
665 5745 986 5811 ἁμαξάπται
1038 5744 1335 5811 It'gattltlr)
1400 5761 1596 5796 ιιιιιιιι·;ι
1658 5744 1816 5812 ιιιΙίςο

246 5816 442 5881 adepta
482 5831 494 5865 :
550 5827 686 5869 inter
735 5833 880 5885 ipim,
921 5814 1082 5866 tatiis
1138 5816 1300 5867 etiam
1346 5816 1820 5883 ε-ιιιιιιῐςιιιῑιυιιιὲδιιδ

1927 4634 2011 4688 bis
2035 4645 2253 4689 eruerat
2290 4635 2482 4700 Detun,
2523 4646 2943 4705 reprtesentaret
2968 4637 3133 4688 etiam
3165 4636 3377 4705 tyranni
3407 4633 3515 4686 fru-

1928 4737 2037 4780 stra
2085 4727 2432 4796 malignautis
2483 4730 2743 4796 probrum
2802 4730 3009 4797 pariter
3057 4738 3222 4795 atque
3275 4726 3511 4786 t'uinaui,

1933 4820 2191 4888 quodque
2225 4820 2293 4873 iis
2324 4821 2375 4873 in
2419 4820 2577 4887 locis,
2616 4822 2669 4873 in
2700 4822 2899 4889 quibus
2949 4818 3276 4889 deliquerat.
3341 4818 3514 4875 ultore

1932 4910 2041 4963 Deo
2072 4920 2381 4979 peremptus
2412 4911 2480 4965 sit
2516 4928 2528 4964 :
2566 4924 2679 4965 tum
2710 4926 2893 4964 veram
2922 4910 2994 4963 illi
3021 4920 3185 4977 atque
3211 4923 3239 4958 a
3267 4906 3514 4958 Pultibus

1934 5001 2189 5054 traditam
2214 4994 2495 5054 sacrarum
2520 5000 2819 5068 imaginum
2850 4999 3166 5067 religionem
3200 4994 3514 5047 delineabat

2035 5134 2043 5143 ’
3250 5137 3261 5159 ὶ

1933 5179 2080 5231 circa
2122 5190 2293 5244 equos
2341 5174 2579 5237 utentia,
2623 5173 2947 5227 familiarius
3004 5169 3144 5244 forte
3189 5165 3515 5244 versabatur

1933 5249 2063 5308 Leo,
2095 5240 2237 5300 sicut
2267 5248 2332 5297 de
2361 5246 2722 5298 COustautiuo
2752 5245 3097 5312 Copronytno
3128 5240 3378 5312 legimus.

2005 5317 2077 5388 (r)
2122 5318 2230 5370 ltex
2279 5314 2447 5388 Elidis
2482 5316 2857 5384 impiissinms,
2889 5310 3025 5366 satis
3050 5325 3115 5364 ex
3148 5310 3376 5388 Virgil-io
3408 5326 3505 5363 no-

1932 5382 2022 5444 tus
2038 5382 2186 5455 {non
2226 5389 2351 5440 item
2376 5382 2588 5454 Cyrse’:
2608 5401 2771 5455 quam
2794 5396 2917 5453 pota
2954 5382 3513 5455 concamerationem,

1934 5451 2261 5513 testudinem
2314 5451 2659 5524 seu'pontem
2688 5451 2834 5508 iilum
2870 5456 3184 5521 signiﬁcare
3215 5452 3356 5524 unde
3399 5451 3513 5517 ipse

1930 5529 2076 5584 Jovis
2109 5529 2334 5581 fulmina
2380 5521 2731 5595 tonitruaque
2757 5539 2917 5592 supra
2945 5524 3225 5576 CH'ilithlll
3256 5521 3512 5595 imitaba-

1930 5613 2017 5654 tur
2049 5618 2063 5653 :
2099 5599 2299 5669 κυρτὸς
2338 5598 2481 5649 enim
2530 5592 2805 5650 convexus
2847 5607 2952 5669 ρει,
3001 5596 3140 5669 unde
3192 5592 3408 5660 κυρτόω
3460 5594 3515 5645 in

1926 5664 2212 5723 convexum
2252 5669 2395 5736 crigo
2440 5675 2514 5729 et,
2546 5669 2839 5737 κὺρτωμα,
2872 5668 2923 5716 ιιι
2954 5664 3136 5731 Ιυνιιὶε
3162 5678 3179 5716 :
3210 5674 3392 5715 notum
3437 5674 3517 5714 est

1928 5753 2108 5793 autem
2136 5741 2276 5807 quoi
2324 5742 2463 5805 apud
2496 5740 2716 5790 Graecos
2744 5753 2770 5787 τ
2802 5745 2856 5788 «ξι
2886 5752 2916 5787 σ
2949 5752 3044 5803 pro
3082 5736 3229 5787 varia
3280 5736 3517 5787 disiecto

1929 5814 2203 5866 alteri-ent
2251 5816 2307 5863 ιιι
2341 5821 2408 5861 stt
2442 5809 2619 5878 κιὶρση
2652 5823 2747 5876 pro
2773 5809 2968 5875 κνρτή.
