4240 6438
212 379 315 445 1.33

1733 392 1926 452 νιΤΑ.
3376 394 3479 459 154

210 490 729 562 ἀπογεγραμμένων
758 493 789 561 ἡ
836 491 1133 559 Ἐκκλησία
1169 493 1285 560 μετ’
1318 494 1452 561 ἤχου
1493 494 1795 563 χορεύουσα
1826 510 1851 556 ,1

1733 513 1795 548 σα
1826 510 1869 557 Α
1906 499 2172 567 requiem,
2207 499 2262 553 in
2300 512 2406 567 qua
2458 500 2857 567 primitivorum
2899 501 2950 554 in
2982 500 3138 556 cmlis
3168 501 3472 570 descripto-

210 584 581 655 πανηγυρίζει
621 583 816 652 ἑορτὴν
853 582 953 653 τὴν
984 583 1335 652 μακραίωνα,
1380 583 1496 653 μεθ’
1526 578 1601 637 ῶν
1635 605 1795 655 χορο-

213 666 449 738 στατῶν,
481 675 576 727 καὶ
614 673 675 725 τὸ
712 673 812 743 τῆς
844 672 1161 739 ἁγιαστείας
1189 672 1622 743 ἀγγελοπρεπῶς
1664 679 1797 728 ὑποο

211 767 538 837 κρινόμενος
567 763 746 833 ἆγιον,
790 764 887 831 τῆς
920 764 1042 831 ἴσης
1086 763 1267 822 αὐτοῖς
1313 762 1421 815 τῶν
1453 764 1797 832 ἐπαγγελιῶν

210 858 587 929 κληρουργίας
639 859 991 927 εὖμοίρησεν.
1036 856 1241 925 Ἐνάτῳ
1268 854 1324 908 δὲ
1357 851 1448 908 οῦν
1481 857 1601 919 ἐνὸς
1630 857 1798 926 μηνὸς

209 952 386 1005 δέοντι
416 954 592 1021 χρόνῳ
622 952 716 1019 τῆς
751 951 903 1018 ἱερᾶς
932 948 1099 1002 αὐτοῦ
1130 948 1225 1000 καὶ
1253 949 1500 1019 ἀλήπτου
1527 965 1798 1019 πατριαρ-

213 1042 355 1112 χίας,
403 1048 503 1112 τέςν
552 1043 790 1110 ὑστάτην
831 1039 1076 1094 ὑπελθὼν
1119 1040 1455 1110 ἀρρωστίαν,
1498 1042 1797 1095 ἐπιστάντα

210 1138 304 1190 τὸν
341 1139 466 1207 ὅρον
498 1136 592 1189 τοῦ
620 1136 805 1199 τέλους
848 1136 1099 1206 οὐδαμῶς
1132 1135 1425 1206 ἠγνόησεν,
1458 1134 1571 1187 ἀλλ’
1601 1135 1659 1186 ὃν
1685 1134 1797 1186 ἐδε·

212 1230 316 1281 εἰει
366 1229 556 1293 παλαι,
586 1228 675 1281 διὰ
713 1228 773 1280 τὸ
801 1228 1031 1298 φοϐερὸν
1060 1229 1155 1298 τῆς
1182 1227 1497 1295 ἁπροόπτου
1526 1227 1620 1279 καὶ
1653 1227 1799 1280 ῶκυ-

210 1323 380 1390 τατης
407 1321 694 1385 ἐλεύσεως,
724 1322 844 1374 τότε
872 1323 1189 1392 περιχαρῶς
1221 1322 1601 1389 προσεδέχετο,
1636 1321 1797 1389 χάριν

212 1412 373 1475 εἰδὼς
407 1412 483 1481 τῷ
508 1412 736 1482 δήσαντι
784 1415 878 1466 καὶ
925 1410 1247 1483 ἁπαλλὰγὴν
1294 1413 1402 1466 τῶν
1437 1414 1680 1482 ἀνιαρῶν
1711 1413 1798 1465 διὰ

212 1504 422 1566 λύσεως
455 1505 869 1573 προξενήσαντι,
897 1505 990 1557 καὶ
1022 1500 1179 1567 αὖθις
1215 1505 1553 1573 συνδήσοντι,
1585 1504 1795 1572 κρίμα-

215 1613 301 1647 σιν
361 1592 443 1657 οἷς
499 1595 843 1659 ἐδικαίωσεν,
892 1596 1248 1667 ὑψηλότερον.
1329 1597 1416 1648 Ἐν
1477 1595 1609 1663 γοῦν
1676 1598 1798 1659 ταῖς

213 1691 511 1759 ρωστικαῖς
544 1689 641 1742 καὶ
671 1689 890 1753 ἁνόσοις
921 1690 1162 1750 ἐκείναις
1209 1689 1309 1756 τῆς
1338 1689 1503 1741 αὑτοῦ
1533 1690 1795 1742 κατακλί-

211 1798 355 1843 σεως
389 1783 647 1851 ἡμέραις,
679 1782 779 1833 οὐκ
811 1781 1046 1834 ἐνεδίδου
1088 1781 1267 1833 πάντα
1298 1782 1501 1850 τρόπον
1536 1782 1795 1834 διδασκα-

1906 608 2020 643 runt
2052 591 2290 644 Ecclesia
2322 592 2369 621 "
2390 607 2509 644 cum
2535 608 2669 644 sono
2693 592 2890 646 choros
2912 593 3083 657 ducit,
3112 594 3309 649 festum
3334 598 3476 649 diem

1902 683 2130 737 feliciter
2158 683 2406 751 agitans;
2440 697 2561 736 cum
2590 683 2784 750 quibus
2808 683 3012 751 pariter
3034 694 3089 737 et
3113 688 3226 753 ipse
3258 689 3478 754 praesul-

1902 784 2020 828 taus
2046 785 2210 841 atque
2237 774 2541 827 sanctitatis
2560 775 2938 827 castimoniant
2971 776 3211 843 angelica
3240 779 3477 846 puritate

1904 878 2340 935 repraesentans,
2395 881 2580 933 parem
2638 868 2744 919 illis
2805 869 2974 920 beatae
3043 871 3477 935 repromissionis

1902 959 2269 1012 ba-reditatem
2312 968 2636 1010 consecutus
2665 970 2769 1011 est.
2802 960 2960 1011 Anno
3000 960 3182 1029 itaque
3216 976 3356 1013 nono
3389 961 3474 1031 (ι),

1902 1064 2009 1101 ιιιιο
2057 1050 2235 1101 minus
2286 1063 2489 1110 Inense,
2522 1062 2584 1099 ex
2618 1062 2723 1113 quo
2752 1055 2942 1100 sancte
2988 1058 3148 1114 atque
3205 1048 3478 1116 inculpate

1903 1151 2149 1196 tenuerat
2189 1142 2589 1209 patriarcbatus
2632 1140 2868 1196 clavum,
2905 1140 2956 1190 in
2998 1154 3307 1207 supremam
3343 1141 3477 1194 inci-

1901 1236 2033 1287 dens
2072 1233 2473 1301 aegritudinem,
2508 1247 2849 1298 nequaquam
2884 1230 3155 1297 ignoravit
3182 1234 3361 1286 exitus
3390 1234 3475 1286 sui

1903 1329 2062 1382 linem
2100 1345 2113 1379 :
2150 1327 2242 1379 sed
2273 1342 2432 1394 quem
2471 1323 2799 1377 formidabat
2825 1324 2952 1376 olim
2990 1326 3198 1377 ratione
3228 1327 3475 1389 terroris,

1905 1418 2200 1488 improviso
2234 1432 2298 1470 ac
2327 1419 2491 1470 celeri
2531 1418 2699 1485 ipsius
2731 1418 2987 1481 adventu,
3033 1418 3351 1482 incutiendi,
3393 1419 3479 1471 in-

1901 1511 2048 1579 genti
2091 1517 2220 1561 tunc
2264 1510 2462 1576 gaudio
2512 1508 2885 1575 exsltectabat.
2941 1508 3144 1575 gratias
3179 1509 3252 1561 illi
3282 1524 3472 1576 agens,

1900 1605 1990 1672 qui
2033 1602 2177 1670 quod
2214 1602 2468 1655 vinxerat
2512 1602 2829 1655 resolvendo
2889 1601 3268 1655 liberationem
3313 1602 3412 1670 ipsi
3446 1620 3473 1653 a

1903 1694 2059 1746 ntalis
2104 1692 2350 1756 all'erret;
2396 1691 2677 1758 solutaque
2709 1693 2905 1745 iterum
2959 1692 3299 1745 revinctnrus
3331 1704 3477 1746 esset

1902 1783 2149 1836 nobiliori
2201 1783 2437 1851 quadam
2477 1782 2707 1835 ratione.
2748 1782 2944 1835 Diebus
2987 1799 3119 1851 ergo
3153 1784 3237 1843 iis,
3277 1783 3475 1850 quibus

211 1872 332 1935 λίας
379 1875 495 1935 τοῖς
548 1872 866 1943 προσιοῦσιν
898 1873 1151 1933 ἐπινοῶν.
1202 1872 1509 1943 ἀπέχεσθαι
1566 1873 1665 1942 μὲν
1691 1862 1851 1943 τῆς[

1733 1874 1791 1943 ἧς
1828 1862 1867 1921 Β
1898 1876 2037 1929 lceto
2081 1874 2413 1928 decumbens
2451 1874 2717 1939 tantisper
2751 1872 2924 1926 levata
2970 1874 3293 1942 mgritudine
3326 1876 3476 1927 leva-

209 1965 499 2033 αἰρετικῆς
524 1964 862 2033 αναχύσεως,
891 1964 1248 2034 προφητικῶς
1274 1964 1337 2033 ξη
1349 1963 1640 2033 ραινούσης
1662 1964 1795 2016 ὀστᾶ

206 2056 388 2124 ψυχῆς
438 2056 534 2109 καὶ
586 2056 885 2124 ὀλλυούσης
944 2056 1136 2109 ἐλπίδα
1191 2056 1301 2109 τῶν
1339 2056 1794 2125 προστετηκότων

207 2150 387 2217 α’)τῇο
450 2148 774 2217 ἀντέχεσθαι
828 2148 885 2200 δὲ
945 2150 1043 2217 τῆς
1095 2148 1265 2216 μόνης
1294 2147 1643 2210 διδασκαλίας
1701 2149 1794 2200 καὶ

208 2243 470 2305 πίστεως,
508 2241 606 2310 τῆς
659 2240 763 2295 ὑπὸ
794 2240 901 2293 τῶν
933 2240 1074 2292 ἐπτὰ
1117 2238 1432 2308 σεϐασμίων
1482 2241 1578 2291 καί
1616 2240 1794 2292 οἰκου-

212 2332 449 2403 μενικῶν
482 2332 713 2385 συνόδων
756 2332 1131 2402 τρανωθείσης
1165 2332 1258 2384 καὶ
1298 2330 1669 2401 κυρωθείσης,
1723 2331 1790 2401 ἢν

210 2428 301 2480 καὶ
326 2428 360 2495 ή
384 2426 616 2478 καθόλου
655 2426 953 2493 Ἐκκλησία
976 2424 1309 2487 σεϐαστικῶς
1334 2425 1788 2494 περιπτύσσεται,

208 2519 303 2570 καὶ
328 2520 514 2570 πᾶσαν
558 2518 753 2571 ἐλπίδα
791 2518 899 2568 τῶν
943 2515 1150 2568 πιστῶν
1204 2516 1339 2583 πρὸς
1402 2516 1535 2567 Θεὸν
1565 2516 1791 2586 διαπορ-

208 2608 429 2679 θμεύει,
488 2611 581 2662 καὶ
628 2609 723 2661 τοῦ
766 2607 961 2676 ἐφετοῦ
999 2608 1142 2659 ποιεῖ
1193 2606 1676 2677 περιὸράττεσθαι.
1730 2607 1791 2658 'H

207 2702 316 2771 γὰρ
343 2702 574 2770 εὐσεϐὴς
604 2700 713 2753 τῶν
745 2700 1003 2768 ιιατέρων
1040 2700 1247 2760 πίστις,
1283 2698 1358 2761 ῶς
1392 2699 1538 2761 ἴστε,
1574 2714 1791 2752 κενοτο-

210 2796 366 2863 μίαις
406 2794 657 2864 οὐδαμῶς
697 2792 1069 2862 ἀμϐλύνεσθαι
1097 2792 1488 2861 καταδέχεται,
1524 2792 1794 2861 κρατύνε-

207 2888 333 2940 σθαι
356 2889 416 2940 as
445 2888 648 2957 μᾶλλον
675 2886 1027 2956 ὀρθοτομίαις
1055 2884 1247 2937 εἴωθεν
1267 2884 1677 2947 ἁποστολικαῖς.

1895 1968 2075 2029 batur,
2107 1975 2161 2018 et
2198 1964 2506 2018 remissiore
2538 1964 2724 2017 inorbo
2761 1967 3035 2025 utebatur,
3069 1979 3177 2017 non
3218 1969 3470 2018 cessabat

1895 2071 2111 2113 omnem
2135 2058 2396 2111 doctrinm
2421 2057 2633 2110 modum
2659 2058 2723 2110 ad
2746 2071 2805 2109 se
2829 2057 3153 2109 adeuntibus
3178 2056 3470 2117 inculcare.

1887 2164 2244 2204 .comntouens
2271 2158 2327 2202 ut
2352 2151 2419 2201 ab
2453 2150 2704 2202 haeretica
2748 2148 3105 2202 dissolutione
3146 2164 3265 2203 sese
3298 2150 3469 2201 absti-

1897 2252 2109 2305 nerent,
2147 2252 2205 2294 ut
2235 2256 2355 2309 qua:
2383 2241 2548 2295 animi
2581 2243 2817 2295 exsiccet
2842 2256 2963 2293 ossa
2987 2249 3038 2295 et
3073 2242 3467 2294 adluerentium

1901 2331 2003 2386 sibi
2037 2347 2161 2400 spes
2191 2334 2486 2388 secundum
2514 2333 2829 2401 prophetam
2860 2332 3038 2398 perire
3062 2331 3225 2384 faciat
3252 2349 3267 2385 :
3297 2331 3468 2384 solam

1900 2433 2079 2477 autem
2111 2424 2412 2477 doctrinam
2453 2440 2516 2478 ac
2550 2424 2711 2477 linem
2745 2434 3012 2487 tenerent,
3055 2439 3215 2491 quam
3247 2438 3471 2477 venera-

1900 2513 2086 2567 biliuut
2115 2525 2170 2568 et
2196 2515 2653 2568 (ecutncnicarum
2688 2528 2895 2583 septem
2931 2518 3261 2585 synodornm
3290 2516 3469 2569 studio

1898 2607 2223 2660 tleclaratam
2258 2605 2587 2675 Patrumque
2620 2606 2879 2676 suffragio
2910 2608 3312 2669 conlirmatam,
3350 2606 3473 2657 uni-

1899 2699 2127 2753 versalis
2158 2698 2399 2753 Ecclesia
2437 2698 2630 2752 devote
2678 2700 3047 2767 amp!ectitur,
3078 2714 3196 2766 quae
3229 2697 3467 2750 tidelium

1897 2807 2046 2860 spem
2088 2805 2303 2843 onmem
2335 2790 2387 2843 in
2429 2788 2596 2843 Deum
2623 2789 2975 2853 transferens,
3011 2790 3221 2844 facitut
3251 2789 3472 2844 deside-

1900 2895 2016 2938 rata
2068 2894 2473 2951 censequautur
2506 2900 2520 2935 :
2552 2882 2646 2935 l’ia
2705 2884 2873 2946 etiim,
2922 2884 3123 2945 aiebat,
3168 2893 3227 2934 ut
3281 2880 3473 2942 nostis,

206 2980 433 3034 Patrum
486 2981 639 3042 ﬁdes,
676 2981 833 3033 vanis
881 2979 1321 3034 adversariorum
1377 2978 1666 3031 conatibus
1696 2979 1976 3033 obscurari
2034 2995 2140 3033 non
2190 2987 2409 3047 pmest;
2453 2978 2548 3030 sed
2622 2978 2783 3033 rectis
2836 2977 3146 3046 apostolicis
3206 2973 3475 3031 sensibus.

206 3087 372 3142 atque
428 3073 674 3125 doctrina
730 3072 844 3140 ipsa
902 3086 999 3139 per
1043 3087 1103 3125 se
1158 3071 1411 3123 tinuatur
1472 3072 1886 3137 roboraturque.

278 3163 350 3231 ιζ.
388 3164 544 3215 υῦτω
571 3160 767 3229 ταῦτα,
798 3161 890 3214 καὶ
924 3160 1106 3231 πολλῷ
1135 3160 1308 3212 πλείω
1339 3159 1571 3223 τούτων,
1611 3160 1676 3212 ἐκ
1699 3159 1795 3212 τοῦ
1828 3167 1868 3221 C

209 3254 491 3325 θησαυροῦ
527 3255 626 3324 τῆς
674 3253 871 3306 ἑαυτοῦ
922 3252 1254 3305 θεοπλούτου
1303 3252 1500 3320 σοφίας
1549 3251 1793 3321 βιωφελῆ

209 3344 693 3415 ἐπιφθεγξάμενος
743 3344 924 3411 λόγια,
959 3344 1053 3396 καὶ
1116 3342 1376 3413 στηρίξας
1425 3343 1501 3406 ὡς
1540 3342 1601 3407 ἐξ
1628 3342 1795 3411 ἄρτου

210 3437 594 3507 πνευματικοῦ
641 3437 742 3498 τὰς
781 3434 890 3488 τῶν
941 3434 1151 3493 πιστῶν
1205 3435 1510 3489 ἐπαϊόντων
1543 3434 1793 3503 καρδίας,

211 3533 310 3585 καὶ
339 3530 420 3593 τὸ,
480 3528 790 3598 Εὐλογητὸς
819 3530 848 3581 ὁ
894 3527 1026 3590 Θεὸς
1073 3527 1129 3589 ὃς
1160 3528 1262 3579 οὐκ
1307 3526 1510 3578 ἔδωκεν
1536 3527 1685 3595 ἡμᾶς
1717 3529 1795 3589 εἰς

211 3626 389 3694 θήραν
416 3625 530 3683 τοῖς
560 3620 773 3673 ὀδοῦσιν
796 3619 998 3683 αὐτῶν,
1028 3618 1166 3671 ἀλλὰ
1189 3619 1496 3689 ῥυσάμενος
1524 3618 1671 3687 ἡμᾶς
1697 3616 1797 3685 τὴν

211 3717 422 3783 παγίδα
462 3714 803 3781 συνέτριψεν,
838 3713 917 3774 είς
947 3714 1184 3780 ἐπήκοον
1212 3710 1321 3763 τῶν
1360 3709 1797 3779 συνειλεγμένων

213 3812 409 3875 εἰπὼν,
457 3811 647 3878 χερσὶν
690 3809 991 3875 ἀνεπαφοις
1026 3805 1163 3858 θεοῦ
1198 3806 1296 3875 τὴν
1328 3806 1479 3858 ὁσίαν
1518 3806 1614 3857 καὶ
1645 3804 1798 3872 ἱερὰν

210 3904 395 3972 ψυχὴν
433 3899 756 3953 ἐναπέθετο.
817 3900 1033 3951 ὐποῖον
1065 3899 1224 3960 ἀνίας
1251 3899 1345 3951 καὶ
1371 3896 1675 3967 κατηφείας
1703 3895 1798 3948 ἄλ-

211 4013 373 4064 γημα
426 3992 692 4055 λελοιπὼς
732 3994 845 4054 τοῖς
887 3991 1198 4060 θεόφροσιν,
1236 3991 1413 4052 οὐδεὶς
1444 3990 1797 4058 παραστῆσαι

210 4088 370 4153 λόγος
399 4084 723 4153 δυνήσεται·
766 4083 899 4148 ὅσην
926 4080 981 4133 δὲ
1023 4080 1297 4149 θυμηδίας
1325 4084 1421 4131 καὶ
1476 4079 1797 4149 παρρησίας

211 4176 473 4247 ἀφορμὴν
512 4174 760 4236 δεδωκὼς
789 4174 905 4235 τοῖς
938 4173 1298 4242 κακόφροσιν,
1347 4174 1413 4224 ἐκ
1438 4170 1546 4224 τῶν
1578 4171 1797 4239 ὁρωμέ-

211 4286 321 4320 νων
344 4267 577 4328 εύπετές
639 4265 891 4318 συνιδεῖν.
920 4264 1049 4317 "At:
1077 4264 1187 4334 γὰρ
1217 4263 1353 4324 θῶες
1386 4262 1478 4314 καὶ
1511 4261 1794 4331 κερδάλαι,

212 4364 309 4415 καὶ¹
336 4362 391 4413 εἴ
420 4379 473 4412 τι
509 4360 646 4424 ζῶον
674 4360 769 4412 ἐπί
792 4359 965 4429 δειλίᾳ
992 4359 1382 4429 περίϐλεπτον,
1414 4357 1485 4410 τὰ
1516 4357 1626 4409 τῶν
1649 4356 1799 4409 λεόν-

209 4469 321 4503 των
354 4452 452 4519 οὐχ
496 4451 816 4517 ὑφίστανται
847 4450 1217 4521 προσϐλέπειν
1254 4453 1628 4520 σκιρτήματα,
1662 4451 1799 4517 ἀγα-

1974 3158 2064 3215 90.
2104 3159 2228 3213 llaec
2258 3168 2312 3211 et
2343 3157 2427 3212 bis
2458 3158 2609 3225 plura
2638 3173 2700 3210 ex
2732 3157 2991 3225 opulento
3035 3158 3228 3213 divinae
3256 3173 3366 3213 sum
3391 3173 3478 3213 sa-

1900 3251 2114 3320 pientia:
2149 3251 2403 3303 thesauro
2435 3251 2761 3317 depromens
2796 3265 3047 3305 sermone
3071 3252 3319 3317 salutari,
3349 3264 3476 3304 cum

1898 3341 2155 3411 spiritalis
2208 3341 2608 3408 quodaunnodo
2658 3342 2817 3409 panis
2868 3356 3082 3394 annona
3139 3341 3477 3395 audientium

1898 3437 2108 3489 animos
2157 3434 2536 3488 conﬁrmasset
2576 3433 2629 3486 in
2681 3434 2809 3499 tide,
2869 3448 3082 3496 eorum,
3123 3434 3213 3500 qui
3263 3433 3477 3488 collecti

1898 3536 2077 3589 erant,
2130 3524 2459 3579 obaudiente
2509 3534 2657 3579 cmtu
2701 3525 2792 3579 illa
2839 3526 3210 3593 pronuntiavit
3264 3527 3475 3578 verba:

1897 3616 2224 3671 Benedictus
2272 3615 2437 3680 Deus,
2471 3616 2561 3684 qui
2606 3631 2710 3670 non
2750 3617 2899 3670 dedit
2949 3631 3047 3670 nos
3079 3616 3130 3667 in
3173 3615 3477 3684 captionem

1898 3707 2153 3761 dentibus
2184 3721 2396 3769 eorum,
2436 3708 2530 3760 sed
2567 3707 2811 3761 liberatis
2842 3708 3017 3769 nobis,
3053 3706 3303 3775 laqueum
3345 3721 3479 3760 cou-

1902 3800 2067 3853 trivit.
2113 3799 2298 3867 itaque
2348 3798 2399 3850 iit
2434 3797 2527 3850 Dei
2572 3797 2822 3851 manibus
2874 3809 3119 3851 sanetam
3168 3813 3232 3850 ac
3264 3811 3477 3852 sacram

1901 3892 2136 3946 animant
2172 3907 2325 3946 suam
2371 3891 2640 3958 deposuit.
2686 3889 2858 3955 Quem
2905 3890 2950 3944 is
2979 3903 3206 3944 excessu
3257 3890 3349 3941 illo
3379 3903 3479 3941 suo

1903 3986 2159 4039 mceroris
2188 3999 2252 4037 ac
2286 3983 2519 4037 tristitia:
2544 3996 2762 4035 sensum
2783 3982 2963 4034 divina
2993 3980 3328 4047 sapientibus
3354 3978 3480 4032 reli-

1896 4078 2095 4148 querit,
2165 4091 2356 4141 nemo,
2408 4081 2833 4144 quantacunque
2877 4074 2925 4125 vi
2989 4072 3204 4125 dicendi
3257 4070 3475 4138 poileat,

1899 4178 2290 4239 repraesentare
2312 4167 2481 4234 possit
2512 4183 2525 4218 :
2555 4174 2813 4233 quantam
2840 4178 2968 4217 vero
3001 4164 3198 4215 laztitia:
3225 4176 3289 4214 ac
3318 4171 3479 4229 petu-

1898 4262 2076 4315 lantia:
2127 4258 2472 4314 occasionem
2501 4256 2568 4309 ab
2594 4256 2710 4325 ejus
2744 4266 2917 4309 morte
2970 4254 3281 4321 acceperint
3335 4253 3475 4305 male

1900 4354 2227 4415 sentientes,
2258 4364 2327 4403 ex
2359 4348 2426 4402 iis
2452 4362 2570 4416 qua:
2599 4349 2715 4401 visu
2748 4347 2863 4414 ipso
2894 4348 3024 4399 satis
3057 4359 3326 4413 superque
3352 4352 3479 4396 sunt

1900 4446 2197 4513 explorata,
2245 4439 2408 4494 facile
2441 4441 2811 4506 unusquisque
2856 4438 3213 4505 perSpexcrit.
3265 4435 3477 4487 Etenim

210 4542 360 4595 πῶσι
394 4542 451 4595 δέ
500 4542 622 4594 λίαν
674 4542 809 4611 μηδὲ
854 4542 955 4612 τῆς
1001 4541 1287 4613 πόρρωθεν
1331 4542 1511 4595 αὐτῶν
1557 4543 1793 4613 ἐρευγῆς
1831 4545 1851 4599 1

1733 4543 1793 4611 ἧς
1831 4545 1875 4599 ι)
1905 4550 1964 4591 ιιι
1985 4536 2217 4592 cervarii
2249 4533 2357 4602 lupi
2391 4533 2705 4600 vulpesque,
2736 4546 2801 4585 ac
2831 4530 2875 4584 si
2909 4546 3012 4597 qua
3052 4539 3176 4582 sunt
3204 4527 3307 4579 alia
3334 4527 3477 4595 ejus-

211 4636 571 4687 ἐπαισθέσθαι
625 4635 687 4686 τὸ
738 4634 983 4697 σύνολον,
1048 4636 1249 4704 ἥκιστα
1301 4635 1663 4703 συντελούσης
1717 4638 1797 4697 είς

211 4728 416 4795 θάρσος
472 4727 565 4778 καὶ
609 4728 999 4795 γενναιότητα’
1060 4726 1237 4789 οὕτως
1276 4728 1327 4780 οί
1385 4728 1484 4796 τῆς
1530 4729 1795 4796 αἱρέσεως

210 4820 465 4883 πτῶκες,
512 4819 577 4870 τὸ
606 4818 871 4872 λεόντειον
912 4820 1006 4873 καὶ
1048 4819 1307 4883 πεποιθὸς
1336 4819 1435 4889 τῆς
1475 4818 1569 4871 τοῦ
1637 4819 1795 4885 ἁγίου

210 4910 460 4979 γλώττης
486 4910 565 4962 ἔτι
598 4910 900 4980 περιούσης
922 4910 1258 4981 αἰδούμενοι,
1289 4912 1386 4964 καὶ
1410 4910 1519 4963 τῶν
1545 4910 1641 4979 τῆς
1668 4927 1799 4979 καρ-

210 5001 331 5063 δίας
360 5000 525 5053 αύτοῦ
556 5000 717 5053 θείων
745 5001 1109 5070 ἐρευγμάτων
1145 5001 1476 5068 πτοούμενοι
1506 4998 1569 5051 τὸ
1605 4997 1797 5067 βλοσυ-

211 5092 308 5162 ρὸν
360 5093 457 5147 καὶ
510 5091 788 5160 θαύματος
848 5093 1021 5157 ἄξιον,
1053 5091 1259 5161 ὑποψία
1304 5107 1366 5143 τε
1403 5089 1568 5159 πολλῇ
1613 5088 1796 5152 πιεζό-

213 5202 392 5253 μενοι,
417 5179 492 5237 ῶν
512 5202 571 5237 τε
593 5187 674 5247 εἰς
700 5186 864 5238 αὑτὸν
891 5185 1149 5254 ἔδρασαν,
1188 5178 1264 5236 ὧν
1290 5199 1348 5233 τε
1379 5181 1516 5252 πρὸς
1546 5182 1643 5249 τῆς
1666 5181 1797 5249 ἁλη-

209 5274 368 5337 θείας
398 5275 565 5344 αὐτῆς
591 5275 1043 5345 ἁπηλέγχθησαν,
1090 5273 1212 5326 οὐδὲ
1246 5276 1563 5343 προϐαίνειν
1598 5271 1796 5342 ῥαδίως

210 5362 357 5435 εἶκον
408 5370 473 5418 ἐκ
504 5366 615 5420 τῶν
655 5367 755 5435 τῆς
784 5366 985 5428 κακίας
1036 5364 1249 5419 ἑαυτῶν
1278 5364 1650 5418 καταδύσεων.
1708 5363 1798 5427 Ἐξ

208 5454 274 5511 οἱ
313 5458 371 5510 δέ
394 5459 454 5509 τὸ
483 5458 624 5511 θεῖον
653 5461 834 5511 ἐκεῖνο
876 5459 1077 5527 σκῆνος
1110 5457 1247 5527 πρὸς
1283 5458 1384 5525 τὴν
1411 5458 1677 5526 ἀμείνονα
1707 5458 1795 5508 διὰ

212 5612 261 5644 ⁸⁵
367 5611 530 5667 llebr.
574 5631 664 5675 xu,
703 5614 796 5667 23.

290 5750 355 5813 (Ι)
380 5748 521 5801 Sunt
548 5749 676 5803 anui
716 5758 841 5802 ante
870 5747 1536 5803 exsiliumadministrata:
1570 5748 1617 5797 in
1650 5747 1795 5799 Cou-

216 5819 709 5888 stantinopulitana
782 5820 911 5874 sede
1015 5818 1296 5886 dignitatis
1369 5819 1785 5886 patriartltalis,

1904 4628 2048 4682 modi
2079 4625 2337 4680 animalia
2389 4623 2696 4676 timiditatis
2742 4622 2983 4689 majoris,
3018 4621 3062 4673 si
3091 4621 3252 4688 jubas
3294 4618 3477 4671 leones

1902 4721 2151 4790 quatiant
2179 4718 2471 4785 lustrisque
2498 4715 2771 4776 exsiliant,
2807 4730 2873 4767 ne
2894 4713 3067 4766 oculis
3088 4712 3304 4779 quidem
3332 4709 3477 4764 ferte

1901 4814 2204 4874 sustinent;
2243 4809 2337 4865 sed
2382 4805 3034 4877 gratissimutnbabeut,
3086 4805 3130 4855 si
3180 4818 3247 4855 ne
3293 4801 3476 4869 preco!

1902 4905 2121 4973 quidem
2154 4902 2273 4955 illos
2294 4900 2514 4953 audiant
2545 4899 2838 4967 rugientes,
2859 4912 3167 4965 quanquam
3194 4894 3327 4947 uibil
3353 4894 3479 4944 inde

1904 4996 2144 5050 audacia:
2184 4994 2253 5047 iis
2282 5007 2347 5045 ac
2372 4990 2758 5061 generositatis
2812 4990 3033 5042 accedat
3068 5004 3081 5039 :
3119 4987 3198 5040 sic
3234 4984 3477 5038 haeretici

1905 5090 2143 5158 lepores,
2196 5102 2319 5140 cum
2352 5085 2624 5139 le0ninam
2658 5082 2761 5135 viri
2811 5082 3209 5143 fortitudinem,
3251 5080 3477 5146 ejusqne

1904 5181 2079 5233 adhuc
2131 5175 2441 5244 superStitis
2483 5175 2537 5228 in
2580 5173 2833 5242 loquendi
2885 5170 3141 5225 fiduciam
3199 5167 3477 5221 tormidiai

1906 5271 2185 5332 baberent,
2220 5275 2274 5322 et
2297 5267 2601 5321 divinarum
2646 5265 2815 5332 ipsius
2849 5264 3015 5332 animi
3068 5262 3474 5317 eructationum

1904 5362 2169 5432 gravitate
2198 5375 2261 5414 ae
2295 5360 2342 5412 vi
2384 5360 2646 5428 stupenda
2696 5357 3157 5427 pcreellerentur,
3199 5353 3475 5420 multaque

1904 5472 1998 5510 eos
2044 5454 2280 5523 suspicio
2350 5462 2595 5521 angeret,
2652 5466 2772 5503 cum
2820 5463 3008 5502 eorum
3066 5446 3303 5508 nomine,
3358 5461 3477 5514 qua:

1907 5746 1973 5797 ab
2019 5747 2081 5797 l2
2120 5745 2207 5796 die
2250 5745 2451 5801 Aprilis
2502 5745 2626 5796 anni
2661 5743 2784 5805 8015,
2816 5757 2921 5809 quo
2972 5752 3326 5795 consecratus
3364 5750 3467 5800 est,

1898 5834 2068 5882 usque
2099 5816 2164 5869 ad
2196 5816 2255 5868 l5
2290 5814 2489 5881 Martii,
2522 5831 2627 5884 quo
2657 5818 2705 5867 ιιι
2734 5814 2982 5868 exsilium
3013 5823 3093 5867 ιιπὶ
3123 5814 3463 5877 deportatus.
