4240 6438
703 355 809 423 159

1695 354 1752 411 S.
1798 350 2217 410 NlCEi‘ilUiti
2264 344 2771 406 i‘.\'i‘i’tl.\itCil.B
2812 342 2923 401 ΕΡ.

3884 324 3992 390 1οῧ

708 472 1138 536 ἱειυχςιιειοιςιιιιιιι
1194 464 1357 517 habet
1406 462 1616 515 laudent
1645 482 1660 528 ',
1694 467 1774 518 sic
1809 466 1873 518 ab
1920 483 1984 518 co
2027 465 2290 518 abet-rans
2322 473 2364 523 Α

2322 473 2364 523 Α
2397 462 2555 529 (iactv
2583 476 2594 487 ·
2634 456 2922 523 γινώσκων
2965 452 3046 506 ὅτι
3081 450 3139 504 τὸ
3186 450 3285 519 μὲν
3321 448 3601 516 ἐπιτυχεῖν
3639 442 3988 511 ἀπροσδόκη-

711 562 921 614 νιειιίςιιιι
953 574 1048 627 pro
1085 557 1250 611 animi
1292 559 1525 611 candotc
1566 569 1860 608 mereatur.

1152 848 3405 874 _____________________________________._____.——————

2397 568 2488 601 τον
2523 550 2634 617 ἔχει
2664 547 2755 598 τὸν
2787 546 3011 598 ἔπαινον
3032 583 3046 607 ,
3081 543 3143 595 τὸ
3170 542 3226 595 δὲ
3270 536 3601 609 σφάλλεσθιι
3646 531 3988 603 συγγνώμην

2397 638 2737 709 εὐγνώμονα.

3430 846 3603 858 ..ν-
3615 846 3728 855 -..__..
3744 840 3953 854 ..-κ-...α

2125 1011 2583 1107 ORATIO

991 1223 1099 1283 DE
1128 1220 1456 1282 EXSILIO
1496 1215 1780 1305 SAECTI
1830 1210 2292 1283 NICEPHORI,
2326 1209 2430 1270 ET
2477 1204 3103 1269 TRANSLATIONE
3142 1203 3732 1277 RELIQUIARUM,

1651 1382 1887 1435 Auctore
1925 1378 2259 1446 Theophane
2293 1376 2615 1445 presbytero
2646 1383 2702 1427 et
2736 1373 3054 1442 praeposito.

1347 1540 1575 1596 CAPUT
1618 1538 1658 1594 l.

761 1662 944 1717 Sancti
977 1658 1265 1727 Nicepltori
1306 1656 1725 1725 patriarcltatus,
1762 1652 2029 1715 exsilium,
2067 1651 2260 1703 obitus.

793 1801 846 1854 ‘l.
880 1798 1114 1852 Plurima
1155 1793 1401 1864 proiecto
1433 1791 1671 1845 diversis
1711 1789 2111 1844 occasionibus
2138 1798 2303 1855 atque

725 1890 1085 1960 temporibus,
1108 1887 1160 1940 itt
1188 1884 1444 1956 gentibus
1464 1893 1519 1936 et
1538 1882 1858 1937 civitatibus
1883 1880 2144 1948 praeclara
2171 1881 2305 1935 faci-

724 1998 883 2041 nora,
907 1980 973 2031 ad
996 1978 1226 2031 eximias
1244 1974 1334 2029 Dei
1353 1974 1827 2041 maximorumque
1852 1990 2034 2027 rerum
2053 1974 2306 2026 demons—

727 2075 989 2127 trationes
1011 2071 1153 2124 facta
1187 2067 1548 2136 snnt,quibus
1573 2080 1698 2120 vera
1735 2067 1905 2133 ipsius
1936 2067 2170 2135 cognitio
2188 2082 2308 2131 per—

728 2168 914 2234 spicue
953 2162 1398 2217 fuitconlirntata
1440 2179 1451 2214 :
1483 2160 1941 2230 quemadmodum
1978 2160 2034 2213 in
2079 2160 2309 2213 Psalmis

728 2260 943 2307 t-attitur
971 2274 982 2306 :
1009 2254 1130 2306 Dies
1152 2253 1258 2305 dici
1278 2261 1482 2305 eructat
1501 2252 1729 2314 verbum,
1750 2260 1797 2302 et
1823 2267 1925 2303 non:
1950 2252 2090 2303 nocti
2108 2251 2309 2303 audient

730 2347 1003 2399 aqicutinm
1034 2346 1103 2398 ²⁶.
1134 2344 1345 2409 Quibus
1372 2341 1557 2395 verbis
1617 2342 1719 2394 etsi
1772 2352 2032 2410 perpetua
2091 2341 2181 2395 illa
2217 2342 2308 2395 Dei

734 2450 929 2500 \tl‘lllS,
962 2452 1142 2489 rerum
1177 2434 1422 2489 omnium
1482 2443 1646 2501 atque
1695 2433 1940 2487 universi
1990 2434 2143 2487 orbis
2183 2450 2317 2488 eun-

735 2529 1006 2584 :-ert'atrix
1040 2543 1103 2581 ac
1158 2526 1490 2580 moderatrix
1536 2525 1830 2588 indicatur,
1876 2541 1979 2578 non
2018 2528 2196 2579 minus
2237 2539 2316 2579 ta-

737 2640 881 2685 men,
927 2622 1037 2673 imo
1079 2634 1211 2672 vero
1247 2620 1417 2688 magis
1444 2620 1609 2671 etiam
1665 2618 2045 2686 sigttilicautur
2074 2634 2161 2680 ea,
2197 2636 2317 2686 qua:

739 2714 940 2768 nostris
979 2712 1315 2781 temporibus
1340 2711 1395 2764 itt
1446 2710 1636 2779 primis
1662 2710 1989 2764 excellentia
2024 2721 2188 2779 atque
2220 2713 2317 2763 ad-

740 2805 1012 2860 mirabilia
1043 2816 1193 2872 gesta
1226 2814 1357 2857 sunt
1381 2803 1451 2857 ab
1475 2801 1667 2856 eadem
1726 2802 1838 2871 ipsa
1874 2804 2058 2856 divina
2093 2805 2317 2865 virtute,

738 2917 859 2966 σμιευ
896 2898 1098 2952 eximia
1127 2897 1372 2968 putentia
1399 2912 1495 2951 sua
1527 2905 1724 2950 cuncta
1753 2896 2022 2966 gubernat
2052 2911 2116 2949 ac
2160 2898 2318 2966 regit.

742 2991 1024 3060 siquidem
1054 3006 1160 3043 non
1195 2988 1249 3044 itt
1275 3006 1378 3043 una
1405 2998 1583 3057 parte,
1624 3004 1800 3057 neque
1826 2989 1877 3041 in
1905 2998 2066 3057 gente
2100 2990 2321 3043 minima

2410 1532 2545 1603 perii
2567 1542 2784 1601 sceptra
2804 1531 2876 1600 (ιν)
2906 1530 3312 1591 moderabatur,
3333 1540 3389 1581 et
3416 1526 3757 1593 Nicepltorus
3779 1540 3998 1577 sacram

2410 1625 2643 1679 excelsa:
2665 1633 2829 1692 atque
2858 1623 3074 1677 urbium
3110 1620 3309 1689 regina:
3343 1620 3583 1673 civitatis
3617 1618 3801 1670 sedem
3842 1615 3993 1667 obti-

2343 1751 2384 1805 Β
2416 1722 2596 1785 nebat,
2629 1717 2969 1788 quiluminis
3016 1718 3189 1770 instar
3241 1725 3502 1783 perpetuo
3553 1710 3835 1780 fulgentis,
3872 1708 4001 1760 nai-

2415 1828 2631 1870 versnm
2685 1812 2872 1865 orbem
2929 1819 3200 1861 terrarum
3257 1808 3520 1859 virtutum
3578 1803 3746 1856 radiis
3804 1799 4003 1853 illami-

2412 1907 2596 1963 nabat.
2629 1903 2749 1957 Jant
2785 1912 2839 1957 et
2872 1902 2923 1956 itt
2963 1900 3210 1968 principe
3250 1914 3313 1950 ac
3357 1897 3513 1950 beata
3568 1894 3842 1948 Trinitate
3889 1906 4001 1943 tttt.t

2414 2008 2469 2053 et
2491 1997 2678 2049 cadent
2693 1995 2956 2054 essentia,
2978 2000 3031 2043 et
3061 1991 3113 2041 itt
3140 2006 3243 2041 ttua
3273 1988 3369 2041 Dei
3392 1985 3552 2040 Verbi
3576 1999 3800 2039 carnem
3829 1983 4003 2035 induti

2414 2105 2646 2161 persmta
2685 2090 2802 2140 dua:
2834 2097 3062 2147 natur-ar,
3090 2092 3145 2136 et
3194 2082 3312 2135 dna:
3354 2080 3665 2135 voluntates
3698 2075 4008 2130 clarissime

2418 2187 2633 2238 Inerant
2654 2178 2978 2248 Opportunis
3015 2174 3265 2228 conciliis
3287 2172 3601 2226 constitutae
3618 2179 3671 2223 et
3691 2168 4005 2225 declaratm,

2416 2273 2712 2332 contrariis
2763 2268 3115 2339 opinionibus
3156 2265 3374 2331 rcjccﬁs
3425 2274 3593 2331 atque
3650 2258 4006 2327 improbatis,

2417 2381 2472 2421 et
2518 2366 2669 2420 utilis
2721 2377 3009 2417 sacrarum
3072 2360 3370 2427 imaginunt
3415 2370 3546 2408 usus
3592 2354 3705 2423 iam
3749 2352 3879 2402 inde
3944 2348 4006 2399 ab

2421 2461 2578 2515 initio
2600 2456 2884 2512 institutus
2909 2463 2962 2508 et
2988 2468 3085 2519 per
3117 2465 3311 2504 manus
3345 2450 3600 2509 traditus,
3632 2446 3684 2497 in
3744 2442 4001 2496 omnibus

2426 2549 2685 2606 Ecclt-siis
2704 2555 2897 2601 ornate
2924 2543 3232 2611 decoreque
3261 2539 3774 2593 detttonstrabatnr:
3802 2548 4000 2601 quent-

2422 2642 2714 2697 admodum
2768 2636 3033 2705 proximis
3082 2632 3456 2701 temporibus,
3513 2638 3826 2681 sanctorum
3913 2622 4011 2675 Pa-

2424 2748 2565 2789 trum
2595 2731 2886 2786 concilittm
2917 2726 3316 2782 celebrantium
3369 2721 3644 2791 suflragiis
3679 2722 3758 2787 (π)
3804 2714 4003 2769 ditiui-

2425 2837 2511 2881 tus
2533 2823 2711 2877 fuerat
2740 2817 3153 2887 comprobatus.

2496 2915 2550 2969 5.
2588 2912 2788 2966 Verum
2816 2918 3176 2978 posteaquam
3226 2902 3568 2973 Nicephorus
3598 2899 3672 2969 (υ)
3719 2898 4017 2966 ittlpt‘t‘atnr

2429 3024 2535 3063 una
2570 3021 2694 3061 cum
2729 3004 2841 3057 lilio
2865 3001 3024 3068 hujus
3052 3001 3182 3054 vitae
3233 2998 3396 3051 liuent
3450 2995 3680 3049 sortitus
3710 3001 3813 3054 esi,
3843 2999 3897 3041 et
3954 2988 4018 3038 ad

742 3096 835 3137 attt
867 3082 1269 3137 contemnenda
1297 3082 1562 3149 ejusmodi
1621 3084 1889 3136 bonorum
1947 3098 2172 3137 munera
2239 3086 2320 3137 vi-
2352 3102 2394 3155 ρ
2428 3094 2845 3163 Μίριιπιρηιμ)
2872 3094 2992 3160 eius
3015 3105 3272 3162 generum
3304 3087 3520 3155 imperii
3551 3082 3873 3153 subornati”
3903 3093 4023 3146 par-

743 3186 978 3244 gneruut
1008 3194 1021 3230 :
1054 3179 1149 3230 sed
1194 3177 1408 3247 publice
1438 3186 1490 3231 et
1516 3177 1740 3243 passim,
1775 3185 1829 3229 et
1868 3176 1921 3229 itt
1961 3178 2183 3246 proprio
2236 3188 2321 3230 at-

747 3285 855 3339 que
882 3269 1060 3325 electo
1091 3269 1293 3323 Christi
1331 3268 1503 3332 clero,
1537 3270 1631 3337 qtti
1669 3268 1904 3337 apostoli
1953 3269 2097 3322 Petri
2144 3270 2326 3325 verbis

747 3362 943 3415 merito
994 3374 1222 3416 vocatur
1263 3359 1446 3430 regale
1489 3360 1886 3423 sacerdotium,
1916 3376 2050 3429 gens
2113 3372 2326 3425 sancta,

746 3454 978 3524 populus
1039 3453 1421 3524 acquisitionis
1448 3454 1516 3507 ’⁷.
1554 3450 1753 3506 Verum
1808 3453 2071 3523 quoniam
2137 3468 2321 3507 rerum

750 3544 1118 3599 maximarum
1148 3554 1471 3614 argumenta
1509 3546 2000 3613 praestantissimos
2045 3547 2332 3615 requirunt

747 3646 1127 3697 enarratores,
1161 3636 1255 3704 qui
1292 3636 1509 3690 dicendi
1534 3637 1583 3689 vi
1613 3644 1707 3691 eas
1749 3638 1968 3692 valeant
2025 3640 2330 3709 explicare,

751 3740 817 3780 ne
859 3726 1108 3780 inornata
1136 3726 1415 3807 orationis
1474 3729 1742 3783 tenuitate
1793 3744 1983 3783 earum
2040 3731 2335 3800 amplitudo

752 3819 1299 3887 intntinuatur;ego,
1362 3820 1454 3890 qui
1518 3821 1792 3875 orationis
1846 3819 2038 3887 laboro
2101 3837 2337 3892 pauper-

754 3920 903 3974 tate,
963 3910 1317 3965 vehementer
1370 3926 1400 3965 a
1458 3911 1750 3966 scribendo
1811 3912 2131 3967 deterrebor
2185 3932 2197 3967 :
2244 3913 2338 3967 sed

754 4012 936 4056 tantcn
986 4004 1221 4058 assiduis
1276 4019 1363 4059 me
1401 4003 1470 4058 ad
1539 4019 1737 4058 munus
1770 4005 1874 4059 hoc
1931 4006 2336 4075 suscipiendum

754 4094 1163 4149 adhortantium
1188 4097 1443 4163 precibus
1475 4112 1579 4150 non
1606 4097 1757 4166 potui
1788 4112 1893 4152 non
1936 4099 2338 4166 obtemperare.

759 4187 849 4239 Dei
911 4187 1094 4256 igitur,
1132 4188 1224 4256 qui
1258 4187 1479 4248 dicendi
1536 4188 1852 4243 facultatem
1874 4188 2160 4258 elargitur,
2187 4188 2341 4242 beni-

755 4277 967 4345 gnitate
1006 4267 1267 4342 conlisus,
1310 4280 1378 4332 ad
1410 4278 1760 4333 scribendum
1791 4279 2017 4344 accedo,
2052 4279 2343 4349 adiuvante

761 4384 847 4420 me
902 4368 1158 4436 precibus
1218 4369 1333 4424 suis
1363 4371 1778 4439 orationemque
1812 4370 2124 4424 moderante
2156 4370 2342 4424 divino

2429 3190 2598 3253 venit,
2629 3188 2734 3243 sub
2759 3185 2978 3241 leonino
3016 3180 3237 3235 nomine
3279 3178 3579 3233 crudeliter
3627 3174 3909 3230 frendens,
3944 3169 4021 3220 in~

2430 3283 2573 3334 vasit
2623 3282 2768 3333 hunc
2793 3276 2950 3329 valde
2990 3288 3169 3327 saevus
3222 3270 3587 3337 immanisque
3616 3265 3749 3330 Leo,
3788 3279 3855 3317 ex
3910 3264 4019 3314 Ar-

2435 3374 2613 3428 menia
2645 3384 2816 3441 genus
2847 3368 3054 3421 ducens
3084 3385 3096 3420 ι
3127 3363 3220 3434 qui
3251 3373 3306 3417 et
3336 3360 3701 3416 defectionem
3740 3374 3768 3409 a
3808 3353 3939 3417 Deo,
3968 3362 4023 3405 et

2430 3467 2695 3521 adversus
2732 3462 3142 3529 imperatorem,
3178 3455 3320 3523 apud
3351 3468 3512 3521 quem
3549 3452 3601 3503 itt
3631 3451 3838 3502 honore
3869 3457 4015 3508 erat,

2435 3558 2659 3610 minime
2690 3554 2980 3608 obscurant
3013 3560 3109 3604 aut
3156 3558 3357 3603 tectam
3411 3542 3754 3615 tyrannidem
3806 3537 4018 3591 ntaclti-

2435 3647 2691 3702 nabatur.
2718 3644 2871 3711 Quod
2914 3642 3134 3712 quidem
3194 3639 3268 3694 illi
3303 3653 3335 3692 e
3396 3634 3669 3691 sententia
3697 3630 3961 3685 successit
3994 3645 4007 3679 :

2436 3754 2561 3793 nam
2591 3754 2688 3809 per
2713 3738 2821 3789 vim
2847 3736 2947 3789 sibi
2978 3735 3267 3803 imperium
3296 3728 3595 3783 vindicavit
3624 3725 3723 3795 (a).
3751 3722 4025 3778 (Laterum

2438 3831 2583 3884 haud
2611 3829 2773 3884 aliter
2806 3828 2960 3882 duxit
2988 3825 3285 3895 potentiam
3333 3836 3490 3875 suam
3535 3819 3653 3873 fore
3684 3816 4029 3873 diuturnam.

2438 3922 2540 3975 nisi
2572 3929 2763 3976 contra
2799 3935 2897 3973 nos
2926 3920 3190 3973 audacter
3254 3914 3453 3970 bellum
3477 3909 3808 3978 susciperet,
3837 3914 3895 3960 et
3938 3918 4030 3957 ve-

2439 4012 2761 4069 nerabiliutn
2798 4012 3097 4081 imaginum
3130 4007 3413 4062 interitum
3445 4002 3594 4056 omni
3636 3999 3818 4056 studio
3864 4006 4035 4064 atque

2440 4116 2556 4160 arte
2593 4105 2901 4158 moliretur.
2931 4103 3011 4156 Ad
3058 4102 3203 4155 hunc
3250 4098 3393 4150 enim
3429 4097 3671 4149 furorem
3702 4101 3868 4158 atque
3932 4088 4031 4140 de-

2443 4195 2701 4251 mentiam
2741 4210 2770 4247 a
2803 4193 3164 4255 daemonibus,
3192 4206 3222 4243 a
3279 4188 3479 4257 quibus
3532 4181 3937 4241 instruebatur,
3972 4186 4031 4229 et

2443 4288 2600 4342 falsis
2631 4299 2816 4340 vatum
2860 4285 3205 4339 mendacium
3257 4278 3489 4335 somniis
3514 4285 3569 4330 et
3604 4273 3825 4328 incertis
3895 4280 4033 4323 teut-

2442 4394 2636 4449 porum
2669 4376 2956 4447 promissis
2987 4374 3193 4429 misere
3222 4369 3538 4439 compulsus
3571 4376 3711 4419 erat.

760 4457 921 4512 Patre
978 4458 1303 4528 Nicephoro.
1334 4459 1425 4527 qui
1458 4472 1516 4512 se
1550 4460 1707 4514 nobis
1732 4460 2028 4513 maximum
2065 4459 2133 4513 ad
2157 4458 2343 4514 dicen-
2376 4453 2425 4511 ι)

2376 4453 2425 4511 D
2519 4470 2575 4526 4.
2607 4468 2835 4537 lmpium
2867 4477 3048 4521 autem
3087 4473 3252 4532 atque
3273 4462 3450 4516 audax
3480 4457 3696 4511 facinus
3720 4453 3787 4507 ad
3817 4461 4037 4520 Optatos

764 4552 890 4603 dum
933 4561 1309 4620 argumentum
1344 4550 1592 4621 prmbuit.

835 4642 889 4695 9..
913 4642 1047 4695 Cum
1083 4642 1343 4710 przcclare
1376 4658 1462 4697 res
1488 4652 1689 4697 nostra;
1710 4658 1829 4696 sese
1869 4643 2153 4709 baberent,
2187 4657 2241 4698 et
2278 4662 2343 4699 ex

769 4736 1003 4789 utilitate
1058 4752 1121 4790 ac
1178 4736 1441 4806 dignitate
1498 4748 1844 4807 gererentur,
1885 4749 2013 4791 tunc
2059 4738 2339 4802 nimirum,

767 4844 889 4883 cutu
923 4845 1062 4883 unus
1095 4829 1147 4882 itt
1201 4826 1444 4883 Ecclesia
1511 4843 1707 4882 sensus
1770 4829 2009 4895 vigebat,
2061 4839 2116 4882 et
2180 4830 2346 4897 itnpia

766 4934 960 4975 «ιω-ια
994 4937 1055 4976 ac
1088 4920 1375 4991 peregrina
1406 4921 1680 4989 dogmata,
1718 4930 1972 4988 tanquam
2010 4922 2218 4975 scelera
2259 4935 2344 4975 at-

768 5028 875 5080 que
907 5013 1114 5081 lliat'lliil
1149 5011 1465 5065 detestanda
1500 4993 1781 5076 reficiens,
1813 5026 2005 5064 omnes
2064 5011 2349 5065 haereticu-

770 5121 888 5158 runt
916 5120 1086 5173 nugas
1123 5103 1189 5155 ad
1249 5101 1477 5156 niltilum
1524 5102 1831 5171 redigebat;
1860 5100 2196 5171 Nicepltorus
2252 5104 2352 5157 in.-

850 5283 897 5313 “
944 5280 1085 5335 l’sal.
1137 5294 1288 5344 xvttt,
1324 5278 1377 5331 5.
1408 5262 1411 5265 λ
1457 5277 1533 5331 ²⁷Ι
1560 5277 1703 5331 Pctr.
1736 5295 1793 5339 lt,
1821 5279 1875 5331 9.

845 5425 917 5488 (υ)
950 5418 1284 5486 Net-pltorns
1333 5416 1509 5488 factus
1555 5425 1638 5467 est
1690 5416 1986 5488 imperator
2037 5427 2181 5488 anno
2218 5413 2343 5466 8:32.

847 5484 937 5561 (at),
964 5484 1235 5561 Nerienem
1262 5505 1297 5541 ll
1338 5486 1578 5540 babttum
1631 5503 1772 5538 anno
1814 5484 1939 5546 7257,
1971 5485 2056 5537 cui
2102 5486 2352 5537 interluc-

778 5559 905 5618 Ittrtl-
926 5560 1113 5614 i‘att'cs
1142 5559 1264 5611 550.

853 5634 929 5702 ty)
962 5628 1533 5702 Pin-ephoruspercisus
1565 5626 1634 5678 (ἐϋ
1674 5623 1797 5702 Julii
1832 5625 1957 5702 anni
2011 5623 2068 5701 {ii
2091 5625 2134 5684 I,
2160 5639 2351 5691 snper-

782 5692 1233 5759 futt'Staurat-ins
1268 5701 1410 5751 tilins
1442 5713 1610 5765 usque
1632 5699 1697 5747 ad
1732 5696 1785 5746 li
1827 5692 2070 5747 ,Μίκκα-ιι
2100 5711 2355 5762 proxmu.

859 5775 939 5842 (ε.)
990 5770 1221 5825 .‘ltcltacl
1267 5770 1620 5837 Cttrupalatcs
1677 5767 2006 5819 actiatnattts
2063 5766 2355 5836 iit-.pCt‘atut‘

2455 4562 2632 4615 exitus
2654 4575 2713 4615 se
2742 4560 3127 4629 perducturum
3153 4570 3260 4609 non
3291 4552 3555 4621 speravit,
3576 4548 3679 4602 nisi
3708 4543 4030 4614 praclarum

2460 4654 2719 4707 Ecclesia:
2748 4653 2966 4714 ducent,
3001 4658 3056 4702 et
3084 4646 3153 4701 ab
3183 4645 3332 4700 omni
3393 4639 3819 4711 reprehensione
3852 4649 4033 4688 remo-

2452 4755 2587 4808 tum,
2620 4755 2780 4797 recta:
2804 4743 3069 4797 doctrina:
3111 4737 3378 4807 regulam,
3423 4735 3786 4802 Nicephorum
3815 4744 3845 4780 e
3874 4741 4036 4779 saeta

2449 4838 2579 4890 sede
2609 4837 3031 4901 exturbaret,ut
3093 4834 3325 4903 propria:
3372 4828 3593 4882 malitiae
3654 4835 4040 4894 prepuguacu‘

2454 4926 2562 4979 lttttt
2602 4925 2901 4979 Ecclesium
2940 4925 3323 4986 constitueret,
3349 4929 3404 4972 et
3463 4917 3674 4971 nemine
3742 4911 4035 4965 conatibus

2455 5020 2567 5071 suis
2600 5027 2958 5087 repugnante,
2995 5016 3179 5070 omnia
3217 5029 3282 5067 ex
3310 5010 3583 5066 sententia
3609 5022 3705 5059 sua
3736 5013 3791 5058 et
3815 5017 4037 5062 eorum,

2457 5110 2548 5177 qui
2611 5109 2712 5163 sibi
2771 5108 3072 5173 favebant,
3134 5115 3249 5158 tuto
3318 5102 3718 5157 moderaretur.
3797 5092 4041 5146 Primum

2453 5416 2489 5469 9.
2512 5417 2696 5469 octob.
2728 5416 2853 5470 anui
2882 5416 3007 5468 8H.

2528 5488 2602 5555 (ιι)
2638 5489 2744 5540 Leo
2774 5497 3067 5541 coronatur
3110 5483 3166 5536 11
3198 5484 3316 5555 julii
3351 5480 3616 5555 anni8|5
3650 5497 3662 5530 :
3704 5476 4046 5555 correximus

2456 5550 2638 5609 autem
2666 5559 2809 5625 quod
2852 5558 3120 5624 interpres
3152 5556 3242 5608 hic
3284 5553 3489 5625 Leontii
3531 5567 3727 5603 nu.:tett
3776 5563 3885 5625 μιν
3931 5550 4045 5596 ltu-

2460 5629 2588 5680 nino
2608 5616 2825 5680 nomine
2856 5616 3148 5696 scrip-serat
3174 5626 3226 5680 itt
3255 5624 3583 5692 amphibolia
3607 5636 3747 5674 tot-:5
3776 5616 4046 5677 kzdvzta;

2462 5698 2845 5752 ltallttritratus.
