4240 6438
790 392 889 456 187
1779 389 1840 446 S.
1881 385 2304 446 NICEPIIORI
2346 384 2870 446 PATRIARCIIE.
2910 384 3014 443 CP.
3364 454 3371 456 _
3942 376 4041 440 163

790 513 977 572 pector
1011 508 1062 553 et
1121 496 1552 565 contemplator;
1609 509 1644 548 o
1674 493 1842 549 divini
1889 504 2151 562 aspectus
2203 505 2362 561 atque
2394 500 2437 555 Α
2468 503 2575 547 tem
2609 494 2879 554 instituta,
2913 490 3081 543 variis
3108 488 3336 543 inlibris
3384 503 3413 541 τι
3461 497 3514 542 te
3573 486 3761 543 relicta
3808 488 4040 558 perlegi-

789 588 1095 660 splendoris
1126 585 1297 655 gloria
1322 587 1539 640 abunde
1582 594 1800 653 propter
1834 586 2032 639 mentis
2066 585 2361 653 puritatem

794 680 1088 743 illustrnte;
1115 691 1150 731 ο
1175 676 1617 745 patriarcharum
1643 685 1806 745 atque
1829 676 2141 745 pontiﬁcum
2185 677 2332 729 socie

792 768 917 822 tatis
977 764 1388 833 particeps.qni
1441 772 1497 818 et
1548 764 1764 818 nomine
1800 774 1854 819 et
1912 779 1977 818 re
2032 763 2192 817 simul
2236 779 2361 818 cum

790 854 899 907 illis
926 853 1174 906 victoria:
1205 851 1479 920 praconia
1511 853 1840 921 et'praautia,
1869 855 2128 907 aerumnis
2155 860 2209 906 et
2262 867 2355 919 pe-

790 942 981 996 riculis
1004 941 1300 1008 superatis,
1342 942 1636 1009 percepisti
1669 956 1685 995 :
1713 940 1928 1009 suscipe
1961 942 2189 1012 benigne
2244 942 2358 995 sin-

789 1038 901 1091 ceri
923 1036 1103 1089 cordis
1131 1050 1259 1104 erga
1312 1043 1367 1088 te
1425 1035 1583 1087 Iidem
1610 1044 1665 1089 et
1690 1032 2055 1097 aﬂectionem,
2091 1032 2360 1085 vicissim-

789 1142 895 1195 que
921 1135 1043 1179 tuas
1068 1141 1167 1194 pro
1195 1126 1357 1181 nobis
1383 1125 1451 1179 ad
1511 1124 1674 1178 Deum
1702 1138 1869 1194 puras
1900 1133 2187 1192 castasque
2229 1137 2359 1190 pre-

790 1231 882 1271 ces
906 1219 1103 1271 exhibe
1154 1235 1169 1270 :
1211 1225 1269 1270 ut
1328 1215 1571 1269 Ecclesia
1625 1223 1819 1268 sancta
1867 1215 1920 1267 in
1972 1213 2361 1282 tranquillitate

789 1319 1060 1372 versetur,
1090 1320 1145 1362 et
1176 1308 1537 1376 lidesintegra
1567 1308 1927 1362 custodiatur.
1956 1305 2011 1359 In
2035 1314 2360 1374 perpetuum

792 1401 950 1453 nobis
994 1400 1164 1456 Deum
1200 1400 1497 1468 propitium
1544 1399 1731 1463 redde,
1761 1408 1817 1453 et
1852 1413 1971 1461 nos,
2017 1398 2110 1466 qui
2165 1398 2362 1468 jucun-

791 1490 1015 1546 dissima
1050 1500 1138 1546 tua
1176 1498 1551 1556 monumenta,
1583 1490 1675 1560 qui
1724 1488 2086 1559 pulcherrirna
2122 1488 2191 1544 ad
2223 1488 2362 1545 salu-

2467 597 2615 647 mus,
2655 581 2711 635 in
2758 590 2903 635 recta
2939 580 3254 649 deguiatum
3294 578 3540 634 doctrina
3574 580 3759 633 llrmos
3792 580 4040 634 immobi-

2467 669 2658 738 lcsque
2696 683 2966 725 conserva
3021 680 3076 723 et
3124 668 3352 722 inomni
3414 677 3721 738 temporum
3772 669 4037 723 varietate

2466 772 2823 817 constantes:
2871 770 2931 816 ut
2971 775 3191 815 omnem
3249 760 3515 826 reliquam
3565 761 3732 813 vitam
3792 761 4041 828 exemplo

2468 865 2560 908 tuo
2584 864 2774 908 sancte
2837 855 3227 921 transignmns,
3284 862 3344 906 ut
3386 853 3496 909 Deo
3553 853 3705 906 cbari
3763 853 3956 917 simus,
3987 861 4042 907 ct

2467 945 2763 1015 quaejustis
2792 946 3055 1014 promissa
3087 956 3235 1007 sunt.
3262 946 3402 999 bona
3425 959 3853 1011 consequamur,
3899 946 4041 998 illius

2469 1036 2847 1091 misericordia
2899 1052 2965 1091 ac
3016 1051 3264 1100 munere,
3309 1038 3400 1106 qui
3458 1047 3680 1105 propter
3728 1050 3825 1089 nos
3875 1036 4040 1089 bomo

2470 1128 2613 1191 ﬁeri,
2641 1137 2697 1183 et
2722 1142 2890 1183 carne
2938 1128 3162 1183 indutus
3194 1129 3367 1182 videri
3413 1144 3518 1181 non
3561 1136 3646 1182 est
3701 1128 4039 1197 dedignatus,

2468 1218 2716 1273 Christus
2745 1220 2885 1273 Deus
2920 1229 3106 1274 noster
3136 1238 3151 1274 :
3199 1220 3293 1289 qui
3329 1220 3595 1275 colendus
3635 1229 3691 1275 et
3731 1222 4039 1273 adoramlus~

2466 1321 2553 1365 est
2579 1326 2701 1365 cum
2734 1310 2917 1376 Patre.
2945 1312 3038 1380 qui
3072 1320 3156 1366 est
3204 1322 3330 1367 ante
3374 1312 3724 1381 principium,
3755 1321 3811 1366 et
3857 1311 4040 1364 divino

2470 1398 2703 1468 Spiritu,
2728 1400 2821 1467 qui
2842 1410 2928 1455 est
2958 1400 3202 1470 ejusdem
3227 1416 3352 1455 cum
3389 1401 3499 1456 illis
3525 1402 3799 1469 essentia,
3824 1410 4040 1456 auctor-

2470 1507 2575 1564 que
2613 1493 2737 1548 vita:
2775 1493 2826 1547 in
2862 1492 3056 1549 saecula
3085 1494 3427 1550 saeculorum.
3456 1494 3651 1549 Amen.
