4240 6438
772 437 871 506 179

1790 440 1851 501 5.
1886 440 2301 502 NICEPHORI
2344 443 2846 505 PATRIARCHE
2882 446 2988 512 (ΖΡ.

3904 454 4003 519 ιω

779 562 1023 619 tientium
1058 561 1264 632 linguas
1290 560 1416 617 facit
1447 562 1695 628 disertas,
1729 572 1783 618 et
1812 562 2205 620 claudicantum
2247 580 2337 634 pe-
2362 570 2412 627 Α
2437 587 2453 617 a

2314 594 2337 605 -
2362 570 2412 627 Α
2437 566 2597 628 καλῶς
2623 569 2752 641 πρός
2772 574 2856 626 τὴν
2883 573 2971 622 τοῦ
3007 569 3304 639 εὐαγγελίου
3344 573 3642 640 έτοιμασίαν
3668 594 3988 647 apum-auro;

774 656 893 719 des,
916 662 972 709 ut
997 653 1062 707 ad
1078 651 1345 722 Evangelii
1371 654 1797 722 praedicationem
1819 654 2068 711 alacriter
2087 664 2323 720 currant,

772 744 1057 799 confirmat
1085 743 1515 814 consolidatque;
1548 744 1802 798 talentum
1830 755 2085 815 praeterea
2113 762 2328 801 concre.

771 836 938 890 ditum
971 834 1315 904 multiplicet,
1361 841 1418 887 ut
1455 841 1692 902 tempore
1730 845 2049 904 opportuno,
2095 836 2146 889 id
2189 836 2330 905 quod

771 924 1147 995 patrifamilias
1195 926 1445 989 debetur,
1499 941 1603 979 non
1652 926 1851 993 absque
1898 924 2077 979 fenore
2123 926 2331 981 restitui

771 1014 1076 1083 contingat;
1124 1026 1294 1080 neque
1328 1012 1379 1065 id
1410 1012 1580 1067 solum
1611 1012 1763 1067 nobis
1793 1013 2149 1082 impertiatur,
2184 1022 2242 1067 ut
2278 1014 2329 1068 in

772 1102 933 1158 fertili
987 1105 1071 1159 illa
1117 1103 1270 1155 vinea
1316 1117 1614 1171 operemur,
1667 1102 1757 1156 sed
1800 1102 2039 1157 laborum
2070 1105 2329 1173 gravitate

772 1194 1120 1263 mol-stiaque
1167 1208 1321 1261 aequo
1370 1193 1547 1245 animo
1600 1191 1878 1255 toleratis,
1939 1190 2177 1261 aestuque
2224 1194 2328 1248 diei

771 1282 1059 1342 exantlato,
1102 1282 1426 1351 operationis
1458 1296 1667 1349 quoque
1704 1282 1977 1349 praemium
2012 1282 2328 1347 referamus,

771 1381 827 1425 et
867 1372 948 1425 liis
984 1370 1073 1439 qui
1111 1380 1247 1423 cttra
1283 1369 1583 1437 pactionem
1618 1371 1714 1422 sub
1746 1371 2077 1423 undecimam
2110 1371 2331 1424 introie-

768 1471 917 1522 rant,
942 1461 993 1514 in
1021 1461 1263 1514 mercede
1288 1458 1658 1529 consequenda
1686 1476 1955 1528 aaquemur
1980 1459 2190 1531 (Matth.
2213 1462 2323 1531 xx);

773 1550 1003 1619 denique
1036 1552 1229 1606 mentis
1261 1562 1453 1605 nostra:
1482 1551 1689 1605 oculmn
1723 1552 1981 1615 illustret,
2014 1561 2071 1606 ut
2101 1553 2328 1620 spiritali

770 1644 889 1698 luce
915 1644 1187 1707 illustrati,
1210 1645 1522 1713 sublatoque
1548 1654 1600 1697 et
1625 1644 1766 1698 eluto
1790 1647 1931 1715 quod
1952 1646 2142 1699 animae
2162 1648 2327 1701 aciem

771 1734 1123 1787 cooturbabat
1180 1742 1233 1787 et
1289 1733 1617 1787 intellectum
1673 1744 1911 1787 nostrmu
1971 1734 2323 1797 obfuseabat,

770 1824 1200 1892 proplteticarum
1228 1840 1415 1878 vocum
1455 1839 1666 1878 sensum
1708 1826 1957 1894 liquidius
1993 1826 2323 1891 bauriamus,

2433 658 2511 710 καί
2560 658 2912 730 στηρίζοντος·
2968 657 3410 714 πολλαπλασιάσαι
3454 658 3507 715 δέ
3550 662 3608 717 τό
3660 666 3994 736 συγχωρηθέν

2430 748 2668 802 τάλαντον
2700 751 2777 801 καί
2812 749 2858 800 έν
2901 756 3057 821 καιρῷ
3094 747 3372 803 ἀποδοῦναι
3399 754 3491 805 σύν
3519 749 3645 823 τόκῳ
3666 761 3739 820 τῷ
3767 751 3988 826 δεσπότῃ

2430 840 2486 892 τό
2526 838 2851 909 όφειλόμενον“
2881 840 3176 912 ἐργάζεσθαι
3215 838 3267 894 δέ
3304 842 3373 901 είς
3412 842 3497 895 τόν
3524 841 3666 895 καλόν
3696 837 3989 911 άμπελῶνα,

2429 933 2512 984 καί
2537 932 2595 985 τὸ
2626 928 2827 1000 δόκιμον
2855 938 2945 989 τῆς
2975 930 3215 1000 ἕργασίας
3241 932 3629 1001 ἀπενέγκασθαι.
3659 931 3991 1004 διενεγκόντας

2429 1022 2517 1089 μέν
2546 1027 2642 1075 τῶν
2668 1020 2830 1074 πόνων
2873 1019 3255 1090 μεγαλοψύχως
3282 1021 3339 1073 τὸ
3374 1022 3509 1095 βαρύ
3542 1042 3593 1076 τε
3626 1027 3707 1075 καί
3736 1023 3994 1092 δνσαχθί·

2428 1128 2611 1162 στατον
2643 1110 2721 1161 καί
2766 1108 3132 1176 Ιϐαστάσαντας
3162 1112 3393 1179 γενναίως
3422 1118 3509 1168 τῆς
3540 1112 3724 1183 ἡμέρας
3744 1114 3829 1165 τόν
3862 1114 3990 1165 καύ-

2451 1213 2587 1257 σονα.
2615 1200 2697 1251 καί
2726 1206 2829 1257 τοῖς
2852 1200 2970 1265 πιρί
2997 1204 3085 1255 τήν
3113 1196 3372 1255 ἑνδεκάτην
3395 1204 3633 1253 εἰσι-,ῦσιν
3662 1204 3989 1271 ἀσυμφώνους

2429 1291 2478 1343 έν
2511 1298 2573 1363 τῇ
2608 1288 2813 1361 διανομῂ
2840 1297 2929 1347 τῆς
2966 1286 3365 1355 μισθαποδοσίας
3396 1290 3991 1359 συγκαταλεχθησισθαι·

2431 1380 2732 1448 αύγασθὴναι
2774 1376 2827 1431 δέ
2874 1373 3011 1446 ἡμῶν
3047 1384 3135 1435 τῆς
3187 1375 3405 1435 διανοίας
3448 1380 3503 1429 τό
3546 1381 3767 1437 ὀπτινὸν,
3804 1383 3886 1432 καί
3934 1388 3995 1449 τῇ

2429 1465 2643 1542 διόπτρᾳ
2684 1463 3056 1528 ένατενίζοντας
3087 1472 3146 1535 τῇ
3174 1470 3263 1518 τοῦ
3294 1467 3576 1533 π.εύματος
3596 1505 3607 1524 .
3641 1469 3770 1521 ὥστε
3798 1488 3995 1539 προτη-

2428 1566 2577 1612 τικῶν
2607 1563 2775 1625 φωνῶν
2808 1557 3062 1629 ἀκροατὰς
3102 1556 3350 1625 γινισθαι,
3400 1556 3538 1607 θ.ιων
3574 1576 3626 1608 τε
3666 1559 3990 1629 προσταγμά-

2430 1668 2525 1702 των
2567 1643 2858 1720 προθύμους
2920 1645 3175 1715 ὑπηρέτας
3222 1648 3306 1696 καί
3337 1646 3519 1698 τούτου
3568 1644 3998 1716 ύποτιδιγμίνους

2429 1744 2517 1796 τήν
2558 1736 2769 1807 δωρεάν,
2794 1738 2850 1789 τό
2889 1734 3053 1787 θολοῦν
3081 1735 3164 1788 τόν
3203 1742 3293 1794 τῆς
3330 1735 3508 1804 ψυχῆς
3553 1736 3793 1806 ὀφθαλμὸν
3827 1741 3914 1791 καί
3938 1748 3997 1793 15

2432 1830 2477 1881 έν
2508 1832 2624 1896 ὑμῖν
2658 1849 2767 1895 νοιρ
2801 1852 2826 1880 ν
2856 1829 3140 1889 έπισκιοὶζον
3185 1826 3562 1899 έκκαθιίρεσθαι
3595 1831 3677 1879 καί
3722 1830 3995 1881 ἀπονίπτε-

772 1913 1177 1982 divinorumque
1198 1922 1581 1981 praeceptorum
1608 1915 1898 1968 ministeria
1927 1915 2154 1969 alacrius
2174 1916 2328 1969 obea—
2358 1899 2399 1956 Β
2430 1939 2446 1972 c

2322 1946 2328 1955 -
2358 1899 2399 1956 Β
2430 1920 2566 1973 σθαι.
2599 1917 2917 1985 πανταχόθεν
2958 1918 3047 1983 μὲν
3083 1916 3295 1973 ἑαυτοὺς
3344 1923 3715 1989 περιφρουριῖν,
3759 1919 3843 1968 καί
3882 1937 3996 1969 συν-

772 2016 918 2061 mus,
969 2010 1022 2055 et
1068 2017 1134 2055 ne
1179 2001 1247 2055 ab
1286 2000 1712 2055 adversariorum
1750 2001 1943 2069 jaculis
1987 2005 2323 2072 impetamur,

770 2092 1063 2146 studiosius
1107 2107 1425 2156 caveanms,
1482 2106 1682 2161 nosque
1732 2093 2092 2147 custodiamus
2136 2103 2189 2146 et
2235 2094 2327 2147 irae

771 2183 964 2237 divina:
1007 2182 1239 2254 gladium
1289 2183 1659 2252 peccatoribus
1706 2184 2069 2237 imminentem
2117 2184 2326 2237 cautius

768 2274 1172 2343 prmvideamus.
1209 2281 1266 2325 ut
1296 2274 1338 2326 si
1369 2273 1577 2341 quilem
1608 2272 1719 2325 fieri
1750 2280 1955 2341 potest,
1986 2273 2222 2343 periculo
2254 2274 2329 2326 in-

770 2364 1005 2427 tellecto,
1036 2364 1353 2432 numineque
1384 2364 1611 2432 placato,
1661 2372 1766 2417 tam
1808 2364 1907 2433 ipsi
1946 2380 2105 2433 quam
2137 2364 2326 2433 reliqui

770 2472 998 2526 quorum
1052 2457 1212 2510 duces
1262 2457 1536 2509 constituti
1592 2470 1813 2519 sumus,
1864 2464 2142 2509 venturam
2193 2455 2327 2508 iram

770 2546 1082 2618 cﬂ‘ugiamus
1128 2566 1139 2600 :
1191 2549 1329 2616 quod
1379 2550 1421 2601 si
1470 2558 1751 2616 utrumque
1798 2548 2050 2615 consequi
2101 2562 2329 2616 nequea-

772 2654 923 2699 mus.
960 2639 1145 2692 saltem
1186 2640 1415 2692 animam
1456 2654 1659 2700 me:m,
1705 2638 1853 2706 juxta
1890 2635 2017 2703 justi
2055 2637 2196 2689 illius
2231 2635 2328 2690 Lot

772 2731 1104 2801 exemplum,
1142 2731 1228 2799 qui
1266 2731 1495 2784 animam
1537 2746 1684 2783 suam
1718 2731 1783 2782 ab
1814 2730 2057 2783 incendio
2102 2728 2329 2781 liberare

772 2824 1046 2893 satagebat
1063 2821 1208 2891 (lien.
1231 2838 1340 2883 XIX,
1359 2823 1466 2887 2‘2),
1485 2822 1679 2875 salvam
1703 2820 1910 2873 furiam.
1933 2822 2131 2873 Vestra:
2156 2821 2331 2888 itaque

770 2928 980 2981 preces.
1024 2912 1417 2981 spiritualisque
1447 2912 1673 2981 prmsidii
1703 2919 1924 2965 conlatus
1956 2912 2057 2963 huc
2090 2913 2327 2963 tendant.

772 3000 841 3053 At
880 3002 1003 3069 quia
1049 3001 1258 3054 occasio
1301 3000 1371 3052 ita
1418 3000 1563 3062 tulit,
1610 3001 1754 3053 lubet
1786 3000 1886 3053 hoc
1926 2999 2045 3053 loco
2082 3014 2329 3066 magnam

777 3090 918 3143 illam
943 3106 1293 3161 sonoramque
1315 3092 1613 3152 buecinam,
1634 3091 2149 3158 disertissimumque
2165 3089 2333 3142 Evan-

775 3181 897 3249 gelii
925 3196 1251 3250 prarconem,
1281 3181 1577 3251 apostolum
1606 3181 1825 3234 Paulum
1854 3181 2059 3234 audire.
2106 3180 2203 3233 llic
2232 3180 2330 3233 ita-

775 3290 878 3343 que
907 3275 969 3326 de
1000 3283 1236 3327 veterum
1266 3272 1623 3326 Romanorum
1657 3271 1885 3335 fervore,
1913 3270 2331 3339 eorumdemque

776 3364 829 3416 ia
872 3362 971 3419 ﬁde
1008 3370 1063 3416 et
1100 3361 1351 3431 religione
1388 3362 1686 3416 constantia
1726 3362 1977 3428 majorem
2020 3361 2071 3414 in
2113 3361 2329 3414 modum

777 3454 829 3504 in
864 3453 1049 3520 spiritu
1088 3452 1383 3515 exsultans,
1422 3452 1658 3519 adeoque
1698 3453 1747 3503 in
1790 3450 2022 3519 Epistola
2066 3466 2223 3518 quam
2267 3448 2333 3503 ad

777 3543 920 3610 ipsos
949 3541 1153 3603 scribit,
1178 3556 1280 3594 non
1308 3542 1507 3608 absque
1532 3548 1715 3593 sancta
1738 3540 1965 3607 quadam
1991 3539 2327 3607 gloriatione,

776 3632 1095 3700 illornmque
1140 3630 1390 3699 pietatem
1435 3640 1489 3682 et
1530 3628 1686 3681 ﬁdem
1741 3636 1850 3681 toto
1898 3635 2162 3682 terrarum
2207 3626 2335 3681 orbe

778 3721 1038 3791 divulgari
1065 3728 1119 3775 et
1143 3720 1399 3775 celebrari
1424 3719 1655 3788 jactans,
1684 3716 1999 3785 publiceque
2027 3724 2335 3771 contestans

780 3815 919 3867 inter
958 3822 1147 3869 cratera
1188 3812 1259 3866 ita
1298 3811 1522 3865 scribit:
1562 3807 1771 3862 Gratias
1801 3824 1895 3877 ago
1926 3807 2032 3860 Deo
2069 3824 2201 3872 meo,
2247 3823 2337 3876 per

778 3904 959 3958 Jcsum
990 3902 1251 3957 Christum
1278 3918 1369 3971 pro
1405 3900 1640 3955 omnibus
1667 3900 1828 3961 vobis,
1854 3899 1976 3968 quia
2004 3897 2133 3964 ﬁdes
2167 3907 2336 3951 vestra

782 3995 1127 4047 annuntiatur
1148 3993 1201 4065 in
1226 3992 1463 4044 universo
1494 3990 1682 4042 mundo
1708 3987 1881 4058 (Rom.
1907 4003 1943 4051 ι,
1967 3987 2041 4057 8).
2078 3987 2182 4042 Sed
2209 4003 2338 4041 nun-

785 4085 907 4154 quid
940 4098 1071 4152 pura
1106 4083 1191 4137 illa
1222 4082 1537 4149 sinceraque
1561 4078 1830 4149 Evangelii
1864 4080 2026 4132 nostri
2057 4078 2207 4144 ﬁdes,
2249 4094 2345 4133 ex-

782 4183 864 4227 tra
894 4188 1051 4242 quam
1089 4173 1190 4226 alia
1230 4170 1368 4225 nulla
1398 4180 1479 4224 est
1504 4209 1518 4231 ,
1569 4169 1708 4223 inter
1739 4169 2100 4222 Romanorum
2133 4176 2339 4222 tantum

784 4264 917 4318 lines
943 4262 1189 4317 conclusa
1221 4260 1471 4315 tenetur?
1501 4258 1864 4328 Nequaquam.
1899 4257 2050 4311 Nulla
2080 4263 2223 4312 enim
2252 4258 2339 4311 illa

784 4363 916 4418 certi
963 4360 1256 4430 cuiuspiam
1287 4358 1388 4413 loci
1435 4355 1679 4411 terminis
1724 4353 2199 4415 circumscribitur,
2247 4366 2340 4405 ve-

785 4468 903 4508 rum
939 4460 1043 4506 tam
1074 4450 1181 4503 late
1208 4447 1540 4509 diffunditur,
1579 4444 1874 4513 dill'usaque
1901 4450 2248 4511 propagatur,
2286 4450 2344 4495 ut

786 4540 1111 4609 prophetiae
1168 4535 1578 4606 apostolicasque
1630 4548 1787 4586 voces
1840 4538 2225 4597 erumpentes,
2284 4530 2416 4613 inD

787 4642 999 4684 omnem
1031 4637 1226 4680 terram
1246 4625 1435 4677 divina:
1457 4620 1851 4691 praedicationis
1871 4634 2057 4674 sonum
2084 4619 2334 4681 exivisse,

788 4727 842 4773 et
880 4719 931 4770 in
972 4716 1103 4768 flues
1139 4714 1284 4766 orbis
1321 4721 1475 4765 terra:
1512 4711 1809 4765 caelestium
1848 4723 2150 4777 praeconum
2180 4708 2341 4760 verba

782 4801 1128 4871 personuisse
1149 4796 1323 4868 (Rom.
1344 4812 1400 4861 ες
1424 4800 1567 4851 mal.
1588 4796 1763 4865 mu),
1782 4795 2048 4850 aﬂlrmare
2067 4808 2171 4848 non
2194 4790 2354 4848 dubi-

788 4906 922 4949 teltl.
956 4893 1067 4947 lmo
1100 4906 1247 4951 vero,
1280 4901 1339 4945 ut
1368 4891 1598 4961 autplius
1638 4891 1890 4958 quiddam
1929 4888 2130 4947 dicam.
2164 4884 2253 4939 illa
2291 4901 2357 4940 ne

783 4986 854 5039 ab
883 4985 1013 5051 ipsis
1041 4985 1258 5053 quidem
1290 4984 1463 5046 caelis,
1493 4982 1870 5051 supremlsque
1892 4991 1946 5036 et
1975 4978 2350 5033 intellectuali-

785 5077 889 5131 bus
909 5076 1200 5129 virtutibus
1228 5073 1525 5127 secluditur
1550 5088 1566 5136 ;
1590 5087 1712 5125 nam
1738 5072 1840 5127 etsi
1866 5072 2110 5139 superior
2133 5068 2220 5122 illa
2254 5067 2355 5123 Ec-

785 5168 951 5222 clesia
978 5167 1455 5237 prlmogenitorum
1482 5165 1533 5218 in
1561 5165 1711 5219 caelis
1729 5163 2043 5233 jnstificata,
2061 5162 2353 5216 eivitaseo-

790 5276 905 5313 rmn
940 5260 1030 5328 qui
1066 5275 1159 5326 per
1186 5258 1339 5310 fidem
1371 5257 1649 5320 justitlcati
1677 5265 1801 5309 sunt
1826 5252 1999 5317 (Rom.
2022 5253 2097 5319 ι),
2120 5252 2352 5307 ctelestis

798 5337 1155 5398 llierusalem,
1244 5333 1399 5405 cujus
1482 5332 1729 5389 conditor
1767 5339 1823 5387 et
1859 5331 2036 5401 opifex
2069 5341 2151 5387 est
2190 5334 2348 5399 Deus,

791 5429 886 5497 qui
911 5437 1121 5482 terrena
1147 5424 1453 5479 caelestibus
1478 5421 1803 5485 conciliavit,
1826 5429 1880 5475 et
1902 5422 2185 5475 maceriem
2211 5423 2353 5491 sepis

799 5518 996 5582 diruit,
1041 5526 1093 5569 et
1133 5528 1286 5569 ovem
1328 5512 1586 5581 perditam
1619 5511 1671 5565 in
1705 5511 1926 5565 humero
1956 5511 2219 5567 sublatam
2259 5528 2355 5583 per

798 5607 1170 5665 admirabilem
1221 5604 1532 5658 descensum
1582 5602 2110 5671 inexplicabilemque
2154 5604 2353 5658 demis-

798 5698 1003 5754 sionem
1034 5693 1356 5762 salvat,etiis
1370 5691 1451 5761 qui
1480 5693 1821 5759 perstiterant
1851 5692 2104 5757 inseruit,
2134 5694 2356 5764 aliisque

799 5788 854 5846 id
885 5801 1051 5857 genus
1078 5782 1381 5840 nominibus
1410 5780 1726 5849 appellatur,
1766 5789 1847 5836 est
1877 5790 2051 5839 tamen
2083 5798 2185 5837 non
2219 5782 2317 5837 alia
2340 5824 2353 5849 ,

2427 2015 2595 2082 τηρε’ν
2632 2014 2741 2064 ταῖς
2784 2012 2883 2059 τῶν
2926 2004 3155 2059 έναντίων
3182 2004 3349 2073 βολίσι
3376 2007 3537 2073 μίνιιν
3588 2005 3973 2077 ἀπροσελήτους

2428 2095 2733 2168 προϐλέπειν
2761 2092 2809 2147 δέ
2834 2098 2923 2149 τήν
2952 2093 3216 2164 ῥομφαίαν.
3246 2092 3388 2147 ἡνίκα
3410 2094 3493 2144 έπί
3519 2100 3624 2150 τοῖς
3652 2092 3997 2164 ἁμαρτάνουσι

2427 2182 2663 2243 θεήλατος
2694 2182 3041 2255 παραγίνιται.
3062 2182 3141 2232 ’ἱνα
3169 2181 3210 2231 ιε
3236 2181 3325 2248 μέν
3355 2176 3457 2233 οἷόν
3488 2200 3539 2232 τε
3566 2181 3832 2252 παράσχῃ
3854 2183 3994 2244 Θεὸς,

2429 2269 2531 2333 ὅτε.
2562 2274 2816 2340 σημαίνων
2856 2275 2944 2327 τήν
2984 2267 3148 2341 ἔφοδον
3173 2272 3231 2322 τὸ
3275 2269 3404 2322 θεῖον
3447 2270 3808 2341 έξιλιούμινος,
3847 2270 3998 2329 αὐτός

2429 2381 2481 2414 τε
2518 2364 2593 2414 καί
2624 2360 2673 2413 οί
2700 2360 3069 2433 κηρυσσόμινοι
3110 2360 3160 2411 ίκ
3198 2367 3288 2417 τῆς
3326 2359 3473 2429 ὀργῆς
3518 2357 3801 2431 διαφύγοιεν
3822 2375 3835 2390 ⁸
3867 2364 3912 2414 εἰ
3940 2359 3993 2413 δε

3753 2444 3930 2514 ψυχῶν
3956 2462 3969 2476 ’

2428 2548 2558 2599 κατὰ
2585 2547 2670 2599 τὸν
2696 2548 2807 2597 Λὼτ
2837 2544 3030 2603 ἰκτῖνον,
3054 2542 3136 2594 τὸν
3162 2539 3372 2600 δίκαιον.
3410 2536 3469 2599 ὃς
3496 2548 3662 2595 σῶσαι
3690 2546 3776 2598 τήν
3806 2540 3997 2594 έαυτοῦ

2428 2458 2497 2525 μή
2545 2459 2720 2515 τοῦτο,
2759 2456 2847 2508 τήν
2888 2456 3004 2521 γοῦν
3055 2450 3274 2517 ἐμαυτοῦ
3328 2447 3661 2514 διασώσωμαι

2430 2640 2609 2710 ψυχήν
2640 2644 2725 2693 τοῦ
2762 2640 3058 2711 ἐμπρησμοῦ
3101 2630 3632 2707 διιπραγματεύσατο.
3674 2634 3764 2684 Καὶ
3802 2633 3867 2685 τά
3907 2631 3998 2698 μέν

2431 2738 2521 2788 τῆς
2572 2729 2819 2797 ύμιτίρας
2869 2728 3027 2795 εὐχῆς
3054 2746 3108 2778 τι
3152 2727 3233 2777 καί
3282 2730 3621 2791 πνευματικῆς
3688 2724 3999 2790 συμμαχίας

2430 2820 2645 2874 ένταίθα
2679 2819 2874 2871 κιίσθω.
2923 2820 3094 2888 καιρός
3137 2813 3188 2868 δί
3230 2815 3395 2865 λοιπὸν
3431 2814 3642 2888 πάρεστι
3670 2816 3757 2869 τήν
3785 2810 4003 2881 μεγάλην

2429 2921 2520 2971 τῆς
2556 2914 2781 2970 άληθιίας
2812 2911 3087 2979 σάλπιγγα,
3120 2910 3204 2962 τὸν
3240 2908 3700 2978 μεγαλοφωνότατον
3729 2911 3813 2957 τοῦ
3839 2906 4003 2975 Εὐαγ-

2431 3003 2595 3073 γςὶὲου
2646 3004 2869 3068 κήῑυκα.
2924 2998 3112 3051 Παῦλον
3161 2999 3474 3069 καταθρῆσαι
3516 2996 3597 3048 τὸν
3642 2992 3861 3063 ἀοίδιμον
3916 2994 4003 3047 ἐπι

2432 3098 2538 3148 τοῖς
2571 3091 2720 3143 πόλνι
2761 3096 2961 3147 πιστοῖς
2989 3090 3243 3155 Ῥωμαίοις
3268 3083 3393 3154 ἄγαν
3426 3084 3882 3157 παρακαλούμενοι
3916 3086 4004 3138 καί

2437 3184 2536 3241 οἷον
2577 3193 2857 3257 σκιρτῶντα
2891 3191 2961 3251 τῷ
2994 3184 3263 3253 πνεύματι,
3296 3181 3532 3255 καὶπρὸς
3561 3180 3618 3234 τό
3654 3188 3743 3237 τῆς
3777 3184 4003 3237 πίστεως

2435 3280 2596 3333 αὐτῶν
2642 3275 2920 3331 σπουδαῖον
2954 3278 3036 3327 καί
3065 3275 3265 3346 θερμὸν,
3298 3276 3701 3342 μιγαφοονοῦντα
3748 3273 3831 3322 γαί
3861 3269 3998 3340 φιλο·

2432 3369 2747 3437 τιμούμινον.
2777 3367 2858 3417 καί
2894 3368 3273 3437 μαρτυροῦντα,
3308 3358 3519 3429 έφ’ὄ)ηοις
3568 3380 3619 3412 τι
3670 3365 3757 3411 τοῦ
3805 3358 4003 3427 κόσμου

2433 3464 2543 3515 τοῖς
2602 3457 2790 3528 πέρασι
2850 3449 3253 3526 πιριηχούμινον
3302 3452 3383 3502 καί
3435 3446 3870 3519 διαγγιλλόμενον,
3921 3450 4005 3500 καί

2435 3548 2868 3617 μεγαλαυχοῦντα
2914 3544 3091 3613 λέγειν’
3145 3538 3295 3596 δι’ὧν
3343 3542 3516 3600 αὐτοῖς
3553 3540 3857 3593 έπιστέλλων
3898 3541 4001 3609 φαίν

2432 3657 2569 3690 νιται
2600 3651 2613 3666 ·
2651 3653 2667 3684 ε
2702 3636 3007 3708 Εὐχαριστῶ
3057 3639 3129 3702 τῷ
3194 3626 3301 3685 Θιῶ
3351 3651 3447 3701 μου
3489 3627 3617 3698 [διά
3664 3630 3826 3686 Ἰησοῦ
3879 3638 3999 3700 Χρι-

2434 3733 2559 3783 στοῦ
2596 3727 2725 3797 ύπέρ
2777 3726 2977 3777 πάντων
3042 3719 3243 3792 ύμῶν].
3298 3719 3373 3775 ὅτι
3421 3722 3450 3775 ἦ
3513 3722 3685 3778 πίστις
3727 3721 3867 3788 ὑμῶν
3915 3740 4005 3772 κα-

2434 3815 2753 3885 ταγγέλλεται
2814 3813 2860 3864 έν
2904 3809 3000 3882 ὅλῳ
3046 3818 3118 3881 τῷ
3166 3810 3363 3879 κόσμῳ.
3412 3826 3429 3859 ι
3470 3812 3556 3861 καί
3612 3806 3783 3865 ἕπειδή
3839 3808 3870 3865 ἦ
3904 3810 4014 3861 καθ’

2436 3907 2566 3975 ἡμᾶς
2592 3910 2680 3959 τοῦ
2706 3902 3006 3973 Εὐαγγελίου
3046 3901 3235 3967 καθαρά
3265 3902 3345 3951 καί
3374 3896 3638 3956 άκίϐδηλος
3674 3899 3875 3960 πίστις,
3909 3897 3997 3949 καὶ

2435 3992 2565 4065 ύπέρ
2592 3994 2647 4050 ἣν
2677 3992 2761 4045 οὐκ
2789 3989 2933 4043 ἔστιν
2964 3989 3126 4065 έτέρα.
3149 3980 3261 4040 οὔτε
3295 3994 3583 4054 Ῥωμαέκοῖς
3615 3982 3754 4054 ὅροις
3788 3983 4007 4039 συστελο

2435 4085 2613 4155 λομένη
2668 4082 3050 4154 περιγράγεται,
3093 4076 3208 4132 οὔτε
3262 4079 3451 4151 πέρασι
3504 4079 3849 4146 πιρικοσμίοος
3900 4072 4007 4146 ὁρί-

2438 4177 2594 4236 ζεται,
2627 4175 2709 4225 έπί
2744 4178 2987 4225 τοσοῦτον
3037 4167 3089 4223 δέ
3128 4168 3311 4237 μᾶλλον
3340 4167 3701 4240 ύπερήπλωται
3735 4170 3817 4219 ml
3844 4170 4005 4239 ὑπερ·

2439 4264 2691 4330 κέχυται.
2742 4263 2826 4313 καί
2877 4265 3201 4331 προφητικαῑς
3267 4260 3350 4311 καί
3409 4256 3763 4315 άποστολικαῖς
3826 4262 4007 4328 φωναῖς

2437 4352 2832 4424 παρορμὼμενος
2886 4350 3068 4419 φάναι’
3116 4363 3134 4396 ε
3190 4348 3276 4406 Εἰς
3336 4350 3512 4399 πᾶσαν
3566 4350 3655 4402 τήν
3707 4352 3798 4413 γῆν
3839 4342 3864 4397 ὃ
3912 4339 4006 4398 τοῦ

2439 4440 2569 4492 θείου
2616 4437 2933 4509 κηρύγματος
2986 4437 3189 4508 φθόγγος
3248 4435 3497 4499 ίξελήλυθε
3550 4436 3636 4487 καί
3689 4435 3760 4492 εἰς
3802 4434 3868 4490 τὰ
3913 4434 4007 4488 πί·

2440 4547 2570 4599 ρατα
2616 4534 2705 4584 τῆς
2752 4527 3043 4592 οἰκουμένης
3079 4533 3175 4580 τῶν
3228 4522 3579 4600 κηρυσσόντων
3619 4525 3683 4577 τά
3726 4523 3950 4595 ῥήματα.
3982 4540 4001 4572 ι

2445 4621 2500 4673 Ei
2555 4615 2606 4671 δί
2660 4615 2737 4671 δεῖ
2778 4620 2860 4670 καί
2908 4618 3097 4670 τούτων
3144 4620 3304 4670 εἰπεῖν
3364 4615 3704 4684 ὑψηλότερον.
3755 4613 3886 4670 αὕτη
3928 4615 4009 4667 καί

2446 4709 2495 4761 έν
2540 4707 2730 4777 οὐρανῷ
2780 4712 2895 4764 ταῖς
2940 4706 3181 4759 ἀνωτάτω
3236 4706 3321 4757 καί
3358 4710 3555 4778 νοιραῖς
3593 4701 3832 4769 δυνάμεσι
3880 4702 4009 4768 παῤ·

2448 4796 2757 4870 βησιάζεται,
2809 4797 2854 4851 εἰ
2898 4797 2995 4867 γὰρ
3041 4798 3123 4848 καὶ
3164 4798 3256 4863 μία
3295 4794 3551 4851 Ἐκκλησία
3600 4794 3647 4844 έν
3692 4794 3887 4863 ούρανῷ
3924 4792 4011 4845 καί

2451 4886 2534 4938 έπὶ
2598 4893 2723 4955 γῆς,
2776 4886 2859 4939 καί
2915 4883 3202 4940 Ἐκκλησίαν
3270 4882 3601 4956 πρωτοτόκων
3668 4883 3719 4935 έν
3778 4882 4010 4954 οὐρανοῖς

2451 4972 2834 5043 διδικαιωμένην
2881 4976 3056 5028 έκιίθεν
3100 4970 3388 5045 ἀκούομεν,
3446 4975 3528 5026 καί
3592 4972 3734 5031 πόλις
3800 4979 3899 5025 τῶν
3958 4972 4011 5026 έν

2453 5066 2625 5119 πίστει
2650 5061 3040 5133 δεδικαιωμένων
3086 5063 3115 5120 ἡ
3158 5059 3259 5115 ἄνω
3292 5060 3644 5136 Ἰιρουσαλήμο
3675 5058 3733 5120 ἧς
3772 5062 4011 5128 τεχνίτης

2452 5156 2529 5207 καί
2570 5150 2872 5227 δημιουργὸς
2910 5151 2935 5207 ὁ
2976 5152 3115 5212 Θεὸς.
3150 5148 3297 5205 ὂςκαι
3338 5151 3606 5214 κατήλλαξε
3636 5153 3700 5205 τά
3737 5152 4014 5222 έπουράνια

2452 5251 2560 5303 τοῖς
2608 5246 2844 5312 ἐπιγείοις
2876 5245 2959 5296 καί
2984 5245 3039 5295 τό
3074 5242 3382 5311 μεσότοιχον
3429 5228 3777 5316 τοῡ’φραγμοῦ
3817 5240 4010 5303 λέλυκε,

2452 5338 2537 5394 καί
2589 5337 2646 5390 τὸ
2699 5335 2949 5396 ἀπολωλὸς
2998 5336 3078 5389 ἐπί
3134 5342 3233 5389 τῶν
3270 5335 3415 5406 ὤμων
3469 5337 3714 5408 ἀράμενος
3768 5331 4013 5407 δι’ἆφρά-

2452 5445 2573 5481 στου
2641 5426 3067 5497 συγκαταϐάσεως
3135 5432 3240 5485 τοῖς
3297 5425 3599 5493 σωζομένοις
3656 5426 3735 5477 καί
3781 5425 4015 5493 μένουσιν

2450 5515 2737 5586 έγιατέμιξε
2765 5530 2777 5544 ‘
2815 5516 2978 5586 ταύτῃ
3026 5535 3106 5568 τοι
3152 5516 3236 5568 καί
3279 5515 3412 5572 μάλα
3452 5512 3648 5573 δικαίως
3695 5515 3753 5568 τό
3834 5511 4013 5566 ένεαῖον

2453 5609 2535 5659 καί
2581 5604 2886 5659 ἀδιάστατον
2930 5604 3147 5675 ἔχομεν’
3182 5610 3340 5663 Ἦνίκα
3368 5605 3567 5658 σύνεσιν
3614 5605 3698 5656 καί
3728 5602 4014 5670 σύμπνοιαν

2456 5696 2484 5751 Ii
2523 5695 2685 5753 κτίσις
2730 5703 2789 5767 τῇ
2837 5696 3009 5750 πίστει
3048 5700 3284 5748 συνοῖσεν
3321 5690 3616 5770 [adament];
3651 5692 3707 5746 οὗ
3740 5690 3833 5766 γᾶρ
3865 5688 3918 5745 έν
3947 5694 4017 5762 τῇ

2456 5785 2677 5857 Ἰουδαία
2705 5788 2849 5856 μόνον
2882 5786 3101 5857 γνωστὸς
3131 5784 3154 5840 ὃ
3187 5784 3325 5846 Θεὸς.
