4238 6446
293 459 393 527 189

1268 449 1623 510 EPISTOLA
1670 450 1764 508 AD
1803 451 2105 510 LEONEM
2146 453 2236 511 IIl
2277 453 2543 516 PAPAM.

3396 457 3495 524 190

291 576 593 640 πνεύμασιν,
646 575 712 635 ὦς
757 571 783 627 ὁ
827 577 1085 645 κορυφαῖος
1130 569 1212 620 καί
1252 568 1383 623 θεῖος
1436 564 1583 634 ἔφησε
1632 565 1836 634 Πέτρος,
1866 561 1914 619 Α
1940 574 1965 612 c

1823 599 1836 623 ,
1866 561 1914 619 Α
1940 573 2058 612 cum
2097 573 2200 627 qua
2246 559 2423 613 anima
2476 567 2529 613 et
2557 561 2666 628 ipse
2693 573 2902 630 quoque
2933 563 3000 616 ad
3029 561 3228 618 inferos
3273 564 3489 622 descen-

293 665 546 735 πορευθεὶς
594 662 790 733 ὶκήρυξε
833 667 920 717 τήν
969 660 1264 719 ἀνάστασιν,
1300 659 1382 709 καί
1430 662 1516 711 την
1564 654 1837 723 ἐλευθερίαν

291 757 370 806 καί
398 752 744 822 ἀπολύτρωσιν
767 752 1065 821 ἐχαρίσατο,
1090 748 1364 818 ἀφθαρσίας
1393 742 1445 798 δὲ
1479 745 1590 815 ἡμῖν
1617 744 1837 816 ἀπαρχή

289 844 501 912 γὲγονεν·
548 843 596 893 ἐν
644 837 681 912 ᾦ
730 841 1041 914 πρωτότοκος
1086 839 1137 890 ἐκ
1184 845 1281 892 τῶν
1323 845 1506 910 νεκρῶν
1544 837 1834 892 ἀνεϐίωσεν.

299 934 479 988 Asiam
515 934 610 1004 γάρ
653 933 719 989 ὡς
761 933 900 1002 Θερς.
940 933 1171 988 πατήσας
1217 928 1299 980 τὸν
1354 927 1572 989 θοίνατον,
1619 924 1833 997 προοδοο

289 1028 444 1075 ποιῶν
500 1023 638 1092 πάσῃ
694 1022 847 1095 σαρκί
895 1024 982 1077 τὴν
1043 1020 1346 1080 ἀνάστασιν,
1398 1020 1479 1070 καί
1534 1017 1837 1074 συνέστησεν

287 1109 441 1178 ἡμᾶς,
468 1112 587 1170 τούς
620 1109 863 1167 πεσόντας
893 1116 964 1182 τῷ
992 1116 1079 1169 τῆς
1109 1108 1359 1179 ἁμαρτίας
1383 1108 1638 1177 πτώματι.

353 1547 654 1601 Ἐπιστάντα
691 1544 743 1600 δέ
789 1546 914 1615 μετά
941 1549 1030 1602 τήν
1071 1543 1351 1599 ἀνάστασιν
1384 1552 1494 1603 ταῖς
1525 1547 1726 1613 γυναιξὶ,
1753 1548 1834 1599 καί

284 1644 372 1696 τὴν
418 1641 584 1709 χαρᾶν
629 1639 799 1695 αὑταῖς
845 1634 1257 1708 προαγγείλαντα,
1292 1636 1373 1686 καί
1418 1639 1505 1690 τήν
1528 1634 1580 1684 ἐκ
1618 1641 1705 1686 τοῦ
1749 1635 1833 1690 θή-

283 1728 388 1790 λεος
446 1731 562 1798 ἡμῖν
614 1725 929 1792 ἐνσκήψασαν
980 1725 1138 1779 λύπην
1192 1724 1584 1794 ίξαφανίσαντα,
1629 1723 1832 1793 ὀφθέντα

284 1813 335 1870 δέ
379 1819 461 1868 καί
505 1822 600 1873 τοῖς
649 1815 930 1870 θεσπεσίοις
983 1814 1132 1864 αὐτοῦ
1185 1812 1434 1880 μαθηταῖς
1482 1811 1540 1864 τὸ
1576 1819 1665 1868 τῆς
1713 1812 1833 1862 ἀνα-

1942 648 2038 713 dit,
2090 649 2277 716 iisque,
2327 649 2414 716 qui
2447 650 2498 702 in
2525 664 2686 703 carne
2714 659 2870 704 erant
2905 653 3181 720 spiritibus
3219 651 3496 721 (quemad-

1939 739 2153 792 modum
2204 739 2562 806 apostolorum
2592 741 2903 809 coryphaaus
2931 741 3140 795 divinus
3164 742 3356 797 Petrus
3397 760 3492 798 ex-

1938 827 2130 898 ponit),
2166 827 2612 880 resurrectionem
2643 829 2980 896 praedicavit,
3004 828 3405 898 libertatemque
3446 841 3499 885 ct

1942 915 2355 983 redemptionem
2387 915 2698 982 impertivit,
2725 925 2778 968 et
2807 916 2959 970 nobis
3009 931 3242 984 quoque,
3289 929 3348 971 ut
3373 931 3497 988 pote

1936 1004 2320 1072 primogenitus
2367 1011 2722 1066 mortuorum,
2769 1019 2863 1071 per
2906 1005 3351 1058 resurrectionem
3401 1007 3498 1060 ali-

1937 1095 2075 1160 quod
2119 1093 2532 1160 incorruptionis
2575 1093 2893 1160 principium
2940 1095 3144 1146 exstitit
3198 1108 3211 1145 :
3262 1098 3496 1149 surrexit

1936 1181 2075 1234 enim
2107 1191 2164 1234 ut
2213 1181 2370 1243 Deus,
2421 1191 2644 1234 mortem
2694 1182 3061 1248 pessumdans,
3115 1183 3484 1251 universasque

1935 1273 2082 1323 carni
2113 1272 2177 1324 ad
2207 1273 2650 1325 resurrectionem
2676 1271 2811 1322 viam
2837 1269 3199 1337 patefaciens;
3239 1288 3354 1337 nos,
3387 1275 3481 1342 qui

1933 1360 2136 1428 peccati
2184 1375 2310 1412 casu
2343 1360 2393 1410 in
2424 1368 2645 1412 mortem
2681 1360 3108 1424 coneideramus,
3153 1376 3254 1414 una
3308 1377 3489 1416 secum

1935 1451 2324 1520 quodammodo
2346 1452 2628 1504 suscitans.

2003 1544 2173 1596 Credo
2199 1543 2509 1596 mulieribus
2555 1551 2674 1612 post
2704 1543 3150 1597 resurrectionem
3183 1559 3332 1597 suam
3360 1546 3490 1598 asti-

1935 1634 2080 1692 tisse.
2115 1635 2437 1702 tristitiaqtte
2487 1649 2602 1701 qum
2633 1650 2693 1687 ex
2726 1634 2946 1686 mulie:e
2985 1635 3048 1686 ad
3080 1649 3175 1687 nos
3204 1635 3494 1689 devenerat

1933 1720 2145 1778 abolita,
2169 1721 2416 1788 gaudium
2438 1720 2779 1788 lmtitiamque
2802 1722 2901 1774 illis
2928 1723 3288 1775 annuntiasse.
3317 1723 3489 1777 Credo

1932 1809 2122 1868 divinis
2152 1811 2423 1877 discipulis
2449 1811 2624 1863 vivum
2661 1826 2777 1865 sese
2799 1813 3123 1876 exhibuisse,
3155 1830 3263 1868 sum
3313 1832 3486 1869 resur-

284 1904 511 1961 στάσεως
540 1904 692 1955 αὐτοῦ
731 1903 1064 1971 πιστούμενον
1103 1903 1397 1972 μυστήριον
1443 1901 1526 1952 καί
1555 1896 1830 1961 δεικνύντα,
1864 1893 1906 1951 Β
1936 1913 1958 1951 1·

1821 1938 1830 1961 ,
1864 1893 1906 1951 Β
1936 1898 2186 1951 rectionis
2218 1900 2527 1967 mysterium
2550 1898 2920 1962 confirmasse,
2953 1917 3016 1954 ac
3060 1905 3327 1969 quomodo
3357 1905 3495 1957 idem

284 1991 396 2071 [ὡς]
426 1995 500 2058 τ’ς
541 1995 692 2052 αὑτὸς
729 1991 786 2049 ἧν
819 1995 898 2045 καί
946 1992 1043 2063 πρὸ
1083 1999 1172 2048 τῆς
1217 1989 1535 2045 ἀναστάσεως
1555 1986 1637 2042 διά
1665 2008 1717 2042 τε
1745 1997 1833 2048 τῆς

275 2093 537 2166 βρώσεως.
573 2090 658 2141 καὶ
705 2095 793 2144 τῆς
842 2089 926 2139 τοῦ
974 2089 1127 2153 σοφοῦ
1186 2086 1344 2155 Θωμᾶ
1394 2084 1523 2136 κατά
1573 2088 1664 2138 την
1702 2085 1833 2135 θείαν

281 2176 497 2242 πλευράν
542 2177 764 2243 tuam,
817 2173 1144 2242 ἀνώηφθέντα
1192 2193 1244 2225 τε
1292 2173 1360 2230 εἰς
1410 2173 1532 2231 τούς
1574 2173 1829 2244 οὐρανούς,

281 2269 361 2319 καὶ
409 2266 706 2319 καθεσθέντα
753 2265 804 2317 ίκ
845 2262 1013 2325 δεξιῶν
1050 2269 1137 2315 τοῦ
1172 2266 1298 2315 Θεοῦ
1348 2265 1430 2315 καί
1472 2262 1658 2334 Πατρός
1707 2263 1835 2330 μετά

282 2363 367 2408 τοῦ
426 2357 852 2429 προσλὴμματος,
898 2352 1073 2424 μιθ“ού
1123 2350 1262 2411 αὖθις
1316 2353 1571 2407 ἐλεύσεται
1616 2354 1666 2405 δν
1719 2350 1835 2421 δόξῃ

281 2447 552 2518 θεοπρεπεῖ
606 2449 685 2499 καί
735 2447 932 2508 ἐξουσία
987 2453 1046 2512 τῇ
1086 2445 1207 2496 κατά
1245 2446 1413 2500 πάσης
1475 2445 1704 2502 κτίσεως.
1755 2444 1836 2493 καί

281 2541 452 2607 κριτὴς
489 2538 847 2591 κα¹εσθὰσεται
887 2536 1080 2604 ἑκάστῳ
1122 2536 1249 2588 κατά
1279 2535 1333 2587 τὸ
1369 2533 1658 2599 βεϐιωμένον
1705 2533 1835 2585 ἀπο-

281 2624 468 2685 διδούς⁶
509 2625 698 2684 πάντας
742 2629 840 2700 γάρ
886 2631 1018 2695 ἡμᾶς
1066 2627 1401 2699 φανερωθῆναι
1447 2623 1525 2679 δεῖ
1547 2624 1836 2698 ἔμπροσθεν

280 2722 366 2768 τοῦ
398 2715 619 2783 βήματος
665 2721 753 2769 τοῦ
785 2720 1029 2787 Χριστοῦ.

351 2806 486 2858 Μετά
526 2812 687 2858 ταῦτα
718 2803 940 2859 πιστεύω
974 2808 1055 2858 καί
1091 2805 1279 2877 σαρκὸς
1321 2805 1608 2864 ἀνάστασιν,
1636 2806 1769 2862 ἡνίκα
1807 2805 1836 2861 ἧ

282 2900 371 2950 τοῦ
422 2896 611 2962 κόσμου
667 2898 1131 2965 μιταστοιχείωσις
1174 2896 1394 2964 γίνηται,
1439 2894 1520 2946 ἵνα
1569 2896 1627 2947 τὸ
1672 2894 1837 2950 θνητὸν

283 2988 416 3048 ἡμῶν
461 2984 729 3043 ἐνδύσηται
767 2988 1058 3047 ἀθανασίαν,
1091 2988 1171 3038 καί
1220 2985 1277 3038 τὸ
1306 2985 1514 3056 φθαρτὸν
1560 2984 1839 3057 ἀφθαρσίαν

283 3072 630 3144 περιϐάληται.
686 3071 935 3143 Ὀμολογῶ
983 3076 1066 3126 καί
1122 3069 1174 3123 ἓν
1229 3073 1496 3144 βάπτισμα
1549 3073 1620 3130 είς
1667 3069 1839 3139 ἄφεσιν

283 3163 564 3229 ἁμαρτιῶν,
595 3166 652 3218 τὸ
700 3168 770 3223 εἰς
819 3165 1012 3239 Πατέρα
1042 3167 1125 3215 καί
1173 3165 1282 3217 Υὶόν
1332 3165 1412 3216 καί
1459 3162 1596 3234 ἅγιον
1641 3161 1834 3231 Πνεῦμα

282 3253 569 3322 τελούμενον
606 3257 733 3308 κατά
776 3260 864 3311 τήν
912 3254 1225 3324 εύαγγελικήν
1254 3255 1331 3305 καί
1367 3254 1494 3304 θείαν
1526 3250 1830 3324 παράδοσιν.

281 3352 455 3398 ταῦτα
511 3353 596 3402 τῆς
651 3343 908 3415 ὁρθοδὸξου
958 3347 1039 3395 καί
1094 3343 1232 3414 ἱερᾶς
1281 3344 1418 3409 ἡμῶν
1475 3342 1701 3415 λατρείας
1747 3359 1835 3394 σε-

285 3437 476 3504 ϐάσμια
519 3434 744 3508 δόγματα
782 3439 862 3487 καὶ
902 3438 1154 3506 μυστήρια
1204 3435 1330 3487 κατὰ
1385 3453 1436 3487 τε
1482 3439 1570 3489 τὴν
1615 3429 1837 3503 παραδο-

284 3528 446 3581 θεῖσαν
492 3529 610 3595 ἠμῖν
656 3526 793 3597 παρά
837 3533 932 3578 τῶν
1000 3527 1135 3578 θείων
1179 3531 1526 3594 μυσταγωγῶν
1565 3522 1753 3591 ὑψηλήν
1785 3543 1836 3577 τε

287 3621 368 3669 καί
415 3617 838 3688 ἀκραιρνεστάτην
886 3615 1148 3683 θεολογίαν,
1180 3615 1261 3667 καί
1304 3619 1392 3670 τήν
1431 3617 1678 3685 σωτήριον
1721 3616 1838 3686 περὶ

285 3711 416 3775 ἡμᾶς
442 3713 533 3761 τοὺ
563 3714 685 3762 Θεοῦ
714 3706 860 3777 λόγου
901 3708 1196 3773 οἰκονομίαν,
1230 3707 1310 3755 καί
1341 3701 1442 3756 ὅσα
1478 3705 1673 3761 τούτοις
1702 3725 1837 3771 συμ-

288 3798 522 3850 ϐαίνοντα
568 3798 806 3868 ἐφάμιλλα
853 3798 1148 3869 κηρύγματα
1194 3794 1320 3861 μετά
1359 3791 1530 3852 πάσης
1569 3793 1838 3863 ἀποδοχῆς

289 3891 372 3941 καί
400 3893 621 3948 πίστεως
647 3896 878 3963 συντηρῶ
906 3908 958 3943 τε
988 3891 1062 3941 καὶ
1094 3890 1405 3956 ἀσπάζομαι.

357 4215 701 4286 ’Δποδίχομαι
747 4214 798 4271 δέ
853 4221 936 4270 καί
980 4218 1155 4280 ὶξαιτῶ
1190 4218 1280 4278 τάς
1324 4237 1376 4271 τε
1430 4217 1706 4288 πρεσϐείας
1755 4215 1838 4267 καί

291 4310 416 4380 πρὸς
462 4309 583 4360 Θεὸν
635 4307 890 4369 ἐντεύξεις·
947 4315 1141 4381 πρῶτον
1316 4309 1398 4359 καί
1453 4307 1714 4381 ἐξαίρετον,
1749 4312 1838 4363 τῆς

293 4399 543 4468 πανάγνου
583 4400 667 4450 καί
705 4401 1015 4465 παναμώμου
1067 4401 1150 4451 καί
1203 4400 1526 4469 ἀειπαρθίνου
1580 4396 1839 4454 δεσποίνης

293 4488 429 4556 ἡμῶν
454 4491 781 4559 θεομήτοροςο
807 4485 980 4541 ἔπειτα
1001 4495 1097 4540 τῶν
1134 4489 1267 4539 θείων
1303 4491 1383 4540 καὶ
1411 4486 1646 4561 οὓρανίων
1684 4483 1838 4538 δυνά-

290 4598 448 4646 μεων,
471 4586 570 4632 τῶν
612 4578 764 4648 ἁγίων
801 4581 883 4630 καὶ
912 4584 1234 4647 πανευφήμων
1280 4579 1706 4636 ἀποστόλων,τῶν
1736 4597 1835 4640 μα-

294 4667 477 4734 καρίων
520 4671 796 4736 προῖητῶν.
832 4668 910 4716 καί
956 4664 1157 4728 δνδόξων
1199 4667 1282 4717 καί
1326 4665 1600 4720 καλλινίκων
1637 4662 1836 4736 μαρτύε

295 4772 418 4822 ρων,
451 4756 530 4804 καί
577 4754 828 4825 Θεοί-ὅρων
871 4756 1117 4818 Πατίρων,
1171 4758 1250 4808 καὶ
1295 4756 1494 4808 πάντων
1539 4761 1636 4808 τῶν
1687 4753 1840 4822 ἁγίων

296 4849 395 4895 τῶν
440 4840 527 4892 ἀπ’
544 4845 722 4900 αἰῶνος
769 4843 1204 4913 εύαρεστησάντων
1247 4838 1318 4908 τῷ
1381 4841 1577 4914 κυρίῳ⁸
1619 4840 1660 4894 οἳ
1710 4845 1837 4903 ζῶσι

299 4932 571 4992 διαπαντὸς
595 4933 640 4985 ἄν
667 4935 814 5001 αὐτῷ’
842 4933 1014 5003 ψυχαί
1036 4935 1132 5004 γὰρ
1161 4931 1359 4987 δικαίων
1387 4933 1434 4984 ἐν
1467 4935 1606 5001 χειρί
1636 4936 1835 5006 κυρίου·

303 5026 372 5082 ὥς
408 5027 645 5093 μεγίστην
680 5025 930 5093 σωτηρίαν
977 5022 1194 5076 δντεῦθεν
1242 5022 1422 5092 ψυχῆς
1468 5024 1554 5077 καί
1608 5023 1846 5091 σώματος

305 5115 666 5185 καρπούμενος.

378 5373 637 5441 Προαυνῶ
673 5364 725 5420 δᾶ
771 5368 854 5418 καί
877 5366 1284 5436 περιπτύσσομαι
1308 5364 1371 5418 τά
1407 5363 1660 5434 σεϐἀσμια
1686 5363 1849 5416 αὐτῶν

303 5455 536 5524 λείψανα,
570 5457 636 5514 ὡς
682 5458 895 5525 ἰατρεῖον
935 5453 1171 5522 ψυχικῶν
1208 5472 1260 5505 τε
1298 5455 1378 5504 καί
1413 5457 1708 5518 σωματικῶν
1749 5471 1849 5502 πα-

309 5547 538 5610 θημάτων
581 5541 920 5615 τυγχάνοντα.
970 5542 1184 5610 Ἀνυμνῶ
1215 5537 1303 5595 οὖν
1345 5544 1508 5594 αὐτῶν
1544 5547 1632 5598 την
1671 5544 1850 5596 σεμνὴν

314 5633 396 5683 καί
437 5630 600 5684 ἔνθεον
628 5632 877 5684 πολιτείαν
917 5633 995 5682 καὶ
1032 5633 1150 5687 τοὺς
1198 5627 1450 5699 ἀοιδιμους
1478 5631 1637 5680 αὐτῶν
1662 5632 1853 5697 ἀγῶνας

314 5725 395 5771 καὶ
447 5719 653 5786 ἄθλους,
698 5722 910 5792 γεραίρω
959 5721 1045 5776 τάς
1100 5719 1285 5783 θήκας,
1328 5721 1412 5771 καί
1459 5725 1569 5778 ταῖς
1613 5719 1854 5772 ἀνωτάτω

1932 1988 2045 2057 ipse
2095 1987 2262 2051 foret,
2293 1989 2382 2056 qui
2431 1998 2554 2042 ante
2594 1992 3155 2059 resurrectionem,per
3196 1995 3482 2048 manduca-

1932 2076 2131 2129 tionem
2161 2077 2403 2144 sacrique
2440 2077 2642 2140 lateris,
2677 2079 2816 2146 quod
2848 2080 3062 2146 sapiens
3099 2079 3328 2135 Thomas
3357 2098 3483 2136 con-

1933 2167 2201 2230 trectavit,
2233 2166 2634 2231 exhibitionem,
2686 2168 3098 2221 demonstrasse.
3138 2169 3310 2223 Credo
3337 2172 3486 2225 deni-

1934 2269 2035 2323 que
2063 2264 2392 2322 assumptum
2434 2269 2551 2308 esse
2576 2255 2626 2308 in
2663 2255 2844 2318 eaalos,
2870 2263 2924 2309 et
2959 2256 3024 2308 ad
3078 2258 3352 2311 dexteram
3403 2259 3494 2315 Dei

1933 2343 2107 2397 Patris
2161 2344 2487 2406 consedisse,
2536 2351 2588 2395 et
2626 2358 2751 2396 cum
2808 2353 3079 2412 assumpto
3108 2361 3329 2414 corpore
3382 2363 3487 2401 non

1935 2432 2133 2499 absque
2161 2430 2351 2501 gloria,
2391 2431 2676 2499 divinaque
2705 2432 2981 2501 majestate
3016 2433 3141 2486 olim
3172 2435 3342 2489 denuo
3362 2453 3494 2490 ven-

1936 2529 2110 2573 turum
2160 2535 2295 2582 esse,
2331 2519 2563 2586 judicem
2593 2534 2883 2584 sessurum,
2915 2532 2966 2573 ct
3006 2523 3297 2591 unicuique
3331 2524 3487 2591 juxta

1932 2612 2055 2665 vita:
2105 2625 2212 2664 suae
2257 2610 2494 2663 rationes
2554 2611 2929 2663 redditurum:
2967 2627 3151 2666 omnes
3207 2615 3348 2667 enim
3395 2631 3495 2670 nos

1934 2697 2265 2753 manifestari
2301 2705 2508 2764 oportet
2536 2707 2658 2750 ante
2697 2697 2926 2750 tribunal
2950 2697 3168 2752 Christi.

2005 2785 2176 2840 Credo
2209 2793 2484 2853 postquam
2529 2786 2753 2838 mundus
2789 2787 2872 2839 hic
2903 2785 3060 2839 fuerit
3092 2788 3390 2852 innovatus,
3436 2799 3491 2844 et

1937 2877 2325 2944 quodammodo
2385 2875 2903 2939 transelementatus,
2949 2885 3001 2928 et
3055 2878 3232 2931 carnis
3285 2894 3497 2947 quoque

1939 2965 2388 3018 resurrectionem
2417 2963 2667 3025 futuram,
2700 2980 2802 3032 quo
2826 2965 3074 3017 nimirum
3109 2976 3346 3019 nostrum
3394 2969 3496 3021 hoc

1938 3053 2162 3106 mortale
2220 3051 2405 3105 induat
2436 3053 2888 3106 immortalitatem
2933 3061 2984 3106 et
3025 3054 3368 3123 corruptibile
3414 3056 3492 3109 in-

1941 3142 2336 3209 corruptionem
2390 3139 2466 3211 ('l
2494 3136 2613 3192 Cor.
2641 3141 2755 3212 xv).
2812 3141 3080 3196 Conﬁteor
3129 3144 3286 3196 etiam
3333 3161 3495 3199 unum

1863 3214 1904 3274 (ἶ
1938 3232 2199 3300 baptisma
2241 3231 2291 3283 in
2324 3231 2688 3284 remissionem
2720 3241 3074 3299 peccatorum,
3125 3235 3262 3300 quod
3301 3249 3490 3288 secun-

1935 3321 2060 3374 dum
2109 3321 2469 3389 evangelicam
2504 3319 2953 3387 apostolicamque
2998 3321 3337 3375 traditionem
3364 3337 3489 3391 per-

1937 3411 2112 3465 ficitur
2143 3412 2196 3465 in
2226 3412 2440 3464 nomine
2478 3409 2670 3474 Patris,
2697 3421 2749 3464 et
2788 3411 2929 3474 Filii,
2968 3423 3020 3465 et
3048 3411 3278 3480 Spiritus
3302 3416 3493 3468 sancti.

1937 3501 2058 3555 Haec
2107 3502 2404 3555 veneranda
2469 3503 2748 3554 orthodoxi
2797 3504 3040 3571 sacrique
3093 3504 3265 3556 cultus
3325 3507 3495 3558 nostni

1935 3592 2182 3660 dogmata
2227 3591 2512 3658 divinaque
2554 3593 2826 3658 mysteria,
2858 3606 2975 3659 qua:
3015 3593 3165 3660 juxta
3213 3594 3492 3648 sublimem

1935 3678 2458 3745 sincerissimamque
2503 3678 2818 3745 theologiam
2857 3679 3021 3732 divini
3045 3681 3290 3747 sacrique
3318 3683 3498 3735 docto-

1936 3783 2021 3821 res
2045 3767 2196 3820 nobis
2218 3767 2578 3830 tradiderunt,
2608 3774 2716 3819 tum
2753 3767 3038 3820 salutarem
3077 3784 3285 3837 quoque
3327 3769 3490 3822 divini

1935 3855 2087 3908 verbi
2124 3870 2247 3924 erga
2277 3868 2372 3906 nos
2401 3855 2874 3921 dispensationem,
2909 3862 3020 3907 tum
3048 3864 3270 3909 carteras
3313 3872 3499 3910 omnes

1938 3944 2087 3996 hisce
2120 3943 2320 3996 similes
2346 3953 2398 3996 et
2426 3952 2812 3996 consentaneas
2856 3944 3127 3997 doctrinas
3161 3946 3500 4012 praedicatio-

1937 4047 2136 4100 nesque
2174 4047 2293 4086 cum
2330 4032 2473 4086 omni
2523 4033 2884 4100 acceptatione
2913 4040 2964 4084 et
2991 4031 3092 4086 ﬁde
3121 4032 3412 4100 amplector
3439 4045 3492 4087 et

1939 4137 2111 4177 εει-νο.

2006 4210 2299 4265 Exosculor
2321 4209 2664 4264 nihilominus
2702 4217 2758 4262 et
2783 4217 2971 4278 expeto
3001 4217 3300 4262 sanctorum
3349 4210 3489 4277 apud

1937 4300 2106 4354 Deum
2152 4299 2446 4369 patrocinia
2493 4307 2546 4353 et
2596 4299 3050 4352 intercessiones:
3083 4299 3256 4366 primo
3284 4299 3497 4368 quidem

1938 4391 2308 4460 praecipueque
2353 4388 2702 4441 sanctissimae
2732 4396 2786 4441 et
2815 4387 3313 4441 immaculatissimm
3352 4402 3495 4440 sem-

1943 4495 2038 4549 per
2067 4480 2289 4549 virginis
2324 4495 2386 4533 ac
2418 4478 2644 4533 domina:
2674 4487 2867 4531 nostra:
2893 4477 2984 4530 Dei
3013 4477 3217 4539 matris,
3250 4491 3370 4529 mox
3397 4492 3491 4530 ve-

1943 4584 2002 4622 ro
2050 4569 2348 4622 divinarum
2405 4567 2806 4634 caelestiumque
2854 4566 3126 4624 virtutum,
3184 4574 3492 4620 sanctorum

1942 4659 2545 4725 laudatissimorumque
2604 4656 2986 4724 apostolorum,
3042 4657 3316 4708 beatorum
3371 4669 3497 4722 pro—

1938 4749 2234 4816 phetarum,
2255 4745 2752 4814 gloriosissimorum
2768 4744 3338 4811 invictissimorumque
3356 4758 3497 4796 mar-
3535 4737 3540 4741 ’

1939 4845 2139 4906 tyrum,
2170 4833 2467 4887 divinorum
2493 4832 2727 4892 Patrum,
2757 4848 2817 4886 ac
2848 4833 3087 4885 omnium
3114 4832 3340 4900 denique
3367 4846 3490 4884 san-

1941 4933 2170 4987 ctorum,
2196 4922 2286 4990 qui
2310 4921 2376 4974 ab
2408 4920 2560 4973 initio
2581 4921 2762 4973 mundi
2812 4920 3033 4973 Domino
3059 4920 3396 4986 placuerunt,
3441 4928 3495 4972 et

1948 5013 2146 5081 absque
2169 5011 2274 5063 ullo
2302 5011 2517 5063 omnino
2549 5010 2652 5063 line
2700 5010 2752 5062 in
2786 5009 2899 5076 ipso
2923 5017 2976 5061 et
3004 5024 3099 5076 per
3120 5008 3290 5076 ipsum
3314 5011 3498 5062 vivunt

1947 5101 2162 5170 (anima:
2176 5097 2587 5164 enimjustorum
2613 5098 2662 5150 in
2678 5111 2834 5150 manu
2851 5096 2942 5151 Dei
2956 5105 3079 5150 sunt
3101 5094 3251 5166 [Sap.
3279 5112 3359 5157 ιιι,
3388 5095 3437 5166 1]
3457 5099 3493 5165 ),

1947 5195 2006 5239 ut
2047 5185 2138 5254 qui
2167 5185 2454 5238 maximam
2497 5184 2621 5237 hinc
2657 5185 2848 5238 anima:
2883 5184 3224 5252 corporisque
3274 5184 3499 5238 salutem

1948 5291 2268 5344 consequar.

2017 5365 2193 5418 Adero
2226 5364 2353 5416 item
2379 5371 2435 5419 et
2464 5363 2746 5418 exosculor
2771 5363 3099 5417 venerandas
3138 5363 3348 5416 illorum
3371 5362 3499 5417 reli-

1951 5455 2124 5522 quias,
2163 5453 2357 5522 quippe
2382 5469 2499 5522 quae
2529 5463 2728 5507 certam
2773 5453 3068 5505 animorum
3113 5467 3502 5521 corporumque

1955 5542 2154 5596 morbis
2181 5541 2428 5605 salutem,
2485 5542 2904 5609 medicinamque
2933 5541 3224 5595 conferant.
3261 5540 3503 5608 Suscipio

1954 5639 2210 5700 prmterea
2242 5645 2304 5683 ac
2327 5630 2483 5683 laudo
2529 5631 2882 5684 venerandam
2909 5631 3245 5698 divinamque
3293 5632 3503 5685 illorum

1959 5721 2438 5785 conversationem,
2481 5719 2956 5787 celeberrimosque
2981 5722 3281 5772 em'umdem
3311 5734 3507 5784 agones
