4238 6446
260 433 358 495 193

1211 417 1574 480 EPISTULA
1616 419 1715 478 AD
1756 418 2062 478 LEONEM
2108 419 2194 477 Ill
2242 420 2510 480 ΡᾹΡᾹΜ.

3387 423 3486 495 194

258 552 408 606 πόλιν
449 547 869 619 συγκροτηῦξῖσαν
908 543 1052 610 ἁγίαν
1091 543 1322 610 πέμπτην
1355 539 1565 595 σύνοδον
1593 546 1690 591 τῶν
1716 536 1808 611 ρξε’
1843 545 1885 597 Λ

1849 545 1885 597 Α
1918 545 2056 587 trum
2099 535 2371 603 synodum,
2417 549 2533 601 qua‘
2572 533 2622 585 in
2655 533 2755 586 hac
2803 533 2993 588 iterum
3040 536 3216 591 divina
3261 537 3479 610 Deoque

255 645 408 712 ἁγίων
438 640 665 709 ῐιατέρων
693 639 850 702 ἡμῶν,
882 636 988 694 ἥτις
1022 635 1085 686 τὰ
1118 631 1377 705 Θεοδώρου
1407 635 1489 683 καί
1515 634 1810 703 Νεστορίου,

253 733 380 802 πρὸς
417 726 470 782 δέ
509 730 593 779 καί
628 723 928 797 Ὠριγένους,
970 720 1184 790 Διδύμου
1226 740 1278 773 τε
1330 723 1416 772 καί
1454 719 1699 790 Εὐαγρίου
1729 717 1815 768 καί

253 826 353 874 τῶν
398 816 718 888 ἀμφάὐτοὺς
748 811 1023 874 κακοδόξων
1057 810 1216 867 ἀσεϐῆ
1266 808 1516 880 δόγματα,
1556 807 1681 863 τέως
1727 807 1814 873 μὲν

255 910 395 982 παρᾶ
448 913 552 965 τοῖς
597 903 792 962 πολλοῖς
830 903 1169 979 κρυπτόμενα,
1220 903 1486 955 τηνικαῦτα
1528 894 1581 949 δέ
1626 913 1816 967 πικρεις

258 995 530 1069 ἀναφνέντα
585 997 669 1049 καί
723 993 1174 1048 ἀναϐλαστῆσαντα
1228 990 1454 1057 έξέτεμε·
1515 984 1575 1040 δι’
1598 981 1662 1036 ὧν
1716 988 1815 1058 γὰρ

261 1086 407 1140 αὖτοί
463 1082 740 1155 ὶληρόιδουν
801 1079 1261 1151 μυθολογημάτων,
1310 1073 1550 1144 Ἰουδαϊκῇ
1615 1091 1668 1125 τε
1732 1074 1818 1125 καί

259 1175 506 1250 ”ι;λ).ηνικῇ
571 1175 794 1245 μᾶλλον,
853 1169 881 1228 ἧ
939 1171 1261 1242 Χριστιανεκῇ
1323 1162 1439 1232 δόξῃ
1493 1160 1819 1218 έπηκολούθη-

260 1286 378 1320 σαν.

326 1371 470 1438 Ἐξῆς
515 1377 603 1430 τήν
640 1373 781 1427 ἕκτην
821 1377 918 1424 τῶν
955 1367 1027 1439 ρο’
1074 1368 1217 1440 ίερῶν
1253 1364 1442 1441 ἀνδρῶν
1485 1367 1820 1435 οἰκουμενικήν

261 1462 469 1518 σύνοδον
531 1466 610 1516 καί
666 1460 823 1519 αὐτὴν
872 1463 1000 1515 κατά
1053 1465 1204 1514 τοῦτο
1268 1459 1324 1512 τὸ
1377 1456 1626 1528 βασίλειον
1685 1452 1817 1508 ἄστυ

261 1558 589 1626 συνηγμένην,
619 1558 703 1608 καί
739 1560 835 1609 τῶν
863 1555 992 1607 κατὰ
1018 1551 1233 1623 Χριστόν
1264 1550 1458 1618 φύσεων
1484 1549 1576 1606 τάς
1602 1567 1654 1601 τε
1694 1543 1818 1599 ἰδιό-

260 1667 414 1704 τητας
453 1647 536 1697 καί
572 1645 804 1716 φυσικὰς·
827 1644 1076 1717 ένεργείας
1115 1643 1204 1694 καί
1239 1640 1460 1697 θελήσεις
1509 1637 1817 1710 κηρύξασαν,

260 1737 697 1804 ἁναθεματίσασαν
726 1730 779 1787 δέ
801 1731 1058 1804 Θεόδωρον
1083 1730 1172 1785 τὸν
1201 1737 1292 1789 τῆς
1328 1730 1491 1802 φαρὰν
1529 1728 1817 1790 έπίσκοπον,

263 1829 343 1878 καὶ
378 1827 631 1897 εονὼριον,
683 1820 835 1892 κῦρον
887 1841 937 1876 τε
985 1823 1067 1876 καί
1109 1821 1327 1893 Σίργιον,
1372 1819 1582 1890 Πύῤῥον,
1634 1815 1821 1870 Παῦλον

265 1918 347 1968 καί
385 1917 584 1986 Πέτρον,
622 1914 739 1972 τοὺς
776 1915 1111 1984 συγχωρήσει
1159 1918 1286 1966 Θεοῦ
1325 1913 1454 1964 κατὰ
1498 1915 1587 1966 τήν
1624 1905 1821 1964 Ἐκκλη-

262 2008 378 2058 σίαν
430 2005 480 2056 έν
521 2012 582 2077 τῇ
639 2005 886 2076 ἱερωσύνῃ
933 2003 1309 2075 εἰσφθαρέντας·
1350 1999 1424 2055 ἔτι
1452 2001 1533 2053 καί
1570 1998 1822 2069 Μακάρων

265 2093 682 2163 τόνᾊντιοχείας
732 2091 1078 2161 ὀνομασθέντα
1136 2089 1415 2166 πρόεδρον,
1457 2092 1540 2142 καί
1586 2091 1820 2158 Στέφανον

263 2191 347 2243 τὸν
399 2190 582 2244 τούτου
629 2188 887 2256 μαθητήν
929 2186 1054 2259 πρὸς
1100 2184 1150 2240 δέ
1204 2187 1283 2238 καί
1335 2181 1696 2252 Πολυχρόνιον,
1737 2180 1821 2233 τόν

263 2281 566 2352 νηπιόφρονα
602 2281 830 2350 γέροντα·
871 2275 916 2330 οἳ
955 2275 1003 2330 έν
1049 2276 1252 2344 θέλημα,
1299 2277 1381 2328 καί
1425 2275 1540 2344 μίαν
1579 2273 1822 2342 ἐνέργειαν

266 2371 346 2423 ἰπὶ
394 2377 484 2424 τοῦ
538 2376 761 2439 Σωτῆρος
837 2369 971 2436 ἡμῶν
1033 2362 1258 2440 Χριστοῦ
1314 2365 1398 2415 καί
1456 2367 1581 2415 Θεοῦ
1651 2358 1822 2421 ἐδόξα-

268 2467 370 2522 ζον.

335 2638 444 2688 Ἐπί
480 2632 665 2692 ταύτης
697 2632 749 2687 δέ
790 2631 935 2686 πάλιν
964 2633 1046 2683 καί
1084 2629 1212 2699 μετά
1241 2631 1403 2679 ταῦτα
1431 2628 1517 2682 την
1547 2623 1596 2674 ίν
1639 2619 1824 2690 Νικαίᾳ

275 2726 331 2780 τό
363 2724 594 2795 δεύτερον
633 2724 968 2777 συνελοοῦσαν
995 2726 1089 2770 τῶν
1113 2719 1161 2770 ἔν
1199 2723 1300 2774 τοῖς
1330 2711 1434 2767 καθ’
1456 2716 1586 2781 ἡμᾶς
1616 2709 1824 2780 χρόνοις

272 2819 339 2889 ρν’
394 2817 620 2886 ιιατέρων
675 2812 885 2881 έῖδόμην
923 2813 1005 2862 καί
1044 2809 1173 2883 ίεράν
1211 2804 1418 2859 σύνοδον
1445 2844 1458 2867 ,
1504 2804 1611 2860 ἣτις
1658 2802 1826 2858 πάσας

277 2909 361 2963 τὰς
394 2905 752 2975 προλαξούσας
791 2901 934 2973 ἁγίας
974 2896 1214 2954 συνόδους
1254 2893 1612 2966 έπεσφρὰγισε,
1643 2892 1727 2942 καί
1765 2888 1826 2942 τὰ

273 2999 465 3048 τούτων
502 2990 748 3062 δόγματα,
789 2997 887 3043 τῶν
934 2994 1133 3041 σεπτῶν
1181 2987 1265 3037 καί
1312 2984 1448 3057 ἱερῶν
1493 2980 1689 3034 εἰκόνων
1741 2983 1827 3033 τήν

273 3083 496 3153 ἀρλήθεν
558 3077 958 3153 παραδεδομένην
1027 3084 1088 3144 τῇ
1145 3072 1412 3142 Ἐκκλησία
1485 3063 1828 3141 προσκύνησιν

275 3174 558 3237 ἀνεδέξατο,
599 3171 818 3244 ὁρίσασα
861 3166 1218 3240 παραπλησίως
1257 3163 1410 3238 αὐτάς
1456 3155 1526 3224 τῷ
1566 3159 1711 3224 τύπῳ
1741 3159 1824 3208 τοῦ
1854 3198 1895 3258 C

274 3270 515 3328 ζωοποιοῦ
588 3268 804 3333 σταυροῦ
873 3257 1277 3332 προσκυνεῖσθαι.
1348 3248 1678 3314 Ἀπεϐὰλομεν
1735 3253 1823 3302 τῆς

272 3358 559 3415 Ἐκκλησέας
594 3357 712 3415 τοὺς
750 3351 985 3424 ἐφ’ὖϐρει
1025 3351 1106 3400 καί
1153 3350 1472 3415 καταστροφῇ
1518 3343 1706 3394 τούτων
1749 3359 1825 3390 κε·-

266 3449 668 3517 νολογήσαντας,
720 3443 804 3494 καί
848 3436 946 3494 τῶν
995 3430 1303 3508 Χριστιανῶν
1360 3432 1822 3500 κατηγορήσαντας,

278 3536 355 3589 ὅτι
386 3539 452 3592 ὡς
483 3537 605 3590 Θεοῖς
634 3534 803 3588 αὐτοῖς
833 3528 1234 3603 προσεκύνησαν’
1265 3521 1503 3575 τουτέστι
1535 3516 1820 3578 Θεοδόσιον,

279 3631 556 3693 Βασίλειον,
604 3625 989 3698 Σισίννιον,τοὺς
1045 3617 1330 3692 παρορὰσξι
1385 3619 1508 3667 Θεοῦ
1565 3611 1824 3684 ίερατικῶν

274 3723 452 3794 θρόνων
493 3717 760 3789 ἄρξαντας.

348 3893 438 3941 Καὶ
466 3886 656 3945 ταίτας
693 3889 782 3944 τὰς
813 3885 1070 3958 εἰρημένας
1100 3879 1241 3948 ἁγίοις
1289 3875 1628 3945 οἰκουμςνικας
1677 3871 1827 3926 συνό-

278 3977 396 4036 δους
441 3975 782 4043 ἀποδέχομαι,
811 3975 894 4025 καί
933 3973 1125 4024 πάντων
1148 3974 1244 4020 τῶν
1277 3967 1504 4033 ἐκκρίτων
1543 3965 1626 4016 καί
1664 3983 1828 4030 μακαο

274 4069 393 4138 ρίων
418 4065 645 4136 Πατέρων
681 4063 742 4116 τά
778 4081 830 4113 τε
859 4058 1080 4130 δόγματα
1117 4057 1198 4108 καί
1228 4058 1491 4118 πονηματα
1513 4052 1824 4119 ἀσπάζομαι,

275 4159 343 4216 ὦς
373 4153 692 4210 διδασγαὶίαν
723 4154 1052 4208 ἁνεπῦηπτον
1077 4151 1159 4202 καί
1201 4149 1452 4218 σωτηρίας
1490 4145 1726 4209 θεμέλιον.
1753 4147 1829 4196 καί

275 4246 362 4305 οὓς
387 4248 416 4302 η
445 4245 670 4300 καῢολικὴ
690 4243 947 4298 Ἐκκλησία
975 4241 1240 4312 προσίεται
1268 4235 1611 4304 ἀποδέχομαι,
1636 4235 1718 4284 καί
1745 4231 1830 4290 οὓς

273 4333 616 4400 ἀποτρέπεται
654 4332 1049 4402 ἀποστρέφομαι.
1090 4323 1452 4390 ’Λποϐιίλλομαι
1491 4321 1542 4375 δὲ
1583 4324 1665 4374 καί
1704 4342 1830 4374 παν-

275 4425 426 4482 τεὶῶς
456 4424 806 4496 ἀποτρέπομαι
843 4421 960 4478 τοὺς
999 4418 1099 4472 ἀπὸ
1141 4420 1354 4485 Σίμωνος
1395 4420 1483 4466 τοῦ
1523 4411 1713 4484 Μάγου.
1749 4415 1830 4466 καί

1917 629 2122 681 addicta
2187 628 2398 678 civitate
2439 634 2643 689 coacta,
2701 627 2859 694 impia
2897 626 3180 692 Theodori,
3229 627 3482 695 Ncstorii,

1913 716 2178 786 Origenis,
2223 716 2449 784 Didymi,
2476 716 2706 785 Evagrii,
2739 715 3166 785 reliquorumque
3197 719 3480 772 [κει-θείω-

1915 823 2033 860 rum
2068 806 2320 875 pnrdieta
2363 806 2682 858 sectantium
2712 806 2982 874 dogmata,
3021 807 3215 858 dudum
3267 807 3486 875 quidem

1914 908 2038 952 ante
2080 897 2216 966 apud
2259 896 2538 966 plerosque
2589 898 2823 959 occulta,
2867 911 2962 964 per
3011 896 3062 949 id
3103 910 3232 949 vero
3276 905 3484 966 tempus

1915 990 2134 1042 acerbos
2161 989 2333 1041 denuo
2373 1001 2552 1040 ramos
2585 987 2929 1053 surculosque
2966 984 3476 1055 proferentia,juste

1916 1078 2112 1130 excidit
2139 1095 2149 1129 :
2174 1092 2290 1146 quze
2315 1077 2456 1129 enim
2484 1077 2582 1144 ipsi
2606 1084 2782 1128 mente
2805 1075 2969 1128 delira
2993 1084 3045 1128 et
3064 1071 3304 1128 fabulose
3327 1075 3488 1142 proli-

1920 1168 2182 1227 tehantur,
2209 1181 2268 1218 ea
2286 1165 2587 1219 Judteorum
2601 1173 2994 1232 etpaganorum
3015 1163 3383 1236 imaginationi
3398 1182 3487 1218 ve-

1917 1257 2050 1319 rius,
2084 1264 2244 1324 qua"!
2289 1253 2716 1308 Christianorum
2747 1253 2868 1306 lidei
2900 1261 3258 1306 consentanea
3306 1262 3483 1305 erant.

1987 1347 2113 1400 Post
2163 1348 2303 1400 hanc
2330 1353 2384 1398 et
2420 1352 2626 1397 sextam
2655 1359 2868 1414 quoque
2909 1351 3146 1398 sanctam
3177 1351 3229 1396 et
3257 1357 3489 1396 cucume—

1918 1441 2091 1495 nicam
2120 1438 2218 1492 170
2247 1446 2554 1491 sanctorum
2601 1437 2838 1489 virorum
2878 1435 3161 1505 synodum,
3202 1435 3394 1488 iterum
3423 1435 3480 1488 in

1917 1528 2061 1598 regia
2088 1527 2183 1579 hac
2206 1527 2336 1578 urbe
2379 1534 2748 1594 congregatam
2777 1539 3026 1586 veneror,
3067 1537 3184 1591 qua:
3207 1538 3302 1592 pro
3335 1531 3489 1575 natu-

1918 1633 2097 1671 rarum
2137 1616 2338 1669 Christi
2370 1616 2596 1678 ratione,
2627 1614 2864 1682 ejusdem
2891 1628 3102 1681 quoque
3132 1614 3488 1682 proprietates

1918 1706 2292 1774 naturalesque
2339 1706 2699 1774 Operationes,
2738 1713 2793 1756 et
2812 1703 3108 1757 voluntates
3159 1703 3486 1756 distinxitac

1917 1798 2242 1868 praedicavit,
2284 1805 2338 1850 et
2380 1796 2718 1849 Theodorum
2756 1795 3061 1862 episcopum
3102 1793 3336 1856 Pharan,
3380 1793 3488 1847 Ho-

1849 1871 1894 1929 B
1923 1887 2150 1951 norium,
2198 1885 2415 1956 Cyrum,
2452 1884 2718 1954 Sergium,
2772 1885 3056 1954 Pyrrhum,
3105 1883 3345 1946 Paulum,
3397 1882 3492 1936 Pe-

1920 1983 2080 2039 trum,
2109 1976 2196 2044 qui
2221 1975 2483 2044 permissu
2504 1975 2595 2028 Dei
2624 1989 2720 2043 per
2745 1973 3141 2042 corruptionem
3175 1980 3227 2023 et
3251 1971 3490 2025 fraudem

1921 2067 1975 2120 in
2007 2066 2259 2120 Ecclesiae
2286 2066 2646 2120 sacerdotium
2675 2067 3024 2134 irrepserant,
3071 2064 3357 2117 Macarium
3387 2064 3494 2117 An-

1921 2161 2132 2214 tiochia:
2167 2160 2484 2224 antistitem,
2512 2167 2564 2213 et
2604 2157 2932 2226 Stephanum
2989 2157 3203 2210 Macarii
3261 2157 3493 2226 discipu-

1924 2250 2051 2314 lum,
2080 2259 2133 2303 ct
2182 2249 2590 2318 Polychronium
2621 2247 2875 2316 puerilem
2916 2247 3264 2312 insanumque
3305 2260 3487 2298 senem

1923 2339 2244 2393 anathemati
2273 2337 2498 2404 subjecit
2527 2354 2538 2388 :
2574 2351 2734 2389 unam
2759 2339 2899 2390 enim
2931 2337 2982 2388 hi
3015 2337 3275 2388 duntaxat
3306 2334 3494 2388 volun-

1923 2442 2106 2497 tatem,
2139 2445 2404 2500 unamquc
2444 2430 2809 2500 operationem
2851 2427 3065 2483 Christo
3095 2426 3368 2482 Servatori
3393 2442 3492 2480 no-

1924 2533 2036 2578 stro
2067 2523 2400 2577 tribuendam
2438 2537 2557 2576 esse
2585 2522 2867 2574 docebant.

1992 2612 2210 2680 Recipio
2243 2609 2454 2663 tandem
2505 2609 2786 2677 septimam
2811 2622 3020 2661 sacram
3062 2607 3160 2660 l50
3188 2616 3492 2661 sanctorum

1922 2704 2146 2758 Patrum
2175 2701 2435 2771 synodum
2478 2709 2663 2752 nostro
2697 2699 2799 2752 hoc
2837 2714 2948 2752 a3vo
2979 2698 3028 2774 in
3060 2697 3272 2751 civitate
3320 2696 3492 2750 Nicaea

1925 2794 2096 2848 denuo
2129 2793 2472 2851 celebratam,
2499 2805 2616 2857 quae
2653 2803 2840 2841 omnes
2897 2788 3259 2856 praecedentes
3305 2801 3488 2844 sacras

1926 2885 2155 2954 synodos
2184 2895 2476 2948 carmnque
2520 2879 2769 2946 dogmata
2799 2893 2862 2930 ac
2901 2878 3112 2930 decreta
3155 2875 3495 2930 confirmavit

1926 2984 1977 3026 et
2005 2972 2396 3041 quodammmlo
2418 2968 2744 3038 obsignavit,
2776 2982 3158 3034 sacrarumque
3181 2982 3243 3019 ac
3273 2980 3497 3019 venera—

1927 3062 2111 3114 bilium
2159 3059 2454 3126 imaginum
2495 3056 2694 3108 cultum
2725 3055 3198 3120 aduratimmnque
3221 3051 3330 3118 jam
3376 3052 3497 3105 inde

1928 3151 1994 3204 ab
2018 3151 2165 3204 initio
2190 3147 2442 3202 Ecclesiis
2473 3154 2554 3199 tra
2577 3147 2722 3198 Iitam
2751 3143 3348 3212 suscepitdelinivitque
3379 3157 3486 3195 non

1927 3257 2080 3295 Seeus
2103 3239 2430 3293 venerandus
2459 3254 2577 3290 esse
2604 3245 2762 3304 atque
2790 3236 3014 3287 vivilicze
3042 3235 3216 3286 crucis
3245 3233 3491 3302 elligiem.

1923 3333 2025 3387 Eos
2077 3331 2296 3400 proinde
2358 3344 2421 3382 ex
2468 3327 2720 3380 Eerlesiis
2753 3325 3014 3391 ejieimus,
3055 3325 3144 3391 qui
3201 3323 3250 3375 in
3303 3323 3490 3375 harum

1922 3419 2292 3474 contumeliam
2323 3427 2375 3470 et
2404 3417 2735 3470 eversionem
2790 3414 2925 3466 futili
2981 3414 3296 3483 garrulitate
3339 3411 3496 3465 Chri-

1923 3513 2110 3567 slianis
2138 3511 2417 3572 insultant,
2462 3510 2612 3578 quasi
2653 3510 2869 3562 deorum
2912 3509 3028 3560 loco
3084 3508 3344 3562 hactenus
3380 3507 3494 3560 illas

1923 3604 2148 3656 habeant
2176 3608 2616 3667 venerenturque,
2641 3598 2824 3665 quales
2850 3607 2971 3651 sunt
2999 3597 3330 3650 Theodosius
3357 3635 3371 3656 ,
3396 3595 3496 3648 Ba-

1923 3692 2092 3753 silius,
2121 3699 2172 3743 ct
2203 3689 2494 3750 Sisinnius,
2541 3689 2627 3756 qui
2672 3689 2761 3741 Dei
2803 3686 3152 3755 permissione
3173 3684 3489 3753 episcopali-

1923 3779 2022 3833 bus
2039 3781 2252 3832 sedibus
2270 3777 2546 3847 prarl'uerc.

1995 3867 2102 3920 llas
2128 3869 2303 3934 itaque
2335 3867 2616 3934 praedictas
2642 3880 2821 3916 sacras
2860 3871 2908 3916 ct
2937 3863 3293 3916 mcumenicas
3333 3876 3493 3932 syno—

1925 3957 2022 4010 dos
2072 3957 2324 4025 suscipio,
2379 3964 2431 4008 et
2471 3955 2707 4008 omnimn
2768 3954 3061 4006 electorum
3113 3954 3497 4019 beatorumque

1926 4045 2141 4098 Patrum
2169 4044 2413 4114 dogmata
2459 4053 2513 4097 et
2539 4042 2811 4111 opuscula.
2857 4053 2912 4094 ut
2939 4056 3055 4108 qme
3107 4040 3176 4091 ab
3225 4041 3368 4093 onmi
3409 4054 3494 4092 re—

1925 4135 2278 4202 prehensione
2334 4133 2560 4184 alienam
2603 4132 2901 4184 doctrinam
2959 4129 3254 4195 salutisque
3304 4128 3496 4180 funda-

1929 4235 2165 4279 mentum
2211 4225 2536 4284 contincanl,
2577 4237 2640 4274 ex
2677 4221 2856 4274 animo
2887 4219 3229 4287 complector,
3280 4217 3492 4270 demum

1927 4329 2270 4384 quoscunque
2301 4311 2533 4365 Ecclesia
2561 4311 2819 4365 catholica
2855 4309 3060 4376 reripit,
3086 4308 3200 4362 illos
3236 4322 3332 4374 ego
3357 4321 3498 4373 quo-

1930 4421 2032 4474 que
2055 4404 2273 4472 recipio,
2298 4412 2351 4455 et
2374 4417 2718 4470 quoscunque
2743 4402 2843 4453 ista
2869 4407 3166 4462 aversatur,
3196 4398 3310 4450 illus
3351 4399 3495 4467 ipsos

275 4514 438 4585 μέχρι
473 4517 562 4565 τοῦ
621 4508 769 4586 δεῦρο
805 4518 892 4570 τῆς
945 4508 1201 4565 εὐσεϐείας
1255 4505 1576 4558 παντάπασιν
1635 4503 1895 4587 durem-1]

1855 4502 1985 4587 Det
2028 4507 2126 4562 ego
2174 4493 2356 4546 itidem
2413 4506 2649 4544 aversor.
2708 4490 2969 4544 Essecror
3005 4488 3167 4541 etiam
3211 4487 3490 4554 modisque

276 4601 561 4663 πτωκότας,
600 4603 681 4653 καί
733 4597 900 4661 δόξαις
945 4603 1171 4671 πονηρῶν
1217 4594 1478 4666 δογμάτων
1523 4595 1602 4644 καί
1651 4593 1827 4664 φθορο-

274 4695 432 4743 ποιῶν
470 4690 791 4761 έμφυρέντας,
819 4689 897 4740 καί
940 4691 1025 4744 τήν
1063 4692 1161 4739 τῶν
1209 4683 1360 4753 ἁγίων
1397 4683 1674 4756 παράδοσιν
1716 4683 1832 4734 ἀθεο

274 4787 547 4844 τὴσαντας,
594 4781 673 4832 καί
717 4779 799 4832 τὸν
836 4779 1010 4849 πικρόν
1046 4783 1142 4830 τῶν
1179 4777 1401 4838 ζιζανίων
1437 4777 1627 4848 σπόρον
1675 4795 1830 4828 συνα-

274 4869 474 4937 ναμὶξαι
510 4876 569 4938 τῇ
596 4878 685 4927 τῆς
721 4867 1004 4944 ὀρθοδοξίας
1034 4867 1225 4938 ἀρούρᾳ
1261 4865 1604 4934 τολμήσαντας
1642 4864 1829 4923 αὐτούς

273 4979 326 5012 τε
382 4959 743 5027 ἀναθεματίζω,
790 4960 870 5010 καὶ
928 4957 1116 5014 πάντας
1163 4957 1278 5014 τοὺς
1327 4948 1598 5022 ἑπομένους
1641 4954 1825 5016 αὐτοῖς,

274 5051 355 5101 καί
395 5050 461 5106 ὥς
499 5048 656 5116 λύμην
708 5056 798 5106 τῆς
849 5048 974 5099 κατὰ
1012 5045 1226 5118 Χριστὸν
1275 5045 1562 5102 Ἐκκλησίας
1602 5041 1828 5097 διαπτὺω

275 5142 356 5190 καί
392 5146 464 5210 τῷ
492 5139 757 5210 ἀναθέματι
786 5137 1162 5190 καθυποϐαλλω.
1195 5139 1354 5205 Ἡμεῖς
1392 5137 1481 5202 μέν
1510 5129 1592 5185 οὖν
1620 5135 1672 5186 τὸ
1714 5132 1830 5199 ἡμέ-

276 5248 418 5300 τερον
456 5230 676 5302 γρόνημα
710 5237 821 5288 τοῖς
869 5228 1269 5297 μακαριωτάτοις
1317 5225 1433 5293 ὑμῖν
1479 5225 1560 5276 καί
1595 5219 1830 5275 Θεοδιδάο

277 5337 409 5374 κτοις
463 5319 591 5371 κατὰ
642 5324 807 5371 ταῦτα
843 5315 1186 5382 δεδηλωμένων
1235 5316 1722 5386 προσπεφωνηκαμεν
1759 5317 1829 5379 τῷ

280 5401 462 5457 ἄνωθεν
516 5405 830 5477 κεκρατηκότι
891 5403 1281 5472 ἐκκλησιαστικῷ
1347 5401 1515 5468 Θεσμῷ
1583 5400 1829 5467 ἑπόμενοι,

279 5488 380 5545 οἷον
417 5514 514 5547 τινι
545 5492 765 5564 ἐμψύχῳ
808 5497 1000 5566 κήρυκι,
1028 5499 1098 5561 τῷ
1126 5489 1177 5544 δὲ
1218 5493 1353 5558 ἡμῶν
1382 5487 1832 5561 προσχρησάμενα

281 5588 350 5652 τῷ
390 5581 681 5654 γράμματι,
712 5591 801 5641 τῆς
829 5584 876 5634 ἐν
904 5589 1098 5656 Χριστῷ
1145 5584 1344 5651 ἁγαπςς
1397 5581 1479 5631 καί
1519 5580 1645 5648 πρὸς
1689 5577 1831 5633 ἀλλή-

281 5668 396 5729 λους
431 5675 713 5740 συμπνοίας
758 5673 838 5722 καὶ
875 5669 1102 5739 ὁμονοίας
1156 5671 1248 5726 τὰς
1291 5667 1470 5738 ἐγγύας
1522 5666 1828 5734 ἐττοιγομένο).

284 5765 334 5812 Ἢ
363 5755 416 5812 δέ
455 5759 673 5830 ὑμετέρα
717 5760 1028 5827 ποθεινοτέρα
1075 5759 1123 5809 ἓν
1173 5760 1329 5831 “(ira
1376 5755 1642 5826 ἀδελφότης
1689 5756 1829 5821 ἀμεί-

1931 4583 2176 4638 oumibus
2199 4583 2453 4646 detestor,
2480 4581 2569 4648 qui
2595 4598 2624 4633 a
2657 4579 2874 4634 Simone
2910 4579 3056 4648 Mago
3085 4577 3494 4646 appellationem

1931 4675 2104 4730 sortiti
2126 4681 2177 4727 et
2206 4673 2272 4726 ab
2298 4672 2440 4726 omni
2476 4686 2694 4741 prorsus
2729 4671 2927 4739 pietate
2957 4669 3120 4732 exuti,
3161 4669 3226 4721 ad
3255 4684 3486 4737 presen-

1931 4774 2034 4818 tem
2067 4779 2232 4832 usque
2254 4763 2390 4816 diem
2432 4777 2712 4830 pravorum
2759 4759 3159 4827 exitialiumque
3185 4762 3492 4827 dogmatum

1929 4854 2264 4923 Opinionibus
2320 4861 2625 4904 sanctorum
2666 4850 3006 4902 traditionem
3039 4848 3311 4901 inﬁrmare
3349 4849 3494 4899 viru-

1931 4944 2237 5011 lentumquc
2268 4941 2595 4994 zizaniorum
2634 4955 2815 4993 semen
2857 4939 3165 4993 orthodoxze
3207 4938 3325 4991 lidei
3360 4955 3488 5007 agro

1933 5035 2234 5088 immiscere
2282 5047 2383 5085 non
2429 5041 2678 5092 cessant;
2739 5031 2856 5092 hos,
2913 5031 3148 5096 inquam,
3194 5043 3489 5093 omnesque

1932 5121 2237 5176 eorumdem
2263 5137 2516 5190 sequaces
2551 5135 2818 5179 exsecror,
2847 5128 2899 5171 et
2926 5118 3085 5170 veluti
3131 5118 3489 5170 Ecclesiarum

1934 5210 2131 5265 Christi
2167 5223 2342 5281 prst
2382 5226 2571 5279 respuo
2593 5221 2644 5262 et
2681 5207 3094 5260 anathematizo.
3136 5205 3242 5258 Nos
3272 5207 3492 5275 proinde

1935 5303 2292 5356 Ecclesiarum
2321 5302 2668 5361 sanctionem,
2704 5314 2822 5366 qua:
2837 5296 2948 5364 jam
2979 5298 3097 5351 inde
3120 5297 3185 5350 ab
3215 5296 3365 5350 initio
3397 5299 3492 5353 ob-

1937 5395 2116 5458 tinuit,
2154 5394 2343 5456 secuti,
2393 5393 2539 5445 hisce
2586 5391 2784 5444 nostris
2829 5390 3020 5442 litteris
3047 5387 3208 5440 veluti
3255 5388 3491 5440 animato

1936 5487 2162 5552 quodam
2190 5497 2454 5550 praecone,
2491 5488 2545 5532 et
2572 5479 2849 5534 charitatis
2877 5479 2926 5531 in
2954 5477 3167 5531 Christo
3193 5485 3492 5542 mutua-que

1937 5573 2077 5627 inter
2105 5586 2201 5624 nos
2225 5571 2523 5624 concordia:
2548 5579 2598 5623 ct
2630 5569 2874 5622 amicitia:
2897 5568 3119 5620 vadibus
3145 5567 3246 5629 usi,
3287 5582 3382 5618 vos
3407 5583 3492 5618 sa-

1933 5660 2178 5712 lutan-los
2228 5667 2567 5726 nostrampne
2617 5656 2932 5710 sententiain
2981 5655 3129 5709 vobis
3164 5654 3492 5709 beatissimi:

1937 5751 2148 5818 Dcoquc
2195 5750 2395 5804 cdoctis
2441 5751 2577 5802 hunc
2617 5749 2668 5800 in
2718 5747 2930 5799 modum
2964 5745 3251 5798 faciendam
3283 5743 3496 5814 putavi-
