4238 6446
740 344 843 403 9ίιῖῑ
1715 339 1773 395 S-
1817 335 2237 398 NICEPHORI
2280 336 2414 395 PA'I

2336 333 2788 394 ΑΤΒῘΛΠΕΙΙᾸΞ
2833 333 2938 394 CP.
3902 327 4010 395 204

742 451 965 509 machos
1006 449 1287 517 scripsisse
1340 446 1741 501 Antirrneticos
1769 489 1783 509 ,
1820 462 1979 501 nemo
2013 453 2133 515 post
2179 444 2618 498 Sirmendianam
2670 444 2902 512 ipsorum
2949 440 3242 497 editionem
3284 438 3459 496 nescit
3492 454 3506 495 :
3537 444 3911 496 verumtamen
3956 439 4014 495 hi

748 538 878 591 nihil
926 537 1143 590 nostris
1167 573 1183 598 ,
1213 543 1408 604 praeter
1440 533 1650 586 titulum
1681 544 1733 587 et
1778 545 2172 604 argumentum,
2206 531 2383 585 simile
2412 531 2627 584 habent.

823 624 907 676 IV.
951 624 1219 677 (Itetcrnm
1255 630 1382 674 ante
1435 620 1814 673 Autirrheticos
1841 660 1856 686 ,
1885 620 2275 688 Apologeticum
2301 618 2549 687 majorem
2584 619 2877 686 scripserat
2912 618 2961 671 in
2998 616 3171 671 exsilii
3208 616 3409 686 pariter
3440 615 3625 686 quiete
3655 614 4016 688 Nicephorus,

750 727 884 780 opus
941 711 1148 777 grande
1194 724 1258 762 ac
1292 708 1547 776 spissum,
1604 708 1909 761 eruditione
1956 706 2209 773 plurima,
2259 704 2673 769 declamatione,
2707 706 3030 767 invectione,
3068 704 3477 774 egressionibus
3532 704 3696 758 etiam
3750 705 3919 759 variis
3964 713 4020 757 ct

753 798 1010 867 epEsodiis
1066 797 1357 867 ligttratum
1392 807 1554 864 atque
1586 796 1929 849 redundans.
1971 793 2153 863 Styltts
2187 794 2424 845 auctoris
2456 808 2602 853 acer,
2660 804 2770 844 tum
2827 794 2909 846 hic
2942 802 3051 846 tum
3085 794 3137 843 in
3172 790 3555 855 Antirrheticis,
3581 792 4017 846 adversariorum

756 888 931 939 latera
991 896 1049 940 et
1104 885 1403 954 pra'sertim
1428 884 1754 953 Copronymi
1787 884 1892 935 alte
1919 883 2256 943 conl‘odiens,
2288 895 2512 947 quorum
2544 880 2747 932 nullum
2773 882 2961 932 vitium
2994 894 3099 932 non
3132 879 3328 933 acerbo
3353 876 3720 933 conviciorinn
3755 878 3867 933 sale
3892 894 4017 947 per-

759 973 957 1027 fundit.
1021 972 1311 1027 Contendit
1344 971 1489 1026 enitu
1523 986 1637 1036 eos,
1681 979 1874 1038 prmter
1915 984 2123 1022 morum
2166 968 2548 1037 turpitudinem
2582 968 2835 1037 graphice
2866 968 3219 1034 descriptam,
3252 967 3409 1020 modo
3448 980 3571 1021 eSse
3605 964 4018 1022 Pbautasiastas

753 1068 847 1114 aut
914 1059 1319 1129 Monophysitas
1347 1068 1399 1113 et
1430 1057 1754 1125 Aceplialos,
1798 1057 1958 1110 modo
1984 1056 2216 1111 Arianos
2247 1064 2335 1108 aut
2367 1053 2688 1109 Maniclireos
2725 1054 2806 1107 vel
2852 1053 3098 1115 .luda'os,
3135 1054 3332 1107 Christi
3380 1070 3442 1108 ac
3493 1054 3554 1109 B.
3593 1053 3777 1109 Maria:
3840 1053 4016 1109 infen-

754 1147 1003 1203 sissimos
1057 1147 1263 1210 hostes,
1293 1145 1567 1207 ethnicos,
1602 1143 1994 1208 Antichristos,
2022 1141 2223 1196 diaboli
2254 1142 2393 1195 filios
2421 1160 2435 1195 :
2468 1142 2667 1210 passim
2692 1141 2923 1209 denique
2949 1140 3194 1201 stolidos,
3225 1140 3491 1203 ebriosos,
3525 1156 3589 1195 ac
3616 1140 3819 1195 belluas
3839 1142 4023 1210 appel-

756 1237 853 1287 lat.
929 1232 1253 1301 Quanquam
1290 1246 1481 1301 reapse
1512 1231 1577 1285 ad
1607 1230 2011 1301 Cupronymum
2050 1230 2194 1299 quod
2223 1230 2416 1285 attinet
2450 1230 2584 1283 nihil
2637 1244 2734 1299 par
2768 1227 3022 1290 fmditati,
3055 1228 3297 1294 szevitim,
3348 1228 3716 1297 impietatique
3762 1228 3879 1295 ejus
3914 1231 4020 1281 dici

755 1319 946 1388 potuit.
1020 1318 1146 1373 Ha:c
1180 1334 1361 1381 narro,
1396 1333 1502 1371 non
1550 1318 1680 1386 quia
1716 1318 1766 1370 id
1798 1324 1903 1370 tam
1934 1316 2226 1371 vehemens
2264 1327 2317 1370 et
2357 1317 2701 1385 praefractntn
2754 1316 3126 1371 invectionum
3169 1329 3340 1382 genus
3398 1316 3563 1370 indoli
3600 1332 3732 1371 mete
3771 1317 4019 1386 placeat;

756 1405 851 1460 sed
904 1415 962 1459 ut
1036 1420 1148 1459 rem
1196 1413 1353 1475 prout
1396 1416 1455 1458 se
1496 1402 1661 1458 habet
1696 1418 1963 1471 exponam
2010 1421 2022 1455 :
2055 1419 2177 1456 nam
2217 1419 2312 1456 nec
2343 1405 2513 1458 saneti
2546 1403 2854 1475 Hieronymi
2890 1402 3582 1459 ardentioresinvectiones
3613 1405 3810 1458 imitari
3862 1406 4023 1474 vulgo

756 1492 1014 1546 solemus.
1064 1491 1367 1559 Cazteroqui
1431 1491 1600 1556 zelus,
1653 1491 1824 1546 honor
1856 1490 2059 1545 Christi
2086 1500 2178 1545 aut
2210 1490 2422 1546 virtutis
2445 1491 2701 1558 offcnsus,
2728 1493 2985 1547 solemnia
3032 1491 3307 1556 scandala,
3359 1493 3645 1562 impiorum
3690 1494 4019 1559 triumpho»,

759 1581 1019 1634 honorum
1064 1580 1465 1648 oppressiones,
1495 1578 1770 1648 religionis
1800 1578 1978 1642 ruina,
2004 1574 2084 1631 ‘sic
2104 1578 2370 1632 interdum
2395 1588 2701 1633 sanctorum
2726 1581 2936 1634 animos
2966 1579 3324 1643 inﬂammant,
3350 1582 3454 1633 utii
3479 1582 3775 1648 przesertim
3796 1584 3884 1648 qui
3913 1582 4024 1634 clv-

756 1669 997 1746 quentia:
1050 1668 1251 1737 impetu
1289 1666 1740 1736 valent,querelis
1765 1667 2317 1737 etvituperationibus
2335 1669 2449 1723 sine
2474 1666 2631 1721 modo
2660 1665 2808 1720 frena
2838 1667 3098 1721 relaxent.
3128 1666 3242 1721 Jam
3267 1668 3353 1722 hic
3379 1667 3741 1736 Apologeticus
3772 1670 3820 1721 in
3843 1672 4026 1736 priore

762 1756 845 1811 sui
864 1767 1041 1826 parte,
1064 1755 1184 1811 fidei
1206 1755 1520 1811 orthodoxa:
1544 1756 1959 1824 descriptionem
1983 1756 2243 1819 continet,
2265 1763 2316 1809 et
2335 1764 2663 1824 quantopere
2683 1752 2977 1807 Christiani
3000 1754 3067 1807 ab
3086 1752 3406 1807 idololatria:
3433 1754 3666 1807 crimine
3721 1757 3901 1807 absint
3925 1756 4024 1808 dc-

766 1854 1053 1899 monstrat.
1077 1844 1352 1899 Deindein
1385 1846 1557 1899 media
1589 1845 1984 1913 quodammodo
2010 1852 2161 1911 parte
2179 1843 2450 1911 complura
2471 1842 2657 1894 recitat
2686 1854 2963 1895 Sacrorum
2996 1840 3289 1894 Bibliornm
3326 1841 3655 1903 testimonia,
3690 1852 3746 1894 ttt
3770 1844 4024 1896 ostendat

771 1931 1129 1985 idololatrian]
1156 1947 1184 1984 a
1216 1930 1437 1986 Christo
1457 1945 1687 2001 prorsus
1718 1932 1887 1985 fuisse
1911 1932 2261 1993 destructum,
2287 1930 2354 1983 ita
2382 1938 2435 1982 ut
2457 1928 2594 1981 illius
2624 1927 2858 1982 Ecclesia
2886 1927 3082 1981 morbo
3113 1927 3214 1982 hoc
3246 1926 3492 1981 laborare
3519 1943 3622 1982 non
3648 1930 3840 1996 pOSsll,
3864 1946 4027 1982 secus

766 2036 824 2072 ac
848 2018 1453 2089 Χριστιανοκατήγοροι
1510 2015 1755 2073 heretici
1788 2018 2276 2072 calumniabantnr.
2298 2016 2433 2070 Tum

2348 2032 2433 2070 tun
2457 2026 2508 2070 et
2533 2016 2633 2069 alia
2667 2016 2974 2071 scribuntur
3003 2015 3257 2083 plurima,
3282 2032 3401 2084 qua:
3430 2016 3600 2071 ferme
3628 2034 3655 2071 a
3688 2019 3923 2086 capitulo
3952 2018 4022 2072 (Ξῖ)

760 2106 1045 2158 ordiuntur
1068 2145 1084 2169 ,
1108 2106 1172 2159 de
1212 2106 1404 2160 ritibus
1435 2106 1624 2166 variis,
1660 2106 1864 2175 ﬁguris,
1894 2106 2260 2167 tabernaculo,
2292 2120 2437 2168 arca,
2460 2105 2830 2173 praecipueque
2849 2105 2912 2158 de
2943 2103 3374 2157 Cbcrnbinorum
3407 2105 3599 2170 positis
3624 2106 3675 2157 in
3709 2121 3767 2158 ea
3804 2106 3963 2159 forati
4007 2147 4021 2170 ,

761 2198 814 2241 et
854 2191 919 2243 de
962 2189 1307 2244 Salomonim
1370 2192 1569 2261 templo
1602 2192 1833 2260 ejusque
1871 2193 2043 2246 sacris
2093 2191 2506 2245 emblematibus
2537 2201 2627 2243 aut
2660 2193 2993 2245 ornamentis
3025 2191 3225 2245 dicitur
3253 2208 3266 2244 :
3298 2207 3416 2260 quin
3456 2193 3634 2246 omnia
3672 2193 3812 2247 sacri
3847 2194 4028 2247 cultus

762 2292 978 2343 genera,
1012 2280 1077 2331 ad
1106 2293 1383 2332 sacrarunt
1415 2279 1709 2348 imaginum
1745 2281 2072 2333 suadendum
2110 2289 2519 2332 venerateoneui
2546 2288 2736 2331 attetor
2761 2279 2946 2331 trahit.
2980 2278 3113 2332 Tum
3150 2280 3332 2333 multis
3366 2278 3670 2347 huiusmodi
3695 2280 3776 2333 dis
3794 2286 4025 2348 putati~,

762 2366 1222 2434 praescriptionem
1256 2365 1487 2435 denique
1512 2368 1948 2435 octingentorum
1975 2380 2241 2420 annorum
2273 2368 2484 2435 arripit,
2510 2365 2575 2418 ah
2597 2366 2845 2419 Ecclesiae
2874 2366 3182 2434 primordiis
3209 2381 3382 2435 usque
3411 2368 3476 2420 ad
3499 2377 3710 2421 {etatem
3742 2384 3891 2421 suam
3916 2386 3928 2433 ;
3971 2381 4025 2417 ιιι

764 2454 891 2505 hinc
928 2454 1243 2519 concludat,
1272 2453 1530 2507 honorem
1554 2455 1726 2507 sacris
1765 2454 2092 2520 imaginibus
2122 2458 2322 2519 alisque
2352 2468 2521 2506 sacrae
2560 2453 2896 2521 antiquitatis
2925 2454 3271 2508 accusatione
3306 2454 3491 2522 negari
3527 2471 3628 2507 non
3664 2470 3838 2523 posse.
3877 2455 4027 2506 Jan-

765 2554 891 2593 vero
960 2555 1079 2593 cum
1117 2557 1143 2592 a
1204 2540 1491 2611 Nicepltori
1572 2542 1899 2607 temporibus
1935 2557 2105 2609 usque
2155 2544 2218 2594 ad
2250 2552 2431 2595 nostra
2463 2540 2582 2608 plus
2609 2555 2767 2609 quam
2806 2540 2949 2593 mille
2979 2540 3103 2593 anni
3140 2541 3501 2605 decurrerint,
3535 2552 3915 2611 perseverante
3947 2545 4027 2594 in-

766 2628 922 2681 terim
991 2628 1129 2695 apud
1183 2626 1495 2682 Catltolicos
1549 2643 1827 2682 sacratum
1867 2630 2157 2699 imaginum
2190 2628 2554 2692 veneratione,
2589 2627 2831 2695 sequitur
2856 2636 2910 2679 ut
2942 2629 3276 2696 prmscriptio
3313 2629 3480 2683 multo
3512 2630 3686 2682 adhuc
3733 2630 4028 2697 longaevior

768 2715 922 2766 nobis
979 2712 1155 2766 faveat
1183 2716 1441 2769 adversus
1466 2714 1757 2769 hodiernos
1788 2716 2199 2769 occidentalium
2236 2717 2505 2784 regionum
2542 2714 2944 2777 iconomaclios,
2973 2717 3061 2784 qui
3095 2730 3125 2769 a
3156 2716 3409 2770 damnato
3455 2716 3545 2769 illo
3578 2733 3762 2771 errore
3789 2719 4027 2769 nondum

767 2802 1262 2870 diseednnt.Atque
1298 2802 1349 2855 lii
1376 2802 1600 2867 utinam,
1636 2812 1832 2868 prteter
1866 2801 2223 2870 Nicephorum
2265 2802 2437 2870 legant
2469 2802 2626 2855 docili
2663 2802 3035 2870 animomagni
3068 2804 3351 2871 Augustini
3387 2805 3532 2857 locos
3576 2805 3832 2857 classicos
3878 2806 4025 2857 circa

768 2892 1022 2943 honorem
1070 2888 1170 2942 SS.
1193 2899 1488 2959 martyrum
1524 2889 1599 2942 De
1637 2890 1695 2943 C.
1732 2889 1794 2941 ἱ).
1832 2889 1924 2943 lib.
1958 2905 2066 2953 xix,
2103 2905 2220 2957 cap.
2259 2890 2380 2952 ult.,
2426 2905 2629 2941 necnon
2661 2891 2904 2943 eumdem
2946 2888 3138 2943 Contra
3166 2888 3426 2942 Faustum
3455 2889 3786 2943 Munichdih.
3810 2890 3979 2949 n.9,!
4013 2894 4024 2943 !

842 2976 903 3028 \'.
942 2978 1051 3043 Age
1087 2990 1234 3040 vero,
1269 2980 1488 3043 quinam
1524 2990 1672 3029 meus
1704 2978 1755 3028 itt
1786 2976 1886 3030 hoc
1914 2978 2119 3030 edendo
2151 2976 2450 3044 Nic-ephoro
2478 2976 2626 3028 lahot'
2660 2975 2842 3039 fuerit,
2873 2976 2905 3027 ii
2941 2975 3098 3029 facile
3125 2976 3490 3038 mstitttalutnt,
3525 2977 3615 3044 qui
3650 2978 3833 3045 plures
3895 2994 4028 3031 eru-

771 3067 915 3116 ditos
949 3081 1136 3117 saxum
1169 3065 1219 3115 id
1257 3077 1475 3117 versare
1516 3062 1726 3118 molitos
1757 3064 1953 3127 sciunt,
1982 3065 2075 3118 sed
2127 3065 2508 3132 defatigatione
2540 3075 2630 3114 aut
2680 3063 2937 3131 impensis
2971 3063 3258 3117 deterritos
3303 3065 3603 3117 abstitisse.
3636 3064 3767 3117 Nam
3830 3078 4032 3133 praeter

769 3154 1117 3212 Bttnltnium,
1141 3152 1442 3205 Turrianus
1466 3152 1649 3217 etiam,
1681 3151 1921 3213 Crusius,
1945 3151 2319 3214 Combelisins,
2354 3163 2529 3219 atque,
2551 3160 2607 3203 ut
2638 3152 2816 3213 audio,
2849 3150 3097 3211 Albitius,
3132 3150 3198 3204 de
3231 3151 3471 3205 editione
3523 3151 3625 3205 hac
3680 3153 4031 3231 cogitarunt;

769 3256 818 3293 .t
860 3241 1105 3294 Putat-im
1135 3239 1248 3307 ipse
1278 3239 1485 3291 ιιοιιιιὶςι
1514 3238 1674 3290 breve
1702 3236 2055 3307 fragmentum
2100 3238 2336 3307 protulit.
2372 3236 2531 3291 Certe
2558 3238 2623 3290 ad
2656 3235 2900 3289 Latinam
2934 3237 3342 3291 translationem
3372 3239 3517 3306 quod
3573 3239 3766 3294 attinet
3795 3279 3810 3302 ,
3863 3255 4030 3308 quam

775 3331 999 3381 tim-isis
1024 3328 1356 3395 temporibus
1394 3326 1532 3377 inter
1563 3325 1739 3377 varias
1764 3325 2161 3393 occupationes,
2183 3334 2237 3378 et
2273 3326 2430 3377 modo
2462 3324 2513 3376 in
2552 3326 2699 3387 urbe,
2735 3324 2891 3377 modo
2922 3324 3271 3393 peregrinaris
3308 3363 3322 3387 ,
3368 3325 3695 3393 scriptitavi,
3753 3343 3838 3380 res
3904 3330 4033 3394 qui-

772 3422 895 3469 ti,‘tll
942 3436 1031 3484 μιν
1075 3432 1132 3470 se
1200 3415 1422 3468 molesta
1457 3424 1502 3467 et
1536 3413 1738 3480 prolixa
1772 3416 1984 3467 taedium
2023 3414 2296 3482 ingerebat
2331 3431 2345 3466 :
2380 3412 2585 3481 perstiti
2617 3422 2814 3475 tamen,
2842 3426 3148 3480 quanquam
3180 3414 3359 3466 multis
3393 3413 3526 3467 locis
3557 3425 3776 3483 prepter
3819 3416 4032 3468 theolo-

778 3512 845 3570 μὶ(
869 3526 947 3555 an:
977 3503 1177 3558 Circi-rc
1216 3502 1417 3555 Sciltliit:
1448 3500 1789 3562 locutionem,
1826 3501 2068 3569 aliasque
2110 3502 2373 3563 salebras,
2409 3515 2512 3551 non
2550 3513 2672 3551 raro
2710 3500 3031 3560 testuabam,
3068 3515 3243 3569 neque
3276 3516 3357 3553 me
3386 3516 3599 3571 semper
3625 3517 3737 3556 rem
3790 3502 4031 3556 feliciter

778 3592 1015 3659 gessisse
1050 3598 1290 3639 autumn.
1324 3585 1466 3638 Sane
1498 3583 1779 3649 Nirepbori
1815 3584 1994 3638 stilum
2041 3584 2285 3646 Pliotius,
2312 3585 2434 3639 cod.

2364 3585 2434 3639 id.
2465 3584 2552 3649 65,
2587 3584 2639 3637 in
2674 3586 2863 3653 primis
2896 3585 3075 3639 laudat
3121 3606 3131 3639 :
3181 3586 3511 3661 Καὶλιλεξζᾳ
3544 3604 3605 3639 τε
3661 3589 3756 3641 καὶ
3789 3590 4038 3663 συειϐήκῃ

779 3677 937 3743 λύτο.)
968 3674 1438 3744 κεχρημένος,ιοῖᾳ
1468 3672 1531 3723 ἂν
1554 3672 1818 3740 χρῇσαιτο
1843 3670 1871 3721 ὁ
1922 3671 2211 3741 ῥητορικὸς
2249 3670 2325 3732 ὡς
2370 3670 2453 3723 ἀλτ

2370 3670 2585 3739 ἀληθῶς
2637 3671 2732 3724 καὶ
2765 3670 2977 3733 τέλειος
3007 3673 3149 3742 ἀνήρ
3205 3691 3217 3727 :
3269 3673 3350 3725 Ea
3380 3676 3653 3727 verborum
3689 3687 3959 3730 rettustnte
3991 3690 4039 3731 et

782 3763 1039 3815 orationis
1074 3759 1444 3826 compositione
1496 3760 1681 3817 utitur,
1718 3760 1921 3826 qualem
1960 3757 2226 3810 adhiberet
2272 3759 2534 3827 perfectus
2567 3759 2777 3812 omnino
2816 3767 3016 3812 orator.
3075 3757 3325 3814 Profecto
3372 3776 3537 3829 purus
3571 3771 3654 3816 est
3682 3761 4039 3817 ltellenisnia-s

786 3849 1090 3917 Nccphori,
1128 3848 1415 3899 artilieiosa
1448 3857 1500 3898 et
1529 3856 1713 3897 ornata
1740 3846 1991 3905 elocutio,
2028 3861 2129 3897 non
2162 3855 2340 3899 tamen
2373 3846 2537 3900 Attici
2569 3848 2781 3915 generis
2850 3849 2942 3901 sed
2978 3849 3162 3901 Asiani
3200 3866 3215 3914 ;
3254 3850 3361 3903 imo
3418 3864 3522 3904 non
3574 3852 3738 3905 semel
3790 3863 3848 3904 ut
3906 3853 4042 3904 mihi

784 3940 1000 4003 quidem
1039 3936 1249 3987 videtur
1301 3931 1592 3999 tautologia
1636 3946 1864 4001 peccans
1898 3930 1977 3982 vel
2004 3931 2190 3985 saltem
2224 3931 2571 4002 perissologia
2609 3952 2619 3985 :
2660 3948 2781 3987 nam
2813 3934 3138 3988 sententiam
3172 3936 3339 3990 semel
3372 3938 3598 4002 dictam,
3632 3940 3733 3992 alia
3796 3954 3917 3991 mox
3964 3956 4047 3991 ra-

788 4030 931 4077 tione
977 4024 1225 4090 replicat,
1288 4020 1621 4074 multimodis
1649 4028 1944 4071 commntat
1979 4030 2031 4071 ct
2068 4027 2251 4071 versat
2282 4034 2294 4069 :
2327 4027 2378 4071 et
2403 4021 2543 4087 quod
2570 4019 2657 4072 alii
2699 4035 2804 4073 uno
2834 4031 3103 4075 commate
3136 4022 3475 4089 clauderent,
3528 4026 3573 4078 is
3620 4026 3832 4094 integro
3864 4025 4047 4078 inter-

785 4118 910 4167 dum
976 4111 1180 4182 periodi
1219 4109 1424 4161 ambitu
1474 4106 1764 4174 expandit;
1800 4105 2047 4174 quodque
2073 4113 2227 4158 antea
2261 4106 2493 4168 dixerat,
2523 4105 2704 4158 multis
2723 4106 2917 4159 deinde
2946 4107 3284 4176 interpositis
3317 4110 3367 4161 in
3405 4124 3629 4163 scenam
3659 4112 3835 4164 denuo
3881 4115 4049 4165 relu-

785 4203 879 4253 ttil.
917 4198 1229 4267 Aliquando
1255 4195 1419 4248 etiam
1456 4194 1539 4247 vel
1570 4192 1737 4246 nimia
1768 4193 1969 4261 ingenii
2008 4196 2277 4258 ubertate,
2311 4193 2393 4245 vel
2427 4194 2727 4263 anagogico
2760 4196 3055 4263 mysticove
3091 4210 3254 4250 sensu
3312 4198 3587 4265 abreptus,
3636 4200 3707 4251 ita
3753 4214 3848 4267 per
3881 4216 4048 4253 sacra

788 4288 953 4347 lhhlia
988 4294 1233 4354 vagatur,
1271 4292 1327 4334 ut
1363 4294 1499 4348 pene
1531 4277 1723 4334 devius
1757 4292 1909 4333 extra
1945 4294 2097 4332 suum
2147 4280 2477 4348 propositum
2506 4279 2763 4334 deerrare
2808 4282 3072 4335 videatur.
3104 4281 3370 4337 Caeterum
3405 4283 3706 4353 Nicephori
3741 4286 3911 4339 dictio
3944 4303 4051 4339 no-

789 4376 909 4425 l‘ilis
948 4384 1049 4435 est,
1082 4382 1138 4423 ut
1160 4370 1290 4433 disi,
1323 4369 1524 4431 suavis,
1562 4369 1809 4433 rotumla,
1843 4378 1895 4420 et
1940 4368 2090 4435 quasi
2117 4368 2438 4435 pompatiea,
2470 4366 2769 4435 cuiusmodi
2802 4368 3025 4422 decebat
3050 4370 3356 4434 hominem,
3402 4372 3572 4437 omni,
3616 4381 3675 4424 ut
3701 4373 3773 4424 ait
3800 4372 4054 4442 Ignatins

790 4462 1141 4528 biographus,
1202 4457 1604 4523 disciplinarum
1640 4469 1838 4524 genere
1868 4472 1896 4506 a
1939 4454 2169 4521 pueritia
2208 4453 2503 4517 excultum,
2556 4454 2861 4508 scribendis
2914 4455 3159 4522 plurimis
3203 4458 3293 4509 diu
3333 4460 3655 4521 exercitum,
3711 4460 3826 4511 otio
3877 4462 4052 4513 etiam

793 4550 1178 4609 alnmdantem,
1223 4554 1277 4597 et
1306 4544 1561 4596 lilii-orum
1615 4541 1939 4610 optimorum
1964 4540 2458 4609 supellectilelaute
2481 4542 2827 4597 instructum.
2856 4542 3139 4597 Postremo
3164 4560 3266 4597 non
3297 4560 3472 4598 meum
3506 4548 3599 4599 sed
3644 4546 3896 4599 Bandurii
3951 4550 4047 4614 in-

793 4639 989 4687 un-lnm
1027 4648 1241 4702 ponant,
1276 4632 1324 4709 in
1368 4642 1656 4698 conspectu
1689 4628 1936 4696 cogitata:
1974 4642 2083 4679 sua:
2128 4627 2380 4680 cditioois
2426 4628 2498 4680 ita
2542 4628 2830 4695 loquetuis.
2864 4630 3059 4694 Quanti
3093 4634 3410 4685 aestimanda
3480 4632 3588 4685 sint
3621 4633 3809 4686 istbaec
3850 4651 4045 4705 opera,

792 4728 892 4775 erat
935 4737 1021 4774 res
1053 4723 1163 4789 ipsa
1201 4735 1293 4786 per
1329 4733 1385 4771 se
1440 4717 1709 4786 loquatur,
1741 4714 1925 4783 paucis
1955 4726 2131 4766 tamen
2169 4729 2453 4769 recensere
2486 4729 2552 4768 ne
2596 4717 2841 4785 pigeat...
2873 4717 2946 4786 (b)

874 4810 957 4860 ‘i‘i.
1015 4807 1133 4860 Jam
1172 4808 1242 4875 (τ)
1296 4810 1483 4858 totum
1518 4803 1805 4869 Nicephori
1841 4818 2061 4869 operum
2102 4801 2305 4855 fructus
2337 4801 2491 4869 paulo
2517 4802 2694 4855 adhuc
2725 4805 3124 4858 numerosiores
3154 4808 3421 4860 recenseri
3445 4822 3669 4877 queunt.
3703 4814 3837 4867 Nam
3869 4815 4062 4880 primo

800 4900 983 4949 insunt
1020 4892 1321 4947 testia-.onia
1360 4891 1658 4959 dogmatica
1731 4890 1794 4941 de
1824 4888 1943 4941 fidei
1974 4889 2203 4940 indubia:
2232 4888 2573 4949 necessitate,
2602 4889 2666 4939 de
2699 4890 3066 4942 sacratissima
3097 4888 3461 4956 Eneliaristia,
3484 4898 3547 4949 de
3570 4899 3895 4951 auctoritate
3929 4917 4063 4967 per-

806 4983 1071 5049 emptoria
1104 4981 1314 5033 concilii
1359 4977 1702 5037 tecnuicniti,
1738 4976 1802 5028 de
1832 4973 2084 5027 Butnaiue
2113 4973 2366 5029 Ecclesim
2394 4975 2649 5044 primatu,
2682 4976 2747 5029 de
2784 4978 3112 5046 virginitatis
3152 4978 3377 5042 honore,
3408 4984 3473 5035 de
3514 4985 3723 5051 angelis
3754 4985 3944 5046 tnnl:a,
4000 5010 4012 5035 ι
4041 5000 4063 5042 ι

797 5073 863 5125 de
891 5072 1013 5123 aliis
1041 5070 1154 5139 (d);
1189 5087 1253 5119 ne
1286 5067 1413 5135 quid
1435 5067 1607 5118 dicant
1637 5065 1697 5114 dc
1720 5063 2061 5115 invocatione
2087 5071 2423 5125 sanctorum,
2442 5078 2562 5131 quae
2590 5072 2701 5116 toto
2724 5067 2901 5133 operis
2926 5073 3246 5133 argumento
3262 5072 3693 5124 commendatur.
3725 5072 3860 5125 Sunt
3882 5075 4066 5129 edant

871 5274 945 5341 (b)
973 5272 1099 5338 Qua:
1143 5273 1228 5322 hic
1259 5268 1621 5341 r‘csccavimns
1647 5266 1757 5341 lege
1786 5282 1941 5333 supra
1971 5264 2373 5341 ct:l.__l_7._F.oiT.

879 5332 949 5405 io)
984 5332 1135 5394 inter
1178 5342 1233 5391 S.
1272 5338 1558 5405 {Vit-ephori
1610 5332 1915 5388 laudatores
1942 5336 2154 5388 extollit
2190 5332 2341 5387 Theo

802 5417 968 5467 dorus
1023 5412 1264 5471 Studita,
1301 5424 1459 5476 quem
1506 5421 1601 5476 nos
1630 5407 1857 5457 feliciter
1897 5405 1995 5457 hoc
2043 5407 2227 5476 codcni
2287 5421 2375 5453 vt)-

806 5485 1009 5537 lumine
1057 5481 1213 5534 sitt:ul
1274 5474 1504 5531 edimus.
1545 5474 1663 5527 Fuit
1701 5478 1843 5526 enim
1902 5475 2128 5541 mqttalis
2160 5475 2274 5535 ejus
2314 5494 2373 5527 at;

806 5552 1107 5608 familiaris,
1143 5563 1193 5603 ct
1240 5562 1607 5602 amurunarum
1646 5562 1742 5613 pro
1778 5546 2095 5597 orthodoxia
2129 5544 2373 5595 e\antla-

811 5638 984 5674 l:tl'tllll
1014 5623 1215 5679 secius,
1245 5632 1293 5670 ct
1325 5620 1539 5670 biennio
1565 5628 1687 5667 ante
1724 5616 1867 5664 illum
1905 5617 2243 5665 demortuus.
2278 5614 2371 5667 Le-

813 5708 1007 5760 ctiatur
1045 5694 1181 5760 apud
1240 5689 1583 5742 SililIOlld’Jm
1625 5685 1865 5749 epistola:
1898 5684 2123 5736 Sluditm
2173 5684 2235 5735 ad
2286 5684 2375 5735 Nl-

2484 5268 2802 5347 rcpltot'nttttt,
2838 5280 2998 5338 atque
3051 5271 3151 5324 alia
3206 5273 3270 5326 de
3321 5275 3507 5329 eodem
3548 5274 3852 5347 Niceplioro
3907 5284 4061 5335 dicta

2486 5337 2798 5391 honorifica.

2517 5408 2634 5485 “((1)
2660 5408 2755 5485 _Sie
2790 5424 3001 5485 ex._gr.
3039 5410 3091 5462 itt
3125 5411 3277 5485 Apol.
3311 5414 3508 5481 majore
3557 5431 3677 5484 cap.
3723 5417 3815 5483 '26,
3870 5418 4063 5477 innuit

2486 5474 2825 5556 βίιισνιιοξιιε
2860 5474 3598 5556 pit-tortinrantiuicnsiornm
3626 5474 3779 5539 nsum
3800 5474 3823 5553 ἰ
3845 5492 3937 5556 qui
3963 5474 4063 5544 ad;

2483 5546 2586 5597 Illlt‘
2625 5549 2673 5597 in
2719 5546 2902 5599 Crwca
2943 5548 3178 5603 Ecclesia
3213 5556 3556 5621 perseverat)
3612 5546 4061 5618 ιιιι..ῑιιιὶιίιιιιιιιι

2481 5632 2599 5690 (ιι-ιιι
2632 5632 2729 5678 νςιι
2788 5623 3114 5690 “dictitarint,
3168 5624 3286 5687 ejus
3326 5624 3741 5690 descriptione-ii
3796 5628 3883 5680 hic
3937 5648 4060 5686 tum

2479 5688 2791 5736 subtraham
2825 5705 2836 5739 :
2878 5707 2893 5736 ι
2940 5689 3232 5743 l.ititcointn
3268 5694 3316 5743 in
3363 5688 3517 5761 cuius
3547 5699 3722 5751 tne-.iio
3759 5714 3911 5760 t‘t‘uv,
3951 5718 4054 5755 su-
