4238 6446
189 416 295 482 209

901 416 1532 480 ANTIRRHETICUS
1571 419 1600 478 I
1666 421 1835 480 ADV.
1877 395 2479 482 CONSTAN'TINUM
2521 417 2738 480 cepa.

3375 413 3496 480 2m
3579 368 3586 468 ξ

197 528 476 598 ρακινεῖν·
513 528 610 580 καὶ
672 527 863 580 δολοῦν
925 527 1283 596 πειραθέντες
1310 545 1323 558 ·
1368 529 1576 598 ήνυσαν
1621 529 1782 583 πλέον

1903 529 2197 587 llamonam
2257 545 2387 585 vero
2418 530 2639 600 paribus
2683 542 2748 583 ac
2792 525 2995 581 etlmici
3045 525 3344 582 honoribus
3372 542 3487 582 ma-

197 619 302 686 μὲν
323 617 478 671 οὐδέν
506 635 560 672 τι
591 634 604 647 ·
645 619 858 673 ἐκεῖνον
888 619 946 672 δὲ
976 621 1096 683 ταῖς
1137 618 1364 682 ἰσοθέοις
1420 620 1544 675 καθ’
1590 621 1791 692 ’Έλλη-

193 725 293 774 νας
338 711 664 783 γεραίρουσι
687 713 902 783 τιμαῖς,
935 713 1098 782 τῇτε
1131 709 1258 784 δόξῃ
1287 714 1352 783 τῇ
1394 712 1558 766 αὐτοῦ
1595 715 1689 768 καὶ
1714 714 1793 784 τῷ

194 805 511 875 φρονήματι
560 805 994 876 προστρέχοντες
1033 806 1437 874 ἀφρονέστατα,
1473 807 1548 870 ὼς
1591 810 1794 861 οἰκεῖον

195 893 670 964 περιπτύσσονται
732 896 830 948 καὶ
885 894 1251 959 ἀσπάζονται.
1294 897 1405 948 Καὶ
1445 896 1654 950 τούτων
1692 897 1794 968 μά-

196 986 360 1040 λιστα
397 987 448 1040 οἱ
479 989 724 1058 ἀνοήτως
752 991 852 1056 τῆς
886 987 1100 1040 ἐκείνου
1141 990 1484 1052 ἀποστασίας
1521 1007 1795 1060 προεστη-

199 1077 380 1142 κότες,
413 1082 476 1130 ἐκ
503 1078 604 1148 τῆς
625 1079 886 1148 τοιαύτης
921 1079 1186 1150 αἰσχύνης
1207 1081 1266 1133 τὸ
1295 1083 1596 1150 περιφανὲς
1634 1100 1796 1135 κατα-

190 1171 440 1246 κτᾶσθαι
480 1173 740 1241 οίόμενοι,
789 1174 882 1226 καὶ
933 1175 1144 1236 τούτοις
1190 1174 1422 1244 ἐρεύνης
1469 1175 1564 1226 καὶ
1613 1174 1796 1240 ἐξετά-

203 1279 346 1326 σεως
382 1264 511 1318 ἀνευ
557 1263 937 1317 συντίθενται·
981 1265 1170 1334 ἐπειδὴ
1211 1269 1506 1338 πρόχειρον
1535 1269 1567 1335 ὴ
1603 1268 1793 1332 κακία,

202 1355 299 1406 καὶ
332 1353 500 1417 πολὺς
554 1357 647 1408 ἐπὶ
697 1355 758 1408 τὸ
785 1358 969 1425 χεῖρον
1009 1357 1036 1407 ὁ
1076 1356 1298 1426 δρόμος,
1347 1357 1440 1408 καὶ
1471 1356 1534 1408 τὸ
1560 1357 1697 1426 πρὸς
1730 1358 1798 1410 τά

202 1447 548 1518 περικόσμια
602 1448 713 1500 τῶν
747 1449 1096 1519 φιλοσάρκων
1160 1449 1484 1519 ἐπιῤῥεπές.
1547 1449 1671 1518 Ὑφ’
1721 1443 1798 1503 ὧν

203 1539 603 1610 ἐναυξηθέντος
646 1543 832 1605 αὐτοῖς
882 1542 978 1594 τοῦ
1032 1541 1231 1605 κακοῦ,
1290 1541 1359 1594 τὰ
1426 1542 1526 1610 τῆς
1590 1543 1801 1606 οίκείας

206 1635 517 1705 ἀσφαλείας
541 1634 891 1706 προῦδωκαν,
943 1633 1134 1705 ὥσπερ
1169 1633 1420 1706 λοιμικοῦ
1453 1651 1600 1697 τινος
1635 1636 1799 1705 ἐφερ-

206 1728 485 1793 πύσαντος
518 1732 613 1782 καὶ
637 1729 986 1799 ψυχοφθόρου
1023 1728 1252 1792 πάθους.
1301 1727 1584 1781 Ἐντεῦθεν
1612 1732 1679 1800 τῇ
1707 1729 1801 1782 τοῦ

205 1823 633 1892 άπεριγράπτου
691 1823 1047 1876 συνίστανται
1109 1824 1282 1891 φωνῇ,
1332 1822 1402 1874 δι’
1439 1817 1506 1892 ἧς
1565 1823 1666 1891 τὴν
1706 1819 1800 1874 τοῦ

523 1915 681 1985 ἡμῶν
741 1915 894 1968 θείαν
939 1879 1281 1984 οἰκονομίαν⁷
1311 1879 1638 1986 πανούργως
1704 1879 1874 1967 καὶιι

210 2007 505 2078 κακοήθως
537 2011 600 2060 ἐκ
625 2007 844 2078 βάθρων
873 2008 1055 2062 αὐτῶν
1079 2007 1410 2078 ἀνατρέπειν
1434 2007 1799 2079 ἐπιχειροῦσι,

209 2099 308 2153 καὶ
335 2099 544 2172 ταύτην
571 2102 713 2155 κατά
732 2103 840 2154 τῶν
871 2101 1245 2154 εὐσεϐούντων
1295 2101 1799 2171 προχειριζόμενοι,

209 2194 306 2246 καὶ
328 2193 518 2263 ῶσπερ
551 2192 1066 2262 δυσκαταγώνιστον
1124 2192 1480 2262 ἐπιτείχισμα
1545 2192 1804 2258 κατεξαν-

213 2286 466 2350 ιστάντες
540 2286 747 2350 αὐτοῖς,
815 2287 1070 2355 αἱρήσειν
1134 2285 1370 2338 οἴονται·
1438 2285 1515 2347 ὡς
1582 2287 1630 2337 εἱ
1725 2285 1801 2356 μὴ

208 2378 488 2446 δέξαιντο,
568 2380 880 2450 διαιρήσειν
960 2381 1058 2453 τῂν
1137 2378 1279 2431 κατά
1357 2377 1593 2448 Χριστὸν
1671 2378 1801 2447 μίαν

211 2471 514 2524 ὑπόστασιν
603 2471 1079 2541 ἐκϐιασθήσοιντο.
1172 2470 1316 2522 Ἀλλ’
1404 2469 1594 2540 ἐπειδὴ
1684 2487 1798 2522 ποι-

211 2565 364 2622 κίλον
420 2567 513 2618 καί
568 2565 886 2635 πολυσχιδὲς
940 2565 1001 2617 τὸ
1049 2564 1146 2617 τοῦ
1215 2561 1443 2631 ψεύδους
1496 2563 1801 2632 τέχνασμα,

213 2657 647 2712 ύποπλάττονται
713 2659 811 2726 μέν
864 2657 1073 2726 ταύτην
1139 2655 1424 2725 δέχεσθαι,
1504 2655 1664 2726 μέχρι
1716 2655 1804 2723 ψι-

214 2747 324 2800 λῶν
376 2749 637 2818 ῥημάτων
687 2750 866 2818 μόνων
914 2747 1318 2818 περιιστάντες,
1365 2745 1427 2797 τὸ
1497 2746 1806 2816 ὲτερόδοξον

1900 632 2069 691 ctaut,
2116 624 2167 678 in
2199 625 2424 691 ejusque
2482 631 2690 677 sectam
2716 630 2880 690 atque
2907 619 3233 676 sententiam
3261 619 3496 692 pedibus

1896 725 2088 770 euntes
2128 713 2660 781 imprudentisslme,
2702 717 2966 782 tanquam
3024 712 3301 782 propriam
3322 713 3497 790 ‘asci-v

1895 817 2136 862 scuntac
2168 805 2420 875 diligunt.
2445 805 2628 874 Atque
2662 805 2714 858 in
2745 805 2830 859 bis
2861 803 3157 874 praecipue,
3176 803 3268 875 qui
3292 803 3489 863 stolide

1897 901 1950 953 in
1975 899 2121 954 illius
2153 899 2425 968 apostasia
2461 898 2804 968 antesignani
2833 906 2982 962 sunt,
3020 911 3087 965 ex
3123 898 3226 952 hac
3259 896 3491 967 igjnomie

1899 994 1986 1046 nia
2013 992 2216 1045 claram
2245 990 2445 1044 famam
2474 990 2699 1060 adipisci
2725 997 3018 1059 putantes,
3046 990 3196 1044 hisce
3223 989 3492 1060 dogmati-

1901 1087 2001 1139 bns
2047 1083 2384 1154 inexplorate
2417 1099 2480 1137 ac
2523 1083 2640 1137 sine
2669 1082 2778 1137 ullo
2804 1082 3054 1136 examine
3088 1079 3480 1152 suﬁragantur.

1900 1177 2111 1230 Etenim
2136 1191 2376 1245 praeceps
2403 1185 2486 1230 est
2508 1176 2736 1240 malitia,
2771 1175 3170 1244 vehernensque
3208 1175 3275 1228 ad
3305 1175 3496 1244 pejora

1901 1276 2113 1334 cursus,
2140 1280 2194 1323 et
2231 1270 2513 1323 hominum
2550 1269 2980 1339 voluptariorum
3018 1271 3084 1323 ad
3143 1284 3231 1323 res
3265 1270 3494 1323 munda-

1904 1374 2004 1414 nas
2033 1361 2200 1414 multa
2229 1359 2564 1430 proclivitas.
2603 1359 2680 1415 Ex
2726 1361 2924 1431 quibus
2957 1371 3118 1415 aucto
3142 1361 3275 1430 ipsis
3317 1360 3488 1426 malo,

1902 1454 2174 1524 propriam
2209 1454 2441 1508 salutem
2466 1453 2842 1522 prodiderunt,
2869 1462 3021 1522 peste
3056 1452 3484 1520 veluti.quadam

1905 1543 2208 1599 etexitioso
2238 1543 2402 1596 animi
2434 1543 2624 1598 morbo
2654 1543 2789 1613 ipsis
2815 1543 3133 1613 obrepente.
3157 1541 3299 1597 llinc
3327 1543 3493 1596 incir'

1905 1636 2222 1706 cumscripti
2261 1635 2523 1692 vocabulo
2560 1637 3004 1706 patrocinantur,
3032 1650 3138 1704 quo
3179 1633 3495 1691 Servatoris

1905 1738 2075 1790 nostri
2108 1735 2345 1789 divinam
2380 1733 2812 1787 incarnationem
2873 1730 3066 1786 callide
3115 1730 3499 1802 malitioseque

1906 1837 2151 1883 evertere
2167 1827 2411 1882 funditus
2440 1824 2755 1879 moliuntur.
2783 1824 2946 1892 quue
2964 1823 3283 1877 vocabulum
3306 1821 3497 1877 ortho-

1904 1921 2062 1976 doxis
2092 1929 2452 1990 opponentes,
2480 1929 2536 1973 et
2585 1925 2843 1988 tanquam
2902 1915 3498 1987 inexpugnabilemu-

1906 2015 2087 2068 nimen
2138 2023 2327 2067 contra
2383 2026 2479 2066 eos
2547 2019 2844 2075 struentes,
2902 2010 3217 2080 superiores
3263 2024 3322 2064 se
3378 2006 3497 2063 fore

1905 2115 2160 2175 sperant;
2211 2102 2388 2172 quasi,
2428 2101 2529 2156 nisi
2584 2100 2758 2156 nostri
2804 2101 2856 2154 id
2917 2100 3233 2162 admittant,
3277 2097 3497 2151 unicam

1906 2196 2114 2250 Christi
2148 2207 2435 2264 personam
2457 2191 2745 2261 adigantur
2770 2188 3037 2242 dividere.
3075 2185 3186 2245 Sed
3240 2183 3498 2255 quoniam

1911 2288 2200 2358 versipelle
2233 2283 2839 2354 variumquemendacii
2861 2280 3154 2335 artiﬁcium
3183 2287 3292 2343 est,
3325 2277 3498 2331 simu-

1910 2381 2021 2435 lant
2052 2397 2110 2436 se
2172 2376 2604 2433 incarnationem
2662 2375 2926 2446 recipere,
2985 2372 3317 2426 verbotenus
3377 2368 3503 2450 sub:

1913 2478 2193 2538 sistentes,
2253 2471 2378 2540 quia
2443 2468 2805 2524 heterodoxos
2867 2465 3038 2521 videri
3096 2471 3392 2529 verentur;
3447 2475 3506 2515 re

1917 2576 2096 2617 tamen
2126 2577 2254 2616 vera
2290 2575 2396 2614 non
2432 2561 2718 2628 repudiant
2749 2567 2983 2620 tantum,
3007 2553 3103 2610 sed
3158 2562 3212 2606 et
3260 2552 3378 2606 illos
3411 2552 3502 2621 qui

1915 2656 2232 2719 admittunt,
2275 2653 2514 2707 hostium
2547 2651 2669 2706 loco
2693 2651 2978 2714 habentes,
3006 2647 3203 2703 acerbe
3229 2643 3500 2716 repellunt

1918 2749 2170 2816 nullaque
2203 2747 2359 2800 venia
2384 2746 2700 2816 dignantur.

215 2845 626 2915 αἰσχυνόμενοι,
683 2845 830 2914 ἔργῳ
885 2843 940 2896 δὲ
983 2844 1066 2896 ὅτι
1105 2843 1182 2913 μὴ
1220 2841 1612 2896 ἁπαναίνονται
1660 2842 1842 2911 μόνον,
1920 2845 2021 2915 ήδη
2097 2844 2154 2898 δὲ
2223 2843 2318 2897 καὶ
2392 2843 2518 2905 τοὺς
2601 2838 3002 2911 προσιεμένους
3076 2837 3152 2900 ὡς
3212 2835 3503 2905 δυσμενεῖς

216 2935 477 3006 ὁρῶντες,
519 2935 730 3004 πικρῶς
773 2935 1137 2988 ἀπελαύνουσι
1179 2934 1315 3005 μηδέ
1361 2937 1492 3004 μιᾶς
1518 2934 1795 3000 ἀξιοῦντες
1837 2936 2077 3004 φειδοῦς.

291 3032 362 3094 γ’.
392 3026 457 3079 Τί
497 3026 559 3096 δὴ
590 3023 683 3080 οῦν
709 3026 898 3080 λοιπὸν
941 3026 1002 3078 τὸ
1038 3025 1288 3078 ἐντεῦθεν
1330 3028 1555 3078 σκοπεῖν
1593 3025 1807 3089 ἔξεστι;

220 3118 285 3171 Τί
311 3117 370 3172 δὲ
407 3117 595 3189 ἀλλοῆ
635 3117 794 3171 τοῦτό
836 3135 900 3185 γε
949 3117 1148 3189 ἀληθὲς
1188 3119 1390 3169 ἐννοεῖν
1423 3119 1516 3170 καὶ
1555 3116 1807 3188 φράζειν,

1991 3030 2042 3084 5.
2095 3029 2234 3098 Quid
2278 3045 2408 3099 ergo
2477 3030 2567 3084 hic
2617 3023 3159 3082 animadvertemlum
3225 3017 3505 3090 superest?

1920 3122 2084 3188 Quid,
2121 3125 2367 3192 inquam,
2413 3123 2556 3176 aliud
2605 3122 2709 3176 nisi
2750 3123 2850 3174 hoc
2897 3134 3026 3173 vere
3079 3126 3134 3172 et
3184 3115 3426 3184 cOgitare
3452 3122 3508 3192 et

221 3212 308 3264 ὃτι
337 3211 402 3281 δὴ
426 3211 588 3265 πάλιν
618 3214 652 3282 ἡ
687 3211 783 3265 τοῦ
809 3212 1092 3273 Μάνεντος
1125 3209 1419 3281 Χάρυϐδις,
1443 3209 1619 3262 πλατὺ
1647 3208 1808 3279 χάνα-

1918 3213 2122 3280 dicere,
2156 3190 2298 3280 quod
2342 3215 2522 3268 denuo
2567 3211 2796 3265 Manetis
2842 3209 3146 3278 Charybdis
3185 3205 3291 3260 late
3349 3190 3513 3258 hians

226 3319 295 3355 σα
324 3305 436 3365 τοῖς
463 3304 522 3354 ἐν
547 3305 614 3374 τῇ
635 3302 898 3372 ἁπλότητι
921 3301 1012 3354 τοῦ
1034 3300 1152 3372 βίου
1185 3302 1275 3353 τὸν
1307 3301 1475 3355 πλοῦν
1507 3300 1815 3367 ἐξανύουσι,

227 3395 452 3457 στόλους
490 3393 646 3458 ὅλους
686 3395 874 3464 ψυχῶν
928 3394 1347 3465 ἀναρπάζουσα,
1400 3395 1496 3447 καὶ
1563 3394 1819 3465 βρυχίους

225 3488 305 3557 τῷ
335 3487 482 3558 βυθῷ
519 3489 620 3558 τῆς
662 3487 940 3550 ἀπωλείας
965 3487 1275 3556 ὑπάγουσα,
1306 3487 1677 3557 παραδίδωσι;

298 3586 362 3638 δ’.
397 3583 566 3638 Πάλιν
601 3584 698 3654 τῆς
735 3584 1082 3654 Ἀρειανικῆς
1117 3583 1313 3652 φλογὸς
1370 3586 1403 3654 ή
1464 3583 1722 3654 χίμαιρα,
1745 3585 1823 3654 τῷ

227 3676 561 3747 ψυχοφθόρῳ
610 3678 745 3748 πυρὶ
792 3676 901 3729 τῶν
956 3675 1058 3745 τῆς
1104 3674 1398 3743 ἀθεότητος
1450 3663 1820 3744 διδατμάτων,

227 3767 341 3820 τῶν
384 3767 712 3837 ἀπροόπτως
758 3783 877 3828 πως
925 3767 1019 3818 καὶ⁵
1052 3764 1383 3830 ἀφυλάκτως
1470 3780 1822 3834 παρατυγχα-

230 3860 437 3914 νόντων
470 3860 563 3912 τὸν
593 3859 740 3925 νοῦν,
773 3858 1175 3930 παραναλίσκει
1205 3855 1596 3926 διαφλέγουσα.

303 3959 368 4007 ε’.
407 3953 578 4007 Πάλιν
629 3955 663 4024 ή
725 3952 1103 4021 πολυκέφαλος
1146 3949 1286 4020 ῦδρα
1335 3947 1443 4001 τῶν
1512 3948 1824 4016 ’Λκεφάλων

231 4047 328 4099 καὶ
357 4045 458 4115 τῆς
487 4045 824 4115 συγχυτικῆς
870 4042 980 4097 τῶν
1015 4040 1354 4112 Εύτυχιτῶν,
1408 4040 1606 4111 μᾶλλον
1647 4041 1702 4092 δὲ
1732 4042 1826 4093 Ao-

232 4135 418 4202 κητῶν
457 4135 783 4204 συμπνοίας,
833 4135 923 4185 ἐπὶ
970 4132 1236 4201 διαιρέσει
1275 4131 1381 4182 »καὶ
1417 4129 1567 4201 λύμῃ
1588 4129 1682 4180 τοῦ
1729 4132 1826 4199 τῆς

246 4227 582 4298 Ἐκκλησίας
623 4226 805 4287 καλῶς
828 4226 1111 4296 ἡνωμένον
1160 4223 1437 4294 σώματος,
1481 4222 1822 4290 πολυσχιδείς

232 4322 334 4383 τὰς
362 4319 724 4389 παραφυάδας
750 4318 859 4370 τῶν
890 4317 1105 4389 πικρῶν
1125 4317 1483 4386 γεννημάτων
1498 4313 1818 4383 ἐϐλάστησε.

233 4415 346 4466 Καὶ
374 4412 449 4474 ῶς
483 4411 548 4464 ἂν
584 4409 864 4463 συλλαϐών
897 4427 982 4472 τις
1017 4413 1184 4472 είποι,
1218 4411 1281 4460 ἐκ
1321 4409 1424 4474 τῆς
1473 4406 1825 4475 Μανιχαῖκῆς

234 4505 474 4575 ἐχίδνης,
513 4503 732 4573 καὶτῆς
790 4501 1139 4570 ’Δρειανικῆς
1161 4499 1406 4563 ἀσπίδος,
1439 4497 1625 4568 ἕτερός
1657 4514 1738 4559 τις
1762 4500 1825 4549 ἐκ

1923 3305 2185 3358 adversus
2217 3318 2330 3368 eos,
2367 3301 2456 3372 qui
2492 3301 2543 3354 in
2575 3299 2782 3353 insania
2815 3297 2973 3366 hujus
3004 3293 3186 3347 mundi
3217 3289 3505 3360 navigant,-

1924 3397 2124 3451 classes
2209 3396 2447 3464 integras
2506 3392 2811 3447 animarum
2872 3388 3030 3454 rapit,
3085 3395 3403 3454 mersasque
3455 3379 3508 3434 in

1925 3490 2250 3560 perditionis
2282 3487 2596 3542 barathrum
2633 3483 2834 3537 trahit!

1998 3583 2047 3635 4..
2087 3581 2300 3633 Ariaua:
2331 3580 2456 3632 item
2480 3575 2712 3629 ﬂamma:
2733 3575 3014 3634 chimaera,
3047 3570 3209 3623 nnxio
3256 3583 3354 3622 suo
3397 3568 3514 3620 aui-

1927 3675 2120 3728 mabus
2167 3674 2287 3744 igne
2336 3671 2710 3726 doctrinarum
2768 3665 3218 3733 irreligiosuum,
3266 3670 3501 3714 mentem

1929 3765 2142 3818 illorum
2166 3764 2256 3832 qui
2284 3761 2582 3830 improviso
2611 3768 2664 3814 et
2695 3760 2908 3813 incaute
2955 3753 3512 3810 inciduutamhureus

1926 3855 2267 3925 pessumdat.

1998 3947 2050 4000 5.
2084 3945 2378 4000 Multorum
2411 3945 2616 4016 pariter
2642 3944 2879 4012 capitum
2910 3941 3080 4012 hydra
3109 3937 3508 4007 Acephalormu

1928 4052 1986 4096 et
2026 4039 2371 4094 confusaneze
2415 4037 2879 4108 Eutychianorum
2929 4035 3015 4089 vel
3065 4033 3241 4102 potius
3269 4030 3510 4090 Phattla-

1929 4131 2221 4184 siastarum
2254 4128 2696 4196 conspirationis,
2734 4126 2799 4177 ad
2829 4124 3117 4178 discnlium
3160 4131 3321 4187 atque
3383 4133 3506 4187 per-

1932 4220 2126 4273 niciem
2178 4219 2400 4288 pulchre
2432 4218 2695 4286 compacli
2733 4216 2989 4271 Ecclesiae
3033 4212 3298 4283 corporis,
3331 4210 3512 4263 multi-

1930 4312 2122 4381 plicem
2162 4313 2478 4365 acerborum
2505 4311 2840 4378 geniminum
2905 4308 3144 4361 sobolem
3197 4303 3506 4377 pullulavit.

1930 4404 2103 4471 Atque
2131 4413 2185 4455 ut
2219 4403 2459 4456 breviter
2490 4401 2692 4454 dictum
2721 4398 2811 4462 sit,
2845 4413 2915 4452 ex
2972 4395 3271 4450 manichma
3299 4395 3509 4462 vipera.

1933 4507 1986 4549 et
2019 4495 2216 4548 Ariana
2269 4494 2472 4562 aspide,
2501 4491 2637 4546 alius
2694 4491 2912 4560 quidam
2964 4505 3028 4542 ex
3065 4487 3257 4542 barum
3313 4485 3506 4554 c0pula

235 4598 562 4669 συμπλοκῆς
611 4597 816 4650 τούτων
856 4590 966 4648 οἷον
999 4593 1277 4664 ἐρπυστὴς
1319 4591 1708 4660 άμφικέφαλος
1741 4588 1808 4653 ἐξ·

1934 4601 2094 4640 naius
2124 4595 2205 4639 est
2233 4584 2418 4651 biceps
2452 4597 2706 4652 serpens;
2751 4582 2962 4652 qualem
3016 4581 3176 4634 etiam
3225 4579 3510 4649 Hypsista-

235 4694 342 4760 έφυ
370 4707 382 4719 ·
416 4690 604 4744 ὁποίαν
622 4690 686 4758 δὴ
706 4689 798 4741 καὶ
815 4689 912 4758 τὴν
927 4687 1035 4739 τῶν
1050 4685 1420 4754 ’Υψισταρίων
1443 4683 1695 4752 κίϐδηλον
1731 4683 1825 4734 καὶ

239 4783 508 4854 βδελυρὰν
550 4781 847 4852 θρησκείαν
880 4779 1177 4849 ἀκούομεν,
1219 4777 1277 4843 ἐξ
1321 4775 1662 4846 ’Ἑλληνικῆς
1693 4790 1821 4843 τερ-

238 4875 431 4946 θρείας
474 4876 808 4944 καὶνομικῆς
827 4870 1112 4942 τερατείας
1139 4868 1568 4938 συνισταμένην·
1596 4865 1689 4918 καὶ
1713 4865 1821 4916 δει-

238 4967 331 5019 νὺν
345 4966 488 5019 κατά
510 4965 617 5018 τῶν
643 4965 742 5033 τῆς
784 4963 932 5026 θείας
955 4961 1176 5030 ἐντολῆς
1199 4959 1595 5028 ὑπερορώντων
1630 4953 1821 5024 ρέψας,

238 5054 317 5114 ὧν
351 5060 446 5112 καὶ
484 5059 723 5129 πτέρναν
759 5059 949 5127 τηρεῖν
1008 5055 1112 5126 ήδη
1157 5052 1583 5123 προστέτακται,
1631 5047 1826 5118 πικρὸν

237 5157 335 5208 τὸν
365 5154 443 5207 ἰὸν
478 5154 569 5206 καὶ
597 5151 840 5222 ὀλέθριον
892 5152 1011 5212 ταῖς
1063 5148 1266 5218 ψυχαῖς
1306 5137 1412 5199 τῶν
1447 5143 1828 5214 εὐπαρακόμι-

243 5263 372 5300 στον
404 5247 484 5309 είς
507 5245 666 5298 τοῦτο
694 5245 791 5314 τὴν
817 5245 987 5314 ἀκοὴν
1022 5243 1257 5314 ἐχόντων
1287 5235 1517 5309 ἐνέχεεν;
1549 5238 1674 5290 Ὀτι
1729 5235 1827 5304 μὲν

242 5335 356 5403 γὰρ
424 5334 693 5403 Ἀρειανολ
741 5332 1069 5403 Μανιχαίοις
1129 5331 1528 5402 συμφύρονται,
1603 5330 1659 5380 ἐν
1717 5329 1830 5389 τοῖς

248 5426 392 5495 μετά
420 5425 596 5480 ταῦτα
628 5427 818 5495 σαφῶς
842 5427 1291 5497 παραστήσομεν.

327 5519 402 5585 ς’.
456 5519 629 5590 Δῆλον
663 5520 719 5573 δὲ
746 5520 920 5590 δήπου
965 5519 1154 5582 παντὶ,
1180 5518 1255 5580 ὼς
1301 5515 1550 5586 βούλεται
1588 5514 1770 5575 αὐτοῖς
1800 5514 1831 5582 ἠ

254 5612 482 5684 σπουδή,
516 5611 618 5676 τὰς
645 5610 1106 5682 πολυανθρώπους
1150 5610 1367 5672 ἐκείνας
1408 5608 1500 5661 καὶ
1521 5605 1837 5668 θεολέκτους

328 5824 404 5892 (ι)
434 5821 822 5877 [hereticorum
863 5829 1036 5892 secla,
1066 5819 1156 5887 qui
1191 5819 1358 5885 Deum
1385 5816 1719 5892 altissimum
1755 5811 1828 5865 ita

255 5887 542 5962 colebant,
579 5905 636 5952 ut
676 5891 1098 5951 anlilrinitat‘ios
1123 5905 1182 5949 se
1219 5902 1341 5947 esse
1367 5887 1824 5944 demonstrarent.

1933 4679 2136 4732 riurum
2171 4676 2248 4746 (4)
2273 4677 2510 4744 spuriam
2551 4674 3076 4741 abominandamque
3115 4680 3319 4725 sectam
3371 4670 3514 4722 audi-

1936 4786 2075 4832 mus,
2107 4784 2171 4823 εκ
2241 4769 2458 4822 ethnica
2515 4765 2729 4819 fallacia
2755 4775 2807 4820 et
2837 4765 3144 4833 prodigioso
3197 4760 3507 4815 Judarorum

1939 4863 2039 4931 17
2099 4861 2381 4914 mendacio
2412 4869 2758 4923 concretam;
2787 4859 2877 4926 qui
2919 4870 3144 4926 serpens
3194 4853 3509 4908 terribiliter

1937 4954 2003 5006 ad
2046 4953 2142 5006 Iros
2173 4951 2336 5010 divini
2374 4948 2628 5018 praecepti
2664 4958 3065 5017 contemptores
3121 4960 3337 5015 repens,
3375 4959 3512 5014 quo-

1939 5062 2057 5100 rum
2117 5045 2281 5099 etiam
2339 5044 2652 5096 calcaneum
2701 5039 2909 5107 jamdiu
2988 5038 3278 5093 observare
3327 5036 3512 5106 jussus

1939 5139 2060 5204 fuit,
2099 5151 2341 5192 amarum
2443 5135 2847 5203 exitiosumque
2893 5146 3158 5186 venenum
3223 5129 3513 5183 animabus.

1937 5248 2149 5296 eorum,
2201 5233 2290 5299 qui
2340 5228 2552 5282 facilem
2596 5227 2724 5281 huic
2771 5227 2959 5281 haeresi
3006 5239 3192 5278 aurem
3251 5223 3516 5294 praebent,

1941 5328 2182 5382 aﬂ'uudit.
2214 5323 2345 5378 Nam
2379 5323 2522 5393 quod
2549 5323 2736 5378 Ariani
2776 5336 2898 5373 cum
2947 5317 3263 5374 Maniehmis
3291 5317 3516 5388 conspi-

1942 5432 2080 5486 reul,
2119 5421 2172 5473 in
2198 5418 2549 5488 sequentibus
2571 5415 2912 5486 perspicuum
2949 5412 3232 5472 faciemus.

2012 5513 2063 5566 6.
2097 5511 2193 5567 Est
2225 5519 2405 5564 autem
2437 5509 2633 5578 cuique
2657 5507 3023 5575 exploratum,
3059 5505 3232 5559 studia
3283 5503 3510 5558 istorum
3551 5534 3558 5539 -

1942 5622 2007 5660 eo
2037 5606 2285 5665 tendere,
2316 5611 2373 5657 ut
2396 5617 2714 5657 numerosas
2740 5601 2861 5655 illas
2877 5611 2932 5655 et
2963 5615 2990 5652 a
3027 5597 3136 5654 Deo
3164 5605 3520 5667 congregatas

1940 5810 2011 5863 Ιὶυ
2038 5809 2118 5861 his
2142 5807 2274 5859 satis
2296 5804 2552 5858 Suicerus
2571 5802 2622 5856 in
2645 5800 2808 5855 Thes.
2827 5801 2985 5866 eccl.,
3009 5800 3194 5858 citatis
3220 5797 3514 5870 Hesychia,

1940 5881 2126 5947 Suida,
2158 5876 2402 5948 Nysscno
2429 5890 2495 5930 ac
2526 5872 2890 5929 Nazianzeno.
