4238 6446
199 440 302 507 213

897 433 1525 500 ANTIRRHETICUS
1562 433 1590 492 Ι
1656 430 1825 492 ADV.
1866 427 2459 492 CONSTANTINUM
2500 429 2712 491 COPR.

3344 429 3454 495 ειε

199 559 317 621 ταις
342 555 596 614 ἁπάντων
645 554 1092 625 ὁμολογουμένων
1129 552 1320 623 ὕψεσιν
1363 552 1640 623 προΐασιν,
1690 547 1766 612 ώς
1796 552 1870 609 Αι

1882 561 1988 616 qua:
2007 548 2250 602 omnium
2279 549 2516 618 aspectui
2543 553 2813 618 prostant,
2844 557 3009 617 atque
3070 547 3208 618 apud
3261 565 3451 606 omnes

201 652 278 711 si;
328 648 537 716 γέλωτα
599 648 802 718 μᾶλλον
845 647 878 718 ή
921 647 1106 716 ὄνησιν
1159 648 1275 710 τοῖς
1332 643 1576 714 σώφροσι
1648 643 1770 706 ταῖς

202 739 480 810 ἀληθείαις
517 738 858 811 προκεῖσθαι.
889 737 1138 809 Πῶςγάρ
1174 737 1276 790 ούκ
1315 736 1464 801 ἄξιον
1509 733 1768 804 γέλωτος,

203 831 262 883 τὸ
303 834 368 901 τῇ
411 831 572 901 φύσει
609 830 721 883 τῶν
777 829 1124 901 πραγμάτων
1169 816 1337 898 ἃῦτῇ,
1415 827 1510 880 καὶ
1544 827 1656 888 τοῖς
1709 826 1772 877 ὲκ

203 922 460 976 πλειόνων
494 923 704 993 χρόνων
733 923 830 975 καὶ
870 919 1075 990 γενεῶν
1141 919 1353 972 πολλῶν
1385 919 1473 972 ἐπ’
1521 917 1774 986 εὐσεϐείᾳ

203 1014 495 1085 γνωρίμων
591 1015 689 1067 καὶ
776 1011 1295 1082 μεμαρτυρημένων
1331 1050 1346 1073 ,
1432 1010 1494 1063 τὸ
1581 1009 1775 1062 πιστὸν

203 1105 296 1156 καὶ
323 1103 422 1174 τὴν
458 1105 634 1174 ισχὺν,
667 1103 1074 1175 ἀπομάχεσθαι,
1109 1103 1204 1155 καὶ
1239 1102 1469 1157 αύτόθεν
1494 1103 1555 1155 τὸ
1598 1104 1778 1172 ἀσφα-

203 1197 310 1259 λὲς,
337 1196 417 1266 τῷ
449 1199 942 1268 παρακεχωρηκὸτι
985 1199 1204 1252 πάντων
1250 1198 1348 1268 τῆς
1378 1197 1614 1259 ἑννοίας,
1642 1195 1779 1265 πρὸς

204 1288 360 1354 λόγου
391 1291 767 1360 πληροφορίαν
803 1293 884 1354 είς
905 1291 1181 1358 ἀπόδειξιν
1205 1291 1298 1344 καὶ
1338 1289 1637 1360 βεϐαίωσιν
1671 1305 1776 1342 πα·

208 1378 686 1451 ραλαμϐάνεσθαις

288 1629 378 1692 Ὠς
411 1628 540 1696 γοῦν
564 1631 919 1703 ήδηποιαῦτα
948 1632 1044 1686 καλ⁵
1065 1631 1240 1696 οὕτως
1263 1631 1459 1703 ἔχοντα
1487 1630 1782 1699 ἔγνωσται,

209 1720 343 1788 μηδὲ
418 1721 518 1790 τὴν
559 1723 735 1793 ἀρχὴν
781 1718 1084 1792 ἀντιλέγειν
1129 1723 1332 1795 ὲχρῆνο
1371 1723 1456 1777 ἶνα
1489 1723 1564 1794 μὴ
1589 1722 1786 1776 ταύτδν

1871 641 1927 692 In
1949 637 2195 694 confesso
2225 647 2373 704 sunt,
2395 639 2714 710 procedunt,
2743 645 2801 692 ut
2829 639 2958 694 risui
2982 639 3321 710 potiusquam
3355 643 3448 696 ulli

1874 729 1990 783 usui
2030 730 2171 800 apud
2195 743 2288 783 eos
2319 729 2409 798 qui
2447 743 2573 785 vere
2634 729 2872 800 sapiunt,
2896 731 3128 799 expositi
3176 732 3305 786 sint.
3339 728 3451 787 Cur

1874 821 2015 874 enim
2042 821 2155 874 risu
2181 836 2284 874 non
2342 821 2412 874 sit
2450 821 2813 892 diguum,ipsi
2861 833 3106 877 actarum
3141 838 3323 877 rerum
3351 839 3449 876 na.

1875 919 2008 966 tura:
2025 921 2078 966 et
2099 913 2444 981 opinionibus
2482 927 2650 982 quina
2687 913 2980 967 multorum
3006 929 3296 979 annorum,
3334 916 3442 967 imo

1877 1011 2092 1056 aetatum
2140 1002 2459 1058 orthodoaia
2515 1003 2804 1081 illustrium
2852 1019 2917 1060 ac
2966 1007 3322 1076 probatarum
3353 1005 3451 1058 de-

1878 1108 2062 1158 Cursu,
2096 1093 2253 1147 (idem
2275 1095 2545 1163 roburque
2564 1095 2794 1162 habent,
2827 1095 3147 1151 adversari?
3167 1111 3287 1165 qua
3363 1095 3447 1148 ni-

1868 1186 2075 1245 mirum
2110 1183 2393 1252 opiniones
2427 1186 2534 1238 vim
2592 1200 2746 1240 suam
2788 1185 3034 1240 indidem
3073 1188 3450 1248 obtinuerunt,

1883 1289 2074 1344 nempe
2132 1275 2201 1328 ab
2261 1275 2501 1328 omnium
2538 1276 2801 1330 mentium
2835 1278 3222 1344 concessione;
3275 1277 3346 1331 ita
3397 1285 3456 1330 ut

1882 1368 1936 1421 in
1981 1366 2247 1436 ambiguis
2276 1366 2438 1419 etiam
2465 1375 2517 1418 et
2568 1381 2667 1434 ope
2691 1367 2869 1436 aliqua
2931 1368 3009 1420 ad-
3050 1367 3476 1436 persuasionem-

1882 1456 2271 1525 egentihus,cx
2325 1457 2600 1525 praedictis
2628 1456 2973 1512 adminiculis
3033 1456 3455 1511 demonstratio.

1885 1561 2006 1600 nem
2066 1546 2647 1616 conﬁrmationemque
2672 1549 2969 1616 recipiant.

1957 1639 2088 1704 Quae
2115 1653 2238 1691 cum
2271 1639 2342 1691 ita
2381 1652 2440 1691 se
2472 1638 2673 1692 habere
2715 1638 2826 1706 jam
2865 1640 2938 1694 sit
2983 1639 3346 1708 exploratum,
3393 1653 3476 1691 ιιο-

1886 1727 2264 1783 refutationem
2315 1728 2532 1798 quidem
2561 1729 2840 1799 suscipere
2872 1745 3008 1801 opus
3037 1737 3178 1792 erat,
3199 1745 3266 1785 ne
3315 1728 3457 1784 forte

204 1811 438 1875 ἐκείνοις
478 1814 806 1869 πεπονθέναι
836 1815 1155 1886 ὀφθείημεν,
1181 1816 1279 1869 καὶ
1327 1814 1654 1884 ἀϐελτερίας
1693 1814 1786 1867 καὶ

1890 1817 2028 1871 idem
2060 1827 2221 1884 atque
2247 1816 2319 1870 illi
2377 1831 2602 1886 peccare
2631 1819 2947 1885 videamur,
3005 1820 3349 1886 levitatisque
3404 1827 3466 1873 et

205 1904 564 1969 ἀπαιδευσίας
585 1906 922 1979 ὀφλήσαντες
937 1909 1172 1977 γέλωτα,
1191 1909 1290 1980 τήν
1319 1908 1443 1978 ῐσην
1458 1907 1785 1976 ἀπενεγκοί-
1817 1889 1860 1949 Β

1889 1910 2118 1965 inscitiae
2149 1925 2310 1964 causa
2344 1911 2510 1965 risum
2546 1921 2974 1973 commoventes.
2995 1925 3178 1979 parem
3226 1911 3333 1965 illis
3366 1925 3457 1965 re-

208 1997 352 2065 μεθα
377 1999 617 2070 γραφὴν,
647 2002 761 2064 τοῖς
813 1999 1233 2071 μειρακιώδεσιν
1268 1999 1652 2063 ἐπιϐάλλοντες
1701 1997 1789 2052 λό-

205 2101 346 2154 γοις.
373 2088 558 2141 Ἐοικε
577 2089 686 2160 γάρ
709 2091 738 2144 ό
759 2089 934 2144 ταῦτα
949 2092 1281 2163 ἀνατρέπειν
1303 2090 1669 2163 πειρώμενος,
1688 2088 1789 2153 τὰς

208 2177 354 2229 κατά
387 2177 610 2233 παιδιὰν
647 2182 715 2234 ὲκ
771 2181 1006 2252 ψάμμου
1069 2182 1280 2236 παίδων
1315 2177 1608 2252 ἀθύρμασί
1648 2197 1788 2234 κατ-

207 2271 620 2340 εσκευασμένας
640 2273 1002 2345 περιτρέπειν
1021 2274 1223 2345 μᾶλλον
1249 2273 1586 2343 οἰκοδομίας,
1619 2272 1653 2343 ἢ
1675 2274 1791 2335 τοῖς

210 2359 366 2430 παρά
383 2363 520 2416 πᾶσι
535 2366 649 2427 τοῖς
672 2364 944 2420 συνιοῦσιν
967 2366 1045 2430 ώς
1060 2364 1279 2436 ἀληθῶς
1298 2366 1394 2419 καὶ
1410 2366 1510 2436 τήν
1528 2365 1791 2434 ἀλήθειαν

208 2453 566 2522 τετιιιηκόσιν
619 2457 1086 2528 ἀπεγνωσμένοις,
1153 2456 1561 2528 συναγορεύειν.
1647 2455 1790 2510 Ἀλλ’

212 2543 404 2613 ιπειδὴ
429 2544 620 2618 ῶσπερ
642 2549 702 2615 ἐξ
730 2551 1109 2620 ἐπιτάγματος
1135 2551 1290 2619 σοφοὶ
1311 2546 1452 2603 εῖναι
1484 2547 1788 2618 βούλονται,

215 2633 292 2704 μή
334 2635 417 2688 ὅτι
449 2636 550 2705 τῆς
595 2638 851 2709 ἀληθείας
901 2640 1225 2712 ἀντέχεσθαι
1265 2639 1505 2710 σπουδὴν
1535 2639 1790 2710 ποιούμε-

213 2745 318 2794 νοι,
350 2729 444 2784 τοῦ
473 2731 702 2800 ψεύδους
739 2751 797 2787 τε
820 2733 896 2798 ώς
921 2729 1024 2788 οἷοί
1068 2735 1129 2789 τέ
1159 2735 1266 2788 εἱσι
1311 2732 1788 2803 μεταποιούμενοι,

215 2819 503 2890 έρεσχελίᾳ
528 2821 693 2894 πολλῇ
717 2826 812 2877 καὶ
834 2823 1077 2896 φλυαρίᾳ
1108 2825 1202 2878 καὶ
1237 2823 1626 2894 βατταρισμοῖς
1649 2821 1794 2892 χρώο

218 2926 395 2978 μενοι,
436 2912 529 2964 ὲπί
564 2915 631 2983 τῇ
661 2914 772 2967 τῶν
818 2914 1034 2969 πολλῶν
1061 2915 1230 2988 λύμῃ.
1285 2915 1690 2986 συναρπάζουσι
1721 2913 1792 2965 δι’

216 3000 397 3054 αὐτῶν
426 3003 550 3066 τοὺς
576 3005 1019 3075 ἀκεραιοτέρους,
1041 3007 1106 3059 ἐκ
1128 3006 1329 3075 πολλῆς
1362 3005 1504 3074 ἄγαν
1537 3004 1790 3075 ἀποπλη-

217 3089 337 3155 ξίας
373 3093 468 3145 καὶ
493 3093 812 3159 δυσϐουλίας
833 3096 1348 3166 αἰχμαλωτίζοντες,
1381 3099 1462 3158 είς
1487 3096 1548 3148 τὸ
1594 3096 1792 3148 οἰκεῖον

218 3183 424 3253 πτῶμα
435 3187 559 3249 τοὺς
572 3187 802 3251 πολλοὺς
812 3188 1009 3256 ἕλξειν.
1030 3183 1124 3252 Οἷς
1141 3188 1240 3260 ήδη
1259 3188 1475 3241 καὶτῶν
1491 3187 1794 3257 λογιμωτέ-
1822 3226 1870 3286 c

221 3291 330 3344 ρων
345 3275 624 3341 δοκοῦντες
648 3280 745 3332 καὶ
777 3281 1255 3352 περιφανεστέρων
1287 3279 1456 3346 τινες,
1498 3279 1787 3334 σκανδαλίο

219 3365 427 3431 ζονται,
446 3368 633 3440 ἐπειδὴ
663 3370 896 3425 ἅπτεται
914 3373 992 3436 ὡς
1008 3372 1078 3425 τὰ
1100 3371 1272 3426 πολλά
1300 3371 1526 3425 καὶτῶν
1555 3372 1796 3443 ἀρίστων

216 3454 248 3506 ὁ
267 3454 485 3524 μῶμος·
511 3457 764 3529 καθάπερ
788 3461 898 3530 γὰρ
919 3460 1247 3532 φθοροποιοῦ
1271 3463 1582 3533 νοσήματος
1605 3465 1794 3528 πᾶσιν,

218 3543 298 3607 ώς
348 3544 479 3609 ἔπος
523 3549 723 3613 εἰπεῖν,
781 3550 879 3620 τῆς
938 3552 1150 3607 ἑαυτῶν
1205 3553 1550 3623 μεταδιδόασι
1594 3553 1794 3624 λώϐης.

222 3635 314 3708 Τῷ
342 3639 656 3710 φαινομένῳ
685 3640 792 3712 γάρ
825 3645 920 3697 καὶ
951 3645 1321 3715 κεχρωσμένῳ
1353 3646 1463 3699 τῶν
1492 3647 1594 3716 τήν
1627 3646 1798 3718 ἀκοὴν

221 3731 649 3800 περισαινόντων
687 3733 864 3802 λόγων
899 3737 1368 3807 περιθελγὸμενοι,
1431 3739 1522 3791 τὸν
1567 3738 1624 3791 δὲ
1665 3755 1799 3792 κατ-

219 3823 611 3893 ορωρυγμένον
632 3827 722 3879 καὶ
758 3829 1142 3899 κεκρυμμένον
1174 3829 1364 3898 βόθρον
1400 3830 1489 3882 διὰ
1519 3831 1578 3884 τὸ
1609 3833 1802 3885 ἀνεπι-

221 3914 494 3984 στάτητον
523 3915 584 3968 ού
623 3916 1018 3989 προορώμενοι,
1072 3923 1194 3983 ταῖς
1242 3923 1448 3989 πάγαις
1483 3923 1541 3988 ἐξ
1592 3926 1800 3995 ἀπροσ-

219 4007 372 4075 ιξίας
401 4007 500 4078 τῆς
522 4009 780 4073 ἀπιστίας
816 4010 1029 4074 ἀκλεῶς
1053 4012 1493 4083 περιπίπτουσιν.
1536 4015 1623 4066 Ἐν
1661 4032 1798 4084 προ-

222 4103 468 4171 σχήματι
511 4102 622 4172 γάρ
650 4103 1081 4174 Χριστιανισμοῦ
1131 4104 1192 4156 τὸ
1239 4106 1622 4175 Χριστιανίζον
1654 4108 1800 4161 ἆπαν

219 4191 468 4255 εὐσεϐῶς
503 4193 720 4247 όταῦτα
749 4195 1225 4266 συγγεγραφηκὼς
1253 4196 1535 4265 δυσμενῶς
1565 4197 1796 4268 ἐξεπόρ-

219 4285 381 4356 θησε.
417 4285 604 4357 Ταύτῃ
625 4301 707 4338 τοι
725 4288 816 4341 καὶ
844 4287 946 4341 ούκ
973 4288 1234 4359 ἀκόσμως
1274 4307 1326 4341 τι
1369 4290 1620 4354 δόξαντες
1643 4292 1797 4363 δρᾷν,

219 4377 307 4439 είς
341 4376 500 4447 τήνδε
529 4377 636 4430 τῶν
665 4377 840 4446 λόγων
878 4379 978 4451 τὴν
1023 4381 1272 4446 ἐξέτασιν
1301 4381 1630 4452 καθήκαμεν
1673 4385 1800 4438 sau-

219 4465 371 4530 τούς.
401 4467 512 4522 Καὶ
555 4469 656 4522 οὐκ
704 4469 769 4523 ἂν
811 4471 1230 4542 ἀποκνήσαιμεν
1257 4472 1433 4544 σαθρά
1459 4475 1554 4528 καὶ
1599 4477 1802 4546 κατερ-

1889 2001 2305 2071 prehensiouem
2338 2002 2704 2066 incurramus,
2737 2001 2828 2070 qui
2856 2000 3154 2069 puerilibus
3186 2001 3453 2054 tricantur

1889 2090 2247 2147 sermonibus.
2296 2090 2431 2146 Nam
2483 2094 2576 2162 qui
2638 2091 2942 2160 huiusmodi
3014 2098 3335 2162 argumenta
3366 2090 3462 2142 ad-

1889 2183 2257 2238 versariorum
2323 2194 2569 2238 evertere
2603 2184 2822 2246 nititur,
2871 2183 2917 2237 is
2957 2181 3313 2237 domunculas
3363 2196 3460 2247 po-

1892 2273 1996 2328 tius
2061 2272 2178 2328 lusu
2232 2271 2424 2342 puerili
2474 2271 2766 2327 fabricatas
2802 2273 3015 2328 videtur
3061 2281 3410 2342 prosternere
3443 2311 3456 2331 .

1889 2379 2052 2434 quam
2085 2363 2246 2420 rebus
2274 2363 2412 2433 apud
2455 2377 2645 2422 omnes
2674 2378 2801 2418 vere
2853 2365 3130 2433 sapientes
3187 2362 3466 2416 veritatis-

1889 2470 1996 2526 que
2059 2455 2299 2510 cultores
2371 2455 2690 2510 certissimis
2756 2453 3116 2523 patrocinari.
3164 2453 3270 2507 Sed
3327 2452 3456 2522 quia

1893 2556 2150 2616 tanquam
2202 2545 2466 2600 arbitratu
2500 2560 2598 2600 suo
2653 2547 2926 2616 sapientes
2946 2561 3067 2600 esse
3099 2546 3307 2610 volunt,
3346 2555 3466 2598 tan-

1894 2647 2118 2706 tumque
2162 2651 2194 2690 a
2240 2637 2488 2691 veritatis
2528 2637 2708 2691 studio
2749 2637 2946 2691 absunt
3010 2647 3068 2692 ut
3116 2637 3458 2693 mendacium

1895 2739 2006 2783 toto
2058 2727 2254 2783 aﬂ'ectu
2305 2729 2722 2797 amplectantur,
2784 2730 3129 2784 cavillatione
3186 2730 3359 2783 multa
3408 2737 3467 2784 et

1893 2819 2227 2887 stultiloquio
2267 2833 2330 2873 ac
2374 2819 2540 2874 veluti
2599 2821 2838 2874 balbutie
2889 2829 3122 2884 utentes,
3181 2820 3306 2875 ideo
3361 2834 3467 2872 non

1894 2913 2011 2965 sine
2044 2910 2333 2964 multorum
2363 2910 2687 2965 detrimento
2715 2912 2829 2966 haec
2885 2911 3199 2965 blaterando
3255 2911 3464 2979 simpli-

1894 3002 2069 3057 ciores
2121 3000 2418 3070 decipiunt,
2468 3002 2617 3071 gravi
2671 3003 2862 3056 horum
2896 3009 3116 3073 stupore
3140 3012 3193 3055 et
3225 3001 3464 3056 inconsi-

1894 3094 2141 3149 derantia
2191 3095 2257 3149 ad
2291 3095 2639 3150 irretiendum
2697 3099 3006 3162 abutentes,
3035 3099 3204 3151 donec
3268 3096 3469 3149 multos

1899 3199 2082 3241 secum
2131 3186 2432 3255 praecipites
2495 3186 2728 3240 trahant.
2748 3184 2958 3252 Quibus
3008 3201 3076 3240 ex
3131 3185 3295 3239 rebus
3327 3183 3469 3251 jam-

1899 3278 1987 3333 diu
2041 3277 2282 3332 nonnulli
2323 3294 2538 3348 quoque
2577 3293 2643 3332 ex
2676 3280 2739 3332 iis
2765 3281 2855 3348 qui
2887 3278 3138 3332 videntur
3187 3277 3465 3345 sapientes

1897 3381 1952 3426 et
2018 3369 2358 3436 illustriores,
2411 3371 2727 3425 scandalum
2763 3371 3040 3440 patiuntur
3077 3388 3088 3422 :
3121 3367 3462 3437 quandoqui-

1897 3461 2020 3516 dem
2044 3462 2258 3530 attingit
2283 3465 2423 3529 sirpe
2440 3463 2672 3529 optimos
2692 3462 2856 3514 etiam
2873 3460 3042 3522 labes,
3067 3473 3187 3528 qua:
3208 3457 3466 3526 pestilen-

1901 3555 1970 3610 tis
2019 3555 2190 3609 instar
2219 3556 2414 3619 morbi,
2440 3554 2669 3619 cunctis,
2707 3564 2763 3606 ut
2811 3553 2978 3606 verbo
3003 3552 3204 3615 dicam,
3239 3550 3467 3604 exitium

1900 3663 2055 3701 suum
2077 3648 2465 3700 communicat.
2490 3646 2696 3700 Etenim
2723 3645 2907 3715 specie
2933 3660 2994 3699 ac
3014 3644 3136 3697 fuco
3156 3657 3470 3697 sermonum

1902 3738 2122 3793 auribus
2144 3738 2534 3792 blandientium
2567 3737 2795 3798 deliniti.
2815 3751 2989 3804 neque
3017 3737 3084 3789 ob
3113 3751 3263 3789 suam
3296 3736 3428 3788 insei
3447 3763 3466 3773 -

1902 3830 2029 3883 tiam
2079 3827 2328 3884 eﬂ'ossam
2384 3829 2747 3897 latentemque
2768 3827 2974 3882 foveam
3002 3825 3382 3896 przevidentcs,
3417 3824 3470 3878 in

1903 3921 2295 3977 incredulitatis
2367 3924 2589 3990 laqueos
2642 3920 3038 3976 inconsiderate
3128 3917 3466 3988 turpiterque

1902 4015 2172 4068 labuntur.
2205 4013 2337 4067 Nam
2395 4014 2495 4069 sub
2527 4012 2934 4068 Cbristianismi
2976 4012 3229 4066 simulata
3265 4010 3464 4079 specie,

1904 4107 1991 4162 hic
2013 4106 2101 4175 qui
2131 4105 2253 4158 talin
2281 4107 2522 4175 scripsit,
2549 4106 2913 4159 orthodoxam
2939 4114 3105 4159 totam
3135 4102 3468 4158 Curistiani-

1907 4208 2066 4253 tatem
2096 4197 2367 4252 hostiliter
2397 4195 2752 4266 depopulatus
2796 4204 2901 4251 est.
2938 4195 3030 4250 Sic
3082 4196 3287 4263 itaque,
3341 4190 3474 4243 nihil

1905 4289 2218 4343 indecorum
2270 4303 2430 4356 agere
2477 4287 2879 4353 existimantes,
2929 4287 2982 4341 in
3039 4287 3143 4340 hoc
3215 4283 3478 4337 doctrinae

1903 4397 2130 4437 examen
2157 4392 2372 4436 nosmet
2389 4379 2737 4448 coniecimus.
2766 4378 2952 4451 Neque
2975 4378 3344 4435 recusabimus
3371 4389 3472 4442 pu~

1907 4474 2048 4529 trida
2083 4489 2148 4529 ac
2178 4474 2467 4529 dilabentia
2489 4483 2889 4530 etaraneorum
2926 4477 3180 4525 contextu
3211 4466 3480 4521 debbliora

222 4560 469 4630 ρυηκότα
501 4561 595 4613 καὶ
621 4561 896 4632 ἀραχνίων
924 4561 1292 4634 ἀσθενέστερα
1323 4565 1392 4618 τὰ
1416 4565 1621 4618 τούτων
1665 4568 1800 4620 ἀπο-
1833 4570 1870 4624 D

1905 4565 2097 4620 horum
2150 4575 2464 4634 argumenta
2501 4579 2796 4633 exponere,
2836 4574 2892 4617 ut
2945 4563 3033 4623 iis,
3071 4557 3315 4613 veritatis
3356 4571 3472 4620 ore,

221 4649 443 4718 φαίνειν
496 4652 882 4722 προϐλήματα,
921 4655 1049 4717 τοὺς
1103 4655 1200 4723 τῆς
1246 4656 1508 4726 ἀληθείας
1545 4657 1800 4728 ἐλέγχους

222 4741 498 4812 εὐστόχως
549 4743 866 4810 ἐπάγοντες,
931 4744 1008 4808 ὡς
1049 4744 1116 4798 ἂν
1149 4745 1315 4816 δήλης
1374 4748 1546 4801 ἀπασι
1599 4749 1700 4819 τῆς
1743 4751 1801 4802 έν

221 4836 412 4898 αὐτοῖς
441 4834 668 4898 ἀτοπίας
723 4836 1154 4908 καθισταμένης,
1191 4840 1466 4908 ἑπιγνοῖεν
1493 4842 1543 4893 οί
1589 4841 1802 4895 συνετοὶ

221 4926 287 4980 τδ
338 4925 620 4996 ἀπατηλὸν
665 4926 845 4980 αὐτῶν
892 4928 988 4981 καὶ
1035 4931 1502 4998 κατεπτυσμένον,
1560 4933 1654 4985 καὶ
1704 4935 1802 5004 τῆς

223 5017 440 5071 ἑαυτῶν
470 5017 771 5086 ἀσφαλείας
817 5021 1198 5090 προνοήσαιεν.
1235 5022 1358 5076 Ὀτι
1388 5021 1488 5092 μιν
1519 5018 1716 5087 οὖνοώς
1743 5026 1803 5076 ὲν

223 5106 434 5160 άπασιν
465 5109 852 5174 ἀπνετοῦντες
877 5111 971 5164 καὶ
1005 5111 1540 5182 ἀμαθαίνοντες,κάν
1572 5115 1802 5179 ταύταις

223 5197 672 5266 ἀποσφάλλονται
693 5203 812 5264 ταῖς
859 5205 1086 5269 φωναῖς.
1122 5203 1200 5273 τῷ
1229 5202 1495 5274 ἀγράπτῳ
1528 5221 1600 5274 φη
1613 5206 1674 5274 μὶ
1706 5205 1803 5258 καὶ

224 5289 656 5360 ἀπεριγράπτῳ,
695 5289 770 5355 ώς
810 5288 985 5362 οἶμαι,
1023 5293 1186 5347 παντί
1218 5312 1295 5364 τῳ
1327 5296 1498 5364 σαφές
1521 5311 1534 5326 ·
1566 5298 1646 5358 εἰς
1672 5297 1801 5350 ταύ-

222 5378 321 5434 τδν
345 5380 636 5451 ἀμφότερα
669 5383 1108 5451 συνενεγκόντες,
1154 5383 1224 5436 τά
1256 5385 1316 5436 ὲν
1356 5385 1574 5448 πολλοῖς
1611 5385 1803 5456 διαφέ-

226 5488 419 5544 ροντα.
449 5474 577 5544 περὶ
618 5469 692 5528 ῶν
722 5475 805 5537 είς
863 5475 1092 5546 ὕστερον
1146 5476 1546 5548 διαληψόμεθα,
1592 5480 1692 5549 τήν
1746 5497 1803 5532 τε

223 5563 499 5633 διαφοράν
543 5567 639 5617 καὶ
672 5566 773 5636 τὴν
804 5568 902 5620 ἀπ’
941 5567 1122 5621 αὐτῶν
1162 5571 1576 5640 σημαινομένην
1634 5571 1802 5625 δύνα-

229 5672 327 5726 μιν
351 5657 835 5730 ὶπισκεπτόμενοι.
896 5658 985 5714 Ἐν
1023 5659 1101 5732 τῷ
1133 5661 1362 5731 παρόντι
1393 5662 1474 5727 δὲ,
1499 5666 1564 5734 τῇ
1598 5663 1803 5720 τούτων

226 5748 565 5819 ἀπαιδευσίᾳ
585 5751 679 5804 καὶ
710 5752 949 5825 ἀμουσίᾳ
982 5753 1506 5824 συγκαθιστάμενοι,
1540 5755 1678 5825 πρὸς
1705 5758 1804 5820 τάς

226 5839 324 5894 τοῦ
339 5839 663 5898 διδασκάλου
683 5845 860 5900 αὐτῶν
881 5846 1158 5920 προϐεϐλη
1169 5847 1336 5919 μένας
1361 5848 1564 5918 φωνὰς,
1587 5850 1804 5913 οἰκείως

1911 4658 2262 4714 refutationes
2285 4667 2408 4726 apte
2436 4671 2774 4727 opponamus
2798 4673 2812 4722 ;
2836 4667 2999 4724 atque
3034 4655 3104 4707 ita
3134 4647 3483 4704 manifestata

1907 4751 2160 4806 omnibus
2203 4751 2444 4819 ipsorum
2502 4749 2862 4813 absurditate,
2917 4753 3215 4816 agnoscant
3267 4740 3478 4797 cordali

1911 4841 2159 4896 homines
2187 4838 2432 4894 fraudem
2481 4839 2693 4894 illorum
2737 4854 2802 4893 ac
2828 4838 3116 4901 vilitatem,
3151 4843 3206 4889 et
3248 4831 3482 4903 propriae

1912 4931 2090 4986 tutela:
2141 4931 2451 4986 consulant.
2486 4931 2638 4998 Quod
2671 4929 2837 5000 igitur
2887 4927 3068 4982 stolidi
3099 4941 3166 4981 ac
3209 4924 3372 4978 rudes
3418 4923 3472 4977 in

1912 5024 1996 5079 his
2020 5038 2236 5093 quoque
2270 5033 2456 5078 errant
2487 5022 2786 5088 vocabulis,
2835 5017 3174 5089 indescripti,
3231 5017 3478 5084 inquam,

1910 5126 1966 5170 et
2021 5115 2502 5184 incircumscripti,
2527 5115 2724 5183 cuique
2774 5111 3116 5181 exploratum
3143 5117 3310 5179 puto;
3353 5107 3480 5160 dum

1912 5207 1979 5260 ad
2008 5222 2168 5260 unam
2195 5206 2464 5261 notionem
2505 5214 2793 5273 utrumque
2823 5201 3131 5268 conferunt,
3159 5213 3279 5270 qua
3305 5208 3482 5252 tamen

1915 5297 2068 5353 valde
2087 5295 2374 5364 ditl‘eruul;
2409 5298 2476 5351 de
2498 5295 2693 5365 quibus
2713 5306 2899 5364 postea
2935 5291 3311 5356 tractabimus,
3355 5303 3481 5343 cum

1917 5392 2153 5458 ipsorum
2171 5387 2528 5444 diﬂ‘erentiam
2547 5397 2602 5444 et
2618 5387 3032 5457 signiﬁcativam
3051 5383 3157 5438 vim
3177 5382 3487 5439 considera-

1916 5481 2113 5536 bimus.
2146 5480 2200 5535 ln
2233 5479 2483 5550 presenti
2517 5486 2698 5532 autent
2727 5488 2916 5533 contra
2967 5477 3193 5529 istorum
3226 5475 3487 5543 ignoran-

1917 5574 2046 5629 tiam
2099 5571 2535 5642 imperitiamque
2573 5570 2826 5636 accincti,
2860 5569 2925 5623 ad
2969 5582 3031 5623 ea
3066 5581 3186 5636 qua:
3241 5567 3484 5634 ipsorum

1917 5667 2179 5737 magister
2211 5664 2465 5720 vocabula
2489 5664 2675 5734 objicit
2697 5663 2967 5733 peculiare
2983 5662 3218 5716 studium
3233 5664 3478 5713 nostrum

1917 5767 2318 5813 convertemus.
2355 5755 2522 5811 Porro
2546 5757 2894 5825 conspicuum
2919 5753 3043 5818 erit,
3077 5751 3221 5820 quod
3264 5749 3309 5804 si
3342 5749 3483 5818 ejus,

1917 5851 2006 5922 qui
2040 5859 2226 5907 auctor
2247 5850 2370 5904 mali
2393 5848 2512 5914 fuit,
2541 5849 2824 5905 machinas
2843 5845 3244 5916 disjcccrimus,
3266 5842 3483 5897 illorum
