4238 6446
735 382 846 448 219

1762 391 1821 448 8.
1860 389 2278 448 NICEPHORI
2319 385 2832 447 PATRIARCH/E
2874 385 2984 446 (ΣΡ.

3897 385 4000 450 220

741 504 972 550 conatus
1022 497 1118 551 es?
1148 497 1308 565 idque
1347 499 1556 568 jamdiu
1616 500 1685 553 ab
1713 502 1954 568 antiquis
1998 501 2329 571 tmnporibus
2358 507 2399 558 Α

2327 538 2329 547 ι
2358 507 2399 558 Α
2428 499 2585 553 τοῦτο
2610 501 2672 554 ἐκ
2696 499 2945 553 παλαιῶν
2960 497 3070 551 τῶν
3098 496 3306 568 χρόνων
3338 497 3762 568 κατειθισμένην
3781 499 4001 568 εἰσήγα-

743 587 1085 642 factitantem
1147 587 1427 645 amrmas?
1467 590 1555 644 lla:
1610 601 1738 644 sunt
1787 594 1931 645 enim
1991 595 2186 647 tuentis
2219 603 2322 646 tum

746 679 1206 746 tlespumationcs,
1253 680 1469 749 Deoque
1507 683 1720 739 hostilis
1769 686 1961 754 lingua:
2009 700 2192 740 ausus.
2222 683 2326 738 Ne-

748 783 852 834 que
885 769 1062 823 verbis
1093 777 1322 837 tantum,
1354 775 1448 826 sed
1479 774 1584 842 iam
1631 778 1794 829 etiam
1846 779 2130 842 scripturis
2155 818 2168 839 ,
2208 777 2325 829 ubi-

748 873 853 924 que
890 859 1240 928 blasphemiae
1274 865 1496 930 vestigia
1553 867 1833 936 relinquis,
1871 886 1990 938 qua:
2045 880 2188 922 lnam
2225 870 2324 922 atl—

745 963 938 1003 versus
983 951 1146 1005 Deum
1200 962 1256 1007 ct
1307 956 1556 1014 homines
1614 959 1941 1027 impietatem
1999 972 2323 1030 coarguunt.

717 1041 856 1095 ~Cttr
882 1056 1013 1111 ergo
1043 1043 1363 1108 Ecclesium,
1407 1051 1531 1100 dum
1595 1051 1702 1102 tuis
1751 1053 1966 1117 quidem
2004 1070 2122 1106 eunt
2161 1055 2324 1107 velles

748 1135 1473 1202 patrocinariopinionibus,
1512 1140 1835 1194 catholicam
1869 1153 1921 1194 et
1948 1153 2192 1195 sanctam
2227 1160 2325 1208 ap-

747 1224 951 1290 pellare
998 1226 1211 1295 jactas;
1245 1245 1366 1284 cum
1408 1241 1586 1285 autem
1643 1234 1826 1286 divina
1883 1247 2068 1288 nostra
2117 1237 2196 1289 vis
2233 1237 2326 1289 do-

749 1324 928 1385 gmata
951 1332 1283 1388 oppugnare,
1317 1323 1540 1390 perinde
1591 1325 1795 1379 habens
1842 1327 2009 1379 Deum
2039 1342 2099 1380 ac
2126 1329 2328 1380 dtl‘ltto-

753 1421 873 1472 nes,
911 1407 1308 1462 idololatricam
1341 1425 1463 1466 esse
1493 1413 1820 1469 denuntias?
1855 1415 2039 1469 Nonne
2075 1427 2128 1470 ttt
2154 1419 2330 1486 potius

751 1497 1037 1551 idololatra
1075 1499 1170 1552 es?
1224 1500 1401 1569 Atque
1457 1512 1514 1554 ut
1567 1505 1870 1558 secretiora
1915 1509 2200 1572 omittam,
2272 1519 2330 1563 tu

752 1590 956 1641 munito
989 1588 1226 1652 deditus,
1260 1600 1316 1645 et
1359 1593 1634 1647 mundana
1668 1595 1838 1660 gloria
1874 1596 2068 1663 elatus,
2101 1607 2158 1652 ιιι
2218 1615 2333 1652 car-

752 1678 837 1730 nis
876 1689 929 1731 et
959 1678 1255 1746 voluptatis
1307 1682 1658 1751 mancipium,
1697 1687 1802 1740 hoc
1859 1690 2182 1756 temporalis
2209 1691 2332 1744 vitae

754 1768 934 1836 spatio
984 1779 1038 1822 et
1092 1772 1450 1838 praesentibus
1507 1774 1665 1830 bonis
1742 1777 2058 1833 felicitatem
2114 1795 2330 1834 omnem

754 1865 1067 1929 dimetiens,
1102 1857 1347 1937 nihilque
1399 1880 1598 1940 praeter
1637 1881 1852 1927 terrena
1874 1874 2060 1929 animo
2096 1875 2330 1945 agitans,

755 1955 900 2008 haud
944 1970 1075 2010 vero
1098 1972 1194 2027 spe
1231 1960 1281 2012 in
1332 1959 1499 2014 Deum
1533 1972 1588 2016 et
1614 1963 1921 2019 divinorum
1954 1969 2332 2020 tnandatormn

755 2047 1133 2102 observatione
1171 2050 1390 2120 gloriari
1423 2052 1634 2120 volens,
1667 2062 1722 2108 tu
1753 2055 1860 2121 his,
1893 2055 2135 2125 inquam,
2160 2067 2335 2112 mate-

757 2136 982 2192 rialibus
1005 2140 1309 2206 adhaerens,
1337 2143 1610 2213 variisque
1627 2145 2019 2215 cupiditatibus
2047 2149 2330 2216 abreptus,

761 2227 1086 2284 haereditate
1121 2231 1358 2287 emlestis
1386 2236 1532 2302 regni
1583 2237 1856 2304 excidisti,
1894 2248 1950 2293 et
1993 2239 2060 2292 ad
2094 2239 2336 2293 destina-

759 2327 871 2371 tum
909 2319 1001 2372 tibi
1036 2323 1295 2390 gehennae
1347 2325 1522 2380 locum
1571 2327 1774 2384 divinis
1815 2329 2036 2395 judiciis
2077 2330 2334 2384 amanda-

757 2408 919 2464 heris.
953 2410 1244 2481 Propterea
1280 2415 1714 2473 Christianorum
1744 2422 2058 2492 religionem
2089 2437 2337 2486 accusas,

758 2512 812 2550 et
865 2503 1252 2572 omnipotetttis
1301 2506 1395 2560 Dei
1447 2511 1588 2564 vires
1629 2511 1889 2581 soll‘ragio
1941 2522 2034 2567 tuo
2090 2513 2340 2567 infirmas

759 2608 883 2647 esse
912 2594 1126 2660 deﬁnis,
1165 2600 1320 2666 quasi
1360 2601 1407 2655 is
1437 2616 1541 2655 non
1573 2608 1809 2674 potuerit
1849 2607 1916 2659 ab
1954 2606 2218 2659 idolorum
2256 2621 2341 2657 er-

761 2701 888 2739 rore
934 2686 1229 2742 humanum
1264 2707 1432 2759 genus
1484 2694 1752 2763 liberare;
1798 2697 1958 2767 idque
1981 2699 2120 2764 agis,
2148 2710 2204 2749 nt
2241 2696 2340 2749 mi-

761 2777 959 2829 seriam
995 2788 1048 2830 et
1079 2781 1259 2833 odium
1295 2782 1560 2852 dogmatis
1615 2786 1688 2837 tui
1739 2798 2073 2851 prtcvertens
2094 2786 2337 2854 effugias,

761 2877 1018 2937 tttamque
1042 2871 1314 2926 malitiose
1341 2874 1692 2944 ignominiam
1721 2877 1886 2929 celes.
1911 2876 2120 2930 idcirco
2137 2876 2339 2931 Christi

762 2961 950 3022 \itetn,
1011 2977 1172 3030 quam
1228 2980 1290 3018 es
1355 2967 1702 3022 itttellectuali
1757 2967 1994 3038 Egypto
2046 2969 2341 3033 transtulit,

2423 609 2517 660 γες
2538 609 2551 654 ;
2568 590 2753 644 Ταῦτα
2769 589 2879 660 γάρ
2894 589 2991 659 τῆς
3009 588 3108 658 σῆς
3127 588 3448 652 διανοίαςτά
3465 587 3892 659 ἀποσράσματα,
3911 588 4003 640 καὶ

2425 685 2521 751 τῆς
2553 679 2823 750 θεομάχοι)
2847 677 3100 748 γλώσσης
3118 679 3467 749 τολμήματα.
3497 681 3572 732 Οὐ
3605 679 3788 746 λόγοις
3817 679 4001 748 μόνον,

2426 775 2524 846 ⁸ἤδη
2555 774 2611 826 δὲ
2641 775 2732 826 καὶ
2757 773 3110 842 ἀνάγραπτον
3145 775 3223 833 εἰς
3253 773 3476 842 ἔλεγχον
3503 773 3600 842 τῆς
3631 770 4003 840 εἰργασμένης

2428 884 2511 920 σοι
2535 866 2671 936 πρῦς
2701 865 2835 918 Θεὸν
2866 867 2960 918 καὶ
3003 864 3329 935 ἀνθρώπους
3377 864 3748 938 παρανομίας,
3789 878 4002 916 παντα-

2427 958 2522 1028 χοῦ
2558 958 2653 1029 τὴν
2717 957 3070 1028 βλασφημίαν
3119 957 3424 1010 ἀπολιπών.
3484 957 3607 1020 Πῶς
3657 952 3752 1009 οῦν
3806 954 4002 1024 αὐτὴν,

2425 1051 2588 1102 ὁπότε
2651 1049 2750 1119 μὲν
2829 1052 2952 1111 ταῖς
3017 1048 3249 1110 οἰκείαις
3325 1048 3718 1118 συναγορεύειν
3792 1045 4004 1116 βούλοιο

2427 1143 2629 1207 δόξαις,
2683 1140 2979 1211 καθολικὴν
3013 1141 3108 1193 καὶ
3161 1139 3326 1207 ἁγίαν
3378 1139 3666 1208 ὀνομάζων
3717 1153 4000 1205 κατακομ-

2427 1233 2596 1304 cson;
2653 1233 2848 1288 Ἦνίκα
2896 1233 2953 1287 δὲ
2986 1232 3093 1285 τῶν
3119 1233 3282 1285 θείων
3316 1231 3477 1301 ἡμῶν
3515 1226 4007 1297 κατεξανίστασθαι

2427 1327 2731 1394 δογμάτων,
2786 1328 2865 1388 εἰς
2907 1325 3105 1378 ταύτὸν
3149 1325 3300 1392 ἄγων
3355 1323 3491 1376 Θεὸν
3542 1325 3637 1376 καὶ
3700 1320 3992 1390 δαίμονας.

2431 1418 2718 1486 εἰδωλικῆν
2767 1418 3196 1484 καταγγέλλεις;
3245 1415 3373 1478 Πῶς
3406 1415 3463 1467 δὲ
3509 1415 3632 1482 οὐχὶ
3690 1415 3754 1466 σὺ
3797 1412 4008 1482 μᾶλλον

2431 1509 2860 1579 εἰδωλολάτρης;
2921 1509 3030 1562 Καὶ
3072 1509 3158 1561 ἵνα
3209 1506 3321 1561 τῶν
3370 1505 3836 1578 ἀπορρητοτέρων
3900 1503 4005 1568 ἀφ-

2430 1599 2660 1667 έξωμαι,
2704 1602 2731 1652 ό
2759 1599 2837 1669 τῷ
2865 1599 3057 1667 κόσμῳ
3093 1595 3482 1668 προστετηκὼς
3523 1597 3619 1648 καὶ
3651 1594 3778 1664 δόξῃ
3805 1596 3872 1662 τῇ
3921 1609 4013 1644 κο-

2434 1691 2603 1757 σμικῇ
2645 1687 3100 1758 ὑπεραιρόμενος,
3155 1689 3184 1739 ό
3232 1690 3298 1756 τῇ
3339 1686 3506 1757 σαρκί
3575 1685 3672 1736 καὶ
3711 1686 3833 1744 ταῖς
3897 1681 4011 1747 φιλ-

2433 1778 2670 1850 ηδονίαις
2721 1777 3601 1849 κατηνδραποδισμινος,χρόνοις
3643 1791 3703 1826 τε
3740 1772 3834 1826 καὶ
3891 1773 4012 1832 ταῖς

2437 1872 2739 1942 παρούσαις
2808 1869 3140 1941 εὐημερίαις
3202 1869 3303 1940 τὴν
3383 1867 3736 1938 εὐδαιμονίαν
3830 1865 4014 1916 πᾶσαν

2439 1963 2678 2034 μετρῶν,
2707 1961 2803 2014 καὶ
2836 1961 3001 2030 μηδὲν
3051 1961 3191 2030 ὑπὲρ
3245 1959 3314 2012 τά
3361 1959 3528 2028 γήϊνα
3581 1953 4014 2035 φανταζόμενος,

2435 2055 2549 2108 ἀλλ’
2581 2054 2702 2123 οὐχὶ
2732 2056 2797 2120 τῇ
2839 2053 2914 2114 εἰς
2943 2051 3077 2103 Θεὸν
3107 2050 3285 2104 ἐλπίδι
3317 2049 3413 2102 καί
3438 2049 3674 2119 τηρήσει
3707 2045 3817 2098 τῶν
3853 2043 4015 2096 θείων

2437 2143 2666 2200 ὲντολῶν
2688 2142 3007 2210 δοξάζεσθαι
3042 2141 3504 2212 προαιρούμενος,
3539 2137 3623 2209 ἐφ’
3643 2132 3725 2200 οἷς
3747 2135 3823 2200 ὡς
3847 2134 4014 2204 πρόσ-

2437 2239 2562 2300 υλος
2609 2236 2706 2290 καὶ
2759 2234 3076 2305 περιπαθὴς
3150 2229 3722 2300 ἀποϐουκολούμενος,
3765 2227 4018 2295 κληρονο-

2443 2330 2570 2400 μίας
2620 2327 2719 2396 τῆς
2771 2324 3018 2395 οὐρανῶν
3072 2321 3351 2394 βασιλείας
3401 2321 3786 2382 ἰκπέπτωκας,
3841 2314 3919 2383 τῷ
3958 2313 4016 2365 δὲ

2438 2418 2870 2488 ἀποτεταγμὲνῳ
2915 2432 2999 2469 σοι
3057 2416 3156 2486 τῆς
3209 2414 3438 2483 γεέννης
3497 2414 3643 2478 τόπῳ
3694 2411 3805 2470 τοῖς
3851 2407 4018 2470 θείοις

2439 2506 2849 2576 δικαιωτηρίοις
2914 2504 3354 2576 ἀποπεμφθήση.
3424 2501 3524 2556 Διά
3595 2501 3659 2570 δὴ
3718 2498 3879 2551 τοῦτο
3917 2497 4020 2565 τῆς

2441 2595 2742 2667 θρησκείας
2816 2595 2926 2648 τῶν
2991 2594 3339 2665 Χριστιανῶν
3419 2590 3858 2663 καταγορεύεις,
3915 2589 4013 2640 καὶ

2443 2685 2728 2739 ἀσθένειαν
2772 2686 2873 2754 τῆς
2927 2682 3263 2746 πανσθενοῦς
3313 2683 3410 2736 τοῦ
3457 2681 3594 2735 Θεοῦ
3652 2678 4010 2748 καταψηφίςῃ

2441 2779 2742 2847 δυνάμεως,
2789 2778 2866 2841 ὡς
2897 2778 2962 2830 ἂν
2998 2778 3098 2830 οὐκ
3150 2775 3470 2846 ἰσχύσαντος
3528 2771 3764 2826 εἰδώλων
3806 2770 4018 2839 πλάνης

2442 2870 2504 2922 τὸ
2527 2870 2682 2937 γένος
2716 2867 2994 2931 ἐξελέσθαι
3029 2869 3089 2921 τὸ
3139 2867 3502 2938 ἀνθρώπειον,
3538 2865 3626 2917 ἵνα
3657 2863 3719 2916 τὸ
3750 2862 4015 2930 δύστηνον

2445 2964 2538 3014 καὶ
2593 2960 2985 3030 ἀπηχθημένον
3042 2959 3136 3013 τοῦ
3202 2959 3298 3012 σοῦ
3365 2959 3711 3029 φρονήματος
3766 2952 4021 3020 ὑποφθὰς

763 3060 816 3097 ct
863 3049 1108 3104 latericio
1159 3062 1506 3121 peccatorum
1552 3057 1663 3111 luto
1694 3098 1708 3120 ,
1762 3071 1923 3126 atque
1979 3060 2342 3113 invisibilduts

2446 3052 2819 3124 προεκφεύξῃ.
2852 3052 2947 3104 καὶ
2996 3051 3096 3122 τὴν
3142 3051 3351 3104 οἰκείαν
3383 3049 3710 3119 κακούργως
3741 3045 4022 3115 ἐπικρύψῃ

763 3156 985 3206 operum
1020 3145 1284 3210 praefectis
1321 3148 1567 3204 liberavit
1619 3152 1754 3221 (l5),
1792 3167 1889 3204 ceu
1915 3167 2047 3220 aper
2082 3158 2147 3205 de
2205 3154 2336 3205 silva
2369 3173 2411 3229 α

2369 3173 2411 3229 c
2446 3146 2727 3214 αἰσχύνην.
2766 3143 2864 3196 Διά
2893 3140 3050 3196 τοῦτο
3079 3142 3177 3215 τὴν
3229 3143 3475 3213 ἄμπελον
3519 3141 3613 3194 τοῦ
3665 3137 3927 3210 Χριστοῦ,
3954 3139 4019 3203 ἢν

765 3235 1011 3298 \astasti,
1050 3247 1210 3305 atque
1265 3248 1321 3292 ttt
1355 3241 1644 3309 singularis
1689 3243 1838 3296 ferus
1889 3243 2148 3312 depastus
2181 3258 2238 3297 es
2271 3245 2291 3274 ⁸
2326 3265 2339 3298 :

2447 3239 2545 3303 τῆς
2574 3237 2770 3306 νοητῆς
2799 3235 3076 3302 Αἰγύπτου
3107 3237 3411 3304 μετήγαγε,
3437 3236 3532 3287 καὶ
3589 3231 3682 3284 τοῦ
3719 3230 3893 3300 πηλοῦ
3924 3229 4019 3297 τῆς

769 3323 936 3376 nihilo
965 3324 1148 3379 furens
1185 3330 1364 3384 minus
1402 3346 1560 3399 quam
1595 3332 1685 3385 ille
1744 3334 2006 3386 adversus
2034 3330 2216 3385 Jacobi
2249 3350 2344 3402 po-

2457 3328 2736 3391 πλινθείας
2791 3327 2899 3380 τῶν
2955 3319 3406 3398 ἁμαρτημάτων,
3473 3327 3568 3381 καὶ
3620 3325 3729 3378 τῶν
3774 3321 4023 3387 ἀοράτων

770 3414 952 3480 pulum
1003 3419 1167 3471 corde
1220 3423 1522 3475 ohdttratus
1569 3434 1620 3476 et
1671 3426 1903 3478 acerbus
1953 3423 2198 3476 laborum
2247 3425 2346 3476 iut-

2450 3419 2825 3490 ἔργοδιωκτῶν
2890 3419 3262 3489 ἠλευθέρωσεν
3288 3460 3302 3483 ,
3327 3418 3399 3482 ὡς
3456 3417 3519 3481 ῦς
3559 3419 3621 3471 ὲκ
3663 3412 3866 3486 δρυμοῦ
3902 3412 4024 3463 ἐλυ-

771 3517 989 3572 perator
1031 3507 1342 3580 Egyptius,
1382 3515 1462 3567 vel
1513 3516 1604 3568 ille
1637 3515 1862 3570 tetricus
1923 3517 2346 3586 tyrannicusque

2471 3513 2648 3581 μήνω,
2705 3511 2798 3562 καί⁵
2848 3510 2923 3572 ὼς
2978 3511 3159 3578 μονιδς
3211 3511 3401 3579 ἄγριος
3448 3509 3841 3576 κατενεμήσωο
3871 3502 4025 3557 οὐδὲν

770 3595 991 3663 ilynusta
1043 3599 1416 3670 Bibylunicus.
1463 3605 1564 3672 21
1606 3604 1696 3658 Sic
1749 3607 1892 3658 enim
1932 3615 1983 3656 tu
2042 3605 2094 3657 itt
2143 3605 2345 3658 Christi

2451 3601 2613 3676 ἦττον
2658 3601 2847 3671 μανεὶς
2903 3601 3024 3652 κατ’
3083 3600 3343 3670 αὐτῆς,ἢ
3390 3601 3561 3653 πάλαι
3609 3599 3746 3651 κατά
3798 3594 3908 3647 τῶν
3961 3596 4026 3647 ὲκ

771 3686 1134 3752 hi-rcdiIatem
1194 3693 1431 3756 irruens,
1465 3706 1674 3763 partem
1707 3695 1826 3764 ejus
1878 3696 2108 3748 electam
2133 3704 2188 3748 et
2235 3712 2341 3763 pra:

2447 3696 2620 3765 φυλῆς
2668 3691 2933 3755 Ἰακὼὸ,ὁ
2964 3690 3327 3762 βαρυκάρδιος
3363 3693 3457 3743 καὶ
3515 3690 3713 3758 πικρὸς
3759 3687 4018 3757 ὲργεπεί-

771 3768 979 3830 «ςειοιὶε
1022 3779 1400 3838 l'erventioretn
1455 3785 1810 3840 intolerandis
1869 3785 2220 3854 plurimisque
2262 3789 2343 3839 in-

2448 3803 2584 3855 κτης
2617 3783 2938 3850 Αἰγύπτιος,
2969 3785 3064 3836 καὶ
3110 3785 3138 3835 ό
3165 3783 3433 3853 τύραννος
3458 3782 3552 3834 καὶ
3583 3779 3811 3848 σοϐαρὸς
3853 3777 4022 3830 δυνά-

765 3866 925 3931 ]ιιιίἱε
954 3885 1305 3942 persequens,
1337 3892 1506 3945 usque
1532 3877 1595 3929 ad
1624 3892 1813 3931 necent
1853 3878 2202 3932 exeruciasti.
2237 3876 2345 3932 Hoc

2451 3895 2582 3948 στης
2613 3879 2640 3930 ὀ
2669 3875 3032 3937 Βαϐυλώνιος.
3060 3875 3167 3929 Καὶ
3188 3873 3298 3944 γάρ
3331 3873 3480 3926 οὓτω
3509 3877 3574 3942 τῇ
3602 3869 3842 3942 Χριστοῦ
3887 3870 4023 3938 κλη-

770 3959 984 4014 cdidisti
1012 3965 1184 4030 primu
1213 3985 1241 4018 ιι
1281 3969 1514 4022 vesania:
1544 3979 1649 4023 tote
1685 3971 2093 4023 documentum.

2453 3970 2684 4041 ρονομίᾳ
2743 3967 3090 4037 ἐπιθέμενος,
3148 3969 3214 4037 τῇ
3272 3965 3450 4036 μερίδι
3505 3965 3572 4035 τῇ
3623 3963 3878 4032 ἐκλεκτῇ,
3932 3961 4028 4012 καὶ

771 4049 974 4121 ταύτης
1019 4056 1255 4119 μάλιστα
1288 4060 1366 4129 τῷ
1404 4060 1722 4133 θερμοτέρῳ
1775 4063 1954 4132 μέρει,
2003 4064 2098 4116 καὶ
2158 4061 2381 4132 ὕϐρεσιν
2419 4064 2767 4124 ἀνυποίστοις
2821 4060 2894 4124 ὡς
2921 4061 3207 4124 πλείσταις
3245 4057 3437 4126 ἐπιὼν,
3468 4060 3567 4122 τὰς
3600 4058 3762 4128 μέχρι
3795 4053 4030 4108 θανάτου

772 4141 955 4204 am“
987 4145 1262 4214 ἐπήγαγες
1286 4165 1297 4176 .
1333 4148 1390 4200 ἓν
1417 4149 1604 4218 ηρχθω
1633 4150 1696 4220 δὴ
1730 4149 1890 4203 τοῦτο
1919 4151 2020 4221 τῆς
2057 4151 2155 4221 σῆς
2203 4151 2463 4216 ἀπονοίας
2488 4151 2816 4222 τεκμήριον.

847 4273 932 4327 Η.
973 4292 992 4324 ι
1054 4276 1366 4333 Traditions
1415 4281 1604 4335 didicit
1660 4283 1931 4338 conliteri.
1983 4302 2001 4335 ι
2065 4282 2178 4339 Hoc
2213 4284 2351 4352 loco,

774 4363 856 4414 wl
906 4366 1049 4431 quod
1097 4367 1171 4419 ait
1201 4384 1305 4422 non
1346 4369 1613 4424 intellexit
1659 4372 1801 4436 iste,
1838 4375 1930 4442 qui
1977 4376 2218 4428 omnium
2267 4390 2353 4428 sa—

2535 4292 2624 4338 ια’.
2656 4280 2788 4337 Εἶτα
2819 4299 2832 4314 ·
2873 4300 2891 4334 ι
2931 4282 3250 4354 Παρέλαϐεν
3297 4283 3470 4347 οὕτως
3523 4283 3827 4351 ὁμολογεῖν.
3869 4303 3887 4334 s
3940 4284 4034 4339 Ἐν

2459 4376 2740 4446 τούτοιςῆ
2794 4376 2854 4428 οὐ
2909 4375 3144 4445 συνῆκεν
3199 4377 3311 4429 ὃτι
3370 4376 3466 4428 καὶ
3520 4375 3666 4441 λέγει
3717 4377 3746 4429 ό
3809 4377 4033 4428 πάντων

776 4454 1172 4520 pientissiutum
1226 4474 1284 4513 se
1338 4461 1659 4526 arbitratur,
1691 4464 1773 4516 vel
1811 4465 1936 4517 data
1979 4479 2142 4533 opera
2176 4465 2355 4533 potius
2387 4502 2432 4558 υ

2387 4502 2432 4558 D
2462 4468 2770 4537 σοφώτατος
2805 4461 2944 4519 εἶναι
2978 4466 3243 4534 οἰόμενος,
3279 4466 3311 4534 ἢ
3358 4464 3500 4518 ἑκὼν
3532 4465 3696 4518 πάλιν
3727 4465 3878 4528 τινας
3927 4481 4033 4517 πα-

781 4546 887 4598 vult
913 4547 1125 4614 aliquos
1155 4549 1376 4616 fallere;
1414 4562 1576 4620 atque
1634 4555 1773 4608 haud
1822 4557 1937 4610 seio
1967 4567 2147 4609 utrum
2202 4557 2352 4610 insa-

781 4641 880 4690 1ξίίὲ
925 4643 1101 4707 potius
1153 4657 1219 4695 an
1250 4644 1556 4698 calliditatis
1609 4645 2002 4702 iusitnulandus
2036 4648 2129 4702 sit.
2155 4649 2352 4702 Audiet

775 4732 924 4785 cnim
971 4748 999 4785 a
1058 4735 1214 4788 nobis
1251 4751 1266 4788 :
1298 4735 1488 4791 Adhuc
1544 4747 1599 4790 ιιι
1654 4738 2004 4792 traditionem
2045 4740 2356 4793 memoras?

779 4824 976 4888 Quidni
1028 4840 1158 4880 vero
1212 4837 1267 4878 ιιι
1321 4838 1479 4882 antea
1545 4830 1780 4897 priscam
1835 4840 2000 4899 atque
2066 4833 2135 4884 ab
2199 4831 2354 4884 initio

781 4932 810 4970 ιι
863 4917 1065 4970 sanctis
1117 4918 1374 4985 apostolis
1442 4920 1767 4990 inelytisque
1823 4919 2079 4975 Pattibus
2153 4921 2357 4976 nostris

776 5006 1037 5072 ,traalitam
1101 5022 1166 5061 ac
1207 5010 1578 5067 dominantem
1649 5013 1702 5067 iu
1768 5013 2034 5067 catholica
2091 5027 2219 5067 vere
2307 5021 2362 5070 ct

783 5097 1079 5165 apostolica
1134 5099 1375 5154 Ecclesia
1438 5105 1890 5158 consuetudinem
1947 5103 2214 5169 admittis,
2248 5105 2362 5158 sive

778 5205 904 5254 .quze
953 5189 1150 5246 litteris
1203 5194 1316 5247 sive
1345 5210 1466 5263 quae
1509 5212 1639 5252 voce
1695 5207 1902 5251 tantum
1963 5198 2162 5252 tradita
2224 5195 2365 5252 fuit?

786 5277 1121 5346 Stateettim,
1145 5284 1316 5352 inquit
1350 5286 1503 5340 divus
1530 5287 1818 5356 Apostolus
1843 5289 1907 5340 ad
1937 5287 2195 5356 quosdam
2230 5288 2366 5342 scri-

783 5372 944 5438 ltens,
975 5386 1021 5429 et
1051 5378 1267 5431 retinete
1297 5379 1624 5447 traditiones,
1647 5398 1776 5450 quas
1822 5381 2108 5443 didicistis,
2138 5381 2242 5456 sive
2275 5395 2367 5442 per

782 5483 1117 5533 sermonem,
1175 5471 1284 5523 sive
1338 5487 1430 5538 per
1473 5472 1746 5538 epistolam
1801 5481 2035 5526 nostram
2088 5471 2129 5524 ".
2185 5469 2364 5540 Eque

786 5570 934 5610 tentzn
967 5557 1222 5628 utrinque
1259 5560 1341 5614 vis
1386 5570 1438 5615 et
1493 5562 1738 5632 probatio
1768 5563 1954 5618 conﬁt.
1991 5560 2178 5617 Nattae
2229 5576 2360 5630 ergo

877 5793 898 5818 ‘
926 5794 1064 5848 Psal.
1105 5797 1404 5860 Lutx,li.
1486 5795 1504 5826 ⁷
1547 5795 1586 5849 ll
1612 5795 1802 5854 Thess.
1835 5811 1892 5861 tt,
1927 5795 2005 5849 Η.

2462 4557 2816 4629 ρακρούεται’
2837 4557 2932 4610 καὶ
2974 4559 3075 4611 οὐκ
3107 4555 3224 4610 οἰδα
3253 4557 3479 4627 πότερον
3511 4557 3863 4627 παρανοίαςῆ
3897 4575 4038 4610 παν-

2457 4651 2682 4720 ουργίας
2713 4647 2876 4716 αὐτόν
2914 4667 2998 4712 τις
3032 4648 3319 4718 γράψαιτο.
3339 4649 3656 4701 Ἀκούσεται
3689 4650 3796 4718 γάρ
3819 4664 3833 4678 °
3861 4649 4035 4703 Πάλιν

2457 4740 2618 4803 αὐτὸς
2647 4739 2946 4809 παράδοσιν
2985 4741 3263 4807 εἰσάγειςς
3297 4737 3361 4791 Τί
3393 4738 3459 4808 δή
3500 4755 3669 4804 ποτε;
3711 4741 3784 4808 μὴ
3829 4744 4034 4807 προτε-

2461 4849 2553 4905 ρον
2584 4831 2684 4902 τὴν
2718 4831 2982 4885 ἀνέκαθεν
3014 4833 3109 4885 καί⁷
3163 4833 3222 4898 ἐξ
3271 4835 3444 4904 ἀρχῆς
3506 4833 3659 4901 παρά
3711 4830 3818 4884 τῶν
3871 4831 4038 4899 ἰερῶν

2461 4923 2777 4976 ἀποστόλων
2809 4925 2904 4975 καὶ
2932 4923 3041 4977 τῶν
3069 4923 3332 4993 ἀοιδίμων
3361 4923 3518 4994 ἡμῶν
3565 4923 3826 4993 Πατέρων
3856 4939 4040 4993 παρα-

2461 5013 2756 5084 δεδομένην
2778 5014 2871 5067 καί⁸
2898 5017 3312 5085 κεκρατηκυῖαν
3346 5014 3439 5068 ἐπὶ
3472 5016 3540 5081 τῇ
3563 5012 3733 5073 δντως
3768 5010 4038 5080 καθολικῇ

2463 5107 2559 5161 καὶ
2599 5105 2932 5176 ἀποστολικῇ
2998 5104 3322 5176 Ἐκκλησία,
3367 5105 3656 5175 συνήθειαν
3719 5101 4034 5173 παραδᾶχῃ.

2461 5199 2562 5267 ὅση
2588 5214 2646 5249 τε
2673 5199 2729 5250 δν
2753 5195 3048 5267 γράμμασι
3077 5196 3173 5250 καὶ
3194 5197 3295 5267 ὅση
3324 5198 3382 5250 ὲν
3410 5196 3595 5261 λόγοις
3624 5193 3995 5264 παραδέδοται
4022 5208 4038 5255 ς

2463 5288 2883 5359 Στήκετεηγάρ,
2929 5289 3092 5359 φησὶν
3118 5289 3146 5340 ὁ
3175 5285 3317 5350 θεῖος
3361 5287 3685 5349 Ἀπόστολός
3716 5301 3861 5337 τισιν
3905 5285 4037 5336 επι-

2470 5381 2722 5446 στέλλων,
2773 5381 2870 5434 καί
2912 5379 3178 5448 κρατεῖτε
3224 5379 3331 5447 τὰς
3376 5379 3744 5449 παραδόσεις
3794 5377 3868 5445 ἇς
3920 5375 4040 5431 ἐδι-

2469 5470 2745 5542 δάχθητε.
2764 5471 2884 5525 ειτε
2899 5471 2996 5525 διὰ
3009 5472 3218 5542 λόγου,
3239 5471 3294 5525 εἰ
3299 5487 3358 5525 τε
3373 5470 3447 5525 δι’
3462 5469 3794 5538 ἐπιστολῆς
3844 5465 4035 5538 ἡμῶν.

2470 5558 2698 5632 Ἐπίσης
2735 5561 2845 5631 γὰρ
2878 5563 2936 5616 ἐν
2953 5561 3202 5634 ἑκατέρῳ
3229 5561 3441 5618 τούτων
3472 5561 3629 5634 μέρει
3673 5561 3711 5634 ἢ
3755 5576 3814 5614 τε
3867 5560 4028 5632 ἰσχὺς
