4238 6446
738 427 844 489 9.27

1771 424 1834 484 S.
1878 423 2299 484 NICEPHORI
2340 420 2846 484 PATRIARCILE
2885 419 2994 478 (ΣΡ.

3909 418 4021 479 928

740 553 803 591 ει
833 537 1030 608 quibus
1076 536 1256 603 imago
1300 541 1538 596 constat,
1575 534 1640 587 ab
1689 534 1926 589 heminis
1977 546 2171 590 natura
2216 549 2318 587 non
2357 543 2388 594 Α

2439 533 2706 597 eum»;
2763 532 2909 602 ἔχειν
2937 532 3004 584 τά
3033 546 3091 582 τε
3121 528 3389 599 χρώματα
3426 529 3518 582 καὶ
3548 529 3645 600 τὴν
3679 529 3847 599 ἄλλην
3878 531 4019 602 ὓλην

743 629 1017 684 dill'crant.
1052 628 1571 696 Oporteretautem,
1609 627 1910 681 secundum
1959 627 2099 681 idem
2155 627 2325 680 ratio-

742 723 969 784 cinium,
995 731 1158 776 utres
1174 730 1404 789 utraque
1418 719 1664 774 eamdem
1689 720 1909 774 haberet
1933 719 2326 783 deﬁnitionem,

756 825 920 884 atque
947 815 1196 866 eamdem
1222 820 1540 880 sequeretur
1559 809 2108 864 consubstantialium
2144 811 2330 864 coudi-
2381 807 2388 813 ’

746 909 985 960 tionem:
1020 919 1213 974 nempe
1244 913 1298 956 ut
1321 903 1482 955 homo
1513 902 1736 954 relative
1769 903 1831 954 ad
1865 901 2028 954 alium
2056 902 2328 955 hominem

745 996 844 1048 sub
885 995 1130 1047 eamdem
1178 993 1324 1045 cadit
1362 993 1736 1046 deﬁnitionem
1765 1033 1778 1052 ,
1808 994 1878 1045 ita
1923 1002 1978 1046 et
2021 993 2213 1058 ﬁgura.
2266 991 2332 1044 Et

748 1085 1005 1150 quoniam
1045 1084 1205 1137 homo
1227 1083 1534 1136 estanimal
1564 1083 1851 1144 rationale,
1888 1083 2136 1144 mortale,
2182 1097 2332 1133 men-

751 1178 818 1228 tis
851 1185 904 1228 ct
931 1177 1172 1229 scicntia:
1209 1191 1378 1244 capax
1403 1220 1414 1240 ,
1452 1175 1739 1242 imaginem
1776 1175 1979 1242 pariter
2013 1189 2144 1241 opus
2197 1174 2332 1226 foret

753 1268 1021 1322 rationale
1054 1267 1255 1320 animal
1285 1283 1427 1328 esse,
1464 1267 1707 1324 mortale,
1740 1267 1937 1317 mentis
1981 1265 2334 1332 scicntichuc

749 1376 942 1426 eapu,
967 1359 1223 1427 nullaque
1248 1374 1302 1411 re
1323 1358 1599 1410 dim-reus.
1633 1357 1794 1423 Atqui
1818 1356 1930 1408 ﬁeri
1965 1374 2070 1410 non
2097 1371 2251 1424 posse
2279 1365 2334 1409 ut

750 1452 854 1502 ulla
884 1451 1187 1505 similitudo
1233 1459 1400 1504 lotam
1460 1449 1793 1502 adamussim
1843 1460 2098 1516 exa'qnet
2135 1449 2335 1502 verita-

751 1549 880 1598 tem,
910 1539 1025 1603 ipsa
1075 1538 1278 1591 veritas
1309 1537 1542 1589 allirmat
1581 1552 1702 1586 cum
1729 1538 2094 1588 summatibus
2124 1536 2335 1589 theolo-

751 1631 832 1694 gis
864 1630 998 1695 (l8).
1041 1630 1152 1683 lmo
1182 1630 1345 1681 etiam
1397 1643 1521 1680 vere
1554 1625 1752 1678 dicitur
1799 1625 1961 1678 hOmo
2014 1627 2126 1695 ipse
2174 1641 2202 1677 a
2254 1641 2339 1679 se-

764 1729 876 1773 nzct
905 1717 1150 1783 diﬂ'errc,
1182 1736 1243 1771 cx
1269 1719 1498 1771 diversis
1529 1718 1740 1770 naturis
1785 1726 2046 1769 constans
2070 1755 2084 1779 ,
2135 1718 2334 1780 anima,

754 1813 1000 1881 inquam,
1027 1823 1082 1865 et
1105 1826 1374 1878 corpore;
1411 1810 1623 1862 etiamsi
1655 1825 1821 1862 unum
1849 1810 1977 1876 quid
2011 1823 2076 1860 ev
2110 1811 2192 1862 bis
2239 1824 2334 1860 ex-

2430 624 2530 694 την
2557 623 2764 693 ἄψυχον
2795 620 2854 688 ἐξ
2884 615 2960 675 ὧν
2995 622 3028 691 ἡ
3063 619 3226 672 εἰκὼν
3272 617 3601 689 συνέστηκε,
3631 619 3770 690 πρὸς
3795 621 3895 689 τὴν
3924 621 4021 673 ἀν-

2431 713 2657 781 θρώπου
2693 714 2879 782 φύσιν.
2913 711 3115 782 Ἐχρῆν
3135 711 3216 775 δὲ,
3247 709 3390 764 κατὰ
3429 711 3520 764 τὸν
3548 703 3792 766 τοιοῦτον
3829 712 4018 779 λόγον,

2431 808 2528 860 καὶ
2551 808 2924 859 ἐπικοινωνεῖν
2950 803 3028 874 τῷ
3052 803 3268 875 ὁρισμῷ
3290 804 3712 874 ἀμφότερα,καὶ
3731 805 3822 857 τὸν
3849 805 4020 857 αὐτὸν

2433 897 2747 962 ἀποσώζειν
2762 899 2921 967 λόγον
2943 896 3054 950 τῶν
3071 899 3378 965 ὁμοουσίων
3401 913 3416 926 ·
3442 891 3555 949 οἷον
3572 895 3722 951 ὥσπε
3735 913 3764 966 ρ
3798 895 3986 967 ἄνθρω
3998 926 4021 937 -

2433 1007 2532 1053 πος
2591 993 2730 1060 πρὸς
2765 987 3055 1057 ἄνθρωπον
3114 987 3193 1058 τῷ
3227 985 3378 1056 αὐτῷ
3427 987 3539 1056 ὅρῳ
3589 988 4019 1045 ὐποπέπτωκεν,

2432 1083 2577 1136 οὕτω
2607 1083 2699 1134 καὶ
2731 1081 2792 1133 τὸ
2817 1081 3139 1150 ἁπείκασμα
3163 1095 3176 1108 ⁸
3205 1079 3297 1132 καὶ
3326 1081 3374 1130 εί
3399 1082 3425 1130 ὁ
3453 1080 3743 1149 ἄνθρωπος
3774 1080 3912 1144 ζῶον
3930 1079 4024 1132 λο-

2434 1177 2612 1245 γικὸν,
2647 1173 2862 1244 θνητὸν,
2888 1172 2981 1224 νού
3020 1172 3115 1225 καὶ
3149 1171 3464 1242 ἐπιστήμης
3489 1170 3765 1234 δεκτικὸν,
3801 1171 3895 1223 καὶ
3920 1185 4026 1241 την

2436 1269 2621 1320 εἰκόνα
2675 1267 2814 1331 ζῶον
2863 1266 3107 1333 λογικὸν,
3148 1263 3362 1332 θνητὸν,
3414 1263 3505 1315 νοῦ
3553 1264 3647 1315 καὶ
3706 1265 4024 1332 ἐπιστήμης

2434 1360 2684 1412 δεκτικὸν
2733 1358 2996 1418 ὡσαύτως
3055 1352 3217 1416 εἶναι,
3280 1356 3449 1425 μηδὲν
3500 1354 4019 1423 παραλλάττουσαν.

2449 1451 2588 1504 Ἀλλ’
2617 1452 2712 1518 οὐχ
2733 1446 2844 1502 οἷόν
2863 1465 2922 1500 τε
2945 1447 3050 1501 τῶν
3073 1448 3444 1516 είκαζομένων
3467 1446 3622 1499 οὐδὲν
3675 1447 3812 1517 πρδς
3840 1449 4024 1500 πᾶσαν

2437 1542 2767 1606 ἐξικνεῖσθαι
2817 1540 3076 1607 καθαρῶς
3120 1540 3220 1608 τὴν
3253 1539 3540 1608 ἀλήθειαν,
3587 1538 3618 1608 ἠ
3666 1538 3899 1609 ἀλήθεια
3933 1538 4024 1606 βε-

2440 1635 2603 1688 ϐαιοῐ.
2631 1636 2724 1685 καὶ
2744 1633 2852 1684 τῶν
2879 1633 3146 1700 θεολόγων
3173 1633 3222 1681 ol
3258 1630 3522 1698 ἔκκριτοι.
3561 1631 3668 1680 Καὶ
3697 1628 3725 1681 δ
3757 1629 3861 1697 μὲν
3888 1630 4022 1700 ἀληο

2441 1726 2537 1795 θὴς
2577 1725 2733 1792 λόγος
2766 1724 2856 1776 καὶ
2890 1724 2981 1775 τδν
3029 1723 3319 1792 ἄνθρωπον
3377 1721 3541 1773 αὐτὸν
3603 1719 3800 1772 ἐαυτοῦ
3835 1717 4028 1787 διαφέ-

2444 1831 2560 1884 ρειν
2589 1809 2750 1876 οἶδεν,
2775 1812 2833 1876 ἐξ
2861 1801 3173 1882 ἐτεροφυῶν
3200 1810 3534 1870 συνεστῶτα,
3561 1811 3740 1879 ψυχῆς
3758 1809 3904 1878 λέγω
3929 1811 4026 1862 καὶ

755 1907 902 1958 siSIit
926 1907 1088 1956 homo
1122 1921 1134 1956 :
1174 1912 1404 1971 utraque
1439 1903 1582 1954 enim
1620 1917 1704 1954 res
1730 1903 2008 1970 proptiam
2042 1900 2209 1954 habet
2252 1901 2339 1951 dc-
2369 1880 2388 1933 1

2443 1907 2719 1976 σώματος,
2749 1908 2797 1958 εἰ
2825 1907 2920 1958 καὶ
2949 1907 3008 1958 ’ἐν
3037 1923 3089 1957 τι
3122 1908 3184 1957 ἐκ
3229 1905 3436 1957 τούτων
3467 1906 3494 1957 ὁ
3541 1904 3830 1975 ἄνθρωπος
3851 1922 3864 1934 ο
3894 1905 4026 1956 ἐκά-

758 1999 1096 2059 liuitioncm;
1130 2011 1362 2062 namque
1401 1995 1502 2046 aiia
1533 2005 1612 2046 cst
1652 1995 1847 2045 anitum
1889 1993 2047 2056 ratio,
2083 1993 2184 2044 alia
2221 2007 2338 2043 cor-

758 2091 926 2155 poris,
951 2103 1072 2140 cum
1098 2085 1424 2139 diﬂ'erentiis
1456 2085 1700 2153 pluribus
1733 2093 1895 2152 atque
1935 2083 2335 2136 accidentibus.

761 2182 965 2234 Sumus
998 2181 1195 2247 quippe
1233 2193 1331 2230 nos
1359 2179 1667 2245 campesiti,
1706 2177 1813 2229 imo
1857 2186 1910 2228 et
1948 2177 2178 2244 oppositi
2230 2185 2340 2228 tum

761 2273 918 2326 nobis
947 2271 1078 2340 ipsis
1113 2281 1222 2322 tum
1258 2270 1377 2322 aliis
1416 2270 1650 2322 invicem
1688 2269 2019 2321 hominibus.
2066 2268 2341 2320 Mamenas

762 2377 939 2417 autent
971 2377 1038 2416 ne
1058 2362 1354 2415 simulacra
1387 2360 1606 2429 quidem
1639 2359 1706 2412 ab
1739 2360 1804 2412 iis
1851 2374 1908 2412 re
1942 2360 2071 2421 ulla,
2109 2374 2338 2427 quorum

761 2442 1214 2516 suntsiu:ul.-cra,
1250 2452 1470 2506 diﬂ'errc
1494 2455 1740 2521 putabat,
1777 2452 1867 2505 sed
1907 2453 2151 2504 canitiem
2181 2465 2342 2520 atque

762 2546 872 2620 24
898 2548 1009 2611 illa,
1042 2563 1159 2614 quae
1190 2555 1602 2615 reprzcseutant,
1636 2545 1870 2598 retinere
1905 2556 2150 2597 naturam
2179 2554 2342 2613 atque

765 2640 1146 2692 substantiam.
1180 2639 1432 2692 Attamen
1461 2637 1550 2705 qui
1585 2636 1700 2689 ﬁeri
1737 2644 1913 2705 potest
1941 2648 1998 2689 ut
2051 2636 2227 2705 imago
2258 2638 2338 2689 di-

765 2742 920 2782 catur
949 2729 1027 2782 vel
1058 2729 1434 2792 simulacrum,
1467 2729 1570 2781 nisi
1606 2728 1876 2781 diversam
1921 2728 2117 2781 habeat
2157 2744 2185 2780 a
2217 2743 2342 2797 pro-

767 2834 950 2893 tmypo
974 2837 1072 2876 suo
1105 2821 1392 2874 naturam?
1424 2821 1505 2874 Ab
1528 2821 1699 2884 omni,
1748 2821 1913 2888 igitur
1971 2821 2198 2874 veritate
2259 2834 2343 2874 se-

769 2914 1015 2983 juugitur
1054 2913 1141 2967 hic
1177 2912 1633 2981 sapientissimus,
1659 2920 1822 2978 atque
1862 2927 1890 2964 a
1924 2927 2103 2965 rerum
2140 2912 2341 2966 intelli-

769 3005 946 3073 gentia
986 3004 1306 3072 longissime
1350 3005 1522 3056 abest.
1579 3002 1655 3056 En
1689 3001 1832 3054 aliud
1871 3003 2090 3069 insuper
2128 3003 2272 3070 quod
2313 3017 2341 3054 a

770 3098 926 3152 nobis
957 3098 1084 3150 huic
1111 3097 1214 3150 dici
1248 3111 1458 3165 aequum
1508 3103 1591 3149 est
1617 3113 1630 3149 :
1664 3109 1858 3163 nempe
1887 3096 2084 3159 nescis,
2136 3109 2170 3147 ο
2197 3093 2343 3147 colu-

2439 2019 2600 2070 τερον
2628 1999 2738 2070 γὰρ
2766 2001 2855 2051 τὸν
2883 2001 3081 2051 οἰκεῖον
3114 1999 3239 2068 ὅρον
3272 1997 3611 2066 ἀποφέρεται
3638 2012 3650 2024 °
3687 1995 3847 2058 ἄλλος
3871 1996 4026 2065 γὰρὸ

2441 2092 2540 2160 τῆς
2568 2091 2745 2160 ψυχῆς
2773 2091 2950 2157 λόγο,
2984 2090 3080 2142 καὶ
3109 2092 3136 2142 ὁ
3168 2090 3260 2142 τοῦ
3307 2088 3560 2158 σώματος
3584 2088 3793 2157 ἕτερος,
3830 2087 4026 2156 διαφο-

2445 2185 2566 2252 ραῖς
2625 2183 2680 2235 δὲ
2732 2184 2825 2234 καὶ
2873 2181 3252 2250 συμϐεϐηκόσι
3309 2182 3523 2233 πλείοσι
3604 2179 3857 2232 Σύνθετοι
3913 2181 4026 2246 γὰρ

2442 2277 2625 2342 ἡμεῖς,
2659 2274 2792 2327 ἀλλὰ
2821 2276 2911 2326 καὶ
2937 2273 3205 2326 ἀντίθετοι
3252 2273 3342 2324 καὶ
3372 2273 3590 2332 ἑαυτοῖς
3617 2271 3708 2321 καὶ
3741 2270 4023 2338 αλλήλοις.

2455 2368 2512 2418 '0
2543 2365 2599 2417 δὲ
2633 2366 2753 2419 οὐδέ
2790 2367 2859 2418 τὰ
2893 2365 3282 2434 ἀπεικάσματα
3323 2364 3465 2417 κατά
3496 2381 3547 2416 τι
3613 2361 3743 2430 γοῦν
3789 2362 3896 2414 τῶν
3940 2355 4019 2414 ὦν

2442 2459 2579 2510 εἰσιν
2653 2457 3052 2526 ἀπεικάσματα
3129 2455 3542 2524 παραλλάσσειν
3602 2455 3831 2522 ἠγεῖτο,
3905 2452 4027 2505 ἀλλ’

2442 2545 2759 2616 ἀκραιφνῶς
2786 2545 3095 2608 ἀποσώζειν
3125 2547 3260 2616 πρὸς
3289 2545 3356 2597 τὰ
3384 2545 3798 2610 ἀπεικαζὸμενα
3812 2541 3874 2594 τὸ
3895 2545 4029 2612 ὁμοο

2444 2642 2577 2710 φυές
2617 2640 2712 2691 καὶ
2745 2637 3030 2708 ὀμοούσιον
3053 2655 3066 2668 ο
3104 2636 3214 2700 πῶς
3240 2638 3286 2690 δ’
3329 2637 3394 2690 ἂν
3418 2637 3497 2688 ἔτι
3539 2637 3706 2688 εἰκὼν
3742 2634 3838 2688 καὶ
3861 2636 4025 2688 ἀπεί-

2443 2747 2632 2802 γεισμα
2655 2731 2894 2801 λεχθείη,
2927 2732 2977 2782 εἰ
3010 2729 3084 2801 μὴ
3114 2731 3174 2781 τὸ
3226 2730 3484 2791 ἀπεοικὸς
3521 2729 3636 2798 ἔχει
3685 2726 3764 2797 τῷ
3797 2728 4028 2797 ἑτεροίῳ

2443 2827 2553 2879 τῶν
2580 2826 2831 2894 φύσεωνς
2877 2826 3252 2894 Ἀπέρῤηκται
3283 2819 3376 2876 οὖν
3407 2823 3587 2890 πάντη
3624 2820 3722 2888 τῆς
3762 2819 4028 2890 ἀληθείας

2443 2921 2472 2971 ὁ
2499 2910 2830 2986 σοῳώτατος,
2869 2917 2961 2968 καὶ
2998 2917 3187 2987 πὸρῤω
3234 2931 3338 2966 που
3391 2913 3492 2983 τῆς
3539 2913 3650 2965 τῶν
3683 2912 4033 2982 πραγμάτων

2445 3007 2802 3077 καταλήψεως
2827 3005 3252 3059 ἀποπέπτωκεν.
3288 3003 3474 3067 ’Δξιον
3500 3003 3559 3056 δὲ
3582 3005 3676 3057 καὶ
3705 3003 3864 3055 τοῦτο
3886 3003 4027 3072 πρὸς

2447 3102 2609 3156 αὐτὸν
2647 3103 2853 3153 εἰπεῖν’
2886 3100 2968 3152 ὅτι
2993 3099 3240 3168 Λέληθας
3277 3097 3503 3151 σεαυτὸν
3530 3096 3828 3164 κάνταῦθα,
3861 3090 3908 3149 ὦ
3939 3113 4033 3164 φι-

773 3205 894 3242 men
932 3189 1416 3258 philosOphorum,
1469 3199 1520 3241 te
1567 3188 1786 3240 tuismet
1833 3187 2171 3254 argumentis
2203 3185 2388 3283 ἰιϊιιι-⁴

2447 3194 2813 3264 λοσοφώτατε,
2864 3195 2978 3255 τοῖς
3012 3191 3238 3254 οἰκείοις
3283 3192 3633 3262 περιπίπτων
3663 3191 4036 3260 ἐπιχειρήμτι⁴

771 3281 859 3334 tiri
903 3300 917 3333 :
961 3281 1085 3348 quia
1119 3280 1288 3344 enim,
1321 3289 1378 3332 ut
1411 3288 1465 3331 tu
1490 3279 1607 3339 ais,
1645 3279 2167 3332 consubstantialem
2211 3279 2344 3331 ima-

772 3367 951 3434 ginem
981 3381 1102 3421 esse
1126 3377 1409 3436 prototypo
1439 3377 1682 3435 oportet,
1723 3367 2010 3436 imaginem
2041 3376 2219 3421 autem
2241 3371 2348 3422 ciro

773 3459 1161 3527 cumscriptam
1211 3473 1334 3513 esse
1359 3469 1414 3512 tu
1450 3472 1664 3528 quoque
1701 3459 1965 3513 concedes
1990 3463 2188 3528 (neque
2210 3461 2349 3529 quis-

774 3567 933 3619 quam
957 3553 1092 3605 adeo
1117 3552 1373 3616 insaniet,
1400 3563 1457 3605 ut
1483 3553 1584 3606 hoc
1613 3550 1816 3622 neget),
1853 3555 2098 3620 sequitur
2134 3561 2193 3606 ut
2225 3568 2348 3622 pre-

776 3654 1018 3714 totypum
1067 3659 1320 3712 quoque,
1359 3655 1543 3714 utpote
1585 3647 2080 3710 censubstan'tiale,
2113 3648 2349 3699 circum-

773 3737 1040 3806 scriptum
1069 3739 1160 3789 sit.
1189 3737 1322 3788 Nam
1345 3737 1831 3791 consubstantialia
1859 3736 2081 3790 diﬂ‘erre
2109 3738 2248 3792 inter
2270 3752 2348 3800 se,

775 3826 917 3895 quod
949 3828 1013 3881 ad
1049 3828 1410 3882 substantiam
1438 3830 1668 3893 attinet,
1703 3843 1926 3897 prorsus
1973 3839 2056 3882 est
2101 3830 2355 3897 impossi-

779 3918 883 3969 bile
927 3933 942 3970 :
976 3918 1415 3986 quandoquidem
1458 3926 1512 3972 tu
1556 3932 1774 3986 quoque
1800 3918 2267 3986 circumscriptum
2301 3926 2356 3972 et

778 4010 1306 4077 incircumscriptmn
1361 4009 1414 4063 in
1468 4009 1789 4063 substantia:
1854 4009 2065 4062 ratione
2106 4023 2356 4078 compreo

780 4102 995 4156 luendis.
1024 4099 1080 4155 Si
1113 4116 1246 4170 ergo
1299 4102 1440 4171 apud
1484 4110 1540 4156 te
1589 4102 1782 4168 dogma
1817 4101 2064 4163 steterit,
2103 4102 2354 4154 machina

779 4207 869 4248 tua
917 4194 1224 4264 disjicitnr,
1276 4201 1329 4247 et
1377 4202 1696 4263 argumenta
1739 4199 2058 4246 sternuntur
2108 4191 2356 4244 veritatis

779 4283 963 4344 lurida,
999 4285 1276 4351 armisque
1303 4282 1425 4336 aliis
1454 4282 1626 4336 valide
1657 4291 1984 4351 expugnata.
2035 4279 2246 4349 Reapse
2276 4293 2359 4335 ta-

780 4377 910 4428 lium
960 4378 1345 4444 magistrorum
1393 4375 1602 4430 similes
1659 4390 1784 4432 esse
1825 4378 2105 4445 opportuit
2139 4387 2358 4432 exortes

783 4483 928 4523 nunc
977 4468 1305 4538 discipulos!
1341 4465 1558 4522 ‘l'alium
1599 4477 1745 4533 sunt,
1796 4468 2039 4536 inquam,
2103 4483 2357 4522 arvorum

2451 3307 2534 3343 σιν
2557 3305 2571 3314 ³
2596 3287 2784 3357 ἐπειδὴ
2807 3285 2937 3355 γὰρ,
2964 3285 3105 3337 κατὰ
3135 3284 3227 3336 τὸν
3253 3285 3346 3336 σδν
3375 3283 3556 3350 λόγον,
3575 3283 3865 3352 ὁμοούσιον
3889 3277 4036 3334 εἶναι

2447 3380 2529 3431 δεῖ
2561 3379 2661 3447 τὴν
2691 3377 2878 3428 εἰκόνα
2912 3374 2990 3444 τῷ
3041 3372 3405 3445 πρωτοτύπῳ,
3435 3376 3468 3441 ὴ
3509 3374 3566 3425 δὲ
3601 3372 3766 3425 είκὼν
3807 3373 3891 3424 ὅτι
3935 3389 4037 3424 πε-

2452 3471 2728 3544 ριγραπτὴ
2763 3470 3072 3539 συμφήσεις
3103 3468 3321 3529 παντως
3349 3467 3443 3518 καὶ⁸
3496 3465 3680 3530 αὐτὸς,
3718 3466 3780 3517 οὐ
3827 3469 3940 3536 γὰρ
3971 3466 4037 3518 ἂν

2451 3565 2593 3616 οὕτω
2629 3562 2824 3632 μανείη
2845 3577 2925 3622 τις
2961 3559 3036 3628 μὴ
3065 3557 3187 3628 οὐχ)⁵
3217 3557 3392 3619 οὕτως
3436 3556 3582 3625 ἔχειν
3625 3557 3799 3610 ταῦτα
3841 3558 4034 3625 φάναι,

2453 3655 2606 3708 ἔσται
2634 3655 2728 3706 καὶ
2755 3654 2815 3704 τὸ
2846 3653 3203 3722 πρωτότυπον
3223 3649 3598 3720 περιγραπτὺν
3621 3647 3696 3710 ὠς
3721 3648 4034 3717 ὁμοούσιον.

2453 3726 2532 3797 Τὰ
2561 3745 2669 3812 γὰρ
2707 3741 2965 3811 ὁμοούσια
2996 3740 3276 3810 διαφέρειν
3307 3739 3579 3809 ἀλλήλων,
3606 3739 3732 3791 ὅσον
3773 3738 3914 3792 κατὰ
3945 3739 4039 3790 τὶν

2452 3837 2552 3904 τῆς
2581 3835 2773 3896 οὐσίας
2805 3833 2985 3901 λόγον,
3015 3831 3268 3901 οὐδαμῶς
3295 3825 3407 3884 οἷόν
3430 3831 3490 3883 τέ
3512 3833 3662 3884 ἐστιν
3692 3848 3705 3862 ·
3745 3831 3912 3898 ἡνίκα
3945 3830 4042 3881 καὶ

2455 3927 2618 3990 αὐτὸς
2649 3926 2709 3978 τὸ
2732 3924 3114 3996 περιγραπτδν
3144 3925 3239 3975 καὶ
3261 3923 3681 3994 ἀπερίγραπτον
3709 3923 3791 3985 είς
3816 3921 3911 3974 τὸν
3939 3923 4041 3990 τῆς

2454 4018 2643 4079 οὐσίας
2700 4015 3162 4087 παραλαμϐάνεις
3208 3999 3387 4082 λόγον.
3445 4013 3514 4066 Et
3542 4031 3626 4066 σοι
3664 4009 3759 4067 οὗν
3815 4014 3883 4066 τὰ
3944 4015 4040 4066 τοῦ

2455 4109 2726 4178 δόγματος
2776 4109 3057 4178 στήσεται,
3106 4104 3521 4175 κατέστραπταί
3549 4121 3643 4157 σου
3703 4105 3736 4173 ἡ
3796 4103 4039 4173 μηχανὴ,

2456 4199 2556 4251 καὶ
2588 4197 2945 4250 καταλέλυται
2985 4197 3056 4249 τὰ
3099 4197 3484 4265 ἐγχειρήματα
3533 4195 3601 4262 τῇ
3637 4192 3898 4264 σφενδόνη
3938 4193 4041 4259 τῆς

2458 4287 2720 4358 ἀληθείας
2755 4287 2996 4348 καὶτοῖς
3036 4283 3222 4346 ὅπλοις
3271 4281 3554 4352 κραταιῶς
3598 4279 4038 4350 ἐκπορθούμενα.

2463 4381 2670 4439 Ὄντως
2691 4377 2800 4431 ἔδει
2822 4375 3085 4429 τοιούτων
3103 4373 3444 4428 διδασκάλων
3491 4370 3768 4433 τοιούτους
3788 4361 3929 4423 εἶναι
3947 4371 4042 4422 καὶ

2461 4470 2586 4530 τοὺς
2621 4466 2716 4519 νῦν
2737 4463 3123 4534 ἀνακύψαντας
3142 4462 3430 4532 φοιτητὰς,
3462 4461 3557 4514 καὶ
3585 4458 3846 4512 τοιούτων
3885 4456 3947 4521 ἐξ
3968 4450 4044 4509 ὧν

785 4563 1029 4627 fructus,
1059 4574 1124 4613 ex
1171 4560 1331 4614 malis
1365 4560 1620 4629 pessimi,
1649 4574 1714 4611 ex
1749 4559 1997 4627 turpibus
2035 4559 2358 4627 turpissimi.

2463 4561 2629 4631 ὅμοια
2681 4558 2751 4612 τὰ
2793 4555 3065 4628 γεώργια,
3114 4552 3306 4630 κακῶν
3357 4553 3599 4607 κάκιστα
3651 4551 3748 4604 καὶ
3801 4549 4046 4620 αἰσχρῶν

853 4766 942 4820 17.
979 4765 1168 4819 Adhuc
1229 4764 1282 4817 in
1337 4763 1527 4816 eadem
1573 4771 1777 4820 mente.
1825 4759 1928 4824 vel,
1981 4767 2039 4813 ut
2065 4757 2250 4813 verius
2283 4757 2360 4811 di-

783 4881 926 4928 eam,
949 4864 1185 4918 amentia
1250 4874 1610 4932 perseverans
1645 4859 1816 4912 dicit:
1851 4875 1869 4907 ι
1909 4852 1984 4910 Ut
2029 4865 2200 4909 totum
2239 4867 2357 4908 ser-

787 4968 983 5022 vetur;
1015 4954 1216 5023 alioqui
1265 4967 1334 5007 ne
1364 4953 1541 5019 imago
1567 4949 1806 5018 quidem.
1850 4966 1868 4999 ι
1925 4945 1980 4999 Id
2027 4960 2242 5015 quoque
2291 4947 2358 4998 ab

787 5050 995 5105 insania
1027 5048 1144 5116 ejus
1179 5055 1265 5100 eat
1305 5054 1467 5112 atque
1495 5041 1832 5108 stupiditate.
1873 5037 2004 5089 Nam
2033 5034 2120 5103 qui
2170 5050 2356 5090 sanam

784 5151 838 5194 et
870 5141 1132 5208 integram
1159 5144 1395 5189 mentem
1427 5133 1647 5196 habent,
1682 5141 1731 5184 et
1763 5129 2016 5198 loquchi
2078 5127 2360 5181 rectitudi-

789 5246 912 5284 ncm
942 5229 1199 5292 retinent,
1236 5223 1568 5280 contrarium
1603 5224 1783 5290 potius
1811 5221 2011 5282 dicent,
2043 5218 2184 5285 quod
2210 5218 2251 5270 si
2281 5227 2363 5268 to-

788 5333 899 5371 tum
943 5331 1132 5384 nempe
1160 5320 1427 5374 servatur,
1460 5311 1601 5363 haud
1629 5308 1742 5376 jam
1775 5309 1950 5374 imago
1979 5313 2080 5368 est,
2108 5303 2206 5357 scd
2235 5304 2364 5356 illud

788 5410 960 5475 ipsum
988 5405 1130 5473 quod
1167 5402 1430 5470 ﬁguratur
1472 5415 1487 5452 :
1518 5410 1754 5463 namque
1793 5395 1908 5447 brec
1937 5394 2119 5462 specie
2160 5400 2365 5445 tantum

791 5513 898 5551 una
927 5497 1226 5560 eademque
1257 5507 1342 5543 res
1374 5490 1648 5547 videntur,
1693 5500 1798 5538 non
1828 5483 2076 5552 sbbjccto
2112 5499 2126 5535 :
2167 5481 2364 5534 Manto.

791 5605 894 5646 uas
922 5597 1102 5640 autem
1127 5585 1318 5647 credit,
1351 5581 1452 5635 nisi
1486 5582 1661 5648 imago
1695 5577 1931 5630 animata
1966 5576 2036 5629 sit
2065 5584 2120 5629 et
2151 5575 2370 5642 protirio

2465 4649 2722 4718 αἴσχιστα

2540 4743 2626 4805 ιζὲδ
2666 4740 2788 4792 Ἔτι
2819 4738 2916 4808 τῆς
2949 4736 3120 4807 αὐτῆς
3153 4735 3390 4799 ἐννοίας,
3444 4731 3479 4804 ἢ
3524 4732 3715 4795 ἀνοίας
3764 4732 3939 4784 είπεῖν
3961 4729 4043 4782 δι-

2467 4832 2651 4886 καιότε
2663 4847 2775 4900 ρον,
2800 4829 3059 4899 ἐχόμενος
3086 4841 3273 4897 φησιν·
3308 4844 3327 4876 ι
3360 4825 3479 4878 Ἵνα
3503 4823 3562 4877 τὸ
3589 4822 3709 4876 ὅλον
3736 4821 3908 4891 σωθῇ,
3927 4818 4049 4871 ἐπεὶ

2467 4923 2594 4977 οὐδέ
2621 4921 2804 4976 είκών.
2841 4941 2860 4972 ι
2898 4921 3010 4990 Τῆς
3044 4919 3256 4973 ἐκείνου
3284 4918 3456 4970 ταῦτα
3485 4914 3792 4985 παρανοίας
3820 4913 3912 4964 aut
3946 4910 4047 4978 τῆς

2467 5016 2797 5086 παχύτητος.
2829 5015 2894 5066 Ol.
2924 5014 3031 5082 γὰρ
3067 5013 3198 5079 ὑγιᾶ
3232 5010 3330 5081 τὴν
3360 5010 3532 5079 φρένα
3562 5006 3919 5076 κεκτημένοι,
3949 5006 4049 5060 καλ.

2470 5111 2659 5178 ἄρτιον
2694 5109 2788 5160 καὶ
2815 5107 2876 5159 τὸ
2903 5108 2960 5157 ἐν
2991 5105 3171 5171 λόγοις
3203 5103 3419 5173 καίριον
3445 5101 3829 5180 διασώζοντες,
3853 5101 3919 5152 ἐκ
3952 5097 4049 5150 τοῦ

2471 5202 2718 5256 ἐναντίου
2751 5200 2986 5269 φήσουσι
3015 5196 3239 5268 μᾶλλον,
3263 5196 3344 5248 ὃτι
3377 5196 3424 5247 εἰ
3455 5195 3515 5246 τὸ
3543 5195 3666 5246 ὅλον
3696 5191 4052 5250 διασώζεται,

2474 5295 2594 5347 οὐδέ
2619 5293 2805 5353 εἰκὼν,
2835 5292 2952 5345 ἀλλ’
2996 5290 3130 5344 αὐτὸ
3164 5289 3344 5341 ἐκεῖνό
3369 5290 3489 5340 ἐστι
3518 5287 3581 5338 τὸ
3620 5283 4050 5352 εἱκονιζόμενον,

2475 5385 2557 5450 οἷς
2583 5386 2644 5438 τὸ
2679 5385 2876 5438 ταύτὸν
2914 5383 3048 5436 εἴδει
3082 5382 3264 5452 μόνον,
3322 5381 3438 5433 ἀλλ’
3495 5379 3555 5432 οὐ
3590 5377 3669 5447 τῷ
3706 5375 4055 5444 ὑποκειμένῳ

2477 5479 2831 5550 ἐμφαίνεται.
2875 5475 2965 5544 Τῷ
2987 5477 3042 5528 δὲ
3079 5475 3413 5544 ὑπείληπται
3441 5473 3517 5535 ώς
3552 5474 3601 5524 εἰ
3641 5471 3715 5540 μὴ
3744 5469 3841 5522 καὶ⁸
3879 5468 4056 5537 €922.0-

2477 5589 2570 5642 χον
2615 5572 2700 5641 εἴη
2754 5572 2848 5623 καὶ
2903 5569 3280 5636 αὐτοκίνητον,
3322 5567 3418 5620 καί
3447 5567 3548 5618 ὅσα
3598 5563 3692 5614 τοῦ
3744 5557 4057 5630 ἀρχετύπου

863 5796 974 5866 (18)
1012 5791 1278 5866 lntelligit
1301 5788 1637 5856 Nit'cltllm‘tts
1670 5785 2079 5866 _Nazianzenum
2143 5786 2285 5842 orat,
2319 5775 2388 5828 9.3

2443 5774 2561 5829 1|:
2641 5773 2894 5845 Μηδεμία
2943 5771 3108 5826 εἰκὼν
3169 5771 3362 5840 φθάνει
3421 5770 3558 5843 πρὸς
3609 5768 3708 5834 τὴν
3766 5763 4054 5836 ἀλήθειαν,

793 5861 1142 5933 ιιιιίιαίιηιιςο
1173 5863 1443 5916 veritatem
1473 5861 1790 5928 assequitur.
