4238 6446
207 409 313 474 237

216 522 339 583 τοὺς
390 517 806 588 περιϐάλλοντες
842 531 855 544 ⁶

212 614 280 683 τῇ
343 611 580 681 δοκούσῃ
629 611 685 662 ὲν
742 609 924 670 αὐτοῖς
986 606 1309 676 πιθανότητι
1366 605 1792 674 ὑποσυρὸμενοι,

216 702 666 770 συγκατάθοιντο.
746 701 956 760 Ὄντως
1025 697 1271 767 θολεράν-
1316 695 1634 767 ἀνατροπὴν
1705 695 1797 747 τὸν

214 796 444 865 πλησίον
493 793 792 857 ποτίζουσι,
826 791 895 843 τὰ
936 791 1044 842 ἀπδ
1076 788 1303 858 καρδίας
1355 787 1668 851 λαλοῦντες,
1703 788 1798 839 καὶ

216 889 314 940 οὑκ
368 885 478 939 ἀπὸ
516 883 783 952 στόματος
846 881 1051 951 Κυρίου
1086 879 1477 949 φθεγγόμενοι.
1532 877 1796 932 Ἀλώσον-

213 997 308 1031 ται
361 978 417 1030 δὲ
467 975 748 1028 κάνταῦθα
796 976 909 1036 τοῖς
961 973 1172 1025 ἑαυτῶν
1220 971 1479 1035 δικτύοις,
1532 973 1598 1024 ὲκ
1644 988 1799 1041 περι-

213 1067 427 1138 τροπῆς
484 1067 608 1127 τοὺς
672 1064 931 1133 ἐλέγχους
1009 1061 1420 1131 ὑποδεχόμενοι.
1486 1061 1797 1132 Ὑπεράγα-

217 1161 342 1214 σθαι
370 1159 427 1211 δὲ
460 1158 639 1211 αὑτῶν
679 1158 830 1223 ἀξιον
858 1157 956 1227 τῆς
989 1157 1350 1218 ἀπαιδευσίας
1382 1157 1476 1208 καὶ
1519 1155 1702 1218 ἀνοίας
1731 1156 1800 1208 τὸ

214 1253 442 1323 ἀδρανὲς
505 1252 598 1303 καὶ
665 1249 1128 1323 κατεῤῥιμμένον,
1220 1249 1354 1311 οἵοις
1416 1248 1493 1310 ὠς
1557 1249 1802 1319 ἰσχυροῖς

216 1346 313 1396 καὶ
372 1343 685 1396 εὑσθενέσιν
746 1341 1221 1413 ὲπιθρασὺνονται.
1294 1341 1687 1412 Ἐπιτηρητέον
1746 1340 1804 1392 δὲ

217 1437 402 1493 αὐτῶν
441 1437 707 1509 πρότερον
740 1436 799 1490 τὸ
844 1435 1125 1501 ἀσύνετον,
1173 1438 1320 1498 ὅπως
1357 1436 1803 1508 παραωγχέουσι

215 1528 317 1588 τὰς
367 1528 572 1595 φωνὰς,
633 1527 725 1580 τοῦ
757 1527 1006 1598 γραπτοῦ
1042 1527 1184 1594 λέγω
1241 1528 1335 1579 καὶ
1379 1527 1758 1598 περιγραπτοῦ
1787 1545 1800 1558 ο

216 1622 357 1690 ὅπερ
390 1622 499 1693 γὰρ
528 1622 585 1672 ὲν
627 1623 740 1684 τοῖς
771 1620 967 1673 ἀνόπιν
997 1619 1328 1688 γράφεσθαι
1351 1622 1380 1674 ὁ
1409 1622 1621 1691 ἄμαχος
1649 1615 1804 1686 οὗτος

218 1712 317 1764 καὶ
331 1712 504 1774 δεινὸς
527 1712 873 1783 λογογράφος
912 1713 1155 1782 εἴρηκεν.
1181 1713 1416 1767 ἐνταῦθα
1456 1714 1806 1783 περιγράφε-

215 1809 362 1858 σθαι
419 1803 589 1876 ἔφησε
621 1820 634 1833 °
680 1804 953 1875 μηδεμίαν
981 1806 1038 1855 ἐν
1091 1805 1278 1868 αὑτοῖς
1311 1807 1447 1876 μήτε
1485 1806 1639 1870 είδὼς
1667 1809 1806 1878 μήτε

947 406 1578 467 ANTIRRIIETICUS
1618 406 1644 465 Ι
1684 407 1853 465 Αῡν.
1897 405 2489 462 (ZONSTANTINUM
2534 404 2746 463 COPB.

902 518 974 578 ὡς
1015 516 1079 584 δὴ
1119 514 1237 576 καὶ,
1289 517 1337 566 εί
1377 515 1451 585 μὴ
1497 513 1791 583 βούλοιντο,

1900 511 2130 565 vinculis
2181 511 2461 579 implicant
2499 513 2873 567 insolubilibus
2898 555 2912 576 ,
2952 516 3024 568 ita
3076 527 3134 570 ιιι
3162 519 3244 572 vel
3284 520 3476 576 uolen-

3368 407 3476 473 938

1901 612 2001 667 tes,
2034 603 2382 670 persuasione
2410 612 2465 656 ut
2497 602 2716 672 ipsimct
2780 613 2974 672 putant
3015 607 3479 676 abrepti..assene

1899 694 2124 747 tiautur.
2171 692 2240 745 At
2307 695 2454 750 enim
2519 708 2646 746 vere
2727 694 2997 747 turbidam
3069 698 3476 758 subversioneut

1900 787 2148 853 proximo
2180 800 2278 840 suo
2313 785 2609 854 propinant
2642 787 2706 848 '°,
2739 786 2863 839 dum
2890 803 2955 841 cx
2997 789 3179 844 cordis
3204 791 3288 844 sui
3315 808 3494 854 sensu

1902 877 2192 944 blateranl,
2231 893 2338 932 non
2379 886 2561 930 autem
2595 892 2657 930 ex
2689 892 2787 930 ore
2825 879 3041 936 Domini
3076 881 3376 952 loquuntur
3413 885 3477 947 “,

1903 966 2008 1022 Sed
2035 985 2179 1024 nunc
2215 970 2379 1023 etiam
2431 969 2632 1022 retibus
2667 970 2786 1023 suis
2823 973 3139 1040 capientur,
3173 988 3242 1029 ex
3273 985 3493 1032 retorto

1904 1070 2223 1127 argumento
2248 1058 2630 1113 refutationem
2655 1062 3019 1129 experientes.
3071 1064 3255 1122 Mirari
3293 1077 3480 1121 autem

1903 1164 2001 1216 par
2031 1159 2111 1202 est
2152 1148 2409 1201 rudilalis
2437 1149 2649 1202 illorum
2687 1164 2750 1203 ac
2776 1150 3022 1210 stultitiae
3048 1152 3482 1212 imbecillitatem

1904 1249 1955 1292 et
1983 1237 2362 1306 abjectiouem,
2407 1244 2496 1309 qtti
2550 1244 2634 1297 his
2663 1244 2996 1298 dictionibus
3049 1249 3481 1315 tanquam-vali-

1905 1332 1986 1386 dis
2022 1347 2084 1386 ac
2122 1332 2258 1386 bene
2289 1332 2458 1388 firmis
2480 1349 2540 1389 se
2569 1335 2800 1403 jactant.
2828 1337 3005 1405 Atque
3072 1339 3124 1393 in
3163 1341 3357 1409 primis
3389 1344 3485 1398 ob-

1904 1424 2173 1479 servanda
2200 1432 2284 1478 est
2309 1425 2624 1478 eorumdem
2665 1426 2978 1493 stupiditas,
3019 1430 3294 1496 quomodo
3323 1445 3487 1486 voca»

1905 1514 2030 1570 bula
2076 1515 2435 1579 confundant,
2470 1516 2861 1584 indescriplum
2902 1517 3024 1572 dico
3050 1529 3102 1573 et
3133 1522 3484 1577 circumscri-

1908 1617 2081 1676 ptum.
2119 1606 2410 1674 Namquod
2445 1618 2592 1662 retro
2633 1609 2869 1663 invictus
2901 1610 2989 1664 hic
3021 1619 3075 1664 et
3125 1610 3244 1666 foru
3269 1613 3486 1674 idabilis

1909 1707 2098 1752 auctor
2121 1696 2344 1751 describi
2374 1697 2572 1762 aiebat,
2613 1713 2756 1751 nunc
2785 1698 2916 1751 dicit
2941 1700 3331 1762 circumscribi.
3363 1702 3486 1757 uttlo

1912 1790 2014 1844 lam
2039 1792 2231 1845 horum
2254 1790 2542 1844 verborum
2563 1805 2738 1853 necne
2753 1805 3052 1859 agnoscens
3071 1809 3244 1862 neque
3270 1795 3489 1857 tradens

214 1889 396 1958 διδὸὺς
454 1869 922 1967 διαψοράτνξκαθὰ
954 1899 1050 1950 καὶ
1099 1869 1336 1967 πρόσθεν
1388 1899 1628 1970 εἴρηται.
1667 1869 1803 1952 Ἰξαὶ

1910 1882 2298 1945 differentiam,
2319 1885 2460 1936 sicut
2478 1882 2588 1950 jam
2619 1893 2778 1937 antea
2805 1884 3010 1937 dictuut
3029 1893 3134 1938 est.
3157 1885 3264 1939 Nec
3288 1888 3485 1943 mirum

217 1979 534 2050 θαυμαστόν
587 1998 660 2049 γε-
682 1981 857 2045 οὐδὲν,
891 1984 939 2033 εί
993 1984 1276 2038 καὶτοῦτο
1302 1986 1484 2049 αὑτοῖς
1537 1987 1802 2057 ἠγνόηται

217 2075 315 2126 καὶ
357 2074 810 2144 διαμαρτάνεται.
865 2075 991 2136 Τοῖς
1023 2071 1116 2127 οὖν
1173 2075 1352 2145 σοφῶς
1384 2078 1523 2144 ἄγαν
1563 2079 1660 2131 καὶ
1709 2079 1802 2132 εὑο

215 2165 426 2234 τέχνως
471 2166 810 2235 εἰρημένοις,
873 2164 1050 2229 οὔτως
1135 2168 1298 2236 ἡμεῖς
1349 2167 1795 2238 ἀπαντησόμεθα.

231 2257 396 2308 Ἀ).λά
432 2247 576 2327 περί
599 2257 698 2326 μὲν
743 2258 804 2311 τὸ
837 2258 1132 2328 πρόσωπον
1183 2259 1278 2311 καὶ
1325 2258 1424 2330 τὴν
1476 2261 1798 2324 ὑπόστασιν,

217 2349 288 2419 ἣν
315 2351 408 2401 καὶ
434 2350 590 2401 αὑτοὶ
617 2351 901 2419 ὁμολογεῖν
930 2351 1198 2417 δοκοῦσιν,
1225 2353 1300 2416 ὡς
1335 2349 1449 2406 οἷον
1480 2353 1804 2425 ὑποδάθραν

219 2443 442 2513 θέμενοι
471 2443 567 2496 τοῦ
602 2443 872 2514 δόγματος
919 2444 1014 2498 τοῦ
1051 2446 1283 2512 ἑαυτῶν,
1341 2449 1436 2501 καὶ
1491 2448 1680 2520 ὥσπερ
1714 2449 1802 2501 ἐπ’

219 2536 507 2605 ἀκλονήτῳ
535 2537 836 2607 ὲδράσματι
859 2539 1364 2610 ἐπιστηριζόμενοι,
1397 2541 1481 2609 ἐφ’
1575 2541 1636 2593 τὸ
1671 2540 1806 2613 θαρ-

223 2631 414 2683 σαλέον
445 2630 681 2698 ἔχοντες,
704 2630 796 2683 ἐπὶ
820 2630 883 2682 τὸ
907 2631 1262 2701 δογματίζειν
1299 2631 1379 2694 ὡς
1410 2631 1802 2702 προθυμότατα

224 2723 418 2788 ἵενται,
453 2722 734 2792 σύμφωνοι
765 2724 1266 2794 καὶδμογνώμονες
1313 2722 1446 2795 ἡμῖν
1491 2726 1622 2780 είσι.
1668 2725 1802 2795 Περὶ

221 2810 281 2864 δὲ
310 2811 418 2864 τῶν
453 2811 671 2878 φύσεων
701 2812 842 2864 εστω
871 2815 902 2882 ἡ
936 2813 1422 2884 διαμφισόήτησις,
1453 2808 1518 2876 ἃς
1569 2815 1632 2886 δὴ
1662 2816 1804 2887 λόγῳ

227 2904 328 2973 μὲν
357 2903 619 2963 τίθενται,
663 2903 950 2975 ἀναιροῦσι
1001 2906 1058 2956 δὲ
1106 2908 1226 2966 ταῖς
1271 2906 1552 2975 ἀληθείαις
1606 2908 1794 2975 σαφῶς

224 2995 322 3047 καὶ
358 2996 470 3056 τοῖς
498 2995 811 3065 πράγμασι.
845 2996 926 3048 Τὰ
953 2996 1059 3065 γὰρ
1096 2998 1366 3067 προσόντα
1407 3000 1598 3062 αὑταῖς
1636 3019 1803 3067 φυσιο

225 3083 302 3134 κά
334 3083 618 3152 ἰδιώματα,
653 3084 747 3136 καὶ
804 3083 901 3147 τὰς
935 3085 1196 3152 διαφορὰς
1230 3084 1350 3136 καθ’
1399 3085 1464 3147 ἂς
1494 3081 1657 3139 αὗται
1705 3104 1804 3156 χαί

229 3175 651 3246 ρακτηρίζονται
677 3178 770 3230 καὶ
793 3177 1175 3246 γνωρίζονται,
1205 3179 1364 3249 εἰπερ
1390 3180 1486 3248 τῆς
1511 3179 1801 3248 ἀνθρώπου

229 3268 436 3336 σαρκὸς
453 3267 547 3320 καὶ
579 3267 793 3335 φύσεως
812 3267 871 3320 τὸ
902 3284 967 3320 πε
978 3269 1279 3339 ριγραπτὸν
1301 3271 1409 3322 τῶν
1431 3271 1520 3324 ἄλ)
1531 3289 1607 3323 ων
1633 3272 1808 3324 ἁπάν·

227 3375 337 3409 των
365 3359 694 3428 οίκειότερον
729 3361 926 3430 ίδίωμα
951 3362 1336 3432 ἀφαιροῦντες,
1384 3364 1480 3416 καὶ
1510 3364 1680 3428 αὑτὰς
1705 3365 1807 3434 ἢδη

229 3466 349 3510 πως
378 3451 918 3519 συνεξαφινίζουσιν.

304 3535 404 3594 Ὧν
456 3545 1010 3615 παρακεκινημένων,
1045 3548 1270 3600 σκοπεῖν
1303 3547 1480 3614 ἔξεστι
1524 3547 1729 3613 λοιπὸν,
1759 3552 1806 3603 εί

229 3633 327 3685 καὶ
361 3633 393 3700 ὴ
424 3633 724 3696 ὑπόστασις
777 3635 916 3706 αὑτὴ
948 3636 1118 3706 ὑγιῶς
1165 3639 1431 3708 νοουμένη
1476 3642 1802 3711 προεισενή-

153 3759 158 3763 ρ
229 3741 443 3778 νεκται.
480 3726 667 3795 Φαμὲν
693 3727 897 3794 τοίνυν,
921 3730 1005 3781 ὃτι
1055 3731 1101 3782 εί
1142 3731 1241 3799 μὲν
1276 3731 1481 3784 ἁπλοῦν
1530 3749 1583 3784 τι
1616 3734 1807 3802 χρῆμα

227 3811 423 3887 ἦνκαὶ
473 3816 836 3889 ἀσύνθετονή
883 3819 1026 3874 κατὰ
1075 3822 1312 3892 Χριστὸν
1368 3823 1683 3889 ὑπόστασις,
1735 3824 1810 3888 ῶς

231 3905 586 3958 παντάπασιν
615 3908 966 3979 ἀηρνῆσθαι
989 3909 1086 3982 τὴν
1129 3911 1401 3977 σύνθεσιν,
1425 3914 1553 3983 ἐξῆν
1574 3915 1640 3968 ἄν
1681 3916 1810 3985 ὑμῖν

230 3999 295 4052 τὸ
319 4000 742 4070 ἀπερίγραπτον
778 4002 1134 4072 ἐπιφημίζειν
1189 4004 1339 4073 αὑτῷ
1373 4021 1387 4035 °
1422 4005 1645 4077 τοιαύτη
1701 4007 1810 4077 γὰρ

229 4091 343 4144 τῶν
374 4091 562 4144 ἁπλῶν
589 4095 622 4163 ἡ
650 4092 810 4162 φύσις
831 4110 844 4123 ο
880 4094 1256 4166 συνῃνέσαμεν
1287 4096 1330 4148 δ’
1366 4096 1435 4149 ἂν
1475 4097 1569 4149 καὶ
1621 4101 1806 4169 ἡμεῖς,

231 4184 329 4235 καὶ
362 4183 592 4254 φροῦδον
625 4183 902 4236 ἐδείκνυτο
927 4184 987 4236 τὸ
1014 4186 1380 4256 ἀμφήριστον.
1416 4187 1478 4239 Εἰ
1508 4187 1564 4240 δὲ
1587 4187 1809 4241 διπλοῦν

232 4274 329 4324 καὶ
391 4272 644 4328 σύνθετόν
703 4275 868 4334 ἐστιν,
906 4273 966 4338 ἐξ
999 4275 1309 4344 ὲτεροφυῶν
1358 4277 1456 4347 τὴν
1505 4280 1809 4349 συνδρομὴν

231 4367 594 4434 κεκτημένον,
625 4365 698 4429 ὡς
735 4366 827 4419 καὶ
863 4366 1013 4437 αὑτῷ
1037 4368 1271 4437 εἴρηται,
1295 4369 1348 4422 τί
1386 4371 1622 4441 ἐροῦμεν
1673 4373 1809 4442 πρὸς

229 4457 362 4518 τοὺς
396 4456 925 4524 ἀντιδιατιθεμένους
953 4461 1018 4530 τῇ
1074 4458 1341 4530 ἀληθείᾳ;
1392 4462 1515 4514 Ἔτι
1569 4463 1618 4514 εί
1668 4463 1810 4516 κατὰ

1913 1975 2058 2044 ipsos
2092 1975 2144 2028 in
2179 1976 2280 2029 hoc
2307 1989 2522 2044 quoque
2590 1976 2760 2027 videri
2788 1974 3010 2043 ignaros
3038 1988 3204 2046 atque
3233 1991 3486 2044 peccare.

1909 2066 2027 2121 Jam
2047 2081 2176 2119 vero
2217 2067 2298 2120 his
2321 2068 2459 2120 adeo
2491 2065 2772 2134 sapienter
2800 2066 3187 2136 ingenioseque
3215 2070 3487 2134 dictisﬂta

1911 2177 2009 2214 nos
2043 2174 2413 2214 occurremus.
2443 2159 2620 2227 Atque
2643 2159 2708 2212 ad
2745 2176 3034 2229 personam
3088 2162 3308 2231 quidem
3343 2163 3488 2233 quod

1913 2253 2110 2306 attinet
2139 2263 2194 2306 ct
2231 2252 2765 2322 hypostasim,quam
2798 2253 2902 2323 ipsi
2934 2255 3176 2308 confiteri
3213 2255 3488 2329 videntur,

1913 2345 2038 2414 quia
2078 2344 2244 2399 veluti
2271 2344 2444 2397 basim
2481 2344 2622 2398 hanc
2648 2353 2852 2413 ponunt
2882 2346 3151 2412 dogmatis
3173 2345 3280 2411 sui,
3309 2360 3488 2417 eoque

1913 2438 2140 2491 immoto
2192 2437 2338 2491 velut
2369 2436 3086 2506 fundamentoinnituntur,
3133 2440 3277 2492 unde
3322 2444 3493 2496 auda-

1913 2532 2050 2584 (iam
2099 2541 2397 2595 sumentes,
2428 2531 2492 2582 ad
2541 2531 3020 2598 dogmatizandum
3082 2532 3492 2600 promptissime

1911 2631 2230 2684 excurrunt.
2282 2623 2504 2676 consoni
2571 2623 2730 2678 nobis
2785 2624 3195 2694 concordesque
3247 2633 3393 2680 sunt.
3431 2625 3488 2680 In

1913 2713 2123 2767 naturis
2184 2715 2363 2782 itaque
2419 2713 2655 2766 vertitur
2713 2716 3109 2778 controversia,
3167 2730 3304 2784 quas
3385 2715 3488 2785 ipsi

1914 2805 2080 2858 verbo
2105 2805 2322 2872 quidem
2389 2803 2684 2869 afﬁrmant,
2717 2819 2906 2861 revera
2969 2815 3151 2859 autem
3205 2805 3491 2862 manifeste

1912 2896 2184 2964 factisque
2215 2896 2347 2964 ipsis
2377 2897 2444 2950 de
2468 2897 2648 2950 medio
2705 2897 2921 2951 tollunt.
2965 2896 3182 2952 Etenim
3220 2898 3346 2952 dum
3382 2899 3492 2953 ha:-

1913 2999 2096 3042 reutes
2131 2988 2238 3042 illis
2270 2987 2549 3041 naturales
2609 2987 2982 3058 proprietates
3039 2986 3490 3056 difl'crentiasque

1913 3083 2111 3149 quibus
2133 3081 2547 3150 distinguuntur
2586 3089 2753 3150 atque
2801 3089 3192 3151 agnoscuntur,
3223 3082 3376 3148 dum,
3407 3082 3518 3138 inv-

1913 3191 2110 3244 quam,
2173 3175 2422 3228 hum:th
2476 3175 2626 3227 carni
2677 3186 2843 3244 atque
2883 3184 3092 3227 natura:
3147 3175 3494 3230 circumscri-

1913 3273 2174 3338 ptionem,
2228 3268 2620 3336 proprietatem
2656 3282 2767 3335 prae
2809 3269 3023 3323 caeteris
3059 3268 3330 3336 intimam,
3381 3269 3493 3324 eri.

1911 3363 2085 3430 piunt,
2118 3370 2338 3415 naturas
2374 3373 2588 3429 quoque
2619 3358 2822 3428 pariter
2851 3361 3233 3428 exstinguuut.

1979 3535 2098 3590 lam
2126 3551 2254 3591 vero
2283 3537 2370 3590 his
2402 3535 2623 3597 amotis,
2649 3535 2939 3590 videndum
2969 3547 3241 3604 superest,
3279 3554 3406 3591 num
3434 3549 3492 3598 et

1913 3630 2026 3699 ipsa
2061 3629 2369 3699 bypostasis
2423 3642 2558 3682 sauo
2608 3641 2773 3682 sensu
2818 3627 3090 3699 intellecta
3121 3629 3188 3682 ab
3218 3630 3300 3683 bis
3364 3644 3493 3699 pro.

1911 3721 2160 3775 ducatur.
2192 3719 2434 3774 Dicimus
2472 3732 2622 3788 ergo.
2659 3719 2801 3787 quod
2829 3719 2872 3770 si
2907 3733 2993 3773 res
3036 3719 3269 3787 simplex
3308 3731 3363 3774 et
3411 3722 3493 3778 inp

1913 3813 2210 3883 composita
2241 3821 2387 3867 esset
2412 3810 2614 3866 Christi
2666 3811 3000 3882 hypostasis.
3051 3811 3124 3866 ita
3160 3823 3218 3867 ιιι
3269 3828 3493 3881 compa.-

1913 3907 2040 3959 sitio
2065 3920 2286 3978 prorsus
2313 3912 2623 3974 negaretur,
2668 3903 2859 3958 liceret
2889 3905 3043 3960 vobis
3086 3905 3492 3962 incircumscri-

1912 3999 2144 4067 ptiouem
2183 3997 2246 4050 de
2292 3997 2510 4051 Christo
2553 3995 2851 4064 praedicare
2905 4014 2919 4050 :
2976 3997 3284 4064 huiusmodi
3339 3999 3486 4054 enim

1911 4105 2032 4145 esse
2061 4090 2392 4159 simplicium
2422 4099 2693 4154 naturam,
2729 4103 2829 4144 nos
2858 4104 3078 4159 quoque
3137 4093 3485 4159 assentimun,

1910 4197 2156 4250 vanaque
2182 4189 2261 4234 est
2291 4183 2358 4234 de
2387 4181 2486 4235 hac
2505 4195 2562 4235 re
2585 4180 2876 4236 dubitatio.
2903 4179 2999 4235 Sin
3025 4197 3153 4237 vero
3179 4197 3266 4238 res
3292 4183 3485 4252 duplex

1911 4284 1958 4328 et
1980 4274 2275 4342 composita
2306 4272 2558 4327 Christus
2589 4282 2669 4327 est
2703 4271 2836 4344 (ἥ),
2868 4289 2932 4328 ex
2960 4274 3331 4344 heterogeneis
3354 4290 3484 4329 eon-

1911 4378 2155 4428 currens,
2189 4372 2246 4416 ut
2264 4362 2537 4416 Mamanas
2558 4378 2772 4433 quoque
2798 4362 3052 4429 afﬁrmat,
3075 4366 3202 4432 quid
3237 4367 3485 4422 dicemus

1913 4457 1996 4510 his
2020 4456 2111 4526 qui
2143 4455 2351 4509 veritati
2381 4453 2772 4509 adversantur?
2801 4455 3066 4510 Praeterea
3092 4457 3159 4521 si,
3179 4456 3332 4534 juxta
3361 4472 3485 4514 ser-

229 4551 324 4601 τῦν
359 4550 626 4619 ὑμέτερον
654 4550 830 4619 λόγον,
862 4551 961 4620 τῆς
1000 4551 1195 4623 ἐτέρας
1233 4552 1343 4605 τῶν
1379 4554 1521 4606 κατὰ
1574 4557 1806 4624 Χριστὸν

1917 4562 2127 4601 mortem
2156 4557 2416 4610 vestrum,
2436 4562 2592 4599 unam
2617 4562 2682 4600 cx
2720 4548 2921 4602 Christi
2950 4548 3160 4604 naturis
3190 4549 3485 4604 incircum-

229 4639 450 4705 φύσεων
503 4640 920 4710 ἀπεριγράπτου
988 4640 1448 4714 ὁμολογουμένης,
1502 4645 1598 4711 τῆς
1630 4645 1803 4710 θείας,

230 4727 405 4798 φημί·
434 4730 648 4800 ἀνάγκη
680 4732 767 4783 διὰ
796 4731 857 4784 τὸ
882 4731 940 4786 ἒν
972 4733 1263 4802 πρόσωπον
1301 4737 1394 4786 καὶ
1443 4734 1540 4805 τὴν
1566 4738 1645 4797 είς
1679 4738 1808 4806 μίαν

230 4823 537 4874 ὑπόστασιν
561 4823 670 4873 τῶν
701 4823 918 4890 φύσεων
956 4822 1172 4887 ἕνωσιν,
1205 4826 1300 4875 καὶ
1327 4824 1424 4892 τὴν
1461 4824 1656 4896 ἑτέραν
1678 4825 1806 4878 τού-

227 4931 363 4971 των.
389 4913 555 4981 ἤγουν
575 4913 674 4980 τὴν
707 4913 829 4965 καθ’
858 4914 1028 4981 ἡμᾶς,
1083 4910 1222 4966 εἶναι
1247 4915 1672 4986 ἀπερίγραπτον
1697 4935 1708 4947 ’
1744 4919 1805 4971 οὑ

227 5005 342 5074 γὰρ
379 5003 520 5056 οὕτω
571 5005 853 5075 μανείητε,
878 5005 943 5058 δι’
978 5005 1179 5076 ἑαυτὴν
1223 5006 1382 5076 ἔχειν’
1401 5009 1463 5060 τὸ
1498 5009 1807 5080 ἀπερίγρα-

229 5113 368 5149 πτον
398 5095 577 5162 λέγειν
604 5112 617 5126 °
644 5096 698 5148 τί
730 5098 789 5148 τὸ
811 5097 1064 5166 ἐμποδὼν
1101 5100 1385 5168 στήσεται,
1418 5101 1505 5153 ἴνα
1537 5102 1633 5154 καὶ
1651 5103 1808 5155 αὑτοὶ

226 5186 308 5257 τῷ
343 5187 513 5256 ὁμοίῳ
546 5187 656 5240 τῶν
705 5187 881 5256 λόγων
930 5189 1083 5260 ὑμῶν
1118 5192 1357 5262 σχήματι
1414 5194 1803 5264 προαγόμενοι,

227 5276 402 5345 ὑγιῶς
431 5279 498 5345 τῇ
544 5276 752 5330 τούτων
798 5277 1130 5350 ἀντιστροφῇ
1197 5281 1558 5351 χρησώμεθα,
1595 5284 1805 5338 ἀνθυπ-

227 5370 479 5435 ενεγιιεῐν
506 5385 564 5420 τε
596 5368 690 5421 καὶ
722 5369 908 5436 φάναι,
931 5372 1007 5423 ὅτι
1038 5371 1225 5441 ἐπειδὴ
1255 5371 1457 5443 θατέρα
1485 5374 1690 5430 τούτων
1743 5377 1805 5448 δὴ

304 5543 347 5574 ¹⁶
373 5541 574 5597 Hahae.
604 5559 665 5608 tt,
704 5544 788 5604 l5.
868 5544 907 5573 “
939 5542 1140 5597 Jereut.
1178 5557 1332 5605 unt,
1366 5544 1454 5598 16.

303 5697 420 5766 (Ξὲ)
465 5697 828 5766 Compositam
881 5713 999 5750 esse
1047 5696 1248 5751 Christi
1309 5712 1630 5763 personam,
1670 5700 1803 5754 dicit

228 5784 352 5819 cum
417 5779 627 5821 emeris
679 5770 940 5832 theologis
979 5769 1140 5819 etiam
1198 5781 1420 5820 sanctus
1471 5769 1801 5836 Augustinus

229 5840 390 5905 epist.
435 5839 550 5902 137,
588 5856 638 5905 p.
671 5839 758 5902 tl,
794 5842 853 5892 ad
889 5837 1234 5891 Voiusianum
1265 5857 1275 5891 ι
1312 5856 1328 5887 ι
1367 5837 1598 5892 Persona
1628 5841 1800 5898 homi-

1912 4640 2168 4706 Scriptam
2215 4652 2335 4692 esse
2377 4639 2427 4690 in
2475 4639 2723 4694 confesso
2770 4647 2890 4702 est.
2939 4640 3176 4694 divinam
3225 4641 3348 4695 dico
3376 4681 3391 4707 ,
3427 4653 3485 4695 et

1910 4743 2132 4783 necesse
2167 4737 2248 4783 est
2287 4738 2506 4797 propter
2563 4730 2776 4784 unicam
2823 4745 3144 4799 personam,
3178 4742 3232 4787 et
3265 4744 3485 4803 propter

1863 4858 1866 4860 η
1907 4828 2221 4873 naturarum
2242 4821 2291 4873 in
2314 4835 2415 4874 una
2439 4819 2707 4890 bypostasi
2731 4821 3007 4888 unionem,
3029 4821 3252 4877 alteram
3270 4839 3486 4894 quoque

1909 4922 2222 4967 naturarum
2251 4913 2466 4979 harum,
2486 4928 2603 4969 eam
2627 4915 2968 4985 scilicetqua
2997 4927 3195 4971 nostra;
3213 4927 3295 4973 est
3325 4917 3483 4972 simi-

1909 5003 1996 5069 lis,
2029 5019 2147 5059 esse
2174 5004 2697 5076 incircumscriptam
2725 5008 2942 5076 (neque
2974 5008 3118 5062 enim
3152 5010 3219 5062 ita
3255 5009 3487 5061 insanie-

1905 5098 1997 5161 tis,
2029 5106 2086 5150 ut
2121 5098 2259 5152 hanc
2290 5112 2387 5165 per
2412 5114 2472 5154 se
2515 5101 2683 5168 ipsam
2715 5101 2874 5169 potiri
2927 5099 3487 5166 incircumscriptione

1907 5189 2158 5256 dicatis):
2193 5192 2320 5257 quid
2355 5206 2517 5259 porro
2540 5193 2798 5258 obstabit,
2824 5193 3114 5261 quominus
3137 5209 3238 5248 nos
3266 5208 3485 5262 quoque

1905 5281 2064 5336 simili
2119 5292 2425 5338 vestrorum
2460 5299 2771 5339 sermonum
2825 5294 3012 5340 tenore
3065 5294 3300 5348 utentes.
3338 5296 3488 5360 recto

1907 5387 2069 5429 sensu
2121 5378 2490 5446 antistrophen
2542 5393 2865 5447 usurpemus
2893 5421 2907 5445 ,
2949 5378 3298 5448 vicissimque
3339 5379 3490 5432 ἀίειν

1915 5705 1998 5782 nis
2027 5705 2259 5782 _mi_stu_ra
2297 5718 2378 5760 est
2427 5701 2620 5782 anima?
2655 5719 2707 5764 et
2732 5711 2977 5782 corporis
2996 5727 3021 5782 ;⁴
3043 5725 3272 5780 persona
3309 5721 3490 5776 autem

1910 5775 2108 5829 Christi
2141 5779 2363 5831 mistura
2393 5790 2476 5832 est
2508 5781 2598 5833 Dei
2633 5789 2685 5834 et
2723 5775 2976 5834 hominis.
2999 5775 3030 5832 Vi
