4238 6446
248 392 351 456 241

964 395 1594 460 ANTIRRHETICUS
1631 399 1660 458 Ι
1701 399 1868 460 ADV.
1911 400 2504 464 CONSTANTINUM
2542 402 2752 464 COPR.

3414 397 3519 468 242

248 510 386 559 πτὸν
404 505 618 571 πάντως
647 506 786 560 ἐστί.
817 507 929 561 Ποῦ
969 514 1078 580 γὰρ
1112 511 1378 581 ἧκουσται
1409 513 1474 564 ὲκ
1495 510 1591 564 τοῦ
1626 511 1831 575 παντὸς
1863 520 1908 576 Α

1946 514 2084 567 omni
2113 530 2233 569 aevo
2286 518 2529 572 auditum
2570 527 2655 572 est
2715 514 3521 586 corpusincircumscriptum?

249 598 445 662 αίῶνος
473 599 633 669 σῶμα
660 600 1117 674 ἀπερίγραπτον;
1159 603 1338 668 ἄλλως
1384 621 1445 658 τε
1477 606 1571 658 καὶ
1616 605 1727 657 τῶν
1759 597 1834 656 ὧν

249 689 352 742 οὐκ
378 689 508 744 ἄνευ
536 694 569 761 ἡ
601 695 939 765 περιγραφή.
981 695 1068 758 Ὠς
1099 695 1206 766 γὰρ
1232 696 1334 749 οὐκ
1363 695 1479 748 ἔστι
1512 697 1670 766 σῶμα
1704 697 1832 750 ἄνευ

249 780 477 852 τόπουῆ
506 783 722 853 χρόνου,
757 784 935 848 οὑτως
957 785 1082 840 οὑδὲ
1114 788 1468 859 περιγραφῆς
1496 787 1638 858 δίχα.
1667 807 1685 839 ι
1729 789 1835 841 Καὶ

251 870 366 942 γὰρ
391 874 420 925 ό
455 873 620 936 τόπος
655 877 989 947 περιγράφει
1011 879 1107 930 καὶ
1128 880 1370 948 περιέχει
1386 879 1446 932 τὺ
1474 881 1656 948 σῶμα,
1676 882 1836 949 εἰπερ

251 963 419 1027 τόπος
462 966 581 1018 ἐστὶ
615 967 792 1036 πέρας
829 968 926 1022 τοῦ
959 972 1306 1041 περιέχοντος
1339 974 1395 1024 ὲν
1502 973 1751 1044 περιέχει
1774 975 1836 1026 τὸ

253 1056 669 1126 περιεχόμενον.
698 1076 716 1108 ι
749 1059 823 1112 Τὸ
850 1056 944 1112 οὖν
972 1061 1151 1129 λέγειν
1188 1065 1263 1134 μὴ
1292 1064 1732 1135 περιγράφεσθαι
1775 1065 1837 1117 τὸ

256 1147 654 1215 σῶμα,ταυτόν
689 1151 808 1203 ἐστι
842 1152 1022 1220 λέγειν
1054 1154 1130 1223 μὴ
1160 1149 1300 1208 εἶναι
1346 1157 1404 1208 ἐν
1430 1155 1602 1226 τόπῳ.
1662 1155 1734 1207 Τὸ
1779 1155 1835 1209 δὲ

259 1238 336 1307 μὴ
358 1238 418 1290 ὃν
446 1240 505 1292 ὲν
532 1241 704 1311 τόπῳ,
738 1243 860 1296 οὑδὲ
885 1244 1068 1314 σῶμα.
1093 1245 1159 1299 Τί
1181 1247 1225 1300 δ’
1250 1243 1343 1300 οὖν
1370 1249 1435 1300 ἐκ
1458 1250 1664 1302 τούτων
1702 1265 1832 1313 συνε-

253 1328 475 1396 άγεται,
529 1332 561 1402 ἢ
608 1333 669 1384 τὸ
702 1334 863 1404 σῶμα
915 1337 990 1405 μὴ
1018 1332 1160 1390 εἶναι
1214 1338 1415 1408 σῶμα;
1471 1339 1636 1393 τοῦτο
1688 1340 1746 1393 δὲ
1784 1340 1836 1392 τί

253 1422 465 1502 ﬁliuni)
524 1424 707 1496 πάσης
737 1427 1079 1498 ἠλιθιότητος
1132 1431 1225 1485 καὶ
1268 1432 1698 1502 φρενοϐλαϐείας
1739 1436 1837 1488 ἑπ-

255 1498 449 1569 έκεινα
477 1518 769 1588 τυγχάνει;
814 1519 1085 1574 Ἐάλωκεν
1106 1518 1199 1575 οὖν
1239 1523 1267 1575 ὁ
1293 1523 1400 1578 τῶν
1435 1526 1693 1580 τοιούτων
1721 1528 1840 1596 δογ-

257 1609 449 1676 μάτων
469 1611 654 1682 πατὴρ
668 1614 781 1676 τοῖς
793 1613 1019 1678 οἰκείοις
1034 1618 1276 1687 πτεροῖς,
1294 1618 1388 1671 κα)⁸
1400 1618 1622 1687 περιτέτ
1633 1636 1837 1691 ραπται

256 1701 412 1772 αὑτῷ
446 1703 530 1766 είς
553 1705 864 1759 τούναντίον
900 1708 969 1761 τὰ
1017 1709 1116 1777 τῆς
1143 1711 1559 1782 ἐπιχειρήσεως,
1618 1713 1712 1765 καὶ
1747 1714 1839 1765 ὲκ-

259 1792 465 1865 ϐέϐηκε
512 1796 578 1849 τὰ
609 1797 718 1849 τῶν
759 1799 1008 1869 σοϐαρῶν
1048 1803 1141 1854 καὶ
1170 1802 1360 1855 δεινῶν
1409 1803 1835 1874 προϐλημάτων,

256 1883 406 1954 ᾇπερ
430 1885 567 1956 ᾤετο
595 1887 934 1961 ἀδιεξίτητον
961 1894 1055 1946 καὶ
1107 1871 1522 1965 ἀναπόδραστον
1573 1871 1717 1967 ἔχειν
1745 1895 1842 1968 τὴν
1874 1871 1920 1929 Β

257 1974 475 2045 ἔφοδον,
535 1981 804 2039 παιδικῶν
855 1984 1242 2057 ψελλισμάτων
1280 1991 1361 2053 είς
1428 1989 1596 2062 μηδὲν
1647 1991 1837 2060 διαφέ-

260 2086 449 2140 ροντα.
485 2072 812 2144 Νηπιὼδους
861 2079 972 2149 γὰρ
1030 2079 1203 2144 ὄντως
1249 2082 1423 2136 ταῦτα
1477 2084 1695 2154 φρενὸς,
1740 2086 1839 2137 καὶ

259 2159 685 2235 βρεφοπρεποῦς
714 2167 1014 2234 διαθέσεως
1036 2171 1190 2224 οὐδὲν
1213 2171 1422 2242 βέλτιον
1453 2174 1796 2246 διακείμενα.

346 2254 433 2318 Ὠς
472 2255 537 2310 ἄν
564 2258 620 2310 δὲ
654 2260 852 2332 ἴδωμεν
886 2263 968 2324 είς
1001 2264 1030 2317 ὅ
1061 2281 1114 2318 τι
1153 2266 1342 2330 αὑτοῖς
1399 2267 1461 2321 τὸ
1496 2269 1687 2340 περιὸν
1743 2273 1842 2341 τῆς

260 2345 459 2432 σοφίας
513 2348 836 2420 ἀχθήσεται,
896 2354 1119 2408 κάκεῖνο
1154 2359 1268 2421 τοῖς
1316 2359 1631 2431 εἰρημένοις
1671 2379 1843 2432 προσ-

259 2431 510 2504 θείημεν.
533 2439 674 2509 Πρὸς
701 2441 918 2496 πάντων
933 2445 1044 2498 τῶν
1071 2446 1196 2500 νοῦν
1218 2449 1454 2519 ἑχόντων
1472 2431 1843 2525 ὡμολόγήται,

259 2526 350 2577 ὅτι
377 2530 484 2582 πᾶν
509 2531 680 2597 πάθος
709 2538 1132 2609 προσομιλῆσανη
1152 2541 1312 2612 ἡμῶν
1340 2544 1442 2617 ήδη
1470 2546 1549 2618 τῷ
1601 2547 1842 2620 σώματι,

264 2620 399 2689 παρ’
428 2623 652 2678 ὁτουοῦν
685 2643 794 2681 τινι
851 2633 1306 2703 προσγινόμενον,
1345 2633 1454 2691 οἷον
1484 2639 1545 2692 τὸ
1587 2642 1846 2711 μαστίζε-

271 2713 420 2777 σθαι,
458 2715 520 2768 τὸ
559 2719 983 2790 τιτρώσκεσθαι,
1016 2725 1078 2779 τὸ
1109 2728 1424 2798 τέμνεσθαι,
1455 2732 1518 2785 τὸ
1563 2735 1841 2803 καίεσθαι,

263 2809 362 2859 καὶ
389 2811 441 2862 εί
461 2827 512 2863 τι
541 2815 784 2869 τοιοῦτον
821 2816 1034 2887 ἕτερον,
1064 2820 1100 2875 ὃ.
1138 2821 1460 2893 λυμαίνεται
1507 2829 1600 2881 καὶ
1632 2830 1846 2903 φθείρει

263 2904 328 2955 τὸ
362 2905 542 2975 σῶμα,
579 2908 770 2983 ὥσπερ
802 2918 1237 2988 προσφυόμενον,
1274 2922 1363 2974 ἐπ’
1387 2923 1552 2977 αὑτὸν
1581 2926 1846 2982 διαϐαίνει

260 2995 358 3046 τὸν
385 2999 681 3068 πάσχοντα,
722 3007 816 3058 καὶ
849 3008 923 3071 ὡς
951 3009 1015 3062 ἄν
1045 3028 1128 3074 τις
1158 3013 1304 3067 εῐποι
1342 3017 1542 3069 οἰκεῖον
1577 3019 1670 3073 καὶ⁵
1695 3021 1848 3084 ἐντὸς

263 3085 699 3181 α-ὑτοῦγίνεται.
741 3093 806 3148 Ἦ
833 3097 891 3150 δὲ
924 3098 992 3169 ἦν
1023 3116 1161 3169 φατε
1214 3108 1588 3179 περιγραφὴν,
1633 3111 1754 3181 ἦτοι
1786 3113 1847 3166 τὸ

264 3179 651 3280 είκονίζεσθα-ι,
683 3185 859 3242 οὐδενὶ
890 3190 1099 3246 τούτων
1124 3195 1541 3264 ὑποπέπτωκεν,
1576 3179 1670 3254 ειτέ
1710 3206 1837 3275 περὶ
1864 3221 1907 3280 c

261 3271 334 3323 τὰ
368 3273 526 3336 ἐκτὸς
552 3271 686 3330 οὖσα
712 3281 806 3333 καὶ
826 3282 1027 3353 ἥκιστα
1057 3287 1341 3360 ἁπτομένη
1405 3292 1500 3344 τοῦ
1549 3271 1838 3364 σώματος’

262 3363 346 3415 ὃτι
381 3364 456 3434 μὴ
476 3365 554 3433 τῷ
585 3369 716 3424 εῖδει
747 3374 908 3441 μόνον
938 3378 1274 3433 κοινωνοῦσα
1318 3382 1414 3435 τοῦ
1464 3388 1841 3456 γραφομένου,

263 3454 458 3524 καὶτῷ
485 3459 748 3532 σχήματι.
775 3463 924 3534 Ὀσῳ
950 3460 1043 3519 οὖν
1075 3469 1355 3541 ἐγγυτέρω
1374 3472 1439 3525 τὸ
1467 3454 1701 3544 πάσχειν
1749 3477 1842 3529 τοῦ

262 3546 630 3638 εἰκονίζεσθαι
665 3555 761 3607 καὶ
797 3559 1263 3628 περιγράφεσθαι,
1291 3563 1403 3616 τῶν
1432 3567 1562 3638 περὶ
1593 3566 1662 3621 τὰ
1686 3569 1844 3635 ἐκτὸς

260 3636 439 3692 ὄντων
460 3641 554 3694 καὶ
582 3643 738 3699 οὐδέν
771 3664 823 3701 τι
852 3650 990 3720 πρὸς
1022 3651 1228 3718 πάθους
1275 3636 1578 3726 γινομένων
1606 3660 1701 3714 τοῦ
1738 3662 1842 3714 σώ-

266 3745 464 3795 ματος,
510 3731 641 3799 ἔδει,
672 3737 814 3790 κατὰ
835 3739 926 3791 τὸν
957 3739 1227 3812 ὑμέτερον
1263 3744 1444 3810 λόγον,
1484 3748 1579 3801 τὸν
1607 3751 1844 3818 Χριστὸν

265 3822 436 3892 σαρκὶ
477 3823 759 3894 πάσχοντα
791 3831 886 3882 καὶ
919 3831 1093 3896 πάθος
1117 3834 1260 3906 ὑπὲρ
1285 3839 1447 3907 ἡμῶν
1478 3841 1732 3911 φέροντα,
1770 3844 1844 3913 μὴ

264 3919 829 3989 συμπεριγρὰφεσθαι
879 3923 1039 3993 μόνον
1095 3929 1162 3998 τῇ
1220 3930 1406 4000 σαρκὶ,
1450 3932 1586 3987 ἀλλὰ
1638 3935 1702 4005 δὴ
1754 3941 1847 3989 καὶ

264 4007 615 4078 συμπάσχειν
666 4012 800 4083 αὐτῇ
838 4016 902 4085 τῇ
962 4017 1084 4068 κατ’
1125 4019 1292 4071 αὑτὸν
1328 4020 1566 4092 θεότητι.
1606 4026 1697 4095 Τῷ
1736 4029 1845 4100 γὰρ

262 4099 585 4170 οἱκειοτὲρῳ
618 4102 818 4170 μᾶλλον
844 4108 938 4159 καὶ
971 4108 1259 4181 ἐγγυτέρῳ
1307 4111 1667 4186 δικαιότερον,
1707 4120 1736 4188 ἧ
1773 4099 1848 4189 τῷ

265 4189 344 4260 μὴ
378 4189 552 4254 οὕτως
579 4196 778 4264 ἔχοντι,
809 4201 1133 4268 συμπαίνειν
1178 4220 1240 4256 τε
1276 4209 1368 4258 καὶ
1424 4208 1841 4276 προστίθεσθαι.

260 4281 333 4333 ΤΞ
366 4279 458 4335 οὖν
493 4286 674 4356 σάρκα
706 4289 998 4356 ἀκούοντες
1047 4293 1140 4346 τὸν
1180 4295 1407 4366 Κύριον,
1446 4301 1540 4352 καὶ
1593 4300 1719 4353 Υίὸν
1754 4307 1846 4362 ἀν-

263 4375 512 4445 θρώπου,
556 4379 652 4433 καὶ
685 4381 860 4435 εἰδότα
894 4383 1082 4454 φέρειν
1117 4386 1412 4455 μαλακίαν,
1453 4390 1546 4447 καὶ
1571 4392 1624 4443 εἴ
1647 4409 1698 4447 τι
1725 4395 1846 4448 τοὺ-

263 4485 382 4530 τοις
413 4471 794 4542 παραπλήσιον
818 4475 876 4526 ὲν
894 4478 1015 4537 ταῖς
1046 4476 1227 4540 θείαις
1249 4479 1492 4548 Γραφαίς
1519 4485 1646 4554 περὶ
1678 4487 1843 4540 αὑτοῦ

264 4561 508 4628 λέγεται,
533 4566 722 4636 ὲπειδὴ
766 4566 1072 4636 ἀχώριστον
1111 4569 1222 4621 τῶν
1264 4570 1359 4623 δύο
1410 4570 1625 4639 φύσεων
1671 4578 1733 4629 τὸ
1784 4577 1841 4631 ἒν
1878 4564 1918 4617 ί)

267 4652 562 4720 πρόσωπόν
602 4659 737 4717 ὲστι,
785 4657 858 4726 μὴ
906 4660 1326 4713 συνταπεινοῦτε
1366 4663 1568 4730 μᾶλλον
1606 4667 1843 4731 τούτοις,

266 4744 396 4795 ὅσον
425 4745 565 4798 κατὰ
614 4747 712 4810 τὰς
752 4747 1025 4818 ὑμετέρας
1068 4751 1389 4822 ὑπολήψεις,
1441 4757 1532 4807 καὶ
1569 4757 1670 4827 τὴν
1722 4761 1844 4812 κατ’

267 4836 435 4888 αὑτὸν
469 4839 728 4907 θεότητα;
775 4841 898 4894 Ἐπὶ
947 4842 1133 4896 πλεῖον
1191 4847 1300 4918 γὰρ
1357 4849 1385 4899 ὁ
1439 4849 1614 4902 ταῦτα
1665 4847 1844 4919 λέγων

268 4933 817 5003 συγκατασμικρύνει
854 4934 953 5005 τὴν
976 4935 1198 4991 πάντων
1241 4938 1490 5008 βασιλίδα
1526 4943 1711 5010 φύσιν,
1745 4945 1777 5014 ἦ
1821 4948 1848 4998 ὁ

269 5023 634 5094 περιγράφων
670 5026 814 5079 κατὰ
838 5027 937 5097 τὴν
975 5029 1175 5101 σάρκα.
1227 5033 1338 5087 Καὶ
1375 5035 1421 5086 εί
1467 5034 1723 5104 βούλεσθέ
1783 5053 1842 5106 γε

265 5115 466 5179 οὕτως.
498 5118 592 5170 καὶ
614 5123 1207 5194 συμπεριτμηθήσεται
1228 5129 1292 5196 τῇ
1327 5129 1511 5194 σαρκὶ,
1539 5130 1633 5184 καὶ
1673 5129 1852 5186 συλλι-

268 5210 626 5281 θασθήσεται,
657 5214 948 5286 ὑπομείναι
975 5216 1020 5269 δ’
1054 5217 1121 5271 ἂν
1146 5220 1238 5272 καὶ
1285 5223 1539 5291 σταυρὸν,
1590 5225 1685 5276 καὶ
1725 5242 1852 5277 συν-

269 5305 699 5376 νεκρωθήσεται,
733 5309 827 5360 καὶ
847 5308 1015 5362 τᾶλλα
1048 5311 1318 5375 πείσεται,
1338 5313 1438 5365 ὅσα
1457 5314 1688 5384 κάκείνη
1713 5317 1854 5387 ὑπὲρ

268 5398 427 5466 ήμῶν
446 5399 772 5455 πεπονθέναι
792 5402 1127 5478 πιστεύεται.
1147 5404 1306 5459 Ἀλλὰ
1329 5406 1408 5469 τίς
1432 5406 1605 5471 οὕτως
1631 5409 1853 5480 ἐξέστη-

272 5508 370 5552 κε;
412 5492 498 5555 τίς
533 5491 708 5556 οὕτως
752 5496 942 5566 ἄφρων
983 5498 1074 5550 καὶ
1121 5490 1510 5570 παραπληξίας
1555 5503 1634 5565 εἰς
1683 5503 1852 5571 ἄκρον

267 5582 614 5654 ἑκϐεϐηκὼς,
639 5585 696 5648 ὃς
725 5585 835 5637 τῶν
863 5589 982 5651 ταῖς
1010 5588 1308 5659 ὑμετέραις
1341 5591 1667 5646 ὑποθέσεσιν
1719 5595 1847 5647 ἑπο-

1943 606 2158 676 Alioqui
2187 611 2253 662 de
2301 623 2479 664 rerum
2532 609 2965 664 necessariarum
3009 623 3243 665 numero
3280 608 3519 664 circum-

1943 701 2167 771 scriptio
2193 709 2297 758 est.
2320 701 2472 758 Sicut
2504 702 2647 758 enim
2680 718 2784 758 non
2817 711 2903 759 est
2932 717 3130 773 corpus
3167 705 3377 774 absque
3401 701 3524 757 loco

1944 803 2315 863 auttempore,
2336 796 2407 849 ita
2434 810 2608 870 neque
2625 795 2741 852 sine
2757 796 3290 866 circumscriptione.
3318 815 3337 848 ι
3368 795 3504 851 Nam

1944 884 2093 940 locus
2121 887 2523 943 circumscribit
2549 891 2904 959 continetque
2940 903 3178 959 corpus;
3237 889 3509 961 siquidem

1945 978 2096 1034 locus
2157 981 2425 1036 terminus
2446 992 2529 1036 est
2552 985 2904 1052 continentis,
2939 993 3211 1056 quatenus
3269 987 3516 1042 continet

1942 1087 2004 1127 ea
2023 1088 2144 1142 quae
2171 1075 2516 1130 continentur
2533 1075 2669 1146 (24).
2694 1094 2712 1127 ι
2751 1075 2935 1145 Itaque
2953 1078 3136 1133 dicere
3162 1092 3362 1148 corpus
3396 1093 3502 1132 non

1945 1166 2347 1232 circumscribi,
2381 1169 2521 1224 idem
2557 1178 2640 1225 est
2661 1183 2726 1224 ac
2757 1170 2942 1226 dicere
2963 1185 3070 1226 non
3095 1185 3216 1248 esse
3248 1170 3301 1225 in
3353 1170 3472 1225 loco
3498 1187 3512 1225 :

1944 1261 2085 1330 quod
2118 1271 2419 1317 autemnon
2455 1265 2504 1316 in
2539 1261 2676 1328 loco,
2695 1277 2760 1318 ne
2777 1277 2978 1332 corpus
2995 1263 3213 1333 quidem
3234 1272 3340 1319 est.
3369 1262 3512 1339 Quid

1944 1365 2074 1419 ergo
2090 1365 2154 1405 ex
2171 1351 2253 1406 his
2265 1352 2643 1407 concluditur?
2659 1352 2795 1407 Num
2811 1367 3010 1421 corpus
3025 1368 3130 1407 non
3150 1368 3269 1408 esse
3288 1352 3527 1423 corpus?

1947 1439 2060 1495 Hoc
2084 1441 2299 1496 demum
2334 1443 2462 1512 quid
2486 1443 2630 1498 aliud
2660 1453 2765 1509 est,
2790 1460 2953 1516 quam
2980 1459 3175 1499 omnes
3205 1443 3524 1499 stoliditatis

1947 1542 2108 1602 atque
2145 1535 2395 1588 amentia;
2433 1524 2568 1590 lines
2598 1537 2970 1607 prattervehi?
3001 1536 3212 1607 Captus
3238 1546 3320 1591 est
3363 1536 3528 1606 igitur

1949 1625 2137 1680 horum
2181 1627 2492 1698 dogmatum
2529 1643 2729 1698 parens
2767 1631 2995 1684 suismet
3032 1615 3238 1699 pinnis,
3269 1628 3524 1696 versique

1946 1727 2134 1773 contra
2169 1719 2340 1788 ipsum
2368 1730 2492 1775 sunt
2523 1721 2728 1791 proprii
2760 1730 3025 1788 conatus;
3057 1722 3382 1799 exciderunt
3426 1736 3512 1775 suo

1947 1811 2110 1878 perba
2134 1820 2188 1864 et
2209 1811 2470 1866 terribilia
2494 1821 2835 1883 argumenta,
2860 1827 3092 1882 quorum
3125 1811 3242 1881 ipse
3265 1811 3526 1880 impetum

1949 1901 2315 1956 inevitabilem
2337 1901 2848 1973 intolerandumque
2872 1902 3118 1972 putabat,
3142 1902 3365 1970 visaque
3394 1910 3525 1959 sunt

1945 2008 1972 2045 a
2009 1993 2354 2062 parvulorum
2410 1995 2651 2051 balbutie
2694 2011 2800 2049 non
2839 1995 3079 2050 differre.
3127 1993 3344 2064 Reapse
3391 1995 3510 2052 haec

1945 2084 2165 2152 puerilis
2195 2086 2389 2142 mentis
2413 2095 2539 2141 sunt
2567 2087 2808 2156 propria,
2841 2101 3019 2157 neque
3083 2085 3319 2142 infantili
3382 2101 3520 2142 cou-

1945 2176 2148 2231 ditione
2177 2177 2370 2233 melius
2393 2193 2454 2233 se
2487 2179 2707 2234 habent.

2019 2267 2086 2324 Ut
2117 2279 2299 2324 autem
2355 2269 2528 2339 palam
2581 2270 2697 2336 ﬁat,
2743 2286 2982 2341 quonam
3048 2271 3179 2341 ipsis
3237 2271 3524 2341 sapientiae

1943 2375 2055 2416 sua:
2079 2361 2233 2426 copia
2293 2364 2511 2425 evadat,
2536 2362 2670 2416 illud
2704 2362 2869 2418 etiam
2927 2363 3203 2434 prtedictis
3229 2364 3517 2428 addamus,

1946 2454 2159 2509 Sensati
2190 2456 2369 2510 cuneti
2404 2454 2664 2521 fatentur,
2699 2455 3012 2524 passionem
3037 2470 3254 2511 omnem
3311 2455 3525 2526 corpori

1946 2557 2132 2601 nostro
2182 2563 2211 2599 a
2271 2547 2517 2617 qualibet
2565 2548 2857 2606 occasione
2912 2547 3274 2614 accidentem,
3307 2562 3406 2602 ceu
3439 2557 3527 2602 est

1944 2641 2259 2708 verberari,
2315 2641 2488 2706 feriri,
2542 2641 2731 2704 caedi,
2786 2642 2915 2707 uri,
2981 2652 3037 2696 et
3096 2642 3317 2712 quidvis
3375 2642 3524 2702 aliud

1943 2731 2053 2804 30
2069 2746 2255 2787 eorum
2295 2749 2416 2803 quae
2443 2749 2642 2804 corpus
2676 2733 3008 2789 labefactant
3034 2744 3524 2806 autcorrumpunt,

1944 2823 2112 2877 veluti
2169 2823 2422 2879 adnatam
2480 2824 2716 2882 transire
2773 2827 2826 2880 in
2876 2828 3177 2896 patientem
3225 2828 3525 2891 hominem,

1945 2915 2187 2986 ejusque,
2220 2926 2277 2970 ut
2297 2916 2368 2970 ita
2392 2917 2593 2984 dicam,
2620 2919 2896 2988 propriam
2927 2930 3092 2990 atque
3114 2919 3360 2974 intimam
3383 2919 3526 2974 ﬁeri.
3596 2933 3599 2935 ‘

1946 3007 2038 3062 llla
2074 3018 2252 3062 tamen
2289 3024 2410 3079 qua:
2463 3025 2493 3063 a
2529 3010 2682 3066 vobis
2709 3011 2912 3066 dicitur
2956 3011 3421 3081 circumscriptio,
3471 3011 3526 3068 id

1945 3109 2027 3153 est
2065 3099 2338 3168 figttratio,
2399 3101 2532 3156 nihil
2586 3103 2968 3170 praedictorum
3015 3104 3202 3168 habet,
3246 3103 3370 3174 quia
3417 3110 3529 3158 tota

1944 3193 2182 3244 exterior
2229 3201 2333 3255 est,
2386 3206 2559 3261 neque
2595 3193 2867 3248 ullatenus
2923 3211 3124 3268 corpus
3154 3195 3398 3269 attingit,
3424 3196 3527 3256 nisi

1945 3292 2210 3352 quatenus
2261 3284 2457 3353 speciei
2509 3293 2713 3342 tantum
2759 3295 2814 3341 et
2852 3287 3038 3341 forma:
3101 3288 3314 3359 figurati
3378 3303 3530 3344 com-

1947 3372 2208 3429 municat.
2267 3374 2401 3440 Quia
2459 3377 2623 3444 igitur
2677 3379 2858 3451 passio
2919 3379 3091 3450 magis
3156 3366 3374 3451 prepria
3422 3392 3529 3449 est,

1947 3481 2110 3533 quam
2146 3466 2395 3532 ﬁguratio
2443 3479 2497 3522 et
2550 3469 3012 3541 circumscriptio,
3045 3487 3164 3542 qua:
3225 3475 3528 3532 exteriores

1947 3567 2095 3624 sunt,
2131 3571 2303 3631 neque
2331 3578 2528 3632 corpus
2554 3562 2815 3630 alliciunt,
2848 3565 3003 3635 plane
3059 3575 3351 3636 oporteret,
3376 3569 3537 3638 juxta

1949 3662 2185 3706 vestrum
2255 3655 2627 3720 ratiocinium,
2685 3656 2966 3713 Christum
3059 3676 3224 3715 carne
3297 3677 3529 3730 .passum

1948 3749 2329 3822 cruciatusque
2371 3761 2599 3819 propter
2659 3769 2756 3807 nos
2794 3753 3175 3820 perferentem,
3207 3772 3314 3809 non
3372 3759 3533 3818 modo

1949 3856 2113 3896 carne
2140 3842 2537 3908 circumscribi,
2571 3844 2666 3898 sed
2699 3846 2862 3899 etiam
2891 3861 2998 3899 una
3047 3863 3171 3901 cum
3225 3848 3530 3912 divinitate,

1948 3934 2164 3985 easdem
2218 3935 2542 4002 participare
2589 3937 2891 4004 passiones.
2947 3937 3080 3992 Nam
3152 3941 3294 4008 quod
3361 3944 3533 4011 magis

1949 4025 2226 4092 ριομι·ἰιιιιι
2279 4033 2362 4078 εει
2392 4035 2446 4077 ει
2485 4025 2863 4095 prepinquius,
2912 4029 2962 4081 id
3013 4030 3264 4084 accidere
3291 4039 3348 4085 et
3384 4031 3524 4094 fieri,

1950 4131 2111 4184 quam
2151 4117 2294 4185 quod
2354 4119 2515 4171 aliter
2540 4133 2598 4172 se
2664 4120 2847 4182 habet,
2880 4123 3086 4188 tequius
3113 4131 3216 4176 est.
3248 4122 3358 4177 Cur
3401 4138 3529 4193 ergo

1950 4225 2071 4262 cum
2104 4223 2326 4262 carnem
2367 4208 2566 4262 factum
2627 4210 2912 4265 Dominum
2972 4215 3196 4277 auditis,
3223 4226 3278 4268 et
3336 4215 3528 4269 Filium

1952 4297 2207 4360 hominis,
2265 4306 2320 4352 et
2380 4297 2666 4366 languores
2706 4310 3013 4369 expertum,
3060 4312 3112 4353 et
3164 4302 3207 4354 si
3269 4301 3397 4369 quid
3447 4303 3530 4354 his

1950 4390 2128 4443 simile
2160 4390 2213 4443 in
2262 4390 2462 4445 divinis
2503 4390 2801 4460 Scripturis
2833 4391 2902 4446 de
2934 4407 2999 4446 eo
3028 4393 3250 4455 dicitur,
3288 4410 3408 4456 cur,
3445 4394 3528 4445 in.

1951 4497 2136 4549 quam,
2164 4483 2418 4551 quoniam
2445 4481 2820 4551 inseparabilis
2843 4495 2926 4538 est
2957 4486 3187 4540 duarum
3211 4492 3526 4540 naturarum

1950 4575 2109 4628 unica
2171 4589 2419 4643 persona,
2477 4591 2580 4628 non
2643 4575 2802 4629 simul
2844 4577 3173 4643 deprimilis,
3227 4577 3525 4634 secundum

1951 4676 2158 4720 vestras
2178 4677 2323 4720 certe
2355 4667 2658 4735 opiniones,
2693 4669 2860 4736 ipsius
2894 4684 3111 4738 quoque
3136 4670 3526 4725 divinitatem?

1951 4757 2120 4827 Magis
2144 4759 2287 4810 enim
2320 4759 2409 4826 qui
2440 4760 2553 4811 lucc
2594 4760 2745 4823 dicit,
2772 4771 3024 4813 naturam
3051 4761 3333 4831 (divinam)
3403 4765 3526 4816 uni-

1950 4851 2092 4904 versi
2116 4851 2356 4919 rcgiuam
2391 4851 2686 4918 imminuit,
2705 4853 2868 4922 quam
2889 4855 2978 4918 qui
3011 4855 3063 4907 in
3094 4870 3257 4908 carne
3283 4869 3403 4908 eam
3424 4858 3534 4910 cir-

1953 4941 2286 4996 cumscribit.
2320 4941 2410 4995 Sic
2446 4943 2647 5010 itaque,
2677 4944 2720 4997 si
2755 4945 2909 4998 vobis
2941 4947 3138 5012 placet,
3174 4946 3431 4999 divinitas
3458 4948 3534 5000 si-

1956 5034 2063 5087 tnnl
2088 5049 2209 5088 cum
2225 5049 2387 5087 carne
2403 5033 2842 5099 circumcidetur,
2862 5035 3022 5091 simul
3044 5037 3391 5106 lapidabitur,
3410 5055 3501 5092 cru
3514 5068 3534 5078 ο

1959 5143 2074 5180 cem
2090 5141 2306 5196 quoque
2325 5127 2529 5194 pariter
2546 5130 2860 5196 sustinebit,
2881 5133 3296 5196 comumrietur,
3318 5129 3534 5200 aliaque

1963 5223 2291 5292 perpetietur
2319 5232 2589 5291 quotquot
2609 5239 2736 5277 caro
2767 5239 2862 5292 pro
2888 5224 3042 5277 nobis
3069 5240 3225 5291 passa
3253 5225 3528 5279 creditur.

1957 5315 2341 5369 Verumtamen
2373 5315 2495 5383 quis
2536 5323 2818 5385 tantopere
2870 5315 3268 5382 delit-at?-Q1tis
3314 5318 3385 5370 ita
3437 5316 3536 5370 de-

1955 5422 2108 5462 mens
2139 5416 2356 5474 tamque
2391 5407 2497 5461 alte
2520 5408 2839 5464 .in,insauia:
2861 5407 3069 5464 foveam
3128 5413 3435 5477 prolapsus,
3471 5420 3531 5462 ut

1954 5498 2220 5552 absurdos
2250 5497 2466 5568 Dcoque
2497 5491 2725 5553 hostiles
2773 5515 3077 5563 sermones,
3112 5501 3202 5568 qui
3231 5516 3295 5554 ex
3340 5503 3537 5556 vestris

1953 5591 2416 5662 propositionibus
2477 5601 2905 5659 consequuntur,
2958 5592 3191 5646 toleret?
3240 5592 3371 5658 Quis
3413 5600 3536 5645 tan-

341 5782 735 5866 (24)_B'revvm
804 5788 941 5866 hanc
987 5791 1306 5866 sententiast}
1356 5794 1620 5864 excerpsit
1666 5810 1728 5850 cx
1771 5812 1868 5853 ms.
1918 5796 2223 5866 Sit-ephoro
2276 5796 2364 5851 Fr.
2419 5795 2720 5853 TUI'I'iJIllIS
2775 5797 2912 5866 apud
2977 5795 3294 5863 Canisiutn,
3352 5796 3537 5866 Αηιὶιιο

272 5856 390 5914 lect.
428 5857 514 5911 ed.
542 5855 580 5908 Β
618 5873 701 5913 sn.
733 5871 766 5913 t.
804 5856 863 5921 Ii,
901 5870 1035 5927 part.
1073 5877 1127 5922 ιι,
1159 5876 1209 5929 p.
1245 5862 1327 5919 Η.
