4238 6446
222 408 326 473 Ξίθ

934 416 1557 477 ANTIRRIIETICUS
1597 418 1620 474 Ι
1668 420 1828 478 .\D\'.
1873 420 2466 485 CONSTANTINUM
2506 429 2717 487 COPR.

3366 424 3475 489 250

223 526 447 596 ἐκείνην
488 524 792 593 ἀχώριστος
832 526 861 594 ἡ
908 530 1284 597 πραγματεία,
1313 530 1388 592 ὡς
1422 528 1799 599 ὁμολογοῦμεν
1829 537 1872 592 Α

1829 537 1872 592 Α
1905 544 2023 600 post
2053 534 2193 587 illam
2221 538 2474 590 unionem
2514 539 2741 591 indivisa
2783 545 2864 590 est
2891 535 3056 600 actio,
3095 534 3236 589 sicut
3261 538 3311 588 in
3349 538 3477 606 dog-

223 618 284 669 ὲν
309 617 387 684 τῷ
406 616 669 685 δόγματι·
701 618 749 669 εἰ
779 617 835 670 δὲ
867 619 957 670 καὶ
1006 620 1106 687 τῆς
1138 620 1338 688 σαρκὸς
1389 620 1561 689 μόνης
1612 620 1797 671 εἰκόνα

228 708 398 771 ποιεῖ,
441 706 628 759 λοιπὸν
671 708 765 760 καὶ
806 708 1105 777 πρόσωπον
1135 710 1227 761 ἐπὶ
1254 712 1319 778 τῇ
1356 709 1523 778 σαρκὶ
1558 709 1687 761 ίδιον
1722 709 1799 760 δί-

222 793 357 847 δωσι
384 810 396 823 ·
418 794 513 846 καὶ
538 794 749 860 γίνεται
777 795 938 848 τοῦτο
964 800 1027 865 τῇ
1051 796 1145 866 ὅλῃ
1179 796 1396 865 θεότητι
1423 796 1612 866 τέρας,
1651 814 1803 849 τουτ-

222 882 344 935 ἐστι
375 884 504 954 τρία
533 886 804 955 πρόσωπα
834 887 928 937 ἐπὶ
963 888 1060 956 τῆς
1100 887 1373 953 θεότητος,
1407 887 1501 937 καὶ
1533 886 1590 939 ἓν
1613 887 1674 938 τὸ
1701 888 1801 955 τῆς

223 973 669 1043 ἁνθρωπότητος,
704 977 799 1029 καὶ
850 976 966 1029 ἔστι
1014 978 1205 1039 κακῶς
1232 977 1413 1029 τοῦτο.
1458 997 1473 1027 ι
1537 979 1683 1028 ’Λνω
1708 979 1802 1030 καὶ

222 1068 378 1119 κάτω
416 1067 513 1134 τὴν
544 1067 738 1119 ἕνωσιν
770 1067 1066 1139 διαθρυλεῖ,
1102 1069 1168 1138 ἣν
1200 1068 1505 1138 ἀχώριστόν
1557 1084 1722 1137 φησιν
1775 1072 1802 1122 ὁ

225 1164 428 1232 σοφός’
465 1163 552 1215 ἵνα
585 1162 652 1216 δι’
703 1164 875 1233 αὐτῆς
920 1164 1047 1236 δόξῃ
1081 1165 1374 1234 κρατύνειν
1419 1164 1479 1217 τὸ
1522 1163 1699 1233 δόγμα
1744 1164 1805 1216 τὸ

224 1254 447 1320 ἑαυτοῦ,
462 1258 557 1309 καὶ
569 1255 666 1325 τὴν
686 1256 827 1308 κατὰ
841 1258 883 1307 Χ
894 1257 1077 1325 ριστὸν
1093 1257 1191 1311 ἀνθ
1199 1256 1493 1326 ρωπότητα
1510 1256 1798 1326 συσκιάσῃ.

226 1347 327 1400 Διά
354 1346 512 1400 τοῦτό
564 1364 751 1416 φησιν,
785 1348 868 1400 ὅτι
918 1350 966 1400 εἱ
1016 1350 1115 1418 τῆς
1160 1348 1363 1419 σαρκὸς
1412 1348 1571 1417 μόνον
1620 1347 1805 1400 εἰκόνα

226 1443 394 1492 ποιεῖ.
425 1440 533 1493 Καὶ
562 1439 801 1492 ἐνταῦθα
825 1441 885 1492 τὸ
911 1441 1073 1509 σοφὸν
1104 1441 1283 1492 ἐκεῖνο
1313 1440 1566 1492 ὑπειπεῖν
1595 1440 1800 1507 λόγιον,

226 1533 311 1584 ὃτι
363 1533 553 1600 Σοφία
596 1532 1037 1601 ἀνεξέλεγκτος
1090 1531 1414 1595 πλανᾶται,
1472 1533 1569 1585 καὶ
1618 1532 1805 1599 σοφία

224 1625 426 1692 μωροῦ
448 1624 809 1691 ἀδιεξίτητοι
838 1626 1008 1693 λόγοι
1031 1641 1043 1655 ο
1079 1626 1192 1689 καὶ,
1221 1626 1365 1677 Oival
1392 1628 1443 1677 oi
1465 1625 1645 1692 σοφοὶ
1668 1624 1804 1692 παρ’

220 1715 483 1781 ἑαυτοῖς,
526 1716 624 1769 καὶ
665 1716 926 1769 ἐνώπιον
971 1716 1206 1769 ἑαυτῶν
1252 1717 1681 1784 ἐπιστήμονες]
1716 1717 1806 1769 ὅτι

220 1807 534 1876 ἐμωράνθη
554 1808 591 1873 ὴ
617 1809 917 1876 ἀσύνετος
945 1808 1149 1863 αὐτῶν
1178 1809 1371 1877 ψυχὴ,
1399 1809 1493 1861 καὶ
1525 1806 1804 1875 ἐπωρώθη

221 1902 426 1956 αὐτῶν
450 1904 522 1955 τὰ
571 1901 968 1971 διανοήματα.
1017 1903 1163 1971 Πρὸς
1192 1903 1301 1972 γὰρ
1350 1903 1448 1971 τὴν
1494 1900 1803 1969 ἁληθότητα

220 1994 335 2048 τῶν
363 1993 544 2063 ὀρθῶν
591 1995 693 2064 τῆς
747 1994 1079 2065 Ἐκκλησίας
1108 1994 1401 2065 δογμάτων
1434 1994 1622 2046 τέλεον
1669 1996 1805 2046 ἀπο-

223 2086 594 2153 στράλλονται·
646 2085 771 2139 οὔτε
822 2088 923 2149 τὰς
975 2090 1038 2139 ὲκ
1093 2087 1201 2139 τῶν
1254 2087 1569 2140 ὑποθέσεων
1625 2086 1805 2138 αὐτῶν

220 2177 672 2247 ἀναφαινομένας
708 2178 940 2240 ἀτοπίας
985 2178 1392 2247 προειδόμενοι,
1424 2180 1504 2241 εἰς
1551 2172 1663 2230 οἷον
1705 2177 1803 2228 αὐ-

220 2271 351 2330 τοὺς
381 2268 659 2333 ἀπάγουσι
693 2270 939 2339 κρημνόν
961 2287 976 2301 ο
1010 2270 1104 2322 καὶ
1134 2270 1287 2321 οὶδὲν
1318 2269 1501 2332 αὐτοῖς
1530 2268 1703 2329 οὕτως
1724 2269 1805 2330 εἰς

223 2360 551 2428 περιουσίαν
587 2360 924 2429 φιλοτιμίας,
960 2362 1036 2424 ὡς
1060 2362 1160 2431 τῆς
1194 2360 1435 2431 ἀμαθίας
1461 2366 1493 2432 ἠ
1533 2364 1802 2431 μάθησις·

222 2454 295 2519 τῇ
330 2452 437 2520 γὰρ
472 2451 577 2521 ίδία
618 2452 849 2523 αἰσχύνῃ
890 2452 1425 2519 ἐγκαλλωπίζονται’
1461 2448 1535 2505 ὧν
1562 2453 1637 2515 ὼς
1671 2454 1804 2522 ἁλη-

225 2540 341 2603 θῶς
366 2544 397 2607 ὴ
435 2541 562 2604 δόξα
597 2543 656 2593 ἐν
681 2544 744 2610 τῇ
779 2542 987 2594 ἑαυτῶν
1027 2544 1281 2614 αἰσχύνῃ.
1328 2544 1489 2595 Ἀλλὰ
1536 2546 1703 2613 φαίην
1739 2544 1805 2595 ἂν

224 2631 407 2698 ἔγωγε
460 2633 597 2701 πρὸς
628 2634 718 2685 τὸν
766 2628 867 2687 ὧδε
918 2634 1256 2703 διειληφότα,
1313 2637 1408 2688 καὶ
1458 2636 1607 2697 ὅστις
1637 2636 1806 2689 ταῦτα

227 2726 451 2791 φρονεῖν
481 2724 795 2794 προῄρητο·
830 2726 902 2777 Σὺ
943 2721 1036 2777 οὖν
1074 2726 1166 2778 δύο
1198 2725 1390 2794 φύσεις
1439 2728 1497 2779 ἐν
1531 2730 1642 2789 τοῖς
1694 2729 1806 2789 σοῖς

225 2816 412 2883 λόγοις
448 2816 855 2885 ὑποτιθέμενος,
908 2819 1072 2870 ποίαν
1116 2819 1320 2871 τούτων
1368 2819 1655 2887 ὁμολογεῖς
1715 2820 1806 2871 ἐπὶ

225 2907 328 2973 τῆς
368 2906 508 2958 κατὰ
539 2908 777 2977 Χριστὸν
831 2908 1067 2978 μορφῆς,
1119 2912 1213 2962 καὶ
1242 2909 1337 2962 τοῦ
1388 2911 1681 2977 προσώπου
1712 2910 1807 2964 τοῦ

226 2996 526 3067 ὁραθέντος
556 3000 649 3051 καὶ
700 2999 1003 3066 φανέντοςς
1039 3002 1097 3052 Εἰ
1134 3002 1230 3069 μὲν
1276 3002 1373 3071 τὴν
1411 3002 1561 3054 θείαν
1610 3003 1805 3065 εἴποις,

229 3086 469 3139 ἐνταῦθα
496 3088 700 3157 ὁρατὴν
736 3089 1022 3158 ἀπέφηνας
1050 3090 1145 3160 τὴν
1179 3092 1418 3159 ἄληπτον
1457 3092 1548 3141 καὶ
1579 3092 1809 3161 ἀόρατον

229 3179 328 3230 τοῦ
382 3181 561 3247 Λόγου
620 3182 883 3252 θεότητασ
931 3184 1087 3236 οὐδὲν
1137 3185 1193 3237 δὲ
1222 3186 1412 3237 διοίσει
1469 3188 1666 3247 εἰπεῖν,
1717 3188 1808 3237 καὶ

235 3274 643 3342 περιγραπτὴν.
696 3275 812 3326 Πᾶν
843 3274 954 3343 γὰρ
990 3275 1049 3327 τὸ
1098 3274 1396 3345 ὁρώμενον,
1434 3277 1811 3346 περιγραπτὸν

234 3364 333 3414 καὶ
380 3364 611 3431 ὁριστὸν,
662 3367 735 3428 ὡς
796 3370 860 3436 τῇ
918 3368 1171 3435 αἰσθήσει
1235 3369 1673 3431 ὑποπεπτωκός·
1718 3370 1812 3420 καὶ

232 3455 377 3522 ὅπερ
417 3454 601 3507 δοῦναι
633 3460 697 3524 τῇ
743 3459 907 3525 σαρκὶ
950 3459 1048 3509 οὐκ
1102 3459 1351 3527 ἠνέσχου,
1408 3459 1566 3510 τοῦτο
1596 3462 1660 3529 τῇ
1693 3458 1812 3528 θεία

234 3546 402 3613 φύσει
425 3547 823 3619 προσέρριψας.
851 3550 960 3601 Καὶ
990 3551 1089 3601 οὐκ
1112 3550 1350 3620 ἐκφεύξῃ
1380 3551 1437 3603 τὸ
1466 3551 1809 3620 βλάσφημον,

232 3638 360 3691 οὑδὲ
406 3640 707 3708 παρανοίας
766 3641 1134 3710 ἐγκλημάτων
1176 3642 1438 3704 ἀπέλθοις
1487 3641 1808 3704 ἀνεύθυνος·

234 3729 318 3779 ὅτι
355 3728 420 3797 δὴ
453 3729 541 3780 δια
577 3730 836 3798 πλείστης
869 3731 1000 3798 ὅσης
1039 3730 1295 3799 σπουδῆς,
1336 3731 1396 3782 τὸ
1422 3730 1615 3799 ὁρατὸν
1651 3730 1813 3800 ἀόρα-

234 3838 352 3885 τον,
383 3824 478 3874 καὶ
507 3823 567 3874 τὸ
601 3823 982 3892 περιγραπτὺν
1016 3824 1427 3894 ἀπερίγραπτον
1460 3823 1814 3892 παραστῆσαι

240 3913 549 3983 βουληθεὶς,
580 3919 645 3986 τῇ
688 3917 1010 3985 ματαιότητι
1040 3918 1147 3969 τῶν
1180 3917 1287 3970 σῶν
1319 3918 1540 3969 ἐννοιῶν
1574 3918 1815 3970 ἀποϐου-

238 4007 598 4076 κολούμενος,
619 4010 698 4071 εἰς
725 4008 786 4061 τὸ
815 4009 1056 4077 ἔμπαλίν
1118 4026 1199 4062 σοι
1226 4010 1297 4061 τὰ.
1327 4008 1420 4061 τοῦ
1459 4009 1617 4076 λόγου
1662 4028 1816 4079 περι-

237 4100 475 4169 ήγαγες.
502 4097 575 4149 Τὸ
591 4098 699 4168 γὰρ
727 4099 980 4169 ἀόρατον,
1003 4101 1066 4152 ὲκ
1088 4099 1181 4153 τοῦ
1210 4102 1452 4154 ἐναντίου
1482 4102 1698 4171 ὁρατὸν,
1723 4106 1817 4155 καὶ

246 4192 312 4241 τὸ
381 4190 794 4262 ἁπερίγραπτον
873 4194 1247 4263 περιγραπτὸν
1318 4192 1487 4256 οὕτως
1548 4195 1613 4247 ἂν
1670 4198 1821 4265 εἰσῄ-

241 4295 437 4347 γαγες.

331 4413 470 4464 Ἀλλ’

241 4504 598 4575 ἀνθρωπίνην
646 4506 751 4577 ἄρα
785 4510 955 4578 μόνην
1000 4513 1097 4580 τὴν
1140 4515 1427 4582 ὁρωμένην
1477 4514 1536 4577 ἐξ
1566 4514 1817 4582 ἀνάγκης

525 4416 572 4466 εί
632 4415 705 4485 μὴ
753 4417 910 4469 τοῦτο
960 4420 1135 4471 εἰπεῖν
1168 4420 1663 4491 κατατολμήσεισς,
1716 4421 1817 4491 τὴν

242 4595 470 4659 δώσεις.
510 4599 620 4651 Καὶ
653 4601 740 4652 ἵνα
767 4604 865 4669 τὴν
891 4604 1088 4670 ὁμοίαν
1114 4604 1190 4672 τῷ
1226 4605 1300 4673 σῷ
1332 4605 1474 4676 λόγῳ
1514 4607 1820 4674 ἀπάντησιν

246 4687 637 4754 ποιησώμεθα,
670 4692 1000 4761 μεμέρισται
1034 4695 1170 4757 σοιή
1201 4695 1517 4759 ὑπόατασις,
1551 4697 1644 4749 καὶ
1668 4697 1821 4763 ψιλὸν

246 4780 544 4846 ἆιθρωπον
576 4781 664 4831 τὸν
697 4783 929 4852 Χριστὸν
963 4784 1348 4853 ἐδογμάτιτας,
1374 4788 1469 4839 καὶ
1490 4789 1821 4859 ἀπήρτισταί

247 4887 333 4921 σοι
359 4872 722 4941 τρανέστερον
756 4876 844 4925 καὶ
869 4878 1384 4949 πεμμανέστεῳνὴ
1414 4882 1631 4949 τετράς.
1663 4882 1822 4933 Ἰδιον

244 4961 358 5027 γὰρ
401 4961 691 5029 πρόσωπον
735 4966 800 5032 τῇ
854 4968 1023 5032 σαρκὶ
1073 4967 1315 5036 ἔνειμας,
1357 4970 1451 5021 καὶ
1510 4972 1815 5040 πεποίηκας

243 5052 339 5103 τὸν
370 5052 602 5120 Χριστὸν
629 5055 829 5121 κτίσμα
862 5058 1044 5124 μόνον,
1074 5058 1147 5119 ὡς
1180 5062 1275 5125 τὴν
1308 5060 1535 5130 θεότητα
1570 5064 1644 5130 μὴ
1679 5059 1818 5115 εἶναι

244 5142 330 5205 εἰς
363 5143 561 5195 αὐτόν·
603 5147 696 5196 καὶ
734 5147 1113 5216 περιέγραψας
1140 5150 1469 5221 τελεώτερον
1506 5157 1595 5206 καὶ
1646 5158 1821 5222 ἀςςὲχ-

244 5235 526 5306 λέστερον,
573 5237 666 5289 καὶ
712 5238 869 5289 τοῦτο
928 5238 1049 5291 λίαν
1100 5242 1288 5303 κακῶς
1338 5245 1429 5295 καὶ

256 5323 469 5386 Ἐἀλως
502 5326 595 5379 οὖν
625 5330 735 5389 τοῖς
766 5328 991 5391 οἰκείοις
1037 5331 1317 5383 κάνταῦθα
1364 5352 1426 5384 π;

1480 5246 1815 5311 ἐπισφαλῶς.

1436 5352 1560 5403 ριττε
1572 5335 1676 5385 saw
1712 5355 1785 5403 μη
1798 5365 1819 5375 -

248 5418 551 5487 κινήμασι·
589 5419 709 5482 Πῶς
762 5419 868 5489 γὰρ
916 5421 1102 5475 λοιπὸν
1158 5428 1252 5493 τῆς
1288 5426 1584 5494 Νεσῖνςιὶον
1623 5444 1817 5497 (mavo-

320 5620 436 5654 ¹³·ί⁷
473 5617 633 5672 Prov.
674 5635 725 5684 χ,
762 5624 840 5679 i7.

922 5624 961 5652 "'
1007 5624 1167 5679 lict-li.
1213 5642 1322 5691 XXI,
1355 5628 1441 5679 2|.

320 5804 434 5873 (29)
470 5804 664 5862 Κείοις
696 5807 893 5862 dictum
928 5824 952 5860 ιι
992 5806 1240 5872 Macario,
1288 5824 1333 5875 p.
1366 5808 1453 5873 “lii,
1490 5817 1599 5861 not.
1638 5807 1697 5861 l9

1904 636 2050 679 male
2107 626 2466 691 conﬁtemur;
2542 640 2593 681 et
2669 642 2998 696 quamquam
3065 626 3237 679 solius
3296 628 3477 681 carnis

1902 715 2192 785 imaginem
2242 716 2369 770 facit
2415 717 2676 789 (artifex),
2712 729 2952 772 attamen
2985 718 3147 771 etiam
3187 731 3475 785 personam

1903 809 2053 861 carni
2112 809 2385 878 propriam
2422 810 2535 862 dat.
2572 808 2760 878 Fitque
2790 810 2893 863 hoc
2944 809 2997 861 in
3037 815 3147 859 tota
3178 806 3477 859 divinitate

1905 909 2200 954 monstrum
2236 941 2249 963 ,
2314 902 2363 954 id
2415 910 2498 954 est
2562 912 2671 953 tres
2730 902 2782 954 in
2833 898 3117 953 divinitate
3181 910 3474 964 personal,

1904 996 1957 1039 et
2018 1003 2123 1039 una
2190 989 2546 1043 humanitatis
2593 1006 2604 1040 :
2648 989 2789 1056 quod
2850 985 3097 1057 profecto
3156 1000 3474 1055 perversum

1905 1088 1986 1132 Cal
2015 1078 2147 1147 (29).
2197 1100 2213 1131 ι
2278 1080 2558 1149 Susdeque
2595 1082 2847 1135 unionem
2886 1082 3161 1143 decantat,
3187 1093 3352 1147 quam
3389 1077 3475 1130 iu-

1906 1174 2261 1242 separabilem
2300 1174 2385 1227 hic
2416 1176 2630 1243 sapiens
2660 1173 2807 1234 dicit,
2847 1181 2901 1225 ut
2930 1189 3022 1241 per
3050 1173 3194 1225 illam
3227 1170 3478 1224 videatur

1908 1267 2099 1333 dogma
2157 1280 2316 1318 suum
2376 1263 2676 1329 roborare,
2730 1275 2891 1333 atque
2953 1265 3024 1316 ita
3080 1263 3475 1314 hmnanitatem

1906 1354 2107 1409 Christi
2137 1356 2483 1409 obmubrare.
2510 1353 2716 1408 Idcirco
2744 1357 2818 1408 ait
2858 1373 2868 1408 :
2910 1353 3132 1407 Etiamsi
3170 1352 3337 1405 solius
3360 1367 3480 1404 car-

1906 1449 1991 1502 nis
2040 1448 2327 1518 imaginem
2370 1447 2517 1501 facit.
2549 1447 2724 1515 Atque
2773 1446 2874 1501 hoc
2918 1447 3037 1499 loco
3086 1445 3302 1513 sapiens
3349 1442 3479 1497 illud

1907 1538 2185 1592 oraculum
2219 1536 2553 1590 recitandum
2600 1545 2680 1589 est
2722 1553 2734 1588 :
2785 1554 2803 1585 ι
2846 1532 3118 1603 Sapientia
3160 1549 3342 1585 carens
3396 1532 3481 1583 in-

1911 1629 2227 1698 crepatione,
2274 1638 2455 1691 errat;
2503 1638 2549 1682 et
2584 1628 2848 1697 sapientia
2886 1625 3166 1688 insensati,
3192 1624 3479 1689 inexplica-

1909 1722 2033 1773 bilia
2060 1720 2363 1773 verba”'".
2386 1718 2452 1772 Et
2478 1739 2488 1772 :
2528 1718 2613 1772 Vw
2635 1720 2699 1771 iis
2719 1725 2805 1787 qui
2826 1718 2964 1783 apud
2989 1732 3043 1768 se
3068 1716 3207 1783 ipsas
3224 1714 3479 1781 sapientes

1909 1823 2053 1874 sunt,
2086 1822 2134 1865 et
2169 1812 2376 1877 judicio
2426 1811 2641 1879 proprio
2692 1810 2974 1875 prudentes
2992 1808 3012 1859 .'
3042 1806 3179 1869 Quia
3212 1805 3482 1872 infatuem

1910 1913 1985 1956 eu
2013 1902 2260 1968 insipiens
2290 1901 2522 1967 ipsorum
2544 1899 2740 1961 anima,
2764 1907 2811 1950 et
2848 1906 3111 1950 excwcata
3139 1894 3326 1947 mentis
3351 1907 3479 1944 con-

1911 1994 2032 2047 silia
2066 1993 2129 2046 ¹⁸.
2157 1992 2404 2061 Namque
2436 2006 2463 2043 a
2500 1992 2726 2044 veritate
2757 2000 3025 2044 rectorum
3064 1984 3321 2041 Ecclesia:
3348 1984 3485 2053 dog-

1913 2097 2114 2141 tnatum
2178 2085 2410 2154 denique
2480 2085 2787 2145 eseiduut;
2845 2096 3018 2149 neque
3063 2079 3367 2134 emicantes
3414 2090 3483 2131 ex

1912 2181 2027 2236 suis
2156 2180 2620 2249 propositionibus
2653 2178 3018 2231 absurditates
3062 2173 3384 2241 praevident,
3426 2171 3481 2224 iu

1911 2274 2067 2342 quale
2096 2272 2347 2325 videlicet
2379 2286 2471 2324 eos
2500 2269 2816 2339 pertrahant
2864 2266 3220 2335 prsccipitium
3265 2280 3279 2316 :
3320 2260 3482 2315 nihil-

1912 2382 2016 2434 que
2051 2363 2150 2432 ipsi
2182 2362 2352 2431 magis
2404 2361 2641 2424 student,
2685 2373 2846 2426 quam
2879 2357 3240 2425 ignorantiam
3294 2350 3483 2406 cundi-

1912 2463 2183 2519 seere;et
2219 2452 2436 2520 quidem
2465 2465 2563 2503 suo
2614 2448 2853 2517 ipsorum
2900 2445 3195 2514 approbrio
3243 2441 3483 2513 glorian-

1915 2557 2035 2609 tur;
2066 2558 2297 2612 quorum
2335 2555 2517 2594 revera
2555 2540 2723 2609 gloria
2752 2548 2835 2593 est
2860 2540 2909 2592 in
2950 2536 3265 2592 earumdem
3327 2536 3485 2604 igno-

1914 2636 2079 2689 minia
2110 2636 2173 2688 ¹⁹.
2204 2634 2364 2702 Atqui
2385 2647 2481 2699 ego
2511 2632 2633 2684 huic
2658 2631 2729 2683 ita
2773 2626 3147 2689 contendenti,
3179 2636 3233 2679 et
3258 2626 3485 2679 cuilibet

1913 2730 2062 2798 paria
2091 2727 2299 2795 opinari
2334 2725 2533 2777 volenti
2564 2723 2644 2777 sic
2670 2736 2990 2776 occurram:
3016 2718 3098 2772 Tu
3124 2734 3275 2787 ergo,
3302 2732 3482 2786 quan-

1915 2820 2200 2887 doquidem
2231 2818 2364 2871 duas
2399 2826 2622 2869 naturas
2654 2828 2777 2869 esse
2804 2813 3015 2877 deliuis,
3049 2820 3224 2864 utram
3290 2811 3480 2863 harum

1914 2911 2191 2965 c0uliteris
2222 2911 2273 2963 in
2307 2909 2508 2964 Christi
2544 2908 2741 2972 forma,
2778 2916 2833 2960 et
2865 2905 2916 2958 in
2955 2918 3182 2973 persona
3215 2917 3335 2971 qua:
3366 2914 3485 2953 cer-

1918 3002 2063 3057 nitur
2092 3013 2253 3070 atqu:-
2290 3001 2549 3069 apparet?
2582 3000 2637 3053 Si
2674 2999 2907 3053 divinam
2946 2997 3170 3062 dixeris,
3208 3005 3335 3049 tunc
3357 2994 3487 3049 visi-

1916 3096 2077 3148 bilem
2116 3111 2235 3147 esse
2265 3093 2496 3146 aﬂirmas
2535 3091 2691 3147 Verbi
2726 3091 2929 3159 alioqui
2958 3087 3483 3155 incomprehensibi—

1836 3218 1880 3277 α
1919 3187 2021 3240 lem
2059 3197 2221 3254 atque
2276 3185 2599 3239 invisibilem
2656 3184 2950 3248 deitatem;
2980 3183 3121 3251 quod
3154 3181 3375 3250 perinde
3401 3189 3488 3235 est

1914 3292 1977 3330 ac
2013 3277 2057 3330 si
2106 3277 2255 3330 dicas
2309 3275 2803 3344 circumscriptam.
2839 3273 3082 3342 Namque
3136 3286 3296 3325 omne
3342 3270 3485 3339 quod

1914 3372 2171 3433 cernitur,
2219 3368 2689 3437 circumscriptum
2732 3377 2816 3420 est
2866 3382 2930 3420 ac
2993 3364 3296 3428 deﬁnitum,
3359 3363 3485 3430 quia

1914 3463 2161 3515 videlicet
2223 3462 2321 3515 sub
2376 3475 2571 3514 sensus
2612 3460 2756 3512 cadit
2807 3474 2820 3509 :
2869 3458 3122 3526 quodque
3188 3454 3488 3509 attribucre

1914 3554 2065 3607 carni
2127 3553 2368 3617 noluisti,
2420 3552 2470 3604 id
2536 3552 2587 3603 in
2639 3550 2876 3602 divinam
2934 3558 3184 3600 naturam
3244 3544 3484 3614 projicis.

1913 3649 2100 3718 Neque
2129 3662 2257 3702 sane
2284 3645 2483 3699 vitabis
2514 3644 2924 3711 blasphemiam,
2961 3655 3135 3709 neque
3164 3640 3229 3694 de
3259 3638 3488 3692 crimine

1915 3738 2201 3792 dementia:
2253 3751 2379 3789 reus
2416 3751 2522 3787 non
2552 3734 2697 3797 eris;
2746 3732 2866 3800 quia
2912 3740 3033 3799 post
3082 3731 3183 3783 hoc
3228 3727 3487 3779 eximium

1914 3832 2153 3887 studium
2205 3837 2398 3891 tuum,
2428 3827 2553 3880 dum
2597 3824 2809 3879 visibile
2853 3837 2973 3876 esse
3036 3818 3308 3874 invisibile
3343 3857 3357 3876 .
3382 3817 3492 3871 cir-

1917 3922 2304 3989 cumscriptum
2359 3933 2480 3973 esse
2536 3914 3069 3982 incircumscriptum
3115 3911 3491 3966 demonstrare

1918 4013 2021 4076 vis,
2075 4011 2461 4081 cogitationum
2529 4019 2742 4063 tuarum
2784 4006 3023 4058 vanitate
3086 4004 3342 4071 deceptus
3372 4039 3387 4064 ,
3436 4000 3488 4051 in

1917 4104 2251 4157 contrarium
2285 4115 2501 4155 sensum
2525 4103 2683 4153 verba
2710 4106 2798 4150 tua
2823 4095 3157 4149 convertisti.
3181 4092 3311 4145 Nam
3347 4094 3487 4159 quod

1917 4203 1999 4247 est
2056 4192 2346 4253 invisibile,
2400 4200 2584 4243 contra
2640 4189 2699 4240 iit
2787 4186 3042 4250 visibile;
3084 4194 3140 4237 et
3202 4184 3490 4237 incircum-

1920 4283 2205 4353 scriptmn,
2223 4290 2273 4336 te
2307 4282 2537 4341 dicente,
2558 4280 2612 4332 lit
2638 4278 3128 4344 circumscriptum.

1991 4414 2059 4469 At
2108 4416 2151 4470 si
2197 4416 2335 4468 forte
2367 4415 2546 4468 dicere
2572 4412 2622 4467 id
2653 4426 2757 4466 non
2787 4412 3011 4473 audeas,
3049 4410 3337 4463 humanam
3364 4415 3487 4461 tan-

1925 4509 2204 4561 tmnmodo
2252 4506 2513 4559 visibilem
2586 4516 2839 4558 naturam
2909 4501 3127 4557 Christo
3198 4500 3485 4554 attribues.

1922 4601 2097 4667 Atque
2157 4607 2216 4651 ut
2271 4596 2502 4650 similem
2560 4595 2793 4649 orationi
2843 4602 2949 4647 tua:
2999 4583 3484 4647 contradictionem

1920 4690 2218 4752 faciamus,
2266 4688 2597 4756 hypostasim
2638 4696 2690 4738 tu
2738 4684 3004 4747 divisisti,
3079 4682 3488 4751 simplicemquc

1921 4780 2194 4833 hominem
2242 4776 2519 4829 Christum
2566 4790 2686 4829 esse
2735 4773 3299 4841 deliuisti,magisque
3361 4786 3487 4839 per-

1920 4872 2103 4940 spicue
2131 4879 2294 4937 atque
2324 4868 2604 4922 evidenter
2639 4870 3060 4937 quaternitatem
3084 4864 3330 4919 eﬂ'ccisti.
3358 4865 3492 4915 ιντο.

1922 4964 2093 5031 priam
2142 4961 2286 5015 enim
2350 4974 2634 5027 personam
2682 4958 2832 5012 carni
2888 4958 3212 5019 attribuisti,
3250 4958 3490 5023 nihilque

1926 5056 2071 5110 aliud
2098 5069 2260 5123 quam
2289 5065 2595 5107 creaturam
2622 5053 2895 5107 Christum
2926 5052 3123 5115 fecisti,
3168 5052 3241 5103 ita
3276 5059 3333 5102 ut
3375 5050 3484 5102 dei-

1924 5158 2005 5202 tas
2037 5147 2088 5200 in
2113 5161 2177 5201 eo
2212 5162 2317 5199 nou
2382 5146 2472 5207 sit,
2499 5145 2896 5213 perfectiusque
2925 5152 2980 5198 et
3020 5144 3227 5196 lirmius
3258 5141 3489 5193 cireum-

1920 5239 2216 5308 scripsisti;
2240 5240 2397 5305 idque
2416 5253 2575 5306 prave
2599 5239 2884 5291 admodum
2908 5248 2961 5291 et
2992 5234 3275 5289 fallaciter.
3295 5234 3493 5301 Ctzptrs

1926 5334 2106 5402 itaque
2158 5348 2217 5387 es
2268 5333 2489 5386 tuismet
2546 5331 2839 5401 implicitus
2886 5330 3154 5384 artilieiis.
3200 5327 3333 5381 Nam
3388 5342 3495 5394 quo

1925 5436 2079 5495 pacto
2134 5426 2387 5493 ticiticrps
2446 5425 2776 5479 Nestorianw
2838 5425 3057 5479 insania:
3112 5421 3499 5489 divisionisque

1527 5630 1565 5657 "
1609 5626 1799 5697 Philip.
1840 5644 1915 5691 Ill,
1968 5630 2045 5681 Ital.
