4238 6446
684 327 782 398 9.51

1716 334 1774 392 S.
1819 334 2238 394 NICEPIIORI
2280 329 2790 394 PATRIARCHIE
2826 331 2933 390 CP.

3841 324 3953 387 232

685 445 1080 500 absurditalem
1117 444 1351 499 vitabis?
1381 445 1665 500 manifeste
1720 447 1867 500 enim
1916 447 1968 500 itt
2014 449 2150 502 hanc
2183 450 2260 500 in—
2293 454 2338 508 Α

2293 454 2338 508 Α
2367 444 2625 507 δλαδείας
2655 445 2749 497 καλ⁵
2781 441 3105 515 διαιρέσεως
3133 441 3232 514 τὴν
3259 438 3496 496 ἀτοπίαν
3518 439 3784 510 (States-559
3811 456 3824 502 ;
3852 445 3953 490 aut.

687 539 888 594 cidisti.
917 536 1192 608 Siquidem
1239 537 1518 593 Nestorius
1562 540 1701 593 hanc
1726 539 1796 594 ob
1825 555 2042 594 causam
2090 541 2260 610 hypo-

692 631 941 683 staticam
986 628 1246 684 unionem
1276 631 1527 684 cooliteri
1561 631 1614 683 itt
1638 630 1861 685 Christo
1893 641 2134 693 recusat,
2166 631 2260 685 sed

691 719 1064 775 benevolentia
1089 721 1270 789 potius
1298 731 1352 774 et
1386 719 1653 774 relatione
1687 720 1825 774 hanc
1861 721 2055 775 conlici
2089 721 2264 775 blate-

696 821 795 876 tat,
818 826 915 866 ceu
943 812 987 865 si
1015 810 1199 865 divina
1240 820 1432 865 natura
1460 826 1566 865 non
1587 812 1837 865 admittat
1861 811 2023 865 aliam
2051 813 2267 867 unionis

691 915 1000 969 personam,
1051 911 1267 969 propter
1328 901 1976 969 incircumscriptionem.
2015 902 2132 969 Quo
2184 905 2266 968 lit,

692 1001 751 1043 ut
799 1007 896 1045 nec
939 993 1154 1063 proprie
1190 994 1474 1062 Deiparatn
1529 1006 1775 1049 sanctam
1822 995 2117 1064 Virginem,
2173 999 2268 1052 sed

692 1082 1091 1151 bominiparam
1165 1088 1447 1142 exstitisse
1519 1086 1750 1142 fuliliter
1827 1088 1993 1142 dicat.
2067 1087 2272 1142 Deinde

692 1175 896 1230 Citriin
936 1177 1211 1233 miraculis
1240 1180 1400 1233 simul
1435 1190 1488 1234 et
1516 1180 1854 1235 cruciatibus
1888 1181 1982 1235 tibi
2019 1181 2268 1250 objectis,

695 1267 823 1333 quid
860 1267 977 1320 ais?
1007 1266 1274 1333 Quoniam
1329 1271 1865 1340 incircuntscripttttu
1903 1281 1986 1325 est
2017 1272 2270 1332 Verbum.

609 1408 611 1411 .
697 1359 1017 1428 pariterque
1063 1362 1592 1430 incircutnsm'iptatn
1647 1378 1867 1416 carnem
1916 1366 2019 1426 ais,
2058 1366 2274 1431 utrique

625 1486 633 1490 -
695 1451 922 1504 omnino
954 1453 1116 1505 ambo
1144 1453 1433 1516 attribues,
1486 1453 1742 1506 miracula
1783 1463 1946 1520 atque
1977 1454 2274 1517 cruciatus,

702 1542 879 1597 Verbo
915 1545 1103 1611 utique
1150 1554 1204 1597 et
1239 1544 1422 1610 carni;
1471 1559 1575 1597 non
1622 1551 1803 1598 autem
1841 1544 2156 1612 singillatim
2213 1558 2275 1600 ac

699 1633 1082 1701 particulatim,
1110 1635 1236 1704 quia
1269 1650 1372 1687 non
1405 1634 1680 1688 alternant
1716 1634 2104 1702 proprietatem
2146 1632 2278 1688 Ver-

703 1724 829 1778 bum
867 1733 920 1778 et
973 1739 1142 1795 caro,
1192 1726 1334 1793 quod
1370 1725 1568 1779 attinet
1613 1724 1722 1795 34
1758 1726 1824 1778 ad
1876 1725 2279 1778 int-ircnnscri-

2363 540 2473 609 γὰρ
2516 537 2689 610 ταύτῃ
2745 535 2934 604 σαφῶς
2987 536 3444 607 περιπέπτωκας.
3512 533 3669 586 Ἐπεὶ
3706 533 3757 584 οἱ
3812 531 3952 600 περὶ.

2365 629 2662 701 Νεστόριον
2708 627 2904 681 τούτου
2940 644 3003 695 γε
3035 627 3246 680 εἵνεκεν
3300 628 3402 697 τὴν
3451 626 3578 679 καθ’
3638 626 3953 677 ὑπόστασιν

2366 723 2560 775 ἕνωσιν
2593 722 2878 793 ὁμολογεῖν
2915 723 3009 774 ἐπὶ
3037 721 3283 792 Χριστοῦ
3317 719 3689 790 παρῄτηνται,
3727 717 3955 784 εὐδοκία

2365 810 2422 864 δὲ
2451 811 2652 879 μᾶλλον
2685 812 2779 863 καὶ
2805 811 2988 879 σχέσει
3013 810 3220 881 ταύτην
3245 810 3486 881 ὑπάρξαι
3515 808 3949 877 κενοφωνοῦσιν,

2367 902 2441 964 ὠς
2499 902 2565 973 δὴ
2604 903 2701 970 τῆς
2748 902 2904 965 θείας
2940 903 3156 970 φύσεως
3209 903 3283 972 μὴ
3325 901 3716 971 ἐπιδεχομένης
3759 900 3956 969 ἓτερον

2373 992 2663 1060 πρόσωπον
2713 991 2987 1056 ἑνώσεως,
3024 992 3112 1044 διὰ
3170 993 3231 1043 τὸ
3256 993 3698 1061 ἁπερίγραπτον.
3759 990 3850 1055 Ἐξ
3887 983 3956 1042 οὗ

2376 1084 2509 1155 μηδὲ
2549 1085 2757 1154 κυρίως
2805 1084 3071 1137 Θεοτὸκον
3128 1086 3225 1154 τὴν
3271 1084 3436 1151 ἁγίαν
3478 1083 3776 1152 Παρθένον,
3834 1081 3956 1133 ἀλλ’

2372 1177 2789 1249 άνθρωποτόκον
2809 1177 3142 1247 γεγενῆσθαι
3171 1176 3630 1244 εἰκαιολογοῦσιν.
3658 1171 3788 1226 Εἶτα
3817 1174 3957 1225 θαυ-

2378 1270 2562 1340 μάτων
2595 1268 2729 1338 ὁμοῦ
2762 1270 2856 1323 καὶ
2895 1270 3241 1339 παθημάτων
3264 1269 3396 1338 περὶ
3439 1269 3532 1321 τὸν
3576 1270 3816 1339 Χριστόν
3870 1285 3958 1320 σοι

2376 1363 2780 1432 προκειμένων,
2829 1362 2925 1415 καὶ¹
2973 1362 3181 1416 τούτων
3237 1361 3532 1432 παραπολὺ
3587 1362 3959 1428 διεστηκότων

2375 1453 2624 1524 αλλήλων
2664 1453 2756 1506 καὶ
2781 1453 3174 1523 διαφερόντων,
3208 1453 3261 1505 τί
3290 1453 3438 1524 φής;
3483 1453 3703 1522 Ἐπειδὴ
3749 1451 3956 1520 ἀπερί-

2376 1563 2621 1614 γραπτος
2643 1547 2672 1598 ό
2701 1545 2891 1613 Λόγος,
2925 1544 3190 1608 ὡσαύτως
3216 1544 3272 1596 δὲ
3302 1544 3400 1597 καὶ
3443 1545 3476 1612 ἡ
3515 1543 3672 1613 σάρξ.
3704 1543 3960 1613 ἑκατέρῳ

2379 1638 2664 1707 ἀμφότερα
2695 1638 2916 1699 πάντως
2943 1635 3021 1706 τῷ
3051 1653 3111 1690 τε
3129 1636 3291 1706 Λόγῳ
3321 1636 3416 1690 καὶ
3450 1637 3518 1704 τῇ
3555 1637 3723 1704 σαρκὶ
3749 1635 3960 1703 ἀναθή-

2383 1745 2495 1791 σεις
2515 1747 2528 1759 ·
2556 1729 2618 1781 οὐ
2653 1729 2761 1799 γὰρ
2794 1729 2898 1799 ἰδίᾳ
2926 1729 3021 1782 καὶ
3043 1730 3148 1782 ἀνά
3176 1729 3364 1800 μέρος,
3409 1728 3486 1798 τῷ
3521 1728 3598 1798 μὴ
3633 1728 3954 1795 παραλλάσ-

704 1818 970 1886 ptionem.
991 1817 1047 1871 ld
1076 1833 1203 1872 vero
1232 1834 1336 1872 non
1372 1818 1595 1887 impium
1630 1819 2022 1879 tantummodo,
2051 1818 2141 1871 sed
2170 1828 2281 1870 sto-
2312 1797 2355 1854 Β

2312 1797 2355 1854 Β
2384 1838 2496 1880 σειν
2540 1821 2681 1875 κατὰ
2714 1797 2774 1874 σὲ
2812 1797 2912 1889 την
2966 1797 3341 1892 ἰδιότητα,τόν
3390 1797 3662 1888 τεῗΛόγον
3718 1822 3809 1873 καὶ
3858 1821 3961 1890 τὴν

701 1907 874 1963 lidutn
915 1924 1129 1977 qut-que
1161 1911 1266 1962 crit
1309 1928 1320 1962 :
1357 1924 1515 1964 nemo
1564 1909 1710 1963 enim
1743 1911 2003 1963 cordatus
2039 1924 2279 1977 pronun-

706 2001 881 2062 tiabit,
926 2002 1008 2055 vel
1039 1999 1274 2056 Verbum
1317 2002 1600 2055 cruciatus
1654 2002 1783 2070 pati,
1813 2000 1895 2055 vel
1935 2001 2115 2054 carnis
2160 2015 2284 2055 esse

705 2091 967 2144 miracula
1003 2092 1339 2146 existimabit
1367 2092 1501 2163 (50).
1532 2092 1738 2162 Quippe
1769 2092 1883 2146 haec
1929 2093 2067 2145 haud
2100 2093 2285 2146 carnis

710 2185 881 2237 virtus
929 2185 1116 2247 ellicit,
1167 2186 1259 2238 sed
1324 2186 1461 2238 uniti
1512 2184 1670 2238 Verbi
1724 2185 2072 2253 omnipotens
2120 2195 2286 2252 atque

707 2274 892 2330 cilicax
935 2284 1113 2344 patrat
1145 2290 1240 2344 per
1265 2291 1483 2330 carnem
1517 2277 1788 2344 operatio.
1831 2274 1924 2329 Vel
1967 2287 2116 2330 certe
2147 2275 2285 2343 apud

710 2379 764 2422 te
792 2368 1071 2432 cruciatus,
1090 2382 1252 2437 itaque
1284 2383 1348 2422 ac
1381 2367 1641 2422 miracula
1688 2376 2036 2422 evanescent.
2079 2365 2207 2420 Nam
2240 2366 2284 2420 si

711 2476 931 2516 carnem
986 2461 1514 2529 incircumscriptam
1573 2475 1695 2514 esse
1753 2461 2122 2514 concedamus
2159 2499 2174 2524 ,
2223 2473 2287 2512 ea

712 2553 987 2610 cruciatus
1028 2552 1212 2607 subire
1238 2568 1346 2607 non
1386 2551 1605 2621 poteril.
1639 2551 1923 2618 Quomodo
1966 2553 2127 2621 igitur
2153 2549 2290 2604 blas-

714 2644 985 2714 phemiam
1017 2643 1251 2698 vitabis?
1304 2642 1550 2706 Undique
1602 2652 1653 2697 te
1690 2639 2073 2696 circtttnatnbit
2112 2643 2288 2708 ampla

714 2745 768 2789 et
823 2737 980 2789 hians
1030 2734 1326 2803 impietatis
1384 2736 1562 2790 fovea.
1621 2735 1870 2790 Profecto
1918 2735 2118 2805 justum
2164 2749 2294 2789 con-

706 2840 1020 2896 gruumque
1049 2836 1230 2889 est,ut
1274 2826 1319 2880 is
1371 2826 1461 2896 qui
1498 2827 1759 2880 miracula
1809 2826 1983 2882 Verbo
2029 2829 2290 2896 assignat,

717 2919 879 2984 idque
924 2918 1454 2987 iueircumscriptum
1518 2919 1841 2985 conﬁtetur,
1880 2921 2018 2972 idem
2071 2923 2116 2974 si
2159 2935 2293 2974 con-

722 3009 956 3062 venienti
985 3010 1233 3079 analogia
1279 3011 1428 3064 carni
1465 3013 1667 3077 pariter
1707 3014 1981 3065 cruciatus
2021 3013 2292 3086 attribuit,

2385 1916 2586 1986 σάρκα,
2628 1915 2770 1969 κατὰ
2799 1915 2859 1968 τὸ
2895 1913 3335 1985 άπερίγραπτον.
3371 1912 3556 1966 Ταῦτα
3589 1913 3669 1977 δὲ,
3717 1912 3852 1983 πρὸς
3881 1912 3962 1981 τῷ

2382 2006 2589 2068 ἀσεϐεῖ,
2623 2007 2718 2061 καὶ
2761 2006 2822 2059 τὸ
2854 2006 3081 2075 ἀνόητον
3125 2005 3270 2069 ἔξει·
3301 2005 3476 2068 οὐδεὶς
3517 2005 3629 2074 γὰρ
3683 2004 3790 2056 τῶν
3832 2004 3962 2056 νοῦν

2384 2099 2618 2168 ἑχόντων
2656 2101 3041 2169 άποφανεῖται,
3099 2098 3226 2151 οὔτε
3286 2098 3379 2151 τὸν
3423 2098 3600 2165 Λόγον
3657 2097 3964 2167 παθήματα

2386 2189 2594 2260 φέρειν,
2627 2190 2750 2243 οὔτε
2791 2187 2890 2260 τῆς
2930 2188 3134 2259 σαρκὸς
3177 2188 3250 2241 τὰ
3299 2186 3558 2256 θαύματα
3593 2186 3962 2256 ὑπολήψεται.

2385 2281 2460 2333 Οὐ
2499 2281 2604 2349 γὰρ
2635 2284 2702 2351 τῇ
2753 2281 2979 2350 δυνάμει
3027 2281 3129 2350 τῆς
3181 2279 3381 2350 σαρκὸς
3427 2279 3601 2332 ταῦτα
3657 2279 3962 2341 δείκνυται,

2387 2375 2499 2429 ἀλλ’
2532 2378 2564 2446 ὴ
2612 2375 2708 2428 τοῦ
2748 2374 3101 2445 συνημμένου
3133 2374 3308 2439 Λόγου
3345 2372 3654 2443 πανσθενὴς
3696 2375 3788 2425 καὶ
3836 2373 3967 2442 δρα-

2391 2467 2613 2538 στήριος
2652 2467 2910 2521 ἀποτελεῖ
2947 2467 3013 2519 δι’
3044 2466 3219 2536 αὐτῆς
3256 2466 3511 2536 ἐνέργεια
3542 2482 3555 2496 ·
3607 2464 3640 2535 ἢ
3677 2464 3967 2534 οἰχήσεταέ

2392 2576 2476 2612 σοι
2499 2559 2638 2625 μετὰ
2663 2559 2771 2613 τῶν
2791 2559 3091 2628 θαυμάτων
3115 2559 3298 2612 καὶτὰ
3318 2559 3494 2629 πάθη.
3525 2558 3970 2629 ’Λπερίγραπτος

2391 2650 2502 2720 γὰρ
2548 2651 2595 2703 εί
2648 2650 2831 2720 δοθείη
2875 2652 2908 2718 ἡ
2947 2649 3107 2718 σὰρξ.
3157 2649 3259 2702 οὐκ
3299 2649 3446 2702 ἐστιν
3489 2649 3517 2702 ὃ
3564 2650 3676 2710 τοῖς
3736 2648 3970 2700 πάθεσιν

2393 2739 2766 2794 ὑποκείσεται.
2799 2739 2972 2793 Πόθεν
2992 2735 3084 2791 οὖν
3114 2755 3194 2790 σοι
3222 2737 3517 2808 διαδρᾶναι
3547 2736 3608 2788 τὸ
3642 2736 3855 2806 ﬁdem
3867 2751 3969 2803 μον

2394 2837 2854 2904 περιγενήσεται;
2903 2832 2990 2895 Ὠς
3025 2829 3362 2901 πανταχόθεν
3391 2846 3454 2896 γε
3487 2829 3630 2899 μέγα
3665 2829 3969 2897 περικὲχτιο

2395 2942 2484 2978 νεν
2514 2925 2541 2976 ὁ
2573 2924 2673 2994 τῆς
2701 2924 2964 2985 ἀσεϐείας
2995 2924 3124 2994 περὶ
3154 2924 3213 2975 σὲ
3245 2922 3438 2992 βόθρος
3459 2939 3471 2951 ·
3504 2922 3598 2973 καὶ
3627 2920 3837 2973 δίκαιον
3861 2921 3969 2987 γὰρ

2396 3016 2490 3069 καὶ
2519 3017 2756 3085 πρέπον,
2785 3016 2854 3068 τὰ
2892 3014 3148 3083 θαύματα
3178 3014 3255 3084 τῷ
3292 3013 3453 3083 Λόγῳ
3493 3014 3824 3073 ἁνὰπτοντα,
3874 3012 3974 3062 καὶ

719 3103 859 3155 hanc
915 3101 1380 3170 circumscriptam
1437 3117 1557 3156 esse
1637 3104 1934 3159 existimet.
1991 3105 2082 3158 Sic
2146 3106 2365 3194 enimc

2322 3137 2365 3194 ο
2397 3108 2818 3179 ἀπερίγραπτον
2843 3106 3212 3177 ὁμολογοῦντα
3243 3107 3522 3171 ἀναλόγως
3554 3104 3645 3156 καὶ
3672 3103 3971 3172 ἁρμοδίως.

719 3207 934 3262 oportet
975 3206 1179 3249 natura:
1206 3197 1422 3264 utrique
1450 3197 1589 3266 quod
1629 3197 1904 3267 proprium
1935 3213 1997 3253 ac
2024 3196 2294 3266 peculiare

721 3291 802 3334 est
834 3283 1128 3338 ascribere.

791 3530 880 3585 25.
915 3530 1116 3586 Deinde
1162 3533 1282 3590 ait:
1328 3552 1345 3584 ι
1380 3533 1513 3599 Quia
1562 3535 1750 3600 carui,
1808 3546 1861 3588 et
1907 3535 2121 3603 quidem
2175 3535 2300 3599 soli,

724 3626 993 3690 propriam
1054 3627 1447 3680 circumscﬂbit
1489 3639 1776 3696 personam
1822 3628 2084 3696 simplicis
2130 3628 2306 3682 Immi-

727 3715 830 3770 nis.
872 3736 886 3765 ι
920 3715 1071 3782 Quod
1108 3718 1152 3770 si
1199 3719 1338 3771 forte
1391 3733 1496 3770 non
1554 3719 1990 3780 circumscribat,
2018 3719 2146 3787 quid
2207 3719 2304 3772 tibi

725 3809 975 3863 eveniet?
1031 3809 1099 3866 Ut
1149 3811 1336 3865 eadem
1371 3822 1549 3865 tecum
1596 3811 1847 3881 loquendi
1888 3812 2118 3885 formula
2164 3822 2304 3876 utar,

728 3901 807 3956 sic
860 3902 1131 3970 pr0priam
1182 3916 1469 3969 personam
1525 3901 1835 3968 assignabit
1882 3915 2125 3956 seorsum
2178 3902 2306 3956 nudi

729 4011 788 4049 ac
843 3996 1010 4049 Solius
1051 3994 1234 4060 Verbi,
1275 3993 1503 4047 divisam
1545 4008 1608 4046 ac
1663 4004 1969 4063 separatam
2019 4009 2046 4046 a
2109 3994 2309 4048 Christi

724 4089 1085 4151 immanitate,
1132 4102 1252 4156 qua:
1288 4100 1415 4141 vere
1438 4093 1518 4139 est
1545 4087 1980 4154 circumscripta,
2012 4096 2069 4140 ut
2099 4087 2310 4141 cunctis

731 4190 878 4234 recte
931 4182 1291 4236 sentientibus
1340 4191 1576 4245 constat,
1622 4188 1678 4234 et
1727 4179 1946 4250 copiose
1995 4191 2154 4233 antea
2212 4181 2309 4234 de-

733 4280 1088 4325 monstratum
1114 4273 1233 4327 l'uit.
1278 4271 1342 4324 Et
1363 4288 1492 4328 ecce
1535 4272 1630 4327 tibi
1668 4272 1792 4325 hinc
1829 4273 2005 4324 denuo
2034 4272 2313 4339 consurgit

731 4366 1088 4434 quaternitas,
1110 4366 1234 4435 quia
1265 4378 1512 4435 st-parata
1562 4378 1645 4420 est
1688 4381 1716 4418 a
1748 4364 1928 4419 Verbo
1958 4364 2113 4432 juxta
2159 4375 2308 4417 tuum

2401 3202 2494 3255 καὶ
2535 3201 2602 3252 τὰ
2655 3200 2961 3268 παθήματα
2991 3201 3056 3267 τῇ
3103 3199 3266 3268 σαρκὶ
3304 3197 3536 3257 διδόντα,
3588 3196 3975 3266 περιγραπτὴν

2399 3289 2540 3345 εἶναι
2575 3291 2839 3357 δοξάζειν,
2885 3289 3044 3342 Οὕτω
3079 3291 3187 3358 γὰρ
3233 3288 3545 3342 ἀποδιδόναι
3578 3288 3682 3358 χρὴ
3733 3287 3976 3355 ἑκατέρᾳ

2398 3383 2508 3436 τῶν
2542 3383 2757 3451 φύσεων
2777 3382 2844 3434 τά
2867 3383 3044 3433 οἰκεῖα
3076 3381 3169 3433 καὶ
3194 3380 3322 3434 ἴδια.

2473 3543 2581 3604 κγ’.
2618 3531 2751 3588 Εἷτὰ
2786 3551 2948 3604 φησιν
2977 3550 2991 3563 ⁸
3032 3554 3049 3585 ι
3087 3535 3212 3585 Ὅτι
3245 3534 3335 3585 ἐπὶ
3371 3533 3468 3601 τῆς
3507 3532 3706 3602 σαρκὸς
3751 3532 3842 3582 καὶ
3883 3532 3980 3598 μο-

2402 3645 2498 3696 νης
2536 3628 2667 3679 ἴδιον
2704 3627 2995 3696 πρόσωπον
3036 3625 3368 3696 περιγράφει
3402 3623 3558 3693 ψιλοῦ
3605 3623 3916 3692 ἀνθρώπου.
3958 3640 3974 3670 ι

2405 3723 2467 3773 Εἰ
2502 3720 2556 3772 δὲ
2598 3721 2658 3772 οὗ
2697 3720 3064 3790 περιγράφει,
3108 3719 3160 3770 τί
3193 3736 3277 3771 σοι
3331 3717 3710 3788 συμϐήσεται;
3762 3716 3878 3767 Ἵνα
3908 3715 3985 3783 τῷ

2406 3812 2555 3881 αὐτῷ
2604 3829 2684 3863 σοι
2711 3814 2897 3865 κανόνι
2931 3811 3026 3864 τοῦ
3071 3810 3233 3878 λόγου
3287 3811 3616 3880 χρήσωμαι.
3670 3808 3764 3859 καὶ
3808 3805 3986 3870 οὕτως

2410 3903 2539 3955 ἴδιον
2601 3902 2893 3971 πρόσωπον
2943 3900 3103 3954 δώσει
3162 3901 3344 3963 ἰδικῶς
3399 3898 3608 3967 γυμνοῦ
3671 3900 3835 3968 μόνου
3891 3897 3982 3947 τοῦ

2409 3993 2585 4060 Λόγου
2652 3992 3094 4064 κεχωρισμένον,
3164 3994 3258 4045 καὶ
3323 3993 3654 4061 διῃρημένον
3710 3990 3809 4059 τῆς
3862 3989 3982 4040 κατ’

2410 4085 2572 4140 αὑτὸν
2609 4085 3061 4156 ἁνθρωπότητος,
3093 4086 3214 4154 ἥτις
3241 4087 3358 4137 ἐστὶ
3392 4084 3742 4154 περιγραπτὴ
3764 4123 3778 4143 ,
3815 4082 3889 4142 ὡς
3922 4084 3985 4148 τῇ

2410 4177 2641 4248 ἀληθεία
2692 4179 2786 4230 καὶ
2833 4179 2969 4230 πᾶσι
3001 4180 3113 4240 τοῖς
3147 4175 3282 4245 ὀρθὰ
3316 4179 3537 4246 φρονεῖν
3582 4174 3747 4226 εἰδόσι
3795 4173 3985 4233 δοκεῖ,

2413 4270 2507 4319 καὶ
2539 4268 2627 4320 διὰ
2661 4267 2925 4320 πλειόνων
2960 4265 3466 4334 προαποδέδεικται.
3503 4265 3612 4316 Καὶ
3642 4264 3744 4333 ἠδη
3783 4280 3865 4314 σοι
3897 4262 3989 4313 καὶ

2414 4360 2577 4414 πάλιν
2611 4358 2862 4414 ἐντεῦθεν
2911 4361 2944 4428 ἡ
2985 4357 3184 4428 τετρὰς
3231 4358 3618 4427 περιίσταταιο
3667 4354 3857 4420 ἐπειδὴ
3896 4370 3989 4405 κε-

729 4457 1080 4513 ratiocinium
1128 4458 1462 4519 humanitas.
1517 4457 1796 4525 nihiloque
1851 4457 2030 4509 minus
2086 4456 2198 4509 abit
2255 4456 2308 4508 itt
2343 4488 2389 4546 Β

2343 4488 2389 4546 D
2415 4452 2679 4523 χὼρισται
2725 4453 2821 4505 τοῦ
2861 4451 3039 4520 Λόγου
3081 4449 3222 4502 κατὰ
3253 4449 3344 4501 τὸν
3382 4448 3471 4500 σὺν
3499 4448 3655 4514 λόγον
3687 4445 3746 4497 τὸ
3782 4443 3991 4513 ἀνθρὼ-

735 4557 916 4615 partes
973 4547 1239 4611 Christus,
1293 4547 1619 4616 additurque
1699 4562 1726 4597 a
1786 4556 1836 4599 te
1891 4559 2123 4611 persona
2173 4544 2310 4596 vivi-

728 4642 850 4694 τηρεε
883 4640 1311 4707 venerandaque
1370 4637 1644 4691 Trinitati.
1677 4637 1900 4692 Scilicet
1938 4638 2008 4690 ita
2052 4635 2308 4691 elfrenem

737 4735 998 4785 adversus
1060 4729 1266 4785 Christi
1318 4731 1677 4786 oeconomiam
1731 4730 1818 4783 hic
1861 4731 1978 4798 ejus
2024 4730 2195 4784 hostis
2230 4731 2312 4783 vi-

740 4823 902 4875 brans
930 4822 1172 4892 linguam
1203 4830 1565 4890 repugnantes
1591 4835 1870 4875 sermones
1895 4819 2102 4886 eﬂutit;
2131 4832 2184 4875 et
2212 4837 2312 4874 no-

730 4915 818 4967 vis
850 4914 1201 4982 plurimisque
1249 4914 1587 4982 argumentis
1638 4923 1809 4968 semet
1860 4914 1973 4980 ipse
2018 4914 2312 4980 decipiens,

734 5020 912 5060 totum
948 5007 1472 5061 tuettdaciierroretn
1504 5004 1839 5074 complexus,
1879 5005 2075 5059 abhinc
2117 5005 2314 5061 fabulis

735 5098 1128 5167 componendis
1183 5100 1441 5167 indulget,
1501 5099 1805 5167 praestigias
1855 5099 2312 5162 comminiscitur,

734 5207 946 5261 easque
978 5206 1114 5245 vana
1154 5189 1470 5259 garrulitate
1504 5193 1762 5252 contexit,
1797 5206 2059 5257 suamque
2083 5192 2316 5244 animam

738 5286 1210 5354 phantasmatiltus
1261 5284 1456 5354 replet;
1493 5296 1550 5336 ttt
1602 5286 1684 5338 sic
1742 5285 2074 5350 blasphemia
2131 5285 2319 5352 impie-

736 5387 950 5439 ‘tatettt,
1013 5377 1296 5445 pt'arstig'ta:
1378 5375 1651 5427 vesaniam
1703 5373 2026 5434 scribentis,
2067 5388 2162 5424 net:
2217 5390 2320 5426 non

821 5620 933 5683 (50)
967 5616 1232 5671 Maenius
1262 5633 1275 5671 :
1315 5615 1559 5684 Ὶὶρῶμεν
1584 5613 1647 5664 τὰ
1671 5612 1944 5676 θαύματα,
1965 5612 2055 5662 καὶ
2084 5609 2311 5684 νοοῦμεν

749 5690 847 5761 τὴν
879 5687 1109 5755 θεότητα
1131 5703 1148 5750 ζ
1181 5682 1448 5754 βλέποςιίεν
1573 5684 1895 5750 παθήματα,
1929 5684 2022 5733 καὶ
2063 5682 2312 5761 tactam

743 5757 853 5831 μεν
883 5761 978 5831 τὴν
1009 5757 1404 5826 ἁνθρωπότητα
1440 5777 1448 5809 ;
1495 5757 1796 5822 .‘pt‘t‘iasmts
1843 5757 2120 5812 minarum,
2162 5763 2205 5803 ct
2237 5757 2315 5803 in-

2418 4570 2571 4607 πινον
2592 4593 2606 4615 ,
2649 4551 2744 4603 καὶ
2784 4547 3114 4620 μεμέρισταί
3148 4563 3230 4599 σοι
3275 4545 3430 4599 οὐδὲν
3463 4539 3626 4614 ἦττον
3659 4543 3687 4594 ὀ
3717 4541 3954 4607 Χριστὸς
3978 4579 3991 4600 ,

2418 4641 2512 4693 καὶ
2547 4635 2931 4708 προστέθειταί
2979 4653 3061 4688 σοι
3101 4635 3395 4704 πρόσωπον
3417 4634 3509 4685 ἐπὶ
3545 4633 3644 4699 τῆς
3675 4628 3994 4698 ζωαρχικῆς

2419 4732 2513 4785 καὶ
2558 4729 2864 4800 σεϐασμίας
2920 4730 3167 4800 Τριάδος.
3233 4727 3373 4781 Ἀλλ’
3406 4725 3579 4788 οὕτως
3610 4723 3866 4792 ἀχάλινον
3902 4721 3996 4773 ἐπὶ

2419 4823 2559 4875 κατᾶ
2593 4822 2691 4890 τῆς
2713 4820 2952 4892 Χριστοῦ
2982 4819 3296 4889 οἰκονομίας
3317 4819 3344 4870 ό
3368 4815 3754 4886 Χριστομάχος
3780 4811 3996 4877 διαφεὶς

2419 4911 2517 4982 τὴν
2539 4911 2815 4976 γλῶσσαν,
2847 4909 3244 4979 παλιμφήμους
3270 4905 3601 4976 ἀπορρίπτει
3629 4903 3753 4962 τοὺς
3780 4899 3994 4966 λόγους,

2425 5006 2628 5066 καινοῖς
2673 5004 3073 5073 ἐγχειρήμασιν
3126 5000 3320 5054 ἑαυτὸν
3371 4998 3446 5060 ὡς
3498 4995 3773 5054 πλείστοις
3815 5007 3998 5059 παρα-

2414 5095 2751 5167 κρουόμενος
2772 5135 2785 5154 ,
2816 5095 2946 5163 ὃλην
2976 5094 3071 5146 τοῦ
3110 5092 3342 5162 ψεύδους
3369 5089 3469 5159 τὴν
3509 5085 3795 5154 ὲξαπάτην
3828 5081 3999 5135 εἰσδε-

2415 5189 2698 5260 δεγμένος,
2729 5188 2980 5241 ἐντεῦθεν
3006 5186 3192 5240 λοιπὸν
3221 5185 3320 5254 τῆς
3347 5178 3757 5254 μυθοπλαστίας
3788 5174 3998 5240 κατάρ-

2418 5298 2575 5351 χεται
2600 5324 2613 5345 ,
2642 5281 2737 5332 καὶ
2769 5279 3117 5351 συμπλάσσει
3143 5277 3242 5347 τὴν
3273 5274 3560 5344 τερατείαν
3581 5312 3596 5336 ,
3626 5263 3999 5351 βαττολογίας

2422 5349 2626 5440 ταύτην
2649 5349 2976 5438 ὲξυφαίνων,
3009 5370 3104 5422 καὶ
3133 5366 3439 5437 φασμάτων
3468 5362 3650 5431 πλήρη
3678 5357 3778 5428 τὴν
3802 5349 4000 5408 ἑαυτοῦ

2425 5609 2706 5675 (attigimus
2729 5609 2995 5662 tlct'tutem.
3022 5605 3296 5660 Cernimus
3318 5601 3608 5659 cruciatus,
3645 5609 3689 5650 rt
3730 5597 3990 5648 (rctt'im-ts

2425 5680 2826 5732 Ιιειυιίιηὶιιιερηι.
