  <div class='ocr_page' id='page_1' title='image "/cluster/home/n/w/nwhite01/storage/ocr_20150623/100/nnc1.0046980229/135.png"; bbox 0 0 4238 6446; ppageno 0'>
   <div class='ocr_carea' id='block_1_1' title="bbox 686 333 2363 402">
    <p class='ocr_par' dir='ltr' id='par_1_1' title="bbox 686 337 2360 402">
     <span class='ocr_line' id='line_1_1' title="bbox 686 337 2360 402; baseline -0.003 -1"><span class='ocrx_word' id='word_1_1' title='bbox 686 339 793 402; x_wconf 72' lang='grc'><strong>255</strong></span> <span class='ocrx_word' id='word_1_2' title='bbox 1711 339 1772 398; x_wconf 85' lang='lat' dir='ltr'><strong>S.</strong></span> <span class='ocrx_word' id='word_1_3' title='bbox 1815 337 2230 398; x_wconf 78' lang='lat' dir='ltr'><strong>NICEPIIORI</strong></span> <span class='ocrx_word' id='word_1_4' title='bbox 2271 338 2360 396; x_wconf 75' lang='lat' dir='ltr'>PA</span> 
     </span>
    </p>
   </div>
   <div class='ocr_carea' id='block_1_2' title="bbox 2436 333 3954 402">
    <p class='ocr_par' dir='ltr' id='par_1_2' title="bbox 2436 333 3954 399">
     <span class='ocr_line' id='line_1_2' title="bbox 2436 333 3954 399; baseline -0.001 -1"><span class='ocrx_word' id='word_1_5' title='bbox 2436 338 2780 399; x_wconf 56' lang='lat' dir='ltr'><strong>KIARCHJE</strong></span> <span class='ocrx_word' id='word_1_6' title='bbox 2820 338 2930 399; x_wconf 69' lang='grc' dir='ltr'><strong>ΕΡ.</strong></span> <span class='ocrx_word' id='word_1_7' title='bbox 3842 333 3954 397; x_wconf 75' lang='lat'><strong>9.56</strong></span> 
     </span>
    </p>
   </div>
   <div class='ocr_carea' id='block_1_3' title="bbox 690 443 2363 519">
    <p class='ocr_par' dir='ltr' id='par_1_3' title="bbox 690 445 2334 516">
     <span class='ocr_line' id='line_1_3' title="bbox 690 445 2334 516; baseline -0.004 -12"><span class='ocrx_word' id='word_1_8' title='bbox 690 460 748 504; x_wconf 89' lang='lat' dir='ltr'><strong>ut</strong></span> <span class='ocrx_word' id='word_1_9' title='bbox 796 447 1080 511; x_wconf 90' lang='lat' dir='ltr'><strong>concedat,</strong></span> <span class='ocrx_word' id='word_1_10' title='bbox 1133 463 1253 501; x_wconf 90' lang='lat' dir='ltr'><strong>cum</strong></span> <span class='ocrx_word' id='word_1_11' title='bbox 1301 446 1391 513; x_wconf 89' lang='lat' dir='ltr'><strong>qui</strong></span> <span class='ocrx_word' id='word_1_12' title='bbox 1433 445 1715 501; x_wconf 88' lang='lat' dir='ltr'><strong>Christum</strong></span> <span class='ocrx_word' id='word_1_13' title='bbox 1779 451 1996 516; x_wconf 75' lang='lat' dir='ltr'><strong>tigurut,</strong></span> <span class='ocrx_word' id='word_1_14' title='bbox 2047 447 2260 501; x_wconf 80' lang='lat' dir='ltr'><strong>ellicere</strong></span> <span class='ocrx_word' id='word_1_15' title='bbox 2292 457 2334 508; x_wconf 81' lang='grc' dir='ltr'><strong>Α</strong></span> 
     </span>
    </p>
   </div>
   <div class='ocr_carea' id='block_1_4' title="bbox 2436 443 3956 519">
    <p class='ocr_par' dir='ltr' id='par_1_4' title="bbox 2436 443 3956 519">
     <span class='ocr_line' id='line_1_4' title="bbox 2436 443 3956 519; baseline -0.001 -21"><span class='ocrx_word' id='word_1_16' title='bbox 2436 447 2636 510; x_wconf 66' lang='grc' dir='ltr'>ιιστὺν,</span> <span class='ocrx_word' id='word_1_17' title='bbox 2695 448 2902 519; x_wconf 83' lang='grc' dir='ltr'><strong>κτίσμα</strong></span> <span class='ocrx_word' id='word_1_18' title='bbox 2940 445 3102 500; x_wconf 76' lang='grc' dir='ltr'>αὑτὸν</span> <span class='ocrx_word' id='word_1_19' title='bbox 3152 445 3313 516; x_wconf 83' lang='grc' dir='ltr'>μόνον</span> <span class='ocrx_word' id='word_1_20' title='bbox 3354 445 3526 510; x_wconf 77' lang='grc' dir='ltr'>ποιεί,</span> <span class='ocrx_word' id='word_1_21' title='bbox 3579 444 3611 516; x_wconf 77' lang='grc' dir='ltr'>ἢ</span> <span class='ocrx_word' id='word_1_22' title='bbox 3665 444 3764 512; x_wconf 70' lang='grc' dir='ltr'>τῆς</span> <span class='ocrx_word' id='word_1_23' title='bbox 3797 443 3956 505; x_wconf 84' lang='grc' dir='ltr'>θείας</span> 
     </span>
    </p>
   </div>
   <div class='ocr_carea' id='block_1_5' title="bbox 692 529 2363 608">
    <p class='ocr_par' dir='ltr' id='par_1_5' title="bbox 692 537 2363 606">
     <span class='ocr_line' id='line_1_5' title="bbox 692 537 2363 606; baseline -0.005 -11"><span class='ocrx_word' id='word_1_24' title='bbox 692 541 836 595; x_wconf 88' lang='lat' dir='ltr'><strong>hunc</strong></span> <span class='ocrx_word' id='word_1_25' title='bbox 859 541 1511 606; x_wconf 82' lang='lat' dir='ltr'><strong>simplicemcreaturam,</strong></span> <span class='ocrx_word' id='word_1_26' title='bbox 1541 537 1624 589; x_wconf 86' lang='lat' dir='ltr'><strong>vel</strong></span> <span class='ocrx_word' id='word_1_27' title='bbox 1680 552 1708 588; x_wconf 89' lang='lat' dir='ltr'><strong>a</strong></span> <span class='ocrx_word' id='word_1_28' title='bbox 1765 539 1946 590; x_wconf 86' lang='lat' dir='ltr'><strong>divina</strong></span> <span class='ocrx_word' id='word_1_29' title='bbox 1998 553 2258 605; x_wconf 85' lang='lat' dir='ltr'><strong>separare</strong></span> <span class='ocrx_word' id='word_1_30' title='bbox 2361 565 2363 580; x_wconf 77' lang='grc' dir='ltr'><strong>ι</strong></span> 
     </span>
    </p>
   </div>
   <div class='ocr_carea' id='block_1_6' title="bbox 2436 529 3954 608">
    <p class='ocr_par' dir='ltr' id='par_1_6' title="bbox 2436 529 3954 608">
     <span class='ocr_line' id='line_1_6' title="bbox 2436 529 3954 608; baseline -0.001 -18"><span class='ocrx_word' id='word_1_31' title='bbox 2436 541 2560 608; x_wconf 81' lang='grc' dir='ltr'>ιιρεῐ</span> <span class='ocrx_word' id='word_1_32' title='bbox 2600 538 2857 606; x_wconf 82' lang='grc' dir='ltr'>φύσεως;</span> <span class='ocrx_word' id='word_1_33' title='bbox 2894 536 3006 592; x_wconf 79' lang='grc' dir='ltr'><strong>Ποῦ</strong></span> <span class='ocrx_word' id='word_1_34' title='bbox 3040 537 3147 608; x_wconf 83' lang='grc' dir='ltr'><strong>γῆς</strong></span> <span class='ocrx_word' id='word_1_35' title='bbox 3188 536 3220 608; x_wconf 86' lang='grc' dir='ltr'>ἢ</span> <span class='ocrx_word' id='word_1_36' title='bbox 3259 529 3541 606; x_wconf 86' lang='grc' dir='ltr'>θαλάσσης</span> <span class='ocrx_word' id='word_1_37' title='bbox 3569 537 3837 606; x_wconf 75' lang='grc' dir='ltr'>ἢκουσταί</span> <span class='ocrx_word' id='word_1_38' title='bbox 3864 552 3954 597; x_wconf 87' lang='grc' dir='ltr'><strong>τις</strong></span> 
     </span>
    </p>
   </div>
   <div class='ocr_carea' id='block_1_7' title="bbox 694 626 2363 699">
    <p class='ocr_par' dir='ltr' id='par_1_7' title="bbox 694 626 2267 684">
     <span class='ocr_line' id='line_1_7' title="bbox 694 626 2267 684; baseline -0.003 -1"><span class='ocrx_word' id='word_1_39' title='bbox 694 631 928 684; x_wconf 85' lang='lat' dir='ltr'><strong>natura?</strong></span> <span class='ocrx_word' id='word_1_40' title='bbox 967 629 1195 683; x_wconf 81' lang='lat' dir='ltr'><strong>Ubinam</strong></span> <span class='ocrx_word' id='word_1_41' title='bbox 1233 627 1442 682; x_wconf 76' lang='lat' dir='ltr'><strong>telluris</strong></span> <span class='ocrx_word' id='word_1_42' title='bbox 1489 629 1725 680; x_wconf 86' lang='lat' dir='ltr'><strong>marisve</strong></span> <span class='ocrx_word' id='word_1_43' title='bbox 1773 628 1989 679; x_wconf 87' lang='lat' dir='ltr'><strong>auditus</strong></span> <span class='ocrx_word' id='word_1_44' title='bbox 2038 636 2121 680; x_wconf 87' lang='lat' dir='ltr'><strong>est</strong></span> <span class='ocrx_word' id='word_1_45' title='bbox 2172 626 2267 678; x_wconf 91' lang='lat' dir='ltr'><strong>ali-</strong></span> 
     </span>
    </p>
   </div>
   <div class='ocr_carea' id='block_1_8' title="bbox 2436 626 3955 699">
    <p class='ocr_par' dir='ltr' id='par_1_8' title="bbox 2436 627 3955 699">
     <span class='ocr_line' id='line_1_8' title="bbox 2436 627 3955 699; baseline 0 -22"><span class='ocrx_word' id='word_1_46' title='bbox 2436 647 2474 679; x_wconf 72' lang='grc' dir='ltr'><strong>ιν</strong></span> <span class='ocrx_word' id='word_1_47' title='bbox 2505 630 2673 683; x_wconf 79' lang='grc' dir='ltr'>πάλαι</span> <span class='ocrx_word' id='word_1_48' title='bbox 2700 629 2734 699; x_wconf 82' lang='grc' dir='ltr'>ἢ</span> <span class='ocrx_word' id='word_1_49' title='bbox 2777 629 2884 682; x_wconf 83' lang='grc' dir='ltr'><strong>τῶν</strong></span> <span class='ocrx_word' id='word_1_50' title='bbox 2920 629 3043 682; x_wconf 81' lang='grc' dir='ltr'>καθ’</span> <span class='ocrx_word' id='word_1_51' title='bbox 3072 630 3242 697; x_wconf 75' lang='grc' dir='ltr'>ἡμᾶς,</span> <span class='ocrx_word' id='word_1_52' title='bbox 3277 628 3335 690; x_wconf 79' lang='grc' dir='ltr'>ὃς</span> <span class='ocrx_word' id='word_1_53' title='bbox 3364 628 3468 680; x_wconf 67' lang='grc' dir='ltr'>κᾶν</span> <span class='ocrx_word' id='word_1_54' title='bbox 3505 627 3635 696; x_wconf 79' lang='grc' dir='ltr'>γοῦν</span> <span class='ocrx_word' id='word_1_55' title='bbox 3695 628 3774 689; x_wconf 88' lang='grc' dir='ltr'><strong>εἰς</strong></span> <span class='ocrx_word' id='word_1_56' title='bbox 3823 627 3955 678; x_wconf 76' lang='grc' dir='ltr'>νοῦν</span> 
     </span>
    </p>
   </div>
   <div class='ocr_carea' id='block_1_9' title="bbox 695 716 2363 790">
    <p class='ocr_par' dir='ltr' id='par_1_9' title="bbox 695 716 2267 788">
     <span class='ocr_line' id='line_1_9' title="bbox 695 716 2267 788; baseline -0.001 -18"><span class='ocrx_word' id='word_1_57' title='bbox 695 725 817 787; x_wconf 84' lang='lat' dir='ltr'><strong>quis</strong></span> <span class='ocrx_word' id='word_1_58' title='bbox 859 731 946 773; x_wconf 83' lang='lat' dir='ltr'><strong>aut</strong></span> <span class='ocrx_word' id='word_1_59' title='bbox 989 720 1153 788; x_wconf 70' lang='lat' dir='ltr'><strong>prisci</strong></span> <span class='ocrx_word' id='word_1_60' title='bbox 1201 729 1294 772; x_wconf 87' lang='lat' dir='ltr'><strong>aut</strong></span> <span class='ocrx_word' id='word_1_61' title='bbox 1327 718 1494 771; x_wconf 90' lang='lat' dir='ltr'><strong>nostri</strong></span> <span class='ocrx_word' id='word_1_62' title='bbox 1533 719 1790 784; x_wconf 82' lang='lat' dir='ltr'><strong>temporis</strong></span> <span class='ocrx_word' id='word_1_63' title='bbox 1839 717 2022 780; x_wconf 89' lang='lat' dir='ltr'><strong>homo,</strong></span> <span class='ocrx_word' id='word_1_64' title='bbox 2064 716 2149 769; x_wconf 91' lang='lat' dir='ltr'><strong>cui</strong></span> <span class='ocrx_word' id='word_1_65' title='bbox 2183 716 2267 768; x_wconf 87' lang='lat' dir='ltr'><strong>vel</strong></span> 
     </span>
    </p>
   </div>
   <div class='ocr_carea' id='block_1_10' title="bbox 2436 716 3956 790">
    <p class='ocr_par' dir='ltr' id='par_1_10' title="bbox 2477 719 3956 790">
     <span class='ocr_line' id='line_1_10' title="bbox 2477 719 3956 790; baseline -0.003 -17"><span class='ocrx_word' id='word_1_66' title='bbox 2477 721 2708 775; x_wconf 84' lang='grc' dir='ltr'>τοιαῦτα</span> <span class='ocrx_word' id='word_1_67' title='bbox 2737 721 2963 775; x_wconf 77' lang='grc' dir='ltr'>ἐσάλετο</span> <span class='ocrx_word' id='word_1_68' title='bbox 3006 719 3253 785; x_wconf 86' lang='grc' dir='ltr'>πώποτε,</span> <span class='ocrx_word' id='word_1_69' title='bbox 3287 719 3321 790; x_wconf 83' lang='grc' dir='ltr'>ἢ</span> <span class='ocrx_word' id='word_1_70' title='bbox 3362 720 3462 789; x_wconf 82' lang='grc' dir='ltr'><strong>τὴν</strong></span> <span class='ocrx_word' id='word_1_71' title='bbox 3494 719 3956 788; x_wconf 74' lang='grc' dir='ltr'>πεπλαστουργη‹</span> 
     </span>
    </p>
   </div>
   <div class='ocr_carea' id='block_1_11' title="bbox 697 807 2363 882">
    <p class='ocr_par' dir='ltr' id='par_1_11' title="bbox 697 807 2270 873">
     <span class='ocr_line' id='line_1_11' title="bbox 697 807 2270 873; baseline -0.004 -9"><span class='ocrx_word' id='word_1_72' title='bbox 697 812 752 865; x_wconf 88' lang='lat' dir='ltr'><strong>in</strong></span> <span class='ocrx_word' id='word_1_73' title='bbox 787 820 1019 864; x_wconf 85' lang='lat' dir='ltr'><strong>mentem</strong></span> <span class='ocrx_word' id='word_1_74' title='bbox 1074 811 1184 863; x_wconf 63' lang='lat' dir='ltr'><strong>hate</strong></span> <span class='ocrx_word' id='word_1_75' title='bbox 1215 809 1488 870; x_wconf 74' lang='lat' dir='ltr'><strong>venerint,</strong></span> <span class='ocrx_word' id='word_1_76' title='bbox 1528 807 1608 862; x_wconf 76' lang='lat' dir='ltr'><strong>vel</strong></span> <span class='ocrx_word' id='word_1_77' title='bbox 1652 808 2020 873; x_wconf 78' lang='lat' dir='ltr'><strong>compasilum</strong></span> <span class='ocrx_word' id='word_1_78' title='bbox 2071 821 2101 858; x_wconf 83' lang='lat' dir='ltr'><strong>a</strong></span> <span class='ocrx_word' id='word_1_79' title='bbox 2149 807 2270 859; x_wconf 85' lang='lat' dir='ltr'><strong>Ma-</strong></span> 
     </span>
    </p>
   </div>
   <div class='ocr_carea' id='block_1_12' title="bbox 2436 807 3956 882">
    <p class='ocr_par' dir='ltr' id='par_1_12' title="bbox 2436 808 3956 882">
     <span class='ocr_line' id='line_1_12' title="bbox 2436 808 3956 882; baseline -0.002 -20"><span class='ocrx_word' id='word_1_80' title='bbox 2436 813 2542 882; x_wconf 78' lang='grc' dir='ltr'>ἱνην</span> <span class='ocrx_word' id='word_1_81' title='bbox 2575 812 2726 882; x_wconf 83' lang='grc' dir='ltr'>αὐτῷ</span> <span class='ocrx_word' id='word_1_82' title='bbox 2753 811 2979 882; x_wconf 79' lang='grc' dir='ltr'>ταυτηνὶ</span> <span class='ocrx_word' id='word_1_83' title='bbox 3006 810 3296 880; x_wconf 80' lang='grc' dir='ltr'><strong>τερατείαν</strong></span> <span class='ocrx_word' id='word_1_84' title='bbox 3321 851 3336 874; x_wconf 92' lang='grc'><strong>,</strong></span> <span class='ocrx_word' id='word_1_85' title='bbox 3373 810 3440 879; x_wconf 84' lang='grc' dir='ltr'>ἢν</span> <span class='ocrx_word' id='word_1_86' title='bbox 3471 809 3678 877; x_wconf 78' lang='grc' dir='ltr'>καινοῖς</span> <span class='ocrx_word' id='word_1_87' title='bbox 3706 808 3956 860; x_wconf 75' lang='grc' dir='ltr'>ἀναπλα-</span> 
     </span>
    </p>
   </div>
   <div class='ocr_carea' id='block_1_13' title="bbox 697 897 2363 972">
    <p class='ocr_par' dir='ltr' id='par_1_13' title="bbox 697 897 2271 970">
     <span class='ocr_line' id='line_1_13' title="bbox 697 897 2271 970; baseline -0.002 -15"><span class='ocrx_word' id='word_1_88' title='bbox 697 917 856 955; x_wconf 88' lang='lat' dir='ltr'><strong>muua</strong></span> <span class='ocrx_word' id='word_1_89' title='bbox 888 911 1196 970; x_wconf 72' lang='lat' dir='ltr'><strong>portentum</strong></span> <span class='ocrx_word' id='word_1_90' title='bbox 1253 901 1354 953; x_wconf 91' lang='lat' dir='ltr'><strong>hoc</strong></span> <span class='ocrx_word' id='word_1_91' title='bbox 1392 901 1558 968; x_wconf 86' lang='lat' dir='ltr'><strong>(quod</strong></span> <span class='ocrx_word' id='word_1_92' title='bbox 1595 898 1794 952; x_wconf 79' lang='lat' dir='ltr'><strong>fabulis</strong></span> <span class='ocrx_word' id='word_1_93' title='bbox 1835 899 1990 951; x_wconf 85' lang='lat' dir='ltr'><strong>novis</strong></span> <span class='ocrx_word' id='word_1_94' title='bbox 2033 897 2271 952; x_wconf 73' lang='lat' dir='ltr'><strong>delirans</strong></span> 
     </span>
    </p>
   </div>
   <div class='ocr_carea' id='block_1_14' title="bbox 2436 897 3957 972">
    <p class='ocr_par' dir='ltr' id='par_1_14' title="bbox 2436 897 3957 972">
     <span class='ocr_line' id='line_1_14' title="bbox 2436 897 3957 972; baseline -0.005 -17"><span class='ocrx_word' id='word_1_95' title='bbox 2436 907 2530 966; x_wconf 82' lang='grc' dir='ltr'>ιοῖς</span> <span class='ocrx_word' id='word_1_96' title='bbox 2557 903 2788 969; x_wconf 85' lang='grc' dir='ltr'>ματαιού</span> <span class='ocrx_word' id='word_1_97' title='bbox 2800 919 2957 972; x_wconf 83' lang='grc' dir='ltr'>μενος</span> <span class='ocrx_word' id='word_1_98' title='bbox 2985 901 3355 966; x_wconf 78' lang='grc' dir='ltr'><strong>συντέθεικεν,</strong></span> <span class='ocrx_word' id='word_1_99' title='bbox 3399 897 3723 962; x_wconf 80' lang='grc' dir='ltr'><strong>ὑποδέξαιτο</strong></span> <span class='ocrx_word' id='word_1_100' title='bbox 3748 918 3762 955; x_wconf 84' lang='lat'><strong>:</strong></span> <span class='ocrx_word' id='word_1_101' title='bbox 3794 900 3957 955; x_wconf 70' lang='grc' dir='ltr'>Ποῖος</span> 
     </span>
    </p>
   </div>
   <div class='ocr_carea' id='block_1_15' title="bbox 698 989 2363 1065">
    <p class='ocr_par' dir='ltr' id='par_1_15' title="bbox 698 991 2269 1062">
     <span class='ocr_line' id='line_1_15' title="bbox 698 991 2269 1062; baseline -0.003 -18"><span class='ocrx_word' id='word_1_102' title='bbox 698 992 882 1062; x_wconf 78' lang='lat' dir='ltr'><strong>farsit)</strong></span> <span class='ocrx_word' id='word_1_103' title='bbox 916 992 1227 1060; x_wconf 89' lang='lat' dir='ltr'><strong>persuaderi</strong></span> <span class='ocrx_word' id='word_1_104' title='bbox 1268 991 1545 1060; x_wconf 87' lang='lat' dir='ltr'><strong>potuerit?</strong></span> <span class='ocrx_word' id='word_1_105' title='bbox 1585 991 1713 1043; x_wconf 81' lang='lat' dir='ltr'><strong>Nam</strong></span> <span class='ocrx_word' id='word_1_106' title='bbox 1747 1006 1870 1059; x_wconf 76' lang='lat' dir='ltr'><strong>qua:</strong></span> <span class='ocrx_word' id='word_1_107' title='bbox 1921 993 2100 1044; x_wconf 81' lang='lat' dir='ltr'><strong>oratio</strong></span> <span class='ocrx_word' id='word_1_108' title='bbox 2143 991 2269 1044; x_wconf 87' lang='lat' dir='ltr'><strong>talia</strong></span> 
     </span>
    </p>
   </div>
   <div class='ocr_carea' id='block_1_16' title="bbox 2436 989 3958 1065">
    <p class='ocr_par' dir='ltr' id='par_1_16' title="bbox 2436 989 3958 1065">
     <span class='ocr_line' id='line_1_16' title="bbox 2436 989 3958 1065; baseline -0.006 -18"><span class='ocrx_word' id='word_1_109' title='bbox 2436 1012 2481 1065; x_wconf 82' lang='grc' dir='ltr'><strong>ιρ</strong></span> <span class='ocrx_word' id='word_1_110' title='bbox 2504 995 2662 1061; x_wconf 79' lang='grc' dir='ltr'>λόγος</span> <span class='ocrx_word' id='word_1_111' title='bbox 2692 994 2872 1046; x_wconf 77' lang='grc' dir='ltr'>ταῦτα</span> <span class='ocrx_word' id='word_1_112' title='bbox 2902 993 3374 1059; x_wconf 76' lang='grc' dir='ltr'>συναναγκάσειες</span> <span class='ocrx_word' id='word_1_113' title='bbox 3406 990 3542 1044; x_wconf 84' lang='grc' dir='ltr'>Ποία</span> <span class='ocrx_word' id='word_1_114' title='bbox 3575 989 3958 1056; x_wconf 62' lang='grc' dir='ltr'>συλλογισμῶν</span> 
     </span>
    </p>
   </div>
   <div class='ocr_carea' id='block_1_17' title="bbox 701 1081 2363 1155">
    <p class='ocr_par' dir='ltr' id='par_1_17' title="bbox 701 1082 2274 1153">
     <span class='ocr_line' id='line_1_17' title="bbox 701 1082 2274 1153; baseline 0 -19"><span class='ocrx_word' id='word_1_115' title='bbox 701 1082 988 1137; x_wconf 74' lang='lat' dir='ltr'><strong>admittere</strong></span> <span class='ocrx_word' id='word_1_116' title='bbox 1038 1084 1228 1152; x_wconf 84' lang='lat' dir='ltr'><strong>roget?</strong></span> <span class='ocrx_word' id='word_1_117' title='bbox 1257 1099 1507 1150; x_wconf 78' lang='lat' dir='ltr'><strong>quamam</strong></span> <span class='ocrx_word' id='word_1_118' title='bbox 1549 1082 1983 1153; x_wconf 80' lang='lat' dir='ltr'><strong>syllogismorum</strong></span> <span class='ocrx_word' id='word_1_119' title='bbox 2032 1085 2133 1148; x_wconf 93' lang='lat' dir='ltr'><strong>vis,</strong></span> <span class='ocrx_word' id='word_1_120' title='bbox 2191 1082 2274 1136; x_wconf 88' lang='lat' dir='ltr'><strong>vel</strong></span> 
     </span>
    </p>
   </div>
   <div class='ocr_carea' id='block_1_18' title="bbox 2436 1081 3962 1155">
    <p class='ocr_par' dir='ltr' id='par_1_18' title="bbox 2436 1081 3962 1155">
     <span class='ocr_line' id='line_1_18' title="bbox 2436 1081 3962 1155; baseline -0.005 -17"><span class='ocrx_word' id='word_1_121' title='bbox 2436 1088 2553 1155; x_wconf 85' lang='grc' dir='ltr'>χὺς,</span> <span class='ocrx_word' id='word_1_122' title='bbox 2583 1086 2676 1138; x_wconf 73' lang='grc' dir='ltr'><strong>καί</strong></span> <span class='ocrx_word' id='word_1_123' title='bbox 2698 1085 2874 1153; x_wconf 85' lang='grc' dir='ltr'>λόγων</span> <span class='ocrx_word' id='word_1_124' title='bbox 2905 1083 3204 1154; x_wconf 80' lang='grc' dir='ltr'>ἀπατηλῶν</span> <span class='ocrx_word' id='word_1_125' title='bbox 3233 1082 3623 1151; x_wconf 81' lang='grc' dir='ltr'>πιθανότητες;</span> <span class='ocrx_word' id='word_1_126' title='bbox 3655 1081 3716 1132; x_wconf 85' lang='grc' dir='ltr'><strong>Εἰ</strong></span> <span class='ocrx_word' id='word_1_127' title='bbox 3742 1081 3849 1150; x_wconf 77' lang='grc' dir='ltr'><strong>γὰρ</strong></span> <span class='ocrx_word' id='word_1_128' title='bbox 3875 1081 3962 1131; x_wconf 83' lang='grc' dir='ltr'><strong>δεῖ</strong></span> 
     </span>
    </p>
   </div>
   <div class='ocr_carea' id='block_1_19' title="bbox 702 1172 2363 1246">
    <p class='ocr_par' dir='ltr' id='par_1_19' title="bbox 702 1172 2280 1242">
     <span class='ocr_line' id='line_1_19' title="bbox 702 1172 2280 1242; baseline 0.001 -16"><span class='ocrx_word' id='word_1_129' title='bbox 702 1172 1167 1226; x_wconf 71' lang='lat' dir='ltr'><strong>fraudulentorum</strong></span> <span class='ocrx_word' id='word_1_130' title='bbox 1197 1175 1487 1227; x_wconf 83' lang='lat' dir='ltr'><strong>verborum</strong></span> <span class='ocrx_word' id='word_1_131' title='bbox 1521 1174 1838 1228; x_wconf 83' lang='lat' dir='ltr'><strong>suasiones?</strong></span> <span class='ocrx_word' id='word_1_132' title='bbox 1871 1172 2003 1226; x_wconf 82' lang='lat' dir='ltr'><strong>Nam</strong></span> <span class='ocrx_word' id='word_1_133' title='bbox 2040 1175 2083 1226; x_wconf 90' lang='lat' dir='ltr'><strong>si</strong></span> <span class='ocrx_word' id='word_1_134' title='bbox 2115 1189 2280 1242; x_wconf 88' lang='lat' dir='ltr'><strong>opor-</strong></span> 
     </span>
    </p>
   </div>
   <div class='ocr_carea' id='block_1_20' title="bbox 2436 1172 3961 1246">
    <p class='ocr_par' dir='ltr' id='par_1_20' title="bbox 2436 1172 3961 1246">
     <span class='ocr_line' id='line_1_20' title="bbox 2436 1172 3961 1246; baseline -0.005 -16"><span class='ocrx_word' id='word_1_135' title='bbox 2436 1195 2474 1246; x_wconf 62' lang='grc' dir='ltr'>ιν</span> <span class='ocrx_word' id='word_1_136' title='bbox 2531 1179 2757 1230; x_wconf 77' lang='grc' dir='ltr'>ἐκείνων</span> <span class='ocrx_word' id='word_1_137' title='bbox 2813 1176 3186 1246; x_wconf 81' lang='grc' dir='ltr'>διωσαμένους</span> <span class='ocrx_word' id='word_1_138' title='bbox 3249 1174 3460 1244; x_wconf 81' lang='grc' dir='ltr'>πλάνην</span> <span class='ocrx_word' id='word_1_139' title='bbox 3539 1175 3638 1243; x_wconf 88' lang='grc' dir='ltr'>τῆς</span> <span class='ocrx_word' id='word_1_140' title='bbox 3693 1172 3961 1241; x_wconf 77' lang='grc' dir='ltr'>ἀληθείας</span> 
     </span>
    </p>
   </div>
   <div class='ocr_carea' id='block_1_21' title="bbox 706 1265 2363 1340">
    <p class='ocr_par' dir='ltr' id='par_1_21' title="bbox 706 1265 2275 1329">
     <span class='ocr_line' id='line_1_21' title="bbox 706 1265 2275 1329; baseline -0.002 -10"><span class='ocrx_word' id='word_1_141' title='bbox 706 1279 803 1329; x_wconf 91' lang='lat' dir='ltr'><strong>tet,</strong></span> <span class='ocrx_word' id='word_1_142' title='bbox 868 1268 1096 1320; x_wconf 85' lang='lat' dir='ltr'><strong>istorum</strong></span> <span class='ocrx_word' id='word_1_143' title='bbox 1137 1267 1418 1318; x_wconf 88' lang='lat' dir='ltr'><strong>hominum</strong></span> <span class='ocrx_word' id='word_1_144' title='bbox 1487 1265 1612 1317; x_wconf 87' lang='lat' dir='ltr'><strong>dolo</strong></span> <span class='ocrx_word' id='word_1_145' title='bbox 1657 1265 1930 1326; x_wconf 77' lang='lat' dir='ltr'><strong>discusso,</strong></span> <span class='ocrx_word' id='word_1_146' title='bbox 1993 1268 2275 1318; x_wconf 79' lang='lat' dir='ltr'><strong>veritatem</strong></span> 
     </span>
    </p>
   </div>
   <div class='ocr_carea' id='block_1_22' title="bbox 2436 1265 3960 1340">
    <p class='ocr_par' dir='ltr' id='par_1_22' title="bbox 2436 1265 3960 1340">
     <span class='ocr_line' id='line_1_22' title="bbox 2436 1265 3960 1340; baseline -0.003 -17"><span class='ocrx_word' id='word_1_147' title='bbox 2436 1270 2718 1336; x_wconf 81' lang='grc' dir='ltr'>›άψασθαι,</span> <span class='ocrx_word' id='word_1_148' title='bbox 2756 1271 2936 1340; x_wconf 85' lang='grc' dir='ltr'>φαμὲν</span> <span class='ocrx_word' id='word_1_149' title='bbox 2971 1271 3054 1322; x_wconf 84' lang='grc' dir='ltr'>ὅτι</span> <span class='ocrx_word' id='word_1_150' title='bbox 3086 1268 3288 1338; x_wconf 81' lang='grc' dir='ltr'>μᾶλλον</span> <span class='ocrx_word' id='word_1_151' title='bbox 3320 1270 3349 1320; x_wconf 85' lang='grc' dir='ltr'>ὁ</span> <span class='ocrx_word' id='word_1_152' title='bbox 3371 1267 3793 1337; x_wconf 80' lang='grc' dir='ltr'>χαρακτηρίζων</span> <span class='ocrx_word' id='word_1_153' title='bbox 3824 1265 3960 1319; x_wconf 78' lang='grc' dir='ltr'>ἑνοῐ.</span> 
     </span>
    </p>
   </div>
   <div class='ocr_carea' id='block_1_23' title="bbox 709 1357 2363 1431">
    <p class='ocr_par' dir='ltr' id='par_1_23' title="bbox 709 1357 2282 1427">
     <span class='ocr_line' id='line_1_23' title="bbox 709 1357 2282 1427; baseline -0.001 -15"><span class='ocrx_word' id='word_1_154' title='bbox 709 1362 881 1427; x_wconf 79' lang='lat' dir='ltr'><strong>ipsam</strong></span> <span class='ocrx_word' id='word_1_155' title='bbox 919 1361 1206 1426; x_wconf 77' lang='lat' dir='ltr'><strong>attingere,</strong></span> <span class='ocrx_word' id='word_1_156' title='bbox 1257 1359 1491 1410; x_wconf 83' lang='lat' dir='ltr'><strong>dicimus</strong></span> <span class='ocrx_word' id='word_1_157' title='bbox 1535 1373 1657 1409; x_wconf 90' lang='lat' dir='ltr'><strong>eum</strong></span> <span class='ocrx_word' id='word_1_158' title='bbox 1724 1357 1812 1424; x_wconf 92' lang='lat' dir='ltr'><strong>qui</strong></span> <span class='ocrx_word' id='word_1_159' title='bbox 1848 1359 2066 1424; x_wconf 86' lang='lat' dir='ltr'><strong>ligurat,</strong></span> <span class='ocrx_word' id='word_1_160' title='bbox 2126 1360 2282 1411; x_wconf 90' lang='lat' dir='ltr'><strong>uuire</strong></span> 
     </span>
    </p>
   </div>
   <div class='ocr_carea' id='block_1_24' title="bbox 2436 1357 3965 1431">
    <p class='ocr_par' dir='ltr' id='par_1_24' title="bbox 2436 1358 3965 1431">
     <span class='ocr_line' id='line_1_24' title="bbox 2436 1358 3965 1431; baseline -0.006 -16"><span class='ocrx_word' id='word_1_161' title='bbox 2436 1380 2454 1424; x_wconf 91' lang='lat'><strong>;</strong></span> <span class='ocrx_word' id='word_1_162' title='bbox 2493 1363 2590 1429; x_wconf 85' lang='grc' dir='ltr'><strong>μὲν</strong></span> <span class='ocrx_word' id='word_1_163' title='bbox 2621 1363 2828 1431; x_wconf 81' lang='grc' dir='ltr'>κτίσμα</span> <span class='ocrx_word' id='word_1_164' title='bbox 2856 1362 2917 1414; x_wconf 76' lang='grc' dir='ltr'><strong>τὸ</strong></span> <span class='ocrx_word' id='word_1_165' title='bbox 2959 1361 3241 1431; x_wconf 84' lang='grc' dir='ltr'>ὁρώμενον</span> <span class='ocrx_word' id='word_1_166' title='bbox 3270 1359 3365 1411; x_wconf 74' lang='grc' dir='ltr'><strong>καὶ</strong></span> <span class='ocrx_word' id='word_1_167' title='bbox 3397 1358 3540 1410; x_wconf 84' lang='grc' dir='ltr'>κατὰ</span> <span class='ocrx_word' id='word_1_168' title='bbox 3572 1358 3749 1410; x_wconf 86' lang='grc' dir='ltr'>πάντα</span> <span class='ocrx_word' id='word_1_169' title='bbox 3778 1358 3965 1424; x_wconf 68' lang='grc' dir='ltr'>ὁμοιοο</span> 
     </span>
    </p>
   </div>
   <div class='ocr_carea' id='block_1_25' title="bbox 709 1446 2363 1522">
    <p class='ocr_par' dir='ltr' id='par_1_25' title="bbox 709 1447 2282 1520">
     <span class='ocr_line' id='line_1_25' title="bbox 709 1447 2282 1520; baseline -0.002 -15"><span class='ocrx_word' id='word_1_170' title='bbox 709 1453 909 1520; x_wconf 89' lang='lat' dir='ltr'><strong>p0tius,</strong></span> <span class='ocrx_word' id='word_1_171' title='bbox 969 1452 1095 1502; x_wconf 90' lang='lat' dir='ltr'><strong>dum</strong></span> <span class='ocrx_word' id='word_1_172' title='bbox 1160 1459 1466 1502; x_wconf 52' lang='lat' dir='ltr'><strong>creaturam</strong></span> <span class='ocrx_word' id='word_1_173' title='bbox 1524 1447 1792 1500; x_wconf 78' lang='lat' dir='ltr'><strong>visibilem</strong></span> <span class='ocrx_word' id='word_1_174' title='bbox 1841 1461 2148 1515; x_wconf 84' lang='lat' dir='ltr'><strong>corpusque</strong></span> <span class='ocrx_word' id='word_1_175' title='bbox 2185 1463 2282 1516; x_wconf 89' lang='lat' dir='ltr'><strong>per</strong></span> 
     </span>
    </p>
   </div>
   <div class='ocr_carea' id='block_1_26' title="bbox 2436 1446 3968 1522">
    <p class='ocr_par' dir='ltr' id='par_1_26' title="bbox 2436 1446 3968 1522">
     <span class='ocr_line' id='line_1_26' title="bbox 2436 1446 3968 1522; baseline -0.006 -17"><span class='ocrx_word' id='word_1_176' title='bbox 2436 1452 2556 1515; x_wconf 81' lang='grc' dir='ltr'>ιθὲς</span> <span class='ocrx_word' id='word_1_177' title='bbox 2595 1454 2727 1522; x_wconf 81' lang='grc' dir='ltr'>ἡμῖν</span> <span class='ocrx_word' id='word_1_178' title='bbox 2802 1453 2962 1522; x_wconf 82' lang='grc' dir='ltr'>σῶμα</span> <span class='ocrx_word' id='word_1_179' title='bbox 3011 1450 3355 1517; x_wconf 78' lang='grc' dir='ltr'>ὲξεικονίζων</span> <span class='ocrx_word' id='word_1_180' title='bbox 3380 1465 3394 1480; x_wconf 76' lang='grc'><strong><em>⁸</em></strong></span> <span class='ocrx_word' id='word_1_181' title='bbox 3423 1450 3486 1501; x_wconf 84' lang='grc' dir='ltr'><strong>ού</strong></span> <span class='ocrx_word' id='word_1_182' title='bbox 3518 1448 3690 1516; x_wconf 71' lang='grc' dir='ltr'>ψιλῶν</span> <span class='ocrx_word' id='word_1_183' title='bbox 3718 1447 3838 1500; x_wconf 82' lang='grc' dir='ltr'>οὐδὲ</span> <span class='ocrx_word' id='word_1_184' title='bbox 3883 1446 3968 1497; x_wconf 81' lang='grc' dir='ltr'>δι·-</span> 
     </span>
    </p>
   </div>
   <div class='ocr_carea' id='block_1_27' title="bbox 708 1537 2283 1605">
    <p class='ocr_par' dir='ltr' id='par_1_27' title="bbox 708 1537 2283 1605">
     <span class='ocr_line' id='line_1_27' title="bbox 708 1537 2283 1605; baseline -0.001 -12"><span class='ocrx_word' id='word_1_185' title='bbox 708 1541 891 1595; x_wconf 90' lang='lat' dir='ltr'><strong>oumia</strong></span> <span class='ocrx_word' id='word_1_186' title='bbox 940 1541 1094 1594; x_wconf 76' lang='lat' dir='ltr'><strong>nobis</strong></span> <span class='ocrx_word' id='word_1_187' title='bbox 1133 1540 1312 1592; x_wconf 85' lang='lat' dir='ltr'><strong>simile</strong></span> <span class='ocrx_word' id='word_1_188' title='bbox 1363 1537 1602 1605; x_wconf 73' lang='lat' dir='ltr'><strong>eﬂigiat;</strong></span> <span class='ocrx_word' id='word_1_189' title='bbox 1654 1552 1828 1604; x_wconf 88' lang='lat' dir='ltr'><strong>neque</strong></span> <span class='ocrx_word' id='word_1_190' title='bbox 1869 1537 2073 1605; x_wconf 89' lang='lat' dir='ltr'><strong>aliquid</strong></span> <span class='ocrx_word' id='word_1_191' title='bbox 2127 1539 2283 1592; x_wconf 87' lang='lat' dir='ltr'><strong>dimi-</strong></span> 
     </span>
    </p>
   </div>
   <div class='ocr_carea' id='block_1_28' title="bbox 716 1627 2282 1696">
    <p class='ocr_par' dir='ltr' id='par_1_28' title="bbox 716 1627 2282 1696">
     <span class='ocr_line' id='line_1_28' title="bbox 716 1627 2282 1696; baseline -0.001 -12"><span class='ocrx_word' id='word_1_192' title='bbox 716 1646 887 1684; x_wconf 89' lang='lat' dir='ltr'><strong>nuere</strong></span> <span class='ocrx_word' id='word_1_193' title='bbox 912 1630 996 1682; x_wconf 90' lang='lat' dir='ltr'><strong>vel</strong></span> <span class='ocrx_word' id='word_1_194' title='bbox 1021 1629 1329 1682; x_wconf 81' lang='lat' dir='ltr'><strong>distrahere</strong></span> <span class='ocrx_word' id='word_1_195' title='bbox 1351 1643 1378 1680; x_wconf 90' lang='lat' dir='ltr'><strong>a</strong></span> <span class='ocrx_word' id='word_1_196' title='bbox 1414 1628 1656 1690; x_wconf 88' lang='lat' dir='ltr'><strong>Christo,</strong></span> <span class='ocrx_word' id='word_1_197' title='bbox 1690 1628 1784 1682; x_wconf 84' lang='lat' dir='ltr'><strong>sed</strong></span> <span class='ocrx_word' id='word_1_198' title='bbox 1803 1627 1851 1680; x_wconf 91' lang='lat' dir='ltr'><strong>ei</strong></span> <span class='ocrx_word' id='word_1_199' title='bbox 1881 1629 2058 1696; x_wconf 89' lang='lat' dir='ltr'><strong>potius</strong></span> <span class='ocrx_word' id='word_1_200' title='bbox 2093 1629 2282 1682; x_wconf 90' lang='lat' dir='ltr'><strong>admo-</strong></span> 
     </span>
    </p>
   </div>
   <div class='ocr_carea' id='block_1_29' title="bbox 714 1719 2284 1784">
    <p class='ocr_par' dir='ltr' id='par_1_29' title="bbox 714 1719 2284 1784">
     <span class='ocr_line' id='line_1_29' title="bbox 714 1719 2284 1784; baseline -0.001 -11"><span class='ocrx_word' id='word_1_201' title='bbox 714 1736 843 1777; x_wconf 83' lang='lat' dir='ltr'><strong>vere</strong></span> <span class='ocrx_word' id='word_1_202' title='bbox 870 1730 981 1774; x_wconf 90' lang='lat' dir='ltr'><strong>tum</strong></span> <span class='ocrx_word' id='word_1_203' title='bbox 1017 1720 1308 1774; x_wconf 83' lang='lat' dir='ltr'><strong>ratiocinio</strong></span> <span class='ocrx_word' id='word_1_204' title='bbox 1347 1735 1445 1773; x_wconf 89' lang='lat' dir='ltr'><strong>suo</strong></span> <span class='ocrx_word' id='word_1_205' title='bbox 1473 1727 1585 1772; x_wconf 92' lang='lat' dir='ltr'><strong>tum</strong></span> <span class='ocrx_word' id='word_1_206' title='bbox 1626 1719 1923 1784; x_wconf 83' lang='lat' dir='ltr'><strong>relatione;</strong></span> <span class='ocrx_word' id='word_1_207' title='bbox 1951 1731 2005 1773; x_wconf 91' lang='lat' dir='ltr'><strong>et</strong></span> <span class='ocrx_word' id='word_1_208' title='bbox 2041 1720 2153 1773; x_wconf 83' lang='lat' dir='ltr'><strong>sive</strong></span> <span class='ocrx_word' id='word_1_209' title='bbox 2186 1734 2284 1772; x_wconf 87' lang='lat' dir='ltr'><strong>na-</strong></span> 
     </span>
    </p>
   </div>
   <div class='ocr_carea' id='block_1_30' title="bbox 715 1790 2363 1881">
    <p class='ocr_par' dir='ltr' id='par_1_30' title="bbox 715 1790 2363 1881">
     <span class='ocr_line' id='line_1_30' title="bbox 715 1790 2363 1881; baseline -0.002 -17"><span class='ocrx_word' id='word_1_210' title='bbox 715 1821 868 1865; x_wconf 86' lang='lat' dir='ltr'><strong>turas</strong></span> <span class='ocrx_word' id='word_1_211' title='bbox 890 1809 1193 1881; x_wconf 88' lang='lat' dir='ltr'><strong>quisdical,</strong></span> <span class='ocrx_word' id='word_1_212' title='bbox 1242 1810 1356 1862; x_wconf 83' lang='lat' dir='ltr'><strong>sive</strong></span> <span class='ocrx_word' id='word_1_213' title='bbox 1399 1808 1565 1871; x_wconf 85' lang='lat' dir='ltr'><strong>aliud,</strong></span> <span class='ocrx_word' id='word_1_214' title='bbox 1597 1823 1658 1862; x_wconf 88' lang='lat' dir='ltr'><strong>ea</strong></span> <span class='ocrx_word' id='word_1_215' title='bbox 1705 1822 1792 1863; x_wconf 89' lang='lat' dir='ltr'><strong>res</strong></span> <span class='ocrx_word' id='word_1_216' title='bbox 1832 1820 1984 1863; x_wconf 88' lang='lat' dir='ltr'><strong>certe</strong></span> <span class='ocrx_word' id='word_1_217' title='bbox 2032 1810 2284 1863; x_wconf 80' lang='lat' dir='ltr'><strong>unionem</strong></span> <span class='ocrx_word' id='word_1_218' title='bbox 2323 1790 2363 1843; x_wconf 73' lang='grc' dir='ltr'><strong>Β</strong></span> 
     </span>
    </p>
   </div>
   <div class='ocr_carea' id='block_1_31' title="bbox 716 1903 2363 1988">
    <p class='ocr_par' dir='ltr' id='par_1_31' title="bbox 716 1903 2284 1976">
     <span class='ocr_line' id='line_1_31' title="bbox 716 1903 2284 1976; baseline -0.002 -16"><span class='ocrx_word' id='word_1_219' title='bbox 716 1905 1058 1976; x_wconf 89' lang='lat' dir='ltr'><strong>constringit.</strong></span> <span class='ocrx_word' id='word_1_220' title='bbox 1077 1905 1198 1959; x_wconf 87' lang='lat' dir='ltr'><strong>Non</strong></span> <span class='ocrx_word' id='word_1_221' title='bbox 1231 1905 1376 1958; x_wconf 87' lang='lat' dir='ltr'><strong>enim</strong></span> <span class='ocrx_word' id='word_1_222' title='bbox 1410 1905 1642 1957; x_wconf 85' lang='lat' dir='ltr'><strong>humana</strong></span> <span class='ocrx_word' id='word_1_223' title='bbox 1671 1906 2048 1958; x_wconf 75' lang='lat' dir='ltr'><strong>tantummodo</strong></span> <span class='ocrx_word' id='word_1_224' title='bbox 2080 1903 2284 1958; x_wconf 84' lang='lat' dir='ltr'><strong>Christi</strong></span> 
     </span>
    </p>
   </div>
   <div class='ocr_carea' id='block_1_32' title="bbox 2436 1903 3966 1988">
    <p class='ocr_par' dir='ltr' id='par_1_32' title="bbox 2436 1906 3966 1988">
     <span class='ocr_line' id='line_1_32' title="bbox 2436 1906 3966 1988; baseline -0.008 -19"><span class='ocrx_word' id='word_1_225' title='bbox 2436 1919 2613 1988; x_wconf 86' lang='grc' dir='ltr'>νήμης</span> <span class='ocrx_word' id='word_1_226' title='bbox 2639 1915 2736 1968; x_wconf 78' lang='grc' dir='ltr'>καὶ</span> <span class='ocrx_word' id='word_1_227' title='bbox 2764 1915 2867 1983; x_wconf 84' lang='grc' dir='ltr'>τῆς</span> <span class='ocrx_word' id='word_1_228' title='bbox 2895 1915 3030 1983; x_wconf 73' lang='grc' dir='ltr'>πρὸς</span> <span class='ocrx_word' id='word_1_229' title='bbox 3055 1912 3118 1964; x_wconf 81' lang='grc' dir='ltr'>τὺ</span> <span class='ocrx_word' id='word_1_230' title='bbox 3141 1911 3454 1982; x_wconf 81' lang='grc' dir='ltr'>ἀρχέτυπον</span> <span class='ocrx_word' id='word_1_231' title='bbox 3481 1907 3825 1978; x_wconf 84' lang='grc' dir='ltr'>ὁμοιώσεως·</span> <span class='ocrx_word' id='word_1_232' title='bbox 3863 1906 3966 1975; x_wconf 75' lang='grc' dir='ltr'>ήδη</span> 
     </span>
    </p>
   </div>
   <div class='ocr_carea' id='block_1_33' title="bbox 716 1993 2363 2072">
    <p class='ocr_par' dir='ltr' id='par_1_33' title="bbox 716 1993 2290 2064">
     <span class='ocr_line' id='line_1_33' title="bbox 716 1993 2290 2064; baseline -0.001 -16"><span class='ocrx_word' id='word_1_233' title='bbox 716 1996 948 2064; x_wconf 80' lang='lat' dir='ltr'><strong>species,</strong></span> <span class='ocrx_word' id='word_1_234' title='bbox 971 2007 1083 2048; x_wconf 91' lang='lat' dir='ltr'><strong>tum</strong></span> <span class='ocrx_word' id='word_1_235' title='bbox 1113 1995 1184 2049; x_wconf 86' lang='lat' dir='ltr'><strong>ob</strong></span> <span class='ocrx_word' id='word_1_236' title='bbox 1214 1993 1522 2048; x_wconf 81' lang='lat' dir='ltr'><strong>refricatam</strong></span> <span class='ocrx_word' id='word_1_237' title='bbox 1557 1993 1895 2056; x_wconf 88' lang='lat' dir='ltr'><strong>memoriam,</strong></span> <span class='ocrx_word' id='word_1_238' title='bbox 1931 2003 2041 2046; x_wconf 88' lang='lat' dir='ltr'><strong>tum</strong></span> <span class='ocrx_word' id='word_1_239' title='bbox 2071 2002 2290 2062; x_wconf 86' lang='lat' dir='ltr'><strong>propter</strong></span> 
     </span>
    </p>
   </div>
   <div class='ocr_carea' id='block_1_34' title="bbox 2436 1993 3970 2072">
    <p class='ocr_par' dir='ltr' id='par_1_34' title="bbox 2436 1995 3970 2072">
     <span class='ocr_line' id='line_1_34' title="bbox 2436 1995 3970 2072; baseline -0.01 -11"><span class='ocrx_word' id='word_1_240' title='bbox 2436 2027 2446 2062; x_wconf 74' lang='grc' dir='ltr'>ε</span> <span class='ocrx_word' id='word_1_241' title='bbox 2487 2009 2582 2061; x_wconf 66' lang='grc' dir='ltr'><strong>καί⁸</strong></span> <span class='ocrx_word' id='word_1_242' title='bbox 2624 2008 2653 2059; x_wconf 90' lang='grc' dir='ltr'><strong>ό</strong></span> <span class='ocrx_word' id='word_1_243' title='bbox 2674 2005 2846 2072; x_wconf 84' lang='grc' dir='ltr'>Λόγος</span> <span class='ocrx_word' id='word_1_244' title='bbox 2878 2043 2893 2066; x_wconf 83' lang='grc'><strong>,</strong></span> <span class='ocrx_word' id='word_1_245' title='bbox 2926 2006 2976 2056; x_wconf 91' lang='grc' dir='ltr'><strong>εἰ</strong></span> <span class='ocrx_word' id='word_1_246' title='bbox 3007 2003 3101 2056; x_wconf 78' lang='grc' dir='ltr'>καὶ</span> <span class='ocrx_word' id='word_1_247' title='bbox 3147 2001 3224 2072; x_wconf 82' lang='grc' dir='ltr'>μὴ</span> <span class='ocrx_word' id='word_1_248' title='bbox 3253 1999 3771 2071; x_wconf 77' lang='grc' dir='ltr'>συμπεριγράφεται</span> <span class='ocrx_word' id='word_1_249' title='bbox 3829 1995 3970 2066; x_wconf 73' lang='grc' dir='ltr'>μηδὲ</span> 
     </span>
    </p>
   </div>
   <div class='ocr_carea' id='block_1_35' title="bbox 721 2085 2363 2165">
    <p class='ocr_par' dir='ltr' id='par_1_35' title="bbox 721 2085 2290 2159">
     <span class='ocr_line' id='line_1_35' title="bbox 721 2085 2290 2159; baseline 0 -20"><span class='ocrx_word' id='word_1_250' title='bbox 721 2088 1000 2159; x_wconf 80' lang='lat' dir='ltr'><strong>archetypi</strong></span> <span class='ocrx_word' id='word_1_251' title='bbox 1034 2086 1511 2150; x_wconf 85' lang='lat' dir='ltr'><strong>assimilationem,</strong></span> <span class='ocrx_word' id='word_1_252' title='bbox 1543 2085 1774 2139; x_wconf 88' lang='lat' dir='ltr'><strong>visibilis</strong></span> <span class='ocrx_word' id='word_1_253' title='bbox 1809 2085 2126 2138; x_wconf 78' lang='lat' dir='ltr'><strong>exhibetur:</strong></span> <span class='ocrx_word' id='word_1_254' title='bbox 2193 2086 2290 2139; x_wconf 83' lang='lat' dir='ltr'><strong>sed</strong></span> 
     </span>
    </p>
   </div>
   <div class='ocr_carea' id='block_1_36' title="bbox 2436 2085 3973 2165">
    <p class='ocr_par' dir='ltr' id='par_1_36' title="bbox 2436 2088 3973 2165">
     <span class='ocr_line' id='line_1_36' title="bbox 2436 2088 3973 2165; baseline -0.008 -14"><span class='ocrx_word' id='word_1_255' title='bbox 2436 2098 2742 2161; x_wconf 64' lang='grc' dir='ltr'>χωρίζεται,</span> <span class='ocrx_word' id='word_1_256' title='bbox 2781 2098 2907 2150; x_wconf 82' lang='grc' dir='ltr'>ὅσον</span> <span class='ocrx_word' id='word_1_257' title='bbox 2938 2097 3032 2147; x_wconf 73' lang='grc' dir='ltr'><strong>ἐπὶ</strong></span> <span class='ocrx_word' id='word_1_258' title='bbox 3060 2097 3127 2165; x_wconf 77' lang='grc' dir='ltr'>τῇ</span> <span class='ocrx_word' id='word_1_259' title='bbox 3175 2093 3372 2146; x_wconf 82' lang='grc' dir='ltr'>ἑαυτοῦ</span> <span class='ocrx_word' id='word_1_260' title='bbox 3403 2092 3564 2160; x_wconf 84' lang='grc' dir='ltr'>φύσει</span> <span class='ocrx_word' id='word_1_261' title='bbox 3584 2129 3601 2154; x_wconf 92' lang='lat'><strong>,</strong></span> <span class='ocrx_word' id='word_1_262' title='bbox 3647 2088 3876 2157; x_wconf 83' lang='grc' dir='ltr'>ἀόρατός</span> <span class='ocrx_word' id='word_1_263' title='bbox 3905 2103 3973 2153; x_wconf 76' lang='grc' dir='ltr'>γε</span> 
     </span>
    </p>
   </div>
   <div class='ocr_carea' id='block_1_37' title="bbox 720 2173 2363 2255">
    <p class='ocr_par' dir='ltr' id='par_1_37' title="bbox 720 2177 2291 2248">
     <span class='ocr_line' id='line_1_37' title="bbox 720 2177 2291 2248; baseline -0.002 -14"><span class='ocrx_word' id='word_1_264' title='bbox 720 2191 775 2234; x_wconf 85' lang='lat' dir='ltr'><strong>et</strong></span> <span class='ocrx_word' id='word_1_265' title='bbox 799 2182 982 2248; x_wconf 80' lang='lat' dir='ltr'><strong>ipsum</strong></span> <span class='ocrx_word' id='word_1_266' title='bbox 1000 2177 1262 2243; x_wconf 82' lang='lat' dir='ltr'><strong>Verbum,</strong></span> <span class='ocrx_word' id='word_1_267' title='bbox 1289 2192 1603 2247; x_wconf 79' lang='lat' dir='ltr'><strong>quanquam</strong></span> <span class='ocrx_word' id='word_1_268' title='bbox 1626 2191 1799 2245; x_wconf 90' lang='lat' dir='ltr'><strong>neque</strong></span> <span class='ocrx_word' id='word_1_269' title='bbox 1821 2177 2291 2231; x_wconf 86' lang='lat' dir='ltr'><strong>circumscribitur</strong></span> 
     </span>
    </p>
   </div>
   <div class='ocr_carea' id='block_1_38' title="bbox 2436 2173 3974 2255">
    <p class='ocr_par' dir='ltr' id='par_1_38' title="bbox 2441 2173 3974 2255">
     <span class='ocr_line' id='line_1_38' title="bbox 2441 2173 3974 2255; baseline -0.009 -15"><span class='ocrx_word' id='word_1_270' title='bbox 2441 2207 2467 2240; x_wconf 89' lang='grc' dir='ltr'><strong>ν</strong></span> <span class='ocrx_word' id='word_1_271' title='bbox 2500 2189 2595 2241; x_wconf 75' lang='grc' dir='ltr'>καὶ</span> <span class='ocrx_word' id='word_1_272' title='bbox 2636 2186 2813 2255; x_wconf 87' lang='grc' dir='ltr'>πάντη</span> <span class='ocrx_word' id='word_1_273' title='bbox 2839 2183 3081 2253; x_wconf 75' lang='grc' dir='ltr'>ἄληπτος</span> <span class='ocrx_word' id='word_1_274' title='bbox 3101 2221 3115 2244; x_wconf 85' lang='grc'><strong>,</strong></span> <span class='ocrx_word' id='word_1_275' title='bbox 3151 2181 3267 2234; x_wconf 87' lang='grc' dir='ltr'>ἀλλ’</span> <span class='ocrx_word' id='word_1_276' title='bbox 3303 2175 3397 2234; x_wconf 66' lang='grc' dir='ltr'><strong>οὖν</strong></span> <span class='ocrx_word' id='word_1_277' title='bbox 3427 2197 3492 2247; x_wconf 80' lang='grc' dir='ltr'>τε</span> <span class='ocrx_word' id='word_1_278' title='bbox 3523 2177 3711 2247; x_wconf 79' lang='grc' dir='ltr'>ἐπειδὴ</span> <span class='ocrx_word' id='word_1_279' title='bbox 3737 2173 3818 2236; x_wconf 75' lang='grc' dir='ltr'>εἷς</span> <span class='ocrx_word' id='word_1_280' title='bbox 3852 2178 3974 2228; x_wconf 70' lang='grc' dir='ltr'>ἐστι</span> 
     </span>
    </p>
   </div>
   <div class='ocr_carea' id='block_1_39' title="bbox 724 2269 2363 2350">
    <p class='ocr_par' dir='ltr' id='par_1_39' title="bbox 724 2269 2294 2341">
     <span class='ocr_line' id='line_1_39' title="bbox 724 2269 2294 2341; baseline -0.001 -16"><span class='ocrx_word' id='word_1_281' title='bbox 724 2287 902 2341; x_wconf 89' lang='lat' dir='ltr'><strong>neque</strong></span> <span class='ocrx_word' id='word_1_282' title='bbox 938 2271 1225 2341; x_wconf 85' lang='lat' dir='ltr'><strong>liguratur,</strong></span> <span class='ocrx_word' id='word_1_283' title='bbox 1280 2270 1404 2338; x_wconf 84' lang='lat' dir='ltr'><strong>quia</strong></span> <span class='ocrx_word' id='word_1_284' title='bbox 1441 2279 1635 2338; x_wconf 89' lang='lat' dir='ltr'><strong>suapte</strong></span> <span class='ocrx_word' id='word_1_285' title='bbox 1673 2278 1860 2323; x_wconf 89' lang='lat' dir='ltr'><strong>natura</strong></span> <span class='ocrx_word' id='word_1_286' title='bbox 1909 2269 2174 2325; x_wconf 88' lang='lat' dir='ltr'><strong>invisibile</strong></span> <span class='ocrx_word' id='word_1_287' title='bbox 2208 2278 2294 2324; x_wconf 90' lang='lat' dir='ltr'><strong>est</strong></span> 
     </span>
    </p>
   </div>
   <div class='ocr_carea' id='block_1_40' title="bbox 2436 2269 3975 2350">
    <p class='ocr_par' dir='ltr' id='par_1_40' title="bbox 2436 2269 3975 2350">
     <span class='ocr_line' id='line_1_40' title="bbox 2436 2269 3975 2350; baseline -0.009 -18"><span class='ocrx_word' id='word_1_288' title='bbox 2436 2282 2492 2350; x_wconf 69' lang='grc' dir='ltr'>ὴν</span> <span class='ocrx_word' id='word_1_289' title='bbox 2548 2279 2850 2331; x_wconf 71' lang='grc' dir='ltr'>ὑπόστασιν</span> <span class='ocrx_word' id='word_1_290' title='bbox 2905 2275 2998 2328; x_wconf 81' lang='grc' dir='ltr'>καὶ</span> <span class='ocrx_word' id='word_1_291' title='bbox 3049 2274 3388 2344; x_wconf 80' lang='grc' dir='ltr'>ἀμέριστος,</span> <span class='ocrx_word' id='word_1_292' title='bbox 3441 2271 3532 2324; x_wconf 67' lang='grc' dir='ltr'>διὰ</span> <span class='ocrx_word' id='word_1_293' title='bbox 3582 2269 3736 2323; x_wconf 81' lang='grc' dir='ltr'>τοῦτο</span> <span class='ocrx_word' id='word_1_294' title='bbox 3793 2269 3892 2320; x_wconf 74' lang='grc' dir='ltr'><strong>καὶ</strong></span> <span class='ocrx_word' id='word_1_295' title='bbox 3938 2269 3975 2336; x_wconf 78' lang='grc' dir='ltr'>ἡ</span> 
     </span>
    </p>
   </div>
   <div class='ocr_carea' id='block_1_41' title="bbox 727 2361 2363 2446">
    <p class='ocr_par' dir='ltr' id='par_1_41' title="bbox 727 2361 2293 2430">
     <span class='ocr_line' id='line_1_41' title="bbox 727 2361 2293 2430; baseline -0.003 -12"><span class='ocrx_word' id='word_1_296' title='bbox 727 2374 782 2418; x_wconf 83' lang='lat' dir='ltr'><strong>et</strong></span> <span class='ocrx_word' id='word_1_297' title='bbox 847 2365 1069 2416; x_wconf 87' lang='lat' dir='ltr'><strong>omnino</strong></span> <span class='ocrx_word' id='word_1_298' title='bbox 1104 2361 1708 2430; x_wconf 78' lang='lat' dir='ltr'><strong>.incompreltensibile,</strong></span> <span class='ocrx_word' id='word_1_299' title='bbox 1770 2361 2120 2416; x_wconf 86' lang='lat' dir='ltr'><strong>nihilominus</strong></span> <span class='ocrx_word' id='word_1_300' title='bbox 2167 2364 2293 2430; x_wconf 80' lang='lat' dir='ltr'><strong>quia</strong></span> 
     </span>
    </p>
   </div>
   <div class='ocr_carea' id='block_1_42' title="bbox 2436 2361 3979 2446">
    <p class='ocr_par' dir='ltr' id='par_1_42' title="bbox 2436 2362 3979 2444">
     <span class='ocr_line' id='line_1_42' title="bbox 2436 2362 3979 2444; baseline -0.011 -18"><span class='ocrx_word' id='word_1_301' title='bbox 2436 2374 2504 2444; x_wconf 89' lang='grc' dir='ltr'><strong>.νὴ</strong></span> <span class='ocrx_word' id='word_1_302' title='bbox 2515 2390 2586 2443; x_wconf 93' lang='grc' dir='ltr'><strong>μη</strong></span> <span class='ocrx_word' id='word_1_303' title='bbox 2617 2369 2790 2424; x_wconf 70' lang='grc' dir='ltr'>αὑτοῦ</span> <span class='ocrx_word' id='word_1_304' title='bbox 2812 2367 3240 2438; x_wconf 77' lang='grc' dir='ltr'>συνεισέρχεται.</span> <span class='ocrx_word' id='word_1_305' title='bbox 3282 2362 3443 2419; x_wconf 83' lang='grc' dir='ltr'>Ἀλλά</span> <span class='ocrx_word' id='word_1_306' title='bbox 3466 2362 3626 2416; x_wconf 79' lang='grc' dir='ltr'>τοῦτο</span> <span class='ocrx_word' id='word_1_307' title='bbox 3645 2362 3826 2420; x_wconf 77' lang='grc' dir='ltr'>αὐτοῖς</span> <span class='ocrx_word' id='word_1_308' title='bbox 3856 2362 3979 2412; x_wconf 76' lang='grc' dir='ltr'>ἐστι</span> 
     </span>
    </p>
   </div>
   <div class='ocr_carea' id='block_1_43' title="bbox 725 2449 2363 2537">
    <p class='ocr_par' dir='ltr' id='par_1_43' title="bbox 725 2452 2296 2524">
     <span class='ocr_line' id='line_1_43' title="bbox 725 2452 2296 2524; baseline -0.001 -16"><span class='ocrx_word' id='word_1_309' title='bbox 725 2470 891 2508; x_wconf 90' lang='lat' dir='ltr'><strong>unum</strong></span> <span class='ocrx_word' id='word_1_310' title='bbox 947 2453 1285 2524; x_wconf 87' lang='lat' dir='ltr'><strong>hypostatice</strong></span> <span class='ocrx_word' id='word_1_311' title='bbox 1332 2462 1417 2507; x_wconf 82' lang='lat' dir='ltr'><strong>est</strong></span> <span class='ocrx_word' id='word_1_312' title='bbox 1466 2462 1632 2521; x_wconf 89' lang='lat' dir='ltr'><strong>atque</strong></span> <span class='ocrx_word' id='word_1_313' title='bbox 1671 2452 2033 2517; x_wconf 90' lang='lat' dir='ltr'><strong>individuum,</strong></span> <span class='ocrx_word' id='word_1_314' title='bbox 2086 2454 2296 2508; x_wconf 82' lang='lat' dir='ltr'><strong>idcirco</strong></span> 
     </span>
    </p>
   </div>
   <div class='ocr_carea' id='block_1_44' title="bbox 2436 2449 3981 2537">
    <p class='ocr_par' dir='ltr' id='par_1_44' title="bbox 2436 2449 3981 2537">
     <span class='ocr_line' id='line_1_44' title="bbox 2436 2449 3981 2537; baseline -0.013 -17"><span class='ocrx_word' id='word_1_315' title='bbox 2436 2468 2457 2520; x_wconf 76' lang='lat' dir='ltr'><strong>b</strong></span> <span class='ocrx_word' id='word_1_316' title='bbox 2490 2465 2749 2537; x_wconf 75' lang='grc' dir='ltr'>φορτικὸν</span> <span class='ocrx_word' id='word_1_317' title='bbox 2794 2463 2890 2516; x_wconf 71' lang='grc' dir='ltr'>καὶ</span> <span class='ocrx_word' id='word_1_318' title='bbox 2930 2459 3365 2530; x_wconf 83' lang='grc' dir='ltr'>δυσαχθέστατον</span> <span class='ocrx_word' id='word_1_319' title='bbox 3391 2475 3404 2487; x_wconf 77' lang='grc' dir='ltr'><strong>ο</strong></span> <span class='ocrx_word' id='word_1_320' title='bbox 3448 2455 3638 2523; x_wconf 76' lang='grc' dir='ltr'>ἐπειδὴ</span> <span class='ocrx_word' id='word_1_321' title='bbox 3670 2453 3778 2521; x_wconf 79' lang='grc' dir='ltr'><strong>γὰρ</strong></span> <span class='ocrx_word' id='word_1_322' title='bbox 3806 2449 3981 2520; x_wconf 79' lang='grc' dir='ltr'>βαρύς</span> 
     </span>
    </p>
   </div>
   <div class='ocr_carea' id='block_1_45' title="bbox 2385 1543 3964 1618">
    <p class='ocr_par' dir='ltr' id='par_1_45' title="bbox 2385 1543 3964 1618">
     <span class='ocr_line' id='line_1_45' title="bbox 2385 1543 3964 1618; baseline -0.008 -13"><span class='ocrx_word' id='word_1_323' title='bbox 2385 1551 2550 1605; x_wconf 86' lang='grc' dir='ltr'>ιστῶν</span> <span class='ocrx_word' id='word_1_324' title='bbox 2601 1553 2666 1603; x_wconf 77' lang='grc' dir='ltr'>ὲκ</span> <span class='ocrx_word' id='word_1_325' title='bbox 2691 1549 2882 1602; x_wconf 90' lang='grc' dir='ltr'>τούτου</span> <span class='ocrx_word' id='word_1_326' title='bbox 2908 1591 2922 1614; x_wconf 86' lang='grc'><strong>,</strong></span> <span class='ocrx_word' id='word_1_327' title='bbox 2979 1548 3230 1616; x_wconf 85' lang='grc' dir='ltr'>συνάγων</span> <span class='ocrx_word' id='word_1_328' title='bbox 3262 1549 3319 1601; x_wconf 84' lang='grc' dir='ltr'>δὲ</span> <span class='ocrx_word' id='word_1_329' title='bbox 3353 1547 3430 1618; x_wconf 84' lang='grc' dir='ltr'>τῷ</span> <span class='ocrx_word' id='word_1_330' title='bbox 3473 1563 3532 1599; x_wconf 86' lang='grc' dir='ltr'><strong>τε</strong></span> <span class='ocrx_word' id='word_1_331' title='bbox 3572 1544 3719 1614; x_wconf 84' lang='grc' dir='ltr'>λόγῳ</span> <span class='ocrx_word' id='word_1_332' title='bbox 3772 1543 3869 1595; x_wconf 65' lang='grc' dir='ltr'><strong>καὶ</strong></span> <span class='ocrx_word' id='word_1_333' title='bbox 3897 1544 3964 1609; x_wconf 79' lang='grc' dir='ltr'>τῇ</span> 
     </span>
    </p>
   </div>
   <div class='ocr_carea' id='block_1_46' title="bbox 2384 1633 3966 1711">
    <p class='ocr_par' dir='ltr' id='par_1_46' title="bbox 2384 1633 3966 1711">
     <span class='ocr_line' id='line_1_46' title="bbox 2384 1633 3966 1711; baseline -0.006 -17"><span class='ocrx_word' id='word_1_334' title='bbox 2384 1643 2591 1711; x_wconf 78' lang='grc' dir='ltr'>σχέσει,</span> <span class='ocrx_word' id='word_1_335' title='bbox 2610 1642 2720 1694; x_wconf 72' lang='grc' dir='ltr'>εἴτε</span> <span class='ocrx_word' id='word_1_336' title='bbox 2743 1641 2934 1708; x_wconf 81' lang='grc' dir='ltr'>φύσεις</span> <span class='ocrx_word' id='word_1_337' title='bbox 2950 1657 3034 1702; x_wconf 88' lang='grc' dir='ltr'><strong>τις</strong></span> <span class='ocrx_word' id='word_1_338' title='bbox 3062 1640 3229 1703; x_wconf 83' lang='grc' dir='ltr'>εἰποι,</span> <span class='ocrx_word' id='word_1_339' title='bbox 3258 1639 3370 1691; x_wconf 71' lang='grc' dir='ltr'>εἴτε</span> <span class='ocrx_word' id='word_1_340' title='bbox 3402 1637 3552 1699; x_wconf 79' lang='grc' dir='ltr'>ἄλλο,</span> <span class='ocrx_word' id='word_1_341' title='bbox 3578 1637 3669 1688; x_wconf 76' lang='grc' dir='ltr'><strong>καὶ</strong></span> <span class='ocrx_word' id='word_1_342' title='bbox 3699 1633 3928 1699; x_wconf 77' lang='grc' dir='ltr'>ὲπισφίγ</span> <span class='ocrx_word' id='word_1_343' title='bbox 3945 1660 3966 1670; x_wconf 77' lang='grc' dir='ltr'><strong>ο</strong></span> 
     </span>
    </p>
   </div>
   <div class='ocr_carea' id='block_1_47' title="bbox 2387 1726 3969 1805">
    <p class='ocr_par' dir='ltr' id='par_1_47' title="bbox 2387 1726 3969 1805">
     <span class='ocr_line' id='line_1_47' title="bbox 2387 1726 3969 1805; baseline -0.007 -19"><span class='ocrx_word' id='word_1_344' title='bbox 2387 1752 2473 1796; x_wconf 88' lang='grc' dir='ltr'><strong>γει</strong></span> <span class='ocrx_word' id='word_1_345' title='bbox 2505 1734 2606 1805; x_wconf 83' lang='grc' dir='ltr'>τὴν</span> <span class='ocrx_word' id='word_1_346' title='bbox 2635 1733 2845 1786; x_wconf 77' lang='grc' dir='ltr'>ἕνωσιν.</span> <span class='ocrx_word' id='word_1_347' title='bbox 2884 1732 2960 1784; x_wconf 80' lang='grc' dir='ltr'><strong>Οὐ</strong></span> <span class='ocrx_word' id='word_1_348' title='bbox 2996 1733 3105 1802; x_wconf 85' lang='grc' dir='ltr'><strong>γάρ</strong></span> <span class='ocrx_word' id='word_1_349' title='bbox 3143 1731 3207 1800; x_wconf 80' lang='grc' dir='ltr'>δὴ</span> <span class='ocrx_word' id='word_1_350' title='bbox 3262 1731 3423 1799; x_wconf 85' lang='grc' dir='ltr'>μόνον</span> <span class='ocrx_word' id='word_1_351' title='bbox 3451 1730 3511 1782; x_wconf 79' lang='grc' dir='ltr'>τὸ</span> <span class='ocrx_word' id='word_1_352' title='bbox 3552 1727 3693 1781; x_wconf 82' lang='grc' dir='ltr'>κατὰ</span> <span class='ocrx_word' id='word_1_353' title='bbox 3734 1726 3969 1795; x_wconf 77' lang='grc' dir='ltr'>Χριστὸν</span> 
     </span>
    </p>
   </div>
   <div class='ocr_carea' id='block_1_48' title="bbox 2389 1818 3968 1898">
    <p class='ocr_par' dir='ltr' id='par_1_48' title="bbox 2389 1818 3968 1898">
     <span class='ocr_line' id='line_1_48' title="bbox 2389 1818 3968 1898; baseline -0.007 -18"><span class='ocrx_word' id='word_1_354' title='bbox 2389 1828 2667 1898; x_wconf 83' lang='grc' dir='ltr'>ὁρώμενον</span> <span class='ocrx_word' id='word_1_355' title='bbox 2720 1825 3062 1896; x_wconf 87' lang='grc' dir='ltr'>ἀνθρώπειον</span> <span class='ocrx_word' id='word_1_356' title='bbox 3112 1818 3252 1886; x_wconf 77' lang='grc' dir='ltr'>εἶδος</span> <span class='ocrx_word' id='word_1_357' title='bbox 3285 1822 3602 1888; x_wconf 86' lang='grc' dir='ltr'>εἰσάγεται,</span> <span class='ocrx_word' id='word_1_358' title='bbox 3651 1819 3742 1872; x_wconf 88' lang='grc' dir='ltr'><strong>διά</strong></span> <span class='ocrx_word' id='word_1_359' title='bbox 3772 1835 3830 1870; x_wconf 88' lang='grc' dir='ltr'><strong>τε</strong></span> <span class='ocrx_word' id='word_1_360' title='bbox 3866 1818 3968 1885; x_wconf 86' lang='grc' dir='ltr'><strong>τῆς</strong></span> 
     </span>
    </p>
   </div>
   <div class='ocr_carea' id='block_1_49' title="bbox 726 2544 2299 2614">
    <p class='ocr_par' dir='ltr' id='par_1_49' title="bbox 726 2544 2299 2614">
     <span class='ocr_line' id='line_1_49' title="bbox 726 2544 2299 2614; baseline -0.003 -14"><span class='ocrx_word' id='word_1_361' title='bbox 726 2546 778 2600; x_wconf 89' lang='lat' dir='ltr'><strong>in</strong></span> <span class='ocrx_word' id='word_1_362' title='bbox 817 2546 1130 2600; x_wconf 85' lang='lat' dir='ltr'><strong>memoriam</strong></span> <span class='ocrx_word' id='word_1_363' title='bbox 1164 2556 1405 2598; x_wconf 88' lang='lat' dir='ltr'><strong>nostram</strong></span> <span class='ocrx_word' id='word_1_364' title='bbox 1460 2544 1623 2600; x_wconf 87' lang='lat' dir='ltr'><strong>simul</strong></span> <span class='ocrx_word' id='word_1_365' title='bbox 1656 2555 1966 2600; x_wconf 86' lang='lat' dir='ltr'><strong>revocatur.</strong></span> <span class='ocrx_word' id='word_1_366' title='bbox 2000 2545 2161 2614; x_wconf 82' lang='lat' dir='ltr'><strong>Atqui</strong></span> <span class='ocrx_word' id='word_1_367' title='bbox 2197 2545 2299 2598; x_wconf 91' lang='lat' dir='ltr'><strong>hoc</strong></span> 
     </span>
    </p>
   </div>
   <div class='ocr_carea' id='block_1_50' title="bbox 729 2633 2298 2704">
    <p class='ocr_par' dir='ltr' id='par_1_50' title="bbox 729 2633 2298 2704">
     <span class='ocr_line' id='line_1_50' title="bbox 729 2633 2298 2704; baseline -0.003 -15"><span class='ocrx_word' id='word_1_368' title='bbox 729 2637 903 2701; x_wconf 90' lang='lat' dir='ltr'><strong>ipsum</strong></span> <span class='ocrx_word' id='word_1_369' title='bbox 934 2649 1198 2703; x_wconf 75' lang='lat' dir='ltr'><strong>pergrave</strong></span> <span class='ocrx_word' id='word_1_370' title='bbox 1226 2644 1307 2688; x_wconf 89' lang='lat' dir='ltr'><strong>est</strong></span> <span class='ocrx_word' id='word_1_371' title='bbox 1339 2634 1458 2688; x_wconf 82' lang='lat' dir='ltr'><strong>istis</strong></span> <span class='ocrx_word' id='word_1_372' title='bbox 1506 2643 1563 2688; x_wconf 90' lang='lat' dir='ltr'><strong>et</strong></span> <span class='ocrx_word' id='word_1_373' title='bbox 1597 2635 2134 2704; x_wconf 85' lang='lat' dir='ltr'><strong>injucuudissimum,</strong></span> <span class='ocrx_word' id='word_1_374' title='bbox 2171 2633 2298 2702; x_wconf 84' lang='lat' dir='ltr'><strong>quia</strong></span> 
     </span>
    </p>
   </div>
   <div class='ocr_carea' id='block_1_51' title="bbox 728 2727 2302 2798">
    <p class='ocr_par' dir='ltr' id='par_1_51' title="bbox 728 2727 2302 2798">
     <span class='ocr_line' id='line_1_51' title="bbox 728 2727 2302 2798; baseline 0 -18"><span class='ocrx_word' id='word_1_375' title='bbox 728 2745 871 2797; x_wconf 74' lang='lat' dir='ltr'><strong>a-gre</strong></span> <span class='ocrx_word' id='word_1_376' title='bbox 933 2727 1110 2781; x_wconf 79' lang='lat' dir='ltr'><strong>ferunt</strong></span> <span class='ocrx_word' id='word_1_377' title='bbox 1150 2727 1426 2783; x_wconf 86' lang='lat' dir='ltr'><strong>Christum</strong></span> <span class='ocrx_word' id='word_1_378' title='bbox 1468 2729 1520 2781; x_wconf 89' lang='lat' dir='ltr'><strong>iu</strong></span> <span class='ocrx_word' id='word_1_379' title='bbox 1585 2727 1821 2798; x_wconf 79' lang='lat' dir='ltr'><strong>imagine</strong></span> <span class='ocrx_word' id='word_1_380' title='bbox 1872 2728 2035 2782; x_wconf 90' lang='lat' dir='ltr'><strong>etiam</strong></span> <span class='ocrx_word' id='word_1_381' title='bbox 2086 2737 2302 2796; x_wconf 87' lang='lat' dir='ltr'><strong>specta-</strong></span> 
     </span>
    </p>
   </div>
   <div class='ocr_carea' id='block_1_52' title="bbox 733 2820 2302 2890">
    <p class='ocr_par' dir='ltr' id='par_1_52' title="bbox 733 2820 2302 2890">
     <span class='ocr_line' id='line_1_52' title="bbox 733 2820 2302 2890; baseline -0.001 -17"><span class='ocrx_word' id='word_1_382' title='bbox 733 2832 843 2874; x_wconf 91' lang='lat' dir='ltr'><strong>tum</strong></span> <span class='ocrx_word' id='word_1_383' title='bbox 880 2823 1012 2890; x_wconf 80' lang='lat'><strong>(3|).</strong></span> <span class='ocrx_word' id='word_1_384' title='bbox 1051 2822 1140 2876; x_wconf 90' lang='lat' dir='ltr'><strong>Sic</strong></span> <span class='ocrx_word' id='word_1_385' title='bbox 1176 2821 1358 2889; x_wconf 87' lang='lat' dir='ltr'><strong>itaque</strong></span> <span class='ocrx_word' id='word_1_386' title='bbox 1381 2831 1434 2875; x_wconf 86' lang='lat' dir='ltr'><strong>et</strong></span> <span class='ocrx_word' id='word_1_387' title='bbox 1481 2820 1761 2875; x_wconf 84' lang='lat' dir='ltr'><strong>Mamouas</strong></span> <span class='ocrx_word' id='word_1_388' title='bbox 1795 2822 1976 2874; x_wconf 87' lang='lat' dir='ltr'><strong>animo</strong></span> <span class='ocrx_word' id='word_1_389' title='bbox 2011 2833 2302 2888; x_wconf 82' lang='lat' dir='ltr'><strong>exaspera-</strong></span> 
     </span>
    </p>
   </div>
   <div class='ocr_carea' id='block_1_53' title="bbox 734 2911 2303 2975">
    <p class='ocr_par' dir='ltr' id='par_1_53' title="bbox 734 2911 2303 2975">
     <span class='ocr_line' id='line_1_53' title="bbox 734 2911 2303 2975; baseline -0.003 -9"><span class='ocrx_word' id='word_1_390' title='bbox 734 2926 820 2968; x_wconf 92' lang='lat' dir='ltr'><strong>tus</strong></span> <span class='ocrx_word' id='word_1_391' title='bbox 855 2916 920 2967; x_wconf 86' lang='lat' dir='ltr'><strong>ad</strong></span> <span class='ocrx_word' id='word_1_392' title='bbox 942 2914 1144 2967; x_wconf 85' lang='lat' dir='ltr'><strong>Christi</strong></span> <span class='ocrx_word' id='word_1_393' title='bbox 1182 2913 1539 2975; x_wconf 83' lang='lat' dir='ltr'><strong>mentionem,</strong></span> <span class='ocrx_word' id='word_1_394' title='bbox 1569 2922 1737 2965; x_wconf 91' lang='lat' dir='ltr'><strong>totam</strong></span> <span class='ocrx_word' id='word_1_395' title='bbox 1773 2925 1927 2965; x_wconf 85' lang='lat' dir='ltr'><strong>suam</strong></span> <span class='ocrx_word' id='word_1_396' title='bbox 1964 2911 2303 2964; x_wconf 78' lang='lat' dir='ltr'><strong>ferocitatem</strong></span> 
     </span>
    </p>
   </div>
   <div class='ocr_carea' id='block_1_54' title="bbox 737 3000 2302 3072">
    <p class='ocr_par' dir='ltr' id='par_1_54' title="bbox 737 3000 2302 3072">
     <span class='ocr_line' id='line_1_54' title="bbox 737 3000 2302 3072; baseline -0.001 -16"><span class='ocrx_word' id='word_1_397' title='bbox 737 3005 1048 3072; x_wconf 83' lang='lat' dir='ltr'><strong>rabiemque</strong></span> <span class='ocrx_word' id='word_1_398' title='bbox 1106 3017 1296 3058; x_wconf 81' lang='lat' dir='ltr'><strong>cnutra</strong></span> <span class='ocrx_word' id='word_1_399' title='bbox 1340 3005 1708 3058; x_wconf 89' lang='lat' dir='ltr'><strong>memorialcm</strong></span> <span class='ocrx_word' id='word_1_400' title='bbox 1772 3004 1980 3056; x_wconf 92' lang='lat' dir='ltr'><strong>iconem</strong></span> <span class='ocrx_word' id='word_1_401' title='bbox 2053 3000 2302 3054; x_wconf 68' lang='lat' dir='ltr'><strong>effundit.</strong></span> 
     </span>
    </p>
   </div>
   <div class='ocr_carea' id='block_1_55' title="bbox 2402 2539 3982 2622">
    <p class='ocr_par' dir='ltr' id='par_1_55' title="bbox 2402 2539 3982 2622">
     <span class='ocr_line' id='line_1_55' title="bbox 2402 2539 3982 2622; baseline -0.015 -10"><span class='ocrx_word' id='word_1_402' title='bbox 2402 2562 2548 2613; x_wconf 77' lang='grc' dir='ltr'>ἐστιν</span> <span class='ocrx_word' id='word_1_403' title='bbox 2597 2557 2777 2617; x_wconf 82' lang='grc' dir='ltr'>αὐτοῖς</span> <span class='ocrx_word' id='word_1_404' title='bbox 2818 2557 2847 2608; x_wconf 88' lang='grc' dir='ltr'>ὁ</span> <span class='ocrx_word' id='word_1_405' title='bbox 2879 2553 3113 2622; x_wconf 81' lang='grc' dir='ltr'>Χριστὸς</span> <span class='ocrx_word' id='word_1_406' title='bbox 3153 2552 3244 2604; x_wconf 73' lang='grc' dir='ltr'><strong>καὶ</strong></span> <span class='ocrx_word' id='word_1_407' title='bbox 3292 2550 3350 2600; x_wconf 84' lang='grc' dir='ltr'>ὲν</span> <span class='ocrx_word' id='word_1_408' title='bbox 3385 2546 3554 2598; x_wconf 85' lang='grc' dir='ltr'>εἰκόνι</span> <span class='ocrx_word' id='word_1_409' title='bbox 3592 2543 3749 2613; x_wconf 83' lang='grc' dir='ltr'>μόνον</span> <span class='ocrx_word' id='word_1_410' title='bbox 3787 2539 3982 2609; x_wconf 75' lang='grc' dir='ltr'>βλεπόο</span> 
     </span>
    </p>
   </div>
   <div class='ocr_carea' id='block_1_56' title="bbox 2405 2631 3986 2723">
    <p class='ocr_par' dir='ltr' id='par_1_56' title="bbox 2405 2631 3986 2723">
     <span class='ocr_line' id='line_1_56' title="bbox 2405 2631 3986 2723; baseline -0.016 -17"><span class='ocrx_word' id='word_1_411' title='bbox 2405 2668 2582 2723; x_wconf 54' lang='grc' dir='ltr'>μενος</span> <span class='ocrx_word' id='word_1_412' title='bbox 2611 2649 2768 2703; x_wconf 76' lang='grc' dir='ltr'>οὕτω</span> <span class='ocrx_word' id='word_1_413' title='bbox 2797 2648 2907 2718; x_wconf 74' lang='grc' dir='ltr'><strong>γάρ</strong></span> <span class='ocrx_word' id='word_1_414' title='bbox 2931 2647 3188 2706; x_wconf 77' lang='grc' dir='ltr'>κάκεῖνος</span> <span class='ocrx_word' id='word_1_415' title='bbox 3215 2641 3313 2713; x_wconf 79' lang='grc' dir='ltr'>τὴν</span> <span class='ocrx_word' id='word_1_416' title='bbox 3341 2639 3522 2709; x_wconf 82' lang='grc' dir='ltr'>ψυχὴν</span> <span class='ocrx_word' id='word_1_417' title='bbox 3544 2634 3850 2700; x_wconf 79' lang='grc' dir='ltr'>ὲξοιδαίνων</span> <span class='ocrx_word' id='word_1_418' title='bbox 3870 2631 3986 2723; x_wconf 75' lang='grc' dir='ltr'>,ὲπί</span> 
     </span>
    </p>
   </div>
   <div class='ocr_carea' id='block_1_57' title="bbox 2401 2722 3987 2812">
    <p class='ocr_par' dir='ltr' id='par_1_57' title="bbox 2401 2722 3987 2812">
     <span class='ocr_line' id='line_1_57' title="bbox 2401 2722 3987 2812; baseline -0.014 -17"><span class='ocrx_word' id='word_1_419' title='bbox 2401 2722 2467 2812; x_wconf 74' lang='grc' dir='ltr'>τῇ</span> <span class='ocrx_word' id='word_1_420' title='bbox 2501 2741 2689 2812; x_wconf 76' lang='grc' dir='ltr'>μνήμῃ</span> <span class='ocrx_word' id='word_1_421' title='bbox 2713 2736 2904 2801; x_wconf 83' lang='grc' dir='ltr'>αὑτοῦ,</span> <span class='ocrx_word' id='word_1_422' title='bbox 2933 2736 2996 2788; x_wconf 88' lang='grc' dir='ltr'><strong>τδ</strong></span> <span class='ocrx_word' id='word_1_423' title='bbox 3029 2736 3137 2787; x_wconf 79' lang='grc' dir='ltr'>πᾶν</span> <span class='ocrx_word' id='word_1_424' title='bbox 3165 2733 3364 2804; x_wconf 81' lang='grc' dir='ltr'>θράσος</span> <span class='ocrx_word' id='word_1_425' title='bbox 3397 2729 3494 2781; x_wconf 75' lang='grc' dir='ltr'><strong>καὶ</strong></span> <span class='ocrx_word' id='word_1_426' title='bbox 3522 2726 3622 2796; x_wconf 81' lang='grc' dir='ltr'>τὴν</span> <span class='ocrx_word' id='word_1_427' title='bbox 3649 2725 3806 2796; x_wconf 79' lang='grc' dir='ltr'>μῆνιν</span> <span class='ocrx_word' id='word_1_428' title='bbox 3835 2722 3987 2774; x_wconf 79' lang='grc' dir='ltr'><strong>κατά</strong></span> 
     </span>
    </p>
   </div>
   <div class='ocr_carea' id='block_1_58' title="bbox 2402 2812 3987 2899">
    <p class='ocr_par' dir='ltr' id='par_1_58' title="bbox 2402 2812 3987 2899">
     <span class='ocr_line' id='line_1_58' title="bbox 2402 2812 3987 2899; baseline -0.013 -17"><span class='ocrx_word' id='word_1_429' title='bbox 2402 2832 2502 2899; x_wconf 84' lang='grc' dir='ltr'><strong>τῆς</strong></span> <span class='ocrx_word' id='word_1_430' title='bbox 2558 2828 2764 2898; x_wconf 88' lang='grc' dir='ltr'>ταύτην</span> <span class='ocrx_word' id='word_1_431' title='bbox 2815 2823 3091 2895; x_wconf 80' lang='grc' dir='ltr'>φερούσης</span> <span class='ocrx_word' id='word_1_432' title='bbox 3151 2821 3359 2884; x_wconf 88' lang='grc' dir='ltr'>εἰκόνος</span> <span class='ocrx_word' id='word_1_433' title='bbox 3427 2817 3661 2886; x_wconf 71' lang='grc' dir='ltr'>ἐξέχεεν.</span> <span class='ocrx_word' id='word_1_434' title='bbox 3730 2812 3987 2876; x_wconf 81' lang='grc' dir='ltr'>Ἔξεστιν</span> 
     </span>
    </p>
   </div>
   <div class='ocr_carea' id='block_1_59' title="bbox 2406 2900 3988 2986">
    <p class='ocr_par' dir='ltr' id='par_1_59' title="bbox 2406 2900 3988 2986">
     <span class='ocr_line' id='line_1_59' title="bbox 2406 2900 3988 2986; baseline -0.013 -14"><span class='ocrx_word' id='word_1_435' title='bbox 2406 2919 2709 2986; x_wconf 56' lang='grc' dir='ltr'>οὕτωςπερὶ</span> <span class='ocrx_word' id='word_1_436' title='bbox 2744 2914 2951 2967; x_wconf 89' lang='grc' dir='ltr'>τούτων</span> <span class='ocrx_word' id='word_1_437' title='bbox 3001 2910 3370 2980; x_wconf 83' lang='grc' dir='ltr'>διακειμένοις</span> <span class='ocrx_word' id='word_1_438' title='bbox 3394 2949 3409 2972; x_wconf 91' lang='grc'><strong>,</strong></span> <span class='ocrx_word' id='word_1_439' title='bbox 3459 2909 3554 2959; x_wconf 75' lang='grc' dir='ltr'><strong>καί</strong></span> <span class='ocrx_word' id='word_1_440' title='bbox 3587 2902 3730 2956; x_wconf 80' lang='grc' dir='ltr'>αὑτά</span> <span class='ocrx_word' id='word_1_441' title='bbox 3756 2903 3826 2954; x_wconf 87' lang='grc' dir='ltr'><strong>τά</strong></span> <span class='ocrx_word' id='word_1_442' title='bbox 3871 2900 3988 2953; x_wconf 80' lang='grc' dir='ltr'>τῶν</span> 
     </span>
    </p>
   </div>
   <div class='ocr_carea' id='block_1_60' title="bbox 2409 2989 3992 3081">
    <p class='ocr_par' dir='ltr' id='par_1_60' title="bbox 2409 2989 3992 3081">
     <span class='ocr_line' id='line_1_60' title="bbox 2409 2989 3992 3081; baseline -0.013 -18"><span class='ocrx_word' id='word_1_443' title='bbox 2409 3011 2570 3081; x_wconf 76' lang='grc' dir='ltr'>ἱερῶν</span> <span class='ocrx_word' id='word_1_444' title='bbox 2621 3005 2975 3075; x_wconf 81' lang='grc' dir='ltr'>Εὑαγγελίων</span> <span class='ocrx_word' id='word_1_445' title='bbox 3017 3002 3277 3057; x_wconf 74' lang='grc' dir='ltr'><strong>ἀκούουσι</strong></span> <span class='ocrx_word' id='word_1_446' title='bbox 3315 2998 3507 3066; x_wconf 83' lang='grc' dir='ltr'>λόγια,</span> <span class='ocrx_word' id='word_1_447' title='bbox 3563 2994 3655 3063; x_wconf 77' lang='grc' dir='ltr'>ἀφ’</span> <span class='ocrx_word' id='word_1_448' title='bbox 3684 2989 3760 3047; x_wconf 77' lang='grc' dir='ltr'>ὦν</span> <span class='ocrx_word' id='word_1_449' title='bbox 3791 2993 3858 3063; x_wconf 80' lang='grc' dir='ltr'>δὴ</span> <span class='ocrx_word' id='word_1_450' title='bbox 3892 2994 3992 3044; x_wconf 72' lang='grc' dir='ltr'>καὶ</span> 
     </span>
    </p>
   </div>
   <div class='ocr_carea' id='block_1_61' title="bbox 737 3084 2363 3184">
    <p class='ocr_par' dir='ltr' id='par_1_61' title="bbox 737 3093 2363 3184">
     <span class='ocr_line' id='line_1_61' title="bbox 737 3093 2363 3184; baseline -0.002 -35"><span class='ocrx_word' id='word_1_451' title='bbox 737 3097 1037 3164; x_wconf 84' lang='lat' dir='ltr'><strong>Licctcrgo</strong></span> <span class='ocrx_word' id='word_1_452' title='bbox 1073 3095 1158 3148; x_wconf 87' lang='lat' dir='ltr'><strong>his</strong></span> <span class='ocrx_word' id='word_1_453' title='bbox 1189 3096 1260 3147; x_wconf 84' lang='lat' dir='ltr'><strong>ita</strong></span> <span class='ocrx_word' id='word_1_454' title='bbox 1296 3096 1478 3147; x_wconf 85' lang='lat' dir='ltr'><strong>animo</strong></span> <span class='ocrx_word' id='word_1_455' title='bbox 1509 3093 1742 3156; x_wconf 71' lang='lat' dir='ltr'><strong>allectis,</strong></span> <span class='ocrx_word' id='word_1_456' title='bbox 1784 3102 1895 3148; x_wconf 91' lang='lat' dir='ltr'><strong>tum</strong></span> <span class='ocrx_word' id='word_1_457' title='bbox 1954 3093 2122 3147; x_wconf 84' lang='lat' dir='ltr'><strong>etiam</strong></span> <span class='ocrx_word' id='word_1_458' title='bbox 2177 3108 2302 3146; x_wconf 83' lang='lat' dir='ltr'><strong>eum</strong></span> <span class='ocrx_word' id='word_1_459' title='bbox 2335 3124 2363 3184; x_wconf 59' lang='grc' dir='ltr'>ε</span> 
     </span>
    </p>
   </div>
   <div class='ocr_carea' id='block_1_62' title="bbox 2436 3084 3994 3184">
    <p class='ocr_par' dir='ltr' id='par_1_62' title="bbox 2436 3084 3994 3182">
     <span class='ocr_line' id='line_1_62' title="bbox 2436 3084 3994 3182; baseline -0.015 -26"><span class='ocrx_word' id='word_1_460' title='bbox 2436 3102 2584 3156; x_wconf 57' lang='grc' dir='ltr'>ἀὔτα</span> <span class='ocrx_word' id='word_1_461' title='bbox 2626 3102 2925 3171; x_wconf 73' lang='grc' dir='ltr'>ῆρτηνται,</span> <span class='ocrx_word' id='word_1_462' title='bbox 2963 3095 3062 3167; x_wconf 81' lang='grc' dir='ltr'>τὴν</span> <span class='ocrx_word' id='word_1_463' title='bbox 3104 3095 3227 3164; x_wconf 88' lang='grc' dir='ltr'>ῐσην</span> <span class='ocrx_word' id='word_1_464' title='bbox 3271 3092 3501 3152; x_wconf 75' lang='grc' dir='ltr'>ἐκείνοις</span> <span class='ocrx_word' id='word_1_465' title='bbox 3533 3087 3764 3154; x_wconf 85' lang='grc' dir='ltr'>δύναμιν</span> <span class='ocrx_word' id='word_1_466' title='bbox 3796 3084 3994 3182; x_wconf 54' lang='grc' dir='ltr'>ἔχοντα</span> 
     </span>
    </p>
   </div>
   <div class='ocr_carea' id='block_1_63' title="bbox 737 3175 2363 3264">
    <p class='ocr_par' dir='ltr' id='par_1_63' title="bbox 737 3175 2363 3254">
     <span class='ocr_line' id='line_1_63' title="bbox 737 3175 2363 3254; baseline -0.001 -14"><span class='ocrx_word' id='word_1_467' title='bbox 737 3202 1015 3240; x_wconf 82' lang='lat' dir='ltr'><strong>sacrorum</strong></span> <span class='ocrx_word' id='word_1_468' title='bbox 1048 3185 1463 3253; x_wconf 82' lang='lat' dir='ltr'><strong>Evangeliorum</strong></span> <span class='ocrx_word' id='word_1_469' title='bbox 1498 3186 1716 3240; x_wconf 86' lang='lat' dir='ltr'><strong>oracula</strong></span> <span class='ocrx_word' id='word_1_470' title='bbox 1753 3187 2001 3248; x_wconf 87' lang='lat' dir='ltr'><strong>audiunt,</strong></span> <span class='ocrx_word' id='word_1_471' title='bbox 2027 3200 2147 3254; x_wconf 52' lang='lat' dir='ltr'><strong>quas</strong></span> <span class='ocrx_word' id='word_1_472' title='bbox 2167 3201 2306 3239; x_wconf 79' lang='lat' dir='ltr'><strong>nexu</strong></span> <span class='ocrx_word' id='word_1_473' title='bbox 2342 3175 2363 3184; x_wconf 64' lang='grc'><strong><em>“</em></strong></span> 
     </span>
    </p>
   </div>
   <div class='ocr_carea' id='block_1_64' title="bbox 2436 3175 3994 3264">
    <p class='ocr_par' dir='ltr' id='par_1_64' title="bbox 2442 3175 3994 3259">
     <span class='ocr_line' id='line_1_64' title="bbox 2442 3175 3994 3259; baseline -0.006 -14"><span class='ocrx_word' id='word_1_474' title='bbox 2442 3196 2520 3256; x_wconf 77' lang='grc' dir='ltr'>εἰς</span> <span class='ocrx_word' id='word_1_475' title='bbox 2573 3191 2769 3245; x_wconf 81' lang='grc' dir='ltr'>ταυτὸν</span> <span class='ocrx_word' id='word_1_476' title='bbox 2799 3189 2906 3259; x_wconf 77' lang='grc' dir='ltr'><strong>γὰρ</strong></span> <span class='ocrx_word' id='word_1_477' title='bbox 2959 3188 3017 3238; x_wconf 78' lang='grc' dir='ltr'>ὲν</span> <span class='ocrx_word' id='word_1_478' title='bbox 3063 3183 3398 3254; x_wconf 77' lang='grc' dir='ltr'>ἀμφοτέροις</span> <span class='ocrx_word' id='word_1_479' title='bbox 3438 3179 3506 3232; x_wconf 81' lang='grc' dir='ltr'><strong>τά</strong></span> <span class='ocrx_word' id='word_1_480' title='bbox 3539 3179 3639 3247; x_wconf 87' lang='grc' dir='ltr'><strong>τῆς</strong></span> <span class='ocrx_word' id='word_1_481' title='bbox 3677 3175 3994 3235; x_wconf 71' lang='grc' dir='ltr'>ὑποθέσεως</span> 
     </span>
    </p>
   </div>
   <div class='ocr_carea' id='block_1_65' title="bbox 737 3276 2308 3346">
    <p class='ocr_par' dir='ltr' id='par_1_65' title="bbox 737 3276 2308 3346">
     <span class='ocr_line' id='line_1_65' title="bbox 737 3276 2308 3346; baseline 0.001 -20"><span class='ocrx_word' id='word_1_482' title='bbox 737 3276 973 3344; x_wconf 80' lang='lat' dir='ltr'><strong>quodam</strong></span> <span class='ocrx_word' id='word_1_483' title='bbox 1003 3292 1122 3330; x_wconf 92' lang='lat' dir='ltr'><strong>cum</strong></span> <span class='ocrx_word' id='word_1_484' title='bbox 1152 3277 1428 3345; x_wconf 69' lang='lat' dir='ltr'><strong>prmdictis</strong></span> <span class='ocrx_word' id='word_1_485' title='bbox 1463 3277 1742 3330; x_wconf 87' lang='lat' dir='ltr'><strong>sociantur</strong></span> <span class='ocrx_word' id='word_1_486' title='bbox 1770 3277 1907 3346; x_wconf 73' lang='lat'><strong>(&#39;52),</strong></span> <span class='ocrx_word' id='word_1_487' title='bbox 1954 3276 2080 3345; x_wconf 83' lang='lat' dir='ltr'><strong>quia</strong></span> <span class='ocrx_word' id='word_1_488' title='bbox 2123 3289 2308 3344; x_wconf 81' lang='lat' dir='ltr'><strong>parem</strong></span> 
     </span>
    </p>
   </div>
   <div class='ocr_carea' id='block_1_66' title="bbox 740 3366 2314 3436">
    <p class='ocr_par' dir='ltr' id='par_1_66' title="bbox 740 3366 2314 3436">
     <span class='ocr_line' id='line_1_66' title="bbox 740 3366 2314 3436; baseline 0.001 -17"><span class='ocrx_word' id='word_1_489' title='bbox 740 3366 1153 3436; x_wconf 74' lang='lat' dir='ltr'><strong>signiﬁcationis</strong></span> <span class='ocrx_word' id='word_1_490' title='bbox 1185 3369 1292 3420; x_wconf 90' lang='lat' dir='ltr'><strong>vim</strong></span> <span class='ocrx_word' id='word_1_491' title='bbox 1329 3368 1529 3422; x_wconf 86' lang='lat' dir='ltr'><strong>habent</strong></span> <span class='ocrx_word' id='word_1_492' title='bbox 1573 3368 1649 3436; x_wconf 92' lang='lat' dir='ltr'><strong>(in</strong></span> <span class='ocrx_word' id='word_1_493' title='bbox 1683 3367 1928 3436; x_wconf 87' lang='lat' dir='ltr'><strong>utrisque</strong></span> <span class='ocrx_word' id='word_1_494' title='bbox 1959 3369 2126 3430; x_wconf 91' lang='lat' dir='ltr'><strong>enim,</strong></span> <span class='ocrx_word' id='word_1_495' title='bbox 2158 3368 2314 3421; x_wconf 89' lang='lat' dir='ltr'><strong>icone</strong></span> 
     </span>
    </p>
   </div>
   <div class='ocr_carea' id='block_1_67' title="bbox 740 3457 2304 3526">
    <p class='ocr_par' dir='ltr' id='par_1_67' title="bbox 740 3457 2304 3526">
     <span class='ocr_line' id='line_1_67' title="bbox 740 3457 2304 3526; baseline 0.002 -16"><span class='ocrx_word' id='word_1_496' title='bbox 740 3457 949 3514; x_wconf 76' lang='lat' dir='ltr'><strong>scilicrt</strong></span> <span class='ocrx_word' id='word_1_497' title='bbox 1008 3473 1069 3511; x_wconf 83' lang='lat' dir='ltr'><strong>ac</strong></span> <span class='ocrx_word' id='word_1_498' title='bbox 1109 3459 1363 3525; x_wconf 85' lang='lat' dir='ltr'><strong>lectione,</strong></span> <span class='ocrx_word' id='word_1_499' title='bbox 1402 3460 1544 3513; x_wconf 90' lang='lat' dir='ltr'><strong>idem</strong></span> <span class='ocrx_word' id='word_1_500' title='bbox 1590 3469 1971 3526; x_wconf 77' lang='lat' dir='ltr'><strong>argumentum</strong></span> <span class='ocrx_word' id='word_1_501' title='bbox 2032 3469 2304 3524; x_wconf 87' lang='lat' dir='ltr'><strong>versatur,</strong></span> 
     </span>
    </p>
   </div>
   <div class='ocr_carea' id='block_1_68' title="bbox 741 3548 2308 3625">
    <p class='ocr_par' dir='ltr' id='par_1_68' title="bbox 741 3548 2308 3625">
     <span class='ocr_line' id='line_1_68' title="bbox 741 3548 2308 3625; baseline 0.001 -22"><span class='ocrx_word' id='word_1_502' title='bbox 741 3548 1040 3616; x_wconf 81' lang='lat' dir='ltr'><strong>eademque</strong></span> <span class='ocrx_word' id='word_1_503' title='bbox 1070 3549 1294 3604; x_wconf 85' lang='lat' dir='ltr'><strong>historia</strong></span> <span class='ocrx_word' id='word_1_504' title='bbox 1339 3565 1368 3603; x_wconf 85' lang='lat' dir='ltr'><strong>a</strong></span> <span class='ocrx_word' id='word_1_505' title='bbox 1405 3551 1718 3625; x_wconf 83' lang='lat' dir='ltr'><strong>primordiis</strong></span> <span class='ocrx_word' id='word_1_506' title='bbox 1761 3564 1931 3620; x_wconf 88' lang='lat' dir='ltr'><strong>usque</strong></span> <span class='ocrx_word' id='word_1_507' title='bbox 1966 3551 2308 3620; x_wconf 82' lang='lat' dir='ltr'><strong>spectatur),</strong></span> 
     </span>
    </p>
   </div>
   <div class='ocr_carea' id='block_1_69' title="bbox 744 3641 2318 3712">
    <p class='ocr_par' dir='ltr' id='par_1_69' title="bbox 744 3641 2318 3712">
     <span class='ocr_line' id='line_1_69' title="bbox 744 3641 2318 3712; baseline 0.001 -18"><span class='ocrx_word' id='word_1_508' title='bbox 744 3642 870 3694; x_wconf 89' lang='lat' dir='ltr'><strong>licet</strong></span> <span class='ocrx_word' id='word_1_509' title='bbox 906 3641 1014 3705; x_wconf 75' lang='lat' dir='ltr'><strong>his,</strong></span> <span class='ocrx_word' id='word_1_510' title='bbox 1054 3642 1300 3712; x_wconf 88' lang='lat' dir='ltr'><strong>inquam,</strong></span> <span class='ocrx_word' id='word_1_511' title='bbox 1361 3645 1406 3697; x_wconf 91' lang='lat' dir='ltr'><strong>si</strong></span> <span class='ocrx_word' id='word_1_512' title='bbox 1482 3643 1609 3710; x_wconf 86' lang='lat' dir='ltr'><strong>quid</strong></span> <span class='ocrx_word' id='word_1_513' title='bbox 1683 3656 1746 3697; x_wconf 89' lang='lat' dir='ltr'><strong>ea</strong></span> <span class='ocrx_word' id='word_1_514' title='bbox 1820 3642 2114 3696; x_wconf 81' lang='lat' dir='ltr'><strong>humanum</strong></span> <span class='ocrx_word' id='word_1_515' title='bbox 2171 3643 2318 3697; x_wconf 89' lang='lat' dir='ltr'><strong>circa</strong></span> 
     </span>
    </p>
   </div>
   <div class='ocr_carea' id='block_1_70' title="bbox 743 3732 2320 3805">
    <p class='ocr_par' dir='ltr' id='par_1_70' title="bbox 743 3732 2320 3805">
     <span class='ocr_line' id='line_1_70' title="bbox 743 3732 2320 3805; baseline 0.001 -17"><span class='ocrx_word' id='word_1_516' title='bbox 743 3732 951 3788; x_wconf 84' lang='lat' dir='ltr'><strong>Christi</strong></span> <span class='ocrx_word' id='word_1_517' title='bbox 995 3734 1358 3789; x_wconf 77' lang='lat' dir='ltr'><strong>mcouomiam</strong></span> <span class='ocrx_word' id='word_1_518' title='bbox 1399 3735 1617 3800; x_wconf 88' lang='lat' dir='ltr'><strong>docent,</strong></span> <span class='ocrx_word' id='word_1_519' title='bbox 1652 3736 1805 3805; x_wconf 88' lang='lat' dir='ltr'><strong>paria</strong></span> <span class='ocrx_word' id='word_1_520' title='bbox 1866 3735 2128 3804; x_wconf 82' lang='lat' dir='ltr'><strong>cogitare,</strong></span> <span class='ocrx_word' id='word_1_521' title='bbox 2158 3744 2320 3804; x_wconf 93' lang='lat' dir='ltr'><strong>atque</strong></span> 
     </span>
    </p>
   </div>
   <div class='ocr_carea' id='block_1_71' title="bbox 750 3825 2324 3896">
    <p class='ocr_par' dir='ltr' id='par_1_71' title="bbox 750 3825 2324 3896">
     <span class='ocr_line' id='line_1_71' title="bbox 750 3825 2324 3896; baseline 0 -17"><span class='ocrx_word' id='word_1_522' title='bbox 750 3825 822 3879; x_wconf 91' lang='lat' dir='ltr'><strong>ita</strong></span> <span class='ocrx_word' id='word_1_523' title='bbox 860 3825 1165 3896; x_wconf 83' lang='lat' dir='ltr'><strong>intelligere</strong></span> <span class='ocrx_word' id='word_1_524' title='bbox 1193 3840 1292 3880; x_wconf 90' lang='lat' dir='ltr'><strong>ceu</strong></span> <span class='ocrx_word' id='word_1_525' title='bbox 1332 3829 1377 3881; x_wconf 90' lang='lat' dir='ltr'><strong>si</strong></span> <span class='ocrx_word' id='word_1_526' title='bbox 1429 3826 1594 3881; x_wconf 86' lang='lat' dir='ltr'><strong>veluti</strong></span> <span class='ocrx_word' id='word_1_527' title='bbox 1627 3835 1940 3880; x_wconf 87' lang='lat' dir='ltr'><strong>creaturam</strong></span> <span class='ocrx_word' id='word_1_528' title='bbox 1975 3825 2132 3879; x_wconf 86' lang='lat' dir='ltr'><strong>nobis</strong></span> <span class='ocrx_word' id='word_1_529' title='bbox 2168 3825 2324 3880; x_wconf 85' lang='lat' dir='ltr'><strong>Chri-</strong></span> 
     </span>
    </p>
   </div>
   <div class='ocr_carea' id='block_1_72' title="bbox 750 3908 2322 3986">
    <p class='ocr_par' dir='ltr' id='par_1_72' title="bbox 750 3908 2322 3986">
     <span class='ocr_line' id='line_1_72' title="bbox 750 3908 2322 3986; baseline 0 -17"><span class='ocrx_word' id='word_1_530' title='bbox 750 3927 893 3969; x_wconf 88' lang='lat' dir='ltr'><strong>stum</strong></span> <span class='ocrx_word' id='word_1_531' title='bbox 917 3917 1248 3983; x_wconf 76' lang='lat' dir='ltr'><strong>obiicerem;</strong></span> <span class='ocrx_word' id='word_1_532' title='bbox 1270 3925 1324 3971; x_wconf 91' lang='lat' dir='ltr'><strong>et</strong></span> <span class='ocrx_word' id='word_1_533' title='bbox 1352 3917 1508 3986; x_wconf 87' lang='lat' dir='ltr'><strong>quasi</strong></span> <span class='ocrx_word' id='word_1_534' title='bbox 1537 3932 1660 3971; x_wconf 91' lang='lat' dir='ltr'><strong>eum</strong></span> <span class='ocrx_word' id='word_1_535' title='bbox 1693 3933 1720 3970; x_wconf 91' lang='lat' dir='ltr'><strong>a</strong></span> <span class='ocrx_word' id='word_1_536' title='bbox 1745 3915 1926 3971; x_wconf 85' lang='lat' dir='ltr'><strong>Verbo</strong></span> <span class='ocrx_word' id='word_1_537' title='bbox 1954 3908 2322 3986; x_wconf 78' lang='lat' dir='ltr'><strong>sejittigereut,</strong></span> 
     </span>
    </p>
   </div>
   <div class='ocr_carea' id='block_1_73' title="bbox 755 4008 2327 4079">
    <p class='ocr_par' dir='ltr' id='par_1_73' title="bbox 755 4008 2327 4079">
     <span class='ocr_line' id='line_1_73' title="bbox 755 4008 2327 4079; baseline 0 -18"><span class='ocrx_word' id='word_1_538' title='bbox 755 4008 956 4061; x_wconf 83' lang='lat' dir='ltr'><strong>idcirco</strong></span> <span class='ocrx_word' id='word_1_539' title='bbox 997 4008 1286 4077; x_wconf 68' lang='lat' dir='ltr'><strong>Evangelia</strong></span> <span class='ocrx_word' id='word_1_540' title='bbox 1338 4008 1683 4077; x_wconf 86' lang='lat' dir='ltr'><strong>proscribere</strong></span> <span class='ocrx_word' id='word_1_541' title='bbox 1724 4017 1885 4079; x_wconf 85' lang='lat' dir='ltr'><strong>atque</strong></span> <span class='ocrx_word' id='word_1_542' title='bbox 1937 4008 2184 4074; x_wconf 88' lang='lat' dir='ltr'><strong>abolere;</strong></span> <span class='ocrx_word' id='word_1_543' title='bbox 2231 4008 2327 4061; x_wconf 86' lang='lat' dir='ltr'><strong>di-</strong></span> 
     </span>
    </p>
   </div>
   <div class='ocr_carea' id='block_1_74' title="bbox 754 4096 2327 4164">
    <p class='ocr_par' dir='ltr' id='par_1_74' title="bbox 754 4096 2327 4164">
     <span class='ocr_line' id='line_1_74' title="bbox 754 4096 2327 4164; baseline 0.002 -14"><span class='ocrx_word' id='word_1_544' title='bbox 754 4108 912 4150; x_wconf 87' lang='lat' dir='ltr'><strong>ccnte</strong></span> <span class='ocrx_word' id='word_1_545' title='bbox 965 4099 1262 4164; x_wconf 55' lang='lat' dir='ltr'><strong>pra&#39;scrtint</strong></span> <span class='ocrx_word' id='word_1_546' title='bbox 1309 4096 1618 4153; x_wconf 69' lang='lat' dir='ltr'><strong>Iudaeorum</strong></span> <span class='ocrx_word' id='word_1_547' title='bbox 1657 4099 1832 4152; x_wconf 87' lang='lat' dir='ltr'><strong>turbis</strong></span> <span class='ocrx_word' id='word_1_548' title='bbox 1885 4099 2163 4153; x_wconf 90' lang='lat' dir='ltr'><strong>Domino:</strong></span> <span class='ocrx_word' id='word_1_549' title='bbox 2217 4098 2327 4153; x_wconf 79' lang='lat' dir='ltr'><strong>Cur</strong></span> 
     </span>
    </p>
   </div>
   <div class='ocr_carea' id='block_1_75' title="bbox 752 4188 2329 4260">
    <p class='ocr_par' dir='ltr' id='par_1_75' title="bbox 752 4188 2329 4260">
     <span class='ocr_line' id='line_1_75' title="bbox 752 4188 2329 4260; baseline 0.004 -20"><span class='ocrx_word' id='word_1_550' title='bbox 752 4203 835 4241; x_wconf 79' lang='lat' dir='ltr'><strong>me</strong></span> <span class='ocrx_word' id='word_1_551' title='bbox 863 4188 1157 4256; x_wconf 78' lang='lat' dir='ltr'><strong>inter/icere</strong></span> <span class='ocrx_word' id='word_1_552' title='bbox 1182 4192 1444 4259; x_wconf 72' lang='lat' dir='ltr'><strong>qurrritis,</strong></span> <span class='ocrx_word' id='word_1_553' title='bbox 1468 4192 1728 4244; x_wconf 80' lang='lat' dir='ltr'><strong>hominem</strong></span> <span class='ocrx_word' id='word_1_554' title='bbox 1762 4193 1851 4260; x_wconf 84' lang='lat' dir='ltr'><strong>qui</strong></span> <span class='ocrx_word' id='word_1_555' title='bbox 1887 4193 2159 4245; x_wconf 78' lang='lat' dir='ltr'><strong>veritatem</strong></span> <span class='ocrx_word' id='word_1_556' title='bbox 2189 4193 2329 4246; x_wconf 78' lang='lat' dir='ltr'><strong>vobis</strong></span> 
     </span>
    </p>
   </div>
   <div class='ocr_carea' id='block_1_76' title="bbox 756 4279 2329 4336">
    <p class='ocr_par' dir='ltr' id='par_1_76' title="bbox 756 4279 2329 4336">
     <span class='ocr_line' id='line_1_76' title="bbox 756 4279 2329 4336; baseline 0.003 -6"><span class='ocrx_word' id='word_1_557' title='bbox 756 4279 964 4334; x_wconf 78' lang='lat' dir='ltr'><strong>locum</strong></span> <span class='ocrx_word' id='word_1_558' title='bbox 1010 4297 1126 4334; x_wconf 72' lang='lat' dir='ltr'><strong>sum</strong></span> <span class='ocrx_word' id='word_1_559' title='bbox 1156 4283 1224 4334; x_wconf 84' lang='lat'><strong>&quot;.</strong></span> <span class='ocrx_word' id='word_1_560' title='bbox 1277 4281 1444 4336; x_wconf 90' lang='lat' dir='ltr'><strong>Item:</strong></span> <span class='ocrx_word' id='word_1_561' title='bbox 1479 4281 1654 4335; x_wconf 78' lang='lat' dir='ltr'><strong>Filius</strong></span> <span class='ocrx_word' id='word_1_562' title='bbox 1697 4283 1924 4336; x_wconf 74' lang='lat' dir='ltr'><strong>hominis</strong></span> <span class='ocrx_word' id='word_1_563' title='bbox 1982 4285 2217 4336; x_wconf 83' lang='lat' dir='ltr'><strong>traditur</strong></span> <span class='ocrx_word' id='word_1_564' title='bbox 2261 4285 2329 4335; x_wconf 87' lang='lat' dir='ltr'><strong>ad</strong></span> 
     </span>
    </p>
   </div>
   <div class='ocr_carea' id='block_1_77' title="bbox 758 4372 2331 4444">
    <p class='ocr_par' dir='ltr' id='par_1_77' title="bbox 758 4372 2331 4444">
     <span class='ocr_line' id='line_1_77' title="bbox 758 4372 2331 4444; baseline 0.004 -22"><span class='ocrx_word' id='word_1_565' title='bbox 758 4372 1174 4440; x_wconf 75' lang='lat' dir='ltr'><strong>cruciﬁgendum</strong></span> <span class='ocrx_word' id='word_1_566' title='bbox 1201 4373 1296 4426; x_wconf 80' lang='lat'><strong>&quot;?</strong></span> <span class='ocrx_word' id='word_1_567' title='bbox 1330 4373 1425 4428; x_wconf 89' lang='lat' dir='ltr'><strong>His</strong></span> <span class='ocrx_word' id='word_1_568' title='bbox 1453 4375 1657 4444; x_wconf 90' lang='lat' dir='ltr'><strong>quippe</strong></span> <span class='ocrx_word' id='word_1_569' title='bbox 1691 4374 2058 4429; x_wconf 82' lang='lat' dir='ltr'><strong>locutionibus</strong></span> <span class='ocrx_word' id='word_1_570' title='bbox 2107 4375 2331 4429; x_wconf 91' lang='lat' dir='ltr'><strong>humilis</strong></span> 
     </span>
    </p>
   </div>
   <div class='ocr_carea' id='block_1_78' title="bbox 2411 3265 3998 3353">
    <p class='ocr_par' dir='ltr' id='par_1_78' title="bbox 2411 3265 3998 3353">
     <span class='ocr_line' id='line_1_78' title="bbox 2411 3265 3998 3353; baseline -0.012 -18"><span class='ocrx_word' id='word_1_571' title='bbox 2411 3284 2650 3353; x_wconf 75' lang='grc' dir='ltr'>ἔρχεται,</span> <span class='ocrx_word' id='word_1_572' title='bbox 2677 3279 2772 3332; x_wconf 72' lang='grc' dir='ltr'>καὶ</span> <span class='ocrx_word' id='word_1_573' title='bbox 2794 3279 2828 3348; x_wconf 80' lang='grc' dir='ltr'>ἡ</span> <span class='ocrx_word' id='word_1_574' title='bbox 2857 3277 2996 3346; x_wconf 83' lang='grc' dir='ltr'>αὑτὴ</span> <span class='ocrx_word' id='word_1_575' title='bbox 3025 3275 3237 3344; x_wconf 85' lang='grc' dir='ltr'>ἰστορία</span> <span class='ocrx_word' id='word_1_576' title='bbox 3262 3270 3531 3326; x_wconf 79' lang='grc' dir='ltr'>ἀνέκαθεν</span> <span class='ocrx_word' id='word_1_577' title='bbox 3552 3266 3794 3339; x_wconf 82' lang='grc' dir='ltr'>ὁρᾶται),</span> <span class='ocrx_word' id='word_1_578' title='bbox 3813 3265 3998 3319; x_wconf 85' lang='grc' dir='ltr'>τοιού-</span> 
     </span>
    </p>
   </div>
   <div class='ocr_carea' id='block_1_79' title="bbox 2411 3359 3997 3442">
    <p class='ocr_par' dir='ltr' id='par_1_79' title="bbox 2411 3359 3997 3442">
     <span class='ocr_line' id='line_1_79' title="bbox 2411 3359 3997 3442; baseline -0.013 -15"><span class='ocrx_word' id='word_1_579' title='bbox 2411 3391 2506 3427; x_wconf 85' lang='grc' dir='ltr'><strong>του</strong></span> <span class='ocrx_word' id='word_1_580' title='bbox 2535 3373 2644 3442; x_wconf 87' lang='grc' dir='ltr'><strong>γάρ</strong></span> <span class='ocrx_word' id='word_1_581' title='bbox 2672 3371 2831 3437; x_wconf 86' lang='grc' dir='ltr'>λόγου</span> <span class='ocrx_word' id='word_1_582' title='bbox 2873 3367 3111 3438; x_wconf 76' lang='grc' dir='ltr'>ἔχονται,</span> <span class='ocrx_word' id='word_1_583' title='bbox 3148 3366 3200 3418; x_wconf 83' lang='grc' dir='ltr'><strong>εί</strong></span> <span class='ocrx_word' id='word_1_584' title='bbox 3246 3380 3351 3416; x_wconf 87' lang='grc' dir='ltr'><strong>που</strong></span> <span class='ocrx_word' id='word_1_585' title='bbox 3398 3361 3652 3416; x_wconf 88' lang='grc' dir='ltr'>ταπεινόν</span> <span class='ocrx_word' id='word_1_586' title='bbox 3679 3377 3730 3411; x_wconf 92' lang='grc' dir='ltr'><strong>τι</strong></span> <span class='ocrx_word' id='word_1_587' title='bbox 3769 3359 3864 3410; x_wconf 74' lang='grc' dir='ltr'>καὶ</span> <span class='ocrx_word' id='word_1_588' title='bbox 3895 3359 3997 3409; x_wconf 78' lang='grc' dir='ltr'>ἀν-</span> 
     </span>
    </p>
   </div>
   <div class='ocr_carea' id='block_1_80' title="bbox 2415 3449 4000 3536">
    <p class='ocr_par' dir='ltr' id='par_1_80' title="bbox 2415 3449 4000 3536">
     <span class='ocr_line' id='line_1_80' title="bbox 2415 3449 4000 3536; baseline -0.013 -18"><span class='ocrx_word' id='word_1_589' title='bbox 2415 3464 2685 3536; x_wconf 85' lang='grc' dir='ltr'>θρώπινον</span> <span class='ocrx_word' id='word_1_590' title='bbox 2745 3462 2873 3530; x_wconf 86' lang='grc' dir='ltr'><strong>περί</strong></span> <span class='ocrx_word' id='word_1_591' title='bbox 2915 3462 3014 3529; x_wconf 83' lang='grc' dir='ltr'>τῆς</span> <span class='ocrx_word' id='word_1_592' title='bbox 3072 3457 3214 3510; x_wconf 87' lang='grc' dir='ltr'><strong>κατά</strong></span> <span class='ocrx_word' id='word_1_593' title='bbox 3259 3457 3352 3508; x_wconf 71' lang='grc' dir='ltr'>τὸν</span> <span class='ocrx_word' id='word_1_594' title='bbox 3396 3454 3626 3524; x_wconf 83' lang='grc' dir='ltr'>Σωτῆρα</span> <span class='ocrx_word' id='word_1_595' title='bbox 3681 3449 4000 3516; x_wconf 77' lang='grc' dir='ltr'>οἰκονομίας</span> 
     </span>
    </p>
   </div>
   <div class='ocr_carea' id='block_1_81' title="bbox 2417 3539 4002 3627">
    <p class='ocr_par' dir='ltr' id='par_1_81' title="bbox 2417 3539 4002 3627">
     <span class='ocr_line' id='line_1_81' title="bbox 2417 3539 4002 3627; baseline -0.013 -17"><span class='ocrx_word' id='word_1_596' title='bbox 2417 3556 2562 3627; x_wconf 78' lang='grc' dir='ltr'>ἡμᾶς</span> <span class='ocrx_word' id='word_1_597' title='bbox 2583 3553 2975 3615; x_wconf 76' lang='grc' dir='ltr'>ὲκδιδάσκοιεν,</span> <span class='ocrx_word' id='word_1_598' title='bbox 3003 3550 3073 3603; x_wconf 75' lang='grc' dir='ltr'>τὰ</span> <span class='ocrx_word' id='word_1_599' title='bbox 3093 3548 3184 3602; x_wconf 84' lang='grc' dir='ltr'><strong>ῐσα</strong></span> <span class='ocrx_word' id='word_1_600' title='bbox 3201 3544 3543 3615; x_wconf 78' lang='grc' dir='ltr'>λογίζεσθαι,</span> <span class='ocrx_word' id='word_1_601' title='bbox 3573 3543 3667 3596; x_wconf 62' lang='grc' dir='ltr'>καὶ</span> <span class='ocrx_word' id='word_1_602' title='bbox 3691 3541 3766 3603; x_wconf 84' lang='grc' dir='ltr'>ὡς</span> <span class='ocrx_word' id='word_1_603' title='bbox 3791 3539 4002 3608; x_wconf 79' lang='grc' dir='ltr'>κτίσμα</span> 
     </span>
    </p>
   </div>
   <div class='ocr_carea' id='block_1_82' title="bbox 2419 3634 4003 3718">
    <p class='ocr_par' dir='ltr' id='par_1_82' title="bbox 2419 3634 4003 3718">
     <span class='ocr_line' id='line_1_82' title="bbox 2419 3634 4003 3718; baseline -0.013 -13"><span class='ocrx_word' id='word_1_604' title='bbox 2419 3651 2579 3706; x_wconf 79' lang='grc' dir='ltr'>αὐτὸν</span> <span class='ocrx_word' id='word_1_605' title='bbox 2609 3648 2933 3718; x_wconf 79' lang='grc' dir='ltr'>εἰσφέροντα</span> <span class='ocrx_word' id='word_1_606' title='bbox 2963 3644 3216 3714; x_wconf 81' lang='grc' dir='ltr'>δέχεσθαι</span> <span class='ocrx_word' id='word_1_607' title='bbox 3243 3659 3257 3671; x_wconf 86' lang='grc'><strong>·</strong></span> <span class='ocrx_word' id='word_1_608' title='bbox 3289 3642 3323 3711; x_wconf 81' lang='grc' dir='ltr'>ἢ</span> <span class='ocrx_word' id='word_1_609' title='bbox 3351 3640 3445 3693; x_wconf 80' lang='grc' dir='ltr'>τοῦ</span> <span class='ocrx_word' id='word_1_610' title='bbox 3485 3639 3660 3706; x_wconf 80' lang='grc' dir='ltr'>Λόγου</span> <span class='ocrx_word' id='word_1_611' title='bbox 3687 3634 4003 3704; x_wconf 84' lang='grc' dir='ltr'>διαιροῦντα</span> 
     </span>
    </p>
   </div>
   <div class='ocr_carea' id='block_1_83' title="bbox 2419 3726 4004 3810">
    <p class='ocr_par' dir='ltr' id='par_1_83' title="bbox 2419 3726 4004 3810">
     <span class='ocr_line' id='line_1_83' title="bbox 2419 3726 4004 3810; baseline -0.013 -14"><span class='ocrx_word' id='word_1_612' title='bbox 2419 3741 2680 3803; x_wconf 77' lang='grc' dir='ltr'>ὡσαύτως</span> <span class='ocrx_word' id='word_1_613' title='bbox 2731 3736 3173 3810; x_wconf 78' lang='grc' dir='ltr'>διαγράφεσθαι,</span> <span class='ocrx_word' id='word_1_614' title='bbox 3236 3734 3333 3785; x_wconf 72' lang='grc' dir='ltr'>καὶ</span> <span class='ocrx_word' id='word_1_615' title='bbox 3385 3732 3467 3784; x_wconf 82' lang='grc' dir='ltr'>δεῖ</span> <span class='ocrx_word' id='word_1_616' title='bbox 3518 3728 3881 3799; x_wconf 79' lang='grc' dir='ltr'>καθαιρήσειν</span> <span class='ocrx_word' id='word_1_617' title='bbox 3931 3726 4004 3775; x_wconf 69' lang='grc' dir='ltr'><strong>τὰ</strong></span> 
     </span>
    </p>
   </div>
   <div class='ocr_carea' id='block_1_84' title="bbox 2422 3815 4005 3904">
    <p class='ocr_par' dir='ltr' id='par_1_84' title="bbox 2422 3815 4005 3904">
     <span class='ocr_line' id='line_1_84' title="bbox 2422 3815 4005 3904; baseline -0.013 -16"><span class='ocrx_word' id='word_1_618' title='bbox 2422 3833 2728 3904; x_wconf 79' lang='grc' dir='ltr'>Εὐαγγὲλια</span> <span class='ocrx_word' id='word_1_619' title='bbox 2761 3849 2775 3862; x_wconf 90' lang='grc'><strong>·</strong></span> <span class='ocrx_word' id='word_1_620' title='bbox 2832 3829 2997 3884; x_wconf 80' lang='grc' dir='ltr'>αὐτοῦ</span> <span class='ocrx_word' id='word_1_621' title='bbox 3055 3827 3288 3898; x_wconf 82' lang='grc' dir='ltr'>μάλιστα</span> <span class='ocrx_word' id='word_1_622' title='bbox 3311 3822 3405 3877; x_wconf 81' lang='grc' dir='ltr'>τοῦ</span> <span class='ocrx_word' id='word_1_623' title='bbox 3459 3817 3666 3890; x_wconf 82' lang='grc' dir='ltr'>Κυρίου</span> <span class='ocrx_word' id='word_1_624' title='bbox 3728 3818 3863 3889; x_wconf 68' lang='grc' dir='ltr'>πρὸς</span> <span class='ocrx_word' id='word_1_625' title='bbox 3911 3815 4005 3868; x_wconf 75' lang='grc' dir='ltr'>τὸν</span> 
     </span>
    </p>
   </div>
   <div class='ocr_carea' id='block_1_85' title="bbox 2423 3911 4008 3992">
    <p class='ocr_par' dir='ltr' id='par_1_85' title="bbox 2423 3911 4008 3992">
     <span class='ocr_line' id='line_1_85' title="bbox 2423 3911 4008 3992; baseline -0.015 -10"><span class='ocrx_word' id='word_1_626' title='bbox 2423 3928 2533 3982; x_wconf 87' lang='grc' dir='ltr'><strong>τῶν</strong></span> <span class='ocrx_word' id='word_1_627' title='bbox 2578 3925 2848 3979; x_wconf 84' lang='grc' dir='ltr'>Ἰουδαίων</span> <span class='ocrx_word' id='word_1_628' title='bbox 2883 3923 3055 3992; x_wconf 88' lang='grc' dir='ltr'>δῆμον</span> <span class='ocrx_word' id='word_1_629' title='bbox 3083 3919 3333 3986; x_wconf 83' lang='grc' dir='ltr'>λέγοντος</span> <span class='ocrx_word' id='word_1_630' title='bbox 3357 3933 3368 3944; x_wconf 92' lang='grc'><strong>·</strong></span> <span class='ocrx_word' id='word_1_631' title='bbox 3405 3915 3466 3969; x_wconf 86' lang='grc' dir='ltr'>Τί</span> <span class='ocrx_word' id='word_1_632' title='bbox 3492 3930 3562 3982; x_wconf 79' lang='grc' dir='ltr'><strong>με</strong></span> <span class='ocrx_word' id='word_1_633' title='bbox 3593 3911 3816 3979; x_wconf 75' lang='grc' dir='ltr'>ζητεῖτε</span> <span class='ocrx_word' id='word_1_634' title='bbox 3856 3911 4008 3963; x_wconf 76' lang='grc' dir='ltr'>ἀπο-</span> 
     </span>
    </p>
   </div>
   <div class='ocr_carea' id='block_1_86' title="bbox 2427 3999 4011 4081">
    <p class='ocr_par' dir='ltr' id='par_1_86' title="bbox 2427 3999 4011 4081">
     <span class='ocr_line' id='line_1_86' title="bbox 2427 3999 4011 4081; baseline -0.014 -7"><span class='ocrx_word' id='word_1_635' title='bbox 2427 4018 2650 4074; x_wconf 82' lang='grc' dir='ltr'>κτεῖναι</span> <span class='ocrx_word' id='word_1_636' title='bbox 2672 4057 2686 4081; x_wconf 89' lang='grc'><strong>,</strong></span> <span class='ocrx_word' id='word_1_637' title='bbox 2722 4015 3038 4077; x_wconf 70' lang='grc' dir='ltr'><strong>ἄνθρωπον</strong></span> <span class='ocrx_word' id='word_1_638' title='bbox 3073 4009 3142 4075; x_wconf 83' lang='grc' dir='ltr'>ὃς</span> <span class='ocrx_word' id='word_1_639' title='bbox 3182 4008 3297 4075; x_wconf 82' lang='grc' dir='ltr'><strong>τὴν</strong></span> <span class='ocrx_word' id='word_1_640' title='bbox 3326 4005 3616 4073; x_wconf 68' lang='grc' dir='ltr'>ἀλήθειαν</span> <span class='ocrx_word' id='word_1_641' title='bbox 3661 4002 3804 4072; x_wconf 82' lang='grc' dir='ltr'><strong>ὑμῖν</strong></span> <span class='ocrx_word' id='word_1_642' title='bbox 3825 3999 4011 4054; x_wconf 69' lang='grc' dir='ltr'>λελά-</span> 
     </span>
    </p>
   </div>
   <div class='ocr_carea' id='block_1_87' title="bbox 2429 4094 4012 4180">
    <p class='ocr_par' dir='ltr' id='par_1_87' title="bbox 2429 4094 4012 4180">
     <span class='ocr_line' id='line_1_87' title="bbox 2429 4094 4012 4180; baseline -0.016 -13"><span class='ocrx_word' id='word_1_643' title='bbox 2429 4117 2627 4180; x_wconf 75' lang='lat' dir='ltr'><strong>.lnxa;</strong></span> <span class='ocrx_word' id='word_1_644' title='bbox 2652 4110 2772 4172; x_wconf 64' lang='grc' dir='ltr'>καὶ,</span> <span class='ocrx_word' id='word_1_645' title='bbox 2789 4108 2853 4159; x_wconf 92' lang='lat'><strong>&#39;0</strong></span> <span class='ocrx_word' id='word_1_646' title='bbox 2887 4105 3021 4169; x_wconf 84' lang='grc' dir='ltr'>Υἰὸς</span> <span class='ocrx_word' id='word_1_647' title='bbox 3045 4103 3151 4156; x_wconf 82' lang='grc' dir='ltr'>τοῦ</span> <span class='ocrx_word' id='word_1_648' title='bbox 3173 4098 3488 4168; x_wconf 78' lang='grc' dir='ltr'>ἀνθρώπου</span> <span class='ocrx_word' id='word_1_649' title='bbox 3509 4094 3897 4164; x_wconf 79' lang='grc' dir='ltr'>παραδίδοται</span> <span class='ocrx_word' id='word_1_650' title='bbox 3923 4095 4012 4156; x_wconf 78' lang='grc' dir='ltr'>εἰς</span> 
     </span>
    </p>
   </div>
   <div class='ocr_carea' id='block_1_88' title="bbox 2429 4184 4013 4268">
    <p class='ocr_par' dir='ltr' id='par_1_88' title="bbox 2429 4184 4013 4268">
     <span class='ocr_line' id='line_1_88' title="bbox 2429 4184 4013 4268; baseline -0.015 -11"><span class='ocrx_word' id='word_1_651' title='bbox 2429 4203 2496 4257; x_wconf 85' lang='grc' dir='ltr'>τὸ</span> <span class='ocrx_word' id='word_1_652' title='bbox 2543 4196 2964 4268; x_wconf 78' lang='grc' dir='ltr'>σταυρωθῆναι</span> <span class='ocrx_word' id='word_1_653' title='bbox 2984 4211 2999 4227; x_wconf 80' lang='grc' dir='ltr'>ο</span> <span class='ocrx_word' id='word_1_654' title='bbox 3031 4194 3120 4247; x_wconf 89' lang='grc' dir='ltr'><strong>διά</strong></span> <span class='ocrx_word' id='word_1_655' title='bbox 3149 4191 3355 4244; x_wconf 88' lang='grc' dir='ltr'>τούτων</span> <span class='ocrx_word' id='word_1_656' title='bbox 3383 4188 3492 4260; x_wconf 75' lang='grc' dir='ltr'><strong>γὰρ</strong></span> <span class='ocrx_word' id='word_1_657' title='bbox 3531 4187 3593 4240; x_wconf 76' lang='grc' dir='ltr'><strong>τὸ</strong></span> <span class='ocrx_word' id='word_1_658' title='bbox 3623 4184 3882 4239; x_wconf 71' lang='grc' dir='ltr'>ταπεινὸν</span> <span class='ocrx_word' id='word_1_659' title='bbox 3916 4184 4013 4235; x_wconf 76' lang='grc' dir='ltr'><strong>καὶ</strong></span> 
     </span>
    </p>
   </div>
   <div class='ocr_carea' id='block_1_89' title="bbox 2432 4276 4014 4362">
    <p class='ocr_par' dir='ltr' id='par_1_89' title="bbox 2432 4276 4014 4362">
     <span class='ocr_line' id='line_1_89' title="bbox 2432 4276 4014 4362; baseline -0.014 -14"><span class='ocrx_word' id='word_1_660' title='bbox 2432 4293 2648 4362; x_wconf 75' lang='grc' dir='ltr'>πτωχὸν</span> <span class='ocrx_word' id='word_1_661' title='bbox 2681 4289 2846 4343; x_wconf 77' lang='grc' dir='ltr'>αὑτοῦ</span> <span class='ocrx_word' id='word_1_662' title='bbox 2907 4284 3303 4354; x_wconf 82' lang='grc' dir='ltr'>καταφαίνεται</span> <span class='ocrx_word' id='word_1_663' title='bbox 3339 4282 3708 4352; x_wconf 75' lang='grc' dir='ltr'>παράστημαο</span> <span class='ocrx_word' id='word_1_664' title='bbox 3761 4278 3858 4329; x_wconf 74' lang='grc' dir='ltr'>καὶ</span> <span class='ocrx_word' id='word_1_665' title='bbox 3911 4276 4014 4327; x_wconf 80' lang='grc' dir='ltr'>ὅσα</span> 
     </span>
    </p>
   </div>
   <div class='ocr_carea' id='block_1_90' title="bbox 2433 4367 4014 4454">
    <p class='ocr_par' dir='ltr' id='par_1_90' title="bbox 2433 4367 4014 4454">
     <span class='ocr_line' id='line_1_90' title="bbox 2433 4367 4014 4454; baseline -0.015 -13"><span class='ocrx_word' id='word_1_666' title='bbox 2433 4388 2500 4441; x_wconf 87' lang='grc' dir='ltr'><strong>τά</strong></span> <span class='ocrx_word' id='word_1_667' title='bbox 2534 4385 2685 4454; x_wconf 87' lang='grc' dir='ltr'>πάθη</span> <span class='ocrx_word' id='word_1_668' title='bbox 2713 4383 2807 4437; x_wconf 73' lang='grc' dir='ltr'><strong>καὶ</strong></span> <span class='ocrx_word' id='word_1_669' title='bbox 2847 4381 2939 4434; x_wconf 71' lang='grc' dir='ltr'><strong>τὸν</strong></span> <span class='ocrx_word' id='word_1_670' title='bbox 2992 4376 3224 4446; x_wconf 76' lang='grc' dir='ltr'>σταυρὸν</span> <span class='ocrx_word' id='word_1_671' title='bbox 3255 4373 3420 4426; x_wconf 76' lang='grc' dir='ltr'>αὐτοῦ</span> <span class='ocrx_word' id='word_1_672' title='bbox 3467 4374 3602 4441; x_wconf 83' lang='grc' dir='ltr'>ἡμῖν</span> <span class='ocrx_word' id='word_1_673' title='bbox 3632 4367 4014 4439; x_wconf 81' lang='grc' dir='ltr'>εἰσηγοῦνται,</span> 
     </span>
    </p>
   </div>
   <div class='ocr_carea' id='block_1_91' title="bbox 758 4456 2363 4546">
    <p class='ocr_par' dir='ltr' id='par_1_91' title="bbox 758 4457 2363 4536">
     <span class='ocr_line' id='line_1_91' title="bbox 758 4457 2363 4536; baseline 0.003 -22"><span class='ocrx_word' id='word_1_674' title='bbox 758 4461 879 4525; x_wconf 76' lang='lat' dir='ltr'><strong>eius</strong></span> <span class='ocrx_word' id='word_1_675' title='bbox 909 4475 958 4516; x_wconf 85' lang='lat' dir='ltr'><strong>et</strong></span> <span class='ocrx_word' id='word_1_676' title='bbox 1015 4480 1216 4533; x_wconf 86' lang='lat' dir='ltr'><strong>pauper</strong></span> <span class='ocrx_word' id='word_1_677' title='bbox 1257 4475 1432 4520; x_wconf 86' lang='lat' dir='ltr'><strong>status</strong></span> <span class='ocrx_word' id='word_1_678' title='bbox 1462 4476 1902 4536; x_wconf 56' lang='lat' dir='ltr'><strong>repraesentatur.</strong></span> <span class='ocrx_word' id='word_1_679' title='bbox 1942 4466 2212 4534; x_wconf 84' lang='lat' dir='ltr'><strong>Quidquid</strong></span> <span class='ocrx_word' id='word_1_680' title='bbox 2242 4467 2329 4519; x_wconf 87' lang='lat' dir='ltr'><strong>de-</strong></span> <span class='ocrx_word' id='word_1_681' title='bbox 2361 4457 2363 4464; x_wconf 56' lang='grc'><strong><em>“</em></strong></span> 
     </span>
    </p>
   </div>
   <div class='ocr_carea' id='block_1_92' title="bbox 2436 4456 4016 4546">
    <p class='ocr_par' dir='ltr' id='par_1_92' title="bbox 2436 4459 4016 4546">
     <span class='ocr_line' id='line_1_92' title="bbox 2436 4459 4016 4546; baseline -0.013 -16"><span class='ocrx_word' id='word_1_682' title='bbox 2436 4477 2687 4546; x_wconf 83' lang='grc' dir='ltr'>διαγελᾷν</span> <span class='ocrx_word' id='word_1_683' title='bbox 2711 4491 2772 4527; x_wconf 88' lang='grc' dir='ltr'><strong>τε</strong></span> <span class='ocrx_word' id='word_1_684' title='bbox 2808 4473 2903 4526; x_wconf 73' lang='grc' dir='ltr'>καὶ</span> <span class='ocrx_word' id='word_1_685' title='bbox 2927 4468 3207 4523; x_wconf 88' lang='grc' dir='ltr'>διαπτύειν</span> <span class='ocrx_word' id='word_1_686' title='bbox 3236 4484 3250 4497; x_wconf 78' lang='grc' dir='ltr'><strong>ο</strong></span> <span class='ocrx_word' id='word_1_687' title='bbox 3297 4464 3434 4518; x_wconf 87' lang='grc' dir='ltr'><strong>ἀλλά</strong></span> <span class='ocrx_word' id='word_1_688' title='bbox 3473 4463 3580 4533; x_wconf 76' lang='grc' dir='ltr'>μὴν</span> <span class='ocrx_word' id='word_1_689' title='bbox 3611 4462 3786 4514; x_wconf 79' lang='grc' dir='ltr'>ταῦτά</span> <span class='ocrx_word' id='word_1_690' title='bbox 3814 4477 3880 4527; x_wconf 81' lang='grc' dir='ltr'>γε</span> <span class='ocrx_word' id='word_1_691' title='bbox 3921 4459 4016 4510; x_wconf 77' lang='grc' dir='ltr'><strong>ού-</strong></span> 
     </span>
    </p>
   </div>
   <div class='ocr_carea' id='block_1_93' title="bbox 763 4557 2326 4624">
    <p class='ocr_par' dir='ltr' id='par_1_93' title="bbox 763 4557 2326 4624">
     <span class='ocr_line' id='line_1_93' title="bbox 763 4557 2326 4624; baseline 0.002 -18"><span class='ocrx_word' id='word_1_692' title='bbox 763 4557 927 4623; x_wconf 82' lang='lat' dir='ltr'><strong>nique</strong></span> <span class='ocrx_word' id='word_1_693' title='bbox 970 4557 1278 4624; x_wconf 89' lang='lat' dir='ltr'><strong>passionem</strong></span> <span class='ocrx_word' id='word_1_694' title='bbox 1323 4566 1378 4611; x_wconf 89' lang='lat' dir='ltr'><strong>et</strong></span> <span class='ocrx_word' id='word_1_695' title='bbox 1413 4573 1629 4610; x_wconf 88' lang='lat' dir='ltr'><strong>crucem</strong></span> <span class='ocrx_word' id='word_1_696' title='bbox 1689 4558 1842 4612; x_wconf 90' lang='lat' dir='ltr'><strong>nobis</strong></span> <span class='ocrx_word' id='word_1_697' title='bbox 1913 4566 2326 4620; x_wconf 85' lang='lat' dir='ltr'><strong>commemorat,</strong></span> 
     </span>
    </p>
   </div>
   <div class='ocr_carea' id='block_1_94' title="bbox 761 4647 2330 4717">
    <p class='ocr_par' dir='ltr' id='par_1_94' title="bbox 761 4647 2330 4717">
     <span class='ocr_line' id='line_1_94' title="bbox 761 4647 2330 4717; baseline 0.003 -19"><span class='ocrx_word' id='word_1_698' title='bbox 761 4648 1006 4702; x_wconf 84' lang='lat' dir='ltr'><strong>deridere</strong></span> <span class='ocrx_word' id='word_1_699' title='bbox 1029 4647 1214 4702; x_wconf 89' lang='lat' dir='ltr'><strong>licebit</strong></span> <span class='ocrx_word' id='word_1_700' title='bbox 1258 4659 1422 4717; x_wconf 84' lang='lat' dir='ltr'><strong>atque</strong></span> <span class='ocrx_word' id='word_1_701' title='bbox 1454 4659 1825 4704; x_wconf 87' lang='lat' dir='ltr'><strong>contemnere.</strong></span> <span class='ocrx_word' id='word_1_702' title='bbox 1877 4652 1943 4703; x_wconf 81' lang='lat' dir='ltr'><strong>At</strong></span> <span class='ocrx_word' id='word_1_703' title='bbox 1974 4653 2116 4702; x_wconf 83' lang='lat' dir='ltr'><strong>enim</strong></span> <span class='ocrx_word' id='word_1_704' title='bbox 2171 4664 2330 4702; x_wconf 88' lang='lat' dir='ltr'><strong>nemo</strong></span> 
     </span>
    </p>
   </div>
   <div class='ocr_carea' id='block_1_95' title="bbox 762 4733 2331 4808">
    <p class='ocr_par' dir='ltr' id='par_1_95' title="bbox 762 4733 2331 4808">
     <span class='ocr_line' id='line_1_95' title="bbox 762 4733 2331 4808; baseline 0.002 -23"><span class='ocrx_word' id='word_1_705' title='bbox 762 4733 1023 4789; x_wconf 86' lang='lat' dir='ltr'><strong>cordatus</strong></span> <span class='ocrx_word' id='word_1_706' title='bbox 1057 4736 1133 4789; x_wconf 82' lang='lat' dir='ltr'><strong>ita</strong></span> <span class='ocrx_word' id='word_1_707' title='bbox 1163 4738 1424 4806; x_wconf 86' lang='lat' dir='ltr'><strong>cogitabit</strong></span> <span class='ocrx_word' id='word_1_708' title='bbox 1450 4749 1542 4790; x_wconf 92' lang='lat' dir='ltr'><strong>aut</strong></span> <span class='ocrx_word' id='word_1_709' title='bbox 1570 4739 1735 4791; x_wconf 86' lang='lat' dir='ltr'><strong>dicet.</strong></span> <span class='ocrx_word' id='word_1_710' title='bbox 1775 4738 1915 4807; x_wconf 83' lang='lat' dir='ltr'><strong>Ergo</strong></span> <span class='ocrx_word' id='word_1_711' title='bbox 1965 4748 2021 4792; x_wconf 81' lang='lat' dir='ltr'><strong>et</strong></span> <span class='ocrx_word' id='word_1_712' title='bbox 2051 4749 2331 4808; x_wconf 85' lang='lat' dir='ltr'><strong>eontemp—</strong></span> 
     </span>
    </p>
   </div>
   <div class='ocr_carea' id='block_1_96' title="bbox 764 4827 2022 4895">
    <p class='ocr_par' dir='ltr' id='par_1_96' title="bbox 764 4827 2022 4895">
     <span class='ocr_line' id='line_1_96' title="bbox 764 4827 2022 4895; baseline 0.006 -20"><span class='ocrx_word' id='word_1_713' title='bbox 764 4835 850 4876; x_wconf 86' lang='lat' dir='ltr'><strong>tus</strong></span> <span class='ocrx_word' id='word_1_714' title='bbox 888 4827 1184 4895; x_wconf 89' lang='lat' dir='ltr'><strong>imaginum</strong></span> <span class='ocrx_word' id='word_1_715' title='bbox 1208 4828 1396 4882; x_wconf 84' lang='lat' dir='ltr'><strong>cadem</strong></span> <span class='ocrx_word' id='word_1_716' title='bbox 1425 4829 1763 4883; x_wconf 79' lang='lat' dir='ltr'><strong>absurditate</strong></span> <span class='ocrx_word' id='word_1_717' title='bbox 1793 4829 2022 4882; x_wconf 87' lang='lat' dir='ltr'><strong>laborat.</strong></span> 
     </span>
    </p>
   </div>
   <div class='ocr_carea' id='block_1_97' title="bbox 833 4917 2337 4990">
    <p class='ocr_par' dir='ltr' id='par_1_97' title="bbox 833 4917 2337 4990">
     <span class='ocr_line' id='line_1_97' title="bbox 833 4917 2337 4990; baseline 0.004 -22"><span class='ocrx_word' id='word_1_718' title='bbox 833 4917 945 4989; x_wconf 72' lang='lat'><strong>36</strong></span> <span class='ocrx_word' id='word_1_719' title='bbox 995 4918 1136 4984; x_wconf 83' lang='lat' dir='ltr'><strong>Quid</strong></span> <span class='ocrx_word' id='word_1_720' title='bbox 1170 4937 1301 4987; x_wconf 75' lang='lat' dir='ltr'><strong>ergo</strong></span> <span class='ocrx_word' id='word_1_721' title='bbox 1336 4920 1601 4974; x_wconf 67' lang='lat' dir='ltr'><strong>dicimus?</strong></span> <span class='ocrx_word' id='word_1_722' title='bbox 1624 4920 1827 4990; x_wconf 84' lang='lat' dir='ltr'><strong>Nempe</strong></span> <span class='ocrx_word' id='word_1_723' title='bbox 1853 4930 1909 4972; x_wconf 84' lang='grc' dir='ltr'><strong>ιιι</strong></span> <span class='ocrx_word' id='word_1_724' title='bbox 1936 4922 2136 4990; x_wconf 90' lang='lat' dir='ltr'><strong>ubique</strong></span> <span class='ocrx_word' id='word_1_725' title='bbox 2164 4919 2337 4974; x_wconf 76' lang='lat' dir='ltr'><strong>futilis</strong></span> 
     </span>
    </p>
   </div>
   <div class='ocr_carea' id='block_1_98' title="bbox 766 5009 2337 5080">
    <p class='ocr_par' dir='ltr' id='par_1_98' title="bbox 766 5009 2337 5080">
     <span class='ocr_line' id='line_1_98' title="bbox 766 5009 2337 5080; baseline 0.001 -18"><span class='ocrx_word' id='word_1_726' title='bbox 766 5010 856 5063; x_wconf 89' lang='lat' dir='ltr'><strong>hic</strong></span> <span class='ocrx_word' id='word_1_727' title='bbox 886 5010 1167 5080; x_wconf 77' lang='lat' dir='ltr'><strong>theologus</strong></span> <span class='ocrx_word' id='word_1_728' title='bbox 1219 5025 1248 5062; x_wconf 89' lang='lat' dir='ltr'><strong>a</strong></span> <span class='ocrx_word' id='word_1_729' title='bbox 1280 5011 1509 5064; x_wconf 81' lang='lat' dir='ltr'><strong>veritate</strong></span> <span class='ocrx_word' id='word_1_730' title='bbox 1544 5010 1804 5072; x_wconf 80' lang='lat' dir='ltr'><strong>declinat,</strong></span> <span class='ocrx_word' id='word_1_731' title='bbox 1849 5011 1918 5060; x_wconf 86' lang='lat' dir='ltr'><strong>ita</strong></span> <span class='ocrx_word' id='word_1_732' title='bbox 1976 5009 2062 5062; x_wconf 92' lang='lat' dir='ltr'><strong>hic</strong></span> <span class='ocrx_word' id='word_1_733' title='bbox 2115 5025 2337 5077; x_wconf 84' lang='lat' dir='ltr'><strong>quoque</strong></span> 
     </span>
    </p>
   </div>
   <div class='ocr_carea' id='block_1_99' title="bbox 769 5101 2338 5172">
    <p class='ocr_par' dir='ltr' id='par_1_99' title="bbox 769 5101 2338 5172">
     <span class='ocr_line' id='line_1_99' title="bbox 769 5101 2338 5172; baseline 0.001 -19"><span class='ocrx_word' id='word_1_734' title='bbox 769 5101 1053 5156; x_wconf 78' lang='lat' dir='ltr'><strong>manifeste</strong></span> <span class='ocrx_word' id='word_1_735' title='bbox 1089 5102 1306 5156; x_wconf 87' lang='lat' dir='ltr'><strong>labitur.</strong></span> <span class='ocrx_word' id='word_1_736' title='bbox 1338 5104 1529 5172; x_wconf 80' lang='lat' dir='ltr'><strong>Agesis</strong></span> <span class='ocrx_word' id='word_1_737' title='bbox 1570 5104 1670 5155; x_wconf 86' lang='lat' dir='ltr'><strong>hoc</strong></span> <span class='ocrx_word' id='word_1_738' title='bbox 1703 5103 1868 5155; x_wconf 83' lang='lat' dir='ltr'><strong>etiam</strong></span> <span class='ocrx_word' id='word_1_739' title='bbox 1925 5102 2298 5154; x_wconf 82' lang='lat' dir='ltr'><strong>animadverte</strong></span> <span class='ocrx_word' id='word_1_740' title='bbox 2326 5119 2338 5154; x_wconf 92' lang='lat'><strong>:</strong></span> 
     </span>
    </p>
   </div>
   <div class='ocr_carea' id='block_1_100' title="bbox 769 5196 2340 5266">
    <p class='ocr_par' dir='ltr' id='par_1_100' title="bbox 769 5196 2340 5266">
     <span class='ocr_line' id='line_1_100' title="bbox 769 5196 2340 5266; baseline 0 -18"><span class='ocrx_word' id='word_1_741' title='bbox 769 5197 905 5250; x_wconf 75' lang='lat' dir='ltr'><strong>sicut</strong></span> <span class='ocrx_word' id='word_1_742' title='bbox 941 5198 1028 5251; x_wconf 87' lang='lat' dir='ltr'><strong>hic</strong></span> <span class='ocrx_word' id='word_1_743' title='bbox 1081 5197 1134 5251; x_wconf 91' lang='lat' dir='ltr'><strong>in</strong></span> <span class='ocrx_word' id='word_1_744' title='bbox 1181 5199 1552 5266; x_wconf 82' lang='lat' dir='ltr'><strong>superioribus</strong></span> <span class='ocrx_word' id='word_1_745' title='bbox 1595 5197 1877 5251; x_wconf 78' lang='lat' dir='ltr'><strong>mendacio</strong></span> <span class='ocrx_word' id='word_1_746' title='bbox 1928 5196 2243 5262; x_wconf 78' lang='lat' dir='ltr'><strong>implicitus,</strong></span> <span class='ocrx_word' id='word_1_747' title='bbox 2287 5205 2340 5248; x_wconf 87' lang='lat' dir='ltr'><strong>et</strong></span> 
     </span>
    </p>
   </div>
   <div class='ocr_carea' id='block_1_101' title="bbox 769 5289 2342 5359">
    <p class='ocr_par' dir='ltr' id='par_1_101' title="bbox 769 5289 2342 5359">
     <span class='ocr_line' id='line_1_101' title="bbox 769 5289 2342 5359; baseline -0.002 -17"><span class='ocrx_word' id='word_1_748' title='bbox 769 5300 961 5343; x_wconf 82' lang='lat' dir='ltr'><strong>contra</strong></span> <span class='ocrx_word' id='word_1_749' title='bbox 987 5305 1043 5343; x_wconf 88' lang='lat' dir='ltr'><strong>se</strong></span> <span class='ocrx_word' id='word_1_750' title='bbox 1069 5291 1242 5359; x_wconf 88' lang='lat' dir='ltr'><strong>ipsum</strong></span> <span class='ocrx_word' id='word_1_751' title='bbox 1301 5291 1518 5359; x_wconf 83' lang='lat' dir='ltr'><strong>sapiens</strong></span> <span class='ocrx_word' id='word_1_752' title='bbox 1550 5290 1751 5351; x_wconf 89' lang='lat' dir='ltr'><strong>aiebat,</strong></span> <span class='ocrx_word' id='word_1_753' title='bbox 1786 5297 1844 5340; x_wconf 90' lang='lat' dir='ltr'><strong>ut</strong></span> <span class='ocrx_word' id='word_1_754' title='bbox 1876 5290 2010 5340; x_wconf 87' lang='lat' dir='ltr'><strong>bene</strong></span> <span class='ocrx_word' id='word_1_755' title='bbox 2048 5303 2134 5340; x_wconf 88' lang='lat' dir='ltr'><strong>res</strong></span> <span class='ocrx_word' id='word_1_756' title='bbox 2165 5302 2222 5340; x_wconf 86' lang='lat' dir='ltr'><strong>se</strong></span> <span class='ocrx_word' id='word_1_757' title='bbox 2247 5289 2342 5339; x_wconf 81' lang='lat' dir='ltr'><strong>ha-</strong></span> 
     </span>
    </p>
   </div>
   <div class='ocr_carea' id='block_1_102' title="bbox 840 5439 2010 5509">
    <p class='ocr_par' dir='ltr' id='par_1_102' title="bbox 840 5439 2010 5509">
     <span class='ocr_line' id='line_1_102' title="bbox 840 5439 2010 5509; baseline -0.007 -10"><span class='ocrx_word' id='word_1_758' title='bbox 840 5445 885 5476; x_wconf 80' lang='lat'><strong>”</strong></span> <span class='ocrx_word' id='word_1_759' title='bbox 916 5441 1074 5498; x_wconf 78' lang='lat' dir='ltr'><strong>Joan.</strong></span> <span class='ocrx_word' id='word_1_760' title='bbox 1121 5458 1242 5509; x_wconf 82' lang='lat' dir='ltr'><strong>\‘lll,</strong></span> <span class='ocrx_word' id='word_1_761' title='bbox 1278 5442 1366 5495; x_wconf 67' lang='lat'><strong>40.</strong></span> <span class='ocrx_word' id='word_1_762' title='bbox 1445 5442 1491 5472; x_wconf 78' lang='lat'><strong>&#39;-‘</strong></span> <span class='ocrx_word' id='word_1_763' title='bbox 1528 5439 1717 5493; x_wconf 75' lang='lat' dir='ltr'><strong>Matth.</strong></span> <span class='ocrx_word' id='word_1_764' title='bbox 1764 5455 1909 5504; x_wconf 76' lang='lat' dir='ltr'><strong>xxvr,</strong></span> <span class='ocrx_word' id='word_1_765' title='bbox 1958 5439 2010 5491; x_wconf 71' lang='lat'><strong>2.</strong></span> 
     </span>
    </p>
   </div>
   <div class='ocr_carea' id='block_1_103' title="bbox 848 5592 2350 5669">
    <p class='ocr_par' dir='ltr' id='par_1_103' title="bbox 848 5592 2350 5669">
     <span class='ocr_line' id='line_1_103' title="bbox 848 5592 2350 5669; baseline -0.006 -14"><span class='ocrx_word' id='word_1_766' title='bbox 848 5602 959 5669; x_wconf 77' lang='lat' dir='ltr'><strong>(3i)</strong></span> <span class='ocrx_word' id='word_1_767' title='bbox 999 5600 1206 5653; x_wconf 85' lang='lat' dir='ltr'><strong>Dictum</strong></span> <span class='ocrx_word' id='word_1_768' title='bbox 1237 5600 1338 5652; x_wconf 83' lang='lat' dir='ltr'><strong>hoc</strong></span> <span class='ocrx_word' id='word_1_769' title='bbox 1380 5608 1568 5654; x_wconf 77' lang='lat' dir='ltr'><strong>contra</strong></span> <span class='ocrx_word' id='word_1_770' title='bbox 1600 5595 1963 5667; x_wconf 74' lang='lat' dir='ltr'><strong>leonoclastas</strong></span> <span class='ocrx_word' id='word_1_771' title='bbox 2025 5609 2130 5648; x_wconf 89' lang='lat' dir='ltr'><strong>non</strong></span> <span class='ocrx_word' id='word_1_772' title='bbox 2183 5592 2350 5646; x_wconf 67' lang='lat' dir='ltr'><strong>semel</strong></span> 
     </span>
    </p>
   </div>
   <div class='ocr_carea' id='block_1_104' title="bbox 779 5670 1452 5738">
    <p class='ocr_par' dir='ltr' id='par_1_104' title="bbox 779 5670 1452 5738">
     <span class='ocr_line' id='line_1_104' title="bbox 779 5670 1452 5738; baseline -0.012 -9"><span class='ocrx_word' id='word_1_773' title='bbox 779 5672 1064 5733; x_wconf 74' lang='lat' dir='ltr'><strong>intorquet</strong></span> <span class='ocrx_word' id='word_1_774' title='bbox 1097 5670 1452 5738; x_wconf 70' lang='lat' dir='ltr'><strong>Nicephorius.</strong></span> 
     </span>
    </p>
   </div>
   <div class='ocr_carea' id='block_1_105' title="bbox 857 5733 2350 5812">
    <p class='ocr_par' dir='ltr' id='par_1_105' title="bbox 857 5733 2350 5812">
     <span class='ocr_line' id='line_1_105' title="bbox 857 5733 2350 5812; baseline -0.007 -16"><span class='ocrx_word' id='word_1_775' title='bbox 857 5742 970 5810; x_wconf 63' lang='grc' dir='ltr'><strong>(δὲ)</strong></span> <span class='ocrx_word' id='word_1_776' title='bbox 1025 5733 1248 5812; x_wconf 60' lang='lat' dir='ltr'><strong>Legesis</strong></span> <span class='ocrx_word' id='word_1_777' title='bbox 1313 5742 1379 5795; x_wconf 89' lang='lat' dir='ltr'><strong>de</strong></span> <span class='ocrx_word' id='word_1_778' title='bbox 1438 5741 1536 5793; x_wconf 83' lang='lat' dir='ltr'><strong>hac</strong></span> <span class='ocrx_word' id='word_1_779' title='bbox 1590 5755 1644 5792; x_wconf 88' lang='lat' dir='ltr'><strong>rc</strong></span> <span class='ocrx_word' id='word_1_780' title='bbox 1691 5736 1911 5791; x_wconf 74' lang='lat' dir='ltr'><strong>Adriani</strong></span> <span class='ocrx_word' id='word_1_781' title='bbox 1973 5735 1986 5787; x_wconf 93' lang='lat' dir='ltr'><strong>l</strong></span> <span class='ocrx_word' id='word_1_782' title='bbox 2032 5750 2177 5803; x_wconf 65' lang='lat' dir='ltr'><strong>papm</strong></span> <span class='ocrx_word' id='word_1_783' title='bbox 2235 5733 2350 5800; x_wconf 77' lang='lat' dir='ltr'><strong>Cpi-</strong></span> 
     </span>
    </p>
   </div>
   <div class='ocr_carea' id='block_1_106' title="bbox 2434 4552 4074 4635">
    <p class='ocr_par' dir='ltr' id='par_1_106' title="bbox 2434 4552 4074 4635">
     <span class='ocr_line' id='line_1_106' title="bbox 2434 4552 4074 4635; baseline -0.015 -13"><span class='ocrx_word' id='word_1_784' title='bbox 2434 4570 2541 4632; x_wconf 85' lang='grc' dir='ltr'>δε“ις</span> <span class='ocrx_word' id='word_1_785' title='bbox 2570 4568 2678 4620; x_wconf 83' lang='grc' dir='ltr'><strong>τῶν</strong></span> <span class='ocrx_word' id='word_1_786' title='bbox 2710 4563 3133 4635; x_wconf 83' lang='grc' dir='ltr'>σωφρονούντων</span> <span class='ocrx_word' id='word_1_787' title='bbox 3163 4558 3284 4611; x_wconf 71' lang='grc' dir='ltr'>οὐδὲ</span> <span class='ocrx_word' id='word_1_788' title='bbox 3331 4556 3671 4624; x_wconf 66' lang='grc' dir='ltr'>ὑπολήψεται</span> <span class='ocrx_word' id='word_1_789' title='bbox 3693 4595 3706 4616; x_wconf 87' lang='grc'><strong>,</strong></span> <span class='ocrx_word' id='word_1_790' title='bbox 3739 4553 3858 4604; x_wconf 72' lang='grc' dir='ltr'>οὐδὲ</span> <span class='ocrx_word' id='word_1_791' title='bbox 3897 4552 4019 4603; x_wconf 84' lang='grc' dir='ltr'>δια-</span> <span class='ocrx_word' id='word_1_792' title='bbox 4065 4586 4074 4598; x_wconf 80' lang='lat'><strong>.</strong></span> 
     </span>
    </p>
   </div>
   <div class='ocr_carea' id='block_1_107' title="bbox 2435 4643 4020 4725">
    <p class='ocr_par' dir='ltr' id='par_1_107' title="bbox 2435 4643 4020 4725">
     <span class='ocr_line' id='line_1_107' title="bbox 2435 4643 4020 4725; baseline -0.012 -13"><span class='ocrx_word' id='word_1_793' title='bbox 2435 4661 2684 4725; x_wconf 78' lang='grc' dir='ltr'>λέξεται,</span> <span class='ocrx_word' id='word_1_794' title='bbox 2714 4657 2835 4710; x_wconf 80' lang='grc' dir='ltr'>οὐδὲ</span> <span class='ocrx_word' id='word_1_795' title='bbox 2873 4657 3047 4708; x_wconf 76' lang='grc' dir='ltr'>ἐκεῖνο</span> <span class='ocrx_word' id='word_1_796' title='bbox 3091 4652 3201 4722; x_wconf 79' lang='grc' dir='ltr'>ἄρα</span> <span class='ocrx_word' id='word_1_797' title='bbox 3246 4650 3345 4718; x_wconf 80' lang='grc' dir='ltr'><strong>τῆς</strong></span> <span class='ocrx_word' id='word_1_798' title='bbox 3393 4649 3514 4716; x_wconf 83' lang='grc' dir='ltr'>ίσης</span> <span class='ocrx_word' id='word_1_799' title='bbox 3555 4648 3648 4700; x_wconf 73' lang='grc' dir='ltr'><strong>καὶ</strong></span> <span class='ocrx_word' id='word_1_800' title='bbox 3694 4645 3795 4713; x_wconf 81' lang='grc' dir='ltr'><strong>τῆς</strong></span> <span class='ocrx_word' id='word_1_801' title='bbox 3851 4643 4020 4711; x_wconf 71' lang='grc' dir='ltr'>αὐτῆς</span> 
     </span>
    </p>
   </div>
   <div class='ocr_carea' id='block_1_108' title="bbox 2437 4749 2980 4817">
    <p class='ocr_par' dir='ltr' id='par_1_108' title="bbox 2437 4749 2980 4817">
     <span class='ocr_line' id='line_1_108' title="bbox 2437 4749 2980 4817; baseline -0.006 -13"><span class='ocrx_word' id='word_1_802' title='bbox 2437 4751 2668 4811; x_wconf 80' lang='grc' dir='ltr'>ἀτοπίας</span> <span class='ocrx_word' id='word_1_803' title='bbox 2701 4749 2792 4817; x_wconf 83' lang='grc' dir='ltr'><strong>ὲχό</strong></span> <span class='ocrx_word' id='word_1_804' title='bbox 2800 4765 2980 4816; x_wconf 89' lang='grc' dir='ltr'>μενον.</span> 
     </span>
    </p>
   </div>
   <div class='ocr_carea' id='block_1_109' title="bbox 2515 4907 4029 4992">
    <p class='ocr_par' dir='ltr' id='par_1_109' title="bbox 2515 4907 4029 4992">
     <span class='ocr_line' id='line_1_109' title="bbox 2515 4907 4029 4992; baseline -0.013 -16"><span class='ocrx_word' id='word_1_805' title='bbox 2515 4925 2580 4976; x_wconf 89' lang='grc' dir='ltr'>Τί</span> <span class='ocrx_word' id='word_1_806' title='bbox 2625 4920 2717 4976; x_wconf 76' lang='grc' dir='ltr'>οὖν</span> <span class='ocrx_word' id='word_1_807' title='bbox 2755 4936 2976 4992; x_wconf 72' lang='grc' dir='ltr'>φαμενς</span> <span class='ocrx_word' id='word_1_808' title='bbox 3015 4921 3136 4972; x_wconf 82' lang='grc' dir='ltr'>Ὅτι</span> <span class='ocrx_word' id='word_1_809' title='bbox 3165 4920 3240 4983; x_wconf 87' lang='grc' dir='ltr'>ὼς</span> <span class='ocrx_word' id='word_1_810' title='bbox 3291 4913 3570 4983; x_wconf 73' lang='grc' dir='ltr'>πανταχοῦ</span> <span class='ocrx_word' id='word_1_811' title='bbox 3606 4912 3712 4965; x_wconf 82' lang='grc' dir='ltr'><strong>τῶν</strong></span> <span class='ocrx_word' id='word_1_812' title='bbox 3741 4907 3959 4978; x_wconf 78' lang='grc' dir='ltr'>ἀληθῶν</span> <span class='ocrx_word' id='word_1_813' title='bbox 4000 4908 4029 4957; x_wconf 83' lang='grc' dir='ltr'>ὁ</span> 
     </span>
    </p>
   </div>
   <div class='ocr_carea' id='block_1_110' title="bbox 2439 4990 4028 5077">
    <p class='ocr_par' dir='ltr' id='par_1_110' title="bbox 2439 4990 4028 5077">
     <span class='ocr_line' id='line_1_110' title="bbox 2439 4990 4028 5077; baseline -0.014 -10"><span class='ocrx_word' id='word_1_814' title='bbox 2439 5015 2592 5074; x_wconf 74' lang='grc' dir='ltr'>κενὸς</span> <span class='ocrx_word' id='word_1_815' title='bbox 2625 5012 2808 5066; x_wconf 72' lang='grc' dir='ltr'>οὑτοσὶ</span> <span class='ocrx_word' id='word_1_816' title='bbox 2841 4990 3113 5077; x_wconf 21' lang='grc' dir='ltr'>νθεολόγος</span> <span class='ocrx_word' id='word_1_817' title='bbox 3161 5008 3529 5061; x_wconf 81' lang='grc' dir='ltr'>ἀπονένευκεν</span> <span class='ocrx_word' id='word_1_818' title='bbox 3555 5044 3570 5067; x_wconf 92' lang='grc'><strong>,</strong></span> <span class='ocrx_word' id='word_1_819' title='bbox 3605 5000 3749 5053; x_wconf 72' lang='grc' dir='ltr'>οὕτω</span> <span class='ocrx_word' id='word_1_820' title='bbox 3783 4990 3848 5066; x_wconf 81' lang='grc' dir='ltr'>δὴ</span> <span class='ocrx_word' id='word_1_821' title='bbox 3893 4997 4028 5048; x_wconf 81' lang='grc' dir='ltr'>κάν-</span> 
     </span>
    </p>
   </div>
   <div class='ocr_carea' id='block_1_111' title="bbox 2439 5086 4030 5173">
    <p class='ocr_par' dir='ltr' id='par_1_111' title="bbox 2439 5086 4030 5173">
     <span class='ocr_line' id='line_1_111' title="bbox 2439 5086 4030 5173; baseline -0.013 -16"><span class='ocrx_word' id='word_1_822' title='bbox 2439 5104 2616 5157; x_wconf 79' lang='grc' dir='ltr'>ταῦθα</span> <span class='ocrx_word' id='word_1_823' title='bbox 2660 5102 2923 5173; x_wconf 82' lang='grc' dir='ltr'>ἐμφανῶς</span> <span class='ocrx_word' id='word_1_824' title='bbox 2975 5100 3370 5154; x_wconf 81' lang='grc' dir='ltr'>ἀποπέπτιυκε.</span> <span class='ocrx_word' id='word_1_825' title='bbox 3414 5091 3756 5165; x_wconf 76' lang='grc' dir='ltr'>Προσεκτέον</span> <span class='ocrx_word' id='word_1_826' title='bbox 3787 5089 3894 5156; x_wconf 80' lang='grc' dir='ltr'><strong>γὰρ</strong></span> <span class='ocrx_word' id='word_1_827' title='bbox 3945 5086 4030 5140; x_wconf 75' lang='grc' dir='ltr'>ὅτι</span> 
     </span>
    </p>
   </div>
   <div class='ocr_carea' id='block_1_112' title="bbox 2445 5181 4032 5264">
    <p class='ocr_par' dir='ltr' id='par_1_112' title="bbox 2445 5181 4032 5264">
     <span class='ocr_line' id='line_1_112' title="bbox 2445 5181 4032 5264; baseline -0.013 -16"><span class='ocrx_word' id='word_1_828' title='bbox 2445 5196 2636 5264; x_wconf 84' lang='grc' dir='ltr'>ὥσπερ</span> <span class='ocrx_word' id='word_1_829' title='bbox 2680 5197 2737 5247; x_wconf 84' lang='grc' dir='ltr'><strong>ὲν</strong></span> <span class='ocrx_word' id='word_1_830' title='bbox 2771 5197 2883 5257; x_wconf 87' lang='grc' dir='ltr'>τοῖς</span> <span class='ocrx_word' id='word_1_831' title='bbox 2917 5195 3030 5247; x_wconf 84' lang='grc' dir='ltr'><strong>ἀνω</strong></span> <span class='ocrx_word' id='word_1_832' title='bbox 3058 5192 3136 5261; x_wconf 84' lang='grc' dir='ltr'>τῷ</span> <span class='ocrx_word' id='word_1_833' title='bbox 3167 5192 3358 5260; x_wconf 79' lang='grc' dir='ltr'>ψεύδει</span> <span class='ocrx_word' id='word_1_834' title='bbox 3409 5185 3888 5254; x_wconf 77' lang='grc' dir='ltr'>συγκλωθὸμενος,</span> <span class='ocrx_word' id='word_1_835' title='bbox 3935 5181 4032 5230; x_wconf 63' lang='grc' dir='ltr'><strong>καὶ</strong></span> 
     </span>
    </p>
   </div>
   <div class='ocr_carea' id='block_1_113' title="bbox 2444 5269 4027 5353">
    <p class='ocr_par' dir='ltr' id='par_1_113' title="bbox 2444 5269 4027 5353">
     <span class='ocr_line' id='line_1_113' title="bbox 2444 5269 4027 5353; baseline -0.013 -14"><span class='ocrx_word' id='word_1_836' title='bbox 2444 5286 2575 5342; x_wconf 79' lang='grc' dir='ltr'>καθ’</span> <span class='ocrx_word' id='word_1_837' title='bbox 2615 5284 2809 5338; x_wconf 80' lang='grc' dir='ltr'>ἑαυτοῦ</span> <span class='ocrx_word' id='word_1_838' title='bbox 2864 5284 3220 5353; x_wconf 75' lang='grc' dir='ltr'>σοφιζόμενος</span> <span class='ocrx_word' id='word_1_839' title='bbox 3257 5280 3495 5348; x_wconf 74' lang='grc' dir='ltr'>ἔφασκεν</span> <span class='ocrx_word' id='word_1_840' title='bbox 3521 5317 3536 5341; x_wconf 89' lang='grc'><strong>,</strong></span> <span class='ocrx_word' id='word_1_841' title='bbox 3589 5276 3670 5327; x_wconf 81' lang='grc' dir='ltr'><strong>ὅτι</strong></span> <span class='ocrx_word' id='word_1_842' title='bbox 3717 5273 3767 5324; x_wconf 88' lang='grc' dir='ltr'>εἰ</span> <span class='ocrx_word' id='word_1_843' title='bbox 3809 5269 4027 5328; x_wconf 71' lang='grc' dir='ltr'>καλῶς,</span> 
     </span>
    </p>
   </div>
   <div class='ocr_carea' id='block_1_114' title="bbox 2462 5578 4032 5659">
    <p class='ocr_par' dir='ltr' id='par_1_114' title="bbox 2462 5578 4032 5659">
     <span class='ocr_line' id='line_1_114' title="bbox 2462 5578 4032 5659; baseline -0.008 -14"><span class='ocrx_word' id='word_1_844' title='bbox 2462 5594 2678 5652; x_wconf 82' lang='lat' dir='ltr'><strong>stolam,</strong></span> <span class='ocrx_word' id='word_1_845' title='bbox 2712 5593 2776 5644; x_wconf 89' lang='lat' dir='ltr'><strong>de</strong></span> <span class='ocrx_word' id='word_1_846' title='bbox 2805 5606 2910 5658; x_wconf 88' lang='lat' dir='ltr'><strong>qua</strong></span> <span class='ocrx_word' id='word_1_847' title='bbox 2957 5605 3076 5644; x_wconf 73' lang='lat' dir='ltr'><strong>mox</strong></span> <span class='ocrx_word' id='word_1_848' title='bbox 3115 5590 3419 5659; x_wconf 84' lang='lat' dir='ltr'><strong>loquemur,</strong></span> <span class='ocrx_word' id='word_1_849' title='bbox 3458 5595 3587 5639; x_wconf 90' lang='lat' dir='ltr'><strong>tom.</strong></span> <span class='ocrx_word' id='word_1_850' title='bbox 3638 5583 3728 5636; x_wconf 76' lang='lat' dir='ltr'><strong>(it.</strong></span> <span class='ocrx_word' id='word_1_851' title='bbox 3767 5579 3868 5635; x_wconf 78' lang='lat' dir='ltr'><strong>col.</strong></span> <span class='ocrx_word' id='word_1_852' title='bbox 3907 5578 4032 5632; x_wconf 85' lang='lat' dir='ltr'><strong>9-ll.</strong></span> 
     </span>
    </p>
   </div>
   <div class='ocr_carea' id='block_1_115' title="bbox 2463 5662 2888 5718">
    <p class='ocr_par' dir='ltr' id='par_1_115' title="bbox 2463 5662 2888 5718">
     <span class='ocr_line' id='line_1_115' title="bbox 2463 5662 2888 5718; baseline 0.005 -3"><span class='ocrx_word' id='word_1_853' title='bbox 2463 5664 2592 5718; x_wconf 79' lang='lat' dir='ltr'><strong>Item</strong></span> <span class='ocrx_word' id='word_1_854' title='bbox 2626 5663 2728 5717; x_wconf 84' lang='lat' dir='ltr'><strong>col.</strong></span> <span class='ocrx_word' id='word_1_855' title='bbox 2764 5662 2888 5716; x_wconf 69' lang='lat'><strong>955.</strong></span> 
     </span>
    </p>
   </div>
  </div>
