4238 6446
736 432 840 496 259

1765 419 1825 475 S.
1871 414 2287 475 NlCEPHOﬂI
2331 409 2837 474 PATRIARCHJS
2875 409 2982 469 (ΣΡ.

3898 399 4009 463 (ὶέἱο

747 534 943 596 Ιιιυίιι,
981 533 1169 607 quidni
1224 529 1390 584 multo
1460 527 1633 594 magis
1685 540 1805 578 enm
1858 523 1947 591 qui
1993 531 2318 587 conspectus
2349 525 2392 579 Α

2349 525 2392 579 Α
2424 517 2485 568 Εί
2514 515 2569 568 δὲ
2605 514 2857 583 ἔγκλημα
2892 514 2981 566 διὰ
3009 513 3108 576 τὰς
3146 513 3445 584 εἰρημένας
3480 511 3660 574 αἰτίας
3693 509 3770 581 τῷ
3804 527 4007 579 γεγρα-

743 631 862 684 est?
897 627 1159 696 siquidem
1207 625 1276 675 oh
1311 621 1362 673 id
1404 620 1745 686 potissimum
1793 614 1950 665 unica
2005 609 2206 664 Christi
2258 623 2317 662 se

743 721 1004 774 sublinit
1054 731 1309 785 persona,
1347 711 1589 778 nihilque
1646 706 1792 760 aliud
1842 719 2006 775 quam
2063 713 2314 757 creatura

746 811 1031 878 supetfuit

815 923 908 976 2-5.
942 923 1096 988 Quod
1137 919 1180 973 si
1217 933 1245 971 a
1271 915 1529 969 credente
1560 912 1793 980 quodam
1838 915 2097 962 exoratus
2155 904 2319 958 Chri-

745 1017 1017 1085 stns(55),
1046 1012 1283 1064 divinum
1313 1008 1525 1060 vultum
1555 1018 1710 1057 suum
1741 1003 1792 1053 in
1821 1001 1985 1053 linteo
2006 1010 2320 1067 expressum

750 1111 920 1173 misit,
960 1125 1057 1162 cur
1110 1106 1229 1158 aliis
1264 1101 1511 1154 eumdem
1567 1093 1924 1164 figurantibus
1959 1091 2077 1143 diea
2115 1098 2319 1141 temere

749 1199 1044 1253 Scribitnr?
1072 1196 1177 1266 37
1213 1193 1415 1248 Deinde
1445 1198 1496 1242 et
1523 1190 1624 1241 hoc
1658 1183 1929 1238 sciscitari
1955 1195 2168 1249 aequum
2198 1187 2278 1232 est
2306 1193 2320 1230 ι

751 1292 901 1345 Itane
939 1299 1132 1343 natura
1158 1291 1509 1354 comparatus
1544 1277 1798 1332 Christus
1834 1285 1893 1328 ut
1921 1275 2035 1327 hzec
2059 1271 2168 1340 pati
2203 1287 2327 1342 pos-

750 1392 852 1445 set,
886 1397 1082 1450 passus
1143 1388 1246 1444 est,
1281 1373 1486 1430 necae?
1527 1372 1584 1424 Si
1617 1378 1808 1438 suapte
1843 1378 2037 1421 natura
2065 1367 2177 1420 haec
2218 1364 2325 1432 pati

751 1490 855 1528 non
890 1483 1126 1542 poterat,
1156 1470 1311 1538 plane
1353 1473 1502 1518 errat
1544 1471 1598 1516 et
1639 1461 1862 1523 insanit,
1918 1458 2009 1526 qui
2040 1473 2103 1510 ea
2139 1456 2328 1508 crimi-

753 1572 934 1626 natur,
967 1570 1288 1625 summaque
1339 1553 1610 1624 pravitate
1640 1558 1694 1603 et
1741 1547 1962 1601 vesania
1999 1546 2155 1599 labor
2209 1543 2330 1612 ejus

753 1653 1038 1706 redundat.
1080 1649 1212 1702 Nam
1241 1657 1428 1700 contra
1453 1656 1632 1696 rerum
1692 1647 1944 1693 naturam
1998 1635 2332 1692 contendere

752 1761 873 1800 eum
901 1752 1147 1811 apparet,
1174 1749 1226 1794 et
1254 1740 1300 1792 ei
1351 1736 1548 1792 rationi
1583 1734 1682 1802 ipsi
1734 1747 1838 1801 qua
1868 1746 1954 1786 res
1977 1744 2204 1799 quaeque
2238 1741 2333 1781 ex-

755 1837 901 1890 sistit
935 1833 1228 1888 obluctari.
1261 1829 1395 1884 Nam
1427 1830 1570 1897 quod
1592 1826 1858 1881 exsistere
1906 1822 2112 1890 nequit,
2163 1823 2209 1876 is
2235 1819 2331 1874 de-

754 1933 927 1983 cernit
960 1927 1266 1982 necessario
1301 1926 1563 1979 exsistere
1592 1929 1694 1977 :_et
1750 1918 1892 1988 quod
1949 1917 2062 1971 fieri
2110 1926 2331 1969 natura-
2367 1893 2408 1949 Β

756 2023 878 2075 liter
911 2025 1117 2089 nequit.
1149 2027 1576 2073 consentaneum
1615 2027 1735 2066 esse
1773 2019 1828 2062 ιιι
1868 2010 1958 2061 liat
1990 2006 2242 2063 afﬁrmat.
2277 2004 2335 2060 Si

757 2129 888 2180 ergo
920 2112 994 2166 ita
1049 2120 1242 2164 natura
1286 2116 1630 2177 comparatus
1676 2104 1745 2158 sit
1797 2101 2074 2167 Christus,
2128 2109 2336 2154 temere

759 2202 1185 2272 reprehenditur
1233 2200 1408 2269 pictor
1454 2206 1547 2250 aut
1610 2202 1931 2264 spectator:
1989 2204 2162 2261 neque
2192 2187 2336 2242 enim

759 2296 883 2364 quia
925 2295 1101 2363 pit-tor
1132 2292 1325 2359 pingit,
1360 2299 1415 2342 et
1445 2288 1571 2356 quia
1630 2286 1818 2338 videns
1866 2283 2035 2343 videt,
2079 2280 2336 2352 prmdicta

760 2390 1138 2455 contigerunt,
1170 2384 1264 2437 sed
1303 2392 1526 2452 propter
1559 2380 1731 2432 visqu
1765 2385 1927 2446 atque
1950 2374 2247 2444 depictum,
2284 2372 2336 2426 id

761 2491 845 2533 est
867 2472 1239 2548 proptcr'eum
1270 2473 1355 2527 cui
1385 2473 1507 2526 talia
1548 2469 1869 2524 naturaliter
1893 2467 2127 2520 inerant.
2153 2465 2341 2535 Itaque

765 2572 880 2640 ipse
913 2574 1091 2640 potius
1119 2569 1211 2638 qui
1245 2567 1392 2620 visus
1430 2564 1533 2618 fuit
1579 2574 1630 2617 et
1665 2563 1842 2632 pictus
1865 2603 1878 2626 ,
1914 2562 2116 2630 quique
2169 2558 2342 2612 abun-

772 2666 955 2718 dantia
994 2678 1104 2715 sua:
1129 2676 1258 2729 erga
1302 2659 1550 2712 homines
1589 2653 1965 2724 benignitatis,
2023 2662 2192 2707 semet
2239 2652 2340 2705 hu-

769 2756 1020 2816 miliavit,
1085 2752 1462 2818 visibilemqtte
1511 2755 1566 2802 et
1606 2748 1934 2802 delineatum
1971 2746 2126 2801 nobis
2173 2754 2345 2800 semet

768 2850 819 2901 in
863 2863 956 2901 sna
995 2844 1370 2899 exinanitioue
1407 2839 1622 2904 obtulit,
1658 2841 1793 2908 ipse,
1822 2839 2068 2906 inquam,
2104 2847 2158 2891 et
2204 2837 2346 2889 divi-

766 2937 939 2990 sionis
977 2950 1106 2997 sine,
1153 2943 1207 2986 et
1253 2932 1317 2984 ad
1349 2930 1611 2998 simplicis
1660 2939 1926 2983 creaturce
1978 2926 2344 2979 conditionem

766 3023 1138 3086 «lentissionis,
1189 3035 1354 3074 causa
1403 3017 1688 3089 potissima
1748 3017 2070 3070 exstitisset.
2114 3015 2185 3068 Ex
2239 3030 2346 3083 quo

768 3115 981 3167 videtur
1013 3128 1209 3166 novum
1237 3110 1508 3180 quoddam
1535 3108 1905 3163 accusationis
1933 3122 2104 3177 genus
2130 3105 2346 3160 Christo

769 3203 995 3258 conflari
1022 3221 1035 3269 ;
1068 3205 1138 3256 ita
1167 3214 1223 3256 ut
1261 3218 1397 3271 quas
1426 3203 1494 3256 ob
1526 3215 1716 3254 causas
1750 3215 1846 3254 ceu
1908 3199 2222 3253 henefactor
2251 3197 2348 3252 ho-

767 3296 1041 3359 norandns
1093 3303 1240 3347 esset
1286 3303 1451 3362 atque
1511 3291 1841 3352 adorandus,
1878 3289 2116 3343 indidem
2167 3289 2347 3359 potius

772 3386 1100 3456 vituperatio
1150 3385 1226 3438 illi
1262 3393 1316 3436 et
1365 3381 1693 3436 contumelia
1746 3382 2109 3450 contingeret.
2159 3378 2347 3435 Gratia

774 3491 957 3532 antem
1010 3475 1408 3531 incarnationis
1446 3474 1498 3528 in
1533 3474 1817 3529 dedecoris
1848 3482 2011 3543 atque
2039 3472 2351 3543 ignOminite

772 3574 1059 3626 materiam
1113 3572 1350 3626 cederet.
1396 3567 1549 3637 Quod
1595 3569 1708 3622 hinc
1752 3567 1916 3638 igitur
1979 3565 2153 3636 magis
2187 3580 2348 3634 quam

772 3666 885 3731 ipsa
927 3663 1108 3736 erucis
1147 3661 1349 3730 passio,
1385 3660 1682 3715 secundum
1738 3659 2354 3725 adtersariorumargn-

773 3766 978 3819 tnenta,
1010 3755 1296 3807 inhonesta
1318 3762 1497 3806 essent
1533 3759 1586 3804 ct
1613 3750 1940 3819 irreligiosa,
1970 3751 2081 3820 jant
2111 3750 2162 3802 in
2199 3764 2352 3819 supe—

775 3851 1008 3902 tioribus
1043 3851 1178 3900 satis
1208 3848 1407 3899 dictant
1447 3853 1552 3898 est.

845 3943 1005 4010 Atqui
1037 3939 1250 3992 etiamsi
1287 3940 1337 3990 in
1375 3937 1459 3991 his
1494 3936 1793 3993 adversarii
1824 3936 1951 3990 victi
1980 3936 2346 4000 discederent,

772 4034 826 4084 in
865 4042 1116 4101 promptu
1177 4040 1259 4083 est
1310 4029 1413 4082 illis
1449 4031 1513 4081 ad
1572 4027 1960 4095 blasphemiam
2020 4028 2348 4082 fulciendam

851 4233 964 4298 ('53)
999 4229 1289 4293 Eusebius,
1337 4231 1474 4284 fiist.
1527 4229 1653 4283 eccl.
1700 4230 1794 4283 lib.
1830 4245 1870 4288 ι,
1919 4230 2007 4290 15,
2063 4229 2354 4299 inscriptas

775 4304 1093 4360 nmninilms
1116 4300 1318 4354 Christi
1347 4301 1547 4353 domini
1578 4311 1631 4354 et
1653 4300 1853 4368 Aligari
1890 4299 2056 4368 reguli
2095 4299 2352 4354 Etlcsseni

776 4385 996 4429 inutnas
1032 4371 1290 4436 epistolas
1322 4370 1552 4435 recitat;
1592 4373 1770 4423 missa:
1805 4381 1982 4422 tamen
2016 4371 2187 4421 iconis
2239 4386 2345 4423 non

776 4443 1059 4505 meminit;
1096 4442 1240 4508 quod
1296 4451 1474 4493 tamen
1509 4441 1713 4492 diserte
1773 4439 1901 4491 fat-it
1950 4441 2363 4507 antiquissimus

774 4526 971 4573 Jant-tor
1007 4511 1215 4579 Moyses
1262 4509 1630 4579 Cltorenensis
1681 4508 1822 4561 "iu.
1853 4511 2004 4579 Arni.
2052 4510 2143 4562 ιιι».
2178 4525 2236 4569 ιι.
2264 4510 2358 4564 52.

2426 607 2568 676 φὸτι,
2623 607 2776 675 πόσῳ
2819 605 3056 674 μάλιστα
3095 604 3172 674 τῷ
3230 604 3515 669 θεσ.θέντι;
3559 604 3642 656 ὅτι
3702 602 3792 656 διὰ
3849 601 4012 653 τοῦτο

2429 700 2665 770 μάλιστα
2713 700 2744 767 ἡ
2780 698 2879 767 μία
2930 697 3070 751 κατὰ
3103 695 3337 767 Χριστὸν
3365 695 3652 764 διέστηκεν
3686 692 4008 755 ὑπόστασις.

2428 791 2523 846 καὶ
2552 790 2759 859 κτίσμα
2792 791 2950 859 μόνον
2975 787 3116 858 αὐτὴ
3141 787 3582 840 καταλέλειπται.

2501 905 2598 958 κδ’.
2651 904 2713 955 Εἰ
2748 903 2802 955 δὲ
2837 901 2991 972 παρά
3018 918 3124 954 τινι
3155 901 3265 953 τῶν
3295 900 3505 953 πιστῶν
3534 896 3776 968 αἰτηθεὶς
3817 899 3845 952 6
3878 898 4013 968 Χρι-

2432 995 2558 1057 στὸς
2579 1035 2593 1058 ,
2628 993 2717 1046 τὸν
2756 991 2950 1045 ἑαυτοῦ
2990 991 3131 1044 θεῖον
3160 991 3492 1063 χαρακτῆρα
3538 990 3700 1062 ὀθόνῃ
3732 988 4015 1056 ὲναπεμά-

2434 1085 2561 1152 ξατο
2590 1085 2683 1138 καὶ
2713 1075 3009 1154 ἐξέπεμψε,
3042 1083 3093 1135 τί
3128 1084 3303 1153 μάτην
3334 1083 3483 1141 ἄλλοι
3512 1079 4015 1153 χαρακτηρίζοντες

2433 1178 2597 1232 αὑτὸν
2642 1177 3033 1245 ἐγκαλοῦνται;
3078 1172 3218 1247 Εἷτά
3273 1173 3458 1244 ζητεῖν
3491 1175 3777 1228 καὶτοῦτο
3817 1173 3966 1237 ἄξιον
3997 1187 4012 1202 ’

2434 1268 2703 1337 Πεςυκὼς
2740 1268 2913 1321 ταῦτα
2965 1268 3198 1337 πάσχειν
3253 1269 3282 1320 6
3342 1265 3600 1336 Χριστὸς,
3633 1265 3933 1328 πέπονθεν,
3978 1263 4014 1331 ἢ

2435 1359 2532 1423 ob;
2566 1360 2628 1412 Ei
2659 1359 2758 1428 μὲν
2788 1359 2896 1428 γὰρ
2929 1358 2988 1409 οὐ
3023 1358 3237 1427 πέφυκε
3269 1357 3520 1426 πάσχειν,
3554 1355 3762 1425 πλάνης
3800 1355 4017 1423 πλήρης

2437 1452 2531 1505 καὶ
2582 1451 2944 1521 ματαιότητος
2973 1450 3161 1520 γέμων
3207 1451 3236 1502 6
3261 1449 3432 1501 ταῦτα
3477 1447 3727 1515 ἐγκαλῶν
3751 1485 3766 1510 ,
3809 1448 3905 1498 καὶ
3938 1447 4019 1509 εἰς

2438 1543 2608 1614 ἄκρον
2652 1541 2978 1611 σκαιότητος
3023 1543 3117 1594 καὶ⁵
3145 1541 3406 1603 ἀπονοίας
3447 1539 3752 1610 ἐκϐέϐηκεν
3799 1539 3827 1589 6
3857 1537 4021 1596 πόνος

2439 1633 2609 1704 αὐτῷ.
2639 1633 2749 1686 Καὶ
2778 1633 2886 1704 γὰρ
2919 1629 3012 1685 οὖν
3100 1632 3195 1684 καὶ
3225 1635 3291 1703 τῇ
3345 1632 3455 1684 τῶν
3493 1629 3839 1701 πραγμάτων
3877 1628 4019 1696 αὐτῇ

2441 1726 2604 1795 φύσει
2657 1725 2990 1788 ἀπεναντίας
3042 1725 3334 1795 ἐρχόμενος
3399 1721 3876 1792 γνωρισθήσεται,
3927 1722 4024 1770 καὶ

2441 1822 2553 1883 τοῖς
2588 1819 2811 1890 τρόποις
2843 1819 3027 1880 αὐτοῖς
3071 1815 3192 1869 καθ’
3222 1815 3318 1880 οὒς
3354 1817 3469 1877 τοῖς
3505 1810 3656 1868 οὖσιν
3685 1811 4024 1883 ἐνυπάρχου-

2440 1930 2547 1972 σιν.
2594 1912 2914 1983 Ὀπερλγάρ
2945 1911 3046 1963 οὐκ
3075 1909 3351 1980 ἐνδέχεται
3381 1906 3661 1975 γενέσθαι,
3690 1906 3750 1970 ἐξ
3775 1908 4024 1974 ἀνάγκης

2439 2005 2600 2068 αὐτὸς
2625 2004 2922 2074 διορίζεται
2944 2002 3194 2071 γίνεσθαι
3216 2018 3230 2032 ·
3256 2002 3350 2056 καὶ
3371 2001 3400 2054 ὂ
3425 2001 3487 2056 οὐ
3511 1999 3725 2068 πέφυκε
3749 1997 4021 2066 γίνεσθαι,

2439 2097 2500 2162 ἐξ
2547 2096 2850 2150 ἀκολούθου
2899 2093 3046 2156 τινδς
3082 2094 3352 2165 ὑπάρχειν
3387 2091 3494 2146 τινὶ
3536 2089 3806 2160 βούλεται.
3857 2087 3920 2139 El
3963 2085 4024 2138 δὲ

2438 2190 2614 2252 οὓτως
2643 2184 2756 2259 εἷχε
2797 2187 3015 2257 φύσεως
3057 2190 3085 2240 6
3123 2185 3383 2258 Χριστὸς,
3423 2183 3604 2253 μάτην
3638 2178 3954 2248 ἐγκαλεῖται
3996 2181 4026 2228 ὁ

2439 2284 2671 2356 γράφων
2705 2282 2738 2354 ἢ
2770 2283 2797 2335 6
2828 2281 3158 2351 τεθεαμένος
3182 2296 3195 2310 ·
3231 2279 3292 2332 οὐ
3319 2277 3428 2348 γὰρ
3460 2274 3612 2345 παρά
3642 2272 3701 2324 τὸ
3726 2273 3959 2340 γράφειν
3990 2267 4025 2340 ἦ

2440 2379 2596 2450 ὀρᾷν,
2623 2375 2716 2428 τὸν
2743 2375 3024 2445 γράφοντα
3054 2373 3087 2442 ἦ
3133 2371 3225 2426 τὸν
3254 2370 3490 2442 ὁρῶντα,
3520 2369 3716 2450 ἐκεῖνα
3748 2359 4029 2432 συμϐέϐη-

2445 2484 2569 2531 κεν,
2604 2467 2743 2521 ἀλλά
2773 2464 2922 2537 παρά
2954 2463 3045 2517 τὸν
3077 2460 3355 2533 ὁρώμενον
3386 2459 3481 2513 καὶ
3509 2457 3860 2528 γραφόμενον
3880 2495 3894 2518 ,
3931 2453 4029 2505 καὶ

2444 2555 2489 2630 ᾧ
2539 2559 2711 2613 ταῦτα
2756 2558 3018 2627 πέφυκεν.
3072 2553 3282 2609 Οὐκοῦν
3339 2552 3503 2615 αὐτὸς
3533 2549 3712 2621 ἑαυτῷ
3759 2547 3961 2618 μᾶλλον
4001 2546 4031 2596 6

2444 2652 2663 2726 6paiisi;
2702 2651 2797 2705 καὶ
2846 2648 3082 2720 γραφεὶς
3107 2689 3123 2715 ,
3159 2647 3217 2713 ὃς
3273 2645 3567 2718 περιουσία
3611 2639 4031 2711 φιλανθρωπίας

2447 2744 2838 2814 συγκαταϐὰς,
2881 2743 2978 2799 καὶ
3028 2739 3306 2813 ὁρώμενον
3351 2739 3446 2793 καὶ⁵
3474 2737 3848 2808 ’γραφόμενον
3895 2732 4031 2801 ἡμῖν

2447 2837 2640 2890 ἑαυτὸν
2685 2835 2932 2898 κενώσας
2975 2834 3276 2904 εἰσήγαγε·
3325 2832 3424 2898 τῆς
3465 2845 3525 2882 τε
3567 2827 3904 2885 διαστάσεως
3933 2822 4033 2873 καὶ

2446 2930 2541 2985 τοῦ
2588 2929 2795 2998 κτίσμα
2831 2925 3255 2994 καταλελεῖφθαι
3322 2921 3567 2992 ὑπῆρξεν
3611 2921 3640 2972 6
3682 2916 4028 2976 aizttiitarog.

2462 3020 2553 3086 Ἐξ
2599 3014 2661 3074 οὗ
2701 3020 2852 3072 δοκεῖ
2898 3018 2992 3072 καὶ
3029 3015 3337 3087 κατηγορία
3384 3032 3469 3078 τις
3503 3013 3626 3082 ξένη
3679 3010 3756 3080 τῷ
3808 3008 4034 3079 Χριστῷ

2449 3111 2881 3166 ὲπιπλέκεσθαι·
2913 3111 3002 3163 ἵνα
3041 3111 3133 3180 ἀφ’
3171 3102 3248 3162 ὧν
3276 3106 3586 3179 εὐεργετῶν
3623 3102 3729 3156 ἔδει
3761 3101 4034 3171 τιμᾶσθαι

2450 3205 2544 3257 κα)⁸
2571 3201 2994 3273 προσκυνεῖσθαι
3012 3243 3027 3267 ,
3057 3201 3167 3253 ἀπὸ
3187 3200 3393 3253 τούτων
3428 3194 3632 3268 μᾶλλον
3668 3193 3860 3264 μῶμος
3883 3187 4036 3259 αὐτῷ

2449 3297 2545 3351 καὶ⁵
2574 3295 2733 3366 ὕϐρις
2774 3292 3185 3363 άντεισαχθείη.
3230 3291 3340 3345 Καὶ
3369 3290 3580 3359 γίνεται
3622 3289 3656 3358 ἡ
3689 3285 3788 3355 τῆς
3824 3285 4036 3336 οἰκονο-

2450 3391 2578 3462 μίας
2611 3390 2792 3460 χάρις,
2825 3386 3043 3450 ἀδοξίας
3083 3385 3181 3439 καὶ
3218 3382 3446 3454 ἀτιμίας
3475 3379 3755 3442 ὑπόθεσις.
3797 3377 3889 3439 Ὠς
3925 3375 4036 3442 γὰρ

2445 3481 2620 3535 ταῦτα
2681 3479 2845 3533 πλέον
2875 3479 2907 3549 ἢ
2944 3481 3037 3532 ἐπὶ
3066 3478 3161 3531 τοῦ
3194 3476 3284 3530 διὰ
3315 3472 3550 3542 σταυροῦ
3580 3468 3789 3532 πάθους
3824 3467 4032 3537 συμϐέ-

2448 3571 2586 3642 ϐηκε
2619 3569 2763 3623 κατά
2800 3570 2898 3633 τὰς
2945 3567 3208 3622 ἐναντίων
3263 3565 3672 3636 ἐπιχειρήσεις,
3737 3556 4037 3628 ἀτιμότερα

2450 3663 2546 3715 καὶ
2573 3661 2876 3732 άθεώτερα,
2912 3661 3015 3733 ήδη
3048 3657 3285 3730 πρόσθεν
3316 3655 3633 3729 ἀρκούντως
3662 3653 3897 3724 εἴρηται.

2542 3939 2702 3992 Ἀλλά
2728 3940 2832 3993 xiv
2864 3939 2993 4009 περὶ
3013 3937 3186 3990 ταῦτα
3214 3935 3578 4006 ἀποκάμοιεν,
3613 3933 3904 4004 πρόχειρον
3937 3933 4037 3984 αὑ-

2460 4035 2570 4095 τοῖς
2611 4033 2688 4096 είς
2742 4030 3090 4102 βλασφημίαν
3128 4031 3187 4082 τὸ
3215 4029 3438 4100 ἕτερον,
3478 4024 4037 4099 συμπεριγεγράφθαι

2463 4231 2596 4287 Iicas
2656 4232 3016 4302 oppleverant
3085 4231 3268 4302 (quem
3321 4230 3546 4302 Adriani
3589 4229 3766 4284 locum
3829 4227 4038 4302 utinam

2465 4303 2605 4356 Sacri
2639 4297 2933 4370 antiquarii
2957 4317 3061 4356 non
3096 4297 3394 4372 negligant,
3417 4300 3728 4372 heterodqxi
3762 4297 4041 4372 veroleo-

2466 4374 2716 4426 notnachi
2760 4369 2883 4427 eum
2932 4373 3108 4433 fructu
3145 4369 3327 4439 aiiqtno
3388 4370 3836 4440 Iegant!).Porro
3896 4369 4040 4440 inter

2471 4444 2778 4509 pontifices,
2801 4453 3033 4508 utroque
3051 4436 3301 4509 epistola:
3318 4436 3462 4506 loco;
3495 4436 3660 4509 prope
3683 4439 3887 4492 eminet
3903 4436 4044 4493 Gre—

2467 4514 2653 4578 gouius
2695 4513 2878 4580 junior
2941 4514 3056 4564 sive
3110 4512 3406 4574 secundus,
3455 4510 3926 4580 cnjnsiegregiam
3975 4510 4045 4561 de

780 4584 913 4642 Item
947 4580 1064 4646 eius
1092 4557 1273 4632 iconis
1317 4580 1563 4632 meminit
1597 4578 1866 4637 Adrianus
1892 4578 1928 4630 Ι.
1967 4579 2070 4633 l’P.
2107 4557 2236 4631 cum.
2261 4595 2359 4633 suo
2393 4557 2435 4610 ί)
2466 4557 2748 4635 ξειοηιτιιῖη
2782 4557 3074 4649 iinaginnnt
3110 4557 4044 4634 ἰἱόιιέξιῖἶ’θέἰἲιὲῖιιέῖειιίῗίιιόηοῑέ

779 4660 1069 4704 decessore
1097 4650 1397 4715 Stephano.
1425 4649 1701 4705 incelebri
1734 4653 1798 4699 ad
1826 4649 2074 4701 Carolum
2105 4664 2356 4712 niagmim

776 4721 1008 4786 i-pisnda
1049 4735 1147 4787 pro
1176 4720 1416 4772 secunda
1450 4717 1663 4771 Nicmna
1690 4719 1896 4787 synodo
1943 4721 2200 4770 adversus
2250 4717 2358 4771 Ca-

784 4795 989 4843 rolinos
1037 4793 1210 4842 libros
1263 4789 1485 4858 (quibus
1544 4789 1735 4841 inanes
1790 4789 2070 4858 suppetias
2121 4787 2363 4858 tulerunt

781 4870 1087 4915 conventus
1120 4856 1451 4911 l‘arisiensis
1488 4859 1726 4925 rpiscopi
1775 4856 1985 4910 Concil.
2033 4857 2172 4909 Gall.
2219 4857 2360 4924 Sup-

779 4933 944 5000 plem.
971 4940 1008 4982 t.
1031 4932 1097 4998 Ι),
1123 4931 1290 4982 citata
1316 4929 1479 4980 etiam
1501 4929 1660 5000 trium
1682 4928 2116 5000 patriarcharum
2137 4927 2363 5000 Alexan-

780 4997 949 5063 ilriae,
1014 4997 1355 5062 Aiitiocliim,
1415 5007 1472 5052 et
1532 4997 2031 5066 Hierosolymorum
2102 4999 2362 5066 synodica

776 5073 972 5139 (Labb.
1008 5069 1214 5123 Concil.
1240 5072 1324 5121 ed.
1357 5079 1464 5123 vet.
1503 5079 1539 5139 t_.
1577 5065 1840 5139 Vll,_eo|.
1875 5067 2024 5135 925).
2082 5065 2364 5139 Accedunt

782 5136 961 5195 autem
996 5152 1163 5193 testes
1189 5139 1469 5206 Evagrius,
1510 5137 1668 5191 Joan.
1702 5137 2086 5208 Damascenns,
2135 5136 2363 5207 Sync’el-

781 5214 886 5274 lus,
918 5212 1296 5264 Cedrenus.—
1316 5209 1420 5261 Sed
1440 5210 1654 5262 etiamsi
1689 5221 1787 5260 nos
1811 5206 2276 5274 prietermittiinus
2299 5209 2366 5260 de

776 5283 1032 5349 rpistolis
1063 5281 1167 5333 illis
1196 5289 1244 5330 et
1279 5279 1346 5331 de
1377 5281 1532 5349 icone
1563 5279 1854 5349 Edessena,
1880 5277 2127 5330 criticatn
2160 5277 2367 5343 disqui-

782 5348 1070 5414 sitionem;
1099 5359 1223 5402 sunt
1248 5365 1310 5402 ea
1349 5359 1495 5402 certe
1526 5348 1953 5400 luculentissima
1991 5361 2112 5416 quae
2155 5363 2250 5414 pro
2279 5363 2366 5400 sa-

777 5438 1004 5474 crarum
1043 5423 1339 5485 imaginum
1366 5428 1626 5484 perpetuo
1655 5419 1792 5485 apud
1832 5416 2130 5470 Et'clestam
2168 5419 2366 5472 lltuna-

785 5508 912 5545 nam
948 5491 1096 5544 culttt
1130 5492 1321 5542 scribit
1347 5491 1619 5541 Adrianus
1640 5488 1692 5539 in
1719 5489 1860 5539 dicta
1887 5488 2134 5554 epistola,
2161 5503 2212 5556 p.
2241 5486 2366 5548 9M.

785 5563 873 5614 ubi
915 5565 978 5615 de
1009 5562 1258 5614 conciliis
1295 5559 1554 5612 Ilutnanis
1600 5573 1696 5626 pro
1730 5573 1793 5607 eo
1845 5560 2096 5624 dogmate
2125 5559 2369 5610 celebra—

789 5634 898 5695 lis;
936 5632 1240 5698 praesertim
1281 5645 1408 5683 \‘ero
1456 5631 1558 5682 col.
1623 5628 1885 5689 955-958,
1950 5628 2036 5678 ιιιιί
2098 5627 2370 5685 lloutanos

789 5707 1081 5769 pontifices
1130 5704 1348 5768 copiose
1388 5709 1693 5759 enumerat,
1729 5703 1818 5766 qui
1853 5698 2058 5750 Christi
2102 5710 2156 5750 et
2207 5713 2368 5750 sanc-

793 5783 974 5825 torum
1019 5771 1348 5840 inmgintbus
1416 5780 1526 5822 lttnt
1582 5771 1739 5835 pletis
1780 5779 1891 5820 tuat
1951 5770 2113 5840 etiam
2154 5770 2370 5820 musivo

794 5860 964 5911 opere
994 5861 1055 5896 ut‘
1087 5839 1323 5911 pretioso
1363 5841 1581 5894 llltllttiit)
1627 5841 1900 5908 expressis
1941 5839 2176 5892 urbanas
2224 5841 2368 5892 Itasi-

2460 4652 2764 4705 doctrinam
2796 4648 3028 4706 feliciter
3053 4666 3148 4704 nos
3171 4651 3497 4718 protulimus
3525 4663 3591 4701 ex
3623 4648 3841 4718 ineditis
3859 4648 4042 4701 Albini

2462 4721 2812 4775 collectaneis
2848 4722 2900 4775 in
2940 4717 3227 4788 Spicilegio
3255 4721 3405 4776 Rom.
3448 4728 3486 4772 t.
3531 4719 3616 4780 VI.
3655 4717 3813 4772 Praef.
3852 4732 3904 4786 p.
3952 4733 4042 4770 xv.

2463 4791 2607 4844 Idem
2642 4793 2744 4845 hoc
2773 4792 2963 4860 dogma
2985 4800 3130 4843 tanta
3163 4791 3420 4843 ﬁrmitate
3443 4794 3682 4851 tenebat,
3705 4802 3763 4840 ut
3792 4789 4044 4860 scribens

2464 4861 2530 4913 ad
2565 4861 2798 4914 Leonem
2850 4859 2904 4915 et
2939 4861 3358 4915 Constantinum
3402 4862 3568 4928 impp.
3624 4860 3908 4912 litereticos
3959 4859 4046 4910 di-

2465 4940 2551 4982 Cat
2578 4948 2591 4982 :
2627 4949 2644 4981 ι
2683 4930 2786 4984 Pro
2817 4933 2991 4984 sacris
3019 4931 3348 4998 imaginibus
3380 4933 3562 4981 omnia
3594 4939 3650 4982 et
3695 4931 3808 4998 ipsa
3850 4937 4043 4984 nostra

2467 5001 2755 5065 tradimus,
2825 5003 2868 5054 si
2917 5002 3227 5068 contigerit,
3274 5014 3525 5067 corpora.
3561 5017 3579 5051 ι
3641 4999 3883 5066 Denique
3946 5012 4049 5051 cur

2466 5072 2736 5138 prtecipue
2767 5071 2995 5124 Romani
3041 5071 3324 5136 pontifices
3352 5077 3516 5123 hunc
3550 5083 3768 5138 quoque
3822 5068 4040 5137 religio-

2468 5155 2588 5193 sum
2626 5142 2912 5194 articulum
2933 5141 3301 5203 defenderint,
3323 5154 3542 5194 causam
3573 5138 3730 5192 aﬂ’ert
3751 5154 3817 5192 ex
3849 5148 4046 5205 quarta

2469 5210 2676 5278 synodo
2711 5212 3004 5274 Adrianus,
3063 5214 3207 5281 quod
3251 5225 3489 5279 nempe:
3552 5229 3570 5262 ι
3621 5208 3806 5263 Fident
3867 5223 3966 5261 nos
4015 5222 4046 5281 a_

2474 5281 2674 5333 nostris
2728 5283 3023 5350 majoribus
3082 5279 3351 5338 traditam
3396 5283 3654 5335 debemus
3715 5293 3838 5333 eum
3895 5279 4047 5330 omni

2470 5355 2800 5416 competenti
2834 5352 3120 5406 devotione
3139 5353 3447 5414 defemlere,
3481 5359 3535 5404 et
3567 5350 3881 5418 dignitatem
3918 5364 4049 5418 pro—

2471 5423 2600 5487 pria:
2630 5423 2997 5475 venerationis
3055 5426 3214 5474 beato
3265 5422 3505 5488 apostolo
3552 5421 3714 5473 Petro
3755 5425 4052 5472 intemera-

2475 5501 2580 5542 tam
2641 5503 2695 5544 et
2754 5494 2805 5543 in
2851 5494 3053 5544 nostris
3109 5492 3437 5559 temporibus
3495 5504 3862 5544 conservstre:
3921 5505 4052 5556 qna-

2474 5569 2630 5612 tenus
2665 5562 3009 5614 beatissimus
3043 5561 3303 5615 Romanae
3339 5564 3580 5615 civitatis
3619 5562 3736 5627 epis
3771 5575 3933 5628 opus.
3964 5577 4048 5611 cut

2474 5634 2836 5699 princ-patum
2872 5647 3034 5700 super
3064 5647 3249 5685 omnes
3274 5633 3571 5699 antiquitas
3591 5631 3847 5690 contulit,
3873 5636 4050 5681 locum

2474 5703 2666 5753 haheat
2695 5723 2758 5757 at;
2793 5702 3108 5756 facultatem
3150 5703 3216 5755 de
3271 5703 3374 5756 iidc
3409 5714 3461 5756 et
3492 5702 3870 5756 bilCCldUtlLUS
3904 5705 4050 5766 tudi-

2474 5787 2619 5825 Cill'".
2665 5794 2682 5825 Ι
