4238 6446
226 446 332 512 273

964 437 1593 500 ANTIRRHETICUS
1630 439 1658 498 Ι
1695 439 1864 499 ADV.
1901 436 2496 498 CONSTAN'TINUM
2535 439 2750 500 COPR.

3385 434 3488 500 2N

230 561 350 630 φοῐς
386 555 724 628 ὁμοιωθῆναι
764 555 793 608 ό
822 553 882 606 έν
910 552 1126 614 πολλοῖς
1157 551 1411 619 ἀδελφοῖς
1441 548 1808 620 πρωτότοκος,
1841 559 1888 615 Α

1841 559 1888 615 Α
1920 552 1986 608 tis
2009 551 2271 607 fratribus
2292 559 2377 606 est
2401 548 2798 622 primogenitus
2844 547 2911 612 ",
2949 548 2993 601 is
3025 547 3117 616 qui
3153 561 3252 618 per
3302 546 3487 602 omnia

229 654 258 705 δ
306 648 712 719 πεπειραμένος
767 644 912 699 κατά
957 645 1137 698 πάντα
1194 641 1320 695 καθ’
1379 641 1671 712 ὁμοιότητα
1711 639 1810 712 τὴν

228 742 546 813 ἡμετέρα-ις
588 739 712 802 Πῶς
761 737 876 800 υίὸς
928 736 1024 789 τοῦ
1079 734 1244 788 Δασὶδ
1289 733 1665 805 χρηματίσειε,
1716 732 1812 785 καὶ

232 833 350 896 υίὸς
377 832 482 900 τῆς
518 829 792 897 παναγίας
821 827 1125 899 Παρθένου,
1227 826 1292 880 τὰ
1333 827 1433 896 τῆς
1460 825 1812 894 γενεαλογίας

234 927 299 977 ὲκ
319 921 416 975 τοῦ
449 921 735 974 Δαυῖτικοῦ
789 922 1004 974 κάτεισι
1056 918 1262 989 φύλους
1311 919 1374 970 Εἰ
1427 919 1500 990 μή
1557 935 1659 970 που
1717 918 1812 970 καὶ

233 1014 372 1080 αὐτῇ
404 1012 464 1065 τὺ
493 1010 908 1082 ἀπερίγραπτον
937 1010 1272 1079 ἐπεφήμισε.
1304 1007 1494 1078 ὥσπερ
1519 1008 1607 1062 διά
1632 1007 1812 1078 σωλῆ-

233 1121 322 1167 ~.o;
346 1103 715 1158 διαδεδυκέναι
742 1104 834 1155 τὸν
856 1102 1031 1171 Λόγον
1049 1101 1116 1154 δι’
1144 1101 1337 1170 αὐτῆς·
1358 1100 1448 1153 ἴνα
1470 1101 1591 1154 ὅλον
1609 1101 1700 1153 τὸν
1715 1100 1814 1170 τῆς

233 1195 536 1264 φαντασίας
564 1195 657 1247 καὶ
681 1193 956 1263 δοκήσεως
988 1193 1244 1263 ἄκρατον,
1281 1191 1422 1244 κατὰ
1453 1191 1578 1253 τοὺς
1619 1188 1812 1242 ἑαυτοῦ

231 1285 614 1348 διδασκάλους,
643 1284 928 1353 ὲγχέηται.

306 1377 419 1431 Ποῦ
447 1377 553 1430 τῶν
603 1375 980 1443 εὐαγγελικῶν
1014 1375 1386 1445 κηρυγμάτων
1438 1365 1744 1441 σωθήσεται
1780 1372 1813 1440 ἡ

233 1470 493 1541 άλήθειας
525 1468 620 1522 τοῦ
659 1468 758 1537 μὲν
800 1468 912 1521 τῶν
940 1466 1456 1536 εὐαγγελισαμένων
1486 1465 1547 1517 τὸ
1578 1461 1814 1533 Χριστοῦ

238 1564 538 1631 μυστήριον
595 1561 846 1628 λέγοντος
881 1576 893 1590 ·
950 1560 1168 1623 Βίϐλος
1246 1558 1544 1626 γενέσεως
1605 1553 1814 1620 Ἰησοῦ

237 1654 498 1721 ⁴ϊριστοῦ
544 1653 678 1707 viai}
723 1652 923 1716 Δαὸὶδ,
976 1649 1111 1705 υίοῦ
1155 1650 1445 1718 Ἀϐραάμ·
1480 1647 1572 1700 τοῦ
1625 1646 1701 1709 δὲ,
1734 1646 1815 1698 ὅτι

252 1744 309 1798 '0
347 1745 533 1814 Λόγος
571 1743 728 1813 σὰρξ
755 1743 993 1811 ἐγένετο
1015 1741 1115 1796 καὶ
1155 1741 1510 1806 ἐσκήνωσεν
1543 1739 1613 1791 ἐν
1647 1737 1813 1806 ἡμῖν.

238 1836 376 1889 οὐδὲ
403 1837 565 1889 αὐτὸν
597 1836 833 1905 Χριστὸν
888 1837 1002 1897 τοῖς
1040 1835 1355 1896 λιθάξουσιν
1409 1834 1437 1883 ὁ
1483 1826 1816 1891 συλλιθάζων

1917 644 1984 698 ad
2039 642 2447 699 similitudinem
2494 650 2740 697 nostram
2790 639 2892 694 fuit
2952 649 3189 694 tentatus
3233 639 3316 694 ιη
3346 638 3497 707 Quo-

1915 736 2075 790 modo
2113 733 2252 788 filius
2301 733 2371 788 sit
2406 732 2647 795 Davidis,
2673 739 2728 786 et
2756 729 2896 785 illius
2924 729 3288 784 sanctissima:
3311 727 3480 798 Virgi-

1916 824 2020 886 nis,
2051 821 2212 891 cujus
2230 820 2540 890 genealogia
2584 823 2654 874 de
2693 819 2947 874 Davidica
2987 818 3136 874 tribu
3169 818 3493 874 deducitur?

1915 910 2029 966 Nisi
2083 910 2220 966 forte
2257 923 2311 965 et
2345 911 2446 982 ipsi
2495 907 2701 977 Virgini
2730 909 3350 979 incircumscriptionern
3391 908 3491 962 Mn-

1916 1017 2107 1058 monas
2130 1003 2486 1074 adjudicavit,
2539 1001 2610 1055 ita
2648 1010 2707 1056 ut
2736 999 2971 1054 Verbum
3003 1015 3100 1070 per
3128 1015 3249 1056 eam
3281 1002 3300 1066 (
3331 1010 3390 1054 ut
3418 1001 3493 1055 dio

1917 1104 2063 1148 ctum
2091 1094 2194 1162 est)
2219 1108 2318 1148 ceu
2347 1108 2443 1160 per
2488 1092 2721 1146 fistulam
2763 1092 3142 1160 pertransierit
3175 1110 3187 1145 :
3228 1102 3393 1161 atque
3445 1093 3493 1144 is

1918 1185 1990 1240 ita
2019 1194 2129 1239 toto
2159 1183 2667 1238 Phantasiastarum
2694 1191 2749 1236 et
2770 1181 3094 1237 Docetarum
3119 1182 3305 1248 calice,
3341 1198 3493 1238 more

1918 1292 2136 1331 suorum
2197 1276 2575 1345 magistrorum
2603 1314 2618 1339 ,
2667 1288 2727 1329 se
2768 1274 2989 1344 proluit.

1988 1369 2270 1436 Quomodo
2318 1369 2442 1421 item
2485 1367 2924 1434 evangelicorum
2975 1367 3393 1436 praedicatorum
3423 1367 3496 1421 sit

1920 1460 2204 1514 incolumis
2231 1459 2466 1514 veritas?
2507 1475 2735 1528 quormn
2768 1460 2906 1515 alius
2930 1459 3132 1515 Christi
3175 1460 3490 1531 mysterium

1918 1551 2295 1622 evangelizans
2344 1552 2422 1605 ait
2464 1568 2477 1605 :
2523 1549 2676 1605 Liber
2720 1553 3074 1622 generationis
3118 1552 3249 1608 λεια
3297 1552 3492 1608 Christi

1918 1644 2017 1711 ﬁlii
2048 1643 2236 1710 David,
2279 1643 2379 1710 ﬁlii
2407 1643 2672 1696 Abraham
2705 1642 2770 1697 ³³.
2802 1643 2955 1698 Alius
2983 1652 3164 1697 autem
3193 1661 3206 1697 :
3249 1642 3317 1697 Et
3361 1641 3494 1698 Ver-

1919 1733 2040 1786 bum
2070 1749 2195 1787 caro
2249 1734 2451 1803 factum
2499 1744 2596 1798 est,
2627 1743 2674 1788 et
2708 1735 2962 1788 habitavit
2996 1737 3052 1787 in
3106 1734 3252 1789 nobis
3289 1733 3354 1789 “.
3388 1733 3492 1789 Sed

1922 1835 2106 1879 noster
2147 1836 2340 1880 auctor
2381 1840 2448 1879 ne
2500 1824 2601 1893 ipsi
2642 1825 2858 1895 quidem
2921 1826 3220 1894 acquiescit
3275 1825 3495 1880 Christo

237 1928 460 1990 ίδέξατο
507 1927 572 1980 ἂν
615 1927 881 1994 λέγονταο
941 1927 1002 1978 Τί
1044 1941 1122 1993 με
1157 1922 1377 1991 ζητεῖτε
1436 1919 1810 1984 ἀποκτεῖναι,
1847 1917 1888 1971 Β

1847 1917 1888 1971 Β
1918 1919 2282 1986 lapidantibus
2305 1931 2364 1973 se
2382 1917 2584 1973 dicenti
2618 1935 2632 1970 :
2673 1913 2787 1972 Cur
2818 1933 2899 1971 nte
2918 1919 3161 1988 quwritis
3184 1919 3492 1986 interﬁcere,

235 2021 554 2087 ἄνθρωπον
608 2018 677 2082 ὃς
726 2018 836 2085 τὴν
888 2017 1183 2083 ἀλήθειαν
1235 2015 1376 2085 ὑμῖν
1447 2012 1814 2080 delimata;

239 2111 352 2165 Ποῦ
386 2112 496 2164 τῶν
533 2111 871 2182 ἱεροφαντῶν
925 2111 1018 2163 καὶ
1047 2109 1313 2177 θεολόγων
1351 2107 1609 2177 Πατέρων
1657 2105 1816 2176 ἡμῶν

240 2207 272 2271 ἠ
295 2203 656 2270 διδασκαλία;
689 2202 738 2254 οἳ
772 2202 1031 2270 γεγόνασι
1054 2200 1164 2254 τῶν
1212 2198 1451 2269 Χριστοῦ
1503 2195 1817 2267 μυστηρίων

236 2290 434 2360 ταμίαι
465 2292 560 2343 καὶ
584 2292 806 2360 κάτοχοι
838 2291 916 2358 τῷ
947 2291 1089 2359 ἁγίῳ
1135 2288 1438 2359 Πνεύματι,
1487 2289 1580 2341 καὶ
1613 2288 1818 2340 τέλειον

237 2386 373 2452 ἡμῖν
408 2383 501 2435 τὸν
526 2383 688 2436 αὑτὸν
720 2382 1028 2452 ὲννθεότητι
1058 2383 1153 2435 καὶ
1179 2382 1388 2435 τέλειον
1432 2383 1488 2434 ὲν
1524 2379 1816 2449 ἀνθρωπό-

238 2493 384 2546 τητι.
433 2475 733 2547 διαρρήδην
771 2475 1206 2538 ὲκδιδάσκουσιν,
1258 2474 1542 2544 ὁμοούσιον
1594 2471 1672 2542 τῷ
1701 2471 1818 2542 Θεῷ

241 2569 336 2620 καὶ
368 2568 544 2638 lla-cpi.
581 2568 720 2621 κατὰ
765 2569 867 2638 τὴν
924 2568 1178 2638 ϐιότητα,
1231 2568 1330 2620 καὶ
1361 2568 1491 2636 ἡμῖν
1538 2564 1679 2618 κατὰ
1723 2563 1820 2634 τὴν

241 2657 668 2729 ἀνθρωπότητα,
714 2659 1095 2731 περιγραπτὸν
1145 2660 1236 2712 τὸν
1289 2659 1453 2711 αὐτὸν
1500 2656 1594 2709 καὶ
1627 2655 1821 2722 ἀπερί-

241 2767 509 2820 γραπτον.
547 2751 611 2802 Τί
642 2749 697 2802 δὲ
726 2750 864 2813 ὅλως
889 2751 1039 2821 ἡμᾶς
1069 2748 1245 2816 ὢνησε
1289 2748 1525 2819 Χριστὸς
1558 2763 1822 2816 περιγρα-

245 2839 412 2903 πτούς
442 2858 503 2909 γε
533 2841 710 2905 ὄντας,
743 2843 793 2894 εἰ
821 2841 895 2912 μὴ
918 2841 994 2912 τῷ
1016 2841 1186 2911 ὁμοίῳ
1215 2840 1276 2893 τὸ
1301 2840 1490 2908 ὅμοιον
1511 2837 1820 2907 ἀνεκάθηρε

240 2949 300 2984 τε
330 2934 429 2985 καὶ
458 2931 711 2996 ἐξιάσατο
737 2948 749 2960 ο
791 2933 839 2984 εί
898 2933 972 3001 μὴ
1028 2931 1090 2984 τὸ
1127 2932 1234 2984 πᾶν
1267 2931 1403 2998 ὅπερ
1461 2929 1627 2998 ἐσμὲν
1683 2929 1822 2996 πλὴν

241 3023 524 3091 ἁμαρτίας
555 3023 925 3093 προσείληφες
960 3023 1034 3075 Τὸ
1062 3022 1171 3092 γὰρ
1193 3022 1600 3092 ἀπρόσληπτον,
1635 3021 1819 3088 φασὶν,

242 3116 644 3186 ἀῡεράπευτον.
689 3116 778 3169 Ἐν
819 3110 900 3178 οἷς
934 3115 1105 3186 γάρὴ
1139 3113 1297 3183 φύσις
1347 3115 1519 3166 ἐδεῖτο
1566 3113 1664 3182 τῆς
1694 3115 1823 3166 ἀνα-

1919 2012 2175 2065 Itsminem
2208 2012 2300 2080 qui
2325 2013 2592 2089 veritatem
2611 2011 2750 2069 vobis
2780 2011 2984 2066 locutus
3011 2028 3125 2065 sunt
3155 2011 3235 2064 "?
3265 2009 3494 2067 Ubinam

1923 2107 2402 2174 hicrophantarum
2439 2114 2494 2159 et
2530 2104 2902 2171 theologorum
2935 2103 3154 2157 Patrqu
3182 2112 3494 2158 nostrorum

1923 2198 2332 2268 magisterium?
2367 2198 2454 2265 qui
2494 2198 2739 2269 mysterii
2774 2195 2978 2251 Christi
3012 2195 3163 2250 fuere
3216 2195 3494 2260 custodes,

1911 2273 2108 2347 [sancto
2128 2290 2328 2360 Spiritu
2351 2290 2538 2354 afﬂati,
2567 2290 2948 2360 Christumque
2973 2290 3272 2361 perfectqu
3305 2289 3358 2344 in
3384 2289 3496 2343 dei-

1921 2393 2050 2447 tate,
2072 2383 2367 2452 perfectum
2403 2383 2530 2438 item
2565 2383 2617 2436 in
2670 2383 3032 2447 humanitate,
3073 2383 3294 2438 disertis
3317 2381 3498 2436 verbis

1922 2488 2021 2528 nos
2045 2475 2361 2538 docuerunt,
2395 2473 2910 2531 consubstantialem
2963 2474 3071 2529 Deo
3105 2472 3250 2528 Patri
3298 2472 3496 2528 divini-

1924 2577 2071 2632 tate,
2127 2568 2282 2622 nobis
2344 2578 2524 2620 autem
2602 2567 2976 2631 humanitate,
3026 2565 3493 2635 circumscriptum

1923 2661 2170 2715 eumdem
2198 2669 2252 2713 et
2286 2661 2853 2731 incircumscriptum?
2883 2658 3019 2727 Quid
3045 2673 3175 2714 vero
3207 2659 3361 2713 nobis
3382 2673 3500 2714 om-

1925 2753 2054 2807 nino
2109 2751 2309 2822 profuit
2357 2751 2640 2815 Christus,
2680 2753 2773 2820 qui
2831 2766 3018 2806 sumus
3076 2750 3497 2820 circumscripti.

1928 2844 2030 2897 nisi
2076 2845 2122 2897 is
2154 2859 2210 2898 re
2249 2843 2411 2898 simili
2452 2843 2682 2898 similem
2711 2843 2963 2914 purgavit
3015 2853 3179 2912 atque
3235 2843 3492 2908 sanavit;

1926 2935 2027 2990 nisi
2055 2946 2222 2990 totum
2263 2936 2406 3004 quod
2445 2950 2544 2990 nos
2575 2950 2798 2998 sumus,
2851 2936 3069 3003 dempto
3124 2943 3374 3003 peccato,
3407 2949 3499 2987 as-

1926 3028 2190 3098 sumpsit?
2234 3027 2365 3080 Nam
2415 3028 2554 3095 quod
2592 3027 2730 3081 sumi
2767 3043 2873 3081 non
2925 3037 3122 3095 potest,
3183 3041 3250 3079 ne
3312 3027 3494 3079 sanari

1927 3118 2142 3185 quidem
2176 3131 2334 3183 posse
2359 3118 2527 3170 aiunt.
2571 3117 2783 3172 Etenim
2818 3117 2868 3169 in
2902 3117 3098 3186 quibus
3143 3124 3338 3171 natura
3369 3131 3499 3185 ege-

245 3205 540 3268 πλάσεως,
587 3207 804 3276 ἀνάγκη
883 3205 1027 3259 κατὰ
1080 3206 1256 3258 πάντα
1311 3207 1494 3275 ὅμοιον
1548 3206 1614 3273 τῇ
1667 3203 1823 3270 φύσει

1930 3209 2019 3260 hat
2061 3206 2476 3274 reformatione,
2519 3209 2758 3276 oportuit
2824 3222 2946 3262 eum
2989 3222 3211 3277 prorsus
3268 3208 3497 3262 similem

243 3297 525 3364 γενέσθαι.
579 3298 737 3351 Ἀλλά
775 3299 848 3368 μή
908 3315 1037 3350 ποτε
1081 3299 1130 3349 οἱ
1185 3296 1280 3350 νῦν
1330 3299 1430 3368 τῆς
1480 3296 1688 3366 πλάνης
1731 3297 1824 3348 καὶ
1853 3282 1896 3346 C

1853 3282 1896 3346 C
1931 3296 2042 3349 fieri
2092 3307 2289 3350 nostra:
2338 3308 2561 3351 naturae.
2610 3297 2795 3368 Neque
2849 3296 2958 3366 jam
3010 3299 3191 3351 dicant
3254 3299 3501 3355 hodierni

244 3390 358 3440 τῶν
394 3391 604 3442 ἐκείνου
650 3389 938 3459 δογμάτων
989 3390 1421 3460 προασπίζοντες
1470 3389 1695 3450 εἴποιεν,
1742 3389 1823 3440 ὅτι

245 3480 345 3531 οὐκ
376 3480 725 3550 ἠκούσαμεν·
750 3481 879 3534 Mer
915 3477 1033 3536 οὖν
1085 3498 1151 3550 τε
1176 3484 1264 3546 εὶς
1308 3479 1515 3536 πᾶσαν
1561 3479 1676 3548 τὴν
1707 3477 1826 3549 γῆν

247 3567 510 3636 ἐξῆλθεν
539 3573 570 3622 d
586 3571 844 3638 φθόγγος
868 3569 1089 3636 αὐτῶν,
1118 3572 1214 3624 καὶ
1245 3574 1330 3635 είς
1355 3571 1426 3623 τὰ
1456 3570 1682 3637 πέρατα
1711 3570 1826 3636 τῆς

248 3659 610 3728 οἰκουμένης
666 3661 737 3714 τὰ
775 3661 1017 3730 ῥήματα
1049 3661 1271 3715 αὐτῶν,
1321 3661 1478 3714 υῦτω
1507 3660 1564 3713 δὲ
1620 3662 1826 3713 ἀπετυ-

250 3751 546 3819 (pit-30mm
574 3755 640 3822 τῇ
677 3751 888 3805 ἑαυτῶν
928 3752 1180 3820 ἀπονοίᾳ,
1214 3752 1308 3804 καὶ
1349 3754 1476 3814 τοὺς
1518 3750 1826 3820 ὀφθαλμοὺς

251 3843 436 3896 αὐτῶν
471 3844 823 3914 ἐκάμμυσαν,
872 3847 965 3898 καὶ
1016 3848 1128 3906 τοῖς
1163 3846 1264 3898 ὠσὶ
1306 3844 1514 3913 βαρέως
1563 3845 1824 3914 ἥκουσαν,

253 3936 351 3987 καὶ
382 3934 518 4005 πρὸς
545 3937 655 3989 πᾶν
699 3937 876 3990 ὁτιοῦν
933 3939 1011 4001 είς
1041 3937 1325 3990 εὐσέϐειαν
1358 3932 1515 4007 ¹ἧκον,
1563 3953 1827 4006 πεπηρω-

258 4027 423 4094 μένον
471 4028 533 4079 τὸ
589 4028 814 4080 ornt.be
864 4029 967 4098 τῆς
1018 4030 1261 4093 διανοίας
1324 4029 1696 4099 κτησάμενοι·
1729 4029 1829 4080 οὐκ

255 4119 649 4184 ιναυγάζονται
704 4119 781 4189 τῷ
834 4121 933 4190 τῆς
994 4120 1276 4182 εὐσεϐείας
1337 4120 1497 4188 φωτὶ,
1559 4121 1693 4191 πρὸς
1729 4121 1829 4183 τὰς

258 4209 624 4276 εὐαγγελικὲις
651 4210 746 4263 καὶ
774 4212 1048 4280 πατρικὰς
1079 4212 1263 4281 φωνὰς
1286 4214 1829 4281 ἀπαναισχυντήσαν-

253 4317 369 4360 τες,
403 4300 496 4352 καὶ
530 4300 970 4371 ἁνερυθριάστως
1008 4302 1543 4372 ἁντικαθιστάμενοι.
1583 4302 1674 4355 Διὸ
1704 4301 1827 4354 οὐδὲ

254 4387 555 4457 ἀπολογίας
600 4392 788 4455 αὐτοῖς
838 4393 989 4461 παρά
1034 4392 1114 4462 τῷ
1144 4393 1356 4464 ,δικαίῳ
1405 4396 1568 4466 κριτῇ
1626 4393 1832 4464 τρόπος

254 4480 742 4550 ὑπολειῳθήσεται.

325 4571 433 4633 κζ’.
469 4573 530 4624 Εἰ
563 4574 617 4627 δὲ
652 4575 980 4644 διαιρεῖσθαι
1016 4577 1192 4632 ἐδόκει
1234 4579 1342 4633 ἀπὸ
1379 4579 1472 4633 τοῦ
1515 4579 1830 4649 γεγράφθαι

254 4663 349 4715 τὸν
396 4663 656 4732 Χριστὸν,
707 4665 802 4720 καὶ
843 4667 1051 4737 κτίσμα
1094 4668 1254 4738 μόνον
1295 4669 1828 4739 καταλιμπάνεσθαι,

254 4753 392 4822 όρᾷν
419 4752 595 4817 ἔξεστι
623 4755 696 4825 μή
749 4773 880 4809 ποτε
911 4757 1032 4810 οὐδὲ
1057 4757 1301 4829 ἔμψυχον
1332 4760 1537 4830 κτίσμα
1569 4761 1711 4814 κατὰ
1742 4760 1833 4813 τὸν

256 4845 458 4898 ἑαυτοῦ
491 4846 647 4916 λόγον
675 4849 769 4900 τὸν
797 4849 1032 4919 Χριστὸν
1063 4851 1479 4906 καταλέλοιπεν.
1516 4852 1580 4906 Εἰ
1621 4851 1730 4922 γάρ
1762 4852 1835 4922 μὴ

255 4937 443 4989 τέλεον
472 4939 527 4989 ὲν
557 4939 705 5008 αὑτῷ
733 4940 1048 5010 σωζομένας
1081 4943 1178 5007 τὰς
1212 4944 1356 4996 κατά
1397 4944 1489 4997 τὸν
1526 4945 1833 5015 ἄνθρωπον,

253 5028 315 5079 ὃν
347 5029 599 5096 ἀνέλαϐε,
625 5033 859 5100 φυσικὰς
878 5033 1143 5104 διαφορὰς
1173 5033 1444 5100 ἐδόξαζεν,
1476 5034 1596 5088 οὐδὲ
1614 5033 1672 5087 τδ
1695 5029 1833 5086 εἶναι

255 5119 549 5189 ἄνθρωπον
604 5124 1054 5197 συγκεχώρηκεν.
1097 5125 1252 5180 Ἐπεὶ
1297 5127 1460 5180 πόθεν
1519 5129 1575 5180 αἱ
1643 5125 1836 5195 φύσεις

257 5215 518 5265 συσταῖεν
543 5214 730 5284 αὐτῷ;
765 5217 977 5288 Ὠσπερ
1028 5220 1138 5289 γάρ
1170 5219 1447 5290 παροῦσαι
1499 5222 1555 5273 αί
1606 5222 1837 5289 φυσικαὶ

259 5301 497 5368 σώζουσι
540 5305 827 5379 διαφοραὶ,
881 5309 1026 5364 οὕτω
1069 5313 1163 5364 καὶ
1209 5311 1445 5366 ἀποῦσαι
1503 5312 1836 5383 φθείρουσιν.

270 5395 361 5456 Ὠς
397 5396 452 5448 εῐ
472 5414 554 5458 τις
581 5398 788 5453 τούτων
813 5401 1067 5470 άφέλοιτό
1094 5420 1145 5456 τι
1177 5403 1267 5458 τὸν
1303 5404 1529 5476 Κύριον,
1583 5407 1642 5459 οὐ
1680 5408 1840 5476 μόνον

257 5484 418 5543 tbi/Av
449 5485 736 5558 ἄνθρωπον
765 5491 928 5554 εἴποι,
959 5492 1076 5544 ἀλλ’
1107 5492 1230 5546 οὐδὲ
1263 5494 1526 5565 ἔμψυχον,
1558 5497 1652 5549 καὶ
1681 5498 1835 5549 ἀνεν-

258 5577 500 5647 emam
541 5579 703 5632 αὑτὸν
741 5583 835 5634 καὶ
885 5583 1176 5654 ἀνδριάντα
1227 5587 1386 5653 μόνον
1434 5589 1836 5658 ἀποσχεδιάσας

334 5778 374 5805 ’⁸
425 5773 581 5849 lium.
632 5795 748 5849 vm,
786 5783 876 5838 29.

459 5784 581 5864 ivom.
632 5795 748 5849 vm,
786 5784 876 5838 29.
983 5785 1027 5817 “
1070 5784 1232 5842 llehr.
1267 5802 1340 5851 tv,
1390 5787 1471 5842 i5.

265 5861 425 5911 mn,
456 5861 506 5900 ο.

1592 5790 1634 5820 ³³
1675 5788 1866 5845 Matth.
1915 5807 1964 5856 ι,
2011 5793 2055 5844 l.

1928 3388 2133 3457 patroni
2165 3388 2368 3442 erroris
2397 3388 2815 3459 dogmatumque
2845 3388 3128 3453 Memoriae,
3168 3403 3266 3445 nos
3297 3390 3500 3458 praedi~

1928 3482 2193 3536 cationem
2231 3497 2334 3535 non
2367 3482 2636 3537 audivisse
2669 3498 2684 3537 :
2722 3481 2968 3551 Profecto
2994 3483 3050 3535 in
3085 3499 3286 3537 onmem
3309 3493 3504 3536 terram

1929 3572 2082 3625 exivit
2129 3589 2288 3625 sonus
2333 3589 2551 3638 eorum,
2602 3582 2648 3626 et
2692 3589 2853 3644 usque
2905 3574 2973 3626 ad
3031 3575 3281 3627 terminos
3322 3575 3504 3626 mundi

1928 3665 2081 3716 verba
2129 3679 2311 3716 eorum
2353 3663 2416 3717 ³⁸.
2453 3662 2508 3716 in
2544 3672 2749 3717 tantum
2782 3666 3077 3719 excaeCavit
3126 3680 3223 3719 eos
3274 3662 3502 3717 stultitia

1930 3769 2027 3808 sua
2054 3755 2297 3825 adeoque
2337 3754 2510 3810 oculis
2539 3757 2909 3820 caecutierunt,
2949 3766 3003 3811 et
3049 3757 3271 3810 auribus
3325 3757 3504 3825 gravi.

1933 3856 2014 3900 ter
2045 3848 2355 3914 audierunt,
2381 3856 2436 3902 et
2459 3858 2650 3902 contra
2686 3847 3067 3904 orthodoxiam
3100 3864 3504 3919 quaqueversue

1932 3940 2233 3994 irruerunt!
2267 3938 2460 3994 Mentis
2488 3939 2703 3994 oculum
2729 3949 3057 3997 excrecatum
3093 3950 3363 4009 gerentes,
3397 3954 3503 3994 non

1933 4031 2273 4086 illustrantur
2309 4040 2470 4085 recta:
2503 4031 2784 4102 religionis
2809 4031 3035 4096 lumine,
3079 4032 3300 4087 Patrum
3338 4047 3503 4084 evan~

1933 4123 2119 4192 gelicis
2166 4124 2391 4177 vocibus
2452 4122 2793 4193 impudenter
2848 4123 3136 4189 resistunt,
3200 4135 3254 4178 et
3306 4124 3507 4193 absque

1935 4215 2045 4268 ulla
2099 4215 2407 4271 reverentia
2444 4215 2850 4269 contradicunt.
2905 4215 3268 4281 Quamobrem
3306 4215 3504 4269 nullum

1935 4306 2271 4363 defensionis
2294 4321 2462 4377 genus
2503 4307 2646 4380 apud
2690 4307 2894 4377 justum
2926 4307 3159 4378 iudicem
3190 4308 3269 4363 eis
3320 4323 3505 4378 super-

1933 4402 2055 4455 erit.

2007 4587 2096 4641 27.
2133 4586 2283 4653 Quod
2317 4588 2361 4642 si
2387 4585 2647 4641 Mamonaa
2673 4586 2887 4640 videtur
2911 4585 3076 4640 dividi
3104 4584 3355 4640 Christus
3382 4585 3506 4639 dum

1941 4680 2274 4749 depingitur,
2308 4688 2362 4734 et
2407 4694 2495 4735 res
2545 4689 2731 4734 creata
2764 4679 3144 4734 tantummodo
3205 4692 3507 4740 remanere,

1941 4781 2189 4841 superest
2235 4771 2529 4825 videndum
2569 4786 2636 4825 an
2673 4771 2816 4826 forte
2857 4786 2922 4825 ne
2967 4771 3262 4824 animatam
3292 4770 3507 4839 quidem

1939 4872 2273 4928 creaturam,
2311 4866 2582 4919 sermonis
2617 4865 2696 4918 sui
2734 4875 2941 4928 tenore,
2972 4863 3246 4919 Christum
3276 4878 3397 4919 csse
3421 4879 3511 4932 pa-

1942 4957 2127 5011 tiatur.
2177 4954 2292 5010 Nisi
2319 4956 2463 5010 cnim
2505 4955 2664 5024 plane
2703 4954 3002 5008 incolumes
3048 4955 3285 5008 hominis
3349 4970 3508 5020 quem

1943 5044 2174 5098 Verbum
2207 5047 2502 5113 assumpsit
2544 5047 2798 5116 physicas
2840 5045 3130 5116 qualitates
3182 5047 3271 5099 hic
3325 5046 3515 5100 existi-

1940 5147 2068 5201 mal,
2103 5152 2169 5190 ne
2193 5136 2465 5190 hominem
2506 5137 2725 5206 quidem
2760 5152 2882 5191 esse
2910 5138 3179 5190 concedit.
3212 5135 3343 5189 Nam
3377 5153 3511 5206 quo-

1941 5230 2100 5283 modo
2135 5237 2342 5283 natura:
2369 5231 2415 5283 ei
2452 5229 2826 5285 constabunt?
2871 5229 3025 5284 Sicut
3069 5230 3213 5282 enim
3270 5230 3511 5299 physica:

1942 5319 2256 5375 differentia:
2287 5331 2541 5374 naturam
2578 5329 2874 5388 praesentes
2905 5330 3252 5384 conservant,
3307 5323 3377 5372 ita
3419 5321 3514 5372 ab-

1940 5424 2123 5466 sentes
2145 5412 2387 5465 eamdem
2412 5412 2703 5480 perimunt.
2733 5411 2910 5478 Quare
2933 5413 2977 5466 si
3013 5412 3134 5481 quis
3165 5412 3266 5466 bas
3289 5412 3514 5464 υοιιιίιιο

1943 5503 2237 5572 eripuerit,
2271 5518 2374 5557 non
2408 5512 2518 5557 tam
2551 5519 2758 5558 merum
2793 5503 3068 5560 hominem
3117 5505 3288 5573 ipsum
3346 5505 3508 5565 dicet,

1946 5611 2106 5663 quam
2136 5598 2298 5650 etiam
2344 5595 2698 5652 inanimatum
2757 5606 2812 5652 ct
2858 5598 3236 5659 inactuosum;
3280 5599 3513 5664 denique
3607 5604 3611 5608 '

2168 5793 2211 5824 “
2248 5792 2403 5849 Joan.
2502 5807 2538 5856 I,
2581 5794 2663 5848 14.
2693 5792 3026 5867 "Joanmn,
3098 5795 3179 5850 i0.
3282 5796 3325 5826 "
3369 5795 3505 5855 l’ssl.
