4238 6446
710 410 818 474 '29!)

1746 409 1805 464 S.
1849 406 2271 465 NICEPHORl
2311 407 2819 467 I’A’l‘itlAltCIL‘E
2857 407 2966 464 ΟΡ.

3886 407 3994 471 τοο

710 523 1074 588 heterogenea
1121 530 1240 567 esse
1285 515 1576 584 significat.
1635 513 1781 571 Satis
1826 516 1926 570 hoc
1960 516 2119 572 nobis
2164 532 2286 587 per‘

2403 520 2589 588 κρᾶμα
2622 518 2683 583 ἐξ
2709 517 3063 589 ἀμφοτέρων,
3115 517 3235 571 ούδέ
3268 536 3350 583 τις
3379 516 3523 590 μίξις
3557 520 3667 573 τῶν
3700 520 3986 579 ἐναντίων.

710 611 940 666 suadeat
977 610 1022 662 is
1069 608 1160 675 qui
1216 607 1353 661 dicit
1396 622 1411 660 :
1471 627 1489 658 ι
1528 606 1772 660 Nondum
1821 617 1942 662 erat.
1990 609 2291 674 concretio,

711 716 889 772 neque
938 700 1129 754 mistio
1162 700 1563 770 oppositornm,
1601 718 1617 750 ι
1658 698 1725 753 de
1782 701 2023 755 humano
2070 715 2295 772 compo-

710 796 816 851 sito
846 792 957 864 (55)
994 792 1273 847 disserens
1313 802 1368 846 et
1416 791 1653 844 hominis
1700 792 2001 858 creatione,
2037 807 2198 862 quem
2226 808 2291 847 ex

712 886 977 942 invisibili
1029 884 1345 953 visibilique
1395 892 1585 937 natura
1644 882 1964 948 formatum,
1998 883 2295 937 contrariis

705 983 861 1048 juxta
924 978 1243 1039 collocatis,
1307 976 1535 1030 scimus.
1593 975 1705 1031 Cur
1779 992 1909 1044 ergo
1964 990 2086 1029 cum
2150 976 2295 1029 dicat.

710 1072 1069 1141 compositam
1104 1069 1441 1141 hypostasiin
1465 1112 1478 1133 ,
1526 1069 1916 1122 convenientes
1951 1083 2165 1138 quoque
2197 1083 2294 1121 na-

714 1164 849 1215 turis
884 1162 1082 1229 agnitis
1132 1158 1430 1227 qualitates
1455 1156 1687 1210 libenter
1731 1168 1963 1226 apteque
2000 1173 2105 1210 non
2133 1157 2294 1211 attri-

714 1256 827 1309 ltuit
854 1256 878 1307 ’ί
907 1253 1046 1306 Nam
1077 1254 1121 1306 si
1150 1251 1258 1324 54
1285 1250 1502 1305 visibile
1526 1250 1862 1304 contrarium
1894 1261 1975 1303 est
2010 1248 2293 1316 invisibili,

711 1357 767 1402 ct
801 1346 1061 1413 tangihilc
1114 1343 1443 1413 intangihili,
1478 1353 1535 1398 et
1567 1343 1926 1413 corruptibile
1968 1342 2297 1412 incorrupti-

714 1442 833 1507 bili,
879 1453 927 1494 et
968 1442 1121 1509 siqua
1165 1440 1272 1491 alia
1307 1438 1516 1506 pariter
1568 1438 1802 1490 invicem
1851 1446 1977 1489 sunt
2022 1436 2295 1505 opposita,

648 1536 651 1537 ⁷
709 1552 884 1604 eaque
908 1536 959 1587 in
998 1549 1103 1586 una
1129 1532 1436 1597 eademque
1458 1529 1661 1584 Christi
1696 1544 1930 1599 persona
1955 1537 2294 1599 spectantur,

709 1629 899 1699 quidni
940 1629 1109 1682 altera
1173 1640 1391 1695 quoque
1440 1624 1805 1678 antithesisin
1845 1624 2035 1677 eodem
2078 1622 2299 1677 Christo

709 1721 1071 1790 spcctabitur,
1098 1718 1580 1788 circumscriptum
1616 1717 1739 1772 dico
1789 1728 1844 1771 et
1889 1718 2296 1772 incircumscri-

710 1816 902 1887 ptum?
963 1812 1097 1867 Nam
1130 1815 1233 1880 qui
1297 1826 1515 1866 carnem
1591 1809 2121 1879 ineirctnnsmiptatn
2177 1824 2299 1864 esse

710 1912 893 1974 docet,
951 1905 1086 1960 nihil
1123 1905 1268 1958 aliud
1311 1904 1411 1963 ait,
1444 1902 1547 1957 nisi
1584 1903 1713 1956 nihil
1766 1902 2006 1957 divinam
2046 1915 2294 1955 naturam

2403 1917 2485 1953 σει
2523 1901 2555 1971 ἡ
2608 1901 2727 1954 θεία
2759 1899 2921 1970 φύσις
2974 1902 3072 1972 τῆς
3108 1901 3462 1973 ἀνθρωπίνης
3489 1941 3504 1964 ,

710 2004 780 2055 ah
814 2002 1055 2055 humana
1099 1995 1345 2059 differre,
1379 1996 1491 2048 sive
1529 2010 1639 2047 rem
1674 1996 1974 2048 increatam
2009 2010 2037 2047 a
2068 2004 2249 2048 creata
2280 2012 2292 2047 :

708 2093 817 2145 huc
845 2088 988 2143 enim
1020 2096 1312 2153 utrumque
1360 2084 1590 2148 recidit;
1619 2082 1929 2153 frustraque
1962 2085 2074 2151 jam
2126 2084 2213 2138 ille
2244 2093 2300 2137 et

711 2181 1099 2251 intempestive
1127 2179 1359 2232 duarum
1400 2187 1713 2230 naturarum
1765 2179 2097 2231 mentionem
2138 2176 2293 2232 facit.

710 2274 825 2329 Nisi
868 2273 1017 2328 enim
1072 2271 1290 2337 utrique
1330 2280 1538 2322 naturae
1581 2269 1873 2337 qualitates
1923 2270 2177 2341 propriae,
2232 2287 2295 2324 ex

711 2368 913 2436 quibus
936 2376 1191 2419 constant
1229 2363 1621 2427 attribuantur,
1662 2362 1733 2416 ita
1760 2365 1895 2416 utin
1928 2365 2042 2417 suis
2071 2377 2299 2432 quasque

712 2446 1145 2530 proprietatibus
1174 2466 1526 2525 agnoscatur,
1576 2455 1845 2509 undeuatn
1883 2455 2170 2522 ttohisjmn
2205 2470 2298 2523 ap-

712 2552 983 2620 parebunt
1041 2551 1321 2604 naturales
1364 2548 1628 2617 Opposita:
1679 2546 2025 2611 dilTereutire,
2066 2557 2119 2601 et
2167 2548 2295 2600 sub-

711 2646 1001 2700 stantiales
1051 2640 1385 2713 qualitates?
1420 2641 1836 2709 Comperientur
1894 2640 2075 2710 itaque
2133 2656 2296 2691 unuut

712 2740 841 2807 quid
872 2752 994 2791 esse
1019 2752 1139 2806 qua:
1172 2733 1600 2804 stmtopposita;
1640 2734 1785 2804 quod
1816 2744 1899 2788 est
1934 2731 2294 2804 impossibile.

785 2852 876 2906 ἆυ.
923 2852 1250 2903 Arianorum
1283 2857 1412 2901 sunt
1442 2847 1558 2900 luet:
1591 2861 1688 2900 nec
1726 2861 1832 2899 non
1877 2846 2210 2917 Apollinaris
2247 2856 2301 2901 et

716 2943 1058 3015 Eutychetis,
1087 2952 1141 2994 et
1167 2939 1627 2995 eonfusauearnm
1658 2937 2153 3009 accphalarumque
2180 2953 2303 3007 par-

719 3039 855 3091 tiutn
886 3045 1102 3107 spectra
1133 3044 1187 3087 rt
1236 3032 1597 3102 suphisntata,
1631 3046 1863 3101 quorum
1911 3030 2124 3100 aliquot
2152 3046 2304 3086 cotn~

720 3142 935 3200 parata,
988 3139 1170 3184 utrum
1226 3127 1295 3180 ab
1348 3127 1454 3182 illis
1489 3126 1758 3180 Mamonze
1806 3124 2077 3192 diﬂ'eraut,
2128 3126 2301 3196 palam

2396 610 2530 680 περὶ
2570 608 2665 662 τοῦ
2697 609 3046 679 ἀνθρωπείου
3092 610 3405 680 φιλοσοφῶν
3458 611 3858 682 συγκρίματος,
3896 616 3992 664 καὶ

2394 698 2497 765 τῆς
2520 699 2663 753 κατὰ
2689 699 2781 752 τὸν
2803 699 3096 771 ἄνθρωπον
3120 699 3505 771 δημιουργίας,
3541 700 3599 768 ἐξ
3626 703 3863 772 ἀοράτου
3894 703 3993 754 καὶ

2395 790 2599 861 ὁρατῆς
2633 790 2850 860 φύσεως
2894 790 3321 855 διαπλασθέντα,
3374 792 3482 845 τῶν
3523 793 3785 846 ἐναντίων
3825 793 3995 863 ἀλλή-

2397 884 2512 947 λοις
2545 884 2817 953 κειμένων
2851 883 3160 956 προδήλως.
3198 885 3264 938 Τί
3300 884 3367 955 δὴ
3394 880 3490 939 οὖν
3525 886 3784 940 σύνθετον
3813 887 3994 955 λέγων

2396 978 2495 1046 τὴν
2528 977 2855 1039 ὑπόστασιν,
2908 976 2983 1047 μὴ
3018 975 3115 1030 xui.
3162 979 3232 1032 τά
3283 978 3573 1049 πρόσφορα
3613 978 3721 1030 τῶν
3765 980 3823 1031 ἐν
3850 978 3993 1049 αὐτῇ

2398 1068 2816 1140 θεωρουμένων,
2850 1069 3213 1140 εὐγνωμόνως
3246 1072 3340 1124 καὶ
3366 1070 3585 1130 οἰκείως
3614 1069 3989 1134 ἀποδέδωκενς

2378 1162 2462 1215 ίΕἱ
2498 1162 2609 1232 γάρ
2635 1162 2882 1215 ἐναντίον
2906 1162 2968 1214 τὸ
2997 1162 3193 1232 ὁρατὸν
3222 1162 3301 1232 τῷ
3332 1164 3572 1234 ἀοράτῳ,
3604 1162 3700 1216 καὶ
3728 1164 3788 1215 τὸ
3816 1161 3995 1216 ἁπτὸν

2397 1255 2474 1327 τῷ
2502 1257 2721 1326 άναφεϊ,
2757 1257 2849 1309 καὶ
2879 1256 2939 1308 τὸ
2979 1256 3220 1327 φθαρτὸν
3248 1255 3324 1325 τῷ
3354 1255 3639 1327 ἀφθάρτῳ,
3676 1256 3765 1308 καὶ
3799 1255 3861 1307 τὺ
3889 1270 3997 1307 παι

2399 1348 2560 1419 θητὺν
2594 1349 2674 1420 τῷ
2705 1349 2944 1413 ἀπαθεῖ,
2969 1349 3067 1401 καὶ
3097 1346 3151 1401 εί
3182 1366 3235 1401 τι
3268 1348 3477 1413 τούτοις
3510 1348 3711 1419 ὁμοίως
3741 1348 3998 1420 ἀλλήλοις

2400 1442 2703 1494 ἀντίκειται
2730 1481 2744 1503 ,
2780 1442 2876 1495 καὶ
2908 1441 3034 1511 περὶ
3071 1441 3128 1493 ἓν
3163 1442 3259 1495 καὶ
3299 1442 3361 1495 τὸ
3396 1441 3528 1495 αὐτὸ
3557 1442 3855 1510 πρόσωπον
3899 1439 3994 1492 τοῦ

2400 1531 2641 1602 Χριστοῦ
2677 1531 3009 1604 θεωροῦνται
3035 1573 3050 1597 ,
3079 1535 3204 1587 ὅτου
3242 1533 3307 1605 δὴ
3349 1534 3512 1604 χάριν
3539 1533 3614 1602 μὴ
3646 1532 3739 1585 καὶ
3767 1532 3798 1601 ἡ
3830 1532 3999 1599 ἐτέρα

2400 1620 2683 1685 ἀντίθεσις
2733 1624 2820 1676 ἐπ’
2849 1624 2997 1693 αύτῷ
3038 1622 3454 1694 θεωρηθήσεται
3477 1640 3489 1653 °
3525 1623 3586 1676 τὸ
3615 1622 3999 1693 περιγραπτδν

2400 1715 2545 1785 λέγω
2573 1716 2666 1769 καὶ
2696 1716 3157 1788 ἀπερίγραπτον;
3196 1717 3643 1788 Ἀπερίγραπτον
3665 1714 3774 1785 γάρ
3804 1713 3995 1782 εἰσφέ-

2406 1824 2515 1877 ρων
2544 1810 2644 1879 τὴν
2673 1811 2890 1879 σάρκα,
2919 1809 3076 1862 οὐδὲν
3107 1809 3296 1880 ἕτερον
3324 1808 3472 1877 λέγει
3501 1808 3534 1878 ἢ
3564 1808 3645 1861 ὅτι
3670 1806 3825 1859 οὐδὲν
3858 1806 3997 1859 διοί-

3559 1900 3593 1971 ἢ
3639 1899 3704 1952 τὸ
3735 1900 3999 1954 άκτιστον

2398 1994 2495 2046 τοῦ
2542 1994 2761 2048 κτιστοῦ
2786 2011 2798 2025 ο
2835 1995 2912 2057 εἰς
2961 1994 3162 2047 ταύτὸν
3209 1995 3318 2064 γὰρ
3353 1995 3510 2064 φέρει
3549 1995 3857 2065 ἀμφότερα,
3901 1994 4000 2047 καὶ

2401 2087 2663 2159 περισσὸν
2694 2087 2847 2157 αὐτῷ
2878 2089 2973 2140 καὶ
3008 2089 3239 2158 ἄκαιρον
3275 2088 3383 2141 τῶν
3409 2087 3503 2141 δύο
3529 2087 3747 2156 φύσεων
3776 2087 3870 2139 τὸν
3903 2086 3997 2139 λό-

2400 2197 2496 2248 γον
2528 2178 3003 2251 προχειρίζεσθαι.
3032 2179 3094 2231 Εί
3127 2178 3204 2249 μὴ
3242 2177 3350 2248 γὰρ
3373 2179 3613 2249 ἑκατέρᾳ
3642 2178 3750 2230 τῶν
3775 2177 3999 2247 φύσεων

2398 2272 2469 2324 τὰ
2498 2273 2678 2325 οἰκεῖα
2710 2271 2803 2323 καὶ
2844 2270 2872 2323 ὃ
2909 2272 3151 2338 πέφυκεν
3184 2269 3323 2339 αὑτὴ
3348 2310 3363 2333 ,
3405 2269 3693 2339 ἀποδοθείη
3726 2266 3999 2338 γνωριζο-

2404 2363 2541 2433 μένῃ
2571 2364 2691 2426 ταῖς
2726 2362 2975 2431 ἰδιότησι,
3004 2360 3107 2414 ποῦ
3137 2363 3268 2431 ἡμῖν
3293 2361 3628 2431 φανήσονται
3660 2361 3717 2414 αἱ
3747 2359 3999 2413 ἐναντίαι

2399 2458 2497 2509 καὶ
2529 2454 2753 2525 φυσικαὶ
2782 2454 3043 2526 διαφοραὶ
3078 2453 3174 2508 καὶ
3209 2452 3492 2516 ούσιὼδεις
3521 2453 3849 2524 ποιότητες;
3884 2454 3999 2505 Καὶ

2401 2547 2764 2619 εὑρεθήσεται
2808 2546 2867 2601 ἓν
2902 2547 3001 2601 καὶ
3046 2545 3247 2600 ταύτὸν
3284 2545 3353 2598 τά
3384 2546 3639 2611 ἐναντία,
3686 2548 3822 2617 ὅπερ
3875 2545 4001 2600 ἀδύ-

2401 2656 2582 2695 νατον.

2476 2868 2551 2941 μ’.
2601 2870 2900 2942 Ἀρειανῶν
2928 2870 3105 2923 ταῦτα
3140 2870 3236 2923 καὶ
3278 2868 3658 2940 Ἀπολιναρίου
3689 2870 3786 2923 καὶ
3813 2870 3997 2923 Εύτυ⁸

2400 2962 2553 3028 χοῦς,
2592 2962 2691 3017 καὶ
2724 2963 2823 3033 τῆς
2873 2962 3211 3032 συγχυτικῆς
3244 2962 3337 3015 καὶ
3380 2962 3659 3031 ἀκεφάλου
3694 2961 3893 3032 μοίρας
3927 2962 3999 3014 τά

2405 3054 2671 3124 φάσματα
2720 3054 2814 3106 καὶ
2868 3052 3218 3123 σοφίσματα,
3273 3046 3347 3105 ὧν
3392 3068 3520 3105 τινα
3585 3050 3997 3122 παρατεθέντα,

2405 3146 2529 3198 ὅσον
2557 3144 2750 3198 διοίσει
2791 3144 2902 3198 τῶν
2944 3145 3159 3197 ἐκείνου
3180 3184 3195 3209 ,
3227 3146 3507 3215 ἐμφανιεῖ.
3542 3140 3670 3198 ’Ὧδε
3703 3145 3811 3214 γὰρ
3848 3145 4000 3213 ἔχει’

721 3222 946 3275 lat-ient.
976 3220 1066 3274 Sic
1098 3219 1242 3273 enim
1275 3219 1362 3271 hic
1411 3226 1599 3271 noster
1628 3232 1642 3267 :
1686 3234 1703 3266 ι
1743 3214 1819 3269 Ita
1848 3226 1905 3270 ut
1944 3230 2168 3271 carnem
2220 3216 2297 3270 tli-

2416 3254 2436 3287 ι
2477 3236 2641 3289 Ὥστε
2697 3235 2880 3305 σάρκα
2937 3233 3220 3304 λέγοντες,
3266 3214 3343 3287 οὐ
3393 3236 3456 3287 τὸ
3512 3236 3713 3290 οίκεῖον
3765 3236 4002 3304 ἔχουσαν

719 3325 935 3378 centes,
963 3329 1085 3384 qua:
1118 3329 1224 3365 non
1260 3312 1541 3381 propriam
1556 3309 1651 3364 sed
1686 3308 1779 3364 Dei
1804 3310 1968 3365 habet
1991 3324 2303 3379 personam,

725 3410 895 3459 Deum
923 3407 976 3457 in
1002 3404 1188 3458 divina
1221 3403 1507 3469 majestate
1528 3403 1908 3470 praalicemus.
1943 3420 1961 3453 ι
1984 3401 2051 3454 Et
2076 3417 2265 3457 rursus
2289 3418 2304 3456 :

727 3518 746 3549 ι
793 3500 852 3553 Si
891 3498 1034 3551 enim
1085 3498 1176 3565 qui
1207 3506 1290 3549 est
1332 3510 1397 3549 ex
1441 3492 1686 3564 Virgine,
1722 3509 1862 3547 unus
1900 3494 2162 3549 Dominus
2209 3509 2305 3564 ap-

724 3591 961 3660 pellatus
990 3600 1099 3654 est,
1131 3601 1186 3641 et
1218 3589 1333 3657 ipse
1367 3597 1450 3641 est
1475 3602 1569 3656 per
1595 3600 1755 3655 quem
1785 3586 1971 3639 omnia
2006 3585 2145 3640 laeta
2160 3594 2305 3651 sunt,

724 3699 828 3739 una
883 3685 1074 3750 utique
1106 3693 1300 3734 natura
1332 3686 1440 3745 est,
1468 3680 1726 3749 quoniam
1770 3694 1876 3732 una
1927 3694 2158 3748 persona
2200 3695 2305 3733 ηοω

724 3777 928 3843 patitur
961 3776 1012 3829 in
1067 3774 1177 3828 duo
1218 3773 1544 3840 divisionem
1590 3790 1604 3826 :
1640 3773 2081 3841 quandoquidem
2132 3787 2309 3841 neque

725 3870 947 3939 ltl'Olll‘itl
1004 3877 1200 3921 natura
1238 3866 1511 3935 corporis,
1547 3875 1601 3919 et
1636 3866 1853 3934 propria
1905 3877 2100 3919 natura
2134 3866 2309 3921 deitas

724 3960 1028 4013 secundum
1083 3973 1304 4012 carnem
1348 3958 1487 4013 :sed
1540 3967 1598 4011 ιιι
1635 3958 1796 4011 ltomo
1844 3973 1949 4010 una
1980 3967 2198 4023 natura,
2230 3959 2308 4013 sic

727 4055 891 4106 rtiuttt
927 4053 982 4105 in
1018 4050 1432 4106 similitudinem
1458 4049 1738 4103 hominum
1771 4052 1949 4105 factus
1976 4049 2250 4105 Christus.
2284 4068 2302 4099 ι

732 4144 1005 4211 Quoniam
1039 4145 1129 4198 hic
1156 4143 1319 4214 igitur
1355 4157 1510 4211 aeque
1537 4157 1599 4195 ac
1623 4142 1699 4195 illi
1728 4141 1990 4210 loquitur,
2022 4153 2311 4196 consenta-

732 4252 893 4290 nettm
927 4235 975 4288 ei
1010 4245 1154 4299 erat,
1183 4243 1241 4287 ut
1272 4242 1324 4289 et
1353 4248 1515 4287 uuam
1548 4241 1798 4287 naturam
1833 4234 1885 4287 in
1916 4231 2137 4288 Christo
2158 4235 2305 4288 dice-

734 4339 814 4379 ret
847 4342 911 4379 ex
949 4327 1215 4381 ambabus
1258 4328 1639 4395 compositam,
1684 4343 1750 4381 ne
1801 4331 1980 4381 minus
2018 4343 2178 4396 quam
2234 4327 2309 4381 illi

728 4435 958 4488 peccare
990 4421 1273 4473 videretur
1330 4438 1343 4473 :
1401 4434 1631 4488 quorum
1669 4421 1756 4474 hic
1788 4436 1977 4491 reapse
2036 4422 2311 4489 impietate

735 4529 802 4566 ac
840 4512 1177 4580 blasphemia
1202 4512 1485 4576 laborans,
1516 4527 1766 4581 Ittagnatn
1792 4514 1934 4564 illam
1963 4523 2016 4565 et
2053 4528 2311 4567 numero-

2409 3326 2705 3397 πρόσωπον
2743 3326 2881 3380 ἀλλά
2929 3330 2988 3379 τὸ
3012 3325 3107 3379 τοῦ
3137 3326 3303 3393 Θεοῦ,
3336 3325 3471 3379 Θεὸν
3502 3326 3563 3379 ἐν
3587 3328 3655 3398 τῇ
3688 3327 3843 3396 θεῖκῇ
3867 3325 3999 3397 δόξῃ

2408 3418 2783 3489 κηρύσσομεν.
2825 3438 2843 3471 ι
2881 3419 2994 3472 Καὶ
3021 3414 3214 3483 αὖθις·
3258 3437 3275 3470 ι
3311 3417 3375 3473 Et
3408 3419 3516 3489 γὰρ
3550 3421 3580 3472 ὁ
3607 3422 3671 3472 ἐκ
3700 3421 3802 3489 τῆς
3847 3420 4002 3491 Παρ-

2406 3511 2565 3563 θένου
2597 3506 2679 3575 εἷς
2703 3510 2910 3581 Κύριος
2950 3512 3305 3580 ὠνόμασται,
3348 3512 3445 3564 καὶ
3473 3512 3637 3575 αὐτός
3686 3513 3805 3564 ἐστι
3842 3513 3911 3566 δι’
3936 3506 4000 3565 οὗ

2406 3603 2475 3657 τὰ
2501 3604 2680 3656 πάντα
2705 3602 2922 3671 γέγονε,
2952 3602 3052 3673 μία
3074 3603 3240 3673 φύσις
3264 3604 3435 3669 ἐστὶν,
3469 3604 3662 3672 ἐπειδὴ
3702 3603 4001 3673 πρόσωπον

2407 3694 2466 3746 ἓν
2498 3695 2599 3747 οὐκ
2628 3693 2752 3764 ἕχον
2778 3695 2859 3755 εἰς
2883 3694 2977 3747 δύο
3018 3694 3286 3764 διαίρεσιν
3306 3711 3320 3725 ·
3347 3695 3472 3746 ἐπεὶ
3500 3692 3577 3764 μὴ
3610 3693 3666 3746 δὲ
3705 3693 3810 3746 ίδία
3836 3694 4002 3763 φύσις

2410 3785 2687 3854 σώματος,
2720 3784 2813 3837 καὶ
2847 3784 2955 3837 ἰδία
2988 3787 3153 3852 φύσις
3190 3786 3222 3853 ὴ
3255 3782 3448 3854 θεότης
3476 3784 3620 3837 κατὰ
3650 3784 3750 3854 τὴν
3780 3785 3997 3855 σάρκα-⁸

2407 3876 2523 3930 άλλ’
2551 3877 2627 3936 ὡς
2654 3876 2943 3947 ἄνθρωπος
2974 3877 3073 3948 μία
3108 3877 3294 3946 φύσις,
3317 3874 3488 3938 οὕτως
3524 3878 3619 3928 καὶ
3659 3879 3688 3929 ὁ
3710 3879 3766 3929 ἐν
3797 3878 4001 3947 ὁμοιώ-

2413 3985 2544 4039 ματι
2591 3968 2901 4039 ἀνθρώπων
2957 3970 3258 4039 γενόμενος
3307 3966 3567 4037 Χριστός.
3624 3987 3642 4017 ι
3702 3967 3858 4020 Ἐπεὶ
3905 3965 4002 4021 οῦν

2407 4061 2622 4124 τούτοις
2651 4059 3089 4130 συμφθέγγεται,
3123 4063 3421 4117 ἀκόλουθον
3442 4057 3511 4132 ἦν
3547 4060 3696 4137 αὐτῷ
3735 4064 3829 4114 καὶ
3870 4063 4003 4131 μίαν

2410 4153 2577 4221 φύσιν
2611 4153 2794 4221 λέγειν
2842 4155 3218 4225 συγκειμένην
3267 4154 3330 4220 ἐξ
3360 4157 3565 4224 ἀμφοῖν
3609 4155 3702 4206 ἐπὶ
3733 4152 3827 4207 τοῦ
3859 4155 4002 4225 Χρι-

2413 4246 2564 4309 στοῦ,
2605 4247 2694 4299 ἵνα
2748 4246 3245 4318 συνεξαμαρτάνων
3294 4250 3480 4312 αὐτοῖς
3530 4250 3598 4319 τῇ
3650 4249 3881 4318 ὰσεὸείᾳ
3922 4250 4003 4321 μὴ

2410 4337 2667 4408 καθυφῇ·
2719 4338 2929 4390 τούτων
2974 4338 3084 4408 γὰρ
3116 4338 3178 4391 τὸ
3219 4339 3385 4394 ἄθεον
3425 4338 3597 4402 ὅντως
3629 4340 3727 4393 καὶ
3758 4339 4005 4409 βλάσφη-

2416 4446 2516 4498 μον
2544 4429 2739 4492 νοσῶν,
2770 4428 2870 4499 τὴν
2915 4430 3162 4500 μεγάλην
3192 4430 3411 4499 ἐκείνην
3436 4432 3530 4484 καὶ
3570 4431 4005 4501 πολυάνθρωπον

2418 4520 2573 4590 ίεράν
2602 4520 2822 4574 σύνοδον
2858 4520 3125 4591 ἀθετῆσαι
3172 4522 3529 4586 ἐσπούδασεν,
3572 4522 3695 4591 ἥτις
3752 4523 3843 4574 τὸν
3873 4524 4005 4593 περὶ

725 4606 1005 4659 sissintatn
1031 4605 1251 4658 abolere
1275 4607 1471 4673 sategit
1495 4621 1707 4658 sacrati:
1732 4610 1993 4675 synodum
2029 4608 2166 4678 (54),
2189 4624 2297 4677 qua

2413 4612 2514 4681 τῆς
2550 4613 2693 4666 κατά
2726 4611 2963 4681 Χριστὸν
2994 4612 3348 4675 ὑποστάσεως
3396 4613 3492 4665 καὶ
3530 4612 3638 4665 τῶν
3684 4612 3806 4665 κατ’
3836 4612 4004 4666 αύ.ὸν

731 4697 1049 4750 uartrinam
1081 4697 1146 4749 de
1176 4696 1378 4751 Christi
1409 4697 1710 4767 hypostasi,
1730 4700 1901 4767 deque
1921 4699 2039 4766 ejus
2077 4701 2308 4765 naturis,

727 4790 916 4843 divino
951 4787 1162 4859 Spiritu
1217 4802 1461 4859 permota
1496 4792 1810 4854 edisseruit,
1844 4791 2043 4846 divina:
2086 4807 2310 4848 ωσυιιο-

731 4882 853 4933 Ittlal:
896 4883 1217 4951 mysterium
1253 4881 1598 4937 manifestius
1649 4882 1804 4937 nobis
1847 4893 1900 4936 et
1942 4882 2145 4937 clarius
2175 4900 2315 4954 pta:-

728 4971 936 5025 dicatis.

802 5063 1014 5117 Etenim
1074 5061 1251 5131 primo
1286 5061 1827 5116 anitnadvertemlnm
1885 5075 1968 5119 cst
2008 5065 2313 5121 Mantonaut

732 5156 820 5210 hic
867 5172 933 5210 ex
1000 5154 1212 5209 duabus
1265 5168 1385 5208 esse
1441 5152 1724 5207 Christum
1784 5158 1998 5210 naturis
2050 5156 2310 5221 deﬁnire;

729 5250 918 5302 nescio
970 5249 1153 5303 hercle
1185 5263 1293 5315 quo
1339 5246 1484 5313 jure,
1540 5250 1630 5315 qui
1684 5263 1750 5301 ne
1801 5263 1961 5301 unam
2014 5250 2228 5318 quidem
2265 5252 2312 5303 ei

730 5340 970 5395 formam
1000 5340 1163 5408 paulo
1187 5351 1313 5393 ante
1344 5339 1706 5393 concedebat.
1734 5342 1986 5394 Attamen
2025 5340 2079 5395 iu
2104 5340 2314 5396 duabus

730 5446 854 5488 esse
879 5433 1091 5486 naturis
1114 5432 1357 5485 nondum
1380 5429 1663 5485 Christum
1690 5433 1796 5486 dici
1820 5434 1888 5485 ab
1909 5447 1974 5487 eo
1996 5444 2144 5502 patet
2174 5433 2290 5503 (55)

808 5635 922 5705 (53)
964 5635 1019 5688 In
1045 5636 1232 5688 emlice
1262 5643 1347 5688 est
1393 5634 1793 5703 συγκρίματος.
1834 5634 1937 5688 Sed
1986 5649 2083 5703 ego
2136 5635 2315 5689 tnaliut

738 5708 1149 5779 auyzpdpazo;
1239 5755 1242 5758 .

807 5773 920 5848 (5i)
944 5773 1185 5850 Intellige
1206 5777 1476 5850 synodum
1506 5775 2025 5831 Chalcedoncnsmn.
2048 5773 2142 5831 Vel
2167 5788 2316 5833 certe

734 5845 917 5909 reiole
953 5862 1075 5911 can,
1111 5845 1169 5919 (ᾗ,
1197 5845 1249 5918 p;
1288 5845 1373 5900 t7.

2414 4705 2633 4773 φύσεων
2682 4704 2862 4773 λόγον,
2903 4703 3034 4774 θείῳ
3068 4704 3349 4777 Πνεύματι
3404 4704 3742 4775 κεκινημένη
3786 4704 4004 4773 διετρά-

2414 4814 2590 4861 νωσε,
2639 4797 2976 4868 σαφέστερον
3026 4798 3121 4852 καὶ
3169 4798 3527 4868 ἐκδηλότερον
3576 4799 3639 4851 τὸ
3685 4798 3787 4867 τῆς
3847 4796 4006 4861 θείας

2413 4888 2729 4958 οἰκονομίας
2756 4889 3055 4960 μυστήριον
3084 4891 3219 4959 ἡμῖν
3244 4888 3644 4961 διακηρύξασχ.

2490 5069 2828 5139 Προσεκτέον
2854 5070 2963 5141 γὰρ
3001 5070 3292 5141 πρότερον,
3326 5070 3411 5123 ὅτι
3442 5074 3506 5123 ἐκ
3528 5069 3625 5123 δύο
3662 5070 3762 5141 μὲν
3787 5070 4007 5138 φύσεων

2421 5159 2659 5215 ἐνταῦθα
2693 5160 3016 5232 δογματίζει
3055 5162 3149 5216 τὸν
3190 5163 3429 5235 Χριστόν
3451 5179 3464 5192 ·
3508 5163 3611 5216 οὐκ
3648 5158 3745 5217 οἷδ’
3775 5164 3946 5229 ὅπως,
3981 5168 4011 5219 ἐ

2424 5253 2703 5323 μηδεμίαν
2744 5254 2896 5325 αύτῴ
2952 5255 3171 5326 μορφὴν
3218 5255 3325 5325 πρὸ
3408 5254 3609 5325 μικροῦ
3681 5252 4009 5324 συγχωρῶν-

2434 5344 2524 5397 Ἐν
2571 5343 2694 5397 δυσὶ
2735 5345 2792 5399 δέ
2835 5346 2999 5400 αὐτὸν
3055 5347 3304 5415 φύσεσιν,
3352 5346 3606 5415 οὐδαμῶς
3649 5347 3787 5407 τέως
3836 5344 4014 5400 εἰπὼν

2425 5437 2697 5506 φαίνεται.
2732 5440 2823 5511 Μή
2855 5442 2974 5493 ποτ’
3006 5438 3097 5495 οὖν
3130 5438 3409 5493 κάνταῦθα
3436 5438 3579 5491 κατὰ
3602 5439 3726 5501 τοὺς
3754 5438 4020 5493 διδασκά-

2499 5639 2611 5710 (55)
2648 5640 3002 5695 Notissiuuuu
3034 5651 3117 5696 est
3144 5640 3550 5711 Monophysitas
3577 5638 4010 5694 orthodoxorum

2426 5714 2765 5779 argumentis
2796 5717 3100 5773 convii-tos,
3131 5716 3306 5765 adhuc
3341 5710 3607 5779 rel'ugitttn
3638 5710 3767 5762 illud
3805 5713 4011 5777 quaesi-

2422 5785 2569 5835 visse
2596 5795 2653 5836 ιιι
2675 5785 2921 5837 dicerent
2949 5785 3226 5836 Christum
3254 5798 3418 5835 unum
3446 5780 3741 5835 exdnabus
3772 5784 4011 5845 naturis,

2420 5867 2528 5906 non
2584 5862 2762 5907 tamen
2824 5854 2876 5907 itt
2908 5854 3137 5908 duabus.
3182 5850 3237 5907 Id
3273 5860 3454 5908 autem
3511 5862 3623 5905 tum
3674 5864 3816 5919 sape
3854 5850 4009 5919 alibi,
