4238 6446
237 396 335 463 301

955 387 1581 455 ΑΝΤΙΠΙῖΙΙΕΤῖΕΗΞ
1634 393 1660 451 Ι
1702 393 1869 452 ΛΙΪΝ.
1913 391 2506 453 CONSTANTINUM
2545 391 2758 453 COPR.

3388 394 3497 469 302

242 511 362 574 λους
384 507 571 574 αὐτοῦ,
615 507 704 561 διὰ
732 508 833 577 τὴν
867 509 997 577 μίαν
1028 507 1348 573 ὑπόστασιν,
1375 507 1467 559 καὶ
1500 506 1595 569 τὰς
1626 504 1815 573 φύσεις
1846 515 1890 566 Α

1846 515 1890 566 Α
1925 503 2067 557 Num
2126 520 2257 573 ergo
2314 503 2400 557 hic
2459 518 2700 572 quoque,
2775 503 2929 572 juxta
2988 504 3280 576 magistros
3338 521 3495 578 suos,

243 602 468 673 συγχεῖ;
519 600 579 652 τὸ
623 599 731 671 γὰρ
778 598 1155 671 περιγραπτὸν
1201 597 1506 670 περιελὼν,
1547 596 1804 667 δηλοῦται

242 690 334 745 καὶ
356 692 455 754 τὰς
485 689 678 753 λονπάς
707 688 807 759 τῆς
833 688 1036 760 σαρκὸς
1059 688 1497 759 ἁπαναινόμενος
1527 686 1814 757 διαφοράς.

253 780 310 833 '0
336 780 394 833 δὲ
425 778 584 832 τοῦτο
623 779 819 846 λέγων,
865 778 986 831 οὐδὲ
1029 777 1127 841 τὰς
1153 777 1428 845 τῆςοθείας
1464 777 1680 845 φύσεως
1718 793 1817 845 (ρυ-

241 870 389 935 λάξει
423 872 842 941 ἰδιότηταςκαὶ
874 869 1001 924 οὔτε
1048 868 1434 941 περιγραπτὴν
1466 867 1588 921 οὔτε
1619 866 1819 937 ἀπερί-

243 980 488 1033 γραπτον
535 964 634 1033 τὴν
683 962 777 1015 τοῦ
820 964 1028 1034 Κυρίου
1076 962 1376 1015 ὑπόστασιν
1427 961 1671 1027 δέξεται·
1709 977 1820 1012 τοι·

243 1054 398 1116 οὗτος
424 1056 535 1126 γὰρ
558 1055 587 1107 ό
611 1055 710 1125 τῆς
738 1055 1055 1124 συγχύσεως
1085 1056 1285 1126 τρόπος
1306 1071 1320 1084 ·
1346 1053 1457 1106 οὐδ’
1481 1052 1742 1122 ὁπότερόν
1770 1069 1821 1104 τι

242 1146 351 1201 τῶν
384 1146 682 1217 ἠνωμένων
709 1146 983 1200 δείκνυσιν
1008 1145 1319 1217 εἰλικρινῶς
1344 1145 1424 1210 ὃν,
1464 1145 1550 1197 ’ἐτε
1562 1161 1653 1215 ρον
1680 1143 1737 1195 δέ
1769 1161 1821 1194 τι

244 1244 527 1300 ἀποτελῶν
569 1244 645 1307 ὡς
695 1245 763 1298 τὰ
802 1245 1264 1316 συνεφθαρμένα·
1323 1244 1467 1299 καθὰ
1503 1243 1662 1297 τοῦτο
1721 1243 1822 1297 ἴδοι

243 1355 327 1400 τις
344 1337 442 1390 καὶ
464 1336 558 1390 ἐπὶ
583 1338 683 1407 τῆς
728 1337 835 1390 τῶν
869 1338 1088 1406 τηκτῶν
1123 1337 1435 1408 λεγομένων
1473 1335 1787 1406 συγχύσεως
1806 1376 1820 1396 ,

245 1431 340 1483 καὶ¹
365 1434 469 1499 τῆς
501 1431 609 1482 τῶν
647 1430 989 1500 μεταλλικῶν
1014 1429 1263 1493 ὲνώσεως
1283 1443 1296 1457 ·
1328 1430 1427 1499 οὐχ
1454 1423 1614 1499 ἦττον
1639 1427 1695 1480 δὲ
1729 1428 1825 1479 καὶ

247 1524 335 1576 ἐπὶ
355 1524 464 1577 τῶν
487 1523 628 1576 κατὰ
655 1524 755 1595 τὴν
780 1523 1033 1596 ἰατρικὴν
1059 1520 1460 1591 συντιθεμένων
1494 1519 1821 1589 φαρμάκων,

246 1616 325 1669 ἔτι
353 1616 450 1668 καὶ
475 1615 566 1669 ἐπὶ
590 1616 689 1687 τῆς
717 1615 824 1669 τῶν
861 1616 1143 1685 στοιχείων
1173 1613 1315 1667 κατὰ
1343 1613 1410 1666 τὰ
1439 1612 1670 1683 σώματα
1703 1629 1825 1663 συν-

246 1707 488 1776 δρομῆς·
521 1706 600 1770 ὡς
636 1706 791 1760 οὐδὲν
826 1705 1087 1777 καθαρῶς
1135 1708 1306 1768 ἐστιν,
1354 1704 1479 1757 οὔτε
1523 1704 1631 1774 γάρ
1662 1703 1824 1773 μόνον

246 1798 357 1869 πῦρ
386 1799 560 1860 ἐστιν,
591 1796 716 1851 οὔτε
744 1798 839 1867 γῆ,
877 1794 1002 1849 οὔτε
1032 1814 1085 1848 τι
1128 1795 1239 1848 τῶν
1273 1794 1472 1849 ἄλλων.
1528 1794 1609 1847 Τὰ
1644 1810 1821 1863 παρα-

1923 605 2143 665 propter
2171 612 2334 649 unum
2375 596 2711 667 hypostasim
2747 608 2971 651 naturas
3013 598 3223 667 pariter
3263 595 3495 653 couinno

1924 688 2042 743 dit?
2072 690 2207 744 Dum
2245 688 2387 743 enim
2443 689 3011 759 circumscriptionem
3059 692 3257 755 anfett,
3289 704 3501 747 cnttslztl

1922 795 2044 835 eum
2091 791 2318 835 caeteras
2355 795 2574 851 quoque
2625 782 2809 837 carnis
2865 780 3203 840 dill‘erentias
3276 800 3496 856 negare.

1926 869 2094 925 Porro
2121 871 2213 939 qui
2239 873 2317 927 sic
2342 872 2604 941 loquitur,
2640 872 2687 927 is
2718 889 2785 927 ne
2816 875 3013 929 divinte
3046 876 3261 943 quidem
3292 890 3501 932 natura:

1925 965 2285 1031 proprietates
2336 965 2616 1027 servabit,
2670 976 2717 1015 et
2771 982 2948 1033 neque
3000 968 3499 1039 circumscriptam,

1926 1068 2102 1124 neque
2133 1055 2668 1126 ineircnmscriptam
2697 1058 2908 1112 Homini
2941 1060 3276 1130 Itypostasim
3302 1065 3499 1117 admit-

1930 1156 2044 1213 tet;
2080 1148 2149 1202 ita
2174 1151 2321 1201 enim
2356 1147 2462 1202 fert
2490 1149 2830 1204 confusionis
2860 1154 3036 1218 ratio;
3070 1170 3246 1223 neque
3287 1166 3503 1209 utrum-

1928 1238 2058 1293 libet
2083 1241 2358 1294 unitorunt
2388 1241 2635 1296 absolute
2657 1258 2752 1310 per
2770 1259 2826 1297 sc
2849 1243 3115 1300 exsistens
3138 1247 3499 1311 demonstrat;

1928 1333 2023 1386 sed
2060 1333 2208 1386 aliud
2246 1334 2431 1389 nescio
2464 1335 2589 1401 quid
2624 1336 2867 1402 exhibet,
2917 1348 2973 1391 ut
3009 1338 3066 1391 fit
3108 1340 3159 1393 in
3193 1342 3502 1410 corruptio-

1928 1424 2124 1489 nibus;
2182 1424 2344 1478 veluti
2391 1441 2618 1481 cernere
2664 1428 2789 1482 licet
2820 1431 2869 1482 in
2926 1430 3251 1499 liquidorum
3310 1433 3506 1488 confu-

1927 1513 2099 1576 sione,
2134 1528 2198 1568 ac
2230 1516 2571 1569 metallorum
2618 1532 2904 1588 compage,
2956 1520 3197 1589 itemque
3240 1523 3290 1575 in
3335 1525 3506 1576 medi—

1928 1602 2187 1657 cinalium
2220 1608 2640 1674 compositione,
2673 1617 2729 1662 et
2754 1610 2991 1679 denique
3020 1613 3071 1665 in
3109 1613 3502 1668 elementorum

1931 1696 1995 1747 ad
2047 1710 2281 1765 corpora
2334 1698 2673 1753 conficienda
2729 1714 3038 1769 concursu;
3094 1703 3145 1757 in
3181 1705 3379 1774 quibus
3431 1707 3507 1760 nil

1931 1801 2128 1853 purum
2165 1797 2270 1855 est,
2308 1804 2414 1843 non
2446 1789 2604 1860 ignis,
2641 1807 2745 1845 non
2790 1800 2957 1857 terra,
3013 1810 3117 1848 non
3150 1798 3298 1852 aliud
3332 1802 3506 1867 quod-

246 1857 666 1961 nlqota‘Bé—xaﬁ.
695 1857 833 1959 περὶ
853 1888 962 1940 τῶν
994 1886 1197 1941 διπλῶν
1229 1885 1525 1957 ἐνεργειῶν
1554 1885 1663 1938 τῶν
1686 1857 1825 1937 κατὰ
1862 1857 1898 1908 Β

1862 1857 1898 1908 Β
1931 1876 2081 1930 libet.
2117 1876 2273 1932 Paria
2306 1857 2531 1933 omnino
2573 1882 2662 1936 hic
2703 1892 2891 1938 noster
2925 1886 2989 1940 de
3019 1885 3230 1943 duabus
3288 1857 3506 1960 quoque

246 1979 483 2050 Χριστὸν
518 1979 913 2048 θεωρουμένων
957 1977 1270 2049 πεφρόνηκέ
1304 1994 1407 2029 που
1440 1977 1679 2039 πάντως.
1727 1974 1827 2028 Διὰ

245 2072 344 2142 τὴν
376 2071 507 2141 μίαν
537 2072 644 2141 γὰρ
674 2070 995 2133 ὑπόστασιν,
1034 2070 1128 2122 καὶ
1166 2069 1297 2139 μίαν
1325 2068 1610 2139 ἐνέργειαν
1651 2067 1826 2120 ἐδίδου

244 2164 345 2217 ἄν’
378 2161 619 2233 δειχθείη
674 2162 730 2214 δὲ
759 2161 851 2214 καὶ
877 2159 1051 2224 οὓτως
1079 2164 1192 2223 τοῖς
1228 2161 1327 2228 τῆς
1365 2159 1681 2229 συγχύσεως
1733 2160 1828 2212 καὶ

244 2256 521 2325 δοκήσεως
536 2254 1009 2325 καθηγησαμένοις
1028 2254 1288 2323 ἑπόμενος
1303 2252 1661 2314 διδασκάλοις.
1680 2250 1829 2304 Καθ-

242 2347 391 2419 άπερ
422 2349 532 2417 γάρ
581 2348 780 2399 ἐκεῖνοι
808 2346 909 2415 τῆς
956 2344 1050 2399 τοῦ
1080 2344 1316 2417 ἀριθμοῦ
1337 2344 1526 2407 δυάδος
1553 2341 1826 2405 δυσσεϐῶς

244 2439 339 2490 καὶ
384 2437 677 2505 κακοήθως
716 2434 1175 2507 ὲπιδραξάμενοι,
1224 2435 1283 2487 ὃν
1313 2436 1362 2486 οἱ
1402 2435 1501 2503 τῆς
1544 2432 1827 2496 εὐσεϐείας

243 2530 340 2583 καί
361 2528 458 2581 τοῦ
485 2528 649 2599 όρθοῦ
682 2528 1087 2598 προεστηκότες
1121 2526 1302 2595 λόγου,
1338 2527 1431 2579 ἐπὶ
1460 2524 1569 2578 τῶν
1600 2524 1692 2577 δύο
1724 2524 1825 2593 φό-

244 2639 392 2676 σεων
426 2621 669 2685 εὐσεϐῶς
712 2623 1071 2693 ἐπρέσϐευον,
1117 2620 1212 2674 καὶ
1237 2615 1357 2673 εἶτα
1392 2619 1467 2682 ὡς
1493 2616 1665 2671 αἴτιον
1688 2616 1828 2670 διαι-

242 2715 456 2785 ρέσεως
487 2714 587 2784 τῆς
622 2715 766 2768 κατὰ
795 2711 1031 2784 Χριστὸν
1077 2713 1430 2775 ὑποστάσεως
1467 2711 1827 2782 προάγοντες,

242 2808 320 2871 ὡς
350 2807 385 2876 ἦ
416 2807 512 2861 δύο
545 2807 812 2876 πρόσωπα
832 2804 922 2858 διὰ
946 2804 1041 2867 τὰς
1077 2802 1270 2873 φύσεις
1296 2802 1640 2870 εἰσάγεσθαι,
1682 2802 1716 2873 ἢ
1741 2802 1827 2854 διὰ

242 2897 303 2951 τὸ
333 2897 396 2950 ἓν
435 2896 751 2967 πρόσωπον,
794 2896 925 2965 μίαν
960 2896 1017 2961 ἐξ
1064 2894 1312 2964 ἀνάγκης
1355 2893 1519 2962 φύσιν
1549 2892 1825 2956 δίδοσθαι,

237 2987 394 3045 οὕτω
422 2990 518 3042 καὶ
556 2982 712 3052 οὗτος
756 2991 820 3060 τῇ
863 2988 959 3042 τοῦ
1016 2990 1433 3058 ἀπεριγράπτου
1482 2990 1829 3059 προσπλεκό-

242 3097 415 3151 μενος
439 3080 773 3146 λέξει,δοκεῖ
804 3080 1014 3151 βαθέως
1059 3082 1154 3133 καὶ
1186 3082 1327 3150 ἄγαν
1373 3080 1827 3147 κατασκευάζειν,

1930 1971 2369 2036 operationibus,
2391 1988 2510 2040 qnze
2539 1974 2591 2027 in
2627 1973 2845 2029 Chrism
2884 1987 3219 2045 spectantur,
3240 1984 3507 2051 opinaba-

1932 2069 2037 2115 tnr.
2075 2060 2288 2114 Etenim
2318 2078 2436 2115 cum
2465 2080 2571 2117 una
2612 2066 2917 2136 hypoStasi,
2945 2084 3107 2122 unam
3137 2074 3342 2140 pariter
3373 2092 3505 2144 ope-

1928 2152 2195 2207 rationem
2228 2153 2334 2224 55
2364 2155 2695 2210 attribucbat
2724 2168 2922 2228 :atqne
2944 2162 3016 2214 ita
3044 2162 3502 2221 confusaneorum

1928 2255 1983 2297 et
2029 2246 2345 2300 docetarum
2399 2251 2692 2316 tramitem,
2734 2255 3111 2326 magistrorum
3145 2275 3392 2330 Suarum,
3423 2279 3509 2320 se-

1929 2337 2067 2390 ctari
2100 2351 2222 2390 eum
2259 2350 2503 2408 apparet.
2543 2341 2699 2397 Sicut
2738 2347 2882 2399 enim
2935 2347 3011 2401 illi
3050 2350 3362 2408 dnalitatctn
3402 2372 3505 2410 nu-

1933 2427 2064 2481 meri
2095 2429 2400 2499 irreligiose
2429 2433 2810 2503 malitioseque
2840 2438 3133 2507 arripiunt,
3174 2460 3337 2510 quam
3362 2460 3506 2499 verm

1932 2507 2216 2589 religionis
2252 2534 2523 2595 rectmqne
2565 2529 2826 2583 doctrina:
2858 2531 3174 2588 defensores
3199 2537 3263 2591 de
3296 2538 3507 2594 duabus

1932 2612 2139 2667 naturis
2163 2616 2249 2681 pie
2276 2614 2577 2681 affirmant;
2605 2627 2767 2689 atque
2799 2623 2939 2676 hanc
2974 2624 3167 2681 deinde
3190 2629 3504 2685 dualitatem

1930 2720 2028 2759 ceu
2064 2706 2367 2762 dividenda:
2397 2708 2604 2764 Christi
2642 2712 2999 2781 hyp‘ostaseos
3030 2734 3252 2774 causam
3302 2725 3508 2791 produ-

1930 2807 2082 2862 cunt,
2121 2808 2178 2851 ut
2218 2800 2303 2854 vel
2337 2802 2472 2856 duas
2520 2817 2783 2870 personas
2830 2806 2900 2861 ob
2946 2818 3168 2866 naturas
3220 2814 3505 2882 invehant,

1932 2892 2015 2948 vel
2047 2893 2116 2947 ob
2158 2910 2320 2948 unam
2353 2909 2641 2965 personam
2673 2898 2886 2953 unicam
2915 2906 3228 2961 necessario
3255 2920 3505 2963 naturam

1932 2995 2209 3049 statuant;
2258 2988 2327 3039 ita
2391 2989 2557 3041 etiam
2640 2990 2727 3042 hie
2803 3008 2988 3048 nOSter
3044 2996 3505 3071 incircumscripti

1934 3078 2218 3132 adluerens
2246 3079 2532 3145 vocabulo,
2560 3082 2773 3133 videtur
2791 3084 3029 3151 graviter
3048 3086 3508 3161 vehementerque

240 3172 321 3236 ὡς
357 3172 394 3244 ἢ
429 3170 760 3242 διαιρεῖσθαι
793 3172 883 3226 διὰ
928 3171 1133 3241 ταύτην
1160 3175 1254 3225 καὶ
1292 3174 1392 3243 τὴν
1439 3172 1536 3225 τοῦ
1590 3173 1827 3244 Χριστοῦ
1856 3198 1899 3254 C

1856 3198 1899 3254 ο
1936 3170 2147 3228 conari,
2180 3178 2239 3223 ut
2265 3171 2347 3224 vel
2402 3186 2500 3239 per
2537 3173 2635 3226 hoc
2662 3171 2867 3228 Christi
2911 3176 3242 3246 hypostasim
3278 3183 3504 3246 dividat,

241 3262 577 3326 ὑπόστασιν,
620 3263 653 3332 ἢ
684 3262 781 3316 καὶ
812 3261 903 3314 τὸν
936 3262 1096 3329 λόγον
1124 3265 1190 3333 τῇ
1231 3266 1405 3333 σαρκὶ
1440 3265 1825 3336 συμπεριγρά-

238 3354 469 3422 φεσθαι.
492 3355 646 3425 Ἔχει
675 3356 785 3424 γὰρ
808 3354 877 3407 τὰ
908 3355 1230 3425 senape”
1259 3355 1434 3420 οὓτως
1458 3376 1469 3388 .

316 3516 440 3581 μα’.
482 3529 501 3562 ι
554 3510 695 3562 Ἀλλ’
742 3510 901 3580 ﬁmi
964 3509 1025 3564 τὸ
1069 3509 1213 3563 θεῖον
1265 3510 1825 3582 συμπεριγράφεσθαι

236 3602 360 3672 ἔχει
392 3603 455 3655 ἐν
495 3605 562 3673 τῇ
593 3602 765 3655 εἰκόνι
807 3602 1015 3672 ἐκείνῃ,
1050 3601 1232 3665 καθώς
1260 3603 1410 3655 εστιν
1442 3605 1471 3655 ὁ
1498 3602 1733 3672 Χριστὸς
1764 3604 1830 3653 ἐκ

233 3692 602 3765 διπλότητος,
653 3692 687 3763 ἢ
727 3692 884 3761 ψιλὸν
923 3692 1085 3763 μόνον
1128 3691 1417 3762 ἄνθρωπον
1452 3691 1693 3745 νοεῖσθαι
1740 3693 1830 3744 τὸν

234 3786 508 3855 Χριστὸν,
559 3786 651 3836 καὶ
683 3784 972 3849 εἰκονιζειν
1005 3785 1169 3837 αὐτὸν
1195 3785 1391 3849 οὕτως,
1436 3785 1573 3838 καθὸ
1603 3788 1635 3854 ἡ
1665 3784 1829 3837 εἰκὼν

232 3874 553 3946 προσώπου
600 3875 749 3927 ἐστὶν
795 3873 980 3938 εἰκὼν,
1026 3874 1211 3927 καὶτὸ
1250 3874 1393 3927 θεῖόν
1444 3876 1592 3927 ἐστιν
1638 3875 1831 3943 ἀπερί-

232 3985 485 4041 γραφον.
528 3985 547 4017 ι
589 3967 714 4029 Πῶς
763 3966 925 4019 τοῦτο
960 3966 1132 4032 λέγει,
1171 3966 1273 4020 κᾶν
1307 3966 1406 4039 ἔχῃ
1439 3966 1653 4035 φύσεως
1688 3966 1831 4019 οὕτω

230 4063 293 4114 τὸ
326 4062 598 4133 πρᾶγμα,
626 4059 731 4111 κᾶν
762 4059 870 4129 μή;
925 4058 1090 4111 Ἀλλὰ
1132 4058 1303 4111 ταῦτα
1338 4058 1458 4128 μὲν,
1487 4058 1563 4121 ὡς
1588 4058 1734 4110 δοκεῖ
1765 4060 1830 4127 τῇ

235 4154 623 4224 ματαιότητι,
652 4152 1001 4221 τυραννικῶς
1031 4134 1427 4218 ἁποᾎαίνεται,
1472 4150 1651 4204 οὐδενὶ
1688 4150 1831 4219 λόγῳ

230 4247 339 4318 τῆς
393 4244 664 4316 ἀληθείας
715 4244 1004 4314 συνηγόρῳ
1059 4242 1362 4314 χρώμενος.
1425 4243 1588 4312 Ἡμῖν
1629 4242 1685 4295 δὲ
1739 4244 1833 4294 καὶ

235 4335 443 4408 μικρῷ
498 4335 736 4405 πρόσθεν
781 4336 911 4403 περὶ
951 4335 1142 4387 τούτου
1185 4333 1284 4386 σὺν
1337 4332 1566 4403 ἀληθείᾳ.
1612 4334 1832 4401 εἴρηται

229 4428 361 4498 ἤδη,
392 4426 479 4488 ὡς
508 4427 538 4478 ό
573 4424 713 4486 θεῖος
743 4424 919 4491 Λόγοςί
952 4422 1121 4495 μηδὲν
1151 4421 1410 4491 πεφυκὼς
1457 4424 1704 4492 πάσχειν,
1736 4425 1830 4475 καὶ.

229 4522 290 4571 ἐν
335 4517 567 4586 σώματι
598 4516 891 4585 γενόμενος
912 4557 926 4578 ,
981 4514 1199 4603 ἀπαθής
1239 4531 1300 4583 γε
1352 4515 1506 4567 οὐδὲν
1538 4511 1702 4584 ἦττον
1734 4532 1830 4583 με-
1864 4548 1907 4603 D

231 4612 493 4683 μένηκε,
548 4611 643 4663 καὶ
684 4609 792 4661 τῶν
845 4608 968 4677 εἰκῆ
996 4597 1471 4678 πεερλυαρημένων
1519 4606 1830 4695 όλοτρόρτως

229 4706 580 4777 ἀπείρατος.
636 4702 747 4755 Καὶ
799 4700 895 4753 νῦν
947 4699 1005 4752 δὲ
1065 4699 1155 4751 διὰ
1214 4698 1463 4769 βραχέων
1526 4698 1827 4769 εἰρήσεται.

224 4796 493 4851 Λεκτέον
511 4794 639 4864 γὰρ,
661 4793 744 4845 ὅτι
765 4792 827 4845 οὐ
853 4792 1011 4862 μόνον
1033 4791 1497 4861 περιγραφομένῳ
1515 4789 1593 4854 τῷ
1618 4788 1828 4858 σώματι

222 4890 253 4941 ὁ
283 4887 477 4952 Λόγος
525 4883 589 4936 οὐ
616 4883 1214 4954 συμπεριγραφήσεται
1237 4923 1251 4946 ,
1289 4880 1403 4934 ἀλλ’
1438 4880 1559 4933 οὐδὲ
1587 4882 1646 4932 ὲν
1677 4881 1827 4951 αὐτῷ

221 4978 307 5050 τῷ
343 4978 583 5046 σώματι
641 4974 882 5043 γεγονὼς
913 4976 1393 5047 περιγέγραπται,
1428 4973 1605 5027 καίτοι
1638 4974 1834 5026 οὐσιω-

220 5070 359 5135 δῶς,
403 5070 514 5123 καὶ
562 5067 904 5130 ἀδιαστὰτως
938 5067 1087 5138 αὐτῴ
1133 5066 1488 5135 συνημμένῳ.
1536 5066 1646 5118 Καὶ
1674 5062 1833 5116 τοῦτο

218 5158 392 5233 οἶμαι
433 5159 638 5230 μηδενὶ
664 5159 986 5228 ἠγνοῆσθαι,
1019 5159 1073 5213 sl!
1095 5176 1148 5211 τι
1194 5158 1448 5211 πειστέον
1512 5161 1626 5221 τοίς
1659 5157 1829 5224 εὐαγ-

218 5250 637 5321 γελισαμένοις
672 5251 804 5319 ἡμῖν
838 5251 905 5302 τὰ
936 5251 1029 5302 ἐπὶ
1056 5253 1122 5320 τῇ
1162 5250 1281 5320 θείᾳ
1306 5249 1671 5318 πεπραγμένα
1696 5264 1829 5314 συγ-

220 5345 585 5402 καταῦάσει.
641 5342 765 5407 Πῶς
810 5343 920 5414 γὰρ
962 5321 1260 5415 ἀληθεύσει
1289 5346 1317 5396 ὁ
1364 5342 1535 5413 μέγας
1574 5341 1827 5409 Ἰωάννης

218 5445 288 5513 τῇ
348 5435 608 5508 ἀληθείᾳ
664 5436 959 5507 μαρτυρῶν
1003 5438 1097 5489 καὶ⁸
1149 5437 1362 5505 λέγων·
1419 5433 1619 5499 Μέσος
1663 5433 1831 5501 ὑμῶν

216 5536 516 5603 ἕστηκεν
549 5528 622 5581 ὃν
651 5528 819 5597 ὑμεῖς
848 5532 957 5582 οὐκ
1002 5528 1232 5594 οἴδατε,
1268 5529 1359 5582 τὸν
1392 5526 1545 5581 οὔπω
1583 5526 1829 5597 παρόντα

1934 3259 2018 3311 vel
2055 3260 2219 3313 etiam
2275 3260 2508 3315 Verbum
2553 3278 2678 3315 cum
2716 3278 2879 3318 carne
2907 3269 3340 3325 circumscribat.
3370 3270 3505 3326 Nam

1932 3367 2051 3421 qua:
2079 3353 2247 3416 addit,
2284 3354 2352 3406 ita
2376 3368 2434 3406 se
2460 3337 2694 3409 habent:

2004 3511 2093 3563 41.
2134 3529 2151 3561 ι
2197 3510 2303 3563 Sed
2338 3509 2419 3564 vel
2451 3509 2707 3564 deitatem
2742 3512 2944 3580 pariter
2976 3515 3349 3570 circumst-ribi
3375 3534 3507 3572 nsu-

1932 3603 2151 3656 venitin
2177 3604 2265 3655 illa
2302 3603 2476 3665 icone,
2515 3614 2783 3671 quatenus
2820 3605 3071 3660 Christus
3103 3622 3168 3662 ex
3196 3612 3508 3678 dnpl‘cisate

1931 3695 2187 3759 exsistit;
2262 3695 2346 3749 vel
2403 3696 2703 3765 simplicem
2797 3700 3172 3752 tantummodo
3234 3703 3511 3759 hominem

1934 3785 2212 3839 Christum
2243 3785 2491 3853 intelligi,
2517 3795 2682 3855 atque
2710 3786 2781 3839 ita
2810 3802 2930 3841 eum
2962 3787 3212 3858 figurari;
3239 3802 3508 3860 quatenus

1936 3876 2056 3928 icon
2099 3885 2181 3928 est
2232 3888 2479 3942 personae
2540 3874 2692 3941 icon;
2750 3886 2803 3929 et
2850 3877 3023 3930 deitas
3068 3888 3152 3932 est
3211 3874 3508 3937 incircum-

1935 3967 2160 4035 scripta.
2200 3984 2219 4012 ι
2264 3966 2544 4033 Quomodo
2598 3968 2697 4020 hoc
2752 3968 2923 4023 dicit?
2977 3971 3091 4024 sive
3148 3972 3198 4025 id
3232 3976 3505 4043 negotium

1937 4058 2258 4113 naturaliter
2312 4059 2381 4112 ita
2420 4074 2478 4112 se
2532 4060 2748 4125 habeat,
2810 4061 2924 4115 sive
2959 4076 3138 4120 secus.
3201 4064 3307 4119 Sed
3361 4069 3507 4121 enim

1937 4152 2071 4215 haec,
2116 4159 2272 4219 prout
2300 4164 2410 4204 suae
2440 4150 2572 4205 libet
2625 4150 2893 4218 stultitiae,
2949 4154 3228 4222 tyrannice
3265 4172 3509 4226 pronun-

1937 4244 2056 4303 tiat,
2118 4241 2263 4294 nullo
2324 4253 2646 4309 argumento
2698 4244 2913 4297 veritati
2975 4245 3192 4301 favente
3260 4251 3508 4306 uteus.A

1936 4332 2089 4385 nobis
2140 4343 2319 4386 autem
2382 4332 2540 4400 paulo
2590 4334 2753 4387 etiam
2808 4344 2953 4390 retro
3010 4337 3079 4391 de
3131 4337 3235 4391 bac
3283 4355 3340 4393 re
3383 4355 3510 4392 vere

1936 4424 2137 4477 dictum
2186 4423 2305 4486 fuit,
2359 4438 2553 4492 nempe
2583 4426 2724 4492 quod
2766 4425 2998 4480 Verbum
3034 4426 3274 4481 divinum
3314 4443 3508 4484 natura

1937 4531 2032 4569 sua
2086 4514 2440 4583 impossibile.
2489 4517 2658 4569 etiam
2699 4530 2929 4586 corpore
2962 4528 3263 4589 assumpto,
3317 4523 3512 4577 nihilo-

1942 4607 2120 4659 minus
2156 4605 2491 4674 impassibile
2546 4607 2765 4670 mansit,
2802 4618 2855 4661 et
2909 4610 3099 4662 horum
3132 4626 3255 4679 qua;
3306 4612 3507 4668 frustra

1939 4700 2279 4761 dictitantnr,
2342 4714 2568 4768 prorsus
2618 4715 2837 4770 expers.
2895 4701 3048 4768 Quod
3098 4719 3243 4758 nunc
3292 4719 3510 4775 quoque

1938 4789 2179 4843 breviter
2216 4798 2542 4859 repetemus.
2575 4790 2870 4845 Dicendum
2904 4802 2988 4846 est
3032 4794 3176 4848 enim
3212 4810 3317 4849 non
3350 4798 3510 4851 modo

1935 4896 2056 4934 eum
2132 4882 2548 4948 circumscripto
2601 4897 2830 4951 corpore
2890 4873 3127 4938 Verbum
3188 4886 3333 4939 haud
3397 4887 3509 4941 cir—

1937 4972 2255 5033 cumscribi,
2291 4974 2385 5025 sed
2426 4987 2602 5039 neque
2625 4974 2676 5025 in
2706 4974 2822 5042 ipso
2840 4988 3067 5043 corpore
3090 4977 3360 5031 exsistens
3388 4994 3511 5033 esse

1936 5063 2433 5131 circumscriptum,
2470 5064 2683 5117 etiamsi
2739 5080 2937 5134 corpus
2990 5070 3422 5127 substantialiter
3455 5081 3509 5124 et

1938 5155 2374 5223 inseparabiliter
2425 5156 2601 5210 eidem
2660 5157 2967 5224 capulatum
3015 5168 3120 5213 est.
3181 5162 3357 5227 Atque
3408 5162 3510 5216 hoc

1939 5247 2409 5318 ueminiiguotum
2457 5250 2714 5313 arbitror,
2765 5251 2809 5303 si
2845 5260 2995 5304 certe
3044 5251 3376 5307 credendum
3427 5266 3509 5307 est

1939 5339 2007 5393 iis
2035 5339 2128 5407 qui
2164 5340 2442 5408 negotium
2478 5355 2579 5393 nos
2609 5340 2912 5394 docuerunt
2959 5340 3155 5394 divina:
3178 5346 3517 5399 condescen-

1938 5431 2128 5486 sionis.
2161 5428 2443 5497 Quomodo
2479 5433 2623 5484 enim
2683 5447 2844 5486 verax
2876 5433 3066 5486 fuisset
3096 5448 3322 5502 magnus
3348 5434 3513 5489 Joan-

1940 5539 2057 5588 nes,
2114 5525 2202 5592 qui
2260 5525 2479 5578 veritati
2559 5524 2931 5580 testimonium
2986 5523 3217 5593 praebuit
3271 5524 3507 5582 dicens:

221 5753 343 5799 tum
398 5740 459 5792 in
505 5735 671 5789 editis
705 5749 733 5786 a
780 5750 865 5788 me
898 5734 1162 5789 adversus
1202 5728 1607 5800 Monophysitas
1662 5727 1826 5782 variis
1867 5738 2110 5780 veterum
2176 5736 2459 5778 auctorum
2496 5725 2718 5793 scriptis
2787 5724 3107 5780 ventilatum
3142 5728 3275 5782 satis
3305 5726 3509 5782 refota.

228 5823 477 5880 tumque
513 5806 838 5872 comperies.
