4238 6446
207 403 306 468 305

907 401 1532 470 ANTIRRIIETICUS
1577 412 1597 470 I
1649 414 1818 474 ADV.
1874 415 2470 482 CONSTANTINUM
2508 423 2721 482 COPR.

3359 427 3468 491 306

210 531 364 584 μενος
396 515 670 585 πρόνοιαν.
710 514 849 567 Ἀλλ’
879 516 927 568 εί
953 515 1045 567 καὶ
1071 515 1210 584 μετά
1243 515 1546 587 ἀνθρώπων
1582 537 1782 591 κεχρη-

1885 537 2068 578 curam
2093 530 2331 583 omnium
2358 530 2519 600 gerit.
2545 528 2744 585 Verum
2759 531 2975 588 etiamsi
3004 548 3124 589 cum
3150 535 3464 592 hominibus

207 607 434 676 μάτικεν
484 608 558 671 ὡς
601 607 816 678 ἀληθῶς
863 609 1169 678 ἄνθρωπος,
1210 608 1650 682 τῶνοπατρικῶν
1684 613 1782 665 ούκ

205 700 527 752 ἀπελείπετο
575 700 813 764 κόλπων,
862 701 956 753 καὶ
990 701 1017 752 ὀ
1050 698 1239 770 Πατὴρ
1279 696 1347 772 ἦν
1390 704 1447 756 ὲν
1486 705 1654 776 αὐτῷ,
1689 709 1782 760 καὶ

205 793 364 856 αὐτὸς
393 795 451 846 ὲν
483 793 560 862 τῷ
591 794 784 864 Πατρί.

272 886 331 937 EE
360 888 559 949 τοίνυν,
596 886 847 957 καθάπερ
870 889 896 940 ό
925 890 1024 959 τῆς
1053 891 1311 961 ἀληθείας
1337 892 1612 960 ἐφοδεύων
1644 909 1782 962 συμ-

207 979 448 1048 περαίνει
497 980 675 1047 λόγος,
711 981 769 1032 ἐν
815 981 892 1050 τῷ
933 983 1048 1053 ἰδίῳ
1093 985 1156 1036 οὐ
1195 985 1638 1054 περιγέγραπται
1673 985 1782 1038 σώ-

209 1087 355 1140 ματι,
397 1071 557 1133 ποίας
588 1072 776 1134 ἀνοίας
820 1076 912 1126 καὶ
942 1075 1168 1142 ἀλογίας
1199 1077 1281 1129 ἔτι
1322 1079 1417 1130 καὶ
1458 1078 1780 1143 δυσσεόείας

206 1166 296 1232 οὐχ
326 1164 606 1234 ὑπεροίσει
653 1166 873 1236 μέτρον,
915 1167 974 1218 τὸ
1009 1168 1188 1236 λέγειν
1225 1171 1779 1241 συμπεριγράφεσθαι

172 1318 176 1321 _
206 1257 671 1327 περιγραφομένῳ
713 1259 807 1311 τὸν
855 1259 1030 1328 Λόγον
1063 1260 1143 1330 τῷ
1179 1262 1434 1331 σώματι,
1469 1265 1780 1334 ἀπεριγρά-

205 1362 337 1398 mou
369 1349 426 1400 δὲ
463 1347 558 1401 τοῦ
593 1349 740 1414 θείου
775 1351 929 1415 ὄντος
959 1353 1133 1419 Λόγου
1162 1371 1177 1421 ;
1224 1355 1780 1426 Συμπαραληφθῆναι

204 1439 308 1508 γὰρ
338 1439 420 1491 δεῖ
459 1440 556 1493 καὶ
595 1441 704 1494 τῶν
742 1444 1094 1514 ζητουμένων
1137 1445 1197 1497 τὸ
1240 1446 1542 1516 σύστοιχον·
1585 1449 1678 1500 καὶ
1723 1451 1780 1501 ἐν

206 1531 372 1584 ἀπασι
402 1533 689 1602 παρόντος,
712 1535 813 1603 τῆς
851 1537 1095 1605 μείζονος
1121 1536 1188 1589 ἂν
1217 1537 1300 1608 εἴη
1334 1540 1534 1608 μανίας
1557 1541 1649 1592 καὶ
1680 1541 1780 1611 τῆς

205 1623 440 1694 ἐσχάτης
480 1625 912 1696 παραφροσύνης
944 1628 1005 1681 τὸ
1045 1627 1299 1697 φράζειν,
1333 1630 1661 1700 χωρίζεσθαι
1687 1632 1780 1685 τὸν

205 1716 375 1784 Λόγον
397 1717 489 1769 τοῦ
520 1717 796 1787 σώματος,
819 1719 982 1789 ἡνίκα
1012 1721 1387 1790 περιγραπτδν
1408 1722 1775 1793 ὡμολόγηται.

205 1810 263 1862 Ei
290 1809 401 1879 γάρ
430 1810 644 1874 οὐδενὸς
683 1811 882 1864 ἄπεστι
901 1853 914 1875 ,
951 1815 1045 1865 καὶ
1073 1813 1376 1883 οὐδαμόθεν
1403 1816 1780 1886 ἀπολιμπάνε-

205 1919 314 1965 ται,
346 1902 706 1973 πόσῳΜγειν
734 1904 1121 1975 ἀληθέστερον,
1154 1905 1236 1960 ὅτι
1261 1908 1319 1958 ὲν
1355 1905 1434 1977 τῷ
1459 1909 1672 1978 σώματι
1700 1909 1778 1978 τῷ

203 1992 387 2056 οἰκείῳ
417 1994 511 2045 καὶ
541 1993 663 2047 καθ’
707 1995 1006 2047 ὑπόστασιν
1035 1995 1184 2067 αύτῷ
1221 1998 1487 2069 ἡνωμένῳ
1507 2038 1520 2060 ,
1557 1999 1651 2051 καὶ
1684 2017 1782 2052 τιε-

207 2083 493 2152 ριγραπτῷ
527 2101 589 2150 γε
620 2083 756 2150 ὄντι,
789 2085 874 2138 ἀεὶ
925 2087 1213 2156 πάρεστιν,
1248 2089 1314 2139 ἵν’
1357 2089 1472 2160 ἀμα
1507 2091 1601 2143 καὶ
1639 2093 1779 2146 κατὰ

203 2176 397 2227 ταύτὸν
431 2178 462 2244 ἡ
501 2177 586 2228 ἐπ’
619 2178 822 2246 ἀμφοῖν
852 2177 961 2230 τῶν
1001 2179 1213 2232 ἀσεϐῶν
1246 2181 1447 2244 ἄτοπος
1479 2185 1573 2236 καὶ
1604 2186 1780 2255 παρά-

204 2265 357 2333 λογος
385 2265 730 2337 διελέγχηται
776 2269 1117 2335 φιλονεικία;
1160 2272 1220 2323 Εἰ
1259 2273 1359 2340 μὲν
1389 2273 1564 2344 γὰρὴ
1605 2277 1780 2340 κτίσις

204 2361 234 2425 ἡ
267 2359 534 2428 σύμπασα
637 2361 900 2431 πάρεστιν
931 2363 1006 2426 ὠς
1045 2363 1180 2427 Θεὸς
1209 2364 1677 2437 ἀπεριγράπτως,
1713 2367 1781 2441 ἦν

205 2454 658 2524 ἀπερίγραπτος,
690 2456 919 2525 ἐξήνυεν
946 2457 1011 2510 ἄν
1053 2475 1106 2510 τι
1149 2459 1279 2523 ῐσως
1319 2461 1348 2512 ὁ
1395 2460 1554 2530 λόγος
1607 2465 1778 2534 αὐτῷ.

205 2546 266 2597 Εἰ
303 2546 360 2598 δὲ
399 2547 575 2600 πάντα
607 2550 964 2619 περιγραπτά
992 2551 1130 2618 ἐστι,
1163 2553 1308 2616 τίνος
1342 2554 1530 2608 ἕνεκεν
1558 2559 1586 2626 ἡ
1623 2558 1781 2610 ἀνού-

208 2655 402 2702 στατος
429 2639 569 2710 αὕτη
601 2643 698 2694 καὶ
728 2641 913 2712 ψυχρὰ
944 2642 1223 2710 ἔνστασις,
1257 2644 1348 2697 τοῦ
1387 2647 1586 2700 οἰκείου
1622 2650 1781 2717 μόνον

206 2732 572 2802 ὑπερορίσθαι
621 2735 714 2786 τὸν
772 2735 944 2802 Λόγον
1012 2735 1311 2802 σώματοςς
1369 2739 1576 2801 Ὀντως
1637 2741 1781 2793 ἱστὸν

205 2825 452 2895 ἀράχνης
501 2827 818 2896 ὑφαίνουσιν
869 2829 920 2880 οἱ
967 2827 1140 2882 ταῦτα
1186 2828 1512 2899 φρονοῦντες
1558 2833 1650 2885 καὶ
1691 2833 1781 2886 λέ-

205 2934 414 2983 γοντες.

275 3009 385 3077 μβ’.
430 3010 648 3064 Τούτων
685 3013 741 3066 δὲ
785 3013 957 3076 οὓτως
1006 3015 1336 3086 είρημένων,
1379 3018 1471 3070 ἐπὶ
1503 3022 1570 3072 τὰ
1619 3020 1782 3074 λοιπά

203 3099 294 3152 τοῦ
322 3100 486 3166 λόγου
533 3103 882 3174 τρεψώμεθα.
928 3106 986 3158 El
1023 3108 1087 3159 ἐκ
1122 3107 1441 3180 διπλότητος
1484 3112 1779 3181 πρεσϐεύει

1885 630 1982 666 ceu
2016 631 2173 670 verus
2203 621 2362 672 homo
2395 620 2734 683 versabatur,
2765 633 3049 690 paternum
3103 638 3208 678 non
3236 625 3461 680 desere-

1886 709 1978 762 bat
1997 710 2173 764 sinum
2197 729 2212 778 ;
2233 710 2505 784 Paterque
2525 716 2718 770 eratin
2751 716 2889 786 ipso,
2911 724 2967 771 et
3000 716 3116 787 ipse
3141 717 3192 772 in
3214 717 3462 774 Patre”.

1959 888 2014 944 Si
2051 906 2204 961 ergo,
2235 900 2293 945 ut
2323 892 2571 950 veritatis
2605 896 2903 950 decurrens
2947 912 3126 951 sermo
3165 898 3462 960 concludit.

1886 982 1938 1036 in
1992 984 2210 1052 proprio
2258 1001 2360 1038 non
2417 987 2888 1042 circumscribitur
2935 1004 3162 1058 corpore
3199 1030 3214 1054 ,
3267 991 3455 1060 quidni

1884 1089 2098 1129 omnem
2115 1077 2377 1144 stultitim,
2399 1079 2686 1132 dementia:
2717 1081 3124 1150 impietatisque
3146 1097 3462 1139 mensuram

1884 1167 2134 1231 excedet,
2177 1166 2220 1220 si
2258 1169 2381 1236 quis
2429 1167 2578 1221 dicat
2629 1170 3000 1224 circumscribi
3044 1187 3170 1225 cum
3221 1174 3462 1226 circnm-

1883 1259 2090 1328 scripto
2139 1275 2366 1328 corpore
2423 1260 2680 1325 Verbum,
2733 1277 2858 1316 cum
2912 1278 3103 1332 reapse
3162 1266 3464 1320 incircum-

1885 1350 2149 1418 scriptum
2197 1349 2432 1404 Verbum
2466 1351 2575 1405 sit?
2619 1351 2752 1404 Nam
2810 1350 2973 1404 simul
3025 1364 3241 1422 sumpta
3295 1351 3462 1408 fuisse

1882 1450 2098 1511 oportet
2125 1442 2289 1496 etiam
2342 1445 2626 1514 conjugata
2668 1460 2855 1498 eorum
2893 1460 3013 1511 quae
3035 1458 3162 1499 sunt
3209 1447 3261 1500 in
3307 1462 3462 1517 qua:—

1882 1534 2080 1589 stioue.
2106 1535 2348 1604 Cumque
2374 1537 2630 1590 omnibus
2657 1538 2816 1610 rebus
2842 1539 2908 1592 sit
2943 1552 3206 1605 praesens,
3228 1541 3451 1610 majoris

1884 1625 2176 1680 dementia:
2206 1626 2371 1680 fuerit
2398 1631 2741 1699 extremique
2772 1633 2946 1686 delirii
2973 1634 3177 1698 dicere,
3218 1637 3461 1704 separari

1883 1731 1911 1770 a
1946 1733 2173 1788 corpore
2201 1717 2461 1785 Verbum,
2492 1723 2534 1776 si
2563 1724 3036 1795 circmnscriptnnt
3062 1725 3305 1797 (corpus)
3331 1743 3456 1783 esse

1883 1806 2201 1862 aﬁirmetur.
2252 1808 2385 1864 Nam
2431 1812 2542 1866 sia
2600 1814 2742 1866 nulla
2793 1831 2850 1868 re
2880 1820 3052 1881 abest,
3081 1827 3138 1871 et
3190 1832 3458 1887 nusquam

1883 1902 2059 1965 deest,
2090 1903 2282 1972 quidni
2337 1905 2520 1959 verius
2552 1906 2789 1970 dicatur,
2821 1908 2946 1961 illud
2978 1910 3031 1963 in
3068 1925 3298 1978 corpore
3330 1925 3458 1980 pro-

1883 1993 2003 2060 prio
2033 1993 2370 2062 hypostatice
2398 1995 2502 2048 sibi
2528 1995 2680 2048 unito
2706 2005 2761 2049 et
2784 1997 3204 2066 circumscripto
3235 2013 3453 2067 semper

1882 2082 2114 2136 adesse?
2161 2092 2219 2136 ut
2253 2083 2435 2148 simul,
2484 2094 2536 2138 et
2587 2086 2885 2139 secundum
2940 2087 3106 2151 idem,
3163 2086 3454 2156 impiorum

1884 2174 2176 2243 utrubique
2202 2175 2440 2230 absurda
2473 2186 2527 2230 et
2555 2177 2743 2230 insana
2771 2189 3100 2246 coarguatur
3125 2180 3452 2248 pertinacia.

1883 2263 2016 2318 Nam
2067 2267 2112 2320 si
2166 2267 2421 2322 universa
2456 2279 2731 2334 creatura,
2766 2273 2850 2322 cui
2883 2285 3125 2338 prmsens
3170 2281 3257 2325 est
3291 2271 3458 2326 incir-

1881 2361 2213 2430 cumscripte
2250 2360 2417 2424 Deus,
2461 2361 2931 2428 iucircumscripta
2965 2372 3136 2427 esset,
3172 2363 3378 2418 valeret
3405 2364 3453 2418 ei

1881 2453 2109 2508 fortasse
2133 2453 2336 2522 aliquid
2364 2455 2765 2524 argumentatio
2788 2469 2906 2510 sua.
2931 2453 3026 2513 Siu
3051 2465 3240 2509 contra
3267 2454 3451 2508 omnia

1881 2549 2296 2616 circumscripta
2325 2558 2471 2614 sunt,
2510 2564 2606 2602 cur
2641 2549 2754 2603 haec
2779 2549 3140 2604 insulsissima
3167 2560 3223 2604 et
3256 2549 3450 2620 frigida

1880 2640 2160 2693 contentio
2195 2639 2271 2702 ﬁt,
2306 2654 2425 2708 qua:
2457 2653 2485 2692 a
2522 2638 2746 2708 proprio
2784 2647 2998 2693 tantum
3031 2655 3266 2710 corpore
3316 2641 3451 2695 Ver-

1882 2733 2006 2785 bum
2035 2733 2401 2786 exterminat?
2435 2730 2568 2785 Vere
2605 2730 2763 2786 telam
2799 2733 2984 2785 aranei
3027 2742 3330 2788 contexunt
3359 2734 3452 2803 qui

1883 2825 1984 2880 ista
2017 2827 2236 2894 sapiunt
2261 2836 2316 2880 et
2341 2825 2562 2880 dicunt!

1953 3015 2043 3068 $2.
2097 3007 2194 3073 lis
2228 3016 2299 3070 ita
2348 3017 2658 3086 disputatis,
2689 3016 2928 3084 reliquas
2962 3013 3250 3071 'sermonis
3274 3017 3468 3100 nostri,

1882 3115 2061 3172 partes
2090 3120 2501 3174 persequamur.
2556 3105 2821 3172 Quoniam
2876 3120 2938 3158 ex
2973 3105 3289 3175 duplicitate
3319 3112 3462 3162 cou-'

204 3188 341 3247 εἶναι
399 3194 491 3247 τὸν
536 3196 791 3266 Χριστὸν,
840 3199 886 3250 εἰ
936 3198 1187 3252 ἐϐούλετο
1244 3203 1514 3254 σεσῶσθαι
1549 3205 1695 3275 αὐτῷ
1748 3206 1776 3259 δ

1884 3195 2066 3249 ﬂatum
2105 3195 2380 3250 Mamonas
2407 3197 2685 3250 Christum
2709 3195 2961 3262 aﬁirmat,
2994 3199 3038 3249 si
3070 3207 3218 3251 certe
3245 3198 3293 3250 ei
3321 3212 3450 3253 con-

203 3285 555 3356 περιθρυλλεῖ
579 3285 828 3358 εὔφημον
883 3292 978 3341 καὶ
1032 3291 1244 3359 κομψὸν
1303 3292 1402 3360 τῆς
1459 3294 1780 3365 διπλότητος

202 3375 373 3444 ὄνομα
401 3415 417 3438 ,
470 3377 850 3447 περιγραπτὸν
881 3380 1023 3432 κατά
1062 3379 1161 3451 τὴν
1190 3382 1385 3450 ἑτέραν
1425 3385 1532 3436 τῶν
1564 3385 1780 3453 φύσεων

201 3466 486 3535 ὁμολογεῖν
534 3468 624 3521 τὸν
663 3469 897 3539 Χριστὸν
946 3470 1075 3526 ἔδει.
1143 3473 1361 3544 Ἐπειδὴ
1412 3475 1469 3527 δὲ
1518 3476 1678 3530 τοῦτο
1716 3480 1777 3531 ού

199 3556 432 3624 δίδωσιν,
459 3558 764 3633 ὲξὴπλωται
796 3560 948 3630 αύτῷ
977 3562 1036 3614 τὸ
1059 3565 1496 3632 συνεπτυγμένον
1525 3569 1618 3621 καὶ
1649 3569 1780 3622 θαυ-

205 3651 406 3716 μαστὸν
435 3652 536 3720 τῆς
566 3651 915 3721 διπλότητοςο
952 3655 1046 3705 καὶ
1079 3656 1434 3724 γεγύμνωται
1460 3659 1562 3728 τῆς
1596 3661 1778 3714 διπλό-

199 3757 357 3807 τητος
396 3742 494 3795 τοῦ
522 3743 729 3813 τρόπου
777 3745 872 3796 καὶ¹
911 3745 1021 3798 τῶν
1055 3747 1379 3820 πανούργων
1419 3752 1584 3804 αὑτοῦ
1615 3770 1774 3821 σοφι-

202 3836 445 3901 σμάτων.
500 3836 731 3906 Τοιαύτη
778 3837 834 3890 δὲ
884 3839 916 3908 ἡ
947 3838 1238 3903 ἀλαζονεία
1264 3843 1357 3893 καὶ
1383 3843 1674 3911 φιλαυτία,
1710 3847 1777 3901 τὰ

199 3927 340 3996 πέρα
372 3929 468 3983 τοῦ
504 3931 704 4002 μέτρου
756 3934 1174 4004 κενεμϐατούσα
1209 3939 1553 4008 περιαθρεῖν·
1601 3933 1676 3991 ὧν
1715 3941 1771 3994 δὲ

199 4019 406 4086 ἐφεῖται
434 4022 922 4096 διατεκμαίρεσθαι
959 4028 1051 4078 καὶ
1084 4026 1518 4093 διασκοπεῖσθαι,
1552 4031 1780 4102 διαμαρο

197 4115 374 4168 τάνειν
413 4118 749 4187 περιφανῶς.
790 4120 989 4191 Ἐχρῆν
1017 4120 1125 4192 γὰρ
1155 4121 1216 4186 ἐξ
1239 4115 1317 4178 ὧν
1355 4123 1518 4186 αὐτὸς
1555 4126 1772 4195 προῆγε

199 4204 390 4274 λόγων,
419 4211 814 4275 προαισθέσθαι
841 4229 903 4280 γε
925 4213 1019 4265 καὶ
1044 4215 1308 4280 συνιέναι,
1340 4216 1422 4267 ὃτι
1454 4216 1604 4286 αύτῷ
1634 4221 1778 4271 ὲκεῖ-

198 4295 286 4346 θεν
313 4299 637 4369 ἐκϐήσεται.
675 4301 772 4354 Ἐκ
797 4303 1113 4373 διπλότητος
1140 4305 1354 4370 δοξάζει
1380 4307 1473 4359 τὸν
1497 4309 1735 4378 Χριστόν
1758 4328 1772 4372 ;

200 4387 381 4467 Ταύτῃ
417 4392 552 4459 γοῦν
590 4396 684 4466 καὶ
718 4395 973 4460 σύνθετος
1007 4396 1163 4451 ἔσται
1202 4398 1442 4461 πάντως.
1477 4401 1540 4452 El
1571 4402 1680 4473 γὰρ
1714 4403 1774 4455 τὸ

196 4481 405 4535 ἁπλοῦν
447 4483 761 4549 ἀσύνθετον,
808 4488 870 4539 τὸ
915 4489 978 4540 ἐκ
1014 4489 1336 4557 διπλότητος
1385 4492 1664 4546 σύνθετον.
1706 4495 1772 4546 Τί

1881 3301 2101 3339 servare
2148 3287 2256 3339 vult
2304 3302 2466 3354 quam
2514 3288 2765 3340 buccinat
2804 3287 3056 3357 inclytam
3087 3299 3141 3341 et
3169 3285 3481 3358 egregiam,

1880 3377 2217 3444 duplicitatis
2306 3377 2762 3446 appellationem,
2845 3380 3320 3448 circumscriptum
3399 3380 3452 3455 iu

1879 3468 2142 3522 alterutra
2169 3483 2230 3523 ex
2267 3470 2351 3523 his
2385 3470 2596 3522 naturis
2616 3471 2861 3522 cnnﬁteri
2890 3469 3173 3524 Christum
3207 3471 3452 3525 deberet.

1880 3562 2020 3628 Quia
2055 3578 2181 3615 vero
2217 3564 2268 3617 id
2324 3578 2430 3616 non
2459 3562 2732 3626 concedit,
2776 3562 3092 3616 dissolvitur
3132 3562 3182 3616 ei
3229 3578 3453 3632 compa-

1879 3666 2024 3708 ctum
2079 3655 2178 3710 hoc
2232 3665 2288 3709 et
2368 3654 2656 3708 miriﬁcum
2707 3655 3042 3725 duplicitatis
3098 3656 3452 3720 vocabulum,

1879 3743 2102 3812 ipsoque
2165 3744 2493 3812 duplicitatis
2548 3745 2782 3800 artiﬁcio
2832 3745 3153 3816 callidisque
3184 3747 3298 3800 suis
3365 3762 3454 3800 so-

1879 3835 2240 3904 pltismatibus
2268 3840 2592 3892 deuudatur.
2626 3839 2718 3892 Est
2743 3849 2924 3893 autem
2951 3840 3168 3908 superbi
3205 3824 3442 3896 hominis
3468 3836 3479 3856 "

1878 3929 2092 3999 sibique
2125 3929 2286 3985 nimis
2336 3931 2601 4001 placentis
2651 3931 2914 3998 oﬁicinm,
2966 3947 3053 3988 res
3080 3935 3235 3987 ultra.
3273 3949 3457 4004 aequos

1880 4017 2020 4074 ﬁnes
2058 4022 2262 4088 positas
2299 4036 2459 4074 aereo
2509 4021 2674 4074 veluti
2712 4037 2876 4077 cursu
2932 4024 3346 4094 pervestigare;
3385 4025 3451 4079 ab

1881 4111 1945 4165 iis
1996 4121 2174 4166 autem
2206 4127 2341 4181 quas
2378 4112 2424 4166 ei
2477 4113 2748 4182 dispicere
2799 4129 2862 4167 ac
2906 4116 3173 4184 speculari
3239 4115 3448 4178 liceret,

1879 4202 2164 4257 manifeste
2219 4205 2495 4259 aberrare.
2550 4203 2848 4274 Oportebat
2896 4208 3042 4261 enim
3093 4223 3159 4261 ex
3215 4208 3282 4262 iis
3334 4223 3456 4276 quae

1878 4306 2036 4350 antea
2069 4297 2223 4360 dixit,
2261 4298 2577 4364 praesentire
2612 4305 2772 4366 atque
2813 4299 3137 4370 intelligere,
3169 4300 3299 4370 quid
3343 4303 3448 4357 sibi

1878 4386 2118 4440 indidem
2152 4387 2292 4441 foret
2317 4389 2703 4442 obventurum.
2738 4388 2818 4442 Ex
2850 4390 3164 4459 duplicitate
3194 4403 3466 4446 constare-

1878 4479 2153 4534 Christum
2184 4477 2411 4534 censet?
2446 4479 2739 4548 Propterea
2791 4483 2956 4550 igitur
3011 4493 3064 4536 et
3119 4487 3450 4553 compositus

195 4567 286 4622 οὖν
320 4573 383 4624 τὸ
429 4575 890 4644 περιιστάμενονς
931 4579 994 4630 Εἰ
1029 4580 1448 4647 ἀπερίγραπτον
1487 4583 1547 4633 τὸ
1592 4583 1770 4649 Θεῖον,

1880 4575 2104 4629 omnino
2138 4574 2261 4628 erit.
2292 4573 2425 4626 Nam
2463 4573 2508 4628 si
2537 4590 2622 4627 res
2651 4574 2886 4644 simplex
2938 4585 3020 4629 est
3053 4576 3412 4646 incomposita
3440 4597 3455 4642 ;

194 4660 322 4716 διότι
361 4665 574 4718 ἁπλοῦν
609 4670 700 4720 καὶ
741 4669 1055 4734 ἀσύνθετον,
1105 4672 1166 4722 τὸ
1214 4674 1278 4724 ἐκ
1311 4671 1630 4742 διπλότητος
1677 4679 1772 4729 καὶ

196 4755 474 4821 σύνθετον,
511 4761 564 4811 τί
595 4760 780 4826 torui;
817 4763 1060 4832 Ἐφησεν
1086 4763 1152 4817 ἂν
1182 4765 1400 4828 πάντως
1425 4769 1518 4820 καὶ
1551 4768 1627 4839 μὴ
1651 4769 1774 4838 βου-

195 4846 420 4916 λόμενος
455 4853 835 4923 περιγραπτόν
861 4869 875 4886 ο
908 4854 1082 4917 ἄλλως
1113 4873 1172 4907 τε
1198 4856 1253 4908 δὲ
1283 4858 1424 4928 αὑτὴ
1455 4862 1487 4928 ἡ
1519 4860 1616 4930 τῆς
1646 4878 1773 4914 συν-

196 4937 393 5001 θέσεως
419 4942 623 5007 ἐννοια,
650 4945 748 5014 τὴν
778 4946 1129 5016 περιγραφὴν
1153 4950 1285 5018 ἡμῖν
1309 4951 1372 5002 ἐκ
1404 4952 1605 5015 παντὸς
1637 4955 1770 5006 ὑπο·
1815 4989 1825 4999 -

192 5028 424 5084 τίθεται.
479 5030 666 5095 Οὕτως
715 5034 992 5104 πανταχοῦ
1035 5036 1131 5088 καὶ
1177 5036 1257 5104 τῷ
1307 5037 1455 5108 ὀρθῷ
1503 5038 1646 5110 λόγῳ
1680 5042 1774 5094 καὶ

193 5120 367 5190 ἑαυτῷ
394 5123 822 5193 ἀπομαχόμενος
851 5127 1147 5179 δείκνυται.
1180 5127 1288 5180 Καὶ
1310 5129 1484 5182 ταῦτα
1513 5132 1612 5198 μὲν
1636 5131 1773 5201 πρὸς

193 5208 315 5273 τοὺς
355 5213 572 5266 ἐκείνου
622 5214 813 5281 λόγους
849 5217 1106 5287 λελέχθω.
1165 5221 1322 5272 Δοκεῖ
1371 5221 1475 5291 γὰρ
1515 5223 1771 5293 κατειλη-

195 5300 350 5366 φέναι
387 5304 454 5355 τὸ
510 5304 746 5374 Χριστοῦ
811 5311 1139 5380 μυστήριον,
1190 5309 1326 5380 μηδὲ
1375 5312 1444 5362 τά
1495 5313 1554 5364 ὲν
1606 5316 1769 5369 ποσὶν

193 5391 405 5468 εἰδὼςῆ
443 5396 682 5466 βλέπων.
720 5400 987 5468 Καθάπαξ
1026 5403 1135 5472 γὰρ
1169 5405 1268 5473 τῆς
1297 5404 1512 5469 εὐθείας
1538 5408 1630 5460 καὶ
1671 5408 1771 5478 βα-

194 5485 409 5559 σιλικῆς
439 5492 818 5557 ἀπονενευκὼς
865 5496 1055 5564 τρίϐου
1080 5535 1094 5560 ,
1126 5498 1218 5549 ἐπὶ
1262 5501 1389 5562 τοὺς
1419 5500 1502 5567 ἐφ’
1535 5502 1772 5574 ἑκάτερά

194 5592 304 5643 πως
331 5583 776 5649 ἀποκεκλικότας
804 5589 1087 5658 κρημνοὺς
1119 5589 1278 5644 ἵεται.

263 5718 310 5749 ⁸³
347 5715 510 5772 Joan.
545 5737 600 5784 x,
652 5720 744 5774 58.

1879 4669 2021 4739 quod
2076 4687 2139 4724 ex
2206 4670 2523 4738 duplicitate
2577 4671 2880 4739 consurgit,
2931 4673 3294 4740 compositum
3346 4684 3450 4727 est.

1879 4762 2017 4828 Quid
2037 4777 2166 4831 ergo
2195 4761 2480 4830 sequitur?
2527 4761 2582 4815 Si
2623 4761 3091 4831 incircumscripta
3133 4774 3216 4817 est
3251 4764 3448 4829 deitas,

1879 4855 2003 4924 quia
2048 4855 2280 4923 simplex
2312 4865 2368 4908 et
2404 4855 2792 4923 incomposita;
2823 4856 2965 4924 quod
3013 4869 3078 4907 ex
3135 4855 3452 4921 duplicitate

1878 4930 2238 5014 compositum
2285 4958 2404 5011 est,
2455 4947 2584 5015 quid
2652 4947 2882 5000 demum.
2931 4947 3038 5017 57
3098 4949 3248 5003 erit?
3297 4947 3452 5004 Dicet

1875 5025 2098 5094 omnino
2121 5039 2205 5095 vel
2234 5038 2461 5104 invitus,
2496 5040 2549 5094 id
2599 5055 2720 5096 esse
2759 5040 3258 5110 circumscriptum.
3312 5042 3455 5096 Alio-

1881 5134 2012 5202 quin
2045 5133 2159 5201 ipsa
2217 5133 2382 5187 etiam
2434 5134 2850 5203 compositionis
2901 5134 3052 5186 notio
3099 5133 3452 5188 circumscri-

1880 5226 2114 5295 ptionem
2157 5225 2312 5280 nobis
2343 5240 2564 5292 prorsus
2605 5234 2979 5293 repraesentat.
3022 5226 3113 5279 Sic
3135 5240 3444 5295 usquequa-

1883 5335 1987 5389 que
2013 5328 2064 5374 et
2093 5329 2254 5373 rectae
2275 5319 2535 5374 doctrinae
2557 5329 2607 5372 et
2633 5319 2734 5387 ipsi
2772 5318 2877 5372 sibi
2909 5334 3210 5389 repugnare
3240 5316 3440 5386 cogno-

1882 5413 2070 5465 scitur.
2116 5409 2292 5478 Atque
2323 5409 2436 5463 baec
2462 5410 2721 5462 adversus
2772 5409 2941 5477 ipsius
2993 5422 3272 5464 sermones
3309 5409 3451 5464 dicta

1881 5512 2040 5558 sunto
2085 5502 2220 5572 (57).
2266 5500 2489 5555 Videtur
2539 5502 2684 5554 enim
2755 5502 2802 5556 is
2845 5501 3051 5555 Christi
3133 5503 3451 5584 mysterium

1880 5598 2094 5667 assequi
2133 5603 2316 5650 mente
2361 5609 2637 5665 sperasse,
2678 5594 2768 5663 qui
2821 5609 2885 5647 ne
2935 5593 3022 5647 illa
3067 5594 3284 5663 quidem
3332 5609 3454 5664 qua:

265 5830 376 5901 (57)
410 5832 486 5886 De
512 5834 922 5905 circumscripto
951 5848 1002 5892 et
1087 5840 1551 5914 int‘irCUIIISCI'iPIO
1592 5846 1675 5900 diu
1719 5848 1952 5919 loquitur
1986 5852 2145 5905 ctiam
2178 5851 2494 5906 Tltcudorus
2565 5849 2773 5904 Sludita
2833 5849 2885 5904 in
2943 5849 3056 5917 pati
3084 5864 3248 5918 opere
3300 5849 3446 5904 edita
