4238 6446
243 403 344 470 309

948 400 1576 464 ANTIllRHETlCUS
1629 399 1656 458 Ι
1695 400 1861 459 Αῡγ.
1904 397 2495 459 CJNSTANTINUM
2553 395 2765 455 COPR.

3409 386 3516 450 310

242 520 360 570 οἱ)δέ
390 519 679 570 σέσωσται.
728 516 801 568 τι
838 515 947 586 γὰρ
980 514 1388 584 ἀπρόσληπτον.
1416 514 1814 587 ἀθεράπευτον,

1924 521 2126 564 vatum.
2163 509 2441 576 Siquidem
2479 509 2621 578 quod
2668 503 2859 571 nequit
2910 502 3158 565 assumi,
3197 499 3507 553 insanabile

243 607 405 675 φασὶν
427 609 476 662 οἱ
511 607 770 676 Θεολόγοι.
806 603 937 660 Εἶτα
976 606 1229 676 ἐπιφέρει
1258 605 1503 658 τοιαῦτα.

319 817 429 879 μγ’.
469 830 486 862 ι
518 811 682 878 Λέγει
706 810 762 864 δὲ
789 813 817 863 ό
857 812 1091 879 ποιήσας
1125 810 1224 880 τὴν
1256 811 1440 862 εἰκόνα
1466 811 1707 879 ἐκείνην,
1745 811 1823 864 ὅτι

243 901 412 954 εἰκὼν
461 903 556 954 τοῦ
610 902 848 972 Χριστοῦ
901 904 1036 955 ἐστι.
1091 903 1201 954 Καὶ
1260 903 1320 953 τὸ
1360 903 1613 970 Χριστός
1645 901 1822 970 ὄνομα

243 993 614 1061 γινώσκεται,
658 996 739 1047 ὅτι
791 995 853 1046 οὐ
896 994 1060 1063 μόνον
1109 993 1405 1063 ἄνθρωπον
1454 994 1638 1064 δηλοῖ,
1687 994 1828 1047 ἀλλά

245 1087 336 1138 καὶ
394 1085 548 1140 Θεόν.
612 1106 628 1138 ι
687 1087 833 1139 Ἔδει
887 1087 1052 1141 αὑτὸν
1099 1086 1202 1139 κᾶν
1239 1087 1370 1152 γοῦν
1414 1088 1542 1149 τοὺς
1587 1087 1826 1149 οἰκείους

241 1177 642 1247 δυσωπηθέντα
699 1179 922 1246 λόγους,
995 1177 1386 1233 συναισθέσθαι
1437 1179 1538 1246 τῆς
1589 1179 1826 1249 ἀτοπίας

241 1269 350 1323 τῶν
380 1271 512 1341 παρ’
545 1272 715 1324 αὑτοῦ
748 1272 1168 1342 προαγομένων.
1211 1271 1353 1323 Ἀλλ’
1379 1271 1614 1342 ἔοικενὴ
1647 1272 1826 1341 πλάνη

243 1363 338 1416 καὶ
385 1364 446 1416 τὸ
476 1363 674 1432 ψεῦδος
719 1365 816 1417 καὶ
849 1364 1028 1434 ἐαυτῷ
1068 1365 1162 1416 καὶ
1199 1367 1266 1435 τῇ
1305 1363 1538 1434 ἀληθείᾳ
1571 1365 1828 1418 ἀνθίστα-

243 1453 388 1508 σθαι.
443 1456 504 1507 Ei
541 1457 638 1525 μὲν
669 1459 779 1527 γὰρ
810 1456 869 1508 ἓν
901 1452 970 1528 ἦν
1001 1457 1063 1509 τὸ
1107 1458 1171 1508 ἐκ
1201 1455 1296 1509 τοῦ
1334 1456 1600 1526 ὀνόματος
1630 1457 1826 1526 δηλοῦσι

245 1563 431 1612 μενον,
468 1549 569 1610 τάς
611 1550 738 1618 περὶ
765 1549 826 1602 τὺ
864 1548 923 1603 ἓν
964 1547 1396 1619 ζυγομαχούσας
1425 1548 1532 1602 τῶν
1565 1550 1827 1602 ἐναντίων

242 1635 433 1702 δόξας,
485 1641 514 1692 ό
555 1639 842 1709 βραϐεύων
882 1642 942 1693 τὸ
986 1640 1228 1708 ἀσφαλὲς
1273 1638 1444 1694 ἐπιὼν
1484 1640 1676 1709 λόγος,
1733 1643 1827 1694 καὶ

241 1731 478 1799 γνωμῶν
519 1733 863 1788 ταλαντεύων
920 1735 982 1787 τὸ
1030 1735 1418 1807 ἀμφίρροπον,
1473 1735 1710 1788 δέδωκεν
1761 1736 1827 1789 ἂν

1928 614 2010 658 est
2035 645 2048 667 ,
2083 613 2141 656 ut
2175 603 2329 655 aiunt
2379 600 2634 670 theologi.
2678 596 2884 653 Deinde
2917 593 3195 649 Mamonas
3230 595 3345 648 lure
3389 591 3516 648 Stib-

1922 696 2062 764 jieit.

2001 811 2110 880 58
2149 810 2237 863 45.
2281 828 2297 859 ι
2335 808 2435 872 Qui
2493 806 2620 858 fecit
2654 805 2863 858 iconem
2901 803 3076 860 illam.
3114 800 3248 854 dit-it
3299 803 3515 852 ieouem

1929 919 2048 957 csse
2096 900 2321 956 Christi.
2367 899 2529 968 Atqui
2564 911 2760 950 nomen
2792 895 2999 950 Christi
3034 896 3241 950 scimus
3270 909 3374 944 non
3418 892 3517 944 hu-

1931 996 2132 1049 minem
2161 1001 2372 1046 tantum
2405 995 2682 1053 denozare,
2717 991 2811 1044 sed
2850 990 3017 1042 etiam
3052 987 3248 1042 Deum.
3288 1004 3306 1035 ι
3341 983 3515 1051 Opor-

1933 1096 2112 1140 tuerat
2151 1086 2312 1147 hunc,
2346 1084 2388 1137 si
2423 1098 2642 1137 suorum
2668 1091 2822 1137 certe
2849 1097 3159 1136 sermonum
3205 1085 3512 1146 respectum

1930 1179 2166 1248 aliquem
2191 1176 2490 1239 habuisset,
2516 1177 2947 1230 animadvertere
2965 1174 3178 1227 illorum
3210 1186 3330 1239 qua:
3353 1179 3511 1221 antea

1929 1273 2145 1326 dixerat
2181 1273 2596 1326 absurditatem.
2653 1269 2760 1325 Sed
2808 1282 2926 1321 mos
2969 1275 3056 1320 est
3106 1264 3311 1318 erroris
3349 1271 3516 1329 atque

1930 1364 2231 1430 mendacii,
2285 1376 2340 1418 ut
2383 1364 2485 1418 sibi
2535 1362 2738 1432 pariter
2778 1377 2841 1415 ac
2886 1358 3102 1414 veritati
3152 1354 3512 1410 contradicat.

1929 1452 2064 1506 Nam
2098 1455 2140 1507 si
2179 1472 2339 1508 lllltllll
2385 1455 2434 1508 id
2469 1463 2614 1508 esset
2646 1451 2787 1521 quod
2823 1466 2889 1504 ex
2941 1450 3162 1503 nomine
3195 1449 3506 1507 denotatur,

1929 1556 2279 1603 contumaces
2313 1549 2528 1616 quidem
2567 1547 3004 1620 adversariorum
3041 1546 3108 1600 de
3146 1559 3254 1597 uno
3290 1541 3511 1612 opinio-

1930 1654 2049 1701 nes,
2103 1641 2345 1694 veritatis
2391 1649 2634 1693 assertor
2670 1654 2854 1694 sermo
2900 1647 3087 1692 noster
3134 1637 3407 1698 lustrans,
3460 1642 3516 1686 et

1928 1730 2320 1784 sententiarum
2375 1732 2782 1802 ambiguitatem
2817 1732 3059 1794 librans,
3095 1729 3379 1784 victoriam
3417 1742 3516 1795 po-

238 1823 340 1892 τὴν
386 1826 627 1879 νικῶσαν
657 1827 736 1896 τῷ
771 1827 1086 1898 κρείττονι·
1130 1828 1161 1898 ἢ
1211 1827 1396 1880 τέλεον
1442 1829 1817 1898 περιγραπτὸν

1933 1822 2055 1876 tiori
2087 1824 2435 1888 decerneret;
2464 1838 2658 1893 nempe
2686 1823 2766 1876 vel
2789 1823 3011 1877 omnino
3036 1820 3510 1887 circumscriptum

238 1914 564 1982 ἀποφαίνων
609 1917 670 1969 τὸ
722 1917 816 1982 ἓν,
864 1919 896 1989 ἢ
938 1918 1124 1978 τέλεον
1165 1918 1603 1989 ἀπερίγραπτον.
1671 1920 1824 1973 Ἐπεὶ

233 2007 288 2058 δὲ
325 2007 440 2060 τῶν
490 2009 584 2062 δύο
634 2012 852 2080 φύσεων
902 2013 1140 2082 ὑπάρχει
1181 2013 1627 2083 παραστατικὸν,
1679 2013 1822 2066 καθά

234 2100 328 2150 καὶ
369 2101 537 2164 αὐτὸς
583 2103 787 2170 ἔφησε,
830 2103 915 2166 τίς
963 2104 992 2155 ὁ
1028 2103 1290 2157 κωλύσων
1326 2103 1522 2171 λόγος,
1561 2103 1635 2176 μὴ
1687 2106 1821 2157 ἐκα-

232 2189 368 2260 τέρᾳ
388 2191 598 2242 τούτων
616 2192 685 2242 τὰ
713 2195 891 2244 οἰκεῖα
918 2193 1013 2245 καὶ
1043 2194 1398 2264 προσήκοντα
1425 2194 1780 2248 ἀποδίδοσθαι
1803 2213 1818 2262 ;

232 2277 372 2330 ὥστε
406 2280 504 2332 καὶ
532 2280 777 2349 ἡνῶσθαι
812 2282 1097 2353 ἀλλήλαις,
1131 2284 1229 2336 καὶ
1262 2285 1569 2355 μηδετέραν
1600 2286 1823 2356 ἐξεστη-

232 2370 389 2423 κέναι
427 2371 537 2424 τῶν
573 2373 848 2437 οὐσιωδῶς
896 2377 955 2428 ἐν
1000 2377 1194 2439 αὐταῖς
1243 2375 1671 2447 θεωρουμένων,
1727 2381 1822 2433 καὶ

228 2466 517 2534 ἀτρέπτως
551 2469 984 2538 ἐνυπαρχουσῶν
1030 2471 1280 2539 φυσικῶν
1326 2470 1650 2542 ίδιοτήτων,
1695 2474 1819 2543 μηδ’

229 2551 294 2608 αὖ
341 2555 669 2627 διαιρεῖσθαι
704 2558 781 2629 τῷ
811 2560 894 2620 είς
935 2559 1177 2631 ἀλλήλας
1207 2559 1536 2629 ἀσυγχύτως
1577 2577 1819 2632 περιχω-

231 2641 363 2717 ρεῖνῖ
416 2651 479 2702 Ei
529 2652 640 2720 γὰρ
694 2653 822 2724 περὶ
873 2653 1073 2706 ταυτὸν
1118 2653 1318 2725 ἄμφω,
1370 2654 1486 2707 ἀλλ’
1523 2654 1623 2706 οὐκ
1653 2655 1820 2724 ἄμφω

227 2739 429 2806 ταῦτα,
460 2741 648 2812 ὥσπερ
686 2744 809 2796 οὐδὲ
836 2744 986 2815 ψυχὴ
1022 2746 1116 2798 καὶ
1157 2745 1337 2816 σῶμα.
1383 2746 1460 2798 Οὑ
1507 2747 1617 2818 γὰρ
1649 2747 1701 2799 εἴ
1735 2764 1819 2810 τις

223 2828 342 2902 δοίη
389 2832 483 2885 τὸν
526 2835 690 2888 αὑτὸν
731 2838 1030 2907 χρυσοχόον
1073 2833 1214 2892 εἶναι
1269 2841 1363 2893 καὶ
1397 2840 1640 2906 λιθοξόον
1665 2880 1680 2904 ,
1716 2842 1816 2912 ἤδη

224 2922 325 2992 τὴν
387 2927 754 2997 χρυσοχοϊκὴν
799 2931 882 2992 είς
927 2930 1025 3000 τὴν
1095 2931 1403 3002 λιθοξοῖκὴν
1461 2935 1815 3004 περιαγάγοι.

238 3014 404 3068 Ἀλλὰ
445 3018 536 3070 τὸν
597 3018 832 3088 ἀριθμὸν
888 3025 988 3090 τῆς
1044 3022 1269 3087 δυάδος,
1326 3025 1407 3088 είς
1443 3025 1670 3095 μέθοδον
1719 3029 1819 3096 τῆς
1866 3085 1886 3104 Α

224 3107 422 3161 ἑαυτοῦ
487 3109 827 3182 δυστροπίας
891 3116 1344 3188 προχειρίζεται,
1413 3119 1508 3171 καὶ
1578 3136 1820 3189 κακουρ-

225 3205 312 3268 γεῖ
358 3204 495 3272 περὶ
548 3205 649 3266 τάς
697 3204 930 3273 φύσεις·
980 3208 1070 3260 ἵνα
1112 3211 1209 3262 καὶ
1243 3209 1304 3262 τὸ
1345 3211 1440 3263 ἀπ’
1473 3211 1654 3264 αὐτῶν
1689 3230 1815 3265 συν-

224 3294 381 3347 τεθὲν
435 3296 768 3363 πρόσωπον,
829 3299 1014 3352 τέλεον
1075 3301 1546 3373 παραγράψηται,
1605 3306 1700 3357 καὶ
1750 3305 1817 3375 ἣν
1848 3273 1889 3329 G

225 3386 358 3456 περὶ
393 3391 531 3441 αὐτὸ
578 3390 739 3457 δόξαν
783 3391 941 3462 ἔσχεν
991 3393 1290 3466 ἀποπλήσῃ
1343 3395 1563 3467 ῥᾳδίως.
1620 3397 1678 3450 '0
1723 3394 1816 3451 οὖν

225 3478 399 3532 ποιῶν
441 3482 540 3551 τὴν
583 3484 770 3537 είκόνα
801 3486 1056 3554 ἐκείνην,
1105 3487 1198 3538 καὶ
1240 3487 1413 3554 λέγων
1444 3490 1528 3541 ὅτι
1575 3489 1814 3560 Χριστοῦ

224 3570 408 3635 ἐστιν,
445 3567 558 3624 οἶδε
614 3575 712 3643 μὲν
751 3576 846 3628 καὶ
893 3577 964 3628 τὰ
1013 3578 1122 3631 ἀπὸ
1174 3579 1272 3631 τοῦ
1313 3580 1580 3650 ὀνόματος
1617 3583 1814 3653 δηλού-

227 3675 364 3728 μενα
387 3677 401 3691 ·
448 3657 556 3715 οἵδε
586 3664 641 3716 δὲ
678 3666 773 3717 καὶ
817 3667 884 3719 τὰ
918 3668 1026 3720 ἀπὸ
1069 3668 1163 3721 τοῦ
1200 3673 1497 3740 προσώπου
1549 3675 1815 3745 γνωριζό-

225 3769 364 3820 μενα
394 3770 408 3782 ·
457 3756 557 3808 οὐκ
603 3756 792 3825 ἀγνοεῖ
830 3759 916 3821 δὲ,
950 3762 1030 3812 ὅτι
1066 3763 1160 3814 καὶ
1191 3764 1412 3816 ἐναντία
1456 3765 1704 3835 ἀλλήλοις
1746 3768 1815 3820 τά

224 3846 596 3912 συνελθόντα,
652 3844 726 3903 ὧν
783 3852 880 3921 μία
934 3854 968 3921 ή
1017 3854 1331 3924 ἐπιστήμη,
1386 3855 1531 3909 καθά
1572 3857 1813 3926 λέγεται.

221 3935 393 3998 Εἰδὼς
429 3937 611 3990 τοίνυν
649 3939 731 3992 ὄτι
765 3940 826 3992 τὸ
872 3940 972 4010 μὲν
998 3941 1207 3994 τούτων
1242 3944 1472 4014 ἀόρατον
1505 3947 1598 3999 καὶ
1635 3948 1814 4018 πάντη

219 4026 512 4099 ἄληπτον,
562 4031 657 4084 καὶ
699 4032 789 4084 διά
821 4032 982 4086 τοῦτο
1027 4035 1319 4104 ’ἄγραπτον
1368 4038 1464 4089 καὶ
1502 4039 1815 4110 ἀπερίγρα-

219 4137 392 4188 πτον,
446 4123 652 4176 εῐσεται
689 4126 781 4179 καὶ
817 4124 1045 4197 θάτερον
1084 4128 1167 4181 ὅτι
1212 4128 1408 4198 ὁρατὸν
1453 4132 1548 4183 καὶ
1577 4133 1816 4204 καταλη-

219 4215 384 4266 πτόν·
423 4215 571 4268 ὥστε
599 4219 694 4270 καὶ
726 4219 1104 4288 περιγραπτδν
1139 4221 1198 4284 ἐξ
1244 4221 1492 4291 ἀνάγκης
1542 4225 1636 4275 καὶ
1672 4243 1814 4295 γρα-

217 4305 353 4358 πτὸν
375 4346 390 4369 ,
425 4307 522 4361 διὰ
553 4308 653 4378 τὴν
682 4309 793 4362 τῶν
827 4310 1088 4364 ἐναντίων
1123 4311 1420 4367 ἀντίθεσιν.
1469 4315 1543 4365 Οὐ
1589 4317 1725 4385 πρὸς
1754 4318 1814 4370 τὸ

216 4397 336 4451 ὅλον
367 4396 468 4453 οὗν
501 4400 562 4452 ἓν
596 4400 672 4464 ὡς
708 4402 832 4456 ὅλον
860 4404 1192 4457 ἀποϐλέπων
1212 4444 1228 4468 ,
1262 4406 1323 4458 τὸ
1361 4405 1421 4470 ἐξ
1450 4409 1655 4478 ἀμφοῖν
1701 4413 1813 4464 τοῖν

219 4495 409 4563 μεροῖν
439 4495 811 4564 συγκείμενον
832 4513 843 4524 ·
882 4496 914 4566 ἢ
948 4497 1058 4566 γάρ
1094 4498 1159 4551 ἂν
1190 4497 1320 4562 ἴσως
1351 4501 1445 4552 καί
1485 4517 1608 4553 τινα
1639 4503 1811 4572 ἀφορ-

218 4589 324 4655 μὴν
356 4581 511 4656 εῖχεν
535 4588 564 4638 ό
591 4587 782 4654 λόγος,
815 4588 950 4642 ἀλλὰ
977 4589 1036 4641 τὸ
1058 4589 1338 4660 ὁρώμενον
1370 4591 1533 4660 μόνον
1566 4594 1810 4648 ἀναθεω-

215 4680 361 4748 ρῶν,
395 4679 581 4750 ταύτῃ
627 4684 791 4734 ποιεῖ.
857 4682 1176 4736 Ἐπίσταται
1209 4685 1267 4736 δέ
1305 4686 1389 4737 ὅτι
1429 4688 1492 4738 ἐκ
1525 4687 1622 4740 τοῦ
1673 4690 1807 4760 γρά-

213 4786 358 4836 φειν,
391 4770 525 4824 οὔτε
555 4774 1153 4843 συμπεριγραφήσεται
1182 4776 1277 4827 καὶ
1301 4775 1529 4848 θάτερον
1552 4777 1612 4842 ἐξ
1639 4781 1810 4849 ἀινοὶγ⁴

211 4881 350 4933 κης,
397 4863 532 4919 οὔτε
583 4861 650 4918 αὖ
685 4866 744 4917 τὸ
781 4866 838 4918 ἓν
864 4867 986 4920 ὃλον
1023 4868 1441 4938 μερισθήσεται.
1479 4872 1671 4935 Οὐδεὶς
1702 4874 1810 4943 γὰρ

210 4955 367 5024 λόγος
393 4956 656 5028 όδρᾶσαι
704 4956 865 5010 τοῦτο
909 4958 1231 5028 δυνάμενος.
1286 4959 1372 5023 Ὠς
1415 4963 1523 5032 γὰρ
1557 4964 1617 5015 οὐ
1661 4965 1811 5035 παρὰ

210 5049 268 5100 τὸ
293 5049 508 5102 ειδέναι
538 5049 632 5101 τὸν
659 5050 964 5119 γράφοντα,
994 5051 1062 5102 τά
1087 5051 1398 5122 δηλούμενα
1432 5055 1806 5125 διαστήσεται,

209 5140 385 5206 οὕτως
408 5142 542 5195 οὐδὲ
579 5143 730 5212 παρά
759 5143 819 5195 τὸ
853 5143 1089 5214 γράφειν
1115 5144 1177 5196 τὸ
1213 5145 1420 5212 ἕτερον,
1456 5147 1552 5200 καὶ
1583 5147 1809 5218 θάτερον

211 5233 689 5308 συγγεγράψεται.
745 5236 882 5307 ’Ἡδη
923 5236 1084 5289 τοῦτο
1142 5238 1236 5290 καὶ
1269 5237 1362 5289 ἐπὶ
1392 5238 1486 5290 τοῦ
1535 5241 1676 5293 κατὰ
1719 5242 1808 5292 τὸν

209 5324 512 5397 ἄνθρωπον
544 5326 993 5398 παραδείγματος
1034 5327 1257 5400 εἴρηται
1283 5346 1295 5359 ·
1327 5329 1388 5380 τὸ
1426 5330 1640 5384 τοιοῦτο
1671 5333 1716 5385 δ’
1742 5334 1808 5386 ἂν

208 5419 303 5472 καὶ
345 5419 408 5471 ἐν
443 5417 636 5480 ἀλλοις
689 5419 888 5489 ῥᾳδίως
918 5419 1069 5491 εὖροι
1107 5439 1192 5484 τις
1227 5423 1314 5476 ἄν.
1348 5423 1411 5476 Ei
1448 5424 1558 5493 γάρ
1581 5442 1664 5488 τις
1696 5422 1804 5479 οἶδε

210 5509 550 5580 πράγματός
594 5525 738 5570 τινος
770 5511 1004 5582 διάφορα
1045 5516 1115 5567 τὰ
1162 5515 1489 5586 δηλούμενα,
1537 5516 1710 5570 ἕλοιτο
1747 5519 1804 5572 δέ

278 5712 392 5781 (60)
431 5713 511 5766 Dc
542 5712 820 5767 vocabulis
877 5718 1206 5784 περιχωρεῖν
1251 5724 1305 5770 et
1337 5713 1709 5784 περιχώρησις
1750 5716 1800 5768 iu

214 5800 308 5839 usu
348 5784 973 5854 loqueiiilitlieoIOgico,
1009 5783 1101 5838 diu
1130 5801 1192 5838 ac
1218 5787 1492 5854 sapienter
1543 5783 1800 5840 Petavius

213 5853 451 5921 disserit,
493 5853 573 5908 De
599 5853 792 5907 Trinit.
827 5855 916 5908 lib.
954 5871 1026 5921 ιν,
1063 5855 1147 5920 16,
1186 5853 1344 5926 quem
1384 5858 1426 5911 si
1465 5856 1639 5911 Graeci
1669 5858 1801 5910 lexi-

1927 1931 2090 1968 unum
2134 1915 2342 1970 diceret
2366 1957 2379 1980 ,
2416 1915 2498 1970 vel
2530 1918 2660 1970 item
2693 1917 2916 1971 omnino
2953 1913 3511 1980 incircumscriptum.

1931 2008 2036 2062 Sed
2069 2010 2193 2077 quia
2224 2009 2472 2064 Christus
2516 2010 2647 2063 duas
2687 2024 2798 2079 prae
2833 2023 2890 2062 se
2926 2007 3031 2060 fert
3061 2015 3321 2070 naturas,
3373 2004 3518 2057 sicut

1925 2103 2086 2156 etiam
2121 2101 2396 2158 Mamouas
2425 2104 2522 2170 ait,
2553 2104 2674 2171 quis
2705 2103 2954 2173 prohibet
2986 2101 3282 2171 quominus
3319 2099 3510 2152 harum

1923 2199 2142 2265 utrique
2171 2197 2389 2266 propria
2423 2207 2478 2252 et
2511 2197 2888 2251 convenientia
2925 2196 3184 2248 attributa
3221 2193 3515 2261 assignen-

1925 2285 2051 2339 tur?
2086 2294 2142 2338 ut
2191 2294 2243 2339 et
2294 2297 2480 2340 mutuo
2513 2287 2766 2340 adunatze
2796 2287 2936 2350 sint,
2983 2295 3037 2339 et
3083 2294 3262 2339 tamen
3322 2291 3514 2336 neutra

1925 2377 2239 2432 discesserit
2281 2394 2308 2430 a
2345 2378 2798 2432 substantialibus
2822 2407 2824 2409 >
2848 2379 2961 2432 suis
2994 2375 3409 2445 praerogativis;
3455 2384 3511 2425 ut

1924 2468 2415 2523 ineonvertibiliter
2433 2469 2775 2523 manentibus
2795 2469 3035 2539 physicis
3055 2467 3506 2535 proprietatibus.

1923 2574 2030 2613 non
2067 2568 2247 2613 tamen
2286 2569 2493 2614 natura:
2525 2571 2870 2628 separentur,
2906 2561 3160 2628 quoniam
3207 2557 3506 2613 inconfusae

1923 2652 2155 2706 invicem
2210 2653 2663 2708 circumiusident
2710 2654 2847 2722 (60).
2894 2654 3217 2723 Quanquam
3268 2651 3413 2706 enim
3459 2651 3510 2704 iu

1917 2760 2031 2800 .uno
2053 2743 2273 2800 Christo
2303 2747 2420 2810 dum
2451 2762 2537 2802 res
2560 2758 2709 2814 sunt,
2744 2749 2886 2802 haud
2914 2748 3041 2800 hine
3070 2756 3250 2800 tamen
3289 2744 3514 2815 subjecti
3596 2755 3602 2761 ‘

1924 2836 2155 2889 dualitas
2194 2837 2382 2901 contit,
2420 2840 2562 2892 sicut
2605 2855 2671 2893 ue
2715 2839 2912 2893 animae
2941 2838 3161 2908 quidem
3201 2848 3255 2892 et
3299 2838 3511 2905 corpori

1929 2926 2196 2978 usuveuit.
2234 2924 2419 2994 Neque
2452 2928 2494 2980 si
2531 2929 2650 2996 quis
2693 2939 2901 2982 annuat
2946 2929 3199 2982 eumdem
3239 2929 3512 2981 hominem
3577 2971 3594 2978 -

1921 3016 2082 3070 simul
2114 3031 2237 3071 esse
2265 3018 2545 3074 aurilicem
2579 3029 2633 3074 et
2669 3023 2993 3074 statuarium
3017 3062 3030 3084 ,
3071 3020 3278 3074 idcirco
3313 3034 3378 3073 ex
3411 3034 3512 3071 au-

1921 3112 2066 3164 raria
2098 3120 2152 3164 et
2175 3113 2444 3166 statuaria
2471 3129 2633 3166 unam
2667 3125 2839 3169 artem
2870 3113 3084 3168 ellit-iet.
3117 3112 3398 3166 Mamouas
3432 3122 3512 3164 ta-

1925 3220 2049 3258 men
2085 3204 2362 3260 dualitatis
2399 3223 2683 3260 munerum
2736 3221 2832 3260 ceu
2886 3206 3106 3259 malitia:
3157 3221 3269 3258 sua:
3311 3206 3514 3258 instru-

1926 3308 2169 3352 mentum
2194 3297 2453 3367 objectat,
2479 3300 2605 3351 etin
2637 3299 2844 3352 inituris
2877 3313 3165 3367 perperam
3198 3297 3505 3360 cavillatur,

1927 3398 1985 3446 ut
2036 3390 2394 3457 compositam
2443 3407 2658 3458 quoque
2711 3406 2778 3444 et
2833 3391 2916 3444 his
2970 3404 3259 3457 personam
3297 3387 3512 3441 demum

1925 3481 2202 3547 destruat,
2240 3499 2505 3552 suamque
2553 3485 2618 3537 de
2653 3485 2756 3538 hac
2809 3499 2865 3537 re
2914 3484 3241 3537 sententiam
3299 3480 3515 3535 facilius

1925 3585 2291 3629 consummet.
2319 3576 2462 3645 Ergo
2485 3578 2575 3645 qui
2611 3577 2756 3629 iHam
2791 3575 2923 3630 facit
2950 3575 3262 3644 imaginem,
3287 3574 3516 3628 Christi-

1926 3684 2030 3738 que
2057 3684 2178 3724 esse
2211 3671 2366 3736 dicit,
2406 3672 2576 3738 probe
2598 3672 2698 3724 scit
2723 3686 2784 3724 ea
2819 3670 2984 3723 etiam
3010 3685 3132 3738 qua:
3157 3669 3263 3723 huc
3291 3667 3512 3721 nomine

1926 3764 2325 3833 signiﬁcantur,
2365 3781 2597 3834 qumque
2630 3768 2758 3820 item
2791 3782 2818 3819 a
2856 3780 3086 3835 persona
3132 3767 3462 3819 denotamur
3496 3784 3507 3818 :

1925 3871 2102 3925 neque
2147 3857 2269 3911 item
2301 3858 2475 3910 nescit
2527 3858 2640 3911 haec
2676 3858 2906 3910 invicem
2942 3870 3061 3910 esse
3106 3856 3356 3925 opposita
3389 3871 3507 3923 qua:

1925 3949 2324 4012 coadunantur,
2375 3963 2604 4018 quorum
2635 3957 2717 4003 est
2752 3965 2856 4002 una
2888 3948 2978 4018 (id
3012 3958 3096 4002 est
3148 3947 3512 4013 simultanea)

1927 4040 2198 4108 cognitio,
2252 4050 2307 4093 ut
2341 4041 2636 4109 loquimur.
2681 4038 2872 4094 Sciens
2911 4039 3077 4109 igitur
3116 4039 3310 4092 horum
3346 4052 3511 4090 unmu

1925 4146 2044 4185 esse
2078 4132 2350 4186 invisibile
2384 4144 2439 4186 et
2474 4131 3052 4198 incomprehensibile,
3089 4132 3319 4200 ideoque
3356 4130 3508 4183 inde-

1925 4222 2180 4276 lineabile
2232 4232 2288 4276 et
2337 4224 2904 4293 incircumscriptmu,
2963 4231 3259 4294 cognoscet
3307 4222 3512 4292 pariter

1922 4316 2081 4368 etiam
2116 4315 2380 4382 alterum,
2429 4331 2622 4384 nempe
2655 4318 2794 4386 quod
2829 4317 2901 4371 sit
2932 4315 3144 4369 visibile
3174 4329 3229 4368 et
3264 4327 3511 4381 compre-

1923 4406 2224 4475 hensibile;
2278 4409 2350 4461 ita
2393 4417 2448 4462 ut
2493 4409 2803 4464 necessario
2836 4418 2892 4462 et
2925 4407 3400 4476 circumscriptum
3435 4406 3506 4460 sit

1921 4511 1977 4554 et
2033 4501 2378 4569 delineabile,
2434 4513 2657 4571 propter
2705 4503 3109 4557 contrariorum
3160 4501 3503 4556 antithesim.

1920 4593 2038 4647 Non
2069 4609 2198 4662 ergo
2232 4595 2298 4647 ad
2334 4605 2506 4649 totum
2541 4612 2742 4659 unum,
2778 4605 3034 4665 tanquam
3083 4605 3255 4650 totum
3281 4635 3295 4658 ,
3336 4596 3506 4663 respi-

1921 4687 2074 4742 ciens
2105 4690 2246 4757 quod
2273 4703 2338 4742 ex
2370 4688 2580 4743 duabus
2611 4690 2856 4757 partibus
2888 4690 3268 4756 componitur;
3300 4689 3501 4758 alioqui

1921 4779 2151 4834 fortasse
2185 4780 2292 4834 vim
2328 4781 2562 4850 aliquam
2593 4792 2976 4849 argumentum
3011 4779 3269 4846 haberet;
3298 4781 3392 4835 sed
3428 4783 3510 4834 vi-

1915 4873 2074 4927 sibile
2110 4884 2321 4927 tantmn
2373 4883 2661 4943 spectans,
2713 4875 2786 4928 ita
2832 4889 2893 4929 se
2935 4875 3098 4945 gerit.
3153 4872 3271 4928 Scit
3321 4882 3502 4928 autem

1917 4967 2057 5033 quod
2095 4967 2320 5034 pictura:
2350 4980 2538 5032 causa,
2568 4969 2712 5022 haud
2742 4969 3054 5023 necessario
3078 4964 3311 5022 alterum
3344 4967 3502 5020 simul

1917 5058 2420 5124 circumscribetur,
2464 5075 2638 5128 neque
2678 5061 2809 5116 item
2841 5078 3006 5114 unum
3045 5070 3215 5114 totum
3250 5057 3380 5113 illud
3422 5059 3503 5112 di-

1918 5148 2151 5202 videtur.
2194 5147 2515 5204 Nullatenus
2543 5151 2687 5205 enim
2714 5151 2765 5204 id
2791 5149 2910 5204 ﬁeri
2941 5161 3143 5220 potest.
3174 5149 3310 5203 Nam
3335 5149 3497 5210 sicut,

1920 5242 2042 5308 quia
2078 5251 2130 5294 tu
2161 5243 2472 5311 pingentem
2507 5244 2723 5311 videas,
2757 5243 2903 5296 haud
2939 5253 3230 5312 propterea
3265 5256 3353 5296 res
3390 5241 3497 5295 visa

1919 5333 1971 5385 in
2006 5342 2187 5400 partes
2219 5335 2350 5401 ibit;
2385 5335 2459 5388 ita
2491 5350 2557 5388 ne
2590 5335 2663 5389 ob
2694 5335 3026 5389 deliueatum
3057 5334 3278 5403 quidem
3309 5348 3494 5394 unum,

1917 5425 2143 5479 alterum
2175 5427 2339 5481 simul
2369 5428 2871 5483 circumscribetur.
2903 5425 3135 5496 Jamque
3166 5425 3270 5479 hoc
3297 5425 3366 5478 ab
3398 5428 3495 5477 bo-

1914 5518 2078 5572 minis
2103 5521 2265 5572 etiam
2301 5523 2548 5588 exemplo
2575 5520 3070 5576 demonstravimus
3135 5529 3189 5576 et
3218 5519 3340 5573 aliis
3362 5535 3495 5587 quo-

1917 5720 2171 5787 mgraphi
2229 5721 2652 5785 consuluissent,
2710 5719 2930 5774 meliora
2998 5730 3050 5774 et
3096 5716 3491 5773 almudautt'ora

1915 5791 2123 5843 tradere
2159 5801 2432 5857 poterant.
