  <div class='ocr_page' id='page_1' title='image "/cluster/home/n/w/nwhite01/storage/ocr_20150623/100/nnc1.0046980229/162.png"; bbox 0 0 4238 6446; ppageno 0'>
   <div class='ocr_carea' id='block_1_1' title="bbox 271 386 382 453">
    <p class='ocr_par' dir='ltr' id='par_1_1' title="bbox 271 386 382 453">
     <span class='ocr_line' id='line_1_1' title="bbox 271 386 382 453; baseline 0.036 -3"><span class='ocrx_word' id='word_1_1' title='bbox 271 386 382 453; x_wconf 75' lang='lat'><strong>313</strong></span> 
     </span>
    </p>
   </div>
   <div class='ocr_carea' id='block_1_2' title="bbox 990 408 1889 478">
    <p class='ocr_par' dir='ltr' id='par_1_2' title="bbox 990 408 1889 478">
     <span class='ocr_line' id='line_1_2' title="bbox 990 408 1889 478; baseline 0.013 -12"><span class='ocrx_word' id='word_1_2' title='bbox 990 408 1616 470; x_wconf 75' lang='lat' dir='ltr'><strong>ANTIRRIIETICUS</strong></span> <span class='ocrx_word' id='word_1_3' title='bbox 1657 413 1679 470; x_wconf 84' lang='grc' dir='ltr'>Ι</span> <span class='ocrx_word' id='word_1_4' title='bbox 1719 417 1889 478; x_wconf 78' lang='grc' dir='ltr'>Αυν.</span> 
     </span>
    </p>
   </div>
   <div class='ocr_carea' id='block_1_3' title="bbox 1929 419 3536 497">
    <p class='ocr_par' dir='ltr' id='par_1_3' title="bbox 1929 419 3536 497">
     <span class='ocr_line' id='line_1_3' title="bbox 1929 419 3536 497; baseline 0.009 -18"><span class='ocrx_word' id='word_1_5' title='bbox 1929 419 2071 479; x_wconf 79' lang='lat' dir='ltr'><strong>CON</strong></span> <span class='ocrx_word' id='word_1_6' title='bbox 2079 422 2211 480; x_wconf 79' lang='lat' dir='ltr'><strong>STA</strong></span> <span class='ocrx_word' id='word_1_7' title='bbox 2221 421 2317 480; x_wconf 88' lang='lat' dir='ltr'><strong>NT</strong></span> <span class='ocrx_word' id='word_1_8' title='bbox 2325 423 2344 480; x_wconf 87' lang='grc' dir='ltr'><strong>Ι</strong></span> <span class='ocrx_word' id='word_1_9' title='bbox 2355 423 2402 482; x_wconf 79' lang='grc' dir='ltr'><strong>Ν</strong></span> <span class='ocrx_word' id='word_1_10' title='bbox 2412 424 2523 483; x_wconf 77' lang='lat' dir='ltr'><strong>UM</strong></span> <span class='ocrx_word' id='word_1_11' title='bbox 2581 423 2792 492; x_wconf 82' lang='lat' dir='ltr'><strong>COPR,</strong></span> <span class='ocrx_word' id='word_1_12' title='bbox 3429 428 3536 497; x_wconf 69' lang='grc'><strong>314</strong></span> 
     </span>
    </p>
   </div>
   <div class='ocr_carea' id='block_1_4' title="bbox 350 488 1910 614">
    <p class='ocr_par' dir='ltr' id='par_1_4' title="bbox 350 488 1910 614">
     <span class='ocr_line' id='line_1_4' title="bbox 350 488 1910 593; baseline 0.017 -38"><span class='ocrx_word' id='word_1_13' title='bbox 350 513 452 571; x_wconf 86' lang='grc' dir='ltr'>με’.</span> <span class='ocrx_word' id='word_1_14' title='bbox 527 506 678 560; x_wconf 71' lang='grc' dir='ltr'>Ἐπεὶ</span> <span class='ocrx_word' id='word_1_15' title='bbox 712 488 791 586; x_wconf 34' lang='grc' dir='ltr'><strong>,ξὲ</strong></span> <span class='ocrx_word' id='word_1_16' title='bbox 842 512 1223 587; x_wconf 85' lang='grc' dir='ltr'>ἀδολεσχοῦντι</span> <span class='ocrx_word' id='word_1_17' title='bbox 1279 522 1372 574; x_wconf 75' lang='grc' dir='ltr'>καὶ</span> <span class='ocrx_word' id='word_1_18' title='bbox 1421 524 1844 593; x_wconf 80' lang='grc' dir='ltr'>ταυτοεποῦντι,</span> <span class='ocrx_word' id='word_1_19' title='bbox 1879 537 1910 591; x_wconf 77' lang='grc' dir='ltr'><strong>Α</strong></span> 
     </span>
     <span class='ocr_line' id='line_1_5' title="bbox 351 595 1244 614; baseline 0.009 -7"><span class='ocrx_word' id='word_1_20' title='bbox 557 613 560 614; x_wconf 24' lang='grc' dir='ltr'><strong>ν</strong></span> <span class='ocrx_word' id='word_1_21' title='bbox 637 600 659 613; x_wconf 83' lang='lat'><strong><em>.</em></strong></span> <span class='ocrx_word' id='word_1_22' title='bbox 833 603 918 614; x_wconf 69' lang='grc' dir='ltr'><strong>η.</strong></span> <span class='ocrx_word' id='word_1_23' title='bbox 1003 607 1022 614; x_wconf 84' lang='grc'><strong>-</strong></span> <span class='ocrx_word' id='word_1_24' title='bbox 1156 613 1174 614; x_wconf 51' lang='grc' dir='ltr'><em>η</em></span> <span class='ocrx_word' id='word_1_25' title='bbox 1235 613 1244 614; x_wconf 59' lang='lat'><strong><em>,</em></strong></span> 
     </span>
    </p>
   </div>
   <div class='ocr_carea' id='block_1_5' title="bbox 1929 488 3530 614">
    <p class='ocr_par' dir='ltr' id='par_1_5' title="bbox 2022 533 3530 614">
     <span class='ocr_line' id='line_1_6' title="bbox 2022 533 3530 614; baseline 0.011 -29"><span class='ocrx_word' id='word_1_26' title='bbox 2022 533 2112 585; x_wconf 71' lang='grc'><strong>45.</strong></span> <span class='ocrx_word' id='word_1_27' title='bbox 2149 533 2256 588; x_wconf 91' lang='lat' dir='ltr'><strong>Sed</strong></span> <span class='ocrx_word' id='word_1_28' title='bbox 2304 535 2430 602; x_wconf 85' lang='lat' dir='ltr'><strong>quia</strong></span> <span class='ocrx_word' id='word_1_29' title='bbox 2474 537 2576 591; x_wconf 89' lang='lat' dir='ltr'><strong>hoc</strong></span> <span class='ocrx_word' id='word_1_30' title='bbox 2618 545 2857 608; x_wconf 77' lang='lat' dir='ltr'><strong>nugante</strong></span> <span class='ocrx_word' id='word_1_31' title='bbox 2899 553 2954 595; x_wconf 87' lang='lat' dir='ltr'><strong>et</strong></span> <span class='ocrx_word' id='word_1_32' title='bbox 2985 543 3286 612; x_wconf 78' lang='lat' dir='ltr'><strong>tautologo,</strong></span> <span class='ocrx_word' id='word_1_33' title='bbox 3333 548 3530 614; x_wconf 78' lang='lat' dir='ltr'><strong>nugari</strong></span> 
     </span>
    </p>
   </div>
   <div class='ocr_carea' id='block_1_6' title="bbox 273 595 1852 690">
    <p class='ocr_par' dir='ltr' id='par_1_6' title="bbox 273 595 1852 690">
     <span class='ocr_line' id='line_1_7' title="bbox 273 595 1852 690; baseline 0.018 -47"><span class='ocrx_word' id='word_1_34' title='bbox 273 595 688 666; x_wconf 79' lang='grc' dir='ltr'>συναδολεσχείν</span> <span class='ocrx_word' id='word_1_35' title='bbox 717 603 1068 690; x_wconf 65' lang='grc' dir='ltr'>προύθέμεθα</span> <span class='ocrx_word' id='word_1_36' title='bbox 1093 613 1204 674; x_wconf 82' lang='grc' dir='ltr'>τοῖς</span> <span class='ocrx_word' id='word_1_37' title='bbox 1233 613 1652 683; x_wconf 72' lang='grc' dir='ltr'><strong>ἐπιφερομένοις</strong></span> <span class='ocrx_word' id='word_1_38' title='bbox 1681 619 1852 689; x_wconf 75' lang='grc' dir='ltr'>αὐτῷ,</span> 
     </span>
    </p>
   </div>
   <div class='ocr_carea' id='block_1_7' title="bbox 271 685 1853 768">
    <p class='ocr_par' dir='ltr' id='par_1_7' title="bbox 271 685 1853 768">
     <span class='ocr_line' id='line_1_8' title="bbox 271 685 1853 768; baseline 0.019 -35"><span class='ocrx_word' id='word_1_39' title='bbox 271 685 368 736; x_wconf 80' lang='grc' dir='ltr'>καὶ</span> <span class='ocrx_word' id='word_1_40' title='bbox 393 685 459 736; x_wconf 70' lang='grc' dir='ltr'>τὰ</span> <span class='ocrx_word' id='word_1_41' title='bbox 489 686 630 740; x_wconf 81' lang='grc' dir='ltr'><strong>αῦτά</strong></span> <span class='ocrx_word' id='word_1_42' title='bbox 661 685 790 761; x_wconf 76' lang='grc' dir='ltr'>περὶ</span> <span class='ocrx_word' id='word_1_43' title='bbox 833 693 942 746; x_wconf 82' lang='grc' dir='ltr'><strong>τῶν</strong></span> <span class='ocrx_word' id='word_1_44' title='bbox 971 697 1150 752; x_wconf 83' lang='grc' dir='ltr'>αὐτῶν</span> <span class='ocrx_word' id='word_1_45' title='bbox 1182 701 1466 768; x_wconf 78' lang='grc' dir='ltr'>διεξιόντι,</span> <span class='ocrx_word' id='word_1_46' title='bbox 1508 707 1651 759; x_wconf 74' lang='grc' dir='ltr'>οὕτω</span> <span class='ocrx_word' id='word_1_47' title='bbox 1690 709 1853 764; x_wconf 86' lang='grc' dir='ltr'>πάλιν</span> 
     </span>
    </p>
   </div>
   <div class='ocr_carea' id='block_1_8' title="bbox 281 781 1851 866">
    <p class='ocr_par' dir='ltr' id='par_1_8' title="bbox 281 781 1851 866">
     <span class='ocr_line' id='line_1_9' title="bbox 281 781 1851 866; baseline 0.021 -42"><span class='ocrx_word' id='word_1_48' title='bbox 281 781 851 850; x_wconf 72' lang='grc' dir='ltr'>προσαπαντήσωμενο</span> <span class='ocrx_word' id='word_1_49' title='bbox 906 786 1020 856; x_wconf 81' lang='grc' dir='ltr'>ἔχει</span> <span class='ocrx_word' id='word_1_50' title='bbox 1071 792 1178 862; x_wconf 74' lang='grc' dir='ltr'><strong>γὰρ</strong></span> <span class='ocrx_word' id='word_1_51' title='bbox 1215 788 1341 847; x_wconf 83' lang='grc' dir='ltr'><strong>ὧδε·</strong></span> <span class='ocrx_word' id='word_1_52' title='bbox 1392 817 1410 847; x_wconf 83' lang='grc' dir='ltr'>ι</span> <span class='ocrx_word' id='word_1_53' title='bbox 1467 800 1576 852; x_wconf 77' lang='grc' dir='ltr'>Καὶ</span> <span class='ocrx_word' id='word_1_54' title='bbox 1605 802 1723 866; x_wconf 84' lang='grc' dir='ltr'><strong>πῶς</strong></span> <span class='ocrx_word' id='word_1_55' title='bbox 1758 805 1851 857; x_wconf 88' lang='grc' dir='ltr'><strong>τοῦ</strong></span> 
     </span>
    </p>
   </div>
   <div class='ocr_carea' id='block_1_9' title="bbox 268 866 1852 964">
    <p class='ocr_par' dir='ltr' id='par_1_9' title="bbox 268 866 1852 964">
     <span class='ocr_line' id='line_1_10' title="bbox 268 866 1852 964; baseline 0.021 -48"><span class='ocrx_word' id='word_1_56' title='bbox 268 866 408 964; x_wconf 78' lang='grc' dir='ltr'>Θεοῦ</span> <span class='ocrx_word' id='word_1_57' title='bbox 553 872 842 944; x_wconf 80' lang='grc' dir='ltr'>ἀνθρώπου</span> <span class='ocrx_word' id='word_1_58' title='bbox 875 879 1068 951; x_wconf 83' lang='grc' dir='ltr'>ὄνομα,</span> <span class='ocrx_word' id='word_1_59' title='bbox 1102 885 1197 955; x_wconf 80' lang='grc' dir='ltr'>τὴν</span> <span class='ocrx_word' id='word_1_60' title='bbox 1222 887 1370 943; x_wconf 88' lang='grc' dir='ltr'>θείαν</span> <span class='ocrx_word' id='word_1_61' title='bbox 1395 891 1556 959; x_wconf 82' lang='grc' dir='ltr'>φύσιν</span> <span class='ocrx_word' id='word_1_62' title='bbox 1590 899 1852 964; x_wconf 82' lang='grc' dir='ltr'>σημαῖνον</span> 
     </span>
    </p>
   </div>
   <div class='ocr_carea' id='block_1_10' title="bbox 271 961 1852 1057">
    <p class='ocr_par' dir='ltr' id='par_1_10' title="bbox 271 961 1852 1057">
     <span class='ocr_line' id='line_1_11' title="bbox 271 961 1852 1057; baseline 0.022 -48"><span class='ocrx_word' id='word_1_63' title='bbox 271 961 369 1057; x_wconf 49' lang='lat' dir='ltr'><strong>icui.</strong></span> <span class='ocrx_word' id='word_1_64' title='bbox 417 961 801 1038; x_wconf 85' lang='grc' dir='ltr'>ἀνθρωπίνην,</span> <span class='ocrx_word' id='word_1_65' title='bbox 855 973 947 1025; x_wconf 73' lang='grc' dir='ltr'>ἐπὶ</span> <span class='ocrx_word' id='word_1_66' title='bbox 986 977 1050 1045; x_wconf 84' lang='grc' dir='ltr'>τῇ</span> <span class='ocrx_word' id='word_1_67' title='bbox 1100 979 1269 1033; x_wconf 85' lang='grc' dir='ltr'>είκόνι</span> <span class='ocrx_word' id='word_1_68' title='bbox 1295 983 1480 1057; x_wconf 80' lang='grc' dir='ltr'>ἐκείνῃ</span> <span class='ocrx_word' id='word_1_69' title='bbox 1513 961 1710 1056; x_wconf 73' lang='grc' dir='ltr'>ἔχομεν</span> <span class='ocrx_word' id='word_1_70' title='bbox 1754 1007 1852 1042; x_wconf 90' lang='grc' dir='ltr'>κα-</span> 
     </span>
    </p>
   </div>
   <div class='ocr_carea' id='block_1_11' title="bbox 268 1050 1850 1146">
    <p class='ocr_par' dir='ltr' id='par_1_11' title="bbox 268 1050 1850 1146">
     <span class='ocr_line' id='line_1_12' title="bbox 268 1050 1850 1146; baseline 0.02 -44"><span class='ocrx_word' id='word_1_71' title='bbox 268 1050 461 1119; x_wconf 83' lang='grc' dir='ltr'>λέσαι,</span> <span class='ocrx_word' id='word_1_72' title='bbox 503 1059 570 1128; x_wconf 81' lang='grc' dir='ltr'>τῇ</span> <span class='ocrx_word' id='word_1_73' title='bbox 601 1057 843 1126; x_wconf 83' lang='grc' dir='ltr'><strong>δυνατῶς</strong></span> <span class='ocrx_word' id='word_1_74' title='bbox 895 1065 1093 1138; x_wconf 78' lang='grc' dir='ltr'>ἐχούσῃ</span> <span class='ocrx_word' id='word_1_75' title='bbox 1147 1071 1435 1142; x_wconf 79' lang='grc' dir='ltr'>ἀνθρώπου</span> <span class='ocrx_word' id='word_1_76' title='bbox 1475 1077 1637 1145; x_wconf 74' lang='grc' dir='ltr'>μόνου</span> <span class='ocrx_word' id='word_1_77' title='bbox 1687 1079 1850 1146; x_wconf 75' lang='grc' dir='ltr'>φύσιν</span> 
     </span>
    </p>
   </div>
   <div class='ocr_carea' id='block_1_12' title="bbox 267 1149 1848 1238">
    <p class='ocr_par' dir='ltr' id='par_1_12' title="bbox 267 1149 1848 1238">
     <span class='ocr_line' id='line_1_13' title="bbox 267 1149 1848 1238; baseline 0.018 -43"><span class='ocrx_word' id='word_1_78' title='bbox 267 1149 733 1238; x_wconf 75' lang='grc' dir='ltr'>χαρακτηρίζειν,</span> <span class='ocrx_word' id='word_1_79' title='bbox 796 1156 888 1208; x_wconf 75' lang='grc' dir='ltr'>καὶ</span> <span class='ocrx_word' id='word_1_80' title='bbox 953 1161 1051 1229; x_wconf 84' lang='grc' dir='ltr'>τὴν</span> <span class='ocrx_word' id='word_1_81' title='bbox 1103 1161 1260 1216; x_wconf 89' lang='grc' dir='ltr'>θείαν</span> <span class='ocrx_word' id='word_1_82' title='bbox 1317 1167 1410 1220; x_wconf 71' lang='grc' dir='ltr'><strong>καὶ</strong></span> <span class='ocrx_word' id='word_1_83' title='bbox 1461 1168 1848 1238; x_wconf 82' lang='grc' dir='ltr'><strong>ἀκατάληπτον</strong></span> 
     </span>
    </p>
   </div>
   <div class='ocr_carea' id='block_1_13' title="bbox 266 1235 1854 1330">
    <p class='ocr_par' dir='ltr' id='par_1_13' title="bbox 266 1235 1854 1330">
     <span class='ocr_line' id='line_1_14' title="bbox 266 1235 1854 1330; baseline 0.016 -39"><span class='ocrx_word' id='word_1_84' title='bbox 266 1235 570 1330; x_wconf 12' lang='grc' dir='ltr'>φύσινῗμής</span> <span class='ocrx_word' id='word_1_85' title='bbox 623 1262 641 1293; x_wconf 81' lang='grc' dir='ltr'>ι</span> <span class='ocrx_word' id='word_1_86' title='bbox 686 1244 758 1296; x_wconf 84' lang='grc' dir='ltr'><strong>Τὸ</strong></span> <span class='ocrx_word' id='word_1_87' title='bbox 790 1247 937 1314; x_wconf 84' lang='grc' dir='ltr'>πῶς,</span> <span class='ocrx_word' id='word_1_88' title='bbox 973 1251 1057 1304; x_wconf 85' lang='grc' dir='ltr'>’ίνα</span> <span class='ocrx_word' id='word_1_89' title='bbox 1089 1253 1166 1316; x_wconf 84' lang='grc' dir='ltr'>ὡς</span> <span class='ocrx_word' id='word_1_90' title='bbox 1200 1258 1430 1326; x_wconf 84' lang='grc' dir='ltr'><strong>παρόντι</strong></span> <span class='ocrx_word' id='word_1_91' title='bbox 1461 1235 1727 1330; x_wconf 69' lang='grc' dir='ltr'>διαλεχθω</span> <span class='ocrx_word' id='word_1_92' title='bbox 1749 1302 1764 1326; x_wconf 91' lang='grc'><strong>,</strong></span> <span class='ocrx_word' id='word_1_93' title='bbox 1801 1265 1854 1317; x_wconf 76' lang='lat' dir='ltr'><strong>el!</strong></span> 
     </span>
    </p>
   </div>
   <div class='ocr_carea' id='block_1_14' title="bbox 269 1329 1848 1422">
    <p class='ocr_par' dir='ltr' id='par_1_14' title="bbox 269 1329 1848 1422">
     <span class='ocr_line' id='line_1_15' title="bbox 269 1329 1848 1422; baseline 0.02 -46"><span class='ocrx_word' id='word_1_94' title='bbox 269 1341 356 1422; x_wconf 60' lang='grc' dir='ltr'><strong>σοι</strong></span> <span class='ocrx_word' id='word_1_95' title='bbox 385 1329 458 1381; x_wconf 84' lang='grc' dir='ltr'>τὰ</span> <span class='ocrx_word' id='word_1_96' title='bbox 483 1330 582 1400; x_wconf 83' lang='grc' dir='ltr'><strong>τῆς</strong></span> <span class='ocrx_word' id='word_1_97' title='bbox 607 1332 784 1405; x_wconf 80' lang='grc' dir='ltr'>ψυχῆς</span> <span class='ocrx_word' id='word_1_98' title='bbox 806 1331 921 1390; x_wconf 82' lang='grc' dir='ltr'>ὦτα</span> <span class='ocrx_word' id='word_1_99' title='bbox 946 1344 1020 1412; x_wconf 81' lang='grc' dir='ltr'><strong>μὴ</strong></span> <span class='ocrx_word' id='word_1_100' title='bbox 1049 1345 1368 1413; x_wconf 79' lang='grc' dir='ltr'>κεκὼφωτο,</span> <span class='ocrx_word' id='word_1_101' title='bbox 1403 1348 1457 1400; x_wconf 78' lang='grc' dir='ltr'><strong>εί</strong></span> <span class='ocrx_word' id='word_1_102' title='bbox 1481 1367 1563 1402; x_wconf 86' lang='grc' dir='ltr'><strong>σοι</strong></span> <span class='ocrx_word' id='word_1_103' title='bbox 1591 1351 1656 1404; x_wconf 87' lang='grc' dir='ltr'><strong>τά</strong></span> <span class='ocrx_word' id='word_1_104' title='bbox 1681 1355 1848 1422; x_wconf 80' lang='grc' dir='ltr'>νοητά</span> 
     </span>
    </p>
   </div>
   <div class='ocr_carea' id='block_1_15' title="bbox 264 1415 1844 1514">
    <p class='ocr_par' dir='ltr' id='par_1_15' title="bbox 264 1415 1844 1514">
     <span class='ocr_line' id='line_1_16' title="bbox 264 1415 1844 1514; baseline 0.019 -49"><span class='ocrx_word' id='word_1_105' title='bbox 264 1415 493 1484; x_wconf 71' lang='grc' dir='ltr'>ὄμματα</span> <span class='ocrx_word' id='word_1_106' title='bbox 524 1420 599 1491; x_wconf 83' lang='grc' dir='ltr'>μὴ</span> <span class='ocrx_word' id='word_1_107' title='bbox 643 1424 1006 1497; x_wconf 78' lang='grc' dir='ltr'>ἐπεπήρωτο,</span> <span class='ocrx_word' id='word_1_108' title='bbox 1045 1433 1099 1485; x_wconf 81' lang='grc' dir='ltr'><strong>εἴ</strong></span> <span class='ocrx_word' id='word_1_109' title='bbox 1133 1451 1212 1486; x_wconf 90' lang='grc' dir='ltr'><strong>σοι</strong></span> <span class='ocrx_word' id='word_1_110' title='bbox 1256 1436 1325 1488; x_wconf 88' lang='grc' dir='ltr'><strong>τά</strong></span> <span class='ocrx_word' id='word_1_111' title='bbox 1361 1437 1471 1490; x_wconf 83' lang='grc' dir='ltr'><strong>τῶν</strong></span> <span class='ocrx_word' id='word_1_112' title='bbox 1505 1442 1719 1507; x_wconf 82' lang='grc' dir='ltr'>φρενῶν</span> <span class='ocrx_word' id='word_1_113' title='bbox 1771 1444 1844 1514; x_wconf 82' lang='grc' dir='ltr'>μὴ</span> 
     </span>
    </p>
   </div>
   <div class='ocr_carea' id='block_1_16' title="bbox 259 1507 1839 1601">
    <p class='ocr_par' dir='ltr' id='par_1_16' title="bbox 259 1507 1839 1601">
     <span class='ocr_line' id='line_1_17' title="bbox 259 1507 1839 1601; baseline 0.019 -46"><span class='ocrx_word' id='word_1_114' title='bbox 259 1507 555 1574; x_wconf 76' lang='grc' dir='ltr'>ἠλλοίωτο,</span> <span class='ocrx_word' id='word_1_115' title='bbox 589 1515 684 1566; x_wconf 77' lang='grc' dir='ltr'>καὶ</span> <span class='ocrx_word' id='word_1_116' title='bbox 714 1518 783 1570; x_wconf 75' lang='grc' dir='ltr'>τὰ</span> <span class='ocrx_word' id='word_1_117' title='bbox 818 1520 927 1570; x_wconf 72' lang='grc' dir='ltr'>τῶν</span> <span class='ocrx_word' id='word_1_118' title='bbox 962 1521 1238 1593; x_wconf 79' lang='grc' dir='ltr'>λογισμῶν</span> <span class='ocrx_word' id='word_1_119' title='bbox 1277 1528 1352 1596; x_wconf 84' lang='grc' dir='ltr'>μὴ</span> <span class='ocrx_word' id='word_1_120' title='bbox 1389 1531 1839 1601; x_wconf 80' lang='grc' dir='ltr'>παρετέτραπτο,</span> 
     </span>
    </p>
   </div>
   <div class='ocr_carea' id='block_1_17' title="bbox 257 1598 1838 1685">
    <p class='ocr_par' dir='ltr' id='par_1_17' title="bbox 257 1598 1838 1685">
     <span class='ocr_line' id='line_1_18' title="bbox 257 1598 1838 1685; baseline 0.016 -39"><span class='ocrx_word' id='word_1_121' title='bbox 257 1598 313 1648; x_wconf 78' lang='grc' dir='ltr'>εἴ</span> <span class='ocrx_word' id='word_1_122' title='bbox 333 1614 417 1650; x_wconf 87' lang='grc' dir='ltr'><strong>σοι</strong></span> <span class='ocrx_word' id='word_1_123' title='bbox 443 1601 540 1668; x_wconf 85' lang='grc' dir='ltr'><strong>τῆς</strong></span> <span class='ocrx_word' id='word_1_124' title='bbox 563 1601 878 1669; x_wconf 79' lang='grc' dir='ltr'>θεοσεϐείας</span> <span class='ocrx_word' id='word_1_125' title='bbox 907 1610 956 1662; x_wconf 75' lang='lat' dir='ltr'><strong>oi</strong></span> <span class='ocrx_word' id='word_1_126' title='bbox 981 1611 1095 1680; x_wconf 74' lang='grc' dir='ltr'>ὅροι</span> <span class='ocrx_word' id='word_1_127' title='bbox 1125 1612 1359 1683; x_wconf 82' lang='grc' dir='ltr'>ἄτρωτοι</span> <span class='ocrx_word' id='word_1_128' title='bbox 1388 1617 1838 1685; x_wconf 77' lang='grc' dir='ltr'>διεφυλάσσοντο.</span> 
     </span>
    </p>
   </div>
   <div class='ocr_carea' id='block_1_18' title="bbox 259 1690 1842 1778">
    <p class='ocr_par' dir='ltr' id='par_1_18' title="bbox 259 1690 1842 1778">
     <span class='ocr_line' id='line_1_19' title="bbox 259 1690 1842 1778; baseline 0.015 -40"><span class='ocrx_word' id='word_1_129' title='bbox 259 1690 356 1740; x_wconf 71' lang='grc' dir='ltr'><strong>καὶ</strong></span> <span class='ocrx_word' id='word_1_130' title='bbox 399 1691 499 1759; x_wconf 85' lang='grc' dir='ltr'>τῆς</span> <span class='ocrx_word' id='word_1_131' title='bbox 551 1694 846 1767; x_wconf 77' lang='grc' dir='ltr'>καθολικῆς</span> <span class='ocrx_word' id='word_1_132' title='bbox 907 1699 1235 1772; x_wconf 83' lang='grc' dir='ltr'>Ἑκκλησίας</span> <span class='ocrx_word' id='word_1_133' title='bbox 1285 1709 1316 1775; x_wconf 84' lang='grc' dir='ltr'>ὴ</span> <span class='ocrx_word' id='word_1_134' title='bbox 1374 1709 1672 1778; x_wconf 83' lang='grc' dir='ltr'>παράδοσις</span> <span class='ocrx_word' id='word_1_135' title='bbox 1717 1728 1842 1762; x_wconf 86' lang='grc' dir='ltr'>συν-</span> 
     </span>
    </p>
   </div>
   <div class='ocr_carea' id='block_1_19' title="bbox 254 1783 1842 1868">
    <p class='ocr_par' dir='ltr' id='par_1_19' title="bbox 254 1783 1842 1868">
     <span class='ocr_line' id='line_1_20' title="bbox 254 1783 1842 1868; baseline 0.016 -37"><span class='ocrx_word' id='word_1_136' title='bbox 254 1783 560 1852; x_wconf 80' lang='grc' dir='ltr'>ετετήρητο</span> <span class='ocrx_word' id='word_1_137' title='bbox 587 1785 890 1856; x_wconf 67' lang='grc' dir='ltr'>ἀλώὸητος,</span> <span class='ocrx_word' id='word_1_138' title='bbox 922 1795 971 1846; x_wconf 84' lang='grc' dir='ltr'><strong>εί</strong></span> <span class='ocrx_word' id='word_1_139' title='bbox 1001 1797 1270 1868; x_wconf 79' lang='grc' dir='ltr'>σπινθῆρα</span> <span class='ocrx_word' id='word_1_140' title='bbox 1293 1800 1423 1867; x_wconf 74' lang='grc' dir='ltr'>γοῦν</span> <span class='ocrx_word' id='word_1_141' title='bbox 1457 1819 1578 1854; x_wconf 88' lang='grc' dir='ltr'>τινα</span> <span class='ocrx_word' id='word_1_142' title='bbox 1607 1806 1842 1866; x_wconf 80' lang='grc' dir='ltr'>πίστεως</span> 
     </span>
    </p>
   </div>
   <div class='ocr_carea' id='block_1_20' title="bbox 254 1871 1910 1964">
    <p class='ocr_par' dir='ltr' id='par_1_20' title="bbox 254 1871 1910 1964">
     <span class='ocr_line' id='line_1_21' title="bbox 254 1871 1910 1964; baseline 0.013 -42"><span class='ocrx_word' id='word_1_143' title='bbox 254 1871 318 1922; x_wconf 82' lang='grc' dir='ltr'>ἑν</span> <span class='ocrx_word' id='word_1_144' title='bbox 357 1874 423 1941; x_wconf 85' lang='grc' dir='ltr'><strong>τῇ</strong></span> <span class='ocrx_word' id='word_1_145' title='bbox 469 1876 697 1930; x_wconf 80' lang='grc' dir='ltr'>σεαυτοῦ</span> <span class='ocrx_word' id='word_1_146' title='bbox 744 1882 1001 1952; x_wconf 80' lang='grc' dir='ltr'>συνέσχες</span> <span class='ocrx_word' id='word_1_147' title='bbox 1045 1887 1268 1956; x_wconf 62' lang='grc' dir='ltr'>καρδίῃ,</span> <span class='ocrx_word' id='word_1_148' title='bbox 1305 1889 1438 1943; x_wconf 80' lang='grc' dir='ltr'>ἀλλὰ</span> <span class='ocrx_word' id='word_1_149' title='bbox 1487 1893 1560 1964; x_wconf 81' lang='grc' dir='ltr'>μὴ</span> <span class='ocrx_word' id='word_1_150' title='bbox 1609 1892 1835 1957; x_wconf 79' lang='grc' dir='ltr'>ὲλύττας</span> <span class='ocrx_word' id='word_1_151' title='bbox 1870 1891 1910 1944; x_wconf 82' lang='grc' dir='ltr'><strong><em>Β</em></strong></span> 
     </span>
    </p>
   </div>
   <div class='ocr_carea' id='block_1_21' title="bbox 254 1964 1831 2055">
    <p class='ocr_par' dir='ltr' id='par_1_21' title="bbox 254 1964 1831 2055">
     <span class='ocr_line' id='line_1_22' title="bbox 254 1964 1831 2055; baseline 0.018 -43"><span class='ocrx_word' id='word_1_152' title='bbox 254 1964 402 2014; x_wconf 65' lang='grc' dir='ltr'>κατὰ</span> <span class='ocrx_word' id='word_1_153' title='bbox 433 1965 530 2034; x_wconf 77' lang='grc' dir='ltr'>τῆς</span> <span class='ocrx_word' id='word_1_154' title='bbox 562 1967 869 2039; x_wconf 76' lang='grc' dir='ltr'>ἀμωμήτου</span> <span class='ocrx_word' id='word_1_155' title='bbox 905 1975 997 2028; x_wconf 78' lang='grc' dir='ltr'><strong>καὶ</strong></span> <span class='ocrx_word' id='word_1_156' title='bbox 1030 1977 1305 2044; x_wconf 76' lang='grc' dir='ltr'>ἀπλανοῦς</span> <span class='ocrx_word' id='word_1_157' title='bbox 1331 1984 1488 2052; x_wconf 80' lang='grc' dir='ltr'>ἡμῶν</span> <span class='ocrx_word' id='word_1_158' title='bbox 1519 1985 1831 2055; x_wconf 80' lang='grc' dir='ltr'>ὁμολογίας,</span> 
     </span>
    </p>
   </div>
   <div class='ocr_carea' id='block_1_22' title="bbox 252 2057 1836 2147">
    <p class='ocr_par' dir='ltr' id='par_1_22' title="bbox 252 2057 1836 2147">
     <span class='ocr_line' id='line_1_23' title="bbox 252 2057 1836 2147; baseline 0.019 -43"><span class='ocrx_word' id='word_1_159' title='bbox 252 2058 369 2117; x_wconf 77' lang='grc' dir='ltr'>τοίς</span> <span class='ocrx_word' id='word_1_160' title='bbox 418 2057 612 2124; x_wconf 83' lang='grc' dir='ltr'>ἄγουσί</span> <span class='ocrx_word' id='word_1_161' title='bbox 665 2079 723 2115; x_wconf 89' lang='grc' dir='ltr'><strong>σε</strong></span> <span class='ocrx_word' id='word_1_162' title='bbox 759 2066 852 2117; x_wconf 76' lang='grc' dir='ltr'>ἐπὶ</span> <span class='ocrx_word' id='word_1_163' title='bbox 886 2069 978 2120; x_wconf 76' lang='grc' dir='ltr'><strong>τὸν</strong></span> <span class='ocrx_word' id='word_1_164' title='bbox 1027 2072 1273 2140; x_wconf 71' lang='grc' dir='ltr'>κρημνὸν</span> <span class='ocrx_word' id='word_1_165' title='bbox 1308 2079 1407 2147; x_wconf 81' lang='grc' dir='ltr'>τῆς</span> <span class='ocrx_word' id='word_1_166' title='bbox 1441 2077 1700 2142; x_wconf 75' lang='grc' dir='ltr'>ἀπιστίας</span> <span class='ocrx_word' id='word_1_167' title='bbox 1742 2082 1836 2134; x_wconf 73' lang='grc' dir='ltr'>καὶ</span> 
     </span>
    </p>
   </div>
   <div class='ocr_carea' id='block_1_23' title="bbox 252 2147 1836 2244">
    <p class='ocr_par' dir='ltr' id='par_1_23' title="bbox 252 2147 1836 2244">
     <span class='ocr_line' id='line_1_24' title="bbox 252 2147 1836 2244; baseline 0.018 -48"><span class='ocrx_word' id='word_1_168' title='bbox 252 2147 535 2214; x_wconf 74' lang='grc' dir='ltr'>ἀπωλείας</span> <span class='ocrx_word' id='word_1_169' title='bbox 582 2155 935 2226; x_wconf 76' lang='grc' dir='ltr'>πειθόμενος,</span> <span class='ocrx_word' id='word_1_170' title='bbox 990 2161 1206 2234; x_wconf 75' lang='grc' dir='ltr'>ἐδείχθη</span> <span class='ocrx_word' id='word_1_171' title='bbox 1245 2167 1309 2220; x_wconf 81' lang='grc' dir='ltr'>ἄν</span> <span class='ocrx_word' id='word_1_172' title='bbox 1357 2185 1439 2222; x_wconf 81' lang='grc' dir='ltr'><strong>σοι</strong></span> <span class='ocrx_word' id='word_1_173' title='bbox 1474 2173 1568 2223; x_wconf 83' lang='grc' dir='ltr'>καί</span> <span class='ocrx_word' id='word_1_174' title='bbox 1615 2171 1836 2244; x_wconf 76' lang='grc' dir='ltr'>ἐκδηλό-</span> 
     </span>
    </p>
   </div>
   <div class='ocr_carea' id='block_1_24' title="bbox 253 2244 1837 2333">
    <p class='ocr_par' dir='ltr' id='par_1_24' title="bbox 253 2244 1837 2333">
     <span class='ocr_line' id='line_1_25' title="bbox 253 2244 1837 2333; baseline 0.018 -44"><span class='ocrx_word' id='word_1_175' title='bbox 253 2257 395 2293; x_wconf 77' lang='grc' dir='ltr'>τατα</span> <span class='ocrx_word' id='word_1_176' title='bbox 440 2244 498 2295; x_wconf 85' lang='grc' dir='ltr'><strong>τὸ</strong></span> <span class='ocrx_word' id='word_1_177' title='bbox 543 2245 876 2318; x_wconf 77' lang='grc' dir='ltr'>ζητούμενον</span> <span class='ocrx_word' id='word_1_178' title='bbox 913 2293 926 2313; x_wconf 92' lang='grc'><strong>,</strong></span> <span class='ocrx_word' id='word_1_179' title='bbox 971 2254 1128 2325; x_wconf 82' lang='grc' dir='ltr'>εἴπερ</span> <span class='ocrx_word' id='word_1_180' title='bbox 1176 2256 1510 2330; x_wconf 77' lang='grc' dir='ltr'>ζητούμενον</span> <span class='ocrx_word' id='word_1_181' title='bbox 1556 2259 1656 2333; x_wconf 77' lang='grc' dir='ltr'><strong>ἦν,</strong></span> <span class='ocrx_word' id='word_1_182' title='bbox 1703 2264 1837 2318; x_wconf 79' lang='grc' dir='ltr'>ἀλλά</span> 
     </span>
    </p>
   </div>
   <div class='ocr_carea' id='block_1_25' title="bbox 257 2331 1763 2422">
    <p class='ocr_par' dir='ltr' id='par_1_25' title="bbox 257 2331 1763 2422">
     <span class='ocr_line' id='line_1_26' title="bbox 257 2331 1763 2422; baseline 0.016 -39"><span class='ocrx_word' id='word_1_183' title='bbox 257 2331 336 2402; x_wconf 74' lang='grc' dir='ltr'>μὴ</span> <span class='ocrx_word' id='word_1_184' title='bbox 369 2332 559 2406; x_wconf 81' lang='grc' dir='ltr'>ὥσπερ</span> <span class='ocrx_word' id='word_1_185' title='bbox 589 2339 779 2411; x_wconf 78' lang='grc' dir='ltr'>ἐνέδρα</span> <span class='ocrx_word' id='word_1_186' title='bbox 809 2360 892 2407; x_wconf 81' lang='grc' dir='ltr'><strong>τις</strong></span> <span class='ocrx_word' id='word_1_187' title='bbox 918 2344 950 2415; x_wconf 76' lang='grc' dir='ltr'>ἢ</span> <span class='ocrx_word' id='word_1_188' title='bbox 989 2350 1313 2418; x_wconf 49' lang='grc' dir='ltr'>πανουργία,</span> <span class='ocrx_word' id='word_1_189' title='bbox 1344 2354 1763 2422; x_wconf 73' lang='grc' dir='ltr'>ταμιευόμενον.</span> 
     </span>
    </p>
   </div>
   <div class='ocr_carea' id='block_1_26' title="bbox 335 2659 1838 2742">
    <p class='ocr_par' dir='ltr' id='par_1_26' title="bbox 335 2659 1838 2742">
     <span class='ocr_line' id='line_1_27' title="bbox 335 2659 1838 2742; baseline 0.015 -32"><span class='ocrx_word' id='word_1_190' title='bbox 335 2659 449 2711; x_wconf 76' lang='grc' dir='ltr'><strong>Καὶ</strong></span> <span class='ocrx_word' id='word_1_191' title='bbox 492 2662 578 2715; x_wconf 80' lang='grc' dir='ltr'><strong>ἵνα</strong></span> <span class='ocrx_word' id='word_1_192' title='bbox 623 2665 693 2718; x_wconf 79' lang='grc' dir='ltr'><strong>τὰ</strong></span> <span class='ocrx_word' id='word_1_193' title='bbox 729 2667 868 2720; x_wconf 75' lang='grc' dir='ltr'>αὐτὰ</span> <span class='ocrx_word' id='word_1_194' title='bbox 920 2670 1049 2740; x_wconf 78' lang='grc' dir='ltr'>περὶ</span> <span class='ocrx_word' id='word_1_195' title='bbox 1096 2671 1206 2724; x_wconf 82' lang='grc' dir='ltr'><strong>τῶν</strong></span> <span class='ocrx_word' id='word_1_196' title='bbox 1253 2675 1436 2728; x_wconf 80' lang='grc' dir='ltr'>αὐτῶν</span> <span class='ocrx_word' id='word_1_197' title='bbox 1479 2677 1838 2742; x_wconf 68' lang='grc' dir='ltr'>ἀναλαϐόντες</span> 
     </span>
    </p>
   </div>
   <div class='ocr_carea' id='block_1_27' title="bbox 257 2753 1837 2841">
    <p class='ocr_par' dir='ltr' id='par_1_27' title="bbox 257 2753 1837 2841">
     <span class='ocr_line' id='line_1_28' title="bbox 257 2753 1837 2841; baseline 0.016 -41"><span class='ocrx_word' id='word_1_198' title='bbox 257 2753 528 2822; x_wconf 78' lang='grc' dir='ltr'>εἴπωμεν,</span> <span class='ocrx_word' id='word_1_199' title='bbox 559 2754 745 2829; x_wconf 83' lang='grc' dir='ltr'>ὥσπερ</span> <span class='ocrx_word' id='word_1_200' title='bbox 775 2761 807 2829; x_wconf 79' lang='grc' dir='ltr'>ἡ</span> <span class='ocrx_word' id='word_1_201' title='bbox 842 2761 1149 2832; x_wconf 82' lang='grc' dir='ltr'>σταύρωσις</span> <span class='ocrx_word' id='word_1_202' title='bbox 1184 2767 1276 2818; x_wconf 73' lang='grc' dir='ltr'><strong>καὶ</strong></span> <span class='ocrx_word' id='word_1_203' title='bbox 1311 2766 1380 2819; x_wconf 66' lang='grc' dir='ltr'>τὰ</span> <span class='ocrx_word' id='word_1_204' title='bbox 1405 2769 1573 2838; x_wconf 84' lang='grc' dir='ltr'>πάθη,</span> <span class='ocrx_word' id='word_1_205' title='bbox 1603 2773 1837 2841; x_wconf 77' lang='grc' dir='ltr'>Χριστοῦ</span> 
     </span>
    </p>
   </div>
   <div class='ocr_carea' id='block_1_28' title="bbox 257 2843 1838 2934">
    <p class='ocr_par' dir='ltr' id='par_1_28' title="bbox 257 2843 1838 2934">
     <span class='ocr_line' id='line_1_29' title="bbox 257 2843 1838 2934; baseline 0.015 -40"><span class='ocrx_word' id='word_1_206' title='bbox 257 2843 516 2912; x_wconf 80' lang='grc' dir='ltr'>λέγεται,</span> <span class='ocrx_word' id='word_1_207' title='bbox 561 2849 636 2912; x_wconf 82' lang='grc' dir='ltr'><strong>ὡς</strong></span> <span class='ocrx_word' id='word_1_208' title='bbox 677 2852 706 2902; x_wconf 85' lang='grc' dir='ltr'><strong>ὁ</strong></span> <span class='ocrx_word' id='word_1_209' title='bbox 749 2853 955 2920; x_wconf 61' lang='grc' dir='ltr'>τάφος,</span> <span class='ocrx_word' id='word_1_210' title='bbox 1012 2859 1106 2909; x_wconf 78' lang='grc' dir='ltr'><strong>καὶ</strong></span> <span class='ocrx_word' id='word_1_211' title='bbox 1150 2859 1220 2910; x_wconf 85' lang='grc' dir='ltr'><strong>τά</strong></span> <span class='ocrx_word' id='word_1_212' title='bbox 1263 2859 1458 2924; x_wconf 75' lang='grc' dir='ltr'>λοιπὰ,</span> <span class='ocrx_word' id='word_1_213' title='bbox 1514 2863 1599 2914; x_wconf 84' lang='grc' dir='ltr'><strong>ἵνα</strong></span> <span class='ocrx_word' id='word_1_214' title='bbox 1639 2865 1711 2934; x_wconf 83' lang='grc' dir='ltr'>μὴ</span> <span class='ocrx_word' id='word_1_215' title='bbox 1747 2867 1838 2918; x_wconf 77' lang='grc' dir='ltr'><strong>ἐπὶ</strong></span> 
     </span>
    </p>
   </div>
   <div class='ocr_carea' id='block_1_29' title="bbox 260 2935 1838 3023">
    <p class='ocr_par' dir='ltr' id='par_1_29' title="bbox 260 2935 1838 3023">
     <span class='ocr_line' id='line_1_30' title="bbox 260 2935 1838 3023; baseline 0.017 -39"><span class='ocrx_word' id='word_1_216' title='bbox 260 2935 448 2988; x_wconf 84' lang='grc' dir='ltr'>πλεῖον</span> <span class='ocrx_word' id='word_1_217' title='bbox 479 2941 566 2991; x_wconf 78' lang='grc' dir='ltr'><strong>ἀεὶ</strong></span> <span class='ocrx_word' id='word_1_218' title='bbox 595 2939 872 3011; x_wconf 76' lang='grc' dir='ltr'>λέγωμεν,</span> <span class='ocrx_word' id='word_1_219' title='bbox 905 2947 967 2997; x_wconf 76' lang='grc' dir='ltr'><strong>τὸ</strong></span> <span class='ocrx_word' id='word_1_220' title='bbox 999 2949 1219 3018; x_wconf 70' lang='grc' dir='ltr'>μέτριον</span> <span class='ocrx_word' id='word_1_221' title='bbox 1251 2952 1678 3023; x_wconf 73' lang='grc' dir='ltr'>ῦπερτηέχοντες</span> <span class='ocrx_word' id='word_1_222' title='bbox 1701 2999 1715 3022; x_wconf 87' lang='grc'><strong>,</strong></span> <span class='ocrx_word' id='word_1_223' title='bbox 1746 2959 1838 3011; x_wconf 73' lang='grc' dir='ltr'>καὶ</span> 
     </span>
    </p>
   </div>
   <div class='ocr_carea' id='block_1_30' title="bbox 257 3025 1838 3113">
    <p class='ocr_par' dir='ltr' id='par_1_30' title="bbox 257 3025 1838 3113">
     <span class='ocr_line' id='line_1_31' title="bbox 257 3025 1838 3113; baseline 0.016 -37"><span class='ocrx_word' id='word_1_224' title='bbox 257 3025 370 3077; x_wconf 72' lang='grc' dir='ltr'><strong>τῶν</strong></span> <span class='ocrx_word' id='word_1_225' title='bbox 420 3032 798 3100; x_wconf 79' lang='grc' dir='ltr'>προσεχόντων</span> <span class='ocrx_word' id='word_1_226' title='bbox 840 3037 938 3098; x_wconf 67' lang='grc' dir='ltr'><strong>τὰς</strong></span> <span class='ocrx_word' id='word_1_227' title='bbox 967 3039 1130 3102; x_wconf 68' lang='grc' dir='ltr'>ἀκοὰς</span> <span class='ocrx_word' id='word_1_228' title='bbox 1179 3043 1599 3113; x_wconf 84' lang='grc' dir='ltr'>ἀποκναίωμεν,</span> <span class='ocrx_word' id='word_1_229' title='bbox 1651 3048 1744 3100; x_wconf 75' lang='grc' dir='ltr'><strong>καὶ</strong></span> <span class='ocrx_word' id='word_1_230' title='bbox 1778 3051 1838 3101; x_wconf 84' lang='grc' dir='ltr'><strong>οῦ</strong></span> 
     </span>
    </p>
   </div>
   <div class='ocr_carea' id='block_1_31' title="bbox 254 3117 1837 3207">
    <p class='ocr_par' dir='ltr' id='par_1_31' title="bbox 254 3117 1837 3207">
     <span class='ocr_line' id='line_1_32' title="bbox 254 3117 1837 3207; baseline 0.015 -39"><span class='ocrx_word' id='word_1_231' title='bbox 254 3117 321 3185; x_wconf 64' lang='grc' dir='ltr'><strong>δή</strong></span> <span class='ocrx_word' id='word_1_232' title='bbox 357 3121 459 3170; x_wconf 62' lang='grc' dir='ltr'>πού</span> <span class='ocrx_word' id='word_1_233' title='bbox 495 3139 676 3192; x_wconf 67' lang='grc' dir='ltr'>φαμεν</span> <span class='ocrx_word' id='word_1_234' title='bbox 703 3127 842 3179; x_wconf 71' lang='grc' dir='ltr'>κατὰ</span> <span class='ocrx_word' id='word_1_235' title='bbox 873 3129 953 3183; x_wconf 75' lang='grc' dir='ltr'><strong>σε,</strong></span> <span class='ocrx_word' id='word_1_236' title='bbox 994 3130 1080 3182; x_wconf 76' lang='grc' dir='ltr'><strong>διὰ</strong></span> <span class='ocrx_word' id='word_1_237' title='bbox 1106 3132 1202 3200; x_wconf 72' lang='grc' dir='ltr'><strong>τὴν</strong></span> <span class='ocrx_word' id='word_1_238' title='bbox 1234 3135 1297 3186; x_wconf 80' lang='grc' dir='ltr'>ἐκ</span> <span class='ocrx_word' id='word_1_239' title='bbox 1334 3135 1426 3186; x_wconf 91' lang='grc' dir='ltr'><strong>τοῦ</strong></span> <span class='ocrx_word' id='word_1_240' title='bbox 1458 3137 1720 3207; x_wconf 75' lang='grc' dir='ltr'>ὀνόματος</span> <span class='ocrx_word' id='word_1_241' title='bbox 1745 3141 1837 3192; x_wconf 84' lang='grc' dir='ltr'><strong>τοῦ</strong></span> 
     </span>
    </p>
   </div>
   <div class='ocr_carea' id='block_1_32' title="bbox 260 3211 616 3283">
    <p class='ocr_par' dir='ltr' id='par_1_32' title="bbox 260 3211 616 3283">
     <span class='ocr_line' id='line_1_33' title="bbox 260 3211 616 3283; baseline 0.014 -22"><span class='ocrx_word' id='word_1_242' title='bbox 260 3211 502 3279; x_wconf 75' lang='grc' dir='ltr'>Χριστοῦ</span> <span class='ocrx_word' id='word_1_243' title='bbox 552 3217 616 3283; x_wconf 76' lang='grc' dir='ltr'>τῆ</span> 
     </span>
    </p>
   </div>
   <div class='ocr_carea' id='block_1_33' title="bbox 260 3306 1840 3392">
    <p class='ocr_par' dir='ltr' id='par_1_33' title="bbox 260 3306 1840 3392">
     <span class='ocr_line' id='line_1_34' title="bbox 260 3306 1840 3392; baseline 0.015 -40"><span class='ocrx_word' id='word_1_244' title='bbox 260 3306 364 3373; x_wconf 78' lang='grc' dir='ltr'>μιᾷ</span> <span class='ocrx_word' id='word_1_245' title='bbox 414 3309 855 3378; x_wconf 80' lang='grc' dir='ltr'>προσνεμόμενα,</span> <span class='ocrx_word' id='word_1_246' title='bbox 893 3315 987 3365; x_wconf 66' lang='grc' dir='ltr'><strong>καὶ</strong></span> <span class='ocrx_word' id='word_1_247' title='bbox 1020 3317 1082 3383; x_wconf 79' lang='grc' dir='ltr'>τῇ</span> <span class='ocrx_word' id='word_1_248' title='bbox 1137 3318 1298 3387; x_wconf 74' lang='grc' dir='ltr'>ἑτέρα</span> <span class='ocrx_word' id='word_1_249' title='bbox 1335 3320 1551 3383; x_wconf 73' lang='grc' dir='ltr'>πάντως</span> <span class='ocrx_word' id='word_1_250' title='bbox 1599 3324 1840 3392; x_wconf 68' lang='grc' dir='ltr'>ἀπαντή-</span> 
     </span>
    </p>
   </div>
   <div class='ocr_carea' id='block_1_34' title="bbox 257 3396 1837 3486">
    <p class='ocr_par' dir='ltr' id='par_1_34' title="bbox 257 3396 1837 3486">
     <span class='ocr_line' id='line_1_35' title="bbox 257 3396 1837 3486; baseline 0.015 -40"><span class='ocrx_word' id='word_1_251' title='bbox 257 3396 473 3450; x_wconf 84' lang='grc' dir='ltr'>σεσθαι.</span> <span class='ocrx_word' id='word_1_252' title='bbox 531 3401 588 3452; x_wconf 91' lang='grc' dir='ltr'><strong>Ὀ</strong></span> <span class='ocrx_word' id='word_1_253' title='bbox 621 3406 854 3473; x_wconf 62' lang='grc' dir='ltr'>σταυρὸς</span> <span class='ocrx_word' id='word_1_254' title='bbox 879 3406 986 3476; x_wconf 74' lang='grc' dir='ltr'><strong>γὰρ</strong></span> <span class='ocrx_word' id='word_1_255' title='bbox 1013 3408 1249 3472; x_wconf 79' lang='grc' dir='ltr'>δυνατῶς</span> <span class='ocrx_word' id='word_1_256' title='bbox 1281 3411 1391 3480; x_wconf 75' lang='grc' dir='ltr'>ἔχει</span> <span class='ocrx_word' id='word_1_257' title='bbox 1418 3414 1515 3483; x_wconf 75' lang='grc' dir='ltr'>τὴν</span> <span class='ocrx_word' id='word_1_258' title='bbox 1549 3415 1837 3486; x_wconf 81' lang='grc' dir='ltr'>ἀνθρώπου</span> 
     </span>
    </p>
   </div>
   <div class='ocr_carea' id='block_1_35' title="bbox 255 3490 1832 3574">
    <p class='ocr_par' dir='ltr' id='par_1_35' title="bbox 255 3490 1832 3574">
     <span class='ocr_line' id='line_1_36' title="bbox 255 3490 1832 3574; baseline 0.012 -37"><span class='ocrx_word' id='word_1_259' title='bbox 255 3490 423 3551; x_wconf 74' lang='grc' dir='ltr'>φύσιν</span> <span class='ocrx_word' id='word_1_260' title='bbox 462 3491 629 3560; x_wconf 73' lang='grc' dir='ltr'>μόνην</span> <span class='ocrx_word' id='word_1_261' title='bbox 666 3494 940 3558; x_wconf 72' lang='grc' dir='ltr'>κολάζειν,</span> <span class='ocrx_word' id='word_1_262' title='bbox 973 3497 1111 3551; x_wconf 73' lang='grc' dir='ltr'>ἀλλά</span> <span class='ocrx_word' id='word_1_263' title='bbox 1145 3501 1381 3570; x_wconf 78' lang='grc' dir='ltr'>Χριστοῦ</span> <span class='ocrx_word' id='word_1_264' title='bbox 1420 3505 1650 3574; x_wconf 66' lang='grc' dir='ltr'>σταυρὸς</span> <span class='ocrx_word' id='word_1_265' title='bbox 1687 3507 1832 3574; x_wconf 77' lang='grc' dir='ltr'>λέγε-</span> 
     </span>
    </p>
   </div>
   <div class='ocr_carea' id='block_1_36' title="bbox 252 3582 1837 3664">
    <p class='ocr_par' dir='ltr' id='par_1_36' title="bbox 252 3582 1837 3664">
     <span class='ocr_line' id='line_1_37' title="bbox 252 3582 1837 3664; baseline 0.014 -34"><span class='ocrx_word' id='word_1_266' title='bbox 252 3598 366 3631; x_wconf 81' lang='grc' dir='ltr'>ται.</span> <span class='ocrx_word' id='word_1_267' title='bbox 403 3582 510 3632; x_wconf 71' lang='grc' dir='ltr'><strong>Καὶ</strong></span> <span class='ocrx_word' id='word_1_268' title='bbox 543 3584 773 3638; x_wconf 64' lang='grc' dir='ltr'>πειθέτω</span> <span class='ocrx_word' id='word_1_269' title='bbox 803 3605 857 3639; x_wconf 79' lang='grc' dir='ltr'><strong>σε</strong></span> <span class='ocrx_word' id='word_1_270' title='bbox 892 3593 919 3640; x_wconf 78' lang='grc' dir='ltr'>ὁ</span> <span class='ocrx_word' id='word_1_271' title='bbox 949 3588 1144 3656; x_wconf 76' lang='grc' dir='ltr'>λέγων·</span> <span class='ocrx_word' id='word_1_272' title='bbox 1196 3593 1350 3659; x_wconf 72' lang='grc' dir='ltr'>Ὲμρὶ</span> <span class='ocrx_word' id='word_1_273' title='bbox 1386 3594 1454 3645; x_wconf 79' lang='grc' dir='ltr'><strong>δὲ</strong></span> <span class='ocrx_word' id='word_1_274' title='bbox 1483 3597 1567 3664; x_wconf 71' lang='grc' dir='ltr'>μὴ</span> <span class='ocrx_word' id='word_1_275' title='bbox 1610 3597 1837 3664; x_wconf 72' lang='grc' dir='ltr'>γένοιτο</span> 
     </span>
    </p>
   </div>
   <div class='ocr_carea' id='block_1_37' title="bbox 252 3671 1836 3755">
    <p class='ocr_par' dir='ltr' id='par_1_37' title="bbox 252 3671 1836 3755">
     <span class='ocr_line' id='line_1_38' title="bbox 252 3671 1836 3755; baseline 0.013 -33"><span class='ocrx_word' id='word_1_276' title='bbox 252 3671 634 3740; x_wconf 63' lang='grc' dir='ltr'>καυχᾶσθαι,</span> <span class='ocrx_word' id='word_1_277' title='bbox 696 3680 747 3728; x_wconf 85' lang='grc' dir='ltr'>εἰ</span> <span class='ocrx_word' id='word_1_278' title='bbox 802 3679 887 3746; x_wconf 73' lang='grc' dir='ltr'>μὴ</span> <span class='ocrx_word' id='word_1_279' title='bbox 939 3680 1009 3730; x_wconf 80' lang='grc' dir='ltr'><strong>ἐν</strong></span> <span class='ocrx_word' id='word_1_280' title='bbox 1052 3680 1128 3745; x_wconf 80' lang='grc' dir='ltr'>τῷ</span> <span class='ocrx_word' id='word_1_281' title='bbox 1183 3684 1424 3751; x_wconf 73' lang='grc' dir='ltr'>σταυρῴ</span> <span class='ocrx_word' id='word_1_282' title='bbox 1467 3685 1571 3737; x_wconf 77' lang='grc' dir='ltr'><strong>τοῦ</strong></span> <span class='ocrx_word' id='word_1_283' title='bbox 1616 3689 1836 3755; x_wconf 71' lang='grc' dir='ltr'>Κυρίου</span> 
     </span>
    </p>
   </div>
   <div class='ocr_carea' id='block_1_38' title="bbox 252 3765 1836 3848">
    <p class='ocr_par' dir='ltr' id='par_1_38' title="bbox 252 3765 1836 3848">
     <span class='ocr_line' id='line_1_39' title="bbox 252 3765 1836 3848; baseline 0.011 -31"><span class='ocrx_word' id='word_1_284' title='bbox 252 3765 430 3832; x_wconf 75' lang='grc' dir='ltr'><strong>ἡμῶν</strong></span> <span class='ocrx_word' id='word_1_285' title='bbox 467 3767 672 3832; x_wconf 51' lang='grc' dir='ltr'>Ἰησοῦ</span> <span class='ocrx_word' id='word_1_286' title='bbox 709 3771 988 3835; x_wconf 72' lang='grc' dir='ltr'>Χριστοῦ.</span> <span class='ocrx_word' id='word_1_287' title='bbox 1030 3775 1093 3826; x_wconf 88' lang='lat' dir='ltr'><strong>&#39;ll</strong></span> <span class='ocrx_word' id='word_1_288' title='bbox 1129 3777 1397 3847; x_wconf 73' lang='grc' dir='ltr'>περιτομὴ</span> <span class='ocrx_word' id='word_1_289' title='bbox 1423 3779 1517 3846; x_wconf 80' lang='grc' dir='ltr'><strong>τὴν</strong></span> <span class='ocrx_word' id='word_1_290' title='bbox 1550 3781 1836 3848; x_wconf 75' lang='grc' dir='ltr'>ἀνθρώπου</span> 
     </span>
    </p>
   </div>
   <div class='ocr_carea' id='block_1_39' title="bbox 254 3855 1835 3940">
    <p class='ocr_par' dir='ltr' id='par_1_39' title="bbox 254 3855 1835 3940">
     <span class='ocr_line' id='line_1_40' title="bbox 254 3855 1835 3940; baseline 0.013 -36"><span class='ocrx_word' id='word_1_291' title='bbox 254 3855 440 3923; x_wconf 73' lang='grc' dir='ltr'>σάρκα</span> <span class='ocrx_word' id='word_1_292' title='bbox 474 3856 705 3926; x_wconf 75' lang='grc' dir='ltr'>διαιρεῖν</span> <span class='ocrx_word' id='word_1_293' title='bbox 738 3859 961 3915; x_wconf 71' lang='grc' dir='ltr'>δύναται</span> <span class='ocrx_word' id='word_1_294' title='bbox 984 3881 995 3892; x_wconf 92' lang='grc'><strong>·</strong></span> <span class='ocrx_word' id='word_1_295' title='bbox 1031 3866 1124 3916; x_wconf 68' lang='grc' dir='ltr'>καὶ</span> <span class='ocrx_word' id='word_1_296' title='bbox 1158 3867 1186 3917; x_wconf 85' lang='grc' dir='ltr'>ὁ</span> <span class='ocrx_word' id='word_1_297' title='bbox 1217 3868 1383 3934; x_wconf 68' lang='grc' dir='ltr'>τάφος</span> <span class='ocrx_word' id='word_1_298' title='bbox 1425 3869 1629 3939; x_wconf 71' lang='grc' dir='ltr'>ταύτην</span> <span class='ocrx_word' id='word_1_299' title='bbox 1660 3874 1835 3940; x_wconf 78' lang='grc' dir='ltr'>ἐμπε-</span> 
     </span>
    </p>
   </div>
   <div class='ocr_carea' id='block_1_40' title="bbox 256 3950 1832 4033">
    <p class='ocr_par' dir='ltr' id='par_1_40' title="bbox 256 3950 1832 4033">
     <span class='ocr_line' id='line_1_41' title="bbox 256 3950 1832 4033; baseline 0.015 -34"><span class='ocrx_word' id='word_1_300' title='bbox 256 3950 552 4016; x_wconf 61' lang='grc' dir='ltr'>ριγράφειν</span> <span class='ocrx_word' id='word_1_301' title='bbox 589 3954 682 4005; x_wconf 77' lang='grc' dir='ltr'><strong>καὶ</strong></span> <span class='ocrx_word' id='word_1_302' title='bbox 741 3957 1074 4025; x_wconf 77' lang='grc' dir='ltr'>περικλείειν</span> <span class='ocrx_word' id='word_1_303' title='bbox 1109 3962 1202 4013; x_wconf 75' lang='grc' dir='ltr'><strong>καὶ</strong></span> <span class='ocrx_word' id='word_1_304' title='bbox 1243 3962 1621 4033; x_wconf 76' lang='grc' dir='ltr'>ἀποκρύπτειν</span> <span class='ocrx_word' id='word_1_305' title='bbox 1673 3965 1832 4023; x_wconf 78' lang='grc' dir='ltr'>οἶδεν.</span> 
     </span>
    </p>
   </div>
   <div class='ocr_carea' id='block_1_41' title="bbox 263 4039 1841 4124">
    <p class='ocr_par' dir='ltr' id='par_1_41' title="bbox 263 4039 1841 4124">
     <span class='ocr_line' id='line_1_42' title="bbox 263 4039 1841 4124; baseline 0.012 -34"><span class='ocrx_word' id='word_1_306' title='bbox 263 4039 434 4091; x_wconf 78' lang='grc' dir='ltr'>Ἀλλᾶ</span> <span class='ocrx_word' id='word_1_307' title='bbox 471 4040 643 4094; x_wconf 85' lang='grc' dir='ltr'>ταῦτα</span> <span class='ocrx_word' id='word_1_308' title='bbox 686 4045 894 4107; x_wconf 78' lang='grc' dir='ltr'>πάντα,</span> <span class='ocrx_word' id='word_1_309' title='bbox 930 4048 1164 4118; x_wconf 75' lang='grc' dir='ltr'>Χριστοῦ</span> <span class='ocrx_word' id='word_1_310' title='bbox 1209 4049 1307 4118; x_wconf 76' lang='grc' dir='ltr'><strong>μὲν</strong></span> <span class='ocrx_word' id='word_1_311' title='bbox 1338 4051 1596 4118; x_wconf 83' lang='grc' dir='ltr'>λέγεται·</span> <span class='ocrx_word' id='word_1_312' title='bbox 1631 4056 1690 4107; x_wconf 77' lang='grc' dir='ltr'><strong>οὐ</strong></span> <span class='ocrx_word' id='word_1_313' title='bbox 1729 4056 1841 4124; x_wconf 82' lang='grc' dir='ltr'>μὴν</span> 
     </span>
    </p>
   </div>
   <div class='ocr_carea' id='block_1_42' title="bbox 251 4131 1834 4217">
    <p class='ocr_par' dir='ltr' id='par_1_42' title="bbox 251 4131 1834 4217">
     <span class='ocr_line' id='line_1_43' title="bbox 251 4131 1834 4217; baseline 0.018 -36"><span class='ocrx_word' id='word_1_314' title='bbox 251 4131 312 4182; x_wconf 73' lang='grc' dir='ltr'><strong>δὲ</strong></span> <span class='ocrx_word' id='word_1_315' title='bbox 347 4133 555 4185; x_wconf 83' lang='grc' dir='ltr'>τούτων</span> <span class='ocrx_word' id='word_1_316' title='bbox 589 4150 640 4186; x_wconf 88' lang='grc' dir='ltr'>τι</span> <span class='ocrx_word' id='word_1_317' title='bbox 687 4137 780 4188; x_wconf 75' lang='grc' dir='ltr'><strong>καὶ</strong></span> <span class='ocrx_word' id='word_1_318' title='bbox 829 4138 969 4190; x_wconf 73' lang='grc' dir='ltr'>κατὰ</span> <span class='ocrx_word' id='word_1_319' title='bbox 1004 4140 1100 4209; x_wconf 75' lang='grc' dir='ltr'>τῆς</span> <span class='ocrx_word' id='word_1_320' title='bbox 1138 4141 1284 4204; x_wconf 80' lang='grc' dir='ltr'>θείας</span> <span class='ocrx_word' id='word_1_321' title='bbox 1322 4145 1414 4195; x_wconf 79' lang='grc' dir='ltr'><strong>καὶ</strong></span> <span class='ocrx_word' id='word_1_322' title='bbox 1456 4146 1834 4217; x_wconf 62' lang='grc' dir='ltr'>ἀγεκφράστου</span> 
     </span>
    </p>
   </div>
   <div class='ocr_carea' id='block_1_43' title="bbox 250 4225 1833 4307">
    <p class='ocr_par' dir='ltr' id='par_1_43' title="bbox 250 4225 1833 4307">
     <span class='ocr_line' id='line_1_44' title="bbox 250 4225 1833 4307; baseline 0.011 -34"><span class='ocrx_word' id='word_1_323' title='bbox 250 4225 496 4290; x_wconf 68' lang='grc' dir='ltr'>φύσεως,</span> <span class='ocrx_word' id='word_1_324' title='bbox 541 4227 746 4296; x_wconf 84' lang='grc' dir='ltr'>κυρίως</span> <span class='ocrx_word' id='word_1_325' title='bbox 781 4230 875 4282; x_wconf 72' lang='grc' dir='ltr'><strong>καὶ</strong></span> <span class='ocrx_word' id='word_1_326' title='bbox 918 4231 1190 4296; x_wconf 81' lang='grc' dir='ltr'>οὐσιωὸῶς</span> <span class='ocrx_word' id='word_1_327' title='bbox 1218 4236 1519 4304; x_wconf 74' lang='grc' dir='ltr'>εἰρήσεται,</span> <span class='ocrx_word' id='word_1_328' title='bbox 1553 4241 1833 4307; x_wconf 75' lang='grc' dir='ltr'>ἀκηράτου</span> 
     </span>
    </p>
   </div>
   <div class='ocr_carea' id='block_1_44' title="bbox 251 4313 1834 4394">
    <p class='ocr_par' dir='ltr' id='par_1_44' title="bbox 251 4313 1834 4394">
     <span class='ocr_line' id='line_1_45' title="bbox 251 4313 1834 4394; baseline 0.011 -30"><span class='ocrx_word' id='word_1_329' title='bbox 251 4331 317 4380; x_wconf 72' lang='grc' dir='ltr'><strong>γε</strong></span> <span class='ocrx_word' id='word_1_330' title='bbox 354 4313 526 4383; x_wconf 81' lang='grc' dir='ltr'>οῦσης</span> <span class='ocrx_word' id='word_1_331' title='bbox 565 4317 658 4368; x_wconf 72' lang='grc' dir='ltr'>καὶ</span> <span class='ocrx_word' id='word_1_332' title='bbox 689 4318 954 4384; x_wconf 78' lang='grc' dir='ltr'>ἀπαθοῦς,</span> <span class='ocrx_word' id='word_1_333' title='bbox 993 4323 1082 4373; x_wconf 73' lang='grc' dir='ltr'>καὶ</span> <span class='ocrx_word' id='word_1_334' title='bbox 1112 4326 1209 4392; x_wconf 82' lang='grc' dir='ltr'>τῆς</span> <span class='ocrx_word' id='word_1_335' title='bbox 1241 4327 1384 4378; x_wconf 86' lang='grc' dir='ltr'>κατά</span> <span class='ocrx_word' id='word_1_336' title='bbox 1417 4344 1468 4378; x_wconf 88' lang='grc' dir='ltr'>τι</span> <span class='ocrx_word' id='word_1_337' title='bbox 1495 4328 1623 4394; x_wconf 86' lang='grc' dir='ltr'>γοῦν</span> <span class='ocrx_word' id='word_1_338' title='bbox 1651 4331 1834 4382; x_wconf 76' lang='grc' dir='ltr'>τοιαύ-</span> 
     </span>
    </p>
   </div>
   <div class='ocr_carea' id='block_1_45' title="bbox 253 4407 1834 4492">
    <p class='ocr_par' dir='ltr' id='par_1_45' title="bbox 253 4407 1834 4492">
     <span class='ocr_line' id='line_1_46' title="bbox 253 4407 1834 4492; baseline 0.013 -36"><span class='ocrx_word' id='word_1_339' title='bbox 253 4423 357 4475; x_wconf 74' lang='grc' dir='ltr'><strong>της</strong></span> <span class='ocrx_word' id='word_1_340' title='bbox 408 4407 649 4473; x_wconf 78' lang='grc' dir='ltr'>ἐννοίας,</span> <span class='ocrx_word' id='word_1_341' title='bbox 701 4411 1129 4482; x_wconf 80' lang='grc' dir='ltr'>ἀπηλλαγμένης</span> <span class='ocrx_word' id='word_1_342' title='bbox 1184 4417 1550 4472; x_wconf 80' lang='grc' dir='ltr'>παντάπασιν.</span> <span class='ocrx_word' id='word_1_343' title='bbox 1614 4422 1675 4474; x_wconf 82' lang='grc' dir='ltr'><strong>Εἰ</strong></span> <span class='ocrx_word' id='word_1_344' title='bbox 1729 4425 1834 4492; x_wconf 81' lang='grc' dir='ltr'><strong>γάρ</strong></span> 
     </span>
    </p>
   </div>
   <div class='ocr_carea' id='block_1_46' title="bbox 252 4499 1834 4581">
    <p class='ocr_par' dir='ltr' id='par_1_46' title="bbox 252 4499 1834 4581">
     <span class='ocr_line' id='line_1_47' title="bbox 252 4499 1834 4581; baseline 0.014 -35"><span class='ocrx_word' id='word_1_345' title='bbox 252 4513 359 4548; x_wconf 83' lang='grc' dir='ltr'><strong>που</strong></span> <span class='ocrx_word' id='word_1_346' title='bbox 399 4499 639 4550; x_wconf 67' lang='grc' dir='ltr'>τοιοῦτον</span> <span class='ocrx_word' id='word_1_347' title='bbox 692 4518 744 4552; x_wconf 86' lang='grc' dir='ltr'>τι</span> <span class='ocrx_word' id='word_1_348' title='bbox 793 4503 983 4574; x_wconf 68' lang='grc' dir='ltr'>ὀφθείη</span> <span class='ocrx_word' id='word_1_349' title='bbox 1021 4506 1347 4577; x_wconf 75' lang='grc' dir='ltr'>λεγόμενον,</span> <span class='ocrx_word' id='word_1_350' title='bbox 1384 4510 1460 4580; x_wconf 74' lang='grc' dir='ltr'><strong>τῷ</strong></span> <span class='ocrx_word' id='word_1_351' title='bbox 1491 4513 1588 4581; x_wconf 77' lang='grc' dir='ltr'>τῆς</span> <span class='ocrx_word' id='word_1_352' title='bbox 1629 4515 1834 4568; x_wconf 76' lang='grc' dir='ltr'>ἀντιδό-</span> 
     </span>
    </p>
   </div>
   <div class='ocr_carea' id='block_1_47' title="bbox 252 4593 1831 4673">
    <p class='ocr_par' dir='ltr' id='par_1_47' title="bbox 252 4593 1831 4673">
     <span class='ocr_line' id='line_1_48' title="bbox 252 4593 1831 4673; baseline 0.011 -33"><span class='ocrx_word' id='word_1_353' title='bbox 252 4606 394 4651; x_wconf 86' lang='grc' dir='ltr'>σεως</span> <span class='ocrx_word' id='word_1_354' title='bbox 451 4593 848 4660; x_wconf 80' lang='grc' dir='ltr'>ῆοίκειὼσεως</span> <span class='ocrx_word' id='word_1_355' title='bbox 893 4598 1080 4668; x_wconf 72' lang='grc' dir='ltr'>τρόπῳ</span> <span class='ocrx_word' id='word_1_356' title='bbox 1133 4601 1378 4669; x_wconf 75' lang='grc' dir='ltr'>λέγεται,</span> <span class='ocrx_word' id='word_1_357' title='bbox 1425 4605 1563 4673; x_wconf 80' lang='grc' dir='ltr'>ὅπερ</span> <span class='ocrx_word' id='word_1_358' title='bbox 1612 4623 1693 4656; x_wconf 87' lang='grc' dir='ltr'><strong>σοι</strong></span> <span class='ocrx_word' id='word_1_359' title='bbox 1737 4607 1831 4658; x_wconf 82' lang='grc' dir='ltr'><strong>νῦν</strong></span> 
     </span>
    </p>
   </div>
   <div class='ocr_carea' id='block_1_48' title="bbox 246 4683 1831 4761">
    <p class='ocr_par' dir='ltr' id='par_1_48' title="bbox 246 4683 1831 4761">
     <span class='ocr_line' id='line_1_49' title="bbox 246 4683 1831 4761; baseline 0.01 -27"><span class='ocrx_word' id='word_1_360' title='bbox 246 4685 311 4734; x_wconf 69' lang='grc' dir='ltr'><strong>οὐ</strong></span> <span class='ocrx_word' id='word_1_361' title='bbox 367 4683 607 4747; x_wconf 72' lang='grc' dir='ltr'>δέδοται,</span> <span class='ocrx_word' id='word_1_362' title='bbox 639 4686 949 4756; x_wconf 75' lang='grc' dir='ltr'>ὀλοτρόπως</span> <span class='ocrx_word' id='word_1_363' title='bbox 992 4692 1349 4761; x_wconf 72' lang='grc' dir='ltr'>ἠγνοημένον.</span> <span class='ocrx_word' id='word_1_364' title='bbox 1398 4697 1734 4750; x_wconf 81' lang='grc' dir='ltr'>Ιιεπονθέναι</span> <span class='ocrx_word' id='word_1_365' title='bbox 1775 4699 1831 4750; x_wconf 80' lang='grc' dir='ltr'>δὲ</span> 
     </span>
    </p>
   </div>
   <div class='ocr_carea' id='block_1_49' title="bbox 248 4775 1830 4857">
    <p class='ocr_par' dir='ltr' id='par_1_49' title="bbox 248 4775 1830 4857">
     <span class='ocr_line' id='line_1_50' title="bbox 248 4775 1830 4857; baseline 0.009 -31"><span class='ocrx_word' id='word_1_366' title='bbox 248 4775 491 4842; x_wconf 68' lang='grc' dir='ltr'>Χριστὸς</span> <span class='ocrx_word' id='word_1_367' title='bbox 526 4775 778 4842; x_wconf 82' lang='grc' dir='ltr'>λέγεται,</span> <span class='ocrx_word' id='word_1_368' title='bbox 832 4776 1000 4852; x_wconf 77' lang='grc' dir='ltr'>οὐχῇ</span> <span class='ocrx_word' id='word_1_369' title='bbox 1059 4783 1220 4846; x_wconf 79' lang='grc' dir='ltr'>Θεὸς,</span> <span class='ocrx_word' id='word_1_370' title='bbox 1257 4785 1372 4837; x_wconf 84' lang='grc' dir='ltr'>ἀλλ’</span> <span class='ocrx_word' id='word_1_371' title='bbox 1508 4787 1830 4857; x_wconf 83' lang='grc' dir='ltr'>ἄνθρωπος’</span> 
     </span>
    </p>
   </div>
   <div class='ocr_carea' id='block_1_50' title="bbox 249 4861 1831 4946">
    <p class='ocr_par' dir='ltr' id='par_1_50' title="bbox 249 4861 1831 4946">
     <span class='ocr_line' id='line_1_51' title="bbox 249 4861 1831 4946; baseline 0.009 -29"><span class='ocrx_word' id='word_1_372' title='bbox 249 4866 439 4919; x_wconf 81' lang='grc' dir='ltr'>καίτοι</span> <span class='ocrx_word' id='word_1_373' title='bbox 479 4861 558 4928; x_wconf 76' lang='grc' dir='ltr'>εἷς</span> <span class='ocrx_word' id='word_1_374' title='bbox 608 4869 702 4920; x_wconf 76' lang='grc' dir='ltr'>καὶ</span> <span class='ocrx_word' id='word_1_375' title='bbox 757 4871 784 4921; x_wconf 88' lang='grc' dir='ltr'>ὁ</span> <span class='ocrx_word' id='word_1_376' title='bbox 831 4871 992 4934; x_wconf 74' lang='grc' dir='ltr'>αὐτὸς</span> <span class='ocrx_word' id='word_1_377' title='bbox 1033 4873 1324 4944; x_wconf 82' lang='grc' dir='ltr'>ὑπάρχων,</span> <span class='ocrx_word' id='word_1_378' title='bbox 1387 4878 1665 4946; x_wconf 82' lang='grc' dir='ltr'>ἡνωμένος</span> <span class='ocrx_word' id='word_1_379' title='bbox 1706 4880 1831 4932; x_wconf 84' lang='grc' dir='ltr'>καθ’</span> 
     </span>
    </p>
   </div>
   <div class='ocr_carea' id='block_1_51' title="bbox 248 4956 1832 5039">
    <p class='ocr_par' dir='ltr' id='par_1_51' title="bbox 248 4956 1832 5039">
     <span class='ocr_line' id='line_1_52' title="bbox 248 4956 1832 5039; baseline 0.01 -33"><span class='ocrx_word' id='word_1_380' title='bbox 248 4956 575 5010; x_wconf 77' lang='grc' dir='ltr'>ὑπόστασιν.</span> <span class='ocrx_word' id='word_1_381' title='bbox 641 4959 794 5012; x_wconf 77' lang='grc' dir='ltr'>Ἐπεὶ</span> <span class='ocrx_word' id='word_1_382' title='bbox 845 4957 937 5013; x_wconf 75' lang='grc' dir='ltr'>οὖν</span> <span class='ocrx_word' id='word_1_383' title='bbox 976 4964 1068 5014; x_wconf 76' lang='grc' dir='ltr'><strong>καὶ</strong></span> <span class='ocrx_word' id='word_1_384' title='bbox 1110 4965 1169 5016; x_wconf 89' lang='grc' dir='ltr'><strong>τὸ</strong></span> <span class='ocrx_word' id='word_1_385' title='bbox 1201 4966 1380 5034; x_wconf 78' lang='grc' dir='ltr'>σῶμα,</span> <span class='ocrx_word' id='word_1_386' title='bbox 1417 4969 1552 5039; x_wconf 81' lang='grc' dir='ltr'>ὅπερ</span> <span class='ocrx_word' id='word_1_387' title='bbox 1583 4970 1642 5032; x_wconf 78' lang='grc' dir='ltr'>ἐξ</span> <span class='ocrx_word' id='word_1_388' title='bbox 1679 4971 1832 5038; x_wconf 75' lang='grc' dir='ltr'>ἡμῶν</span> 
     </span>
    </p>
   </div>
   <div class='ocr_carea' id='block_1_52' title="bbox 247 5050 1827 5130">
    <p class='ocr_par' dir='ltr' id='par_1_52' title="bbox 247 5050 1827 5130">
     <span class='ocr_line' id='line_1_53' title="bbox 247 5050 1827 5130; baseline 0.01 -29"><span class='ocrx_word' id='word_1_389' title='bbox 247 5050 546 5118; x_wconf 70' lang='grc' dir='ltr'>ἀνείληφε,</span> <span class='ocrx_word' id='word_1_390' title='bbox 591 5053 829 5123; x_wconf 79' lang='grc' dir='ltr'>Χριστοῦ</span> <span class='ocrx_word' id='word_1_391' title='bbox 881 5056 1040 5126; x_wconf 80' lang='grc' dir='ltr'>σῶμα</span> <span class='ocrx_word' id='word_1_392' title='bbox 1074 5058 1320 5125; x_wconf 75' lang='grc' dir='ltr'>λέγεται,</span> <span class='ocrx_word' id='word_1_393' title='bbox 1356 5065 1412 5114; x_wconf 85' lang='grc' dir='ltr'>ὲν</span> <span class='ocrx_word' id='word_1_394' title='bbox 1447 5057 1491 5130; x_wconf 79' lang='grc' dir='ltr'>ᾧ</span> <span class='ocrx_word' id='word_1_395' title='bbox 1524 5065 1618 5116; x_wconf 77' lang='grc' dir='ltr'>καὶ</span> <span class='ocrx_word' id='word_1_396' title='bbox 1653 5065 1827 5118; x_wconf 82' lang='grc' dir='ltr'>πάντα</span> 
     </span>
    </p>
   </div>
   <div class='ocr_carea' id='block_1_53' title="bbox 246 5142 1827 5225">
    <p class='ocr_par' dir='ltr' id='par_1_53' title="bbox 246 5142 1827 5225">
     <span class='ocr_line' id='line_1_54' title="bbox 246 5142 1827 5225; baseline 0.009 -31"><span class='ocrx_word' id='word_1_397' title='bbox 246 5142 585 5196; x_wconf 80' lang='grc' dir='ltr'>πεπονθέναι</span> <span class='ocrx_word' id='word_1_398' title='bbox 621 5145 969 5208; x_wconf 70' lang='grc' dir='ltr'>πιστεύεται,</span> <span class='ocrx_word' id='word_1_399' title='bbox 1024 5150 1182 5204; x_wconf 86' lang='grc' dir='ltr'>τοῦτο</span> <span class='ocrx_word' id='word_1_400' title='bbox 1223 5152 1278 5204; x_wconf 81' lang='grc' dir='ltr'>δὲ</span> <span class='ocrx_word' id='word_1_401' title='bbox 1334 5153 1395 5204; x_wconf 86' lang='grc' dir='ltr'><strong>τὸ</strong></span> <span class='ocrx_word' id='word_1_402' title='bbox 1449 5154 1608 5223; x_wconf 80' lang='grc' dir='ltr'>σῶμα</span> <span class='ocrx_word' id='word_1_403' title='bbox 1648 5157 1827 5225; x_wconf 83' lang='grc' dir='ltr'>πάντη</span> 
     </span>
    </p>
   </div>
   <div class='ocr_carea' id='block_1_54' title="bbox 247 5237 1827 5318">
    <p class='ocr_par' dir='ltr' id='par_1_54' title="bbox 247 5237 1827 5318">
     <span class='ocr_line' id='line_1_55' title="bbox 247 5237 1827 5318; baseline 0.008 -30"><span class='ocrx_word' id='word_1_404' title='bbox 247 5238 343 5288; x_wconf 73' lang='grc' dir='ltr'><strong>καὶ</strong></span> <span class='ocrx_word' id='word_1_405' title='bbox 373 5238 593 5300; x_wconf 85' lang='grc' dir='ltr'>πάντως</span> <span class='ocrx_word' id='word_1_406' title='bbox 623 5242 949 5311; x_wconf 73' lang='grc' dir='ltr'>χαρακτῆρα</span> <span class='ocrx_word' id='word_1_407' title='bbox 979 5237 1155 5312; x_wconf 83' lang='grc' dir='ltr'>εἶχεν,</span> <span class='ocrx_word' id='word_1_408' title='bbox 1192 5245 1252 5297; x_wconf 77' lang='grc' dir='ltr'><strong>οὐ</strong></span> <span class='ocrx_word' id='word_1_409' title='bbox 1282 5244 1387 5316; x_wconf 80' lang='grc' dir='ltr'>γὰρ</span> <span class='ocrx_word' id='word_1_410' title='bbox 1413 5242 1480 5315; x_wconf 81' lang='grc' dir='ltr'>ἦν</span> <span class='ocrx_word' id='word_1_411' title='bbox 1513 5247 1827 5318; x_wconf 78' lang='grc' dir='ltr'>ἀχαρακτή-</span> 
     </span>
    </p>
   </div>
   <div class='ocr_carea' id='block_1_55' title="bbox 248 5330 1827 5406">
    <p class='ocr_par' dir='ltr' id='par_1_55' title="bbox 248 5330 1827 5406">
     <span class='ocr_line' id='line_1_56' title="bbox 248 5330 1827 5406; baseline 0.006 -26"><span class='ocrx_word' id='word_1_412' title='bbox 248 5345 438 5396; x_wconf 82' lang='grc' dir='ltr'>ριστον</span> <span class='ocrx_word' id='word_1_413' title='bbox 459 5371 472 5390; x_wconf 85' lang='grc'><strong>,</strong></span> <span class='ocrx_word' id='word_1_414' title='bbox 505 5330 627 5382; x_wconf 80' lang='grc' dir='ltr'>ἐπεὶ</span> <span class='ocrx_word' id='word_1_415' title='bbox 657 5331 781 5383; x_wconf 73' lang='grc' dir='ltr'>οὐδὲ</span> <span class='ocrx_word' id='word_1_416' title='bbox 812 5331 991 5400; x_wconf 82' lang='grc' dir='ltr'>σῶμα,</span> <span class='ocrx_word' id='word_1_417' title='bbox 1030 5335 1238 5404; x_wconf 81' lang='grc' dir='ltr'>ἀνάγκη</span> <span class='ocrx_word' id='word_1_418' title='bbox 1268 5337 1360 5388; x_wconf 72' lang='grc' dir='ltr'><strong>καὶ</strong></span> <span class='ocrx_word' id='word_1_419' title='bbox 1395 5336 1485 5388; x_wconf 83' lang='grc' dir='ltr'>τὸν</span> <span class='ocrx_word' id='word_1_420' title='bbox 1510 5337 1604 5390; x_wconf 88' lang='grc' dir='ltr'><strong>τοῦ</strong></span> <span class='ocrx_word' id='word_1_421' title='bbox 1643 5338 1827 5406; x_wconf 84' lang='grc' dir='ltr'>σώμα-</span> 
     </span>
    </p>
   </div>
   <div class='ocr_carea' id='block_1_56' title="bbox 244 5421 1826 5498">
    <p class='ocr_par' dir='ltr' id='par_1_56' title="bbox 244 5421 1826 5498">
     <span class='ocr_line' id='line_1_57' title="bbox 244 5421 1826 5498; baseline -0.016 10"><span class='ocrx_word' id='word_1_422' title='bbox 244 5437 341 5482; x_wconf 56' lang='grc' dir='ltr'><strong>τος</strong></span> <span class='ocrx_word' id='word_1_423' title='bbox 383 5421 713 5492; x_wconf 43' lang='lat' dir='ltr'><strong>rapa-&quot;.393</strong></span> <span class='ocrx_word' id='word_1_424' title='bbox 766 5425 860 5476; x_wconf 55' lang='grc' dir='ltr'><strong>καὶ</strong></span> <span class='ocrx_word' id='word_1_425' title='bbox 901 5424 994 5494; x_wconf 69' lang='grc' dir='ltr'><strong>τὴν</strong></span> <span class='ocrx_word' id='word_1_426' title='bbox 1043 5425 1330 5491; x_wconf 67' lang='grc' dir='ltr'><strong>έμοῗωπιν.</strong></span> <span class='ocrx_word' id='word_1_427' title='bbox 1389 5429 1627 5498; x_wconf 84' lang='grc' dir='ltr'>Χριστοῦ</span> <span class='ocrx_word' id='word_1_428' title='bbox 1675 5430 1826 5498; x_wconf 79' lang='grc' dir='ltr'>λέγε-</span> 
     </span>
    </p>
   </div>
   <div class='ocr_carea' id='block_1_57' title="bbox 248 5509 1826 5588">
    <p class='ocr_par' dir='ltr' id='par_1_57' title="bbox 248 5509 1826 5588">
     <span class='ocr_line' id='line_1_58' title="bbox 248 5509 1826 5588; baseline 0.011 -30"><span class='ocrx_word' id='word_1_429' title='bbox 248 5509 399 5566; x_wconf 76' lang='grc' dir='ltr'>σθαι.</span> <span class='ocrx_word' id='word_1_430' title='bbox 450 5511 536 5574; x_wconf 85' lang='grc' dir='ltr'>Ὠς</span> <span class='ocrx_word' id='word_1_431' title='bbox 588 5512 696 5582; x_wconf 85' lang='grc' dir='ltr'><strong>γάρ</strong></span> <span class='ocrx_word' id='word_1_432' title='bbox 728 5517 903 5568; x_wconf 74' lang='grc' dir='ltr'>ἐκεῖνο</span> <span class='ocrx_word' id='word_1_433' title='bbox 933 5518 1134 5569; x_wconf 79' lang='grc' dir='ltr'>οἰκεῖον</span> <span class='ocrx_word' id='word_1_434' title='bbox 1184 5520 1457 5588; x_wconf 80' lang='grc' dir='ltr'>Χριστοῦ,</span> <span class='ocrx_word' id='word_1_435' title='bbox 1509 5521 1682 5584; x_wconf 75' lang='grc' dir='ltr'>οὕτως</span> <span class='ocrx_word' id='word_1_436' title='bbox 1733 5526 1826 5576; x_wconf 81' lang='grc' dir='ltr'>καὶ</span> 
     </span>
    </p>
   </div>
   <div class='ocr_carea' id='block_1_58' title="bbox 244 5601 1820 5684">
    <p class='ocr_par' dir='ltr' id='par_1_58' title="bbox 244 5601 1820 5684">
     <span class='ocr_line' id='line_1_59' title="bbox 244 5601 1820 5684; baseline 0.009 -33"><span class='ocrx_word' id='word_1_437' title='bbox 244 5601 409 5654; x_wconf 83' lang='grc' dir='ltr'>τοῦτο</span> <span class='ocrx_word' id='word_1_438' title='bbox 436 5603 496 5654; x_wconf 81' lang='grc' dir='ltr'><strong>οῦ</strong></span> <span class='ocrx_word' id='word_1_439' title='bbox 527 5605 660 5672; x_wconf 62' lang='grc' dir='ltr'>πρτις</span> <span class='ocrx_word' id='word_1_440' title='bbox 698 5606 795 5676; x_wconf 76' lang='grc' dir='ltr'><strong>τὴν</strong></span> <span class='ocrx_word' id='word_1_441' title='bbox 823 5608 915 5661; x_wconf 81' lang='grc' dir='ltr'><strong>τοῦ</strong></span> <span class='ocrx_word' id='word_1_442' title='bbox 946 5610 1117 5678; x_wconf 75' lang='grc' dir='ltr'>Λόγου</span> <span class='ocrx_word' id='word_1_443' title='bbox 1153 5611 1314 5679; x_wconf 65' lang='grc' dir='ltr'>φῦσιν</span> <span class='ocrx_word' id='word_1_444' title='bbox 1344 5613 1438 5684; x_wconf 79' lang='grc' dir='ltr'>τὴν</span> <span class='ocrx_word' id='word_1_445' title='bbox 1467 5615 1651 5683; x_wconf 79' lang='grc' dir='ltr'>σχέσιν</span> <span class='ocrx_word' id='word_1_446' title='bbox 1677 5615 1820 5683; x_wconf 73' lang='grc' dir='ltr'>ἕχον,</span> 
     </span>
    </p>
   </div>
   <div class='ocr_carea' id='block_1_59' title="bbox 320 5823 794 5886">
    <p class='ocr_par' dir='ltr' id='par_1_59' title="bbox 320 5823 794 5886">
     <span class='ocr_line' id='line_1_60' title="bbox 320 5823 794 5886; baseline 0.002 -10"><span class='ocrx_word' id='word_1_447' title='bbox 320 5824 363 5854; x_wconf 61' lang='grc'><strong>⁸⁷</strong></span> <span class='ocrx_word' id='word_1_448' title='bbox 397 5823 572 5876; x_wconf 51' lang='lat' dir='ltr'><strong>(inici.</strong></span> <span class='ocrx_word' id='word_1_449' title='bbox 609 5842 680 5886; x_wconf 70' lang='grc' dir='ltr'>ιι,</span> <span class='ocrx_word' id='word_1_450' title='bbox 722 5828 794 5879; x_wconf 73' lang='grc' dir='ltr'><strong>ιι.</strong></span> 
     </span>
    </p>
   </div>
   <div class='ocr_carea' id='block_1_60' title="bbox 1956 624 3530 701">
    <p class='ocr_par' dir='ltr' id='par_1_60' title="bbox 1956 624 3530 701">
     <span class='ocr_line' id='line_1_61' title="bbox 1956 624 3530 701; baseline 0.01 -26"><span class='ocrx_word' id='word_1_451' title='bbox 1956 624 2114 678; x_wconf 79' lang='lat' dir='ltr'><strong>simul</strong></span> <span class='ocrx_word' id='word_1_452' title='bbox 2151 626 2537 682; x_wconf 89' lang='lat' dir='ltr'><strong>constituimus</strong></span> <span class='ocrx_word' id='word_1_453' title='bbox 2581 644 2700 682; x_wconf 91' lang='lat' dir='ltr'><strong>cum</strong></span> <span class='ocrx_word' id='word_1_454' title='bbox 2737 629 2896 684; x_wconf 88' lang='lat' dir='ltr'><strong>dictis</strong></span> <span class='ocrx_word' id='word_1_455' title='bbox 2945 631 3098 700; x_wconf 84' lang='lat' dir='ltr'><strong>ejus;</strong></span> <span class='ocrx_word' id='word_1_456' title='bbox 3139 635 3263 690; x_wconf 90' lang='lat' dir='ltr'><strong>huic</strong></span> <span class='ocrx_word' id='word_1_457' title='bbox 3290 677 3305 701; x_wconf 92' lang='lat'><strong>,</strong></span> <span class='ocrx_word' id='word_1_458' title='bbox 3341 639 3530 690; x_wconf 85' lang='lat' dir='ltr'><strong>eadem</strong></span> 
     </span>
    </p>
   </div>
   <div class='ocr_carea' id='block_1_61' title="bbox 1957 715 3529 786">
    <p class='ocr_par' dir='ltr' id='par_1_61' title="bbox 1957 715 3529 786">
     <span class='ocr_line' id='line_1_62' title="bbox 1957 715 3529 786; baseline 0.009 -20"><span class='ocrx_word' id='word_1_459' title='bbox 1957 715 2081 770; x_wconf 78' lang='lat' dir='ltr'><strong>licet</strong></span> <span class='ocrx_word' id='word_1_460' title='bbox 2115 718 2313 772; x_wconf 88' lang='lat' dir='ltr'><strong>dicenti</strong></span> <span class='ocrx_word' id='word_1_461' title='bbox 2346 719 2410 772; x_wconf 89' lang='lat' dir='ltr'><strong>de</strong></span> <span class='ocrx_word' id='word_1_462' title='bbox 2443 717 2636 771; x_wconf 84' lang='lat' dir='ltr'><strong>iisdem</strong></span> <span class='ocrx_word' id='word_1_463' title='bbox 2683 721 2843 775; x_wconf 88' lang='lat' dir='ltr'><strong>relms</strong></span> <span class='ocrx_word' id='word_1_464' title='bbox 2869 765 2883 786; x_wconf 89' lang='lat'><strong><em>,</em></strong></span> <span class='ocrx_word' id='word_1_465' title='bbox 2933 739 3122 778; x_wconf 85' lang='lat' dir='ltr'><strong>rursus</strong></span> <span class='ocrx_word' id='word_1_466' title='bbox 3153 741 3529 783; x_wconf 81' lang='lat' dir='ltr'><strong>occurramus.</strong></span> 
     </span>
    </p>
   </div>
   <div class='ocr_carea' id='block_1_62' title="bbox 1953 807 3530 882">
    <p class='ocr_par' dir='ltr' id='par_1_62' title="bbox 1953 807 3530 882">
     <span class='ocr_line' id='line_1_63' title="bbox 1953 807 3530 882; baseline 0.009 -21"><span class='ocrx_word' id='word_1_467' title='bbox 1953 807 2026 861; x_wconf 89' lang='lat' dir='ltr'><strong>Ita</strong></span> <span class='ocrx_word' id='word_1_468' title='bbox 2061 825 2186 863; x_wconf 82' lang='lat' dir='ltr'><strong>rem</strong></span> <span class='ocrx_word' id='word_1_469' title='bbox 2219 810 2263 863; x_wconf 88' lang='lat' dir='ltr'><strong>is</strong></span> <span class='ocrx_word' id='word_1_470' title='bbox 2289 810 2495 864; x_wconf 89' lang='lat' dir='ltr'><strong>habet:</strong></span> <span class='ocrx_word' id='word_1_471' title='bbox 2530 830 2546 861; x_wconf 81' lang='grc' dir='ltr'><strong>ι</strong></span> <span class='ocrx_word' id='word_1_472' title='bbox 2582 810 2645 864; x_wconf 83' lang='lat' dir='ltr'><strong>Et</strong></span> <span class='ocrx_word' id='word_1_473' title='bbox 2676 815 2946 882; x_wconf 92' lang='lat' dir='ltr'><strong>quomodo</strong></span> <span class='ocrx_word' id='word_1_474' title='bbox 2969 815 3062 870; x_wconf 89' lang='lat' dir='ltr'><strong>Dei</strong></span> <span class='ocrx_word' id='word_1_475' title='bbox 3093 827 3144 872; x_wconf 91' lang='lat' dir='ltr'><strong>et</strong></span> <span class='ocrx_word' id='word_1_476' title='bbox 3169 818 3403 874; x_wconf 87' lang='lat' dir='ltr'><strong>hominis</strong></span> <span class='ocrx_word' id='word_1_477' title='bbox 3431 837 3530 875; x_wconf 86' lang='lat' dir='ltr'><strong>no-</strong></span> 
     </span>
    </p>
   </div>
   <div class='ocr_carea' id='block_1_63' title="bbox 1953 899 3532 980">
    <p class='ocr_par' dir='ltr' id='par_1_63' title="bbox 1953 899 3532 980">
     <span class='ocr_line' id='line_1_64' title="bbox 1953 899 3532 980; baseline 0.008 -27"><span class='ocrx_word' id='word_1_478' title='bbox 1953 916 2074 954; x_wconf 88' lang='lat' dir='ltr'><strong>men</strong></span> <span class='ocrx_word' id='word_1_479' title='bbox 2126 899 2422 971; x_wconf 78' lang='lat' dir='ltr'><strong>(Christus)</strong></span> <span class='ocrx_word' id='word_1_480' title='bbox 2470 903 2709 957; x_wconf 81' lang='lat' dir='ltr'><strong>divinam</strong></span> <span class='ocrx_word' id='word_1_481' title='bbox 2769 916 3018 959; x_wconf 87' lang='lat' dir='ltr'><strong>naturam</strong></span> <span class='ocrx_word' id='word_1_482' title='bbox 3067 909 3332 964; x_wconf 79' lang='lat' dir='ltr'><strong>denotans</strong></span> <span class='ocrx_word' id='word_1_483' title='bbox 3370 919 3532 980; x_wconf 87' lang='lat' dir='ltr'><strong>atqtte</strong></span> 
     </span>
    </p>
   </div>
   <div class='ocr_carea' id='block_1_64' title="bbox 1952 994 3526 1072">
    <p class='ocr_par' dir='ltr' id='par_1_64' title="bbox 1952 994 3526 1072">
     <span class='ocr_line' id='line_1_65' title="bbox 1952 994 3526 1072; baseline 0.006 -26"><span class='ocrx_word' id='word_1_484' title='bbox 1952 994 2268 1055; x_wconf 85' lang='lat' dir='ltr'><strong>humanam,</strong></span> <span class='ocrx_word' id='word_1_485' title='bbox 2295 995 2358 1046; x_wconf 90' lang='lat' dir='ltr'><strong>de</strong></span> <span class='ocrx_word' id='word_1_486' title='bbox 2389 994 2477 1048; x_wconf 87' lang='lat' dir='ltr'><strong>illa</strong></span> <span class='ocrx_word' id='word_1_487' title='bbox 2513 995 2672 1049; x_wconf 86' lang='lat' dir='ltr'><strong>icone</strong></span> <span class='ocrx_word' id='word_1_488' title='bbox 2703 999 3050 1065; x_wconf 89' lang='lat' dir='ltr'><strong>pronuntiari</strong></span> <span class='ocrx_word' id='word_1_489' title='bbox 3081 1015 3110 1054; x_wconf 86' lang='lat' dir='ltr'><strong>a</strong></span> <span class='ocrx_word' id='word_1_490' title='bbox 3146 1002 3298 1056; x_wconf 89' lang='lat' dir='ltr'><strong>nobis</strong></span> <span class='ocrx_word' id='word_1_491' title='bbox 3327 1014 3526 1072; x_wconf 88' lang='lat' dir='ltr'><strong>potest,</strong></span> 
     </span>
    </p>
   </div>
   <div class='ocr_carea' id='block_1_65' title="bbox 1951 1085 3525 1160">
    <p class='ocr_par' dir='ltr' id='par_1_65' title="bbox 1951 1085 3525 1160">
     <span class='ocr_line' id='line_1_66' title="bbox 1951 1085 3525 1160; baseline 0.008 -25"><span class='ocrx_word' id='word_1_492' title='bbox 1951 1101 2071 1154; x_wconf 65' lang='lat' dir='ltr'><strong>quae</strong></span> <span class='ocrx_word' id='word_1_493' title='bbox 2112 1085 2358 1139; x_wconf 66' lang='lat' dir='ltr'><strong>humanae</strong></span> <span class='ocrx_word' id='word_1_494' title='bbox 2394 1088 2768 1140; x_wconf 84' lang='lat' dir='ltr'><strong>tantummodo</strong></span> <span class='ocrx_word' id='word_1_495' title='bbox 2816 1099 3025 1144; x_wconf 74' lang='lat' dir='ltr'><strong>naturae</strong></span> <span class='ocrx_word' id='word_1_496' title='bbox 3069 1096 3525 1160; x_wconf 67' lang='lat' dir='ltr'><strong>reprzcsentandae</strong></span> 
     </span>
    </p>
   </div>
   <div class='ocr_carea' id='block_1_66' title="bbox 1949 1178 3522 1252">
    <p class='ocr_par' dir='ltr' id='par_1_66' title="bbox 1949 1178 3522 1252">
     <span class='ocr_line' id='line_1_67' title="bbox 1949 1178 3522 1252; baseline 0.007 -22"><span class='ocrx_word' id='word_1_497' title='bbox 1949 1183 2054 1230; x_wconf 84' lang='lat' dir='ltr'><strong>vim</strong></span> <span class='ocrx_word' id='word_1_498' title='bbox 2103 1178 2283 1238; x_wconf 90' lang='lat' dir='ltr'><strong>habet.</strong></span> <span class='ocrx_word' id='word_1_499' title='bbox 2319 1178 2514 1234; x_wconf 78' lang='lat' dir='ltr'><strong>divinae</strong></span> <span class='ocrx_word' id='word_1_500' title='bbox 2559 1196 2687 1235; x_wconf 83' lang='lat' dir='ltr'><strong>vero</strong></span> <span class='ocrx_word' id='word_1_501' title='bbox 2731 1182 3296 1252; x_wconf 88' lang='lat' dir='ltr'><strong>incomprehensibilis</strong></span> <span class='ocrx_word' id='word_1_502' title='bbox 3345 1187 3522 1242; x_wconf 90' lang='lat' dir='ltr'><strong>haud-</strong></span> 
     </span>
    </p>
   </div>
   <div class='ocr_carea' id='block_1_67' title="bbox 1949 1273 3526 1350">
    <p class='ocr_par' dir='ltr' id='par_1_67' title="bbox 1949 1273 3526 1350">
     <span class='ocr_line' id='line_1_68' title="bbox 1949 1273 3526 1350; baseline 0.007 -26"><span class='ocrx_word' id='word_1_503' title='bbox 1949 1275 2259 1340; x_wconf 80' lang='lat' dir='ltr'><strong>quaquam?</strong></span> <span class='ocrx_word' id='word_1_504' title='bbox 2292 1292 2310 1324; x_wconf 80' lang='grc' dir='ltr'>ι</span> <span class='ocrx_word' id='word_1_505' title='bbox 2343 1273 2454 1327; x_wconf 90' lang='lat' dir='ltr'><strong>lloc</strong></span> <span class='ocrx_word' id='word_1_506' title='bbox 2475 1277 2695 1328; x_wconf 80' lang='lat' dir='ltr'><strong>verbum</strong></span> <span class='ocrx_word' id='word_1_507' title='bbox 2721 1279 3002 1347; x_wconf 81' lang='lat' dir='ltr'><strong>quomodo,</strong></span> <span class='ocrx_word' id='word_1_508' title='bbox 3037 1287 3093 1332; x_wconf 90' lang='lat' dir='ltr'><strong>ut</strong></span> <span class='ocrx_word' id='word_1_509' title='bbox 3114 1281 3264 1346; x_wconf 84' lang='lat' dir='ltr'><strong>quasi</strong></span> <span class='ocrx_word' id='word_1_510' title='bbox 3293 1295 3526 1350; x_wconf 62' lang='lat' dir='ltr'><strong>praesen-</strong></span> 
     </span>
    </p>
   </div>
   <div class='ocr_carea' id='block_1_68' title="bbox 1951 1365 3524 1434">
    <p class='ocr_par' dir='ltr' id='par_1_68' title="bbox 1951 1365 3524 1434">
     <span class='ocr_line' id='line_1_69' title="bbox 1951 1365 3524 1434; baseline 0.006 -18"><span class='ocrx_word' id='word_1_511' title='bbox 1951 1374 2055 1417; x_wconf 88' lang='lat' dir='ltr'><strong>tem</strong></span> <span class='ocrx_word' id='word_1_512' title='bbox 2102 1373 2153 1419; x_wconf 92' lang='lat' dir='ltr'><strong>te</strong></span> <span class='ocrx_word' id='word_1_513' title='bbox 2191 1365 2458 1434; x_wconf 88' lang='lat' dir='ltr'><strong>alloquar,</strong></span> <span class='ocrx_word' id='word_1_514' title='bbox 2504 1368 2546 1420; x_wconf 90' lang='lat' dir='ltr'><strong>si</strong></span> <span class='ocrx_word' id='word_1_515' title='bbox 2585 1369 2678 1420; x_wconf 89' lang='lat' dir='ltr'><strong>tibi</strong></span> <span class='ocrx_word' id='word_1_516' title='bbox 2717 1370 2910 1424; x_wconf 66' lang='lat' dir='ltr'><strong>anima:</strong></span> <span class='ocrx_word' id='word_1_517' title='bbox 2961 1386 3123 1424; x_wconf 84' lang='lat' dir='ltr'><strong>aures</strong></span> <span class='ocrx_word' id='word_1_518' title='bbox 3175 1388 3280 1426; x_wconf 90' lang='lat' dir='ltr'><strong>non</strong></span> <span class='ocrx_word' id='word_1_519' title='bbox 3329 1376 3524 1428; x_wconf 83' lang='lat' dir='ltr'><strong>obsur-</strong></span> 
     </span>
    </p>
   </div>
   <div class='ocr_carea' id='block_1_69' title="bbox 1947 1455 3522 1520">
    <p class='ocr_par' dir='ltr' id='par_1_69' title="bbox 1947 1455 3522 1520">
     <span class='ocr_line' id='line_1_70' title="bbox 1947 1455 3522 1520; baseline 0.006 -12"><span class='ocrx_word' id='word_1_520' title='bbox 1947 1455 2226 1520; x_wconf 89' lang='lat' dir='ltr'><strong>duissent,</strong></span> <span class='ocrx_word' id='word_1_521' title='bbox 2261 1460 2303 1512; x_wconf 87' lang='lat' dir='ltr'><strong>si</strong></span> <span class='ocrx_word' id='word_1_522' title='bbox 2340 1458 2432 1511; x_wconf 92' lang='lat' dir='ltr'><strong>tibi</strong></span> <span class='ocrx_word' id='word_1_523' title='bbox 2469 1459 2770 1513; x_wconf 85' lang='lat' dir='ltr'><strong>intellectus</strong></span> <span class='ocrx_word' id='word_1_524' title='bbox 2804 1463 2940 1515; x_wconf 79' lang='lat' dir='ltr'><strong>oculi</strong></span> <span class='ocrx_word' id='word_1_525' title='bbox 2973 1479 3077 1516; x_wconf 86' lang='lat' dir='ltr'><strong>non</strong></span> <span class='ocrx_word' id='word_1_526' title='bbox 3126 1477 3306 1518; x_wconf 79' lang='lat' dir='ltr'><strong>essent</strong></span> <span class='ocrx_word' id='word_1_527' title='bbox 3346 1481 3522 1519; x_wconf 75' lang='lat' dir='ltr'><strong>excae-</strong></span> 
     </span>
    </p>
   </div>
   <div class='ocr_carea' id='block_1_70' title="bbox 1945 1549 3515 1611">
    <p class='ocr_par' dir='ltr' id='par_1_70' title="bbox 1945 1549 3515 1611">
     <span class='ocr_line' id='line_1_71' title="bbox 1945 1549 3515 1611; baseline 0.003 -9"><span class='ocrx_word' id='word_1_528' title='bbox 1945 1549 2076 1610; x_wconf 89' lang='lat' dir='ltr'><strong>eati,</strong></span> <span class='ocrx_word' id='word_1_529' title='bbox 2118 1551 2160 1602; x_wconf 87' lang='lat' dir='ltr'><strong>si</strong></span> <span class='ocrx_word' id='word_1_530' title='bbox 2196 1550 2289 1602; x_wconf 91' lang='lat' dir='ltr'><strong>tibi</strong></span> <span class='ocrx_word' id='word_1_531' title='bbox 2341 1564 2490 1605; x_wconf 86' lang='lat' dir='ltr'><strong>mens</strong></span> <span class='ocrx_word' id='word_1_532' title='bbox 2543 1565 2646 1604; x_wconf 91' lang='lat' dir='ltr'><strong>non</strong></span> <span class='ocrx_word' id='word_1_533' title='bbox 2680 1563 2826 1606; x_wconf 89' lang='lat' dir='ltr'><strong>esset</strong></span> <span class='ocrx_word' id='word_1_534' title='bbox 2876 1553 3107 1607; x_wconf 84' lang='lat' dir='ltr'><strong>alienata</strong></span> <span class='ocrx_word' id='word_1_535' title='bbox 3159 1566 3205 1610; x_wconf 89' lang='lat' dir='ltr'><strong>et</strong></span> <span class='ocrx_word' id='word_1_536' title='bbox 3248 1555 3515 1611; x_wconf 86' lang='lat' dir='ltr'><strong>ratiocinii</strong></span> 
     </span>
    </p>
   </div>
   <div class='ocr_carea' id='block_1_71' title="bbox 1947 1642 3519 1714">
    <p class='ocr_par' dir='ltr' id='par_1_71' title="bbox 1947 1642 3519 1714">
     <span class='ocr_line' id='line_1_72' title="bbox 1947 1642 3519 1714; baseline 0.004 -20"><span class='ocrx_word' id='word_1_537' title='bbox 1947 1657 2074 1695; x_wconf 91' lang='lat' dir='ltr'><strong>usus</strong></span> <span class='ocrx_word' id='word_1_538' title='bbox 2122 1642 2438 1704; x_wconf 86' lang='lat' dir='ltr'><strong>subversus,</strong></span> <span class='ocrx_word' id='word_1_539' title='bbox 2482 1643 2526 1695; x_wconf 91' lang='lat' dir='ltr'><strong>si</strong></span> <span class='ocrx_word' id='word_1_540' title='bbox 2584 1643 2677 1696; x_wconf 91' lang='lat' dir='ltr'><strong>tibi</strong></span> <span class='ocrx_word' id='word_1_541' title='bbox 2732 1643 3007 1714; x_wconf 82' lang='lat' dir='ltr'><strong>religionis</strong></span> <span class='ocrx_word' id='word_1_542' title='bbox 3055 1647 3271 1700; x_wconf 87' lang='lat' dir='ltr'><strong>termini</strong></span> <span class='ocrx_word' id='word_1_543' title='bbox 3309 1649 3519 1701; x_wconf 89' lang='lat' dir='ltr'><strong>immoti</strong></span> 
     </span>
    </p>
   </div>
   <div class='ocr_carea' id='block_1_72' title="bbox 1946 1733 3512 1796">
    <p class='ocr_par' dir='ltr' id='par_1_72' title="bbox 1946 1733 3512 1796">
     <span class='ocr_line' id='line_1_73' title="bbox 1946 1733 3512 1796; baseline 0.004 -11"><span class='ocrx_word' id='word_1_544' title='bbox 1946 1743 2251 1796; x_wconf 91' lang='lat' dir='ltr'><strong>manerent,</strong></span> <span class='ocrx_word' id='word_1_545' title='bbox 2276 1743 2323 1785; x_wconf 88' lang='lat' dir='ltr'><strong>et</strong></span> <span class='ocrx_word' id='word_1_546' title='bbox 2348 1734 2628 1786; x_wconf 67' lang='lat' dir='ltr'><strong>catholicae</strong></span> <span class='ocrx_word' id='word_1_547' title='bbox 2657 1733 2912 1789; x_wconf 72' lang='lat' dir='ltr'><strong>Ecclesia:</strong></span> <span class='ocrx_word' id='word_1_548' title='bbox 2945 1739 3165 1792; x_wconf 81' lang='lat' dir='ltr'><strong>traditio</strong></span> <span class='ocrx_word' id='word_1_549' title='bbox 3189 1750 3512 1793; x_wconf 82' lang='lat' dir='ltr'><strong>conservata</strong></span> 
     </span>
    </p>
   </div>
   <div class='ocr_carea' id='block_1_73' title="bbox 1945 1824 3514 1893">
    <p class='ocr_par' dir='ltr' id='par_1_73' title="bbox 1945 1824 3514 1893">
     <span class='ocr_line' id='line_1_74' title="bbox 1945 1824 3514 1893; baseline 0.002 -15"><span class='ocrx_word' id='word_1_550' title='bbox 1945 1833 2091 1878; x_wconf 86' lang='lat' dir='ltr'><strong>esset</strong></span> <span class='ocrx_word' id='word_1_551' title='bbox 2134 1824 2437 1888; x_wconf 91' lang='lat' dir='ltr'><strong>incolumis,</strong></span> <span class='ocrx_word' id='word_1_552' title='bbox 2473 1825 2515 1877; x_wconf 90' lang='lat' dir='ltr'><strong>si</strong></span> <span class='ocrx_word' id='word_1_553' title='bbox 2550 1826 2783 1893; x_wconf 81' lang='lat' dir='ltr'><strong>aliquam</strong></span> <span class='ocrx_word' id='word_1_554' title='bbox 2819 1828 3011 1882; x_wconf 74' lang='lat' dir='ltr'><strong>saltem</strong></span> <span class='ocrx_word' id='word_1_555' title='bbox 3060 1829 3181 1882; x_wconf 86' lang='lat' dir='ltr'><strong>lidei</strong></span> <span class='ocrx_word' id='word_1_556' title='bbox 3224 1829 3514 1883; x_wconf 77' lang='lat' dir='ltr'><strong>scintillam</strong></span> 
     </span>
    </p>
   </div>
   <div class='ocr_carea' id='block_1_74' title="bbox 1938 1917 3509 1988">
    <p class='ocr_par' dir='ltr' id='par_1_74' title="bbox 1938 1917 3509 1988">
     <span class='ocr_line' id='line_1_75' title="bbox 1938 1917 3509 1988; baseline 0.003 -19"><span class='ocrx_word' id='word_1_557' title='bbox 1938 1917 2099 1971; x_wconf 84' lang='lat' dir='ltr'><strong>corde</strong></span> <span class='ocrx_word' id='word_1_558' title='bbox 2144 1928 2232 1970; x_wconf 91' lang='lat' dir='ltr'><strong>tuo</strong></span> <span class='ocrx_word' id='word_1_559' title='bbox 2289 1917 2588 1982; x_wconf 84' lang='lat' dir='ltr'><strong>relinercs,</strong></span> <span class='ocrx_word' id='word_1_560' title='bbox 2635 1934 2807 1988; x_wconf 88' lang='lat' dir='ltr'><strong>neque</strong></span> <span class='ocrx_word' id='word_1_561' title='bbox 2856 1919 3016 1974; x_wconf 80' lang='lat' dir='ltr'><strong>furiis</strong></span> <span class='ocrx_word' id='word_1_562' title='bbox 3064 1921 3328 1976; x_wconf 86' lang='lat' dir='ltr'><strong>adversus</strong></span> <span class='ocrx_word' id='word_1_563' title='bbox 3369 1921 3509 1974; x_wconf 85' lang='lat' dir='ltr'><strong>irre-</strong></span> 
     </span>
    </p>
   </div>
   <div class='ocr_carea' id='block_1_75' title="bbox 1941 2007 3517 2080">
    <p class='ocr_par' dir='ltr' id='par_1_75' title="bbox 1941 2007 3517 2080">
     <span class='ocr_line' id='line_1_76' title="bbox 1941 2007 3517 2080; baseline 0.005 -20"><span class='ocrx_word' id='word_1_564' title='bbox 1941 2007 2354 2076; x_wconf 88' lang='lat' dir='ltr'><strong>prehensibilem</strong></span> <span class='ocrx_word' id='word_1_565' title='bbox 2415 2008 2863 2080; x_wconf 85' lang='lat' dir='ltr'><strong>infallibilemque</strong></span> <span class='ocrx_word' id='word_1_566' title='bbox 2933 2013 3332 2067; x_wconf 80' lang='lat' dir='ltr'><strong>confessionem</strong></span> <span class='ocrx_word' id='word_1_567' title='bbox 3415 2030 3517 2068; x_wconf 83' lang='lat' dir='ltr'><strong>no-</strong></span> 
     </span>
    </p>
   </div>
   <div class='ocr_carea' id='block_1_76' title="bbox 1939 2097 3514 2174">
    <p class='ocr_par' dir='ltr' id='par_1_76' title="bbox 1939 2097 3514 2174">
     <span class='ocr_line' id='line_1_77' title="bbox 1939 2097 3514 2174; baseline 0.005 -24"><span class='ocrx_word' id='word_1_568' title='bbox 1939 2109 2104 2150; x_wconf 87' lang='lat' dir='ltr'><strong>Stram</strong></span> <span class='ocrx_word' id='word_1_569' title='bbox 2141 2097 2428 2168; x_wconf 80' lang='lat' dir='ltr'><strong>agitarerc,</strong></span> <span class='ocrx_word' id='word_1_570' title='bbox 2455 2099 2686 2154; x_wconf 88' lang='lat' dir='ltr'><strong>ducibus</strong></span> <span class='ocrx_word' id='word_1_571' title='bbox 2721 2102 2810 2170; x_wconf 85' lang='lat' dir='ltr'><strong>qui</strong></span> <span class='ocrx_word' id='word_1_572' title='bbox 2850 2113 2898 2154; x_wconf 90' lang='lat' dir='ltr'><strong>te</strong></span> <span class='ocrx_word' id='word_1_573' title='bbox 2925 2101 2990 2155; x_wconf 85' lang='lat' dir='ltr'><strong>ad</strong></span> <span class='ocrx_word' id='word_1_574' title='bbox 3025 2103 3358 2159; x_wconf 80' lang='lat' dir='ltr'><strong>infidelitatis</strong></span> <span class='ocrx_word' id='word_1_575' title='bbox 3387 2120 3514 2174; x_wconf 75' lang='lat' dir='ltr'><strong>per-</strong></span> 
     </span>
    </p>
   </div>
   <div class='ocr_carea' id='block_1_77' title="bbox 1939 2189 3515 2264">
    <p class='ocr_par' dir='ltr' id='par_1_77' title="bbox 1939 2189 3515 2264">
     <span class='ocr_line' id='line_1_78' title="bbox 1939 2189 3515 2264; baseline 0.004 -22"><span class='ocrx_word' id='word_1_576' title='bbox 1939 2189 2266 2258; x_wconf 83' lang='lat' dir='ltr'><strong>ditionisque</strong></span> <span class='ocrx_word' id='word_1_577' title='bbox 2292 2191 2644 2260; x_wconf 70' lang='lat' dir='ltr'><strong>praecipitium</strong></span> <span class='ocrx_word' id='word_1_578' title='bbox 2675 2195 2926 2258; x_wconf 84' lang='lat' dir='ltr'><strong>trahunt;</strong></span> <span class='ocrx_word' id='word_1_579' title='bbox 2963 2195 3084 2260; x_wconf 87' lang='lat' dir='ltr'><strong>hoc,</strong></span> <span class='ocrx_word' id='word_1_580' title='bbox 3119 2195 3360 2264; x_wconf 87' lang='lat' dir='ltr'><strong>inquam,</strong></span> <span class='ocrx_word' id='word_1_581' title='bbox 3385 2213 3515 2261; x_wconf 85' lang='lat' dir='ltr'><strong>quo-</strong></span> 
     </span>
    </p>
   </div>
   <div class='ocr_carea' id='block_1_78' title="bbox 1939 2283 3510 2358">
    <p class='ocr_par' dir='ltr' id='par_1_78' title="bbox 1939 2283 3510 2358">
     <span class='ocr_line' id='line_1_79' title="bbox 1939 2283 3510 2358; baseline 0.004 -24"><span class='ocrx_word' id='word_1_582' title='bbox 1939 2283 2090 2335; x_wconf 83' lang='lat' dir='ltr'><strong>modo</strong></span> <span class='ocrx_word' id='word_1_583' title='bbox 2125 2298 2154 2338; x_wconf 88' lang='lat' dir='ltr'><strong>a</strong></span> <span class='ocrx_word' id='word_1_584' title='bbox 2193 2294 2241 2336; x_wconf 91' lang='lat' dir='ltr'><strong>te</strong></span> <span class='ocrx_word' id='word_1_585' title='bbox 2283 2284 2592 2352; x_wconf 69' lang='lat' dir='ltr'><strong>qua‘situm,</strong></span> <span class='ocrx_word' id='word_1_586' title='bbox 2625 2287 3031 2343; x_wconf 87' lang='lat' dir='ltr'><strong>evidentissime</strong></span> <span class='ocrx_word' id='word_1_587' title='bbox 3068 2299 3256 2358; x_wconf 83' lang='lat' dir='ltr'><strong>patens</strong></span> <span class='ocrx_word' id='word_1_588' title='bbox 3289 2289 3510 2355; x_wconf 78' lang='lat' dir='ltr'><strong>fuisset;</strong></span> 
     </span>
    </p>
   </div>
   <div class='ocr_carea' id='block_1_79' title="bbox 1939 2376 3508 2447">
    <p class='ocr_par' dir='ltr' id='par_1_79' title="bbox 1939 2376 3508 2447">
     <span class='ocr_line' id='line_1_80' title="bbox 1939 2376 3508 2447; baseline 0.004 -21"><span class='ocrx_word' id='word_1_589' title='bbox 1939 2376 1982 2426; x_wconf 81' lang='lat' dir='ltr'><strong>si</strong></span> <span class='ocrx_word' id='word_1_590' title='bbox 2043 2390 2227 2442; x_wconf 80' lang='lat' dir='ltr'><strong>reapse</strong></span> <span class='ocrx_word' id='word_1_591' title='bbox 2274 2377 2595 2443; x_wconf 82' lang='lat' dir='ltr'><strong>qmesitum,</strong></span> <span class='ocrx_word' id='word_1_592' title='bbox 2635 2385 2686 2430; x_wconf 79' lang='lat' dir='ltr'><strong>et</strong></span> <span class='ocrx_word' id='word_1_593' title='bbox 2734 2394 2840 2431; x_wconf 92' lang='lat' dir='ltr'><strong>non</strong></span> <span class='ocrx_word' id='word_1_594' title='bbox 2892 2380 3072 2447; x_wconf 78' lang='lat' dir='ltr'><strong>potius</strong></span> <span class='ocrx_word' id='word_1_595' title='bbox 3111 2397 3207 2433; x_wconf 78' lang='lat' dir='ltr'><strong>reu</strong></span> <span class='ocrx_word' id='word_1_596' title='bbox 3263 2382 3508 2447; x_wconf 72' lang='lat' dir='ltr'><strong>decipula</strong></span> 
     </span>
    </p>
   </div>
   <div class='ocr_carea' id='block_1_80' title="bbox 1940 2468 3508 2542">
    <p class='ocr_par' dir='ltr' id='par_1_80' title="bbox 1940 2468 3508 2542">
     <span class='ocr_line' id='line_1_81' title="bbox 1940 2468 3508 2542; baseline 0.004 -26"><span class='ocrx_word' id='word_1_597' title='bbox 1940 2468 2186 2532; x_wconf 80' lang='lat' dir='ltr'><strong>qua-datu</strong></span> <span class='ocrx_word' id='word_1_598' title='bbox 2223 2480 2275 2519; x_wconf 88' lang='lat' dir='ltr'><strong>et</strong></span> <span class='ocrx_word' id='word_1_599' title='bbox 2305 2468 2493 2520; x_wconf 68' lang='lat' dir='ltr'><strong>«aliida</strong></span> <span class='ocrx_word' id='word_1_600' title='bbox 2545 2469 2881 2537; x_wconf 81' lang='lat' dir='ltr'><strong>improbitas,</strong></span> <span class='ocrx_word' id='word_1_601' title='bbox 2927 2471 3063 2540; x_wconf 87' lang='lat' dir='ltr'><strong>apttd</strong></span> <span class='ocrx_word' id='word_1_602' title='bbox 3118 2483 3168 2525; x_wconf 84' lang='lat' dir='ltr'><strong>te</strong></span> <span class='ocrx_word' id='word_1_603' title='bbox 3217 2478 3508 2542; x_wconf 65' lang='lat' dir='ltr'><strong>repositum</strong></span> 
     </span>
    </p>
   </div>
   <div class='ocr_carea' id='block_1_81' title="bbox 1940 2569 2075 2614">
    <p class='ocr_par' dir='ltr' id='par_1_81' title="bbox 1940 2569 2075 2614">
     <span class='ocr_line' id='line_1_82' title="bbox 1940 2569 2075 2614; baseline 0.007 -1"><span class='ocrx_word' id='word_1_604' title='bbox 1940 2569 2075 2614; x_wconf 75' lang='lat' dir='ltr'><strong>etut.</strong></span> 
     </span>
    </p>
   </div>
   <div class='ocr_carea' id='block_1_82' title="bbox 2010 2696 3510 2766">
    <p class='ocr_par' dir='ltr' id='par_1_82' title="bbox 2010 2696 3510 2766">
     <span class='ocr_line' id='line_1_83' title="bbox 2010 2696 3510 2766; baseline -0.002 -16"><span class='ocrx_word' id='word_1_605' title='bbox 2010 2703 2187 2766; x_wconf 75' lang='lat' dir='ltr'><strong>Atque</strong></span> <span class='ocrx_word' id='word_1_606' title='bbox 2230 2707 2285 2749; x_wconf 90' lang='lat' dir='ltr'><strong>ut</strong></span> <span class='ocrx_word' id='word_1_607' title='bbox 2317 2700 2501 2750; x_wconf 86' lang='lat' dir='ltr'><strong>eadem</strong></span> <span class='ocrx_word' id='word_1_608' title='bbox 2535 2700 2600 2752; x_wconf 89' lang='lat' dir='ltr'><strong>de</strong></span> <span class='ocrx_word' id='word_1_609' title='bbox 2631 2699 2819 2753; x_wconf 83' lang='lat' dir='ltr'><strong>iisdem</strong></span> <span class='ocrx_word' id='word_1_610' title='bbox 2856 2699 3018 2753; x_wconf 86' lang='lat' dir='ltr'><strong>rebus</strong></span> <span class='ocrx_word' id='word_1_611' title='bbox 3051 2705 3390 2752; x_wconf 88' lang='lat' dir='ltr'><strong>resumentes</strong></span> <span class='ocrx_word' id='word_1_612' title='bbox 3427 2696 3510 2748; x_wconf 84' lang='lat' dir='ltr'><strong>di-</strong></span> 
     </span>
    </p>
   </div>
   <div class='ocr_carea' id='block_1_83' title="bbox 1941 2788 3509 2857">
    <p class='ocr_par' dir='ltr' id='par_1_83' title="bbox 1941 2788 3509 2857">
     <span class='ocr_line' id='line_1_84' title="bbox 1941 2788 3509 2857; baseline 0.001 -19"><span class='ocrx_word' id='word_1_613' title='bbox 1941 2805 2144 2848; x_wconf 82' lang='lat' dir='ltr'><strong>eamus,</strong></span> <span class='ocrx_word' id='word_1_614' title='bbox 2191 2789 2331 2842; x_wconf 90' lang='lat' dir='ltr'><strong>sicut</strong></span> <span class='ocrx_word' id='word_1_615' title='bbox 2371 2788 2651 2841; x_wconf 82' lang='lat' dir='ltr'><strong>cruciﬁxio</strong></span> <span class='ocrx_word' id='word_1_616' title='bbox 2689 2795 2743 2841; x_wconf 90' lang='lat' dir='ltr'><strong>et</strong></span> <span class='ocrx_word' id='word_1_617' title='bbox 2785 2789 2966 2857; x_wconf 90' lang='lat' dir='ltr'><strong>passio</strong></span> <span class='ocrx_word' id='word_1_618' title='bbox 3013 2789 3218 2842; x_wconf 69' lang='lat' dir='ltr'><strong>Christi</strong></span> <span class='ocrx_word' id='word_1_619' title='bbox 3284 2789 3509 2848; x_wconf 83' lang='lat' dir='ltr'><strong>dicitur.</strong></span> 
     </span>
    </p>
   </div>
   <div class='ocr_carea' id='block_1_84' title="bbox 1942 2877 3508 2948">
    <p class='ocr_par' dir='ltr' id='par_1_84' title="bbox 1942 2877 3508 2948">
     <span class='ocr_line' id='line_1_85' title="bbox 1942 2877 3508 2948; baseline 0.003 -19"><span class='ocrx_word' id='word_1_620' title='bbox 1942 2880 2177 2946; x_wconf 83' lang='lat' dir='ltr'><strong>itemque</strong></span> <span class='ocrx_word' id='word_1_621' title='bbox 2215 2877 2490 2945; x_wconf 87' lang='lat' dir='ltr'><strong>sepultura</strong></span> <span class='ocrx_word' id='word_1_622' title='bbox 2526 2889 2580 2931; x_wconf 86' lang='lat' dir='ltr'><strong>et</strong></span> <span class='ocrx_word' id='word_1_623' title='bbox 2620 2880 2855 2946; x_wconf 86' lang='lat' dir='ltr'><strong>reliqua,</strong></span> <span class='ocrx_word' id='word_1_624' title='bbox 2913 2895 2979 2932; x_wconf 92' lang='lat' dir='ltr'><strong>ne</strong></span> <span class='ocrx_word' id='word_1_625' title='bbox 3033 2880 3297 2948; x_wconf 75' lang='lat' dir='ltr'><strong>prolixius</strong></span> <span class='ocrx_word' id='word_1_626' title='bbox 3349 2881 3508 2933; x_wconf 80' lang='lat' dir='ltr'><strong>verba</strong></span> 
     </span>
    </p>
   </div>
   <div class='ocr_carea' id='block_1_85' title="bbox 1943 2971 3513 3034">
    <p class='ocr_par' dir='ltr' id='par_1_85' title="bbox 1943 2971 3513 3034">
     <span class='ocr_line' id='line_1_86' title="bbox 1943 2971 3513 3034; baseline 0.003 -14"><span class='ocrx_word' id='word_1_627' title='bbox 1943 2971 2224 3033; x_wconf 75' lang='lat' dir='ltr'><strong>l&#39;.=ciamus,</strong></span> <span class='ocrx_word' id='word_1_628' title='bbox 2263 2971 2536 3022; x_wconf 89' lang='lat' dir='ltr'><strong>modulum</strong></span> <span class='ocrx_word' id='word_1_629' title='bbox 2572 2972 2919 3034; x_wconf 74' lang='lat' dir='ltr'><strong>exeedentes,</strong></span> <span class='ocrx_word' id='word_1_630' title='bbox 2953 2980 3008 3023; x_wconf 89' lang='lat' dir='ltr'><strong>et</strong></span> <span class='ocrx_word' id='word_1_631' title='bbox 3042 2973 3379 3025; x_wconf 86' lang='lat' dir='ltr'><strong>audientium</strong></span> <span class='ocrx_word' id='word_1_632' title='bbox 3419 2986 3513 3024; x_wconf 89' lang='lat' dir='ltr'><strong>au-</strong></span> 
     </span>
    </p>
   </div>
   <div class='ocr_carea' id='block_1_86' title="bbox 1945 3061 3512 3131">
    <p class='ocr_par' dir='ltr' id='par_1_86' title="bbox 1945 3061 3512 3131">
     <span class='ocr_line' id='line_1_87' title="bbox 1945 3061 3512 3131; baseline 0.002 -18"><span class='ocrx_word' id='word_1_633' title='bbox 1945 3061 2090 3114; x_wconf 88' lang='lat' dir='ltr'><strong>ribus</strong></span> <span class='ocrx_word' id='word_1_634' title='bbox 2127 3061 2428 3114; x_wconf 87' lang='lat' dir='ltr'><strong>molestiam</strong></span> <span class='ocrx_word' id='word_1_635' title='bbox 2464 3075 2735 3126; x_wconf 82' lang='lat' dir='ltr'><strong>creantes,</strong></span> <span class='ocrx_word' id='word_1_636' title='bbox 2786 3076 2963 3129; x_wconf 87' lang='lat' dir='ltr'><strong>neque</strong></span> <span class='ocrx_word' id='word_1_637' title='bbox 2993 3062 3102 3128; x_wconf 87' lang='lat' dir='ltr'><strong>jam</strong></span> <span class='ocrx_word' id='word_1_638' title='bbox 3137 3063 3337 3116; x_wconf 85' lang='lat' dir='ltr'><strong>diutius</strong></span> <span class='ocrx_word' id='word_1_639' title='bbox 3357 3077 3512 3131; x_wconf 67' lang='lat' dir='ltr'><strong>atque</strong></span> 
     </span>
    </p>
   </div>
   <div class='ocr_carea' id='block_1_87' title="bbox 1943 3153 3512 3222">
    <p class='ocr_par' dir='ltr' id='par_1_87' title="bbox 1943 3153 3512 3222">
     <span class='ocr_line' id='line_1_88' title="bbox 1943 3153 3512 3222; baseline 0 -18"><span class='ocrx_word' id='word_1_640' title='bbox 1943 3171 2004 3206; x_wconf 86' lang='lat' dir='ltr'><strong>ac</strong></span> <span class='ocrx_word' id='word_1_641' title='bbox 2047 3165 2097 3205; x_wconf 90' lang='grc' dir='ltr'>ιιι</span> <span class='ocrx_word' id='word_1_642' title='bbox 2141 3153 2472 3218; x_wconf 82' lang='lat' dir='ltr'><strong>fabulemur;</strong></span> <span class='ocrx_word' id='word_1_643' title='bbox 2509 3156 2634 3222; x_wconf 88' lang='lat' dir='ltr'><strong>quia</strong></span> <span class='ocrx_word' id='word_1_644' title='bbox 2685 3153 2892 3208; x_wconf 85' lang='lat' dir='ltr'><strong>Christi</strong></span> <span class='ocrx_word' id='word_1_645' title='bbox 2941 3170 3138 3208; x_wconf 87' lang='lat' dir='ltr'><strong>nomen</strong></span> <span class='ocrx_word' id='word_1_646' title='bbox 3192 3163 3512 3207; x_wconf 84' lang='lat' dir='ltr'><strong>naturarum</strong></span> 
     </span>
    </p>
   </div>
   <div class='ocr_carea' id='block_1_88' title="bbox 625 3217 1910 3316">
    <p class='ocr_par' dir='ltr' id='par_1_88' title="bbox 625 3217 1906 3303">
     <span class='ocr_line' id='line_1_89' title="bbox 625 3217 1906 3303; baseline -0.016 -2"><span class='ocrx_word' id='word_1_647' title='bbox 625 3235 650 3277; x_wconf 60' lang='grc' dir='ltr'><em>ς</em></span> <span class='ocrx_word' id='word_1_648' title='bbox 700 3217 891 3281; x_wconf 62' lang='grc' dir='ltr'><strong>δυάδος</strong></span> <span class='ocrx_word' id='word_1_649' title='bbox 935 3223 1043 3273; x_wconf 72' lang='grc' dir='ltr'><strong>τῶν</strong></span> <span class='ocrx_word' id='word_1_650' title='bbox 1081 3225 1296 3290; x_wconf 58' lang='grc' dir='ltr'>φῦτεων</span> <span class='ocrx_word' id='word_1_651' title='bbox 1349 3227 1612 3297; x_wconf 65' lang='grc' dir='ltr'>δήλωσιν,</span> <span class='ocrx_word' id='word_1_652' title='bbox 1661 3232 1730 3282; x_wconf 76' lang='grc' dir='ltr'>τὰ</span> <span class='ocrx_word' id='word_1_653' title='bbox 1868 3227 1906 3282; x_wconf 94' lang='lat' dir='ltr'><strong>C</strong></span> 
     </span>
    </p>
   </div>
   <div class='ocr_carea' id='block_1_89' title="bbox 1929 3217 3511 3316">
    <p class='ocr_par' dir='ltr' id='par_1_89' title="bbox 1942 3247 3511 3316">
     <span class='ocr_line' id='line_1_90' title="bbox 1942 3247 3511 3316; baseline 0 -19"><span class='ocrx_word' id='word_1_654' title='bbox 1942 3247 2254 3298; x_wconf 78' lang='lat' dir='ltr'><strong>dualitatem</strong></span> <span class='ocrx_word' id='word_1_655' title='bbox 2306 3247 2712 3314; x_wconf 83' lang='lat' dir='ltr'><strong>complectitur.</strong></span> <span class='ocrx_word' id='word_1_656' title='bbox 2766 3262 2827 3299; x_wconf 88' lang='lat' dir='ltr'><strong>ea</strong></span> <span class='ocrx_word' id='word_1_657' title='bbox 2871 3264 2989 3316; x_wconf 76' lang='lat' dir='ltr'><strong>qua:</strong></span> <span class='ocrx_word' id='word_1_658' title='bbox 3039 3248 3128 3299; x_wconf 86' lang='grc' dir='ltr'>ιιιιί</span> <span class='ocrx_word' id='word_1_659' title='bbox 3173 3247 3511 3306; x_wconf 86' lang='lat' dir='ltr'><strong>tribuuntur,</strong></span> 
     </span>
    </p>
   </div>
   <div class='ocr_carea' id='block_1_90' title="bbox 1941 3337 3514 3404">
    <p class='ocr_par' dir='ltr' id='par_1_90' title="bbox 1941 3337 3514 3404">
     <span class='ocr_line' id='line_1_91' title="bbox 1941 3337 3514 3404; baseline 0.001 -17"><span class='ocrx_word' id='word_1_660' title='bbox 1941 3338 2095 3391; x_wconf 84' lang='lat' dir='ltr'><strong>alteri</strong></span> <span class='ocrx_word' id='word_1_661' title='bbox 2124 3352 2340 3404; x_wconf 88' lang='lat' dir='ltr'><strong>quoque</strong></span> <span class='ocrx_word' id='word_1_662' title='bbox 2376 3339 2654 3390; x_wconf 77' lang='lat' dir='ltr'><strong>acet-dent.</strong></span> <span class='ocrx_word' id='word_1_663' title='bbox 2685 3337 2844 3391; x_wconf 72' lang='lat' dir='ltr'><strong>Certe</strong></span> <span class='ocrx_word' id='word_1_664' title='bbox 2872 3355 3001 3391; x_wconf 82' lang='lat' dir='ltr'><strong>crux</strong></span> <span class='ocrx_word' id='word_1_665' title='bbox 3039 3338 3252 3390; x_wconf 90' lang='lat' dir='ltr'><strong>nonnisi</strong></span> <span class='ocrx_word' id='word_1_666' title='bbox 3278 3338 3514 3390; x_wconf 81' lang='lat' dir='ltr'><strong>hominis</strong></span> 
     </span>
    </p>
   </div>
   <div class='ocr_carea' id='block_1_91' title="bbox 1943 3428 3508 3498">
    <p class='ocr_par' dir='ltr' id='par_1_91' title="bbox 1943 3428 3508 3498">
     <span class='ocr_line' id='line_1_92' title="bbox 1943 3428 3508 3498; baseline 0 -18"><span class='ocrx_word' id='word_1_667' title='bbox 1943 3442 2190 3480; x_wconf 89' lang='lat' dir='ltr'><strong>naturam</strong></span> <span class='ocrx_word' id='word_1_668' title='bbox 2239 3428 2348 3498; x_wconf 77' lang='lat'><strong>60</strong></span> <span class='ocrx_word' id='word_1_669' title='bbox 2385 3430 2631 3480; x_wconf 65' lang='lat' dir='ltr'><strong>cruciare</strong></span> <span class='ocrx_word' id='word_1_670' title='bbox 2677 3439 2873 3496; x_wconf 74' lang='lat' dir='ltr'><strong>potest,</strong></span> <span class='ocrx_word' id='word_1_671' title='bbox 2915 3431 3263 3483; x_wconf 85' lang='lat' dir='ltr'><strong>nihilominus</strong></span> <span class='ocrx_word' id='word_1_672' title='bbox 3307 3431 3508 3482; x_wconf 74' lang='lat' dir='ltr'><strong>Christi</strong></span> 
     </span>
    </p>
   </div>
   <div class='ocr_carea' id='block_1_92' title="bbox 1939 3516 3510 3588">
    <p class='ocr_par' dir='ltr' id='par_1_92' title="bbox 1939 3516 3510 3588">
     <span class='ocr_line' id='line_1_93' title="bbox 1939 3516 3510 3588; baseline -0.001 -18"><span class='ocrx_word' id='word_1_673' title='bbox 1939 3536 2070 3570; x_wconf 67' lang='lat' dir='ltr'><strong>crux</strong></span> <span class='ocrx_word' id='word_1_674' title='bbox 2106 3521 2324 3571; x_wconf 80' lang='lat' dir='ltr'><strong>dicitur.</strong></span> <span class='ocrx_word' id='word_1_675' title='bbox 2363 3516 2545 3570; x_wconf 76' lang='lat' dir='ltr'><strong>Fidem</strong></span> <span class='ocrx_word' id='word_1_676' title='bbox 2581 3521 2673 3572; x_wconf 91' lang='lat' dir='ltr'><strong>tibi</strong></span> <span class='ocrx_word' id='word_1_677' title='bbox 2711 3519 2869 3573; x_wconf 77' lang='lat' dir='ltr'><strong>faciat</strong></span> <span class='ocrx_word' id='word_1_678' title='bbox 2905 3523 2992 3588; x_wconf 87' lang='lat' dir='ltr'><strong>qui</strong></span> <span class='ocrx_word' id='word_1_679' title='bbox 3019 3522 3094 3572; x_wconf 73' lang='lat' dir='ltr'><strong>ait</strong></span> <span class='ocrx_word' id='word_1_680' title='bbox 3128 3537 3141 3573; x_wconf 90' lang='lat'><strong>:</strong></span> <span class='ocrx_word' id='word_1_681' title='bbox 3179 3518 3310 3571; x_wconf 79' lang='lat' dir='ltr'><strong>Mihi</strong></span> <span class='ocrx_word' id='word_1_682' title='bbox 3338 3532 3510 3571; x_wconf 81' lang='lat' dir='ltr'><strong>autem</strong></span> 
     </span>
    </p>
   </div>
   <div class='ocr_carea' id='block_1_93' title="bbox 1939 3611 3510 3681">
    <p class='ocr_par' dir='ltr' id='par_1_93' title="bbox 1939 3611 3510 3681">
     <span class='ocr_line' id='line_1_94' title="bbox 1939 3611 3510 3681; baseline -0.002 -15"><span class='ocrx_word' id='word_1_683' title='bbox 1939 3613 2071 3666; x_wconf 68' lang='lat' dir='ltr'><strong>absit</strong></span> <span class='ocrx_word' id='word_1_684' title='bbox 2119 3612 2374 3681; x_wconf 79' lang='lat' dir='ltr'><strong>gloriari,</strong></span> <span class='ocrx_word' id='word_1_685' title='bbox 2430 3613 2532 3664; x_wconf 79' lang='lat' dir='ltr'><strong>nisi</strong></span> <span class='ocrx_word' id='word_1_686' title='bbox 2589 3615 2640 3665; x_wconf 88' lang='lat' dir='ltr'><strong>in</strong></span> <span class='ocrx_word' id='word_1_687' title='bbox 2696 3631 2846 3666; x_wconf 85' lang='lat' dir='ltr'><strong>cruce</strong></span> <span class='ocrx_word' id='word_1_688' title='bbox 2903 3613 3108 3665; x_wconf 84' lang='lat' dir='ltr'><strong>Domini</strong></span> <span class='ocrx_word' id='word_1_689' title='bbox 3159 3613 3322 3666; x_wconf 73' lang='lat' dir='ltr'><strong>nostri</strong></span> <span class='ocrx_word' id='word_1_690' title='bbox 3383 3611 3510 3664; x_wconf 75' lang='lat' dir='ltr'><strong>Jesu</strong></span> 
     </span>
    </p>
   </div>
   <div class='ocr_carea' id='block_1_94' title="bbox 1940 3704 3508 3760">
    <p class='ocr_par' dir='ltr' id='par_1_94' title="bbox 1940 3704 3508 3760">
     <span class='ocr_line' id='line_1_95' title="bbox 1940 3704 3508 3760; baseline -0.003 0"><span class='ocrx_word' id='word_1_691' title='bbox 1940 3706 2139 3760; x_wconf 76' lang='lat' dir='ltr'><strong>Christi</strong></span> <span class='ocrx_word' id='word_1_692' title='bbox 2171 3707 2236 3759; x_wconf 83' lang='grc'><strong>⁵⁷.</strong></span> <span class='ocrx_word' id='word_1_693' title='bbox 2272 3706 2627 3758; x_wconf 84' lang='lat' dir='ltr'><strong>Circutncisio</strong></span> <span class='ocrx_word' id='word_1_694' title='bbox 2663 3705 2900 3758; x_wconf 90' lang='lat' dir='ltr'><strong>hominis</strong></span> <span class='ocrx_word' id='word_1_695' title='bbox 2936 3721 3152 3758; x_wconf 83' lang='lat' dir='ltr'><strong>carnem</strong></span> <span class='ocrx_word' id='word_1_696' title='bbox 3187 3704 3508 3758; x_wconf 77' lang='lat' dir='ltr'><strong>abscindere</strong></span> 
     </span>
    </p>
   </div>
   <div class='ocr_carea' id='block_1_95' title="bbox 1941 3796 3502 3868">
    <p class='ocr_par' dir='ltr' id='par_1_95' title="bbox 1941 3796 3502 3868">
     <span class='ocr_line' id='line_1_96' title="bbox 1941 3796 3502 3868; baseline 0 -18"><span class='ocrx_word' id='word_1_697' title='bbox 1941 3811 2134 3868; x_wconf 62' lang='lat' dir='ltr'><strong>patrm,</strong></span> <span class='ocrx_word' id='word_1_698' title='bbox 2174 3811 2227 3850; x_wconf 87' lang='lat' dir='ltr'><strong>et</strong></span> <span class='ocrx_word' id='word_1_699' title='bbox 2257 3798 2563 3867; x_wconf 77' lang='lat' dir='ltr'><strong>sepulcrum</strong></span> <span class='ocrx_word' id='word_1_700' title='bbox 2599 3799 2738 3851; x_wconf 88' lang='lat' dir='ltr'><strong>hanc</strong></span> <span class='ocrx_word' id='word_1_701' title='bbox 2769 3798 2906 3850; x_wconf 86' lang='lat' dir='ltr'><strong>intra</strong></span> <span class='ocrx_word' id='word_1_702' title='bbox 2948 3813 3004 3850; x_wconf 89' lang='lat' dir='ltr'><strong>se</strong></span> <span class='ocrx_word' id='word_1_703' title='bbox 3034 3796 3502 3858; x_wconf 76' lang='lat' dir='ltr'><strong>circumscribere,</strong></span> 
     </span>
    </p>
   </div>
   <div class='ocr_carea' id='block_1_96' title="bbox 1938 3887 3504 3943">
    <p class='ocr_par' dir='ltr' id='par_1_96' title="bbox 1938 3887 3504 3943">
     <span class='ocr_line' id='line_1_97' title="bbox 1938 3887 3504 3943; baseline -0.003 -1"><span class='ocrx_word' id='word_1_704' title='bbox 1938 3890 2262 3943; x_wconf 78' lang='lat' dir='ltr'><strong>concludere</strong></span> <span class='ocrx_word' id='word_1_705' title='bbox 2316 3905 2381 3942; x_wconf 82' lang='lat' dir='ltr'><strong>ac</strong></span> <span class='ocrx_word' id='word_1_706' title='bbox 2435 3889 2613 3942; x_wconf 86' lang='lat' dir='ltr'><strong>celare</strong></span> <span class='ocrx_word' id='word_1_707' title='bbox 2669 3890 2831 3942; x_wconf 86' lang='lat' dir='ltr'><strong>valet.</strong></span> <span class='ocrx_word' id='word_1_708' title='bbox 2903 3888 3026 3942; x_wconf 71' lang='lat' dir='ltr'><strong>Haec</strong></span> <span class='ocrx_word' id='word_1_709' title='bbox 3087 3898 3264 3940; x_wconf 87' lang='lat' dir='ltr'><strong>tamen</strong></span> <span class='ocrx_word' id='word_1_710' title='bbox 3325 3887 3504 3940; x_wconf 86' lang='lat' dir='ltr'><strong>munia</strong></span> 
     </span>
    </p>
   </div>
   <div class='ocr_carea' id='block_1_97' title="bbox 1939 3979 3502 4048">
    <p class='ocr_par' dir='ltr' id='par_1_97' title="bbox 1939 3979 3502 4048">
     <span class='ocr_line' id='line_1_98' title="bbox 1939 3979 3502 4048; baseline -0.001 -17"><span class='ocrx_word' id='word_1_711' title='bbox 1939 3981 2136 4032; x_wconf 73' lang='lat' dir='ltr'><strong>Christi</strong></span> <span class='ocrx_word' id='word_1_712' title='bbox 2165 3979 2418 4032; x_wconf 86' lang='lat' dir='ltr'><strong>dicuntur</strong></span> <span class='ocrx_word' id='word_1_713' title='bbox 2450 3997 2462 4031; x_wconf 93' lang='lat'><strong>:</strong></span> <span class='ocrx_word' id='word_1_714' title='bbox 2501 3995 2809 4048; x_wconf 82' lang='lat' dir='ltr'><strong>quanquam</strong></span> <span class='ocrx_word' id='word_1_715' title='bbox 2841 3981 2972 4032; x_wconf 81' lang='lat' dir='ltr'><strong>nihil</strong></span> <span class='ocrx_word' id='word_1_716' title='bbox 3003 3980 3195 4032; x_wconf 84' lang='lat' dir='ltr'><strong>horum</strong></span> <span class='ocrx_word' id='word_1_717' title='bbox 3225 3981 3292 4030; x_wconf 85' lang='lat' dir='ltr'><strong>de</strong></span> <span class='ocrx_word' id='word_1_718' title='bbox 3322 3980 3502 4031; x_wconf 83' lang='lat' dir='ltr'><strong>divina</strong></span> 
     </span>
    </p>
   </div>
   <div class='ocr_carea' id='block_1_98' title="bbox 1940 4068 3504 4136">
    <p class='ocr_par' dir='ltr' id='par_1_98' title="bbox 1940 4068 3504 4136">
     <span class='ocr_line' id='line_1_99' title="bbox 1940 4068 3504 4136; baseline -0.003 -16"><span class='ocrx_word' id='word_1_719' title='bbox 1940 4068 2194 4122; x_wconf 74' lang='lat' dir='ltr'><strong>ini-lfabili</strong></span> <span class='ocrx_word' id='word_1_720' title='bbox 2234 4078 2426 4121; x_wconf 83' lang='lat' dir='ltr'><strong>natura</strong></span> <span class='ocrx_word' id='word_1_721' title='bbox 2465 4073 2678 4136; x_wconf 87' lang='lat' dir='ltr'><strong>proprie</strong></span> <span class='ocrx_word' id='word_1_722' title='bbox 2707 4086 2769 4121; x_wconf 88' lang='lat' dir='ltr'><strong>ac</strong></span> <span class='ocrx_word' id='word_1_723' title='bbox 2810 4069 3241 4124; x_wconf 88' lang='lat' dir='ltr'><strong>substantialiler</strong></span> <span class='ocrx_word' id='word_1_724' title='bbox 3267 4069 3504 4126; x_wconf 81' lang='lat' dir='ltr'><strong>dicetur,</strong></span> 
     </span>
    </p>
   </div>
   <div class='ocr_carea' id='block_1_99' title="bbox 1936 4157 3501 4228">
    <p class='ocr_par' dir='ltr' id='par_1_99' title="bbox 1936 4157 3501 4228">
     <span class='ocr_line' id='line_1_100' title="bbox 1936 4157 3501 4228; baseline 0.001 -21"><span class='ocrx_word' id='word_1_725' title='bbox 1936 4159 2061 4227; x_wconf 78' lang='lat' dir='ltr'><strong>quia</strong></span> <span class='ocrx_word' id='word_1_726' title='bbox 2088 4169 2173 4212; x_wconf 89' lang='lat' dir='ltr'><strong>est</strong></span> <span class='ocrx_word' id='word_1_727' title='bbox 2201 4160 2315 4212; x_wconf 67' lang='lat' dir='ltr'><strong>haec</strong></span> <span class='ocrx_word' id='word_1_728' title='bbox 2347 4159 2668 4214; x_wconf 82' lang='lat' dir='ltr'><strong>inviolabilis</strong></span> <span class='ocrx_word' id='word_1_729' title='bbox 2693 4170 2748 4214; x_wconf 89' lang='lat' dir='ltr'><strong>et</strong></span> <span class='ocrx_word' id='word_1_730' title='bbox 2780 4161 3150 4228; x_wconf 69' lang='lat' dir='ltr'><strong>impassibilis,</strong></span> <span class='ocrx_word' id='word_1_731' title='bbox 3177 4168 3231 4212; x_wconf 91' lang='lat' dir='ltr'><strong>et</strong></span> <span class='ocrx_word' id='word_1_732' title='bbox 3259 4159 3326 4210; x_wconf 91' lang='lat' dir='ltr'><strong>ab</strong></span> <span class='ocrx_word' id='word_1_733' title='bbox 3355 4157 3501 4210; x_wconf 89' lang='lat' dir='ltr'><strong>onmi</strong></span> 
     </span>
    </p>
   </div>
   <div class='ocr_carea' id='block_1_100' title="bbox 1936 4249 3503 4320">
    <p class='ocr_par' dir='ltr' id='par_1_100' title="bbox 1936 4249 3503 4320">
     <span class='ocr_line' id='line_1_101' title="bbox 1936 4249 3503 4320; baseline 0.001 -20"><span class='ocrx_word' id='word_1_734' title='bbox 1936 4251 2052 4318; x_wconf 76' lang='lat' dir='ltr'><strong>ejus</strong></span> <span class='ocrx_word' id='word_1_735' title='bbox 2080 4251 2295 4320; x_wconf 78' lang='lat' dir='ltr'><strong>generis</strong></span> <span class='ocrx_word' id='word_1_736' title='bbox 2323 4266 2398 4314; x_wconf 87' lang='lat' dir='ltr'><strong>re,</strong></span> <span class='ocrx_word' id='word_1_737' title='bbox 2428 4267 2548 4320; x_wconf 73' lang='lat' dir='ltr'><strong>qua:</strong></span> <span class='ocrx_word' id='word_1_738' title='bbox 2579 4251 2802 4320; x_wconf 80' lang='lat' dir='ltr'><strong>cogitari</strong></span> <span class='ocrx_word' id='word_1_739' title='bbox 2833 4252 3022 4319; x_wconf 83' lang='lat' dir='ltr'><strong>possit,</strong></span> <span class='ocrx_word' id='word_1_740' title='bbox 3056 4266 3277 4318; x_wconf 85' lang='lat' dir='ltr'><strong>prorsus</strong></span> <span class='ocrx_word' id='word_1_741' title='bbox 3303 4249 3503 4301; x_wconf 84' lang='lat' dir='ltr'><strong>aliena.</strong></span> 
     </span>
    </p>
   </div>
   <div class='ocr_carea' id='block_1_101' title="bbox 1938 4331 3502 4408">
    <p class='ocr_par' dir='ltr' id='par_1_101' title="bbox 1938 4331 3502 4408">
     <span class='ocr_line' id='line_1_102' title="bbox 1938 4331 3502 4408; baseline -0.002 -17"><span class='ocrx_word' id='word_1_742' title='bbox 1938 4338 2067 4391; x_wconf 79' lang='lat' dir='ltr'><strong>Nam</strong></span> <span class='ocrx_word' id='word_1_743' title='bbox 2099 4340 2142 4391; x_wconf 89' lang='lat' dir='ltr'><strong>si</strong></span> <span class='ocrx_word' id='word_1_744' title='bbox 2179 4340 2306 4406; x_wconf 87' lang='lat' dir='ltr'><strong>quid</strong></span> <span class='ocrx_word' id='word_1_745' title='bbox 2333 4340 2639 4408; x_wconf 88' lang='lat' dir='ltr'><strong>hujnsmodi</strong></span> <span class='ocrx_word' id='word_1_746' title='bbox 2667 4341 2867 4393; x_wconf 86' lang='lat' dir='ltr'><strong>dictum</strong></span> <span class='ocrx_word' id='word_1_747' title='bbox 2903 4331 3169 4401; x_wconf 77' lang='lat' dir='ltr'><strong>videatur,</strong></span> <span class='ocrx_word' id='word_1_748' title='bbox 3201 4341 3251 4390; x_wconf 89' lang='lat' dir='ltr'><strong>id</strong></span> <span class='ocrx_word' id='word_1_749' title='bbox 3282 4354 3502 4406; x_wconf 84' lang='lat' dir='ltr'><strong>permu-</strong></span> 
     </span>
    </p>
   </div>
   <div class='ocr_carea' id='block_1_102' title="bbox 1937 4427 3506 4497">
    <p class='ocr_par' dir='ltr' id='par_1_102' title="bbox 1937 4427 3506 4497">
     <span class='ocr_line' id='line_1_103' title="bbox 1937 4427 3506 4497; baseline -0.001 -16"><span class='ocrx_word' id='word_1_750' title='bbox 1937 4428 2158 4482; x_wconf 86' lang='lat' dir='ltr'><strong>tatiOnis</strong></span> <span class='ocrx_word' id='word_1_751' title='bbox 2188 4438 2244 4481; x_wconf 87' lang='lat' dir='ltr'><strong>et</strong></span> <span class='ocrx_word' id='word_1_752' title='bbox 2275 4430 2734 4497; x_wconf 83' lang='lat' dir='ltr'><strong>appropriatiunis</strong></span> <span class='ocrx_word' id='word_1_753' title='bbox 2766 4432 2922 4482; x_wconf 84' lang='lat' dir='ltr'><strong>modo</strong></span> <span class='ocrx_word' id='word_1_754' title='bbox 2944 4431 3162 4492; x_wconf 82' lang='lat' dir='ltr'><strong>dicitur,</strong></span> <span class='ocrx_word' id='word_1_755' title='bbox 3193 4429 3336 4496; x_wconf 76' lang='lat' dir='ltr'><strong>quod</strong></span> <span class='ocrx_word' id='word_1_756' title='bbox 3366 4438 3420 4480; x_wconf 90' lang='lat' dir='ltr'><strong>tu</strong></span> <span class='ocrx_word' id='word_1_757' title='bbox 3454 4427 3506 4479; x_wconf 88' lang='lat' dir='ltr'><strong>in</strong></span> 
     </span>
    </p>
   </div>
   <div class='ocr_carea' id='block_1_103' title="bbox 1937 4520 3510 4594">
    <p class='ocr_par' dir='ltr' id='par_1_103' title="bbox 1937 4520 3510 4594">
     <span class='ocr_line' id='line_1_104' title="bbox 1937 4520 3510 4594; baseline 0.004 -24"><span class='ocrx_word' id='word_1_758' title='bbox 1937 4522 2187 4588; x_wconf 56' lang='lat' dir='ltr'><strong>praesenti</strong></span> <span class='ocrx_word' id='word_1_759' title='bbox 2215 4537 2319 4575; x_wconf 93' lang='lat' dir='ltr'><strong>non</strong></span> <span class='ocrx_word' id='word_1_760' title='bbox 2349 4520 2505 4586; x_wconf 78' lang='lat' dir='ltr'><strong>facis.</strong></span> <span class='ocrx_word' id='word_1_761' title='bbox 2535 4523 2662 4592; x_wconf 89' lang='lat' dir='ltr'><strong>quia</strong></span> <span class='ocrx_word' id='word_1_762' title='bbox 2693 4523 2932 4576; x_wconf 85' lang='lat' dir='ltr'><strong>l&#39;uuditns</strong></span> <span class='ocrx_word' id='word_1_763' title='bbox 2959 4525 3006 4575; x_wconf 92' lang='lat' dir='ltr'><strong>id</strong></span> <span class='ocrx_word' id='word_1_764' title='bbox 3040 4523 3278 4594; x_wconf 74' lang='lat' dir='ltr'><strong>ignoras.</strong></span> <span class='ocrx_word' id='word_1_765' title='bbox 3308 4521 3510 4578; x_wconf 81' lang='lat' dir='ltr'><strong>Passus</strong></span> 
     </span>
    </p>
   </div>
   <div class='ocr_carea' id='block_1_104' title="bbox 1935 4613 3507 4682">
    <p class='ocr_par' dir='ltr' id='par_1_104' title="bbox 1935 4613 3507 4682">
     <span class='ocr_line' id='line_1_105' title="bbox 1935 4613 3507 4682; baseline 0.002 -17"><span class='ocrx_word' id='word_1_766' title='bbox 1935 4624 2114 4666; x_wconf 89' lang='lat' dir='ltr'><strong>autem</strong></span> <span class='ocrx_word' id='word_1_767' title='bbox 2133 4613 2383 4667; x_wconf 83' lang='lat' dir='ltr'><strong>Christus</strong></span> <span class='ocrx_word' id='word_1_768' title='bbox 2406 4613 2604 4666; x_wconf 88' lang='lat' dir='ltr'><strong>dicitur</strong></span> <span class='ocrx_word' id='word_1_769' title='bbox 2627 4629 2729 4667; x_wconf 93' lang='lat' dir='ltr'><strong>non</strong></span> <span class='ocrx_word' id='word_1_770' title='bbox 2755 4629 2857 4682; x_wconf 88' lang='lat' dir='ltr'><strong>qua</strong></span> <span class='ocrx_word' id='word_1_771' title='bbox 2885 4615 3048 4676; x_wconf 77' lang='lat' dir='ltr'><strong>Deus,</strong></span> <span class='ocrx_word' id='word_1_772' title='bbox 3075 4617 3168 4668; x_wconf 87' lang='lat' dir='ltr'><strong>sed</strong></span> <span class='ocrx_word' id='word_1_773' title='bbox 3191 4632 3294 4679; x_wconf 84' lang='lat' dir='ltr'><strong>qua</strong></span> <span class='ocrx_word' id='word_1_774' title='bbox 3323 4617 3507 4679; x_wconf 82' lang='lat' dir='ltr'><strong>homo,</strong></span> 
     </span>
    </p>
   </div>
   <div class='ocr_carea' id='block_1_105' title="bbox 1929 4703 3503 4775">
    <p class='ocr_par' dir='ltr' id='par_1_105' title="bbox 1929 4703 3503 4775">
     <span class='ocr_line' id='line_1_106' title="bbox 1929 4703 3503 4775; baseline 0.002 -19"><span class='ocrx_word' id='word_1_775' title='bbox 1929 4704 2028 4758; x_wconf 88' lang='lat' dir='ltr'><strong>etsi</strong></span> <span class='ocrx_word' id='word_1_776' title='bbox 2073 4719 2213 4757; x_wconf 90' lang='lat' dir='ltr'><strong>unus</strong></span> <span class='ocrx_word' id='word_1_777' title='bbox 2257 4703 2506 4772; x_wconf 89' lang='lat' dir='ltr'><strong>idemque</strong></span> <span class='ocrx_word' id='word_1_778' title='bbox 2539 4714 2622 4758; x_wconf 88' lang='lat' dir='ltr'><strong>est</strong></span> <span class='ocrx_word' id='word_1_779' title='bbox 2660 4705 2999 4775; x_wconf 84' lang='lat' dir='ltr'><strong>hypostatice</strong></span> <span class='ocrx_word' id='word_1_780' title='bbox 3040 4705 3334 4759; x_wconf 83' lang='lat' dir='ltr'><strong>adunatus.</strong></span> <span class='ocrx_word' id='word_1_781' title='bbox 3365 4705 3503 4772; x_wconf 79' lang='lat' dir='ltr'><strong>Quia</strong></span> 
     </span>
    </p>
   </div>
   <div class='ocr_carea' id='block_1_106' title="bbox 1931 4795 3508 4864">
    <p class='ocr_par' dir='ltr' id='par_1_106' title="bbox 1931 4795 3508 4864">
     <span class='ocr_line' id='line_1_107' title="bbox 1931 4795 3508 4864; baseline 0.001 -17"><span class='ocrx_word' id='word_1_782' title='bbox 1931 4795 2092 4862; x_wconf 74' lang='lat' dir='ltr'><strong>igitur</strong></span> <span class='ocrx_word' id='word_1_783' title='bbox 2122 4805 2176 4847; x_wconf 90' lang='lat' dir='ltr'><strong>et</strong></span> <span class='ocrx_word' id='word_1_784' title='bbox 2203 4810 2398 4862; x_wconf 83' lang='lat' dir='ltr'><strong>corpus</strong></span> <span class='ocrx_word' id='word_1_785' title='bbox 2419 4797 2561 4863; x_wconf 92' lang='lat' dir='ltr'><strong>quod</strong></span> <span class='ocrx_word' id='word_1_786' title='bbox 2597 4810 2626 4848; x_wconf 90' lang='lat' dir='ltr'><strong>a</strong></span> <span class='ocrx_word' id='word_1_787' title='bbox 2669 4797 2827 4849; x_wconf 85' lang='lat' dir='ltr'><strong>nobis</strong></span> <span class='ocrx_word' id='word_1_788' title='bbox 2863 4798 3116 4864; x_wconf 90' lang='lat' dir='ltr'><strong>sumpsit,</strong></span> <span class='ocrx_word' id='word_1_789' title='bbox 3145 4798 3347 4850; x_wconf 81' lang='lat' dir='ltr'><strong>Christi</strong></span> <span class='ocrx_word' id='word_1_790' title='bbox 3383 4814 3508 4850; x_wconf 78' lang='lat' dir='ltr'><strong>cur-</strong></span> 
     </span>
    </p>
   </div>
   <div class='ocr_carea' id='block_1_107' title="bbox 1931 4885 3502 4954">
    <p class='ocr_par' dir='ltr' id='par_1_107' title="bbox 1931 4885 3502 4954">
     <span class='ocr_line' id='line_1_108' title="bbox 1931 4885 3502 4954; baseline 0.003 -16"><span class='ocrx_word' id='word_1_791' title='bbox 1931 4901 2029 4953; x_wconf 92' lang='lat' dir='ltr'><strong>pus</strong></span> <span class='ocrx_word' id='word_1_792' title='bbox 2061 4885 2278 4947; x_wconf 87' lang='lat' dir='ltr'><strong>dicitur,</strong></span> <span class='ocrx_word' id='word_1_793' title='bbox 2319 4888 2368 4938; x_wconf 90' lang='lat' dir='ltr'><strong>in</strong></span> <span class='ocrx_word' id='word_1_794' title='bbox 2402 4901 2509 4954; x_wconf 88' lang='lat' dir='ltr'><strong>quo</strong></span> <span class='ocrx_word' id='word_1_795' title='bbox 2555 4887 2724 4939; x_wconf 87' lang='lat' dir='ltr'><strong>etiam</strong></span> <span class='ocrx_word' id='word_1_796' title='bbox 2771 4887 2952 4941; x_wconf 89' lang='lat' dir='ltr'><strong>omnia</strong></span> <span class='ocrx_word' id='word_1_797' title='bbox 2988 4903 3187 4954; x_wconf 88' lang='lat' dir='ltr'><strong>passus</strong></span> <span class='ocrx_word' id='word_1_798' title='bbox 3238 4891 3502 4952; x_wconf 87' lang='lat' dir='ltr'><strong>creditur,</strong></span> 
     </span>
    </p>
   </div>
   <div class='ocr_carea' id='block_1_108' title="bbox 1933 4978 3503 5044">
    <p class='ocr_par' dir='ltr' id='par_1_108' title="bbox 1933 4978 3503 5044">
     <span class='ocr_line' id='line_1_109' title="bbox 1933 4978 3503 5044; baseline 0.003 -14"><span class='ocrx_word' id='word_1_799' title='bbox 1933 4978 2034 5032; x_wconf 90' lang='lat' dir='ltr'><strong>hoc</strong></span> <span class='ocrx_word' id='word_1_800' title='bbox 2066 4988 2247 5031; x_wconf 87' lang='lat' dir='ltr'><strong>autem</strong></span> <span class='ocrx_word' id='word_1_801' title='bbox 2283 4993 2478 5044; x_wconf 90' lang='lat' dir='ltr'><strong>corpus</strong></span> <span class='ocrx_word' id='word_1_802' title='bbox 2517 4980 2741 5031; x_wconf 92' lang='lat' dir='ltr'><strong>omnino</strong></span> <span class='ocrx_word' id='word_1_803' title='bbox 2781 4980 3153 5033; x_wconf 88' lang='lat' dir='ltr'><strong>characterem</strong></span> <span class='ocrx_word' id='word_1_804' title='bbox 3201 4980 3426 5044; x_wconf 85' lang='lat' dir='ltr'><strong>habuit;</strong></span> <span class='ocrx_word' id='word_1_805' title='bbox 3459 4984 3503 5034; x_wconf 90' lang='lat' dir='ltr'><strong>si</strong></span> 
     </span>
    </p>
   </div>
   <div class='ocr_carea' id='block_1_109' title="bbox 1936 5069 3505 5138">
    <p class='ocr_par' dir='ltr' id='par_1_109' title="bbox 1936 5069 3505 5138">
     <span class='ocr_line' id='line_1_110' title="bbox 1936 5069 3505 5138; baseline 0.003 -17"><span class='ocrx_word' id='word_1_806' title='bbox 1936 5069 2080 5122; x_wconf 89' lang='lat' dir='ltr'><strong>enim</strong></span> <span class='ocrx_word' id='word_1_807' title='bbox 2106 5069 2205 5120; x_wconf 92' lang='lat' dir='ltr'><strong>hoc</strong></span> <span class='ocrx_word' id='word_1_808' title='bbox 2234 5069 2521 5130; x_wconf 87' lang='lat' dir='ltr'><strong>caruisset,</strong></span> <span class='ocrx_word' id='word_1_809' title='bbox 2555 5083 2621 5122; x_wconf 88' lang='lat' dir='ltr'><strong>ne</strong></span> <span class='ocrx_word' id='word_1_810' title='bbox 2655 5084 2856 5138; x_wconf 87' lang='lat' dir='ltr'><strong>corpus</strong></span> <span class='ocrx_word' id='word_1_811' title='bbox 2887 5070 3104 5138; x_wconf 86' lang='lat' dir='ltr'><strong>quidem</strong></span> <span class='ocrx_word' id='word_1_812' title='bbox 3148 5069 3378 5132; x_wconf 78' lang='lat' dir='ltr'><strong>fuisset;</strong></span> <span class='ocrx_word' id='word_1_813' title='bbox 3415 5087 3505 5126; x_wconf 86' lang='lat' dir='ltr'><strong>ne-</strong></span> 
     </span>
    </p>
   </div>
   <div class='ocr_carea' id='block_1_110' title="bbox 1935 5159 3506 5230">
    <p class='ocr_par' dir='ltr' id='par_1_110' title="bbox 1935 5159 3506 5230">
     <span class='ocr_line' id='line_1_111' title="bbox 1935 5159 3506 5230; baseline 0.001 -18"><span class='ocrx_word' id='word_1_814' title='bbox 1935 5173 2090 5212; x_wconf 89' lang='lat' dir='ltr'><strong>cesse</strong></span> <span class='ocrx_word' id='word_1_815' title='bbox 2129 5168 2212 5212; x_wconf 88' lang='lat' dir='ltr'><strong>est</strong></span> <span class='ocrx_word' id='word_1_816' title='bbox 2243 5159 2406 5212; x_wconf 90' lang='lat' dir='ltr'><strong>etiam</strong></span> <span class='ocrx_word' id='word_1_817' title='bbox 2447 5160 2694 5228; x_wconf 88' lang='lat' dir='ltr'><strong>corporis</strong></span> <span class='ocrx_word' id='word_1_818' title='bbox 2730 5161 3108 5215; x_wconf 86' lang='lat' dir='ltr'><strong>characterem</strong></span> <span class='ocrx_word' id='word_1_819' title='bbox 3142 5179 3205 5217; x_wconf 90' lang='lat' dir='ltr'><strong>ac</strong></span> <span class='ocrx_word' id='word_1_820' title='bbox 3237 5165 3506 5230; x_wconf 83' lang='lat' dir='ltr'><strong>speciem,</strong></span> 
     </span>
    </p>
   </div>
   <div class='ocr_carea' id='block_1_111' title="bbox 1935 5247 3501 5322">
    <p class='ocr_par' dir='ltr' id='par_1_111' title="bbox 1935 5247 3501 5322">
     <span class='ocr_line' id='line_1_112' title="bbox 1935 5247 3501 5322; baseline 0.001 -18"><span class='ocrx_word' id='word_1_821' title='bbox 1935 5249 2135 5304; x_wconf 86' lang='lat' dir='ltr'><strong>Christi</strong></span> <span class='ocrx_word' id='word_1_822' title='bbox 2161 5249 2287 5301; x_wconf 85' lang='lat' dir='ltr'><strong>diei.</strong></span> <span class='ocrx_word' id='word_1_823' title='bbox 2315 5247 2447 5302; x_wconf 80' lang='lat' dir='ltr'><strong>Nam</strong></span> <span class='ocrx_word' id='word_1_824' title='bbox 2469 5251 2612 5303; x_wconf 87' lang='lat' dir='ltr'><strong>sicut</strong></span> <span class='ocrx_word' id='word_1_825' title='bbox 2636 5265 2836 5320; x_wconf 87' lang='lat' dir='ltr'><strong>corpus</strong></span> <span class='ocrx_word' id='word_1_826' title='bbox 2867 5252 3143 5322; x_wconf 83' lang='lat' dir='ltr'><strong>proprium</strong></span> <span class='ocrx_word' id='word_1_827' title='bbox 3169 5253 3370 5308; x_wconf 90' lang='lat' dir='ltr'><strong>Christi</strong></span> <span class='ocrx_word' id='word_1_828' title='bbox 3399 5264 3501 5316; x_wconf 85' lang='lat' dir='ltr'><strong>est,</strong></span> 
     </span>
    </p>
   </div>
   <div class='ocr_carea' id='block_1_112' title="bbox 1937 5342 3505 5400">
    <p class='ocr_par' dir='ltr' id='par_1_112' title="bbox 1937 5342 3505 5400">
     <span class='ocr_line' id='line_1_113' title="bbox 1937 5342 3505 5400; baseline 0.003 -4"><span class='ocrx_word' id='word_1_829' title='bbox 1937 5343 2015 5396; x_wconf 86' lang='lat' dir='ltr'><strong>sic</strong></span> <span class='ocrx_word' id='word_1_830' title='bbox 2042 5352 2094 5395; x_wconf 93' lang='lat' dir='ltr'><strong>et</strong></span> <span class='ocrx_word' id='word_1_831' title='bbox 2127 5343 2408 5396; x_wconf 83' lang='lat' dir='ltr'><strong>character</strong></span> <span class='ocrx_word' id='word_1_832' title='bbox 2437 5343 2576 5395; x_wconf 86' lang='lat' dir='ltr'><strong>haud</strong></span> <span class='ocrx_word' id='word_1_833' title='bbox 2614 5342 2927 5398; x_wconf 79' lang='lat' dir='ltr'><strong>referendus</strong></span> <span class='ocrx_word' id='word_1_834' title='bbox 2957 5348 3022 5398; x_wconf 89' lang='lat' dir='ltr'><strong>ad</strong></span> <span class='ocrx_word' id='word_1_835' title='bbox 3061 5355 3308 5400; x_wconf 85' lang='lat' dir='ltr'><strong>naturam</strong></span> <span class='ocrx_word' id='word_1_836' title='bbox 3346 5345 3505 5400; x_wconf 75' lang='lat' dir='ltr'><strong>Verbi</strong></span> 
     </span>
    </p>
   </div>
   <div class='ocr_carea' id='block_1_113' title="bbox 1935 5437 3507 5510">
    <p class='ocr_par' dir='ltr' id='par_1_113' title="bbox 1935 5437 3507 5510">
     <span class='ocr_line' id='line_1_114' title="bbox 1935 5437 3507 5510; baseline 0.003 -21"><span class='ocrx_word' id='word_1_837' title='bbox 1935 5448 2018 5489; x_wconf 85' lang='lat' dir='ltr'><strong>est</strong></span> <span class='ocrx_word' id='word_1_838' title='bbox 2056 5437 2196 5504; x_wconf 87' lang='lat' dir='ltr'><strong>quod</strong></span> <span class='ocrx_word' id='word_1_839' title='bbox 2227 5437 2395 5489; x_wconf 79' lang='lat' dir='ltr'><strong>forma</strong></span> <span class='ocrx_word' id='word_1_840' title='bbox 2439 5446 2610 5498; x_wconf 78' lang='lat' dir='ltr'><strong>caret.</strong></span> <span class='ocrx_word' id='word_1_841' title='bbox 2641 5446 2693 5489; x_wconf 83' lang='lat' dir='ltr'><strong>et</strong></span> <span class='ocrx_word' id='word_1_842' title='bbox 2726 5440 3063 5492; x_wconf 78' lang='lat' dir='ltr'><strong>indeﬁnitum</strong></span> <span class='ocrx_word' id='word_1_843' title='bbox 3094 5449 3173 5493; x_wconf 85' lang='lat' dir='ltr'><strong>est</strong></span> <span class='ocrx_word' id='word_1_844' title='bbox 3199 5481 3214 5502; x_wconf 89' lang='lat'><strong>,</strong></span> <span class='ocrx_word' id='word_1_845' title='bbox 3254 5438 3507 5510; x_wconf 75' lang='lat' dir='ltr'><strong>nullaque</strong></span> 
     </span>
    </p>
   </div>
   <div class='ocr_carea' id='block_1_114' title="bbox 1937 5528 3508 5599">
    <p class='ocr_par' dir='ltr' id='par_1_114' title="bbox 1937 5528 3508 5599">
     <span class='ocr_line' id='line_1_115' title="bbox 1937 5528 3508 5599; baseline 0.004 -21"><span class='ocrx_word' id='word_1_846' title='bbox 1937 5529 2102 5596; x_wconf 79' lang='lat' dir='ltr'><strong>ligura</strong></span> <span class='ocrx_word' id='word_1_847' title='bbox 2137 5529 2454 5595; x_wconf 67' lang='lat' dir='ltr'><strong>prmditum;</strong></span> <span class='ocrx_word' id='word_1_848' title='bbox 2483 5530 2575 5582; x_wconf 89' lang='lat' dir='ltr'><strong>sed</strong></span> <span class='ocrx_word' id='word_1_849' title='bbox 2602 5529 2668 5581; x_wconf 89' lang='lat' dir='ltr'><strong>ad</strong></span> <span class='ocrx_word' id='word_1_850' title='bbox 2697 5528 2853 5582; x_wconf 87' lang='lat' dir='ltr'><strong>Verbi</strong></span> <span class='ocrx_word' id='word_1_851' title='bbox 2879 5545 3077 5599; x_wconf 90' lang='lat' dir='ltr'><strong>corpus</strong></span> <span class='ocrx_word' id='word_1_852' title='bbox 3102 5531 3508 5598; x_wconf 83' lang='lat' dir='ltr'><strong>humanamque</strong></span> 
     </span>
    </p>
   </div>
   <div class='ocr_carea' id='block_1_115' title="bbox 1935 5621 3509 5694">
    <p class='ocr_par' dir='ltr' id='par_1_115' title="bbox 1935 5621 3509 5694">
     <span class='ocr_line' id='line_1_116' title="bbox 1935 5621 3509 5694; baseline 0.006 -25"><span class='ocrx_word' id='word_1_853' title='bbox 1935 5627 2179 5671; x_wconf 83' lang='lat' dir='ltr'><strong>naturam</strong></span> <span class='ocrx_word' id='word_1_854' title='bbox 2213 5621 2446 5686; x_wconf 83' lang='lat' dir='ltr'><strong>pertinet</strong></span> <span class='ocrx_word' id='word_1_855' title='bbox 2472 5621 2695 5690; x_wconf 68' lang='lat' dir='ltr'><strong>ejusque</strong></span> <span class='ocrx_word' id='word_1_856' title='bbox 2735 5621 2986 5686; x_wconf 79' lang='lat' dir='ltr'><strong>fortnam,</strong></span> <span class='ocrx_word' id='word_1_857' title='bbox 3025 5640 3088 5677; x_wconf 74' lang='lat' dir='ltr'><strong>ex</strong></span> <span class='ocrx_word' id='word_1_858' title='bbox 3125 5625 3318 5694; x_wconf 86' lang='lat' dir='ltr'><strong>quibus</strong></span> <span class='ocrx_word' id='word_1_859' title='bbox 3347 5623 3509 5678; x_wconf 83' lang='lat' dir='ltr'><strong>Chri-</strong></span> 
     </span>
    </p>
   </div>
  </div>
