4238 6446
718 399 824 466 ὅῖθ

723 605 1057 659 multimodis
1087 603 1512 672 significationes
1543 601 1658 667 ejus
1690 610 2015 669 acceperunt
2039 641 2054 663 ,
2088 611 2141 654 et
2187 617 2309 670 per-

723 695 1048 748 mutationis
1077 705 1238 762 atque
1278 694 1738 762 appropriationis
1776 696 1957 748 motlo'
1984 695 2036 746 in
2065 693 2306 761 ejusdem

722 786 987 839 exercitio
1010 788 1096 840 usi
1147 797 1294 839 sunt.
1330 785 1463 839 Cum
1505 786 1651 839 enim
1698 785 1904 839 Christi
1955 794 2178 839 naturas
2214 801 2311 855 per

723 877 836 946 62
864 891 923 931 se
955 891 1196 930 seorsum
1228 885 1504 944 spectant,
1557 877 1606 928 id
1635 886 1716 928 est
1747 877 1997 929 deitatem
2026 887 2080 930 et
2121 879 2308 931 huma-

728 968 952 1020 nitatem
998 969 1116 1036 (ha:
1167 982 1293 1022 sunt
1327 968 1470 1021 enim
1525 967 1950 1022 substantiarum
1992 969 2311 1023 denomina-

729 1058 963 1129 tiones),
1001 1071 1126 1112 tunc
1154 1073 1275 1127 quae
1294 1068 1420 1112 sunt
1450 1059 1667 1128 prepria
1699 1068 1751 1111 et
1798 1059 2120 1114 naturaliter
2151 1061 2313 1116 inita:-

731 1148 942 1212 rentia,
983 1149 1199 1216 utrique
1245 1149 1520 1218 sigillatim
1558 1159 1761 1202 natura:
1809 1149 2093 1216 tribuunt;
2135 1169 2311 1221 neque

731 1237 874 1289 dieta
911 1238 975 1291 de
1009 1254 1110 1289 una
1143 1254 1206 1292 ex
1257 1240 1340 1293 his
1374 1225 1598 1304 natura,
1634 1240 1699 1294 de
1727 1239 1896 1296 altera
1927 1259 2140 1312 quoque
2174 1259 2308 1312 prae—

729 1327 954 1380 dicant:
994 1344 1115 1382 nam
1150 1348 1321 1401 neque
1352 1332 1609 1386 deitatem
1643 1343 1883 1388 creatam
1926 1335 2311 1403 passibilenive

729 1419 1014 1490 dicereut;
1059 1437 1236 1493 neque
1279 1425 1514 1478 vicissim
1561 1424 1959 1481 humanitatem
2012 1428 2309 1482 increatam

640 1528 648 1533 ι
731 1520 826 1562 aut
870 1511 1329 1582 incorruptibilem
1365 1524 1457 1569 aut
1491 1516 1882 1586 impassibilem
1937 1518 2308 1586 appellarent,

736 1602 1011 1674 multoque
1049 1608 1227 1661 minus
1257 1624 1348 1662 eas
1381 1611 1609 1664 invicem
1638 1615 1873 1680 compati
1903 1613 2166 1673 dicerent,
2200 1614 2310 1668 sic-

733 1702 790 1746 ut
838 1694 1082 1751 hodierni
1131 1698 1475 1766 dogmatistae
1526 1703 1863 1756 existimant.
1935 1702 2067 1755 Cum
2122 1715 2306 1758 autem

730 1787 1085 1854 compositam
1124 1805 1190 1844 ex
1243 1792 1328 1846 his
1373 1792 1746 1863 hypostasim,
1804 1808 1903 1847 ceu
1959 1810 2120 1847 unum
2179 1797 2308 1864 quid

1747 395 1807 455 S.
1849 393 2268 454 NICEPHORI
2309 390 2824 451 PATRIARCH/E
2864 391 2971 452 CP.

619 511 626 516 ’
719 520 1022 568 summates
1047 508 1445 582 (65),noutinis
1463 509 1781 580 dignitatem
1816 513 1994 581 magni
2025 509 2307 573 facientes,

2414 508 2631 578 Γραφὴ,
2669 507 2765 561 καὶ
2802 508 2911 562 τῶν
2958 507 3219 576 Πατέρων
3267 507 3317 559 οἱ
3348 505 3616 577 ἔκκριτοι,
3647 506 3715 560 τὰ
3772 509 3869 562 ὲπὶ
3932 509 4034 579 τῷ

3898 392 4032 455 320

2409 599 2638 668 ὀνόματι
2670 596 3039 668 μεγαλοφυῶς
3084 596 3443 667 θεωροῦντες,
3488 597 3763 667 διαφόρως
3803 601 3875 652 τὰ
3908 601 4035 669 δη-

2410 688 2645 758 λούμενα
2704 690 3041 759 ὲξειλήφασι,
3078 689 3154 759 τῷ
3183 705 3242 741 τε
3295 689 3395 757 τῆς
3431 689 3759 753 ἀντιδόσεως
3810 693 4032 762 1963119

3929 723 3941 743 δ
3952 723 4009 762 ιιι

2411 783 2506 833 καὶ
2531 781 2884 846 οἱκειώσεως,
2920 784 3000 844 είς
3033 783 3100 835 τὰ
3135 782 3266 850 περὶ
3307 781 3476 834 αὑτοῦ
3521 784 4026 854 συγχρτεσάμενοι.

2413 873 2542 925 Ὅτε
2577 874 2676 942 μὲν
2707 872 2816 944 γὰρ
2839 875 2940 936 τὰς
2970 874 3110 928 κατά
3141 874 3375 944 Χριστὸν
3400 875 3594 943 φύσεις
3628 877 3749 949 καθ’
3791 875 4021 937 ἑαυτὰς

2413 965 2734 1035 θεωροῦσιν,
2766 968 2886 1038 ἦτοι
2939 968 3170 1036 θεότητα
3218 967 3314 1019 καὶ
3348 967 3771 1038 ἀνθρωπότητα,
3824 968 4026 1022 ταῦτα.

2413 1056 2523 1124 γὰρ
2544 1054 2654 1107 τῶν
2681 1056 2883 1108 οὐσιῶν
2913 1057 3030 1108 ὲστι
3062 1055 3360 1125 δηλωτικὰ,
3392 1056 3461 1107 τὰ
3492 1057 3670 1108 οίκεῖα
3692 1057 3787 1108 καὶ
3827 1071 4022 1124 προσ-

2413 1146 2565 1198 όντα.
2607 1146 2850 1213 φυσικῶς
2904 1147 3166 1216 ἑκατέρᾳ,
3205 1147 3689 1216 κυριολεκτοῦντες
3731 1145 4021 1216 ὲκνέμου-

2415 1255 2500 1290 σιν
2534 1253 2546 1266 ·
2577 1239 2636 1290 οὑ
2675 1237 2785 1308 μὴν
2809 1238 2952 1310 ἅπερ
2991 1239 3114 1291 καθ’
3147 1239 3343 1309 ἐτέρας
3373 1240 3594 1308 λέγεται
3631 1239 3872 1307 φύσεως,
3908 1239 4019 1290 καὶ

2413 1329 2542 1383 θατέ
2553 1348 2647 1400 ρας
2676 1329 3220 1401 ἀντικατηγοροῦσιν.
3241 1328 3378 1382 Οὑτε
3394 1330 3752 1400 γὰρθεότητα
3771 1330 4019 1397 κτιστὴν

2412 1422 2445 1492 ἢ
2498 1421 2746 1492 παθητὴν
2797 1421 3039 1475 εἴποιεν·
3089 1422 3200 1474 οὐδ’
3240 1421 3311 1474 αὖ
3369 1423 3533 1476 πάλιν
3600 1421 4014 1491 ἀνθρωπότητα

2412 1513 2689 1578 ἀκτιστον,
2739 1512 2772 1583 ἢ
2821 1512 3120 1582 ἄφθαρτον.
3157 1514 3189 1583 ἢ
3229 1514 3412 1584 ἀπαθῆ
3470 1513 3726 1583 φήσαιεν,
3769 1512 4012 1580 συμπά-

2413 1623 2563 1675 σχειν
2585 1622 2642 1657 τε
2683 1605 2944 1676 ἀλλήλαις
2971 1605 3046 1668 ὡς
3068 1607 3291 1675 ἥκιστα,
3316 1605 3506 1676 ὥσπερ
3528 1608 3640 1667 τοῖς
3671 1604 3766 1657 νῦν
3795 1605 4012 1674 δογμα-

2412 1701 2624 1761 τισταῖς
2653 1699 3006 1769 ὑπείληπται.
3039 1700 3210 1751 Ὅταν
3252 1697 3309 1750 δὲ
3356 1697 3458 1768 τὴν
3483 1700 3546 1750 ὲκ
3575 1698 3782 1750 τούτων
3810 1713 4011 1749 συντε-

2414 1787 2671 1858 θειμένην
2723 1788 3022 1840 ὑπόστασιν
3060 1787 3135 1851 ὡς
3180 1787 3239 1838 ’ἐν
3285 1805 3337 1839 τι
3380 1786 3725 1857 λαμϐάνωσι,
3763 1785 4009 1855 Χριστὸν

734 1879 1045 1945 accipiunt,
1077 1881 1353 1936 Christum
1388 1857 1603 1952 quidem
1631 1899 1696 1938 ex
1733 1857 1968 1952 utraque
1998 1857 2305 1955 appellant;

2417 1879 2516 1948 μὲν
2546 1881 2609 1930 ἐκ
2640 1877 2734 1931 τοῦ
2768 1876 3182 1947 συναμφοτέρου
3213 1875 3687 1948 προσαγορεύουσι
3715 1895 3728 1908 ι
3753 1878 3823 1928 τὰ
3862 1878 4006 1948 παρ’

733 1973 1170 2026 concurrentium
1191 1984 1370 2028 autem
1401 1985 1714 2031 naturarum
1745 1978 2020 2044 idiomata,
2053 1995 2154 2033 una
2185 1996 2307 2035 cum

735 2058 848 2127 ipsa
889 2062 1163 2132 hypostasi
1200 2068 1530 2134 pradicant;
1576 2070 1828 2135 qu0niam
1864 2080 1915 2122 et
1969 2070 2106 2125 Deus
2150 2072 2308 2125 simul

732 2161 788 2201 ct
819 2151 978 2206 homo
1001 2154 1250 2209 Christus
1277 2166 1389 2220 est,
1417 2168 1472 2212 et
1501 2158 1641 2212 Deus
1673 2159 1987 2213 incarnatus
2013 2200 2027 2223 ,
2058 2171 2108 2215 et
2142 2162 2304 2216 Chri-

732 2250 851 2296 stus
877 2255 1090 2297 creatus
1111 2247 1317 2314 pariter
1335 2257 1391 2301 et
1418 2249 1708 2314 increatus,
1735 2251 2083 2316 iinpassibilis
2109 2263 2158 2307 et
2190 2269 2312 2323 pas-

735 2329 910 2385 sibilis
953 2335 1112 2388 idem.
1152 2337 1426 2389 Interdum
1458 2354 1584 2391 vero
1630 2355 1693 2391 ex
1728 2342 1924 2396 divinis
1962 2343 2094 2397 solis
2127 2344 2309 2399 excel-

734 2421 920 2490 sisque
962 2427 1242 2482 attributis
1292 2428 1456 2483 Deum
1501 2439 1555 2484 et
1611 2429 1700 2484 Dei
1768 2432 1960 2486 Filium
2003 2437 2308 2492 nominant.

735 2515 1011 2570 Interdum
1045 2519 1275 2588 denique
1303 2536 1366 2574 ex
1401 2523 1652 2576 humanis
1683 2533 1889 2576 tantum
1934 2534 2098 2595 atque
2134 2528 2313 2582 humi-

736 2605 909 2674 libus,
943 2609 1213 2664 hominem
1241 2613 1585 2684 hominisque
1617 2615 1781 2668 liliutn
1818 2627 2030 2672 vocant.

807 2809 1112 2877 Aliquando
1139 2812 1301 2869 etiam
1342 2829 1403 2870 ea
1437 2830 1556 2885 qua:
1595 2817 1661 2871 de
1690 2826 1916 2888 utraque
1943 2833 2094 2890 parte
2123 2825 2314 2878 dicun-

739 2909 825 2953 tur
877 2903 1169 2968 idiomata,
1221 2906 1286 2959 de
1336 2906 1600 2961 alterutro
1647 2909 1807 2963 simul
1867 2912 2202 2970 subsistente
2261 2925 2316 2970 et

737 2992 1102 3048 coexsistente
1138 2997 1376 3051 vicissim
1418 3001 1751 3068 pradicant,
1809 3012 2025 3071 propter
2064 3017 2311 3061 mutuam

739 3085 972 3148 partium
1048 3087 1617 3145 circumittsessionem
1687 3092 1823 3163 (66).
1899 3095 1991 3149 Sic
2064 3097 2316 3154 videlicet

2414 1967 2596 2020 αὑτῶν
2636 1967 2691 2019 δὲ
2734 1966 2842 2020 τῶν
2889 1969 3308 2039 συνδραμόντων
3355 1969 3644 2038 ἰδιώματα,
3678 1970 3796 2036 ἄμα
3824 1969 4005 2039 αὑτῆς

2413 2059 2813 2130 κατηγοροῦσιν
2843 2076 2856 2089 ·
2906 2062 3094 2131 ἐπειδὴ
3137 2064 3230 2113 καὶ
3253 2061 3386 2123 Θεὸς
3421 2060 3558 2130 ὁμοῦ
3585 2061 3677 2115 καὶ
3709 2060 4002 2130 ἄνθρωπος

2413 2150 2441 2201 ὁ
2467 2149 2720 2218 Χριστὸς,
2742 2149 2836 2201 γαὶ
2858 2149 2988 2211 Θεὸς
3015 2151 3462 2219 σεσαρκωμένος,
3487 2150 3706 2210 κτιστός
3725 2167 3781 2203 τε
3814 2151 4001 2203 ώσαὺ-

2411 2256 2522 2303 τως
2549 2243 2640 2292 καὶ
2673 2241 2948 2304 ἀκτιστος.
2980 2241 3074 2294 καὶ
3095 2241 3314 2312 ἀπαθὴς
3344 2239 3441 2294 καὶ
3489 2240 3731 2310 παθητὸς
3745 2244 3782 2294 -ὁ
3814 2241 4002 2304 αὑτός.

2425 2332 2662 2385 Ὀπόταν
2679 2332 2735 2384 δὲ
2764 2334 2826 2386 ὲκ
2884 2332 2991 2385 τῶν
3030 2333 3395 2386 συνελθόντων
3421 2334 3559 2404 αὑτῇ
3620 2334 3806 2403 μερῶν
3871 2335 4003 2386 ἑπι-

2415 2424 2777 2485 σκέπτωνται,
2812 2423 2925 2476 ἔσθ’
2952 2426 3039 2477 ὅτε
3071 2425 3170 2493 μὲν
3229 2426 3294 2478 ὲκ
3331 2427 3509 2495 μόνων
3555 2425 3666 2478 τῶν
3696 2416 3858 2478 θείων
3905 2425 4003 2478 καὶ

2414 2516 2657 2585 ὑψηλῶν,
2693 2517 2826 2569 Θεὸν
2843 2517 2937 2568 καὶ
2965 2516 3102 2569 Θεοῦ
3146 2517 3274 2569 Υἰὸν
3312 2519 3693 2586 ὀνομάζουσιν.
3747 2520 3908 2570 Ἐστι
3949 2518 3997 2570 δ’

2414 2605 2502 2656 ὅτε
2532 2607 2595 2657 ἐκ
2625 2608 2732 2658 τῶν
2750 2607 3108 2676 ἀνθρωπίνων
3131 2607 3311 2675 μόνων
3338 2610 3430 2660 καὶ
3457 2609 3750 2673 ταπεινῶν,
3779 2608 3999 2678 ἀνθρω-

2415 2713 2516 2747 πον
2546 2698 2641 2750 καὶ
2679 2698 2792 2750 υἱὸν
2825 2697 3114 2768 ἀνθρώπου
3142 2699 3387 2752 καλοῦσι.

2492 2809 2806 2877 Τηνικαῦτα
2831 2810 2887 2863 δὲ
2912 2812 3004 2864 καὶ
3031 2812 3100 2864 τὰ
3140 2814 3224 2881 ἐφ’
3261 2813 3525 2884 ἐκατέρου
3558 2814 3665 2866 τῶν
3700 2815 3884 2885 μερῶν
3909 2817 4001 2869 λε-

2416 2901 2619 2967 γόμενα
2672 2901 2961 2972 ἰδιώματα,
3018 2906 3110 2958 καὶ
3143 2905 3372 2976 θατέρου
3424 2907 3537 2959 τοῦ
3582 2909 4002 2975 συνυφεστῶτος

2418 2992 2512 3044 καὶ
2554 2997 2996 3064 συνυπάρχοντος
3051 2997 3569 3068 ἀκθτικατηγοροῦσι,
3618 2998 3706 3051 διὰ
3772 3001 3874 3068 τὴν
3917 3002 4001 3060 εἰς

2416 3083 2621 3154 ἄλληλα
2673 3084 2782 3137 τῶν
2834 3087 3013 3159 μερῶν
3071 3089 3468 3160 περιχώρησιν.
3510 3089 3666 3142 Οὕτω
3697 3090 3805 3160 γὰρ
3861 3091 3999 3154 Θεὸς

739 3175 882 3228 Deus
923 3178 1198 3245 passibilis
1244 3181 1462 3246 dicitur,
1509 3191 1563 3238 et
1606 3183 1791 3252 gloriae
1833 3185 2091 3242 Dominus
2137 3191 2312 3243 cruci-

2421 3176 2663 3246 παθητδς
2694 3179 2932 3245 λέγεται,
2967 3182 3061 3234 καὶ
3093 3181 3298 3252 Κύριος
3329 3185 3427 3250 τῆς
3452 3183 3613 3248 δόξης
3645 3182 4005 3254 ἐσταυρωμέ-

743 3267 901 3332 finis,
943 3284 1046 3323 non
1079 3286 1180 3338 qua
1211 3271 1377 3338 Deus,
1416 3273 1508 3327 sed
1534 3289 1638 3343 qua
1670 3278 1853 3330 homo.
1880 3277 1944 3331 Et
1973 3278 2087 3333 vice
2114 3294 2270 3334 versa
2298 3320 2315 3348 ,

736 3363 901 3417 homo
933 3363 1138 3435 absque
1184 3362 1375 3433 initio,
1426 3368 1775 3437 impassibilis
1803 3409 1819 3436 ,
1855 3369 2163 3436 increatus,
2205 3386 2316 3426 cm-

737 3452 922 3518 lestis,
961 3469 1094 3523 puer
1135 3468 1263 3510 ante
1295 3456 1515 3524 sacula,
1567 3473 1672 3512 non
1709 3473 1812 3528 qua
1857 3462 2043 3525 homo,
2078 3463 2175 3516 sed
2210 3479 2316 3532 qua

738 3544 899 3600 Deus.
935 3547 1071 3602 Nam
1097 3559 1315 3619 propter
1347 3565 1611 3604 summam
1651 3561 1964 3607 naturarum
2012 3556 2267 3611 unionem
2296 3599 2311 3622 ,

735 3645 790 3690 ct
858 3637 1212 3709 hypostaseos
1269 3643 1567 3706 unitatem,
1633 3653 1688 3697 et
1752 3644 1880 3715 quia
1939 3647 2128 3701 eadem
2189 3663 2316 3717 per-

738 3741 868 3781 sona
914 3740 1036 3796 est,
1094 3747 1230 3787 unus
1281 3743 1406 3800 est,
1459 3743 1514 3788 et
1551 3735 1692 3790 idem
1741 3738 1946 3804 pariter
1992 3740 2149 3792 ambo
2198 3748 2312 3804 est,

738 3823 934 3888 partim
965 3825 1182 3892 quidem
1243 3826 1358 3881 sine
1403 3823 1558 3882 initio
1607 3845 1636 3881 a
1692 3827 1884 3889 Patre,
1941 3832 2135 3899 partim
2190 3847 2316 3886 vero

739 3911 811 3963 ita
857 3911 1034 3968 factus
1074 3917 1143 3970 ob
1189 3932 1344 3970 suam
1396 3932 1524 3988 erga
1580 3917 1831 3973 homines
1897 3920 2311 3990 benignitatem.

737 4005 912 4074 Atque
962 4007 1064 4062 hac
1115 4009 1325 4064 ratione
1374 4020 1601 4081 utraque
1660 4022 1852 4066 natura
1907 4014 2163 4068 idiomata
2221 4030 2316 4070 sua

723 4096 896 4150 ~alteri
949 4101 1354 4166 communicat,
1404 4110 1625 4171 propter
1670 4104 1915 4171 ejusdem
1969 4105 2317 4174 hypostaseos

741 4189 998 4242 unitatem
1022 4206 1037 4255 ;
1058 4190 1186 4258 quin
1218 4200 1394 4245 tamen
1419 4209 1542 4262 pars
1568 4194 1825 4248 alterutra
1850 4193 2065 4249 deserat
2089 4195 2316 4250 alterum

741 4278 1030 4350 inieo‘dem
1077 4282 1321 4351 subjecto
1371 4286 1691 4339 attributum
1745 4303 1757 4339 :
1801 4285 1962 4341 sicuti
2006 4288 2168 4342 etiam
2214 4289 2315 4343 sibi

739 4358 986 4438 proprias
1022 4372 1215 4429 fecisse
1251 4375 1450 4430 dicitur
1483 4375 1718 4432 Verbum
1754 4381 1938 4435 carnis
1968 4396 2079 4435 sure
2114 4397 2316 4437 secun-

736 4458 863 4510 dum
897 4464 1255 4516 oeconomiam
1291 4465 1591 4532 passiones.
1634 4467 1766 4520 Nam
1799 4470 1900 4523 etsi
1933 4470 2068 4525 nihil
2099 4472 2152 4525 iu
2188 4488 2317 4541 pro-

738 4551 854 4616 pria
897 4561 1088 4605 natura
1134 4569 1326 4624 reapse
1380 4559 1451 4612 sit
1490 4573 1708 4628 passum
1737 4602 1751 4627 ,
1797 4561 2150 4620 nihilominus
2191 4581 2313 4633 per-

738 4656 955 4710 pessqu
1002 4645 1218 4711 dicitur,
1254 4657 1311 4701 ut
1353 4664 1489 4704 unus
1527 4652 1766 4704 onmium
1817 4650 2075 4708 Servator
2123 4657 2313 4710 creda-

740 4743 826 4786 tur
857 4751 872 4788 :
901 4746 1061 4805 atque
1098 4748 1154 4792 ut
1182 4749 1382 4795 nostra:
1408 4741 1738 4797 exsistentiaa
1768 4746 2314 4816 eonservationisque

736 4841 897 4881 causa
936 4831 1215 4896 asset-itur,
1260 4834 1337 4888 sic
1386 4835 1552 4890 etiam
1585 4847 1768 4890 nostra
1812 4836 2042 4894 felicitas
2091 4851 2312 4909 accepta

735 4918 911 4972 eidem
943 4920 1228 4977 referatur.

811 5037 982 5106 Atque
1014 5037 1114 5093 hoc
1146 5057 1244 5094 nos
1277 5043 1432 5096 docet
1464 5043 1832 5114 theologorum
1865 5061 1997 5113 apex
2032 5047 2187 5102 divus
2217 5049 2315 5101 Pe-

738 5136 854 5182 trus
897 5127 1010 5200 (67)
1063 5133 1287 5186 dicens:
1338 5129 1578 5188 Christus
1627 5137 1783 5189 semel
1841 5148 2051 5204 propter
2103 5153 2316 5207 peccata

811 5377 927 5458 (§5)
949 5378 1190 5458 lutellige
1209 5385 1504 5452 praesertim
1523 5384 1811 5458 Gregorius
1831 5389 1986 5452 duos,
2011 5387 2313 5458 Nyssennm

740 5462 797 5526 et
830 5449 1261 5526 Nazianzeu'un't,
1291 5470 1410 5526 nec,
1438 5471 1542 5507 non
1592 5449 1876 5526 Cirillum,
1909 5449 1981 5511 etv
2007 5449 2076 5511 εἰ
2111 5458 2321 5511 Latinis

744 5517 981 5642 ξ.φιπιι1οιιι
1020 5521 1150 5586 ΡΡ.,
1175 5525 1265 5593 qui
1293 5517 1669 5595 copiosissime
1699 5543 1760 5582 ac
1798 5517 2231 5596 splendidissime
2258 5533 2323 5583 de

770 5605 833 5640 tts
871 5611 882 5638 ι
911 5601 1161 5642 tsserunt.

770 5605 833 5640 us
871 5601 1161 5647 disserunt.

965 5660 1167 5739 Dixide
1187 5664 1442 5739 vocabulo
1460 5665 1851 5739 περιχώρησις,
1872 5684 1923 5736 p.
1956 5669 2046 5731 58,
2074 5671 2198 5724 adn.
2224 5671 2317 5724 60.

827 5730 1082 5818 (Hleur
1120 5733 1496 5818 theologorum
1533 5730 1894 5818 apex'fietrus
1923 5730 2100 5818 potius
2157 5758 2317 5818 quam

754 5797 956 5854 l‘anlus
991 5813 1081 5856 aut
1116 5797 1396 5862 Joannis?
1447 5797 1648 5877 Nempe
1701 5810 1767 5862 ad
1797 5797 1938 5863 l‘ctri
1974 5797 2327 5880 apostolicum

2421 3286 2532 3333 νος,
2564 3270 2661 3339 οὑχ
2753 3271 2905 3334 Θεὸς,
2929 3272 3045 3324 ἀλλ’
3080 3268 3446 3344 ᾖᾶνθρωπος.
3485 3277 3593 3328 Καὶ
3629 3277 3690 3328 ὲκ
3721 3276 3813 3328 τοῦ
3845 3277 4005 3330 ἐναν·

2418 3361 2560 3424 τίον,
2612 3362 2898 3432 ἄνθρωπος
2926 3363 3164 3436 ἄναρχος
3199 3367 3294 3419 καὶ
3343 3367 3561 3436 ἀπαθὴς
3617 3369 3710 3420 καὶ
3747 3370 4004 3432 ἄκτιστος

2419 3453 2516 3505 καὶ
2548 3454 2798 3523 οὑράνιος
2831 3456 2922 3507 καὶ
2952 3456 3162 3509 παιδίον
3211 3457 3559 3525 προαιώνιον.
3600 3460 3697 3528 οὑχ
3730 3455 4004 3532 ᾗᾶνθρω-

2420 3561 2541 3611 πος,
2577 3545 2690 3598 ἀλλ’
2722 3541 2754 3621 ᾖ
2789 3547 2943 3610 Θεός.
3002 3549 3099 3600 Διά
3128 3550 3238 3620 γὰρ
3292 3552 3390 3619 τὴν
3417 3551 3592 3621 ἄκραν
3642 3553 3748 3603 τῶν
3783 3552 4005 3620 φύσεων

2419 3639 2634 3702 ἕνωσιν,
2696 3641 2791 3693 καὶ
2833 3639 2894 3692 τὸ
2943 3641 3144 3694 ἐνιαῖον
3200 3641 3296 3709 τῆς
3356 3643 3724 3706 ὑποστάσεως,
3777 3645 3870 3696 καὶ
3907 3644 4004 3696 τοῦ

2419 3730 2712 3800 προσώπου
2743 3731 2841 3801 τὴν
2867 3732 3193 3802 ταυτότητα,
3230 3727 3310 3796 εἷς
3346 3733 3602 3802 ὑπάρχει,
3644 3736 3736 3786 καὶ
3771 3736 3797 3786 ὁ
3835 3734 4001 3797 αὐτὸς

2419 3823 2622 3892 ὁμοίως
2654 3823 2800 3874 ἐστὶν
2829 3821 3138 3893 ἀμφότερα,
3168 3823 3226 3875 τὸ
3257 3825 3377 3894 μὲν,
3411 3825 3485 3877 ῶν
3511 3825 3774 3888 ἀναιτίως
3809 3837 3875 3879 εκ
3904 3825 4003 3878 τοῦ

2420 3913 2634 3984 Πατρός
2659 3931 2673 3944 ’
2707 3915 2765 3967 τὸ
2786 3915 2864 3976 δὲ,
2887 3915 3112 3984 ὕστερον
3138 3915 3225 3968 διά
3250 3916 3664 3988 φιλανθρωπίαν
3686 3918 4002 3986 γενόμενος.

2420 4008 2528 4059 Καὶ
2559 4006 2733 4077 τούτῳ
2761 4006 2839 4076 τῷ
2887 4007 3030 4076 λόγῳ
3056 4007 3292 4076 ἑκατέρα
3327 4008 3436 4061 τῶν
3481 4008 3723 4076 φύσεων,
3759 4009 3828 4062 τὰ
3865 4009 4000 4079 παρ’

2419 4099 2618 4168 ἑαυτῆς
2654 4098 2921 4169 ἰδιώματα
2949 4102 3015 4170 τῇ
3047 4099 3214 4170 ἑτέρᾳ.
3237 4101 3566 4165 ἀντιδίδωσι,
3603 4100 3690 4152 διὰ
3726 4101 3786 4152 τὸ
3829 4118 4001 4171 μονα-

2419 4189 2569 4242 δικδν
2593 4191 2686 4243 καὶ
2714 4190 2912 4243 ταὺτὸν
2943 4191 3042 4259 τῆς
3083 4191 3458 4253 ὑποστάσεως,
3490 4192 3589 4242 οὑκ
3642 4191 4001 4260 ἐξισταμένου

2419 4281 2515 4334 τοῦ
2545 4282 2748 4335 οἰκείου
2780 4282 2939 4351 λόγου
2969 4283 3070 4353 τῆς
3102 4283 3230 4354 περὶ
3288 4284 3484 4337 ταὺτὸν
3517 4282 3753 4352 θατὲρας
3799 4281 4002 4350 ἰδιότη-

2419 4389 2539 4435 τοςο
2575 4372 2712 4425 καθὸ
2750 4374 2845 4426 καὶ
2866 4373 3199 4428 οἰκειοῦσθαι
3229 4374 3447 4442 λέγεται
3477 4375 3568 4428 τὸν
3593 4375 3765 4442 Λόγον
3801 4374 3871 4426 τά
3903 4374 4003 4442 τῆς

2423 4463 2560 4527 ίδίας
2597 4464 2800 4535 σαρκὸς
2829 4466 3187 4535 οἰκονομικῶς
3218 4467 3389 4537 παθη.
3443 4467 3637 4519 Καίτοι
3676 4465 3785 4535 γὰρ
3834 4465 3992 4516 οὑδέν

2419 4555 2644 4625 πάσχων
2679 4557 2802 4608 ὅσον
2832 4551 2966 4626 ἧκεν
2999 4558 3078 4619 εἰς
3121 4557 3258 4610 ἰδίαν
3297 4558 3479 4626 φύσιν,
3521 4557 3669 4626 ὅμως
3704 4555 3868 4618 αὑτὸς
3907 4573 4004 4607 πε-

2420 4647 2679 4701 πονθέναι
2710 4649 3073 4717 λέγεται,,ἴνα
3106 4652 3199 4703 καὶ
3241 4651 3430 4721 Σωτὴρ
3461 4651 3676 4704 πάντων
3714 4650 3874 4719 μόνος
3906 4667 3998 4702 πιο

2423 4739 2678 4810 στεὺηται
2704 4757 2716 4771 ·
2753 4742 2847 4794 καὶ
2886 4739 3072 4810 ῶσπερ
3119 4739 3213 4794 τοῦ
3254 4737 3391 4793 εἶναι
3442 4742 3537 4793 καὶ
3576 4739 3820 4810 ὑπάρξαι
3850 4742 4001 4810 ἡμᾶς

2420 4834 2594 4897 αἴτιος
2625 4833 2995 4905 ὡμολόγηται,
3033 4835 3175 4888 οὕτω
3204 4835 3300 4889 καὶ
3332 4834 3393 4887 τὸ
3427 4829 3485 4887 εὖ
3538 4829 3679 4886 εἶναι
3705 4834 3872 4903 ἡμᾶς,
3913 4832 4000 4885 ἐπ’

2423 4923 2588 4978 αὑτὸν
2619 4924 2978 4995 ἀναφέρηται.

2494 5047 2604 5098 Καὶ
2634 5045 2791 5096 τοῦτο
2815 5047 2960 5115 ἡμᾶς
2991 5045 3301 5097 ὲκπαιδεύει
3333 5044 3439 5096 τῶν
3464 5042 3728 5109 θεολόγων
3751 5042 3782 5105 ἡ
3815 5037 3996 5105 ἀκρώ-

2425 5155 2568 5210 ρεια,
2594 5140 2623 5190 ὁ
2652 5139 2792 5201 θεῖος
2824 5139 3030 5210 Πέτρος
3052 5139 3224 5206 λέγων
3263 5140 3368 5202 ὅτι,
3401 5138 3657 5205 Χριστὸς
3677 5133 3838 5197 ἅπαξ
3865 5131 3997 5199 περὶ

2426 5391 2716 5468 primatum
2749 5389 3353 5468 Nieephorusrespirit.
3379 5388 3657 5468 Jam‘vero
3695 5383 3991 5468 quinflaruo

2426 5461 2563 5514 linus
2589 5461 2775 5525 libros,
2813 5470 2869 5514 ut
2900 5463 3000 5515 ltnc
3025 5462 3201 5515 obiter
3230 5459 3430 5524 dicam,
3453 5460 3586 5511 adeo
3621 5459 3992 5527 magniliCant,

2426 5533 2550 5598 quia
2596 5547 2673 5584 ss.
2733 5529 3025 5606 imaginum
3080 5530 3284 5606 cultum
3350 5529 3681 5606 improbant,
3741 5541 3837 5580 cur
3889 5539 3995 5606 non

2427 5595 2576 5676 atque
2645 5595 2870 5676 laudanti
2933 5602 3122 5676 primi_
3150 5599 3284 5676 libri
3320 5595 3614 5676 capitulum
3640 5607 3876 5676 sextum,
3903 5595 3992 5646 ubi

2428 5671 2570 5724 Petri
2603 5673 2783 5734 sedes,
2817 5670 3057 5724 Romana
3084 5669 3324 5725 Ecclesia
3349 5708 3363 5732 ,
3388 5672 3598 5724 caeteris
3621 5669 3830 5721 cunctis
3855 5679 3993 5730 pra!-

2431 5743 2633 5802 l'ertur,
2664 5751 2717 5794 et
2749 5742 2800 5795 in
2847 5741 2969 5796 fidei
2998 5742 3388 5810 qutcstiouiltus
3413 5740 3635 5793 omnino
3663 5735 3992 5792 consuleuda

2433 5811 2628 5866 dicitur
2648 5812 2670 5862 ’ἒ
