4238 6446
785 385 886 445 327

1801 384 1859 443 S.
1901 382 2318 443 NICEPHORI
2357 383 2862 445 PATRIARCHIE
2900 385 3008 446 ΟΡ.

3923 388 4034 447 39.3

789 511 850 547 ac
881 493 1061 548 salvos
1103 495 1214 546 lteri
1240 532 1255 556 ,
1289 501 1340 545 et
1371 491 1779 546 conversionem
1815 493 2121 560 peccatoris
2159 491 2432 563 excipit_A

2370 495 2432 563 _A
2463 492 2668 559 ἀγαθόν
2695 509 2706 522 ·
2738 494 2826 546 ἀεὶ
2860 493 2968 562 γὰρ
2995 494 3023 545 ὁ
3047 492 3178 555 Θεὸς
3207 492 3350 546 θέλει
3383 494 3526 564 ἡμᾶς
3554 493 3649 546 καὶ
3675 490 3736 548 εὖ
3764 488 3902 548 εῖναι
3932 499 4034 550 καὶ

786 593 948 650 atque
979 582 1372 651 paenitentiam.
1403 580 1655 634 Nostrum
1691 590 1870 635 autem
1904 582 2171 650 ingenium
2206 580 2352 634 volu-

788 675 893 728 I-ile
926 684 1004 726 est
1034 689 1098 726 ac
1134 674 1418 726 limitatmu
1451 691 1463 727 :
1510 687 1614 726 non
1655 675 1800 726 enim
1847 673 1986 727 idem
2015 686 2231 739 semper
2260 686 2355 725 vo-

787 767 996 830 lmuus,
1028 767 1122 818 sed
1153 766 1313 818 modo
1349 766 1446 828 sic,
1478 766 1636 819 modo
1665 765 1853 830 aliter;
1889 765 2048 818 modo
2077 763 2356 816 ambulare

788 855 1076 918 volumus,
1130 855 1284 907 modo
1329 855 1646 921 quiescere;
1694 856 1858 907 modo
1904 852 2256 922 contemplari
2303 862 2357 904 ct

786 945 1052 1013 speculari
1075 985 1090 1006 ,
1123 946 1280 997 modo
1302 960 1498 1007 secus;
1525 947 1680 998 modo
1712 946 1924 1013 operari
1950 983 1964 1007 ,
1993 923 2150 996 modo
2173 942 2353 996 otiari.

787 1033 852 1086 Et
892 1036 1015 1085 lium
1060 1035 1266 1092 uitatis,
1294 1049 1413 1100 qn:e
1443 1034 1493 1084 in
1520 1032 1741 1085 Christo
1769 1041 1908 1092 erat,
1940 1031 2194 1085 voluntas
2215 1030 2354 1083 haud

786 1127 982 1180 divinae
1026 1126 1297 1178 contraria
1333 1133 1480 1187 erat,
1528 1126 1651 1191 quia
1700 1135 1807 1176 tota
1860 1124 2132 1176 dcilicata.
2186 1121 2356 1175 Serus

787 1229 962 1271 autem
996 1231 1080 1271 res
1115 1226 1318 1270 naturae.
1353 1225 1549 1268 nostra:
1578 1216 1823 1268 volubilis
1860 1225 2020 1283 atque
2048 1215 2223 1278 ﬂuxa,
2259 1214 2356 1265 ali-

789 1319 870 1360 ter
899 1317 1059 1376 atque
1086 1306 1243 1359 aliter
1273 1308 1478 1358 variant
1509 1323 1569 1358 ac
1613 1318 2016 1375 pervertuntur,
2050 1306 2354 1359 ﬁrmitatem

790 1398 989 1451 nullam
1018 1412 1080 1450 ac
1126 1397 1474 1451 stabilitatem
1504 1398 1783 1451 habentes.

861 1671 951 1725 50.
994 1669 1168 1734 Quid?
1192 1667 1376 1720 Nonne
1411 1680 1463 1719 et
1499 1668 1722 1722 scicntia
1775 1669 1966 1736 duplex
2019 1671 2072 1723 in
2131 1669 2348 1726 Christo

789 1764 944 1817 erat?
969 1763 1174 1815 Etenim
1201 1769 1384 1829 utpote
1417 1761 1554 1812 Dens
1577 1761 1750 1812 oninia
1786 1771 2004 1814 noverat
2039 1772 2163 1816 ante
2187 1764 2349 1817 etiam

789 1869 948 1921 quam
981 1854 1192 1905 tierent.
1224 1850 1315 1905 Sic
1363 1851 1546 1919 procul
1590 1851 1862 1913 habitans,
1911 1853 2067 1905 amici
2124 1865 2350 1908 mortem

789 1945 1068 2012 discipulis
1116 1954 1368 2011 tanquam
1427 1942 1568 1995 Deus
1602 1945 2114 2008 praamonstrahat"
2152 1963 2164 1998 :
2208 1959 2353 2015 pra:-

796 2051 923 2089 sens
962 2045 1139 2088 autem
1177 2036 1668 2102 propinquansquc
1714 2037 1963 2102 sepulcro
2015 2037 2352 2106 interrogat:

791 2126 1018 2180 Ubinam
1055 2129 1300 2188 yosuistix
1339 2127 1556 2177 enin”?
1608 2138 1814 2180 naturae
1853 2139 2050 2181 nostra:
2083 2131 2353 2182 modulum

794 2221 863 2270 ita
922 2219 1251 2282 signiﬁcans.
1317 2219 1445 2271 Item
1480 2217 1674 2272 :Jcsns
1747 2230 1955 2272 nat-crat
2016 2222 2356 2288 cogitationes

789 2327 967 2363 eorum
991 2312 1059 2372 θ’,
1096 2312 1237 2379 quod
1270 2321 1447 2361 essent
1483 2326 1540 2363 se
1579 2311 1980 2379 iuterrogaturi.
2030 2310 2162 2363 Nam
2193 2313 2354 2365 etiam

789 2412 1056 2467 quatenus
1089 2403 1267 2463 homo,
1300 2403 1541 2452 omnium
1579 2416 1757 2454 rerum
1805 2403 2110 2469 potiebatur
2141 2403 2352 2466 notitia,

791 2500 973 2558 utpote
1007 2491 1114 2543 Deo
1171 2492 1502 2559 Itypnslalicc
1555 2491 1761 2552 unitus,
1820 2508 1923 2543 nou
1980 2507 2136 2546 secus
2197 2501 2356 2559 atque

788 2583 909 2635 aliis
970 2583 1225 2649 prteditus
1303 2591 1422 2636 erat
1483 2584 1870 2650 praerogativis.
1925 2582 2056 2635 Item
2119 2586 2354 2651 speciem

791 2674 1063 2741 praebebat.
1114 2673 1386 2726 uescieudi
1442 2673 1584 2726 diem
1639 2684 1704 2728 et'
1743 2674 1926 2727 horam
1963 2676 2032 2738 ",
2078 2691 2181 2744 qua
2235 2677 2356 2728 huic

791 2767 1046 2819 universo
1085 2765 1207 2818 linis
1233 2765 1403 2818 aderit
1436 2780 1448 2826 ;
1487 2765 1555 2816 ita
1587 2766 1794 2818 scilicet
1829 2776 2118 2834 assumpta.-
2150 2776 2356 2819 natura:

789 2859 932 2925 quod
965 2859 1078 2923 ejus
1107 2858 1380 2925 proprium
1413 2867 1526 2910 erat
1564 2858 1827 2910 tribuens.
1868 2857 2075 2923 Quibus
2105 2859 2356 2912 omnibus

794 2951 842 3000 in
877 2964 1040 3017 opere
1073 2949 1464 3000 incarnationis
1503 2950 1808 3016 assumptis.
1845 2948 2118 3018 perfectus
2137 2951 2356 3004 omnino

795 3041 955 3093 homo
982 3040 1219 3108 itemque
1249 3038 1517 3105 perfectus
1553 3039 1689 3092 Dens
1711 3041 1997 3105 exsistens,
2023 3055 2051 3092 a
2087 3041 2241 3095 nobis
2261 3043 2358 3096 ho-

2460 581 2726 646 σώζεσθαι
2753 622 2768 646 ,
2822 584 2913 636 καὶ
2972 583 3068 636 τοῦ
3131 585 3457 654 ἀμαρτωλοῦ
3531 585 3630 654 τὴν
3687 587 4036 658 ἐπιστροφὴν

2458 672 2738 742 ἐκδέχεται
2759 675 2854 727 καὶ
2878 675 2978 744 τὴν
3007 674 3316 743 μετάνοιαν.
3357 675 3430 727 Τδ
3446 675 3501 728 δὲ
3535 678 3658 730 καθ’
3697 677 3870 746 ἡμᾶς,
3898 695 4036 748 τρε-

2457 763 2590 816 πτὸν
2617 765 2708 818 καὶ
2740 766 3156 835 πεπερασμένον
3181 784 3194 797 ·
3227 768 3288 818 οὗ
3306 767 3415 836 γὰρ
3432 767 3522 819 ἀεὶ
3546 767 3742 819 ταύτὸν
3771 768 4031 838 θέλομεν,

2457 855 2592 908 ἀλλὰ
2619 857 2714 908 νῦν
2745 857 2842 926 μὲν
2870 855 3064 920 οὕτως,
3093 855 3188 909 νῦν
3212 857 3267 909 δὲ
3300 859 3500 928 ἑτέρως
3526 874 3539 886 ·
3575 859 3706 911 ποτὲ
3751 859 3853 928 μὲν
3882 859 4037 929 βαδί-

2458 945 2591 1011 ζειν,
2623 948 2754 999 ποτὲ
2787 947 2844 1000 δὲ
2890 949 3153 1017 ὴρεμεῖνο
3191 949 3287 1000 καὶ
3331 949 3456 1000 ποτὲ
3497 949 3596 1017 μὲν
3651 948 3882 1020 θεωρεῖν
3934 953 4038 1002 καὶ

2461 1037 2812 1102 σκέπτεσθαι,
2850 1039 2982 1091 ποτὲ
3027 1039 3085 1091 δὲ
3129 1038 3191 1092 οὔ
3221 1055 3234 1068 ·
3283 1040 3376 1091 καὶ
3426 1040 3556 1091 ποτὲ
3605 1041 3702 1108 μὲν
3754 1042 4030 1110 ἐνεργεῖν,

2460 1129 2589 1181 ποτὲ
2622 1129 2677 1182 δὲ
2705 1129 3010 1198 σχολάζειν.
3044 1131 3152 1183 Καὶ
3179 1131 3274 1182 τοῦ
3301 1132 3442 1184 κατὰ
3485 1131 3577 1184 τὸν
3617 1133 3847 1202 Σωτῆρα
3873 1149 4035 1184 νοουο

2462 1219 2624 1285 μένου
2660 1219 2950 1289 ἀνθρώπου
2983 1218 3046 1271 τὸ
3068 1219 3278 1288 θέλημα
3304 1221 3402 1271 οὐκ
3429 1215 3496 1289 ἦν
3525 1218 3602 1288 τῷ
3636 1219 3766 1288 θείῳ
3795 1221 4037 1273 ύττεναν⁶

2457 1309 2572 1359 τίον
2601 1308 2892 1377 θελήματι,
2931 1308 3134 1362 θεωθὲν
3169 1311 3307 1364 ὅλον.
3343 1310 3444 1362 Οἴα
3474 1309 3539 1378 δὴ
3570 1310 3638 1362 τὰ
3655 1311 3752 1380 τῆς
3782 1311 4034 1380 τρεπτῆς

2458 1398 2552 1450 καὶ
2578 1398 2877 1468 ἀλλοιωτῆς
2915 1400 3008 1451 καὶ
3055 1399 3288 1468 ῥευστῆς
3316 1398 3554 1466 φύσεως,
3610 1399 3800 1452 ἄλλοτε
3847 1398 4032 1461 ἄλλως

2461 1489 2909 1558 μεταϐαλλόμενα
2940 1491 3033 1544 καὶ
3056 1491 3491 1559 μεταπίπτοντα,
3519 1490 3612 1542 καὶ
3638 1488 3702 1542 τὺ
3755 1490 4027 1561 σταθερὸν

2460 1580 2552 1632 καὶ
2580 1580 2796 1650 ἑδραῖον
2816 1581 2916 1632 οὑκ
2933 1581 3143 1650 ἔχοντα.
3989 1616 4000 1624 -

2529 1677 2590 1726 ν’,
2635 1671 2700 1722 Τί
2721 1671 2815 1736 δέ;
2851 1673 2986 1740 Οὐχὶ
3010 1670 3105 1724 καὶ
3135 1673 3170 1739 ἡ
3218 1670 3422 1738 γνῶσις
3461 1669 3612 1740 διττὴ
3638 1671 3730 1723 ἐπὶ
3771 1669 4030 1740 Χριστῷς

2472 1763 2558 1825 Ὠς
2609 1764 2706 1832 μὲν
2745 1764 2854 1835 γὰρ
2891 1764 3023 1826 Θεὸς
3084 1764 3260 1817 πάντα
3313 1760 3424 1818 οἶδε
3453 1763 3547 1815 καὶ
3595 1762 3702 1832 πρὸ
3740 1763 4032 1830 γενέσεως,

2457 1855 2600 1908 οὕτω
2630 1858 2818 1927 πόρρω
2840 1873 2942 1908 που
2975 1855 3412 1926 διεσκηνωμένος
3439 1856 3538 1925 τὴν
3583 1855 3678 1909 τοῦ
3713 1855 3873 1924 φίλου
3915 1857 4030 1916 τοῖς

2461 1948 2731 2018 μαθηταῖς
2762 1948 2839 2011 ὡς
2886 1948 3041 2011 Θεὸς
3065 1948 3360 2019 προεδήλου
3411 1948 3672 2019 κοίμησιν
3695 1965 3707 1978 ·
3752 1945 3946 2018 παρὼν
3979 1947 4035 2000 δὲ

2457 2041 2552 2088 καὶ
2577 2037 2826 2100 πελάζων
2859 2037 2936 2107 τῷ
2965 2039 3123 2106 τάφῳ
3164 2039 3494 2091 πυνθάνεται
3531 2055 3546 2068 ·
3573 2037 3696 2091 Ποῦ
3727 2039 4034 2091 τεῚείκατε

2457 2116 2677 2192 αὐτόἆπ
2704 2129 2774 2180 τὰ
2804 2129 2903 2198 τῆς
2935 2129 3149 2197 φύσεως
3191 2129 3349 2198 ἡμῶν
3384 2129 3801 2198 ἐνδεικνύμενος
3826 2130 4029 2198 μέτρα.

2458 2220 2586 2270 Καί·
2624 2220 2686 2271 Ὀ
2717 2219 2954 2285 Ἰησοῦς
2975 2219 3100 2287 ᾔδει
3126 2219 3230 2284 τὰς
3245 2217 3512 2283 διανοίας
3527 2218 3744 2283 αὐτῶν,
3767 2219 3849 2272 ὅτι
3867 2218 4031 2288 ἔμελ-

2459 2311 2548 2363 λον
2573 2311 2738 2363 αὑτὸν
2769 2313 2999 2382 ἐρωτᾷν.
3072 2310 3225 2363 Ἐπεὶ
3271 2312 3405 2363 καθὸ
3455 2312 3766 2380 ἄνθρωπος,
3809 2313 4033 2365 πάντων

2458 2398 2571 2470 εἶχε
2603 2402 2702 2472 τὴν
2730 2401 2952 2469 γνῶσιν,
2979 2400 3058 2470 τῷ
3083 2401 3325 2469 ἡνῶσθαι
3343 2401 3421 2470 τῷ
3446 2402 3608 2470 Λόγῳ
3640 2401 3761 2454 καθ’
3791 2401 4033 2453 ὑπόστα-

2461 2511 2569 2560 σιν,
2593 2494 2784 2565 ὥσπερ
2836 2493 2931 2545 καὶ
2976 2493 3084 2545 τῶν
3129 2492 3333 2546 λοιπῶν
3388 2491 3783 2562 πεπλουτηκὼς
3823 2493 4028 2546 καλῶν.

2461 2588 2572 2640 Καὶ
2625 2586 2787 2638 πάλιν
2833 2587 3215 2655 προσεποιεῖτο
3262 2587 3480 2651 ἀγνοεῖν
3533 2585 3633 2654 τὴν
3673 2585 3887 2654 ἡμέραν
3938 2587 4034 2636 καὶ

2456 2678 2627 2748 ὥραν,
2662 2677 2781 2731 καθ’
2815 2678 2883 2747 ἢν
2913 2677 3069 2730 τοῦδε
3111 2677 3205 2730 τοῦ
3249 2677 3450 2740 παντὸς
3498 2677 3617 2745 ἥξει
3649 2677 3711 2730 τὸ
3742 2678 3938 2747 πέρας,
3972 2678 4036 2728 τὸ

2457 2773 2654 2823 οἰκεῖον
2689 2768 2769 2838 τῷ
2793 2769 3186 2840 προσλήμματι
3239 2769 3440 2838 νέμων.
3477 2770 3656 2838 "Amp
3689 2770 3907 2822 ἅπαντα
3939 2770 4032 2820 δα

2457 2864 2558 2930 τὴν
2595 2861 2908 2929 οἰκονομίαν
2941 2861 3020 2922 είς
3041 2860 3235 2912 ἑαυτὸν
3257 2859 3565 2924 ἀναλαϐὼν,
3591 2859 3796 2923 τέλειος
3824 2858 4038 2929 ἀνθρω·

2459 2971 2560 3016 πος
2613 2953 2756 3006 κατά
2785 2953 2961 3006 πάντα
2995 2951 3184 3022 ὥσπερ
3214 2951 3305 3004 καὶ
3332 2952 3463 3016 Θεὸς
3509 2953 3716 3016 τέλειος
3759 2955 4035 3023 χρηματί-

2459 3040 2567 3104 ζων
2598 3040 2725 3106 παρ’
2749 3039 2905 3109 ἡμῶν
2925 3035 3208 3103 δοξάζεται
3238 3037 3332 3092 καὶ⁵
3371 3038 3732 3109 κηρύσσεται.
3773 3041 3934 3092 Κατα
3974 3040 4033 3092 δὲ

791 3143 1015 3184 noratur
1040 3141 1093 3185 et
1127 3132 1514 3200 proclamatnr.
1533 3128 1732 3184 Eodem
1759 3132 1914 3185 modo
1945 3147 1998 3186 et
2037 3144 2277 3187 creatum
2304 3143 2357 3186 et
2384 3141 2428 3202 ρ
2459 3150 2465 3163 ·

2384 3141 2428 3202 C
2459 3131 2550 3183 τὸν
2581 3130 2744 3183 αὐτὸν
2775 3130 2976 3200 τρόπον
3006 3131 3100 3183 καὶ
3127 3129 3342 3192 κτιστδς
3386 3130 3483 3183 καὶ
3512 3130 3765 3193 ἄκτιστος
3799 3133 3827 3183 ὁ
3869 3129 4033 3190 αὐτὸς

792 3227 1092 3278 inereatunt
1127 3228 1375 3278 eumdem
1410 3225 1756 3288 conﬁtemur,
1786 3235 1839 3280 et
1880 3228 2159 3280 mortalem
2194 3239 2354 3294 atque

793 3315 1182 3377 immortalem,
1249 3325 1301 3368 ct
1331 3331 1665 3384 qna'cmtque
1687 3318 1789 3369 alia
1818 3318 1867 3370 in
1920 3332 2026 3371 uno
2058 3319 2357 3386 eodemque

790 3405 1033 3472 Subita-to
1091 3408 1360 3459 contraria
1410 3418 1705 3460 cernuntur
1757 3419 1974 3477 propter
2039 3420 2353 3461 naturarum

793 3498 1184 3563 duplicitatem.
1229 3497 1321 3550 llis
1374 3499 1446 3550 ila
1479 3498 1790 3561 declaratis,
1843 3501 1963 3568 quis
2010 3502 2249 3570 prohibet
2282 3504 2353 3570 pii

795 3591 1064 3656 dogmatis
1094 3590 1354 3652 asseclas,
1391 3591 1680 3658 quominus
1722 3592 1981 3660 reliquam
2012 3608 2187 3646 rerum
2222 3597 2354 3646 dna-

791 3680 1020 3746 litatem,
1073 3683 1185 3749 pari
1241 3682 1397 3734 modo
1430 3682 1481 3734 in
1533 3697 1775 3750 persona:
1807 3699 2020 3752 quoque
2080 3685 2358 3738 attributis

792 3773 1095 3839 nsurpent?
1123 3774 1262 3840 quod
1293 3774 1378 3826 isti
1412 3771 1803 3828 Christomachi
1842 3776 2001 3843 impie
2029 3786 2227 3846 negant
2255 3793 2268 3828 :
2303 3786 2358 3830 et

791 3873 1060 3926 quatenus
1113 3864 1328 3929 quidem
1391 3865 1639 3917 Christus
1685 3869 1750 3917 ad
1805 3864 2040 3920 Verbum
2103 3868 2354 3932 refertur,

790 3955 971 4004 dicant
1007 3955 1578 4024 incireuinscriptmn;
1617 3970 1886 4024 quatenus
1941 3973 2066 4013 vero
2116 3963 2180 4012 ad
2213 3962 2353 4015 servi

792 4044 1018 4094 formam
1067 4045 1317 4110 pertinet,
1363 4046 1920 4113 circumscriptionem
1953 4048 2001 4101 ci
2056 4051 2355 4116 assignent.

790 4135 922 4199 Quis
973 4135 1340 4189 adcohrntus
1386 4137 1690 4204 Stoiitioqlle
1736 4139 1918 4189 animo
1969 4148 2132 4206 atque
2165 4154 2358 4195 excors

788 4228 880 4286 sit,
916 4237 972 4278 nt
1021 4237 1213 4279 caetera
1273 4228 1488 4294 quidem
1530 4226 1718 4280 omnia
1773 4229 2004 4298 duplicia
2054 4232 2105 4284 in
2156 4231 2356 4301 duplici

794 4317 1076 4369 nativitatc
1112 4328 1204 4370 aut
1236 4328 1425 4370 natura
1460 4319 1746 4381 conﬁtens,
1780 4321 1830 4374 in
1874 4325 1976 4375 hoc
2010 4333 2214 4378 tanturn
2246 4327 2357 4380 cir-

789 4408 1231 4475 cumscriptionis
1285 4413 1501 4480 negotio
1547 4412 1788 4465 rixetnr?
1823 4414 1979 4468 Certe
2013 4418 2103 4483 qui
2153 4419 2355 4485 prima-

795 4502 902 4552 rius
962 4510 1014 4550 et
1050 4500 1270 4553 intimas
1329 4515 1640 4554 llatttrztl'ttttt
1697 4505 1946 4557 nationes
2002 4506 2234 4568 auferat,
2292 4524 2359 4562 ne

788 4603 1033 4642 naturam
1085 4593 1299 4658 quidem
1352 4595 1610 4662 reliquam
1677 4594 1860 4648 fatiet.
1914 4595 2054 4661 Quid
2089 4601 2233 4651 enim
2270 4601 2356 4652 hic

791 4683 1196 4736 lttl'lllitiUinSllnl
1251 4697 1333 4737 est
1381 4698 1472 4738 aut
1519 4702 1843 4754 magnopere
1892 4689 2152 4742 noxium?
2203 4691 2356 4744 Sieut

791 4775 932 4824 enim
982 4775 1193 4840 ttpi'rnti
1245 4788 1295 4826 et
1340 4776 1492 4839 velle,
1549 4778 1758 4829 ιιι-δεῖτε
1815 4777 1976 4830 etiam
2032 4785 2193 4847 atque
2242 4783 2350 4848 pati

793 4867 1104 4919 humanitus
1145 4867 1451 4930 Dominum,
1485 4869 1627 4921 nullo
1661 4871 1819 4921 modo
1853 4871 2094 4936 ejusdem
2145 4872 2362 4928 deitatis

791 4960 1054 5011 rationem
1111 4960 1272 5024 ltcsit,
1307 4975 1481 5028 neque
1531 4961 1850 5014 divisionem
1893 4961 2054 5014 ullam
2091 4964 2144 5015 in
2195 4978 2358 5017 unam

781 5053 1138 5119 eunulcmque
1191 5053 1524 5122 bypostasim
1582 5053 1803 5118 intulit;
1841 5053 1912 5106 ita
1970 5069 2038 5107 ne
2091 5055 2144 5106 in
2196 5070 2360 5110 carne

783 5145 1000 5210 quidem
1033 5158 1155 5197 eum
1185 5145 1354 5213 pingi,
1383 5145 1620 5214 qualiter
1654 5147 1791 5198 inter
1826 5145 2074 5202 lminines
2108 5148 2255 5201 visus
2279 5159 2358 5201 est

781 5244 837 5288 et
897 5248 1271 5299 conversatus,
1330 5237 1492 5292 ullam
1549 5237 1597 5291 ei
1658 5237 2011 5307 ignominiam
2065 5253 2349 5308 aSpergt-I;

784 5346 958 5396 neque
993 5331 1042 5380 in
1074 5330 1230 5383 unica
1283 5331 1558 5400 hypostasi
1592 5331 1873 5384 distractio
1917 5332 2018 5384 nlla
2052 5335 2351 5400 apparebit.

783 5419 1081 5474 Facessant
1147 5421 1307 5490 igitur
1367 5424 1458 5490 qui
1515 5437 1648 5472 vana
1698 5433 1988 5489 nugantur,
2026 5423 2114 5492 qui
2165 5423 2358 5475 divina:

779 5517 1098 5569 (PCODOIlliiB
1155 5516 1354 5568 rationi
1403 5516 1666 5581 intidenl,
1721 5533 1884 5583 seque
1937 5532 1964 5569 ε
2027 5529 2213 5570 sancta
2253 5516 2356 5569 (ide

780 5618 964 5662 nostra
1002 5607 1330 5662 abalienarit.

862 5754 1086 5820 Ἤσκει.
1132 5780 1204 5828 ιι,
1241 5765 1322 5818 ιι,
1402 5767 1446 5797 ιο
1484 5766 1610 5818 ibid.
1647 5767 1735 5818 δι.
1815 5769 1854 5796 θ’
1887 5760 2095 5818 timui.
2151 5782 2223 5826 ις,
2270 5765 2319 5818 4.

2457 3224 2830 3294 ὁμολογεῖται⁹
2873 3223 2968 3277 καὶ
3023 3221 3217 3293 θνητὸς
3252 3223 3346 3277 καὶ
3383 3222 3676 3286 ἀθάνατος,
3724 3225 3834 3278 καὶ
3867 3225 4038 3278 τᾶλλα

2456 3317 2556 3368 ὅσα
2578 3332 2643 3366 πε
2653 3315 2706 3383 pi.
2725 3315 2816 3368 τὸν
2843 3313 2937 3367 ἕνα
2959 3315 3054 3366 καὶ
3080 3314 3170 3368 τὸν
3203 3314 3364 3367 αὑτὸν
3388 3315 3782 3384 ἀντικειμένως
3808 3315 4034 3386 θεωρεῖ·

2459 3423 2548 3457 ται
2579 3406 2668 3458 διὰ
2722 3405 2823 3475 τὴν
2874 3403 3105 3475 διπλόην
3153 3404 3262 3458 τῶν
3319 3405 3558 3472 φύσεων.
3614 3405 3774 3458 Ἀλλὰ
3826 3407 4042 3458 τούτων

2461 3493 2632 3557 οὕτως
2668 3495 3120 3564 κηρυσσομένων,
3151 3495 3237 3556 τίς
3272 3495 3299 3547 ὁ
3331 3493 3590 3546 κωλύσων
3611 3494 3766 3560 λόγος
3793 3496 4038 3559 εὐσεϐῶς

2458 3586 2905 3656 δογματίζοντας,
2949 3587 3024 3655 μὴ
3047 3585 3143 3638 καὶ⁵
3181 3585 3278 3654 τὴν
3321 3584 3517 3655 λοιπὴν
3559 3586 3820 3653 συζυγίαν
3853 3589 4039 3657 ὁμοιο-

2459 3678 2674 3748 τρόπως
2707 3678 2782 3748 τῷ
2805 3678 2952 3747 αύτῷ
2978 3677 3164 3746 νέμειν
3189 3676 3488 3748 προσώπῳ,
3513 3677 3542 3730 ὃ
3567 3677 3631 3748 δὴ
3664 3681 3775 3741 τοῖς
3801 3679 4037 3748 Χριστο-

2463 3768 2656 3836 μάχοις
2689 3768 2984 3838 ἀπείρηται
3023 3767 3339 3831 δυσσεϐῶς,
3395 3769 3491 3819 καὶ
3525 3767 3650 3819 ὅσον
3686 3769 3785 3837 μὲν
3822 3771 3902 3832 είς
3937 3771 4038 3840 τὴν

2458 3857 2553 3911 τοῦ
2579 3859 2752 3925 Λόγου
2813 3859 2975 3926 φύσιν
3009 3859 3234 3926 ἀνῆκεν,
3293 3858 3602 3912 ἀποδιδόναι
3636 3862 3696 3911 τὸ
3727 3861 4038 3931 ἀπερίγρα-

2461 3967 2624 4002 πτον·
2657 3952 2781 4003 ὅσον
2805 3951 2861 4003 δὲ
2896 3953 2974 4013 είς
3003 3951 3099 4020 τὴν
3121 3950 3215 4002 τοῦ
3257 3950 3447 4003 δούλου
3496 3953 3732 4022 μορφὴν,
3784 3953 3843 4005 τὸ
3872 3970 4035 4023 περι-

2459 4041 2703 4109 γραπτδν
2737 4041 3104 4096 ἀνατίθεσθαι.
3139 4042 3233 4104 Τίς
3279 4041 3451 4104 οὕτως
3487 4043 3766 4113 κτηνώδης
3789 4045 3883 4096 καὶ
3906 4046 4035 4096 ἄλο-

2459 4149 2555 4200 γος
2584 4134 2682 4202 τὴν
2706 4133 2910 4203 ψυχὴν,
2946 4138 3039 4185 καὶ
3081 4132 3293 4203 φρενῶν
3338 4132 3442 4197 ἔξω
3478 4132 3781 4198 καθεστὼς,
3833 4136 3901 4188 τὰ
3936 4137 4038 4204 μὲν

2462 4224 2598 4278 ἀλλα
2628 4226 2824 4287 πάντα,
2857 4224 3008 4277 διττά
3039 4226 3131 4277 ἐπὶ
3158 4225 3362 4287 διτταῖς
3397 4227 3518 4287 ταῖς
3559 4228 3880 4296 γεννήσεσιν
3905 4230 4038 4297 ὁμο-

2457 4318 2687 4390 λογεῖνῆ
2717 4320 2966 4388 φύσεσιν,
2997 4320 3126 4389 περὶ
3146 4318 3202 4370 δὲ
3224 4319 3283 4371 τὸ
3307 4317 3364 4370 ἒν
3393 4318 3552 4388 μόνον
3572 4317 3906 4389 ζυγομαχεῖν
3927 4337 3941 4384 ;
3972 4323 4036 4374 Ei

2460 4409 2570 4480 γάρ
2595 4427 2678 4472 τις
2710 4410 2777 4461 τὰ
2802 4409 3118 4461 οἰκειότατα
3152 4409 3245 4461 καὶ
3273 4400 3479 4478 ἀκριϐῆ
3526 4407 3635 4461 τῶν
3670 4409 3889 4476 φύσεων
3933 4413 4036 4480 ἀφ-

2464 4503 2573 4555 έλοι
2607 4499 3004 4571 γνωρίσματα’,
3047 4499 3179 4569 μηδὲ
3227 4500 3388 4567 φύσιν
3421 4495 3561 4552 εἶναι
3592 4501 3917 4555 ἀπολίποιτο
3945 4505 4032 4558 ἀν.

2463 4596 2506 4646 Τ
2514 4595 2529 4646 ί
2563 4594 2671 4664 γὰρ
2699 4591 2953 4646 ἐντεῦθεν
2995 4592 3057 4643 τὸ
3093 4590 3334 4642 ὕποπτον
3363 4591 3395 4661 ἦ
3443 4590 3898 4661 βλαϐερώτατον;
3943 4596 4035 4660 Ὠς

2461 4687 2570 4756 γὰρ
2601 4687 2660 4739 τὸ
2691 4687 2934 4758 ἐνεργεῖν
2969 4685 3062 4737 καὶ
3086 4683 3283 4747 θέλειν,
3320 4683 3415 4736 καὶ
3447 4686 3664 4751 ἀγνοεῖν
3692 4686 3773 4738 ἔτι
3802 4689 3896 4740 καὶ
3927 4691 4035 4742 πά-

2461 4795 2610 4846 σχειν
2646 4775 3005 4845 ἀνθρωπίνως
3052 4775 3141 4827 τὸν
3171 4775 3393 4845 Κύριον,
3449 4777 3566 4828 κατ’
3596 4777 3786 4829 οὐδένα
3828 4779 4037 4847 τρόπον

2457 4869 2548 4920 τὸν
2577 4872 2675 4940 τῆς
2709 4867 2831 4920 κατ’
2858 4867 3019 4919 αὑτὸν
3049 4865 3308 4936 θεότητος
3330 4866 3677 4935 ἐλωϐήσαντο
3702 4866 3882 4934 λόγον,
3910 4871 4032 4923 οὐδὲ

2457 4961 2722 5031 ίιαίρεσιν
2755 4959 2896 5012 κατὰ
2919 4959 3018 5028 τὴν
3053 4957 3224 5026 αὐτὴν
3269 4960 3362 5010 καὶ
3405 4958 3534 5027 μίαν
3569 4951 3864 5012 ὑπόστασιν
3901 4978 4032 5014 συν-

2458 5055 2872 5124 είσηνέγκαντο,
2909 5051 3082 5112 οὕτως
3121 5049 3241 5102 οὐδὲ
3276 5051 3337 5101 τὸ
3382 5051 3547 5120 σαρκὶ⁵
3603 5053 3764 5104 αὑτὸν
3825 5055 4032 5124 γράφε-

2460 5145 2603 5207 σθαι,
2638 5145 2771 5198 καθὺ
2799 5147 2908 5206 τοῖς
2935 5140 3243 5211 ἀνθρώποις
3269 5140 3424 5211 ὤφθη
3463 5145 3554 5194 καὶ
3587 5146 4029 5215 συνανεστράφη,

2462 5235 2586 5286 καθ’
2617 5232 2892 5287 ὁντιναοῦν
2941 5232 3141 5301 τρόπον
3189 5229 3352 5299 ὓϐριν
3388 5231 3805 5300 αιτροστρίιιιαιτο⁹
3837 5233 3868 5302 ἢ
3903 5237 4032 5303 περὶ

2463 5328 2560 5396 τὴν
2605 5326 2733 5395 μίαν
2766 5326 3061 5376 ὑπόστασιν
3093 5323 3236 5375 κατά
3288 5339 3339 5374 τι
3390 5322 3519 5389 γοῦν
3548 5323 3832 5388 διάστασις
3862 5325 4032 5394 ὀφθή-

2461 5434 2632 5470 σεται.
2677 5416 3020 5486 Ἑρῤἐτωσαν
3049 5411 3143 5467 οὖν
3165 5413 3290 5483 είκῆ
3317 5415 3690 5485 φλυαροῦντες
3717 5419 3768 5469 oi
3795 5417 3873 5488 τῷ
3891 5419 4035 5488 λόγῳ

2457 5494 2556 5578 τῆς
2591 5510 2736 5572 Θείας
2801 5508 3113 5577 οἰκονομίας
3170 5509 3578 5576 βασκαίνοντες.
3614 5511 3710 5563 καὶ
3768 5511 3866 5582 τῆς
3907 5514 4034 5566 καθ’

2458 5606 2601 5674 ἡμᾶς
2644 5602 2873 5670 εὐαγοῦς
2905 5603 3339 5672 ἀλλοτριούμενοι
3364 5603 3618 5663 πίστεως.

2401 5765 2445 5794 ³⁸
2487 5763 2668 5814 llatth.
2706 5775 2853 5822 xxiv,
2893 5754 2978 5804 3o.
