4238 6446
256 397 363 461 333

965 390 1595 453 ANTIRRHETICUS
1635 389 1694 449 Il
1733 392 1899 449 ADV.
1944 388 2539 451 CONSTANTINUM
2587 388 2782 448 COPR

3412 386 3520 452 3341

255 507 646 581 παραπληξίαν
674 508 769 562 καὶ
811 506 1034 561 ἄνοιανσ
1066 504 1192 561 οὔτε
1229 507 1338 577 γὰρ
1393 506 1430 561 ἃ.
1479 506 1653 572 λέγει,
1710 504 1832 557 οὔτε

1942 503 2210 563 aﬂirmat.
2269 505 2391 559 scit.
2452 504 2593 571 Quid
2648 517 2783 571 ergo
2840 501 3131 558 dicendum
3188 510 3274 557 est
3320 503 3521 559 ’ρωπί-

254 601 388 670 περὶ
432 593 509 654 ὧν
570 597 981 654 διαϐεϐαιοῦται
1031 599 1341 652 ἐπίσταται.
1404 597 1469 650 Τί
1521 594 1615 651 οὖν
1665 599 1839 650 εἰπεῖν

252 688 444 754 tam;
487 687 551 741 Ἦ
603 686 699 741 τοῦ
756 685 996 758 Χριστοῦ
1038 685 1225 752 εἰκὼν,
1276 685 1425 747 τινὸς
1486 684 1839 754 μνημόσυνον

252 780 437 851 φέρει,
469 780 503 851 ἢ
535 780 657 850 οὐχί
676 798 690 845 ;
740 779 937 847 Σαφῶς
971 777 1130 842 εἰδὼς
1158 780 1240 831 ὅτι
1267 776 1460 831 τοῦτον
1492 778 1624 846 ἡμῖν
1664 776 1838 846 ἐμφα-

250 873 417 937 νίζει,
465 872 677 944 μέμηνε
727 873 850 925 κατ’
910 870 1103 941 αὐτῆς.
1156 872 1252 923 καὶ
1286 869 1428 924 κατὰ
1460 868 1697 939 Χριστοῦ
1746 868 1841 922 καὶ

248 964 353 1034 τῆς
414 963 650 1035 Χριστοῦ
706 963 1076 1035 κληρονομίας
1133 963 1578 1033 ἑπιλελύττηκεν.
1620 959 1840 1031 Ἐπειδὴ

248 1056 364 1127 γὰρ
401 1056 572 1128 βαρὺς
594 1057 746 1127 αὐτῷ
783 1054 852 1128 ἦν
895 1060 987 1112 καὶ
1029 1060 1087 1111 ὲν
1134 1057 1304 1110 εἰκόνι
1353 1055 1707 1126 βλεπόμενος,
1738 1054 1840 1107 οὐκ

248 1150 453 1220 ἐνῆγεν
498 1149 665 1205 αὐτὸν
711 1151 792 1214 είς
845 1151 1158 1220 ὑπόμνησιν
1212 1148 1307 1202 τοῦ
1357 1147 1598 1219 Χριστοῦ
1655 1149 1690 1218 ἡ
1742 1145 1838 1199 τοῦ

248 1244 519 1314 ὀνόματος
564 1245 869 1315 ἐπιγραφή.
898 1244 1019 1297 Τίνι
1059 1245 1169 1315 γὰρ
1215 1243 1405 1314 τρόπῳ
1432 1241 1706 1312 ὠργίζετο
1741 1242 1839 1295 καὶ

250 1336 493 1405 ἠμύνετο
518 1354 532 1402 ;
566 1337 637 1389 Ἦ
671 1338 753 1390 ὅτι
780 1336 1016 1407 Χριστὸς
1046 1336 1217 1406 ὄνομα
1247 1335 1420 1406 ταύτῃ
1447 1335 1786 1389 ἐπιτέθειται
1817 1352 1831 1401 ;

256 1430 397 1498 Οὐχὶ
424 1430 526 1499 τὴν
576 1431 857 1498 σάρκωσιν
911 1429 1076 1483 αὐτοῦ
1111 1430 1206 1481 καὶ
1246 1430 1315 1481 τὰ
1349 1428 1522 1497 πάθη,
1573 1429 1717 1497 ειπερ
1761 1426 1837 1490 ὼς

257 1521 561 1591 ἄνθρωπος
601 1523 740 1591 ὑπὲρ
768 1522 926 1590 ἡμῶν
981 1522 1327 1584 κατεδέξατο,
1396 1522 1452 1573 αἱ
1490 1519 1838 1590 ίερογραφίαι

260 1606 429 1664 αὗται
452 1612 887 1681 ῦπαγορεύουσιν
912 1627 925 1675 ;
951 1611 1026 1664 Οὐ
1058 1612 1151 1663 τὸν
1178 1610 1408 1679 σταυρὸν
1438 1610 1532 1661 καὶ
1562 1608 1652 1661 τὸν
1683 1607 1841 1664 θάνα-

249 1720 345 1756 τον
398 1706 492 1756 καὶ
548 1704 645 1774 τὴν
708 1704 1039 1771 ἁνάστασινς
1087 1703 1148 1755 οὑ
1198 1704 1267 1755 τὰ
1317 1702 1571 1771 θαύματα
1627 1702 1722 1755 καὶ
1764 1704 1838 1756 τὰ

249 1795 537 1864 τεράστια,
570 1795 713 1867 ἅπερ
757 1795 834 1859 ὡς
879 1796 1014 1859 Θεὸς
1066 1784 1313 1866 ἔδρασεν,
1366 1797 1497 1866 ἡμῖν
1547 1793 1840 1865 διασημαί-

1944 592 2013 646 sti
2072 594 2235 657 icon,
2318 594 2577 661 inquam,
2636 592 2938 661 alieujusne
2997 594 3318 650 memoriale
3384 607 3520 660 est,

1944 698 2010 737 an
2086 686 2282 739 secus?
2342 684 2537 757 Utique
2595 687 2685 743 hic
2752 686 2921 757 probe
2995 688 3175 743 sciens
3238 688 3521 744 Chrisutm

1944 778 2097 831 nobis
2132 781 2199 834 ab
2244 779 2398 834 icone
2432 782 2822 844 demonstrari,
2901 781 3106 835 insanit
3161 782 3215 834 in
3254 781 3423 846 illam,
3470 790 3527 836 et

1942 871 2200 926 adversus
2230 871 2504 926 Christum
2533 872 2762 942 ejusque
2792 872 3169 928 haereditatem
3204 872 3354 929 furit.
3384 874 3521 941 Quia
3612 927 3614 929 ,

1942 963 2087 1017 enim
2128 965 2313 1034 gravis
2364 972 2448 1019 est
2502 964 2580 1018 illi
2634 966 2798 1020 etiam
2851 964 2903 1018 in
2966 964 3201 1035 imagine
3248 976 3525 1037 spectatus

1940 1051 2214 1117 Christus,
2251 1069 2356 1108 non
2428 1053 2636 1109 excitat
2697 1054 2745 1109 ei
2785 1053 2991 1110 Christi
3049 1057 3368 1112 memoriam
3425 1074 3525 1113 no-

1942 1148 2105 1202 minis
2149 1148 2462 1218 epigraphe.
2514 1146 2648 1202 Nam
2708 1164 2811 1203 cur
2865 1149 3122 1204 irascitur
3167 1160 3223 1205 et
3273 1152 3526 1207 resistit?

1941 1238 2078 1293 Num
2103 1240 2226 1308 quia
2256 1239 2459 1297 Christi
2484 1258 2681 1297 nomen
2709 1243 2849 1298 iconi
2876 1245 3270 1314 superponitur
3286 1246 3309 1300 τ
3327 1247 3524 1301 Nonne

1944 1331 2378 1388 incarnationem
2430 1334 2549 1407 ejus
2605 1344 2662 1391 et
2700 1337 3000 1402 cruciatus,
3027 1352 3166 1407 quos
3220 1339 3297 1392 uti
3357 1338 3523 1397 homo

1944 1426 2117 1479 nostri
2187 1427 2360 1496 gratia
2414 1427 2674 1497 pertulit,
2742 1444 2910 1484 sacra:
2977 1429 3062 1484 hae
3134 1429 3525 1500 inscriptiones

1942 1520 2233 1572 enarrant?
2267 1518 2458 1573 Nonne
2487 1536 2725 1587 crucem,
2765 1537 2975 1588 necem,
3012 1522 3523 1578 resurrectionem?

1942 1624 2124 1665 nonne
2157 1612 2418 1666 miracula
2446 1624 2497 1668 et
2527 1614 2793 1683 prodigia,
2832 1630 2953 1685 qua:
2978 1623 3162 1682 utpote
3194 1613 3339 1669 Deus
3368 1614 3520 1679 fecit,

1943 1699 2098 1753 nobis
2146 1701 2505 1770 signiﬁcant?
2537 1702 2733 1756 Verum
2774 1704 2890 1759 haec
2920 1702 3164 1759 refutare
3210 1704 3365 1758 futile
3396 1717 3520 1772 est;

1941 1802 1994 1846 et
2026 1803 2205 1847 tamen
2262 1794 2517 1859 reticere,
2550 1806 2770 1865 propter
2796 1795 2992 1852 stultos
3021 1797 3219 1852 nullius
3252 1798 3520 1854 momenti

250 1861 470 1952 νουσινς
514 1861 852 1961 ’Δλλαπρδς
906 1861 1208 1943 ταῦτακαὶ
1256 1861 1563 1956 ἀντιλέγειν
1608 1861 1833 1953 εἰκαῖον,

1942 1898 2048 1941 non
2080 1894 2185 1941 est.
2224 1885 2428 1941 Deinde
2458 1861 2607 1941 addit
2649 1861 2661 1936 ἐ

250 1979 351 2031 καὶ
392 1981 607 2051 σιωπᾷν
630 1980 719 2034 διὰ
749 1981 875 2044 τοὺς
896 1980 1158 2050 ἀνοήτους
1180 1978 1281 2033 οὐκ
1335 1979 1835 2051 εὐκαταφρόνητον.

263 2071 503 2143 Ἐφεξῆς
536 2074 593 2127 δὲ
624 2074 843 2143 ἐπάγειο

333 2182 353 2215 ι
434 2165 719 2219 Ἐκέλευσε
771 2166 885 2230 τοῖς
943 2166 1120 2235 ἁγίοις
1189 2166 1359 2221 αὑτοῦ
1420 2167 1694 2239 μαθηταῖς
1741 2166 1837 2219 καὶ

250 2257 573 2321 ἀποστόλοις
607 2258 945 2328 παραδοῦναι
983 2261 1051 2314 δι’
1085 2254 1148 2316 οὗ
1202 2260 1418 2332 ἠράσθη
1475 2262 1833 2333 πράγματος,

251 2348 426 2401 τύπον
452 2344 726 2420 εἰς’σῶμα
756 2350 926 2405 αὐτοῦ
950 2369 962 2381 ·
996 2352 1085 2406 ἴνα
1121 2353 1209 2406 διὰ
1237 2354 1337 2424 τῆς
1377 2353 1661 2423 ἱερατικῆς
1701 2354 1836 2405 ἁνα-

250 2442 461 2510 γωγῆς,
485 2442 589 2494 κᾶν
617 2444 668 2495 εί
702 2444 766 2497 ὲκ
799 2446 1036 2515 μετοχῆς
1072 2446 1167 2499 καὶ
1197 2445 1347 2498 θέσει
1374 2446 1616 2516 γίνηται,
1652 2445 1835 2498 λάϐω-

255 2549 360 2601 μεν
427 2532 559 2585 αὐτὸ
610 2533 687 2597 ὼς
736 2537 944 2607 κυρίως
993 2537 1087 2588 καὶ
1144 2536 1359 2607 ἀληθῶς
1400 2537 1559 2606 σῶμα
1593 2537 1779 2590 αὐτοῦ.
1811 2554 1830 2588 ι

255 2622 449 2689 Ὅπως
509 2626 609 2695 μὲν
652 2627 785 2697 περὶ
841 2628 936 2680 τοῦ
992 2629 1276 2699 Κυριακοῦ
1307 2628 1527 2693 ἐδόξαζε
1562 2628 1833 2697 σώματος,

254 2716 421 2779 αὑτός
462 2719 508 2770 τ’
544 2718 610 2772 ἂν
653 2718 819 2790 είδείη
870 2720 965 2773 καὶ
1022 2723 1072 2775 οί
1120 2722 1315 2792 ἐκείνῳ
1382 2721 1833 2791 μαθητευθέντες.

258 2807 454 2873 Ὅμως
483 2808 527 2861 δ’
552 2806 644 2861 οὖν
673 2811 807 2881 πρὸς
854 2812 922 2866 τὰ
960 2812 1233 2882 λεγόμενα
1265 2811 1411 2866 οὕτω
1440 2814 1604 2883 ἡμεῖς
1655 2816 1835 2867 ἁπαν-

253 2903 542 2973 τησόμεθα
569 2921 581 2933 ·
626 2904 841 2976 Ἐπειδὴ
905 2905 1069 2961 τοῦτο
1114 2908 1143 2960 ὃ
1182 2907 1286 2977 ἔφη
1345 2908 1410 2961 ἐκ
1462 2909 1698 2977 μετοχῆς
1740 2909 1837 2961 καὶ

256 2992 409 3046 θέσει
462 2994 809 3064 τελούμενον,
865 2996 964 3050 διὰ
1009 2995 1121 3066 τῆς
1171 2997 1469 3065 ἱερατικῆς
1521 2997 1837 3068 ἀναγωγῆς

255 3086 481 3153 κυρίως
508 3088 608 3139 καὶ
650 3088 889 3156 ἀληθῶς
936 3088 1042 3142 τοῦ
1092 3088 1351 3156 Χριστοῦ
1383 3088 1554 3156 σῶμα
1586 3089 1833 3158 γίνεται,

2021 2177 2038 2210 ι
2079 2158 2340 2230 Prmccpit
2382 2162 2587 2215 sanctis
2626 2160 2903 2232 discipulis
2941 2161 3056 2216 suis
3092 2170 3256 2231 atque
3289 2171 3514 2231 aposto-

1940 2251 2025 2317 lis,
2059 2263 2116 2307 ut
2170 2253 2237 2306 de
2291 2268 2458 2321 opere
2495 2254 2769 2323 praecipuo
2799 2253 3002 2308 amoris
3055 2254 3160 2319 sui,
3221 2264 3405 2326 typum
3460 2255 3514 2310 iu

1938 2360 2036 2400 suo
2086 2361 2315 2413 corpore
2361 2347 2659 2411 traderent,
2706 2356 2765 2400 ut
2825 2361 2921 2415 per
2971 2346 3315 2402 sacerdotale
3348 2348 3517 2404 mini-
3580 2367 3583 2371 ‘

1938 2439 2190 2504 sterium,
2237 2440 2448 2493 etiamsi
2509 2441 2925 2510 participatione
2959 2452 3015 2496 et
3063 2443 3359 2512 adoptione
3405 2436 3513 2509 lit,

1939 2530 2300 2598 suscipiamus
2320 2530 2492 2600 ipsum
2519 2540 2777 2601 tanquam
2807 2533 3023 2600 proprie
3049 2547 3282 2603 vereque
3317 2549 3516 2604 corpus

1938 2623 2074 2691 εᾸιι».
2120 2643 2137 2675 ι
2184 2623 2322 2690 Quid
2365 2625 2429 2679 de
2466 2624 2749 2680 Dominico
2782 2626 3002 2694 quidem
3040 2641 3269 2696 c0rpore
3319 2628 3513 2683 existi-

1939 2726 2068 2785 met,
2104 2716 2217 2783 ipse
2254 2715 2431 2768 videat
2481 2724 2538 2768 et
2586 2715 2705 2785 ejus
2742 2716 3013 2786 discipuli.
3061 2717 3317 2773 Attamen
3351 2719 3516 2775 dictis

1941 2821 2039 2859 nos
2082 2807 2155 2860 ita
2215 2820 2585 2862 occurremus.
2629 2806 3075 2878 Quandoquidem
3111 2809 3215 2865 hoc
3248 2812 3391 2877 quod
3440 2813 3518 2868 ait

1939 2899 2359 2968 participatione
2389 2909 2445 2953 ct
2474 2899 2767 2969 adoptione
2805 2898 3010 2969 perlici,
3050 2917 3144 2968 per
3184 2903 3517 2956 sacerdotale

1939 2991 2286 3043 ministerium
2310 3006 2423 3045 vere
2455 2990 2796 3060 absolutequc
2817 2991 3017 3046 Christi
3051 3009 3241 3061 corpus
3266 2995 3511 3063 efﬁcitur,

1940 3080 2111 3147 ipsius
2141 3081 2300 3134 Verbi
2334 3082 2613 3149 proprium
2644 3082 2901 3145 ;omniuo
2924 3082 3205 3139 confessus
3230 3095 3315 3139 est
3338 3086 3510 3154 ipsum

256 3178 410 3248 αὐτῷ
442 3178 519 3248 τῷ
555 3180 713 3249 Λόγῳ
745 3180 1141 3252 οἰκειούμενον,
1167 3181 1386 3245 πάντως
1426 3200 1532 3235 που
1565 3181 1831 3251 διωμολό-

1942 3171 2069 3225 illud
2098 3172 2210 3243 es
2250 3171 2440 3241 perﬁci
2492 3188 2691 3241 corpus
2738 3174 2882 3243 quod
2925 3189 2990 3228 ex
3058 3185 3248 3230 sancta
3298 3176 3516 3248 Virgine

257 3287 346 3337 γει
378 3271 575 3323 ταυτὸν
598 3270 793 3341 ἐκείνῳ
819 3272 1198 3326 ἀποτελεῖσθαι
1227 3273 1307 3343 τῷ
1341 3272 1577 3344 σώματι,
1610 3274 1747 3345 ὅπερ
1774 3274 1838 3326 ὲκ

255 3363 361 3431 τῆς
410 3363 575 3429 ἁγίας
609 3363 887 3434 Παρθένου
936 3364 1233 3433 πεφόρεκε.
1276 3366 1340 3417 Τί
1388 3365 1507 3417 ποτ’
1563 3364 1657 3418 οῦν
1718 3366 1837 3418 ἐστι

258 3454 421 3505 τοῦτο
455 3453 517 3505 τὸ
562 3453 723 3524 σῶμα
757 3454 893 3522 μετὰ
924 3455 1023 3524 τὴν
1051 3455 1334 3508 τελείωσιν
1382 3456 1476 3509 καὶ
1526 3455 1619 3509 τὸν
1675 3457 1835 3524 ἁγια-

261 3545 402 3613 σμὸν
461 3532 744 3615 γινόμενον
771 3587 785 3611 ,
842 3544 1027 3615 ζητεῖν
1072 3547 1404 3616 ἐπάναγκες.
1451 3548 1838 3618 Περιγραπτδν

260 3632 376 3704 ἆρά
430 3635 601 3699 ἐστιν,
644 3637 676 3708 ἦ
729 3636 1181 3707 ἀπερίγραπτον;
1249 3638 1688 3711 ’Δπερίγραπτον
1737 3641 1837 3710 μὲν

259 3724 357 3780 οὖν
401 3728 577 3791 οὐδεὶς
617 3726 759 3782 οὕτω
798 3729 1009 3799 φρενῶν
1052 3729 1157 3796 ἔξω
1215 3731 1309 3784 καὶ
1357 3731 1709 3796 ἀνούστατος,
1778 3732 1837 3794 ὃς

261 3820 535 3888 ὀνομάσαι
563 3821 890 3892 θαρῤήσειεν
912 3838 925 3851 ·
982 3818 1136 3892 οἶμαι
1164 3823 1222 3876 δὲ
1266 3822 1389 3893 μηδ’
1434 3825 1596 3878 αὐτὸν
1632 3825 1839 3878 ἐκεῖνόν

262 3927 396 3963 ποτε
432 3910 616 3977 φάναι.
651 3909 775 3972 Πῶς
805 3910 914 3981 γὰρ
941 3911 1004 3963 τό
1046 3927 1110 3979 γε
1139 3911 1259 3964 κατ’
1284 3911 1599 3982 ὀφθαλμοὺς
1626 3913 1838 3983 ἀνθρώ-

262 4019 382 4053 πων
426 4000 700 4070 αἰσθητῶς
766 4001 1175 4071 προτιθέμενον,
1227 4004 1320 4056 καὶ
1392 4004 1578 4074 χερσὶν
1631 4003 1842 4071 ἀνθρωο

263 4094 450 4155 πίναις
489 4093 930 4163 περιισχόμενον,
965 4095 1059 4147 καὶ
1087 4094 1318 4149 ὀδόντων
1349 4096 1481 4148 εἴσω
1511 4096 1840 4150 κατακλειό-

265 4201 449 4253 μενον,
477 4185 690 4236 ἐδεστόν
716 4201 773 4237 τε
805 4186 1125 4255 γινόμενον;
1156 4185 1343 4240 Ταῦτα
1380 4187 1487 4257 γὰρ
1521 4187 1573 4240 τί
1624 4187 1775 4251 ἄλλο,
1804 4187 1835 4257 ἢ

265 4275 645 4347 περιγραπτδν
672 4274 805 4328 αὐτὸ
831 4277 894 4328 ὲκ
926 4276 1121 4339 παντὸς
1154 4271 1294 4329 εἶναι
1323 4276 1534 4346 βεϐαιοῖ
1580 4279 1673 4329 καὶ
1706 4295 1840 4347 παρ-

265 4367 521 4436 ίστησιν;
562 4367 624 4420 Εί
655 4366 834 4419 τοίνυν
870 4369 1242 4439 περιγραπτὸν
1278 4367 1438 4425 τοῦτό
1478 4371 1615 4433 ὲστι,
1642 4370 1839 4422 ταυτὸν

260 4460 319 4512 δὲ
365 4458 562 4529 ἐκείνῳ
596 4458 673 4528 τῷ
718 4458 930 4527 σώματι
985 4459 1215 4527 γίνεται.
1262 4459 1290 4512 ὃ
1336 4461 1487 4532 παρὰ
1529 4462 1628 4532 τὴν
1662 4461 1838 4533 ἀρχὴν

1941 3268 2188 3333 sumpsit.
2230 3264 2367 3331 Quid
2409 3280 2541 3335 ergo
2573 3268 2646 3321 sit
2689 3282 2888 3336 corpus
2949 3268 3052 3322 hoc
3116 3279 3237 3337 post
3296 3284 3512 3324 sacrum

1943 3358 2306 3413 ministerium
2338 3365 2392 3411 et
2436 3358 2926 3413 sanctiticationem
2956 3360 3228 3424 ell'ectum,
3267 3370 3515 3430 quaerere

1943 3466 2167 3506 necesse
2230 3460 2338 3515 est,
2387 3452 2932 3518 circumscriptumne
2990 3451 3063 3505 sit
3114 3467 3180 3505 an
3219 3452 3511 3506 incircum-

1941 3542 2247 3611 scriptum?
2314 3541 2853 3611 lncircumscriptnm
2922 3541 3138 3611 quidem
3221 3556 3379 3597 nemo
3438 3543 3511 3596 ita

1941 3643 2123 3688 mente
2179 3634 2422 3704 dejeclus
2466 3633 2839 3702 attonitusque
2889 3634 3020 3694 erit,
3072 3634 3163 3703 qui
3230 3635 3516 3689 nominare

1942 3725 2123 3789 ausit;
2181 3738 2279 3779 nec
2342 3724 2514 3794 ipsum
2548 3724 2766 3793 quidem
2812 3723 3207 3778 Marnnnamid
3276 3741 3512 3795 unquam

1942 3820 2215 3872 dicturum
2269 3827 2418 3886 puto.
2472 3816 2571 3883 Qui
2624 3817 2767 3870 cnim
2829 3816 2936 3871 tale
2963 3831 3084 3871 esse
3117 3827 3315 3886 potest,
3365 3819 3509 3887 quod

1941 3907 2111 3961 oculis
2145 3906 2421 3960 hominum
2457 3905 2787 3959 sensibiliter
2831 3906 3139 3976 ohjectum,
3169 3915 3223 3960 et
3258 3907 3510 3963 humanis

1942 4002 2189 4054 Ittauilttls
2238 4009 2567 4067 porrectum,
2615 4007 2671 4052 et
2722 3998 2866 4052 intra
2924 4000 3115 4053 dentes
3169 3997 3510 4063 conclusum,

1940 4100 1990 4144 et
2022 4090 2179 4142 edule
2211 4089 2411 4144 factum
2436 4089 2555 4143 est?
2579 4087 2724 4151 Hrec.
2748 4089 2993 4160 inquam,
3026 4088 3152 4158 quid
3183 4088 3328 4143 aliud
3349 4105 3516 4158 quam

1945 4185 2113 4252 ipsum
2144 4197 2264 4237 esse
2295 4183 2768 4253 circumscriptum
2801 4183 3024 4237 omnino
3047 4180 3321 4237 aliirmant
3351 4193 3517 4251 atque

1941 4276 2274 4330 ostendunt?
2307 4276 2363 4331 Si
2409 4291 2541 4344 ergo
2565 4278 2667 4330 hoc
2695 4275 3167 4344 circumscriptum
3209 4285 3314 4341 est,
3354 4276 3518 4330 idem-

1942 4379 2046 4433 que
2077 4372 2160 4418 est
2191 4364 2258 4417 ad
2314 4364 2442 4418 illud
2493 4364 2635 4432 quod
2696 4364 2852 4418 initio
2905 4366 3244 4418 lucarnatum
3283 4364 3514 4420 Verbum

1943 4454 2255 4523 assumpsit,
2307 4454 2563 4524 quoniam
2617 4462 2671 4508 et
2718 4455 2784 4508 ad
2840 4454 2970 4507 illud
3019 4455 3275 4522 refertur,
3329 4456 3519 4525 utique

263 4549 640 4618 σαρκούμενος
687 4550 716 4601 ό
764 4548 937 4615 Λόγος
999 4549 1387 4620 προσείληφεν,
1432 4552 1555 4605 ἐπεὶ
1612 4556 1707 4605 καὶ
1751 4554 1838 4604 ἐπ’

1944 4548 2075 4600 illud
2109 4562 2325 4616 quoque
2349 4547 2825 4617 circumscriptum
2859 4546 2998 4613 fuit;
3036 4557 3091 4603 et
3122 4563 3517 4620 usquequaque

262 4640 402 4692 αὐτὸ
432 4638 535 4709 τὴν
554 4639 833 4710 ἀναφορὰν
869 4639 1005 4709 ἔχει,
1035 4642 1417 4710 περιγραπτὸν
1446 4643 1554 4712 ἄρα
1587 4645 1835 4697 κάκείνω

263 4733 360 4783 καὶ
416 4731 699 4785 ἁλίσκεται
756 4733 899 4786 κατὰ
937 4734 1114 4787 πάντα
1164 4734 1342 4803 ἑαυτῴ
1404 4736 1838 4806 ἐναντιούμενος.

268 4822 343 4873 Ἠ
377 4822 488 4891 γὰρ
518 4823 615 4874 καὶ
646 4820 805 4875 τοῦτο
831 4823 1242 4894 ἀπερίγραπτον
1286 4824 1530 4888 δοξάζειν
1572 4826 1698 4888 ἔδει,
1757 4826 1844 4879 ἵνα

266 4917 347 4983 μὴ
381 4913 547 4985 μόνον
575 4913 643 4967 τὰ
670 4915 769 4984 τῆς
794 4916 1051 4978 ἀπιστίας
1090 4918 1183 4969 καὶ
1220 4916 1407 4980 ἁθεῖας
1441 4917 1607 4971 αὑτοῦ
1661 4918 1843 4971 τέλεον

262 5006 606 5075 δεικνύηται,
658 5006 793 5059 ἀλλὰ
823 5008 917 5061 καὶ
968 5008 1141 5076 γέλως
1185 5009 1279 5061 καὶ
1318 5008 1482 5079 λῆρος
1522 5011 1589 5062 τὰ
1635 5010 1842 5063 ἐκείνου

264 5100 403 5152 πᾶσι
425 5097 710 5166 νομισθείη
741 5101 1087 5169 φρονήματα,
1121 5100 1397 5171 ἦκάκεῖνο
1435 5102 1650 5165 πάντως
1690 5119 1839 5173 περι·

264 5187 539 5256 γραπτόν.
1672 5207 1679 5213 ⁸

338 5284 409 5347 γ’.
450 5279 560 5331 Καὶ
583 5277 757 5331 ταῦτα
790 5279 889 5348 μὲν
906 5279 1048 5333 οὕτω
1089 5279 1363 5349 δεδείχθω.
1400 5281 1465 5333 Τί
1494 5280 1549 5333 δὲ
1573 5280 1723 5351 αὐτῷ
1749 5283 1845 5336 καὶ

263 5370 459 5438 ἓτερον
509 5370 618 5423 τῶν
674 5370 893 5424 ἀτόπων
951 5370 1201 5424 ἐντεῦθεν
1257 5373 1491 5443 ὑπήντα.
1552 5374 1845 5428 Βεὸίασται

264 5465 395 5518 ὅσον
436 5466 501 5516 ἐκ
538 5464 647 5516 τῶν
690 5465 908 5517 οἰκείων
954 5464 1150 5532 λόγων,
1204 5464 1236 5535 ἢ
1292 5464 1845 5536 συμπεριγράφεσθαι

264 5555 360 5607 τὸν
393 5553 541 5607 θεῖον
584 5554 755 5621 Λόγον
804 5554 980 5625 τούτῳ
1033 5555 1113 5625 τῷ
1174 5557 1239 5608 ὲκ
1293 5556 1526 5626 μετοχῆς
1576 5555 1848 5627 γινομένῳ

267 5644 490 5715 σώματι
514 5644 718 5713 λέγειν,
757 5646 789 5717 ῆ
821 5646 1114 5718 διῃρῆσθαι
1143 5648 1239 5700 ἀπ’
1266 5646 1433 5699 αὑτοῦ
1459 5647 1547 5701 διὰ
1575 5647 1676 5717 τὴν
1720 5647 1847 5718 μίαν

269 5739 605 5791 ὑπόστασιν
646 5736 786 5790 ὥστε
814 5742 934 5801 ταῖς
963 5738 1244 5808 ἀληθείαις
1273 5740 1392 5809 μηδ’
1416 5739 1667 5793 ὁπωσοῦν
1698 5739 1848 5809 αὐτῷ

269 5829 487 5884 ἐκεῖθεν
520 5828 796 5900 ἁγιασμοῦ
834 5833 1078 5901 μετεῖναι
1105 5831 1197 5883 καὶ
1228 5831 1469 5901 χάριτος.
1507 5832 1571 5884 Τί
1616 5832 1671 5884 δὲ
1699 5831 1847 5902 αὑτῷ

1945 4639 2045 4691 sibi
2097 4638 2409 4692 contrarius
2461 4638 2739 4694 Mamonas
2794 4641 3238 4708 deprehenditur.
3278 4640 3375 4697 Vel
3414 4643 3549 4713 hoc,

1947 4729 2075 4782 item
2130 4728 2666 4799 incircumscriptnm
2724 4733 3079 4801 reputandum
3127 4743 3245 4801 est;
3293 4744 3349 4789 et
3394 4743 3507 4789 tum

1944 4819 2204 4873 ﬂammise
2223 4835 2328 4874 non
2365 4820 2540 4874 solum
2569 4822 2924 4877 incredulitas
2945 4834 3109 4890 atque
3138 4824 3540 4895 irreligiositas'

1945 4911 2187 4981 apprime
2221 4912 2526 4980 apparebit,
2560 4926 2748 4966 verum
2784 4913 2951 4968 etiam
2990 4915 3235 4987 risuiac
3281 4914 3518 4972 ludibrio

1946 5004 2155 5058 cunctis
2184 5012 2343 5057 erunt
2376 5002 2493 5071 ejus
2535 5006 2818 5076 Opiniones
2852 5024 2866 5061 :
2900 5008 2983 5063 vel
3015 5019 3167 5062 certe
3207 5008 3333 5063 illud
3364 5024 3519 5080 :eque

1947 5095 2419 5161 circumscriptum
2450 5095 2573 5151 fuit.
3130 5083 3133 5087 “

2018 5282 2070 5336 5.
2108 5282 2282 5350 Atque
2304 5282 2420 5337 haec
2456 5284 2524 5336 ita
2550 5284 2915 5337 demonstrata
2945 5293 3127 5340 sunto.
3154 5284 3259 5340 Sed
3289 5296 3346 5341 et
3373 5286 3519 5341 aliud

1948 5376 2241 5429 absurdum
2280 5375 2407 5428 hinc
2441 5376 2487 5429 ei
2514 5376 2752 5429 obvenit.
2780 5375 3002 5444 Cogitur
3030 5378 3308 5445 nimirum,
3344 5395 3521 5447 quan-

1951 5478 2061 5520 tum
2097 5466 2214 5534 ejus
2254 5467 2417 5520 verba
2459 5466 2662 5531 valent,
2700 5477 2793 5521 aut
2836 5468 2997 5522 simul
3036 5472 3518 5541 circumscriptum

1948 5556 2131 5611 dicere
2162 5558 2403 5611 divinum
2441 5556 2675 5613 Verbum
2713 5574 2837 5615 cum
2871 5561 2972 5616 hoc
2997 5575 3063 5617 ex
3096 5562 3520 5632 participatione

1950 5651 2093 5704 facto
2124 5665 2375 5720 corpore,
2410 5651 2496 5703 vel
2524 5651 2590 5705 ab
2619 5651 2708 5705 illo
2736 5661 2960 5723 propter
3003 5668 3165 5708 unam
3214 5654 3520 5727 hypotasim

1949 5741 2189 5794 dividere
2218 5757 2233 5806 ;
2276 5744 2346 5794 ita
2376 5752 2434 5795 ut
2466 5756 2659 5812 reapse
2711 5743 2845 5797 nihil
2877 5758 3107 5815 prorsus
3162 5746 3265 5800 hoc
3297 5746 3525 5815 partici-

1952 5842 2039 5898 pet
2068 5832 2521 5888 sanctiﬁcationis
2546 5841 2599 5888 ct
2646 5835 2854 5903 gratiae.
2908 5832 3046 5901 Quid
3089 5848 3252 5906 porro
3290 5834 3340 5891 ei
3380 5835 3527 5890 acci-
