4238 6446
278 372 383 437 341

994 391 1625 461 ANTIRRHETICUS
1673 403 1733 462 II
1783 407 1952 469 ADV.
1996 409 2593 474 CONSTANTINUM
2631 414 2841 475 COPR.

3433 421 3548 487 342

280 486 519 597 σςιιὲνων]
556 493 613 543 ττι
642 491 837 561 ψεῦδος
884 496 1141 571 ἐλεγχθῇ,
1175 504 1209 573 ἦ
1246 518 1315 557 τε·
1339 508 1650 579 ὑπόκρισις.
1704 518 1800 570 καὶ
1828 521 1857 573 ὁ
1885 526 1929 580 Α

1885 526 1929 580 Α
1962 519 2180 588 ignaros
2224 523 2399 577 illusio
2424 526 2810 580 innotesceret.
2837 524 2975 591 Quid
3005 536 3188 580 autem
3215 538 3293 582 est
3317 532 3456 597 quod
3477 534 3543 587 de

273 574 448 639 δολος,
504 584 596 634 καὶ
642 587 670 637 ὁ
710 587 843 657 πρδς
902 590 1030 654 τοὺς
1083 594 1410 662 ἀγνοοῦντας
1466 574 1853 676 (ραινακισμὸς,

275 672 585 762 κατάδηλος
629 677 881 748 γένηται.
917 683 981 735 Τί
1020 684 1077 739 δὲ
1112 686 1176 759 δὴ
1220 689 1381 744 τοῦτό
1432 696 1602 762 ἐστιν,
1652 672 1857 757 anisi

273 761 459 829 λέγειν
495 766 623 836 περί
668 784 729 835 γε
781 770 889 822 τῶν
922 773 1100 828 ἀλλων
1149 780 1379 835 εἰκόνων
1431 783 1716 857 βούλοιτο;
1759 795 1855 847 καὶ

270 855 451 954 ὁποῖοι
482 858 567 927 δὴ,
599 860 694 925 οὒς
744 865 1012 933 προάγειν
1061 868 1237 924 ἐθέλοι
1286 876 1559 945 σκοπούς;
1601 855 1721 936 Ὀτι
1757 886 1855 954 μὲν

270 942 416 1001 εἶπαι
470 952 672 1023 πολλὴν
705 958 1094 1029 τερατολογίαν
1128 965 1221 1018 καὶ
1263 942 1554 1039 φλυαρίαν
1586 976 1728 1029 κατά
1756 942 1855 1049 τῆς

267 1040 367 1094 τοῦ
413 1044 551 1098 Θεοῦ
584 1047 761 1116 Λόγου
793 1052 1264 1127 ἐνανθρωπήσεως
1291 1061 1584 1131 ἐξυφὰνας,
1629 1068 1720 1121 ἐπὶ
1754 1040 1852 1142 τήν

269 1139 565 1233 παροινίαν
605 1142 703 1213 τὴν
730 1146 809 1210 είς
838 1148 905 1201 τά
931 1150 1041 1203 τῶν
1088 1152 1263 1219 ἁγίων
1313 1157 1434 1227 ίερά
1484 1139 1852 1233 ὑπομνήματα

197 1228 204 1233 ’
268 1228 647 1301 παρώρμηται
694 1235 992 1303 δυσσεϐῶς,
1049 1244 1213 1296 παντί
1246 1262 1320 1315 τῳ
1355 1250 1556 1317 σαφές·
1594 1228 1719 1307 *καί*
1746 1255 1852 1325 πρὸ

265 1321 481 1376 τούτων
528 1342 613 1394 γε,
649 1329 740 1381 ἐπὶ
788 1330 857 1384 τά
902 1332 1000 1402 τῆς
1046 1338 1361 1409 πρωτίστης
1390 1341 1497 1394 τῶν
1533 1344 1722 1411 ἁγίων,
1757 1321 1851 1401 καὶ

268 1413 497 1467 πάντων
544 1417 652 1469 τῶν
685 1420 744 1471 ἐν
766 1424 830 1491 τῇ
867 1424 1046 1477 κτίσει
1076 1428 1376 1484 τελούντων
1407 1432 1721 1507 ὑπερτάτης
1749 1438 1849 1508 τῆς

264 1507 545 1573 παναγίας
568 1510 869 1582 Δεσποίνης
895 1517 927 1584 ἡ
938 1517 1056 1585 μῶν
1084 1518 1446 1593 Θεομήτορος,
1485 1526 1572 1579 ἵνα
1606 1530 1698 1583 καὶ
1748 1532 1847 1585 αύ-

263 1595 367 1664 τὴν
390 1597 469 1667 τῷ
493 1599 741 1668 τεχθέντι
768 1608 1210 1683 συγκαθυϐρίσῃ.

337 1687 499 1750 Τίνες
531 1690 586 1743 δὲ
616 1693 666 1744 οί
696 1698 892 1749 σκοποὶ
915 1700 1014 1769 τῆς
1046 1700 1373 1773 θεοστυγοῦς
1422 1709 1515 1761 καὶ
1551 1711 1711 1765 ἀθέου
1744 1712 1845 1781 ψυ-

260 1776 369 1846 xit:
419 1781 655 1853 ἐκείνης,
694 1788 895 1842 εἰδέναι
927 1792 1126 1845 καλόν·
1167 1797 1241 1865 μὴ
1288 1800 1396 1872 γὰρ
1442 1801 1506 1873 δὴ
1566 1776 1843 1858 κάνταῦθα

261 1871 324 1965 τὸ
354 1872 644 1943 ἁγραπτον
672 1882 767 1933 καὶ
801 1883 1222 1957 ἀπερίγραπτον
1253 1871 1595 1962 προάγεσθαι
1640 1897 1842 1965 ἔδοξεν,

260 1964 294 2035 ἦ
331 1965 396 2057 τὸ
427 1968 647 2023 διπλοῦν
675 1975 801 2038 τοὺς
827 1978 1039 2045 ἁγίους,
1082 1983 1147 2035 ἐκ
1189 1984 1442 2057 θεότητος
1473 1989 1713 2044 ὑποστὰν
1747 1995 1843 2047 καὶ

258 2056 726 2131 ἀνθρωπιὴητοςη
761 2068 831 2120 Ἦ
863 2071 1005 2140 τάχα
1059 2090 1160 2126 που
1217 2077 1559 2145 ἐννενόηκεν,
1612 2082 1749 2155 ὅπερ
1794 2086 1843 2137 οἰ

258 2150 507 2219 χρῶντες
555 2158 650 2207 καὶ
698 2159 925 2226 ἄγοντες
969 2165 1363 2235 ἐμπνεύσειαν,
1393 2170 1468 2235 ὡς
1499 2172 1563 2242 δὴ
1597 2177 1690 2229 καὶ
1734 2175 1843 2230 τῶν

261 2240 439 2304 ἁγίων
474 2244 709 2337 ἑκάστου
744 2248 909 2320 διπλῆ
937 2270 1020 2317 τις
1046 2257 1076 2325 ὴ
1109 2257 1429 2325 ὑπόστασις,
1460 2265 1522 2317 ἐκ
1543 2240 1722 2337 ψυχῆς
1751 2268 1843 2321 καὶ

262 2330 520 2397 σώματος
547 2329 681 2388 οὖσα
726 2338 1026 2410 ἐτύγχανες
1068 2348 1163 2399 καὶ
1214 2348 1398 2403 εῐποτε
1443 2357 1839 2425 γραφήσονται,

260 2423 359 2473 καὶ
389 2426 421 2493 ή
454 2424 600 2497 ψυχὴ
656 2436 1108 2505 συγγραφήσεται
1164 2442 1259 2493 καὶ
1306 2447 1841 2519 συνεικονισθήσεται

258 2512 320 2609 ἐξ
377 2517 657 2609 ἀνάγκης·
713 2522 745 2591 ἢ
798 2525 1072 2597 διεστήξει
1126 2534 1221 2585 τοῦ
1280 2534 1537 2606 σώματος
1589 2542 1621 2609 ἡ
1671 2512 1840 2595 πάλαι

257 2605 659 2703 ἀπηλλαγμένη
712 2616 807 2669 τοῦ
861 2619 1138 2690 σώματος.
1187 2626 1297 2679 Καὶ
1345 2605 1425 2691 οἷς
1479 2605 1840 2703 ληρῲδήμασι

254 2700 354 2751 καὶ
394 2699 679 2772 πλάσμασι
727 2710 861 2780 περὶ
890 2712 989 2780 τῆς
1037 2716 1178 2769 κατά
1210 2719 1445 2789 Χριστὸν
1492 2723 1843 2791 ὑποστάσεως

256 2790 556 2881 ἐχρήσατο,
608 2797 703 2848 καὶ
751 2798 844 2852 ἐπὶ
893 2801 1005 2854 τῶν
1044 2806 1217 2871 ἁγίων
1276 2810 1648 2881 κενολογήσει.
1696 2790 1838 2869 Ἀλλί

253 2880 385 2934 ὅσον
414 2884 475 2947 ἐξ
500 2878 576 2937 ὦν
605 2887 752 2953 ἔλεξέ
787 2908 848 2944 τε
899 2896 993 2947 καὶ
1025 2895 1254 2967 ἔδρασεν
1280 2901 1659 2969 ἐπαισθέσθαι,
1713 2909 1837 2971 τοὺς,

255 2976 500 3039 σκοποὺς
573 2979 818 3046 ἐκείνους
886 2985 1349 3053 διαγινώσκεσθαι
1421 2993 1481 3044 οὑ
1554 2994 1836 3065 δυσχερές.

266 3067 490 3139 Ἐπειδὴ
526 3071 635 3142 γάρ
681 3075 836 3129 οὐδέν
888 3078 1005 3132 ἐστι
1037 3081 1248 3149 φαῦλον
1287 3085 1378 3138 καὶ
1404 3086 1667 3151 δυσσεϐὲς
1708 3088 1735 3140 ὃ
1764 3092 1837 3160 μὴ

252 3160 401 3211 κατὰ
440 3162 540 3231 τῆς
582 3163 733 3229 θείας
766 3166 920 3236 δόξης
964 3174 1059 3224 καὶ
1088 3174 1198 3225 τῶν
1253 3176 1428 3242 ἁγίων
1467 3180 1831 3251 μεμελέτηκε,

250 3253 351 3304 καὶ
375 3254 530 3305 οὐδὲν
556 3258 909 3330 ἀνοσιουργὸν
940 3264 1032 3316 καὶ
1062 3266 1414 3321 ἀτοπώτατον
1458 3271 1485 3323 ὃ
1517 3271 1592 3342 μὴ
1625 3274 1682 3323 ἐν
1715 3274 1837 3326 τού-

247 3360 367 3406 τοις
388 3348 793 3417 κατεπράξατο,
814 3353 965 3406 οὑδὲν
985 3357 1379 3411 ἀκαταιτίατον
1395 3362 1487 3413 καὶ
1511 3362 1837 3434 ἀδιάϐλητον

246 3436 341 3487 ἐπὶ
379 3437 487 3489 τῶν
519 3440 613 3508 τῆς
652 3442 890 3505 πίστεως
920 3446 1078 3512 ἡμῶν
1126 3448 1227 3517 τῆς
1263 3449 1540 3515 ἀπλανοῦς
1598 3454 1834 3507 καταλέ-

247 3530 430 3593 λοιπε,
458 3531 547 3583 διὰ
581 3533 740 3587 τοῦτο
770 3538 988 3605 πρῶτον
1019 3539 1117 3608 μὲν
1145 3542 1494 3614 ἀποκηρῦξαι
1525 3546 1699 3618 τολμᾷ
1733 3547 1834 3619 τὴν

247 3625 542 3690 Θεοτόκος
585 3628 768 3699 φωνὴν
810 3631 902 3682 καὶ
934 3632 1170 3701 πάμπαν
1204 3638 1269 3688 ἐκ
1301 3637 1401 3706 τῆς
1424 3638 1530 3691 τῶν
1566 3640 1831 3711 Χριστια-

245 3716 353 3766 νςῦν
383 3716 638 3789 γλώσσης
672 3724 965 3790 περιελεῖν.
1011 3727 1120 3779 Καὶ
1170 3728 1277 3798 γὰρ
1307 3729 1505 3799 ἤχθετο
1559 3732 1679 3786 λίαν
1736 3735 1832 3789 καὶ

243 3807 551 3872 ἠγανάκτει
579 3814 673 3864 ἐπὶ
699 3817 765 3883 τῇ
802 3815 895 3868 τοῦ
931 3817 1198 3887 ὀνόματος
1235 3822 1546 3891 ἐπικλήσει,
1580 3826 1718 3897 ὅπερ
1762 3822 1832 3897 ἦν

243 3898 603 3965 Χριστιανοῐς
640 3903 894 3975 σύνηθες,
927 3909 1011 3975 ἐφ’
1134 3912 1230 3963 καὶ
1284 3913 1571 3979 Ἰουδαίους
1614 3917 1831 3986 ὁρῶμεν

244 3992 331 4042 ἀεὶ
362 3991 837 4063 δυσχερλίνοντας.
881 4000 1115 4053 Ἔπειτα
1144 4005 1568 4075 παραχαράσσει
1600 4008 1693 4060 καὶ
1727 4027 1830 4061 πα-

246 4086 562 4151 ραποιεῐται
608 4086 712 4139 ὅσα
751 4090 843 4140 ἐπὶ
878 4091 955 4159 τῷ
989 4092 1217 4162 ὀνόματι
1255 4097 1428 4165 αὑτῆς
1464 4099 1828 4171 ἐπεκέκλητο,

242 4176 341 4226 καὶ
380 4175 437 4226 ἐν
474 4176 646 4240 λιταῖς
675 4179 813 4249 πρὸς
842 4182 936 4233 τὸν
970 4184 1234 4253 τεχθέντα
1283 4187 1340 4253 ἐξ
1379 4190 1549 4259 αὐτῆς
1582 4193 1675 4244 καὶ
1706 4194 1830 4265 δεήο

244 4283 398 4319 σεσιν
429 4269 487 4321 ἐν
516 4267 753 4339 ᾅσμασιν
782 4272 868 4326 ἀεὶ
896 4274 1211 4342 ἁνεφὼνουν
1238 4278 1377 4349 ὑπὲρ
1407 4280 1505 4350 τῆς
1528 4282 1622 4335 τοῦ
1648 4285 1826 4338 κοινοῦ

247 4359 450 4421 παντὸς
480 4362 755 4432 σωτηρίας
784 4365 833 4416 oi
865 4364 1132 4436 δεόμενοι.
1183 4370 1334 4422 Ἐπεὶ
1357 4372 1732 4444 ὁμολογοῦμέν
1766 4394 1826 4431 τε

241 4452 340 4502 καὶ
393 4453 766 4524 κηρύσσομεν,
815 4460 1097 4526 μεσιτείαν
1130 4462 1302 4534 αὑτὴν
1354 4466 1447 4517 καὶ
1487 4469 1827 4539 προστασίαν

1959 612 2172 666 caeteris
2217 614 2537 683 imaginibus
2603 616 2784 670 dicere
2850 617 3051 672 vellet?
3114 634 3322 689 quasve
3361 634 3542 677 mente

1959 703 2178 757 molitur
2224 706 2697 761 machinationes?
2745 706 3012 761 Nimirum
3074 718 3362 779 postquam
3417 726 3540 779 por-

1960 802 2102 848 tenta
2126 795 2289 849 multa
2324 797 2663 867 ineptiasque
2700 801 2964 855 adversus
2996 801 3092 856 Dei
3132 800 3293 857 Verbi
3355 805 3536 858 incar-

1957 888 2230 941 nationem
2282 890 2641 954 conitexneril,
2696 891 2762 945 ad
2810 894 3090 948 vesaniam
3142 909 3293 948 suam
3343 905 3535 949 contra

1955 990 2260 1033 sanctorum
2286 982 2448 1035 etiam
2500 994 2849 1037 monumenta
2893 986 3057 1056 impie
3101 989 3526 1056 expromendam

1955 1070 2333 1136 decursurum,
2373 1074 2475 1143 71
2509 1074 2722 1129 cunctis
2759 1083 2842 1129 est
2890 1078 3233 1145 exploratum
3292 1092 3309 1132 :
3369 1088 3533 1143 atque

1954 1163 2007 1217 in
2043 1164 2229 1232 primis
2258 1166 2518 1221 adversus
2553 1178 2868 1221 sanctorum
2902 1170 3234 1239 praecipuam
3271 1178 3325 1223 et
3374 1185 3525 1224 crea-

1956 1267 2199 1309 turarum
2226 1257 2468 1312 omnium
2498 1260 2945 1315 sublimissimam
2978 1262 3258 1316 Dominam
3282 1271 3530 1320 nostram

1952 1348 2348 1402 sanctissimmn
2410 1348 2499 1404 Dei
2546 1351 2769 1407 Matrem
2811 1352 2949 1422 (80),
3002 1363 3060 1406 ut
3113 1362 3166 1408 et
3200 1354 3374 1423 ipsam
3404 1370 3530 1410 cum

1952 1438 2088 1493 FliiO
2117 1457 2213 1495 suo
2241 1442 2588 1499 contumeliis
2621 1448 2881 1515 exagitet.

2019 1722 2274 1787 Quasnam
2304 1738 2432 1776 vero
2462 1722 2569 1777 Deo
2593 1724 2810 1779 odihilis
2839 1726 3123 1795 athezeque
3150 1725 3297 1780 illius
3332 1726 3529 1780 animm

1948 1817 2171 1869 consilia
2195 1817 2326 1881 sint,
2354 1832 2532 1886 operze
2574 1820 2804 1887 pretium
2835 1830 2919 1875 est
2954 1836 3285 1892 cognoscere
3325 1838 3337 1874 :
3396 1837 3527 1874 num

1948 1907 2155 1961 scilicet
2198 1909 2289 1961 hic
2316 1923 2531 1979 quoque
2574 1910 2965 1979 indescriptum
2995 1922 3050 1967 et
3098 1914 3515 1968 incircumscriv

1947 2010 2095 2069 ptum
2115 2014 2377 2069 oggerere
2404 2002 2565 2069 velit;
2598 2002 2681 2056 vel
2700 2014 3013 2057 sanctorum
3043 2006 3527 2075 duplicitatem,ex

1947 2093 2146 2146 deitate
2174 2092 2425 2145 nimirum
2448 2103 2502 2146 et
2528 2095 2902 2149 immanitate?
2930 2096 3021 2150 Vel
3058 2096 3289 2150 fortasse
3330 2111 3517 2152 mente

1949 2183 2212 2245 revolvat,
2246 2185 2388 2252 quod
2422 2184 2538 2252 ejus
2574 2182 2873 2239 familiares
2922 2201 2984 2239 ac
3034 2186 3205 2242 duces
3238 2189 3283 2241 ei
3320 2186 3523 2251 amant,

1947 2292 2139 2346 nempe
2187 2286 2498 2331 sanctorum
2538 2293 2752 2346 quoque
2789 2277 3061 2346 duplicent
3106 2294 3229 2334 esse
3268 2282 3524 2335 substan-

1946 2366 2098 2430 lium,
2128 2382 2190 2419 ex
2223 2365 2402 2418 anima
2428 2375 2481 2419 et
2503 2381 2766 2432 corpore;
2801 2383 2908 2435 quo
2943 2368 3002 2420 tit
3025 2409 3039 2433 ,
3091 2378 3149 2422 ut
3206 2369 3253 2423 si
3303 2370 3355 2423 hi
3396 2373 3517 2437 pin-

1944 2469 2159 2529 gantur,
2195 2457 2373 2511 anima
2402 2472 2616 2527 quoque
2651 2474 2769 2513 cum
2807 2460 2873 2513 iis
2893 2462 3204 2515 necessario
3250 2462 3521 2533 pingendi

1943 2554 2011 2607 sit
2039 2563 2092 2605 et
2110 2551 2409 2621 liguranda,
2451 2550 2532 2603 vel
2561 2560 2709 2605 certe
2741 2551 2826 2604 illa
2852 2567 2879 2604 a
2909 2568 3139 2620 corpore
3169 2554 3239 2608 sit
3265 2553 3524 2607 obfutura

1943 2656 2061 2709 qua:
2091 2640 2293 2707 jamdiu
2324 2654 2387 2692 ex
2422 2641 2607 2692 eodem
2654 2642 2911 2693 excessit.
2976 2642 3150 2707 Atque
3208 2641 3277 2695 ita
3320 2642 3518 2710 quibus

1945 2732 2158 2801 ineptiis
2188 2731 2488 2800 l'abuiisque
2512 2733 2657 2785 circa
2688 2730 2891 2786 Christi
2933 2734 3268 2802 hypustasim
3314 2733 3517 2789 abusus

1941 2833 2041 2888 est,
2085 2824 2303 2877 easdem
2334 2825 2475 2877 circa
2503 2834 2721 2876 sanctos
2746 2838 2960 2892 quoque
2990 2840 3123 2880 vane
3153 2824 3381 2880 etTutiet.
3411 2824 3523 2882 Sed

1942 2926 2201 2983 quantum
2227 2931 2289 2970 ex
2330 2916 2396 2970 iis
2425 2930 2545 2984 quae
2572 2915 2711 2969 dixit
2741 2916 2960 2985 egitque
3000 2916 3364 2985 portenditur,
3401 2931 3520 2969 mo-

1943 3004 2156 3057 litiones
2182 3004 2297 3071 ejus
2324 3018 2652 3075 cognoscere
2694 3020 2797 3058 non
2834 3019 2915 3060 est
2946 3008 3197 3063 arduum.
3227 3005 3361 3059 Nam
3392 3008 3519 3075 quia

1943 3096 2178 3150 nihilost
2217 3112 2441 3165 pravum
2485 3112 2547 3151 ac
2582 3098 2843 3166 impium,
2883 3099 3023 3167 quod
3082 3099 3345 3153 adversus
3377 3100 3515 3151 divi-

1944 3205 2068 3242 nam
2100 3190 2433 3257 majestutem
2479 3200 2807 3258 sanctosque
2858 3207 2965 3245 non
3003 3192 3075 3245 sit
3128 3192 3515 3257 machinatus;

1941 3280 2385 3334 nihilscelestum
2421 3292 2474 3335 et
2524 3282 2802 3353 indignum
2837 3283 2980 3352 quod
3031 3284 3133 3338 hoc
3189 3284 3241 3335 iu
3301 3288 3520 3352 negotio

1939 3386 2044 3425 non
2076 3375 2503 3441 perpetraverit;
2532 3388 2767 3444 cumque
2797 3375 2931 3429 nihil
2979 3376 3098 3431 sine
3126 3376 3395 3442 vituperio
3453 3392 3519 3431 ae

1938 3464 2359 3531 reprehensione
2403 3466 2452 3517 in
2482 3465 2693 3519 sincera
2720 3476 2901 3520 nostra
2937 3466 3040 3522 [ide
3074 3468 3393 3538 reliquerit,
3429 3468 3507 3521 id~

1936 3554 2083 3610 circo
2128 3555 2361 3624 primum
2407 3556 2622 3625 quidem
2673 3558 2927 3613 abdicare
2980 3561 3143 3613 audet
3188 3559 3511 3614 vocabulum

1937 3647 2188 3717 Deipara,
2224 3659 2390 3717 atque
2436 3650 2658 3703 omnino
2709 3665 2773 3705 ex
2816 3652 3256 3706 Christianorum
3314 3651 3514 3719 linguis

1934 3750 2209 3795 excutere.
2246 3740 2379 3795 Nam
2406 3743 2559 3797 valde
2602 3743 2859 3797 irascitur
2895 3758 2956 3797 ac
3011 3746 3392 3799 stumachatur
3448 3745 3517 3799 ad

1935 3831 2091 3897 hujus
2110 3833 2345 3886 nominis
2376 3835 2794 3897 invocationem,
2827 3835 2968 3903 quod
3010 3845 3187 3889 tamen
3240 3835 3514 3889 Christia-

1934 3927 2018 3978 nis
2043 3936 2122 3977 est
2151 3923 2436 3987 faiiiiliare,
2478 3935 2531 3977 et
2566 3926 2630 3978 de
2664 3940 2771 3995 quo
2806 3924 3019 3981 Juilteos
3051 3927 3395 3997 indignantes
3438 3928 3517 3980 vi—

1933 4015 2142 4069 demus.
2204 4014 2404 4068 Dcinde
2440 4015 2582 4069 delet
2637 4025 2691 4070 et
2735 4018 2919 4072 abolet
2958 4034 3299 4087 quzecunque
3333 4020 3385 4073 in
3416 4037 3515 4072 no-

1934 4107 2075 4160 mine
2098 4106 2216 4173 ejus
2263 4105 2652 4171 implorantur,
2691 4123 2916 4176 qmcque
2955 4110 3005 4163 in
3051 4108 3258 4163 litaniis
3295 4110 3360 4162 ad
3396 4111 3517 4179 ejus

1932 4188 2146 4255 Filium,
2186 4192 2549 4260 precibusque
2609 4202 2663 4247 et
2717 4196 2947 4250 canticis
3001 4197 3216 4252 assidue
3275 4198 3515 4253 clamant

1930 4297 2028 4351 pro
2061 4282 2334 4336 communi
2384 4284 2560 4337 salute
2599 4285 2633 4337 ii
2684 4287 2773 4354 qui
2823 4298 3004 4341 orant.
3055 4288 3509 4360 Quandoquidem

1930 4374 2250 4443 profitemur
2279 4382 2333 4429 et
2379 4374 2744 4443 praedicamus
2805 4379 3177 4434 mediatricem
3231 4398 3351 4437 eam
3390 4398 3512 4437 esse

1932 4463 2272 4533 validumque
2307 4465 2444 4535 apud
2499 4465 2691 4519 Filium
2738 4473 3138 4538 patronam,ob
3193 4488 3346 4529 suam
3400 4490 3512 4528 ma-

239 4544 463 4614 ἀσςαλῆ
516 4547 652 4617 πρὸς
713 4550 875 4603 αὑτὸν
929 4554 1253 4624 κεκτῆσθαι,
1321 4557 1386 4610 δι’
1426 4560 1493 4629 ἣν
1553 4563 1828 4633 μητρικὴν
1862 4565 1904 4619 Ι)

1862 4565 1904 4619 Ι)
1937 4558 2071 4611 terni
2108 4557 2285 4611 meriti
2312 4557 2563 4612 ﬁduciam
2581 4558 2714 4628 (8|).
2760 4560 3003 4632 Denique
3050 4579 3241 4633 preces
3279 4565 3344 4617 ad
3385 4580 3503 4619 eam

239 4637 561 4706 παρρησίαν
612 4639 745 4709 ἔχει.
796 4644 906 4697 Καὶ
944 4645 1133 4699 τέλεον
1180 4651 1280 4712 τὰς
1320 4652 1617 4720 πρεσϐείας
1652 4655 1824 4725 αὐτῆς

238 4727 625 4792 ἀπαναίνεται,
672 4731 733 4796 ἐξ
763 4726 837 4786 ὧν
872 4738 987 4798 τοῖς
1015 4738 1328 4809 δεχομένοις
1361 4743 1515 4797 αἰκία
1543 4746 1604 4797 ού
1648 4747 1823 4817 μικρά

237 4817 270 4885 ἢ
311 4818 438 4889 δίκη
464 4820 763 4893 ἐπήρτητο.
798 4826 905 4878 Καὶ
936 4827 989 4878 τί
1022 4830 1128 4899 χρὴ
1161 4832 1227 4884 τὰ
1258 4833 1597 4889 καθέκαστον
1617 4838 1817 4906 λέγειν,

240 4911 384 4979 μηδὲ
448 4913 672 4984 μνήμην
736 4916 986 4971 ὁπωσοῦν
1038 4922 1130 4972 τοῦ
1196 4924 1459 4992 ὀνόματος
1507 4929 1821 4995 ἐγγίνεσθαι

237 5002 500 5069 πώποτες
532 5006 668 5075 Περὶ
700 5008 807 5080 γὰρ
838 5010 948 5061 τῶν
995 5012 1170 5065 ἄλλων
1204 5014 1375 5082 ἁγίων
1407 5018 1457 5070 τί
1490 5019 1575 5072 δεῖ
1611 5022 1821 5092 μακρό-

235 5113 401 5164 τερον
450 5097 709 5161 διεξιέναι
762 5102 830 5155 τά
892 5103 1025 5169 νῦν;
1072 5107 1146 5159 Οὐ
1193 5108 1303 5179 γὰρ
1353 5110 1531 5177 λόγοις
1585 5114 1824 5184 ἀνιέροις

236 5188 598 5256 ἐκφαυλίζειν
643 5194 737 5245 καὶ
764 5194 1153 5251 ἀποσκώπτειν
1177 5200 1253 5264 ὡς
1280 5201 1539 5272 αἴσχιστα
1575 5207 1823 5277 ἀποχρῆν

233 5283 492 5349 ἡγήσατο
526 5282 710 5351 μόνον,
748 5287 889 5339 αὑτὰ
915 5288 972 5343 δὲ
1002 5291 1071 5343 τὰ
1109 5291 1230 5361 ἱερά
1254 5294 1346 5347 καὶ
1388 5296 1663 5360 σεϐάσμια
1697 5298 1821 5351 τού-

232 5388 348 5424 των
374 5372 623 5441 λείψανα,
640 5378 810 5445 πυρὸς
839 5379 1088 5451 δαπάνην
1114 5386 1387 5455 πεποίηκε
1405 5389 1498 5440 καὶ
1529 5390 1817 5459 ἀνάλωμα.

308 5471 371 5520 ε’.
422 5467 575 5524 Ἐπεὶ
600 5468 658 5520 δὲ
694 5470 842 5538 ἅπαξ
873 5474 1095 5546 Χριστῷ
1131 5478 1225 5530 καὶ
1266 5478 1614 5551 Χριστιανοῖς
1645 5480 1816 5537 ἅπασι

306 5661 423 5746 (8D)
452 5662 528 5717 De
564 5666 845 5746 vocabulis.
873 5668 1134 5746 Θεοτᾷκος
1161 5685 1214 5727 et
1243 5674 1547 5746 Θεομήτωρ
1582 5679 1723 5740 vide,
1756 5681 1799 5733 si

233 5743 437 5795 νει-ιιι,
488 5749 608 5797 qua!
671 5736 722 5786 in
780 5737 887 5789 alio
955 5742 1224 5796 volumine
1274 5736 1370 5798 nos
1416 5736 1802 5804 Iaduotmimus

236 5804 301 5856 ει
332 5806 505 5858 sancti
542 5804 726 5874 Cyrilli
753 5818 1043 5864 tractatum
1069 5814 1132 5867 de
1173 5815 1394 5880 Dcipira
1426 5833 1478 5883 p.
1527 5820 1639 5873 IUO.

1932 4664 2151 4718 prorsus
2169 4650 2282 4704 ﬁeri
2314 4659 2495 4715 vetat,
2542 4668 2676 4721 quas
2704 4655 2747 4707 si
2782 4655 2872 4723 qui
2904 4655 3253 4712 nihilominus
3280 4657 3504 4722 faciunt,

1933 4761 2038 4799 non
2073 4744 2358 4798 mediocris
2386 4758 2543 4812 pinna
2584 4754 2746 4814 atque
2800 4747 2932 4800 ultio
2986 4748 3332 4818 impendebit.
3400 4750 3507 4805 Sed

1931 4838 2059 4906 quid
2113 4851 2245 4907 opus
2293 4847 2378 4892 est
2425 4837 2635 4908 singula
2672 4839 2947 4907 persequi,
2995 4856 3117 4894 cum
3175 4857 3242 4894 ne
3304 4856 3500 4896 nomen

1929 4928 2148 4998 quidem
2202 4928 2343 4983 illius
2398 4930 2691 4983 memorari
2744 4944 2969 5001 usquam
3015 4931 3184 4985 velit?
3213 4930 3331 4986 Jam
3358 4945 3410 4985 et
3442 4934 3510 4988 de

1930 5020 2141 5074 caneris
2170 5020 2374 5074 sanctis
2409 5036 2507 5075 cur
2536 5022 2586 5074 in
2613 5022 2867 5092 praesenti
2904 5022 3232 5089 loquendum
3255 5024 3509 5080 sitihon

1930 5112 2073 5164 enim
2103 5127 2197 5167 eos
2214 5113 2490 5183 sacrilegis
2530 5117 2906 5169 tantummodo
2941 5117 3120 5169 verbis
3154 5132 3414 5185 spernere
3453 5130 3509 5173 et

1936 5202 2160 5257 irridere
2188 5207 2492 5273 turpissime
2516 5218 2803 5261 contentus
2844 5206 2945 5259 fuit
2970 5247 2985 5272 ,
3021 5208 3115 5262 sed
3151 5211 3294 5277 ipsas
3317 5226 3512 5266 sacras

1931 5297 2374 5363 venerandasqne
2406 5298 2616 5352 illorum
2648 5298 2909 5367 reliquias,
2937 5300 2989 5355 in
3017 5301 3196 5371 igttetu
3225 5305 3504 5371 conjectus

1926 5390 2279 5455 consumpsit.
3148 5380 3151 5381 ν

1997 5481 2051 5535 5.
2084 5481 2368 5551 l’ustquam
2416 5499 2541 5537 vero
2591 5487 2759 5542 semei
2816 5488 3035 5543 Christo
3085 5498 3140 5543 et
3173 5476 3504 5551 Christianis

1990 5680 2101 5747 (81)
2137 5682 2333 5741 "canit:
2373 5686 2593 5740 anubis
2643 5688 2780 5739 tlit'la
2830 5689 2882 5742 in
2939 5690 3120 5745 adnot.
3177 5691 3244 5746 ad
3305 5690 3501 5751 Antir~

1916 5751 2179 5806 rht‘ttcnm
2213 5754 2251 5816 Ι,
2286 5756 2406 5823 (ιίιὶ.
2444 5757 2569 5820 ⁸217,
2608 5770 2716 5811 not.
2754 5758 2861 5825 ii).
