4238 6446
210 395 320 465 3ἰῦ

916 400 1543 463 ANTIRRHETICUS
1593 401 1653 462 II
1706 402 1875 463 ADV.
1917 403 2514 468 CONSTANTINUM
2552 406 2769 468 COPR.

3374 405 3479 470 316

210 512 410 576 κότων,
436 511 531 565 καὶ
557 510 770 574 πολλοῖς
793 511 1252 582 ἀνδραγαθήμασι
1287 513 1382 566 καὶ
1412 511 1796 581 ἀγωνίσμασιν

1902 514 2088 578 minia,
2123 524 2385 584 quantum
2419 518 2473 571 iu
2500 518 2618 587 ipso
2650 514 2771 580 fuit,
2800 524 2854 569 et
2894 514 3118 570 infamia
3150 515 3351 570 obruit.
3390 516 3483 570 Hae

211 602 639 673 ὲμπρεφάντων,
678 602 775 657 καὶ
821 602 899 672 τῷ
933 604 1262 675 μαρτυρικῷ
1307 605 1452 656 τέλει
1493 604 1592 674 τὴν
1645 602 1796 674 ζωὴν

211 694 709 766 παραμειψάντων,
750 695 828 758 ὡς
877 689 990 748 οἷόν
1019 712 1079 748 τε
1124 691 1196 765 ῆν
1226 695 1398 765 αύτῷ,
1440 694 1502 749 τὸ
1535 694 1797 757 δυσκλεὲς

212 787 503 857 καταχέειν
534 788 629 841 καὶ
651 787 856 854 ἄδοξον.
882 787 1126 841 Τοιαῦτα
1154 784 1223 859 ἦν
1248 787 1399 858 αύτῷ
1421 786 1491 840 τὰ
1514 786 1659 839 κατὰ
1686 786 1797 839 τῶν

212 878 391 947 ἁγίων
416 877 811 947 νεανιεύματα,
834 877 1065 934 τοιαῦτα
1095 879 1276 932 καὶτὰ
1313 878 1457 931 κατὰ
1486 878 1596 932 τῶν
1631 878 1796 931 ὁσίων

210 971 724 1045 ἀνοσιουργήματα,
756 970 967 1041 ταύτην
996 972 1097 1042 τῆς
1127 974 1207 1033 εἰς
1231 972 1325 1024 τὸν
1349 970 1462 1041 βίον
1492 968 1794 1041 εὐημερίας

209 1060 313 1133 τὴν
338 1062 421 1124 εἰς
461 1059 597 1114 Θεὸν
620 1061 718 1115 καὶ
745 1063 878 1127 τοὺς
907 1063 1099 1131 ἁγίους
1135 1061 1319 1134 ὓϐριν,
1347 1062 1621 1118 ἀντίδοσιν
1652 1062 1796 1131 ἡγη-

212 1154 463 1224 σαμένῳ.
499 1155 750 1225 Παρίημι
797 1155 979 1225 λέγειν
1028 1156 1096 1210 τά
1143 1154 1241 1210 νῦν
1273 1156 1376 1210 ὅσα
1412 1154 1510 1210 καὶ
1561 1148 1652 1208 οἷα
1697 1152 1795 1206 τοῦ

209 1243 577 1311 εύαγγελικοῦ
607 1245 969 1317 κηρύγματος
1004 1245 1455 1316 κατεφλυάρησε,
1486 1244 1580 1298 καὶ
1613 1243 1796 1296 πᾶσαν

208 1336 576 1407 εὐαγγελικὴν
598 1338 875 1392 πολιτείαν
898 1338 1182 1404 διέπτυσε,
1210 1338 1306 1391 καὶ
1332 1336 1471 1407 πρὸς
1499 1334 1563 1389 τὸ
1590 1335 1795 1387 οἰκεῖον

208 1428 461 1496 ἐμπαθὲς
509 1430 601 1481 καὶ
649 1428 924 1499 μοχθηρὸν
955 1428 1173 1498 θέλημα
1221 1429 1314 1482 τὸν
1345 1427 1459 1480 τῶν
1489 1426 1797 1497 ἀνθρώπων

210 1515 329 1586 βίον
381 1517 855 1589 μεταρρυθμίζειν
900 1518 1240 1583 ἐσπούδαζε·
1297 1515 1532 1571 τοιοῦτοί
1570 1519 1709 1570 εἰσιν
1745 1518 1795 1570 οἰ

210 1607 432 1672 σκοποὶ,
468 1607 544 1671 ὡς
600 1610 658 1660 ἐν
700 1606 895 1679 βραχεῖ
952 1610 1335 1681 παραστῆσαι,
1370 1608 1466 1672 οὓς
1524 1609 1796 1679 προάγειν

209 1700 505 1769 ὑπέσχετο,
536 1700 605 1754 τά
627 1718 687 1754 τε
714 1702 1053 1773 διανοήματα
1075 1703 1173 1758 καὶ
1201 1702 1566 1773 βουλεύματα,
1589 1701 1625 1756 ἃ
1654 1700 1795 1755 κατὰ

205 1792 311 1860 τῆς
346 1791 623 1856 ἀπλανοῦς
648 1792 805 1862 ἡμῶν
824 1794 1064 1857 πίστεως
1082 1795 1179 1847 καὶ
1207 1793 1659 1864 ἀγγελομιμήτου
1684 1792 1795 1845 τῶν

1900 606 2118 662 fuerunt
2137 607 2406 677 iuveniles
2442 610 2560 678 ejus
2595 607 2859 663 adversus
2886 617 3107 663 sanctos
3145 608 3482 677 petulantire.

1899 695 2012 750 haec
2045 696 2206 766 impia
2239 696 2502 750 adversus
2523 696 2700 764 justos
2736 696 3002 759 facinora,
3039 697 3179 752 hanc
3218 696 3485 767 judicavit

1898 784 2077 839 facere
2107 787 2628 853 remunerationem,
2659 801 2758 857 pro
2797 800 2897 840 sua
2948 786 3109 853 hujus
3136 786 3259 840 vitae
3307 783 3483 839 fclici-

1899 886 2029 942 tate,
2067 877 2120 931 in
2156 878 2321 931 Deum
2363 878 2576 933 scilicet
2626 887 2682 933 et
2725 888 2942 935 sanctos
3002 878 3279 947 injuriam.
3330 878 3485 933 Mitto

1899 984 2045 1025 nunc
2096 971 2278 1025 dicere
2330 980 2461 1041 quot
2520 980 2835 1041 quantaque
2873 982 3060 1026 contra
3113 970 3481 1040 evangelicatu

1895 1060 2200 1115 doctrinam
2240 1061 2602 1130 insaniverit,
2650 1072 2709 1116 ut
2760 1063 3129 1133 evangelicam
3179 1071 3348 1116 totam
3399 1062 3482 1115 vi-

1899 1161 2007 1209 tam
2033 1152 2329 1222 despuerit,
2368 1160 2531 1221 atque
2558 1153 2624 1207 ad
2658 1168 2813 1208 suam
2842 1153 3117 1208 carnalem
3149 1150 3483 1219 improbam-

1896 1257 2003 1314 que
2030 1243 2361 1298 voluntatem
2404 1257 2585 1297 mores
2628 1244 2906 1298 hominum
2948 1244 3269 1310 pertrahere
3315 1257 3484 1297 cona-

1899 1345 1986 1390 tus
2011 1334 2101 1390 sit.
2135 1333 2259 1389 "me
2281 1345 2406 1410 sunt
2440 1335 2740 1397 molimina,
2774 1345 2829 1387 ιιι
2863 1336 3100 1389 breviter
3130 1335 3328 1393 dicam,
3365 1347 3485 1401 qum

1897 1428 2344 1497 deprompturum
2397 1442 2456 1480 se
2514 1427 2901 1494 promittebat;
2956 1427 3036 1480 hac
3091 1435 3219 1480 sunt
3280 1425 3482 1480 mentis

1898 1519 2284 1587 conceptiones
2314 1533 2380 1573 ac
2428 1518 2875 1582 deliberationes,
2912 1533 3052 1588 quas
3099 1518 3363 1570 adversus
3391 1516 3482 1569 iu-

1899 1608 2176 1665 l'allibilem
2197 1620 2439 1663 nostram
2472 1609 2654 1663 ﬁdem.
2685 1622 2738 1662 et
2774 1611 3090 1679 angelorum
3129 1607 3480 1665 imitatricem

1896 1700 2333 1757 Christianorum
2373 1702 2539 1753 vitam
2601 1701 2690 1755 hic
2736 1700 2939 1755 Christi
3000 1699 3173 1753 hostis
3219 1697 3484 1751 molieha—

1901 1803 2007 1848 tur.
2040 1794 2146 1849 Sed
2166 1793 2279 1862 jam
2315 1793 2439 1847 belli
2468 1803 2659 1847 contra
2697 1801 2938 1854 sanctos,
2972 1793 3065 1859 qtti
3127 1790 3415 1843 Dominum
3452 1804 3484 1843 a

204 1883 562 1954 Χριστιανῶν
576 1884 854 1949 πολιτείας
871 1886 1276 1957 Χριστομαχῶν
1294 1887 1631 1940 ὲτέκταινεν.
1651 1884 1791 1938 Ἀλλ’

1902 1883 2100 1938 saecqu
2131 1885 2182 1937 in
2224 1893 2371 1937 terra
2400 1883 2843 1955 gloriﬁcaverunt
2864 1925 2878 1945 ,
2916 1883 3003 1935 hic
3037 1881 3160 1934 linis
3193 1881 3299 1945 sit;
3330 1877 3481 1947 ejus-

205 1977 235 2026 ὁ
268 1978 373 2044 μὲν
420 1976 563 2029 κατὰ
607 1976 717 2029 τῶν
763 1979 936 2046 ἁγίων
978 1978 1216 2049 πόλεμος
1262 1979 1371 2031 τῶν
1398 1978 1493 2031 ἐπὶ
1545 1978 1647 2047 γῆς
1695 1977 1793 2030 ἀπ’

206 2066 411 2128 αἰῶνος
441 2067 776 2131 δοξαζὸντων
798 2068 892 2119 τὸν
910 2068 1137 2137 Κύριον,
1161 2068 1398 2121 ἐνταῦθα
1413 2066 1792 2134 καταλυέσθω,

207 2162 306 2212 καὶ
367 2160 416 2212 οἰ
462 2161 656 2213 σκοποὶ
690 2159 785 2223 οὓς
822 2165 1162 2231 προαγαγεῖν
1198 2161 1457 2224 ἀσκόπως
1489 2163 1585 2214 καὶ
1616 2160 1795 2221 ἀθέως

206 2251 384 2317 εδοξε,
421 2253 861 2324 παρατηρήσεως
891 2252 992 2321 τῆς
1036 2253 1287 2307 ὁπωσοῦν
1334 2252 1487 2316 ἄνευ,
1524 2251 1620 2307 καὶ
1665 2253 1796 2314 τοὺς

206 2344 389 2406 Θείους
437 2344 619 2397 αὐτῶν
660 2346 863 2407 ο“’κους.
900 2345 996 2397 καὶ
1026 2345 1125 2407 τὰς
1173 2344 1325 2414 ἱερὰς
1356 2343 1537 2396 αὐτῶν
1576 2343 1797 2412 μνήμας

206 2435 573 2506 καθυὸρὲσας,
631 2436 785 2500 τέλος
834 2434 1130 2506 ἐχέτωσαν.
1172 2429 1341 2498 Οὗτος
1394 2434 1452 2488 δὲ
1503 2435 1579 2494 ὡς
1624 2432 1798 2503 μικρά

206 2526 584 2599 κατορθωκὼς
612 2526 724 2580 τῶν
759 2526 1179 2597 σκοπουμένων,
1202 2526 1296 2579 καὶ
1333 2524 1550 2595 μεγάλα
1584 2520 1800 2590 ζημιω-

208 2622 469 2689 σόμενος,
493 2622 541 2673 εἰ
564 2619 727 2693 μέχρι
748 2619 942 2674 τούτου
966 2620 1150 2690 σταίη,
1174 2616 1552 2689 ἐχαλέπαινεν,
1571 2609 1630 2668 εὖ
1656 2607 1795 2676 οἶδα,

206 2713 257 2765 εἰ
294 2710 373 2781 μὴ
409 2712 504 2765 καὶ
540 2713 654 2775 τοῖς
679 2710 1029 2783 λειπομένοις
1051 2709 1297 2765 ἐπέλθοι.

280 2804 350 2868 ζ’.
383 2804 449 2856 Τί
480 2805 589 2875 γὰρ
633 2803 802 2875 ἔφησε
839 2804 967 2874 περί¹
1011 2803 1121 2856 τῶν
1147 2803 1269 2855 κατ’
1321 2800 1591 2872 οὐρανοὺς
1620 2798 1795 2868 ἁγίων

205 2898 307 2950 καὶ
343 2895 735 2966 ὑπερκοσμίων
774 2893 1095 2965 δυνάμεων;
1132 2894 1290 2954 Τίνες
1317 2892 1412 2946 καὶ
1439 2894 1612 2945 ὁποῖοι
1647 2889 1797 2961 αὐτῷ

204 2988 258 3039 οἰ
293 2988 493 3039 σκοποὶ
526 2984 620 3048 οὓς
677 2984 942 3055 προάγειν
980 2983 1257 3044 ἐϐούλετο,
1311 2981 1380 3035 δι’
1414 2973 1490 3033 ὧν
1536 2980 1632 3033 καὶ
1695 2979 1798 3050 τὴν

204 3078 428 3141 τούτοις
463 3077 823 3149 ἐξεργάσαιτο
850 3076 1235 3149 παρανομίανς
1267 3074 1457 3137 ποίους
1481 3072 1798 3144 φληνάφους

206 3171 305 3223 καὶ
354 3170 739 3241 τερατολογίας
783 3168 1029 3240 ἐξευρεῖν
1070 3168 1209 3239 πρὸς
1246 3165 1568 3236 δυσφημίαν
1616 3161 1797 3216 αὐτῶν

1898 1990 2002 2044 que
2018 1976 2244 2031 consilia
2283 1990 2403 2043 qum.
2427 1974 2735 2029 inconsulto
2758 1985 2812 2028 et
2843 1974 3146 2043 irreligiose
3180 1973 3484 2040 producere

1898 2068 2130 2127 volebat.
2167 2067 2286 2122 sine
2335 2067 2443 2121 ullo
2481 2076 2757 2135 respectu,
2795 2065 3134 2120 venerandas
3164 2074 3481 2119 sanctorum

1898 2176 2192 2231 sacrasque
2239 2161 2534 2215 memorias
2579 2161 2979 2215 contumeliose
3019 2158 3341 2221 tractando,
3388 2159 3484 2211 deo

1900 2268 2047 2306 mum
2099 2251 2370 2304 desinant.
2431 2248 2528 2302 llle
2575 2258 2755 2304 autem
2814 2264 2984 2319 pauca
3046 2264 3077 2304 c
3125 2250 3327 2302 multis
3359 2262 3484 2316 qua:

1899 2345 2080 2399 animo
2105 2343 2476 2397 destinaverat
2504 2353 2834 2408 exsecutus,
2896 2356 3201 2411 magnaque
3262 2342 3483 2408 insuper

1898 2437 1942 2491 si
1977 2436 2184 2490 diutius
2214 2435 2455 2490 stetisset
2481 2433 2814 2490 detrimenta
2845 2434 3130 2496 illaturus.
3167 2434 3286 2487 sine
3316 2431 3483 2486 duhio

1897 2542 2044 2599 agre
2091 2526 2263 2582 l‘errct
2309 2528 2354 2582 si
2406 2527 2653 2594 viveret,
2701 2527 2807 2582 nisi
2861 2537 2916 2582 et
2970 2525 3176 2595 reliqua
3226 2539 3484 2580 consum-

1898 2626 2126 2675 masset.

1969 2806 2021 2860 7.
2055 2804 2194 2872 Quid
2234 2804 2381 2858 enim
2434 2802 2503 2858 de
2538 2802 2852 2857 cmlestihus
2906 2801 3139 2856 dixisset
3168 2800 3374 2856 sanctis
3419 2814 3484 2855 ac

1899 2895 2360 2967 supramundanis
2397 2893 2694 2964 potentiis?
2717 2892 2871 2960 Quod
2912 2906 3085 2960 genus
3127 2891 3356 2947 l'uisscut
3386 2892 3486 2944 de-

1900 2988 2251 3043 liherationcs
2313 2985 2467 3054 ejus,
2516 3000 2653 3054 quas
2706 2992 2825 3038 erat
2876 2984 3208 3052 prolaturus,
3265 2991 3325 3036 ut
3376 2981 3485 3035 illis

1898 3081 2059 3136 etiam
2105 3079 2383 3149 negotium
2435 3078 2619 3146 inique
2674 3074 3012 3130 lacesseret?
3058 3075 3245 3143 quales
3311 3086 3484 3140 nugas

1902 3182 2064 3241 atque
2130 3170 2438 3240 prmsligias
2521 3168 2839 3222 adinveuire
2893 3167 2963 3221 oh
3022 3166 3302 3220 infantiam
3378 3165 3485 3219 illis

206 3260 718 3330 ἰκμηχανὼμενος;
759 3261 914 3315 Ἐπεὶ
947 3260 1099 3330 αὐτῷ
1121 3260 1313 3330 καιρὸς
1344 3259 1528 3312 ἀνεῖτο
1555 3253 1794 3310 διασκώ-

1901 3262 2289 3333 aspergendam
2326 3260 2431 3330 '73
2461 3259 2738 3314 curasset?
2768 3258 3035 3326 Quoniam
3069 3258 3116 3311 ei
3146 3257 3361 3312 occasio
3401 3255 3484 3310 l'a-

208 3370 377 3405 πτειν
410 3353 505 3405 καὶ
562 3353 871 3421 περαίνειν,
909 3352 972 3405 τὸ
1023 3351 1439 3422 ἁπερίγραπτον
1491 3347 1797 3420 ἐπιγράψαι

207 3447 325 3507 τοῖς
375 3445 633 3513 ἀγγέλοις
676 3448 999 3517 προήγαγεο
1058 3444 1221 3513 δῆλον
1268 3444 1431 3497 παντὶ
1463 3444 1492 3495 ὂ
1529 3444 1593 3515 δὴ
1644 3442 1797 3512 φίλον

206 3536 367 3605 αὖτῷ
400 3537 497 3591 καὶ
529 3537 782 3606 σύνηθες,
810 3538 906 3590 καὶ
946 3539 1011 3607 τῇ
1058 3537 1188 3609 δόξῃ
1222 3540 1285 3607 τῇ
1317 3536 1573 3591 δυσσεϐεῖ
1612 3553 1797 3588 συναι-

212 3628 471 3697 ρόμενον.
514 3626 987 3697 Ἀπεριγράπτους
1018 3627 1128 3697 γὰρ
1167 3626 1234 3681 ἄν
1287 3644 1372 3689 τις
1406 3627 1605 3687 αὐτοὺς
1636 3626 1793 3695 φαίη,

206 3717 329 3771 ἀλλ’
380 3717 441 3770 ού
497 3718 707 3784 πάντηο
750 3716 831 3787 τῷ
874 3712 1081 3787 ῆρχθαι
1149 3717 1257 3786 γάρ
1333 3715 1793 3788 περιγράφονται,

208 3810 450 3880 ἐπείπερ
482 3812 574 3863 καὶ
596 3811 751 3864 αὐτοὶ
777 3808 874 3865 τοῦ
906 3806 1045 3864 εἶναι
1075 3809 1333 3881 ῆρξαντο.
1364 3808 1431 3863 ’⁸0
1459 3808 1515 3861 δὲ
1540 3807 1633 3861 τοῦ
1656 3802 1797 3860 εἶναι

206 3902 468 3955 ὁπωσοῦν
523 3900 751 3973 ἧρξατο,
796 3902 1144 3973 περιγραφῆς
1202 3901 1264 3954 οὐ
1309 3900 1542 3970 πάμπαν
1577 3897 1794 3951 ἐλεύθε-

209 4011 305 4063 ρον
326 4010 340 4023 ·
372 3993 468 4046 καὶ
497 3994 777 4064 κτίσματά
800 4011 863 4062 γε
887 3993 1059 4056 ὄντες,
1098 3992 1203 4045 ὑπὸ
1238 3992 1332 4045 τοῦ
1361 3992 1659 4053 κτίσαντος
1691 3989 1802 4059 ὁρί-

207 4083 423 4148 ζονται.
477 4084 637 4137 Ἀλλά
671 4084 779 4155 μὴν
824 4086 919 4138 καὶ
976 4084 1280 4153 καταλήψει
1331 4082 1792 4152 περιγράφονται.

208 4178 368 4231 Καθὸ
403 4176 514 4247 γὰρ
568 4178 687 4240 νόες
725 4177 852 4241 εἰσὶ,
900 4177 1249 4229 κοινωνοῦσιν
1280 4175 1533 4244 ἀλλήλοις
1567 4173 1697 4242 περὶ
1728 4172 1799 4225 τὰ

206 4272 489 4340 νοήματα,
520 4270 615 4323 καὶ
647 4271 747 4339 τὴν
772 4270 936 4339 φύσιν
970 4270 1063 4322 ἐπὶ
1094 4270 1261 4321 ποσὸν
1289 4267 1537 4337 ἀλλήλων
1567 4266 1750 4318 ἴσασιν
1779 4280 1793 4295 ⁵

207 4360 265 4412 ἓν
296 4363 411 4432 γὰρ
443 4356 584 4421 εἶδος
612 4360 968 4431 περιγραφῆς
1003 4360 1099 4412 καὶ
1129 4361 1162 4429 ἡ
1209 4358 1536 4428 κατάληψις.
1570 4358 1709 4418 Νόες
1737 4356 1796 4409 δὲ

206 4457 385 4515 ὄντες.
426 4456 523 4505 καὶ
553 4456 610 4505 ὲν
640 4454 828 4514 τόποις
858 4454 1069 4522 νοητοῖς
1118 4454 1259 4505 εἰσιν
1280 4467 1294 4480 ⁸
1348 4450 1411 4503 ού
1459 4453 1565 4521 μην
1595 4467 1658 4513 γε
1692 4467 1796 4502 σω-

1898 3356 2056 3408 vebat
2080 3354 2298 3421 jocandi
2354 3363 2411 3407 et
2455 3352 2793 3421 propositum
2830 3365 2988 3403 suum
3037 3347 3480 3410 consutumaudi,

1899 3445 2518 3514 ittcirctttnscriptimtetn
2546 3444 2752 3513 angelis
2783 3457 3001 3513 quoque
3030 3442 3334 3495 atlrihuere
3383 3454 3483 3511 ag.-

1898 3555 2119 3608 gressus
2150 3538 2375 3602 fuisset;
2407 3537 2550 3606 quod
2589 3549 2749 3589 nemo
2787 3549 2892 3587 non
2933 3533 3080 3586 videt
3108 3540 3321 3602 gratum
3380 3531 3482 3601 ipsi

1899 3633 2139 3687 futurum
2169 3631 2332 3684 fuisse
2357 3639 2411 3683 et
2438 3640 2758 3682 consuetum
2790 3627 3078 3696 impiteque
3112 3639 3224 3679 sua“:
3258 3633 3483 3679 senten-

1900 3725 1988 3778 tiae
2021 3723 2391 3777 suhservicns.
2422 3718 2667 3789 Namque
2704 3717 2929 3786 angelos
2968 3714 3482 3789 incircumscriptos

1899 3819 2043 3871 dicet
2071 3816 2288 3885 quidem
2323 3812 2545 3878 aliquis,
2579 3811 2675 3864 sed
2708 3825 2811 3864 non
2843 3810 3102 3875 omnino;
3131 3808 3332 3862 etenim
3366 3807 3482 3862 ori-

1899 3911 2024 3978 giae
2068 3916 2219 3961 certe
2249 3905 2796 3966 circumscrilmutur,
2824 3904 2950 3972 quia
2983 3911 3039 3954 et
3067 3901 3167 3969 ipsi
3197 3908 3483 3965 cmperunt

1898 4001 2186 4055 exsistere.
2230 3997 2382 4063 Quod
2411 4004 2587 4049 autem
2613 3995 3104 4064 quomodocunque
3135 4007 3257 4046 esse
3293 3992 3480 4056 cmpit,

1900 4110 2003 4146 non
2038 4091 2265 4145 omnino
2296 4088 2815 4152 circumscriptione
2866 4095 3054 4151 caret;
3097 4097 3331 4153 cumque
3375 4083 3485 4136 sint

1899 4194 2186 4247 creatura),
2220 4196 2249 4235 a
2288 4179 2559 4235 Creatore
2595 4177 2919 4231 Iitnilantttr
2976 4176 3089 4230 ltnn
3123 4176 3287 4228 etiam
3324 4174 3485 4227 intel-

1898 4270 2627 4340 lectualicomprehensione
2673 4269 2958 4323 liniuntur.
3004 4270 3288 4334 Quatenus
3335 4265 3481 4345 enim

1898 4374 2106 4420 mentes
2148 4373 2309 4427 sunt,
2372 4362 2783 4417 communicant
2839 4363 2979 4415 inter
3022 4374 3082 4412 se
3121 4356 3482 4427 cogitationes

1897 4472 2045 4519 suas,
2068 4465 2424 4522 mutuamque
2445 4463 2695 4507 naturam
2719 4454 3065 4522 aliquatenus
3093 4460 3321 4505 noscunt
3339 4450 3474 4519 (84);

210 4545 525 4614 ματικῶςῆ
581 4544 855 4613 αἰσθητῶς
888 4544 1188 4613 ὁρίζονται.
1244 4544 1504 4611 Σὼματος
1553 4543 1663 4611 γὰρ
1693 4542 1794 4593 οὐκ

1899 4564 2060 4617 porro
2090 4548 2361 4617 quoddam
2393 4545 2923 4613 circumscriptionis
2955 4559 3126 4613 genus
3146 4582 3160 4605 ,
3187 4553 3271 4598 est
3311 4544 3476 4595 etiam

206 4639 388 4702 ὄντος,
419 4638 519 4691 καὶ
556 4638 644 4690 διὰ
668 4638 827 4690 τοῦτο
859 4637 978 4690 οὐδὲ
1011 4639 1288 4707 σχήματος
1317 4636 1440 4689 οὐδὲ
1468 4636 1637 4701 ὁγκου
1668 4634 1792 4686 οὔτε

206 4733 380 4785 τύπου
434 4730 772 4799 σωματικοῦ,
808 4731 1036 4791 εἰκότως
1087 4730 1209 4783 οὐδὲ
1255 4732 1311 4781 ἐν
1349 4728 1501 4798 τόπῳ
1550 4726 1795 4797 αἰσθητῷ

212 4822 736 4893 περισχεῦἡσονται.
784 4823 923 4876 Ἀλλ’
952 4827 1015 4877 οὺ
1063 4823 1191 4893 περὶ
1222 4821 1413 4874 τούτου
1449 4820 1544 4873 νῦν
1575 4821 1705 4890 ἡμῖν
1734 4820 1794 4872 τὸ

207 4916 601 4984 προκείμενον.
654 4916 727 4967 Οὐ
766 4915 876 4986 γὰρ
926 4918 975 4967 εἰ
1026 4915 1479 4985 περιγράφονται,
1519 4913 1551 4982 ἢ
1590 4916 1684 4983 μὴ,
1735 4912 1795 4965 τὸ

210 5007 615 5074 σκοπούμενον,
657 5006 773 5060 ἀλλ’
821 5008 870 5059 εἰ
921 5008 1224 5077 γράφονται
1269 5006 1363 5059 καὶ
1414 5005 1790 5069 εἰκονίζονται.

206 5100 336 5150 Δέον
368 5099 483 5167 γὰρ
518 5096 753 5151 ἐνταῦθα
794 5098 891 5161 τὰς
940 5099 1136 5167 κυρίας
1166 5099 1393 5151 τουτωνὶ
1441 5098 1551 5149 τῶν
1601 5097 1794 5165 φωνῶν

211 5189 739 5260 μεταχειρίσασθαι’
811 5190 951 5253 ὄσως
999 5191 1107 5260 γάρ
1154 5191 1400 5261 διαφέρει
1451 5191 1551 5259 τῆς
1602 5191 1795 5259 ἐτέρας

209 5284 476 5351 ἑκατέρα,
515 5280 711 5350 βραχεῖ
750 5281 978 5351 ὕστερον
1016 5284 1317 5352 εἰρήσεται.

279 5551 349 5622 η’.
415 5552 526 5604 Καὶ
556 5551 730 5621 τούτῳ
768 5554 866 5622 μὲν
896 5556 922 5605 ὁ
950 5554 1104 5619 λόγος
1135 5554 1190 5604 ἐν
1226 5554 1465 5623 σχήματι
1515 5555 1607 5605 καὶ
1652 5554 1786 5605 ὐπο-

215 5647 390 5717 κρίσει
446 5647 738 5715 προήγετο,
794 5646 1152 5715 πλαττομένῳ
1205 5646 1279 5710 ὡς
1337 5646 1404 5699 ἂν
1452 5646 1623 5713 δόξειε
1680 5648 1793 5709 τοῖς

287 5774 401 5843 illi)
448 5774 558 5830 Ilac
585 5794 745 5847 super
786 5794 841 5833 re
874 5779 1145 5847 elegantes
1170 5782 1371 5850 aliquot
1406 5784 1780 5837 meditationes

214 5846 389 5903 l‘totlt
427 5850 551 5920 lycii
598 5846 817 5906 tuemini
881 5846 969 5906 me
1024 5846 1272 5921 proferre
1317 5854 1445 5909 olim
1494 5870 1559 5910 ea
1595 5855 1781 5911 codice

1897 4639 2332 4707 comprehensio.
2367 4640 2610 4707 Cumque
2638 4638 2752 4690 sint
2780 4646 3008 4700 mentes,
3045 4637 3096 4689 in
3127 4635 3475 4689 intellectua-

1897 4732 2036 4784 lihtts
2062 4731 2196 4784 locis
2233 4739 2402 4792 sunt,
2442 4730 2584 4781 haud
2620 4742 2747 4781 vero
2775 4727 3135 4795 corporaliter
3176 4736 3267 4779 aut
3302 4726 3476 4779 sensi-

1896 4821 2075 4875 biliter
2118 4821 2443 4873 limitautur.
2509 4818 2640 4871 Siue
2689 4830 2920 4885 corpore
2990 4826 3205 4876 autem,
3244 4816 3477 4884 ideoque

1895 4915 2011 4969 sine
2054 4914 2247 4982 ligttra,
2283 4912 2400 4965 sine
2446 4910 2623 4974 mole,
2672 4911 2791 4965 siue
2840 4909 3007 4962 forma
3038 4923 3322 4977 corporea,
3361 4923 3478 4962 meo

1896 5006 2000 5058 rilo
2028 5018 2093 5057 ne
2123 5004 2239 5055 loco
2271 5001 2489 5071 quidem
2531 5000 2777 5055 sen~ihili
2804 5000 3179 5053 continentur.
3220 4996 3326 5052 Sed
3363 4998 3478 5053 h:ee

1897 5108 2048 5152 extra
2083 5096 2418 5164 propositum
2468 5102 2713 5146 nostrum
2767 5100 2915 5146 sunt.
2969 5090 3082 5146 Non
3122 5092 3266 5145 enim
3296 5081 3475 5143 it'trum

1896 5185 2441 5249 circmnscrihautur,
2470 5199 2538 5237 an
2573 5198 2753 5244 secus,
2790 5198 2935 5236 nunc
2958 5197 3239 5241 curamus.
3278 5182 3370 5233 sed
3408 5180 3497 5234 an‘

1899 5280 2042 5347 pingi
2075 5293 2136 5331 ac
2176 5277 2391 5346 ﬁgurari
2424 5286 2650 5345 queant.
2681 5276 2934 5341 Oportuit
2979 5285 3164 5329 autem
3212 5276 3315 5328 hoc
3360 5273 3481 5327 loco

1900 5369 2215 5440 principalia
2254 5385 2430 5421 rerum
2466 5370 2657 5441 harum
2696 5383 2964 5439 usurpare
3001 5368 3301 5427 vocabula;
3347 5358 3471 5436 qua!

1899 5473 2165 5531 quatenus
2217 5461 2358 5513 inter
2384 5476 2441 5515 se
2472 5460 2744 5523 dill'eraul,
2779 5464 2939 5530 paulo
2991 5470 3113 5528 post
3144 5462 3378 5513 dicetur.

1970 5554 2023 5608 8.
2065 5554 2125 5606 Et
2154 5553 2431 5607 Mamouas
2471 5554 2687 5621 quidem
2717 5569 3000 5607 sermones
3040 5570 3172 5608 suos
3230 5569 3350 5607 cum
3399 5553 3477 5605 si-

1905 5644 2203 5700 mulatione
2265 5645 2649 5715 hypocrisique
2706 5643 3003 5700 cllerchat.
3085 5645 3223 5698 dans
3283 5643 3479 5698 callide

1896 5783 2160 5835 Υηιίιτιηο
2198 5782 2250 5835 in
2277 5781 2401 5836 adn.
2458 5783 2523 5839 ad
2568 5781 2680 5839 Cic.
2738 5781 2810 5836 Dc
2868 5798 2973 5851 rep.
3014 5780 3125 5834 ΛΔ.
3161 5779 3324 5834 class.
3356 5787 3392 5833 t.
3432 5776 3473 5839 1,

1889 5871 1939 5925 ιι.
1982 5854 2084 5909 δυο
2117 5852 2240 5907 568.
