4238 6446
744 372 846 437 347

1768 376 1827 434 S.
1870 373 2290 436 NICEPHORI
2330 371 2837 433 ΡΑΤΠΙΛΒΟΠῈ
2883 373 2992 431 (.P.

3909 361 4015 428 348

745 500 965 554 operam
1014 495 1073 539 ut
1119 484 1257 554 frugi
1316 485 1521 553 aliquid
1570 485 1847 539 videretur
1896 488 2225 541 multitudini
2271 488 2323 539 in

2428 484 2640 547 πολλοῖς
2674 484 2952 552 ἀξιόλογόν
3002 500 3054 536 τι
3105 482 3235 551 περὶ
3289 479 3397 532 τῶν
3449 477 3831 550 προκειμένων
3860 478 4014 548 αὐτῷ

748 578 1026 648 proposito
1056 593 1154 631 suo
1174 577 1451 632 meditari.
1486 576 1562 630 lle
1589 588 1770 631 tamen
1803 594 1929 631 vera
1958 590 2322 647 przrpoteuter

750 670 855 721 vim
893 668 1204 728 adhibebat,
1245 682 1348 735 qua
1381 675 1576 719 cunt-ta
1621 665 1724 720 sibi
1759 667 1951 734 placita
1982 667 2316 734 exsequeba-

750 771 852 815 tur.
890 761 994 812 Sed
1030 761 1172 813 enim
1208 776 1304 812 nos
1335 760 1424 826 qui
1472 758 1717 812 velitatis
1744 759 2041 811 doctrinam
2077 758 2318 811 defendi~

748 868 889 911 irtus,
922 850 1097 919 deque
1145 850 1245 903 hac
1283 852 1446 901 verba
1479 848 1739 911 faciams,
1778 846 1918 914 quod
1966 848 2141 916 angeli
2196 848 2319 917 pin-

747 954 946 1007 gantnr
1006 960 1067 995 ac
1092 941 1413 1010 ﬁgurentur,
1437 942 1675 994 breviter
1695 941 1877 994 omnia
1895 940 2321 1007 ron-.plectentes

744 1034 1083 1087 docebimus.
1127 1034 1375 1103 Namque
1410 1038 1461 1086 in
1505 1034 1695 1101 primis
1738 1034 1789 1086 id
1839 1031 1977 1086 facta
2022 1042 2315 1096 testantur,

743 1142 861 1193 quae
896 1128 1132 1192 objectis
1173 1128 1307 1178 visui
1363 1135 1551 1178 nostro
1602 1125 1936 1193 Spectaculis
1975 1133 2091 1177 tuto
2121 1125 2318 1178 conﬁr-

744 1229 979 1279 mantur,
1021 1218 1230 1288 lupique
1265 1219 1409 1270 enim
1468 1229 1738 1272 terrarum
1790 1232 1885 1285 per
1911 1230 2068 1270 sacra
2123 1217 2314 1285 templa

744 1310 1054 1396 bistoriales
1085 1312 1312 1377 picturae
1352 1310 1631 1361 abundant
1666 1310 1840 1362 sacris
1874 1308 2316 1375 incorporearum

742 1402 1105 1468 pou-otiarnm
1152 1402 1360 1469 lignris,
1405 1400 1453 1453 id
1501 1402 1642 1469 quod
1688 1415 1716 1451 a
1750 1398 2034 1452 catholicae
2063 1398 2319 1451 Ecclesia:

739 1492 1044 1559 antiquitus
1078 1504 1300 1561 accepta
1344 1492 1638 1545 traditione
1682 1490 1789 1543 vim
1828 1499 1973 1543 tenet
2003 1506 2017 1543 :
2054 1490 2210 1559 cujus
2242 1491 2316 1545 rei

740 1582 1269 1637 dernonstrationem
1321 1588 1636 1650 exquirere,
1692 1596 1912 1635 omnem
1942 1590 2167 1649 superat
2204 1592 2318 1636 sto-

741 1671 1009 1727 liditatem
1053 1685 1215 1744 atque
1247 1675 1564 1731 stultitiam.
1600 1675 1803 1729 Deinde
1832 1676 1996 1728 etiam
2029 1690 2057 1727 a
2099 1674 2315 1730 divino-

738 1781 862 1819 rum
896 1766 1239 1820 oraculorum
1293 1769 1609 1834 magisterio
1651 1767 1791 1821 idem
1827 1769 2112 1821 docemur:
2137 1768 2316 1835 Atque

738 1868 797 1909 ut
838 1872 866 1910 a
907 1860 1194 1927 principali
1246 1862 1464 1924 "eoque
1498 1862 1745 1927 proximo
1776 1859 2031 1927 primitus
2062 1874 2138 1911 -ue
2168 1860 2313 1914 illinc

738 1948 1032 2016 ell'ulgente
1059 1951 1251 2002 ordine
1291 1949 1404 2014 (85)
1451 1950 1828 2010 exordiantur,
1873 1948 2157 2003 videamus
2184 1951 2311 2016 quid

738 2042 805 2092 de
856 2044 1192 2095 ornamentis
1233 2058 1374 2093 area:
1413 2044 1463 2094 in
1508 2042 1665 2107 legali
1725 2040 2071 2094 tabErnaculo
2122 2042 2312 2109 posita:

736 2132 936 2184 Paulus
1003 2134 1145 2186 dicat
1206 2147 1219 2185 :
1286 2134 1557 2201 Superque
1608 2148 1727 2185 eam
1786 2131 2067 2186 Cherubin:
2125 2132 2312 2201 gloria

736 2224 1108 2277 obumbrantia
1162 2226 1597 2291 propitiatorium
1650 2223 1718 2278 ".
1774 2224 2065 2279 Clterubini
2130 2234 2309 2279 autem

738 2316 943 2384 gloriae,
984 2316 1299 2385 gloriﬁcati,
1345 2327 1398 2369 et
1436 2316 1681 2386 gloriosi,
1717 2328 1768 2370 et
1796 2317 1934 2370 infra
1967 2316 2154 2380 Deum,
2191 2318 2312 2381 jure

739 2408 1044 2476 meritoque
1077 2408 1145 2461 ab
1180 2409 1443 2462 Ecclesia:
1486 2411 1763 2476 magistris
1797 2412 2118 2464 creduntur.
2140 2410 2311 2464 Pcrro

735 2498 1027 2565 signiﬁcari
1065 2499 1166 2552 boc
1205 2500 1423 2552 nomine
1458 2502 1669 2567 copiam
1715 2501 1957 2555 scientiae
1983 2509 2150 2571 atque
2178 2499 2311 2555 el'l‘u-

736 2589 945 2640 sionem
982 2588 1283 2655 sapientim,
1316 2588 1669 2643 llebrarorum
1699 2591 1875 2659 lingua
1904 2592 2307 2657 liti\‘il.Q-tillall|

736 2694 870 2731 vero
900 2679 951 2731 ill
994 2681 1155 2733 sunt?
1201 2681 1257 2733 Si
1308 2680 1585 2734 Maintmas
1626 2698 1787 2736 aures
1820 2684 2004 2736 auditu
2056 2687 2309 2752 praeditas

740 2770 991 2833 haberet,
1016 2772 1261 2824 audisset
1296 2772 1485 2839 utique
1519 2772 1923 2841 manilesthue
1945 2777 2306 2842 cognovisset,

738 2873 844 2909 non
874 2859 995 2911 illos
1042 2860 1463 2926 angustissimos
1496 2860 1845 2918 Cherubinos
1888 2863 1970 2916 bis
2007 2866 2185 2916 verbis
2213 2866 2307 2919 de-

737 2949 965 3014 signari,
1007 2949 1097 3016 qui
1160 2960 1288 3003 sunt
1348 2952 1680 3020 incorporei,
1737 2956 1855 3007 sine
1917 2955 2090 3007 l'arma
2147 2966 2310 3024 atque

738 3038 945 3104 ﬁgura,
986 3038 1384 3093 imellectnales
1446 3055 1511 3093 ac
1571 3043 1901 3108 rationales;
1968 3046 2064 3097 sed
2123 3059 2309 3099 sacras

738 3131 918 3198 potius
954 3130 1166 3183 illorum
1197 3131 1480 3199 imagines,
1510 3148 1574 3186 ex
1608 3136 1894 3203 purissima
1933 3136 2310 3204 splendidissi-

736 3233 935 3285 maqne
994 3222 1221 3272 materia
1261 3225 1614 3291 compositas,
1649 3226 1831 3278 aureis
1862 3208 2080 3279 laminis
2118 3241 2310 3280 aurea-

736 3323 843 3374 que
874 3309 1128 3361 ozelatura
1178 3310 1248 3363 ab
1306 3312 1560 3366 humanis
1616 3316 1867 3368 manibus
1926 3315 2032 3369 Deo
2088 3315 2339 3385 jubente.

738 3400 1053 3465 labriCatas,
1112 3403 1397 3471 inanimes,
1429 3407 1548 3460 sine
1601 3418 1743 3461 motu
1770 3425 1835 3462 ac
1896 3426 2080 3475 sensu,
2121 3415 2307 3466 eodem

740 3508 802 3544 ar.
838 3494 910 3545 illi
941 3496 1158 3548 nomine
1189 3497 1507 3563 appellatas,
1542 3499 1924 3566 appellationis
1954 3502 2111 3556 simul
2139 3505 2309 3573 parti-

738 3586 886 3653 cipcs
916 3596 967 3639 et
1002 3587 1187 3655 gloria:
1209 3589 1505 3659 gratia?an
1532 3601 1828 3660 compotes.

812 3860 952 3925 Ouid
991 3876 1121 3929 ergo
1158 3860 1270 3915 ﬁeri
1302 3862 1623 3931 oportebat?
1652 3863 1890 3919 Credere
1925 3851 2047 3919 bis?
2077 3883 2142 3919 an
2172 3842 2311 3921 Pau-

740 3953 850 4006 lum
894 3953 1008 4007 ba'c
1062 3953 1331 4008 dicentem
1383 3956 1647 4022 rejicere?
1688 3955 1996 4011 Jucundum
2040 3960 2139 4012 hoc
2186 3974 2312 4028 gra-

751 4058 983 4113 tumque
1022 4046 1283 4100 Mamouaa
1317 4046 1528 4109 fuisset,
1564 4050 1748 4116 procul
1775 4065 1965 4118 nempe
1995 4053 2061 4103 ab
2093 4030 2314 4121 aposto-

741 4136 844 4188 lira
893 4136 1137 4189 doctrina
1207 4135 1316 4207 74
1370 4139 1672 4201 discedere,
1732 4151 1895 4207 atque
1947 4139 2311 4194 Christianum

740 4241 861 4279 esse
888 4227 1137 4279 desinere
1166 4246 1180 4281 :
1206 4231 1333 4295 quin
1364 4230 1500 4281 adeo
1524 4245 1587 4283 ne
1625 4229 1791 4300 Moysi
1825 4230 2041 4298 quidem
2068 4238 2309 4297 credere,

739 4320 833 4387 qui
878 4318 973 4371 bos
999 4332 1321 4372 consunere
1350 4319 1535 4384 jusSiIs
1566 4322 1696 4387 fuit;
1741 4339 1913 4389 neque
1943 4324 2222 4376 chrmum
2256 4340 2315 4378 se

743 4413 1010 4477 proliteri,
1058 4420 1113 4464 ct
1166 4412 1209 4464 si
1243 4412 1372 4478 quid
1412 4414 1495 4466 bis
1544 4415 1829 4466 enormius
1871 4416 2158 4467 ditendum
2200 4427 2311 4479 est,

748 4520 924 4569 neque
956 4503 1062 4557 Deo
1086 4504 1437 4571 acquiescere
1459 4506 1548 4573 qui
1579 4506 1677 4559 bos
1706 4506 1820 4559 [it-ri
1851 4508 2146 4560 tumulavit.
2178 4508 2313 4573 Quid

740 4596 885 4649 cnim
913 4596 1044 4647 dixit
1074 4595 1125 4648 iu
1162 4595 1386 4649 oraculo
1414 4597 1551 4650 [lens
1585 4598 1802 4667 proprio
1829 4599 2058 4651 famulo?
2093 4596 2310 4665 Videsis,

742 4686 919 4737 omnia
956 4684 1115 4750 [acies
1147 4684 1305 4753 juxta
1345 4684 1439 4737 tibi
1488 4696 1751 4737 ostensum
1789 4686 2102 4748 exemplar;
2156 4696 2314 4758 atque

741 4778 888 4829 illinc
922 4776 1017 4828 tibi
1072 4777 1393 4829 innotescunt
1450 4776 1521 4841 ",
1585 4792 1650 4829 ex
1704 4776 2031 4830 (lberubinis
2082 4778 2310 4831 scilicet.
2356 4766 2361 4779 ’

742 4872 895 4921 Anne
925 4868 1093 4937 igitur
1126 4869 1475 4921 honorabiles
1511 4883 1614 4921 non
1652 4868 1906 4921 videntur
1935 4884 1998 4920 ac
2023 4870 2312 4921 veneramli

743 4960 843 5026 illi,
878 4961 1017 5014 unde
1062 4961 1201 5014 Deus
1241 4960 1555 5014 hominibus
1596 4959 1923 5013 innotest-it?
1962 4957 2132 5014 Nemo
2174 4960 2313 5014 divi-

744 5067 936 5106 narum
989 5068 1169 5106 rerum
1217 5068 1473 5107 reverens
1524 5067 1628 5105 non
1663 5036 2015 5107 assentietur.
2048 5052 2146 5118 Qui
2185 5068 2313 5106 vero

745 5144 826 5196 bis
849 5143 1235 5197 eontmneliam
1266 5144 1418 5210 lacit,
1442 5158 1676 5210 quanam
1702 5153 1852 5198 sorte
1887 5145 2202 5207 donabitur,
2230 5145 2315 5198 vel

744 5234 1065 5300 quibusnam
1100 5235 1525 5288 acceusebitur?
1571 5233 1753 5287 Facile
1796 5235 1846 5287 id
1877 5239 2108 5304 quisque
2150 5236 2315 5300 volet,

746 5326 1056 5392 intelliget:
1108 5342 1299 5395 nempe
1355 5342 1480 5383 cum
1532 5328 1875 5381 ethnicorum
1920 5329 2210 5390 atbeisnto,
2265 5340 2317 5383 et

745 5433 867 5474 cum
919 5419 1338 5476 Mauichmorum
1412 5420 1690 5489 impietate
1762 5432 2026 5488 ponetur;
2090 5437 2317 5490 quorum

818 5577 863 5607 "
894 5576 1053 5631 llebr.
1091 5594 1166 5642 nt,
1196 5579 1248 5632 5.
1326 5579 1371 5611 "
1397 5577 1564 5633 Exod.
1605 5593 1730 5645 xxv,
1753 5576 1842 5631 22.

826 5712 938 5781 (Βῗί)
976 5714 1027 5766 lu
1061 5714 1251 5768 Gravco
1282 5715 1463 5770 rodicc
1493 5713 1807 5768 voeabulum
1853 5715 2059 5781 τάξεως
2090 5717 2226 5777 jacet
2259 5717 2310 5769 in

758 5787 998 5854 margin:
1064 5803 1090 5839 a
1150 5785 1385 5840 secunda
1437 5800 1598 5839 manu
1635 5784 1895 5853 scriptum
1943 5790 2059 5839 sine
2109 5788 2304 5841 iuditte

2337 3192 2379 3249 C

2426 576 2673 646 θεωρεῖν.
2704 577 2834 637 Ταῖς
2858 574 3141 642 ἀληθείαις
3170 574 3225 627 δὲ
3250 575 3314 643 τῇ
3340 572 3562 642 ἐξουσία
3579 570 4016 644 καταχρώμενος

2422 668 2716 736 ἐπέτρεπε,
2752 667 2818 719 δι’
2850 661 2915 737 ἦς
2946 667 3006 719 τὸ
3038 667 3146 718 πᾶν
3175 664 3286 718 τῶν
3316 662 3622 716 δοκούντων
3648 661 4011 734 κατώρθωτο.

2435 759 2597 828 Ἡμῖν
2625 761 2684 814 δὲ
2715 762 2826 823 τοῖς
2856 759 2950 812 τοῦ
2981 760 3141 825 λόγου
3177 757 3277 825 τῆς
3307 755 3571 825 ἀληθείας
3605 754 4008 826 προεστηκόσι,

2421 853 2514 904 καὶ
2542 853 2634 905 τὸν
2664 852 2793 921 περὶ
2814 852 3020 905 τούτων
3047 852 3208 917 λόγον
3240 848 3613 918 ποιουμένοις,
3637 849 3719 904 ὅτι
3752 848 3848 901 καὶ
3872 847 4013 917 γρά-

2421 961 2612 1013 φονται
2640 947 2733 998 καὶ
2764 944 3124 1009 είκονίζονται
3153 946 3211 1007 οἱΔ
3230 943 3377 1011 ᾶγιοι
3400 942 3648 1010 ἄγγελοι,
3680 940 3755 1004 ὡς
3782 942 3840 993 ὲν
3873 939 4010 1010 βρα-

2418 1042 2504 1106 χεῖ
2545 1038 2608 1090 τὸ
2658 1040 2767 1090 πᾶν
2799 1018 3256 1107 εἰσενεχθὴσεται.
3308 1034 3532 1104 Πρῶτον
3580 1033 3678 1103 μὲν
3708 1032 3820 1103 γάρ
3866 1030 4011 1085 αὐτὰ

2422 1133 2693 1199 μαρτυρεί
2741 1130 2811 1182 τὰ
2860 1130 3181 1199 πράγματα,
3218 1127 3361 1196 άπερ
3406 1125 3493 1177 διὰ
3541 1124 3649 1177 τῶν
3706 1123 4009 1194 ὁρωμένων

2419 1223 2549 1291 ἡμῖν
2584 1225 2678 1275 καὶ
2719 1223 2810 1275 ὑπ’
2857 1222 2981 1290 ὄψιν
3027 1218 3300 1285 κειμένων
3354 1217 3618 1285 ἀσφαλῶς
3664 1214 4005 1285 βεϐαιοῦται.

2419 1313 2703 1383 Πανταχοῦ
2742 1313 2850 1384 γάρ
2881 1316 2984 1382 γῆς
3024 1311 3166 1365 κατά
3195 1310 3322 1372 τοὺς
3353 1311 3534 1379 ἱεροὺς
3579 1310 3741 1371 ναοὺς
3774 1309 3830 1361 αί
3861 1309 4008 1360 ἱστο-

2418 1407 2534 1478 ρίαι
2589 1406 2856 1475 πλήθουσι
2890 1406 2957 1458 τα
3012 1405 3123 1458 τῶν
3180 1403 3496 1470 ἀσωμάτων
3538 1401 3826 1469 δυνάμεων
3882 1398 4008 1469 ίερά

2419 1499 2838 1567 ἀπεικάσματα,
2880 1498 2974 1551 καὶ
3022 1498 3121 1565 τῆς
3151 1495 3452 1563 καθολικῆς
3520 1492 3876 1561 Ἐκκλησίας,
3933 1490 4006 1542 δι’

2415 1584 2483 1659 ἦς
2520 1587 2581 1639 τὸ
2623 1587 2825 1658 κράτος
2868 1585 3111 1657 ἀρχῆθεν
3164 1585 3426 1653 κέκτηται
3480 1586 3513 1654 ἡ
3570 1582 3894 1651 παράδοσις·
3928 1574 4007 1634 ὧν

2416 1676 2693 1743 ἀπόδειξιν
2744 1677 2951 1745 ζητεῖν,
2988 1676 3170 1744 πάσης
3219 1675 3481 1727 ἐπέκεινα
3531 1672 3875 1743 ἠλιθιότητος
3909 1674 4007 1725 καὶ

2423 1768 2806 1838 ματαιότητος.
2843 1769 3078 1821 Ἔπειτα
3121 1767 3177 1820 δὲ
3218 1767 3313 1820 καὶ
3368 1768 3402 1835 ἠ
3444 1763 3552 1818 τῶν
3580 1763 4007 1833 θεοπαραδότων

2348 1838 2386 1891 Β
2418 1863 2616 1929 λογίων
2640 1862 2831 1931 σαφῶς
2860 1864 3006 1932 ἡμᾶς
3039 1860 3353 1913 ὲκπαιδεύει
3381 1858 3725 1913 διδασκαλία.
3763 1858 3877 1910 Καὶ
3916 1856 4005 1908 ἶνα

2420 1951 2514 2004 ἀπ’
2559 1951 2730 2018 αὐτῆς
2779 1951 2877 2019 τῆς
2932 1950 3249 2021 πρωτίστης
3290 1949 3382 2001 καὶ
3412 1948 3488 2011 ὼς
3524 1946 3813 2016 ἐγγυτάτω
3861 1944 4003 1997 Θεοῦ

2419 2043 2514 2095 καὶ
2565 2042 2635 2094 τά
2692 2042 2890 2112 πρῶτα
2944 2040 3152 2094 ἐκεῖθεν
3202 2039 3630 2108 ὶλλαμπομὲνης
3680 2036 4003 2106 ἀρξώμεθα,

2423 2134 2620 2204 ἴδωμεν
2651 2136 2703 2188 τί
2731 2134 2840 2187 τῶν
2868 2136 2996 2205 περὶ
3027 2132 3127 2202 τὴν
3159 2131 3393 2186 κιϐωτὸν
3430 2132 3619 2183 ἕνεκεν
3641 2130 3874 2194 τάξεως.
3904 2129 4005 2197 τῆς

2420 2229 2478 2279 ὲν
2507 2228 2656 2297 νόμῳ
2697 2227 2927 2295 σκηνῆς,
2965 2227 3100 2295 φησὶ
3129 2223 3369 2285 Παῦλος·
3422 2221 3731 2289 ’Υπεριὶνω
3788 2220 3859 2273 δὲ
3891 2222 4005 2273 αὑ-

2420 2315 2530 2384 τῆς
2559 2318 2849 2384 Χερουϐὶμ
2902 2317 3091 2384 δόξης
3124 2314 3606 2378 κατασκιάζοντα
3638 2314 3704 2366 τὸ
3745 2311 4002 2377 ἱλαστή-

2411 2418 2566 2475 ριον.
2598 2409 2889 2478 Χερουϐὶμ
2917 2409 2973 2461 δὲ
3001 2407 3184 2474 δόξης,
3218 2406 3283 2459 τὰ
3306 2403 3701 2473 δεδοξασμένα,
3720 2401 3790 2454 τὰ
3811 2399 4003 2465 ἔνδοξα

2420 2502 2516 2552 καὶ
2541 2501 2801 2553 ὑποκάτω)
2827 2499 2920 2551 τοῦ
2943 2499 3100 2563 Θεοῦ,
3132 2499 3208 2561 ὡς
3239 2498 3440 2565 ἄριστα
3470 2498 3582 2559 τοῖς
3616 2498 4004 2566 μυσταγωγοίς

2418 2596 2515 2662 τῆς
2555 2593 2890 2663 Ἐκκλησίας
2911 2591 3089 2644 δοκεῖ·
3123 2591 3412 2661 σημαίνειν
3432 2589 3488 2642 δὲ
3511 2588 3774 2657 τοῦνομα,
3797 2586 4006 2657 πλῆθος

2419 2684 2670 2753 γνώσεως
2720 2686 2811 2737 καὶ
2857 2683 3015 2754 χύσιν
3044 2685 3236 2752 σοφίας
3267 2685 3301 2752 ἡ
3364 2679 3634 2751 Ἐϐραίων
3675 2674 3787 2731 οἶδε
3822 2679 4002 2747 φωνή.

2420 2778 2556 2830 Τίνα
2592 2776 2648 2827 δὲ
2683 2777 2879 2838 ταῦτα,
2914 2778 2962 2827 εἰ
2994 2768 3106 2828 ὦτα
3136 2773 3249 2845 εἶχε
3281 2772 3379 2826 τοῦ
3405 2770 3650 2831 ἀκούειν,
3684 2771 3924 2840 ἡκουσεν
3940 2769 4005 2821 ἂν

2418 2870 2512 2921 καὶ
2543 2869 2756 2935 ἐπέγνω
2791 2868 2996 2934 σαφῶς,
3034 2870 3117 2920 ὅτι
3151 2868 3251 2919 ούκ
3292 2865 3493 2927 αὐτοὺς
3531 2866 3655 2926 τοὺς
3689 2863 4004 2925 θειοτάτους

2418 2962 2511 3014 καὶ
2547 2960 2888 3030 ὑπερτάτους
2960 2960 3244 3030 Χερουϐὶμ
3287 2960 3315 3010 ό
3347 2957 3503 3024 λόγος
3558 2956 3913 3026 παρίστησιν,
3955 2953 4005 3006 oi

2417 3069 2480 3119 γε
2507 3050 2794 3121 ἁσώματοί
2828 3052 2888 3103 τὲ
2915 3053 3021 3104 εἰσι
3055 3052 3150 3103 καὶ
3178 3049 3409 3103 ἀνείδεοι
3442 3049 3535 3099 καὶ
3569 3046 4001 3115 ἀσχημάτιστοι,

2418 3144 2595 3212 νοεροί
2630 3161 2688 3195 τε
2720 3145 2814 3197 καὶ
2861 3143 3073 3211 λογικοὶ
3119 3142 3523 3211 τυγχάνουσιν·
3556 3140 3694 3194 ἀλλά
3737 3142 3861 3192 κατ’
3908 3140 4008 3193 αὑ-

2411 3238 2540 3297 τοὺς
2571 3235 2692 3304 ἱερὰ
2739 3235 3207 3303 ἁπεικονίσματα.
3249 3234 3394 3302 άπερ
3420 3233 3480 3297 ἐξ
3512 3232 3647 3303 ὖλης
3688 3236 3789 3303 τῆς
3825 3232 4005 3285 καθα-

2414 3324 2661 3395 ρωτάτης
2703 3325 2796 3378 καὶ
2842 3324 3240 3393 λαμπροτάτης
3290 3322 3684 3384 διεσκεύαστο,
3728 3323 3796 3375 τά
3827 3340 4005 3392 χρυσ-

2414 3403 2609 3483 ήλάτα,
2632 3414 2701 3467 τὰ
2722 3415 3149 3485 χρυσοτὸρευτα,
3168 3415 3236 3467 τά
3258 3416 3445 3484 χερσὶν
3472 3414 3843 3484 ἀνθρωπείαις
3863 3414 4004 3467 Θεοῦ

2376 3504 2379 3505 ⁷
2414 3508 2843 3577 προστάττοντος
2887 3506 3255 3577 διησκημένα.
3292 3507 3361 3557 τα
3412 3506 3615 3573 ἄψυχα,
3644 3504 3711 3556 τά
3742 3504 4002 3572 ἀκίνητα,

2411 3598 2478 3651 τὰ
2496 3598 2821 3675 ἀναίσθητα,
2845 3599 3152 3667 ὁμωνύμως
3184 3599 3414 3659 ἐκείνοις
3446 3595 3999 3667 προσαγορευόμενα,

2385 3733 2390 3739 .
2413 3693 2511 3760 τῆς
2534 3707 2594 3743 τε
2634 3690 3007 3762 προσηγορίας
3033 3693 3395 3761 μετασχόντα,
3421 3689 3516 3740 καὶ
3537 3688 3694 3756 δόξης
3716 3684 4007 3756 ἠξιωμένα

2414 3784 2510 3853 καὶ
2549 3782 2795 3850 χάριτος.

2485 3865 2550 3923 Ti
2583 3868 2677 3923 οὖν
2723 3872 2924 3940 ὲχρῆνς
2976 3870 3264 3923 Πείθεσθαι
3308 3868 3545 3933 τούτοις,
3585 3867 3617 3937 ἢ
3668 3867 4006 3936 διαγράφειν

2396 3962 2832 4025 ⁸ῐῐαῦλονηταῦτα
2864 3962 3283 4031 διαλεγόμενον;
3328 3962 3458 4013 Ἡδὺ
3504 3959 3662 4012 τοῦτο
3702 3959 3852 4030 αύτῷ
3907 3963 4004 4014 καὶ

2415 4056 2610 4126 χαρίεν
2645 4056 2864 4124 μακράν
2907 4058 3004 4123 τῆς
3036 4052 3405 4119 ἁποστολικῆς
3450 4051 3798 4114 διδασκαλίας
3842 4054 4004 4105 ἀποί-

2382 4175 2387 4181 ι
2416 4146 2631 4216 χεσθαι,
2662 4144 2953 4216 καὶταύτῃ
2976 4145 3107 4210 γοῦν
3136 4145 3195 4195 ο)
3237 4142 3338 4196 κᾶν
3368 4144 3697 4213 Χριστιανὸν
3724 4147 4005 4215 χρηματί-

2419 4250 2543 4285 σαι·
2586 4236 2634 4286 εἰ
2686 4234 2743 4286 δὲ
2789 4233 2908 4285 οὐδὲ
2945 4235 3153 4301 Μωῦσῇ
3196 4232 3426 4284 ἕπεσθαι
3462 4231 3549 4301 ιτῴ
3599 4232 3774 4286 ταῦτα
3806 4235 4003 4287 κελευ-

2419 4324 2602 4377 σθέντι
2632 4326 3023 4393 τεχτήνασθαι,
3055 4324 3175 4375 οὐδὲ
3212 4321 3764 4391 Ἐϐραῖονύπάρξαι.
3820 4328 3917 4377 καὶ
3953 4330 4004 4379 εί

2415 4415 2498 4468 δεῖ
2545 4417 2604 4467 τὸ
2636 4417 2842 4467 τούτων
2876 4418 3051 4468 εἰπεῖν
3084 4414 3489 4484 άηχέστερον,
3519 4416 3641 4469 οὐδὲ
3695 4416 3860 4469 αὐτὸν
3914 4418 4005 4470 δέ-

2348 4544 2387 4600 D
2420 4506 2612 4572 ξασθαι
2646 4508 2778 4559 Θεὸν
2820 4496 2993 4559 ταῦτα
3035 4505 3438 4577 προστάξαντα.
3477 4507 3547 4576 Τί
3582 4506 3689 4576 γάρ
3750 4525 3920 4576 φησιν
3974 4513 4004 4561 ὁ

2418 4599 2772 4670 χρηματίζων
2803 4600 2935 4661 Θεὸς
2966 4598 3040 4668 τῷ
3069 4599 3255 4668 οἰκείῳ
3280 4599 3609 4669 θεράποντι·
3639 4600 3789 4666 Ὅρα
3823 4600 4003 4664 ποιή-

2416 4707 2547 4755 σεις
2580 4690 2776 4743 πάντα
2805 4692 2953 4761 κατὰ
2995 4691 3104 4743 τὸν
3154 4692 3346 4761 τύπον
3382 4690 3489 4742 τὸν
3514 4689 3830 4755 δειχθέντα
3861 4708 3958 4743 σοι
3986 4707 3999 4720 ·

2416 4781 2513 4832 καὶ
2584 4778 2815 4831 ἐκεῖθεν
2870 4778 3303 4847 γνωσθιήσομαί
3364 4795 3495 4840 σοι,
3549 4779 3655 4829 τῶν
3715 4780 4006 4848 Χερουϐἳμ

2416 4871 2611 4934 λέγων.
2644 4865 2791 4940 Ἀρά
2822 4870 2914 4923 οὖν
2941 4870 3000 4923 ού
3034 4870 3190 4940 τίμια
3225 4870 3375 4923 δοκεῖ
3397 4871 3497 4923 καὶ
3527 4868 3799 4939 σεϐάσμια
3834 4867 4000 4935 εἶναι,

2421 4962 2544 5015 ὅθεν
2586 4963 2717 5025 Θεὸς
2774 4961 3085 5033 ἀνθρώποις
3120 4955 3633 5039 γινώσκεται;·πᾶς
3672 4979 3757 5026 τις
3789 4964 3900 5015 τῶν
3932 4965 4005 5017 τὰ

2424 5053 2544 5106 θεῖα
2585 5053 2849 5106 σεϐόντων
2891 5056 3252 5123 συμφήσειεν.
3301 5054 3359 5106 '0
3390 5054 3596 5107 τούτων
3644 5054 3689 5108 δ’
3737 5055 4002 5125 ὑϐριστὴς

2425 5146 2528 5201 ποῦ
2576 5164 2706 5200 ποτε
2769 5137 3206 5219 κληρωθήσέτσι,
3265 5147 3525 5219 καῖτίσι
3582 5148 4003 5214 συντετάξεται,

2427 5240 2607 5311 ῥᾴδιον
2666 5240 2895 5293 συνιδεῖν
2946 5240 3023 5310 τῷ
3080 5232 3405 5311 βουλομένῳ
3446 5240 3633 5303 παντὶ,
3703 5241 3843 5310 μετά
3900 5242 4003 5311 τῆς,

2436 5309 2704 5398 Ἐλλήνων
2729 5309 3042 5400 ἀθεότητος,
3065 5314 3217 5401 ’μετά
3242 5309 3685 5400 τῆςλΜανιχαίων
3707 5309 4006 5401 ἀνοσιότη-

2424 5439 2515 5485 τος
2540 5439 2553 5453 ·
2581 5416 2655 5476 ὧν
2685 5423 2785 5492 τὴν
2819 5423 2976 5488 δόξαν
3012 5424 3109 5476 καὶ
3147 5410 3252 5493 τὴν
3296 5423 3652 5494 διδασκαλίαν
3680 5424 4002 5493 ἐζηλωκὼς,

2423 5720 2832 5801 proprimsctlis,
2873 5736 3034 5789 quant
3068 5735 3211 5777 nunc
3234 5718 3423 5788 judico
3479 5735 3600 5776 esse
3627 5731 3749 5792 post
3787 5722 3994 5792 ἐλλαμ-

2416 5807 2677 5859 πομενης.
3306 5828 3307 5833 η
3331 5825 3334 5828 ~
