4238 6446
215 408 321 472 349

921 406 1552 468 ANTIRRIIETICUS
1600 402 1676 471 Ili
1713 406 1880 467 ADV.
1921 404 2514 465 CONSTANTINUM
2554 404 2767 463 COPR.

3372 398 3479 462 5‘50

216 520 311 572 ἐπὶ
333 518 589 571 τοσοῦτον
623 515 818 586 μανίας
846 516 940 571 καὶ
980 515 1171 579 ἀθεῖας
1222 516 1538 581 ὲξιῦλισθεν,
1583 517 1659 579 ὡς
1689 518 1797 586 ἄρα
1829 521 1851 576 ,ι

1903 517 2227 571 sententiain
2282 516 2700 584 doctrinamque
2748 513 3024 567 Mauronas
3074 511 3368 575 :emulans,
3424 513 3476 565 in

215 612 415 675 ἐξεῖναι
440 607 588 679 αὐτῷ
613 611 707 662 καὶ
738 608 905 679 ἔτερα
939 608 1110 661 πολλὰ
1140 608 1240 677 τῆς
1269 608 1634 661 θεοπνεύστου
1660 608 1801 677 Γρα-

213 702 320 768 φῆς
347 700 609 762 ὡσαύτως
641 699 873 759 ἐκείνοις
897 699 991 751 καὶ
1027 699 1279 761 κακίζειν
1314 716 1405 750 και
1442 698 1794 767 ιἰαγράφειν,

212 789 537 856 ἀλογώτατά
564 805 622 841 τε
656 791 749 843 καὶ
780 786 1188 840 δυσσεϐέστατα
1218 803 1231 817 ⁸
1266 789 1389 839 ἐπεὶ
1440 784 1534 840 οὖν
1562 788 1660 847 τὰς
1702 787 1796 839 τοῦ

212 879 535 949 Πνεῦματος
574 880 758 948 φωνὰς
820 878 1205 949 ὲξομνύμενος,
1232 880 1306 941 ὡς
1330 880 1672 951 πορρωτάτω
1696 880 1797 948 τῆς

211 973 565 1042 Χριστιανῶν
600 972 772 1041 αὐλῆς
804 973 1187 1042 ἶιεσκήνωται,
1220 973 1356 1042 φέρε
1384 974 1481 1033 τὰς
1514 974 1795 1042 ἡμετέρας

212 1064 534 1135 ὑπολήψεις,
566 1064 633 1129 ἃς
661 1065 725 1135 δὴ
754 1065 885 1136 περὶ
917 1064 1097 1118 αὐτῶν
1126 1067 1173 1118 οἱ
1211 1082 1278 1117 πε
1292 1065 1519 1133 ριϐόλων
1549 1064 1679 1118 εἵσω
1696 1066 1795 1135 τῆς

210 1158 496 1221 εὐσεϐείας
524 1158 805 1228 ἱστάμενοι
834 1157 1054 1228 ἔχομεν,
1086 1157 1233 1210 καθα
1264 1160 1314 1210 οἱ
1345 1158 1435 1210 τοῦ
1475 1158 1796 1227 Πνεύματος

212 1250 489 1319 ὑποφῆται
527 1250 727 1312 πάντες
778 1248 1275 1321 ὲμυσταγὼγησαν,
1320 1251 1415 1302 καὶ
1460 1250 1488 1301 6
1528 1248 1629 1316 τῆς
1661 1249 1795 1301 καθ-

210 1342 401 1413 ολικῆς
448 1341 779 1409 Ἐκκλησίας
806 1338 915 1395 οἶδε
958 1359 1099 1394 σκοπ
1131 1359 1181 1409 ς,
1209 1342 1285 1405 ὡς
1315 1342 1375 1395 ὲν
1422 1341 1592 1413 ὀλίγῳ
1616 1342 1794 1393 εἰπεῖν

209 1433 679 1503 παραστήσωμεν.

278 1545 344 1599 θ’.
381 1543 565 1612 Φαμὲν
596 1543 799 1609 τοίνυν,
824 1544 901 1606 ὼς
930 1544 986 1598 ai
1018 1545 1289 1611 πανάγιαι
1319 1533 1480 1596 αὗται
1509 1541 1788 1612 δυνάμεις,

206 1637 356 1700 ὅπως
386 1637 482 1707 μὲν
522 1635 709 1705 ἔχουσι
741 1636 957 1703 φύσεως
994 1638 1090 1689 καὶ
1120 1636 1429 1707 ὑτ.ἀρξεως,
1477 1638 1608 1707 παρ’
1660 1636 1791 1703 ἡμῖν

205 1730 550 1799 ἠγνοημένον
582 1729 698 1789 πώς
726 1734 842 1782 ἐστι
874 1748 907 1782 κ
946 1731 969 1781 l.
995 1730 1446 1800 δυσεπιχείρητον
1472 1746 1484 1757 ο
1525 1731 1614 1781 καὶ
1642 1730 1791 1797 εἷ’ρη-

204 1822 294 1873 ταί
328 1838 394 1891 γε
429 1823 463 1891 ἡ
485 1826 563 1875 ιίν
602 1824 658 1874 ὲν
692 1824 901 1893 ἑτέροις
946 1823 1303 1891 πλατύτερον,
1336 1825 1450 1884 τοῖς
1476 1823 1583 1873 τῶν
1629 1821 1788 1891 ἱερῶν

186 1912 543 1967 διδασκάλων
592 1915 884 1983 ἑπομένοις
938 1914 1291 1983 διδάγμασιν.
1358 1913 1550 1967 ’Λπλαί
1588 1930 1645 1965 τε
1675 1913 1783 1981 γὰρ

201 2000 360 2058 οὖσαι
419 2005 695 2066 παντελῶς
746 2007 841 2058 καὶ
901 2006 1210 2069 ἀσύνθετοι,
1253 2007 1347 2057 καὶ
1378 2005 1781 2075 ἀπερίγραπτοι

201 2098 356 2166 τόπῳ
384 2097 475 2150 διὰ
506 2098 567 2149 τὸ
594 2097 912 2167 ἀσώματον,
948 2099 1096 2167 ὅμως
1121 2099 1422 2168 γράφονται
1453 2099 1546 2151 ναὶ
1584 2098 1782 2149 είκονί-

202 2187 409 2250 ζονται.
446 2191 554 2243 Καὶ
591 2192 1031 2259 προηγουμένως
1059 2207 1119 2257 γε
1152 2193 1312 2242 τοῦτο
1350 2191 1528 2260 ἴσμεν,
1565 2190 1652 2241 διὰ
1674 2188 1781 2241 τῶν

199 2280 291 2330 τοῦ
348 2281 671 2348 ΙΙνεύματος
728 2281 955 2347 λογίων,
1012 2281 1159 2351 ἅπερ
1215 2284 1241 2333 6
1296 2282 1619 2352 ἱεροφάντης
1652 2282 1780 2350 ἡμῖν

201 2373 443 2440 Minari};
469 2376 566 2443 τῆς
604 2373 711 2424 τῶν
742 2374 955 2442 Χερουϐ
990 2393 1027 2443 μ
1063 2389 1102 2424 π
1141 2378 1339 2444 ιήσεως
1374 2376 1559 2426 ἕνεκεν
1600 2392 1781 2442 παρα--

199 2464 456 2518 δέδωκεν.
519 2466 752 2517 Ἔπειτα
792 2467 980 2537 ἐπειδὴ
1048 2467 1425 2535 λειτουργικὰ
1472 2465 1782 2535 πνεύματά

200 2560 377 2621 εἰσιν,
427 2558 518 2621 εις
574 2556 893 2610 διακονίαν
938 2560 1440 2626 ἀποστελλόμενα
1490 2558 1587 2611 διὰ
1639 2558 1782 2623 τοὺς

198 2646 541 2712 μέλλοντα,-
588 2648 991 2715 κληρονομεῑν
1037 2650 1365 2714 σωτηρίαν,
1426 2649 1716 2717 εὐδόκησεν
1754 2650 1782 2701 6

203 2738 424 2789 παντων
460 2736 713 2807 κηδεμὼν
750 2738 841 2790 ναὶ
877 2740 1158 2806 Δεσπότης
1196 2740 1349 2803 Θεὸς,
1381 2742 1408 2792 6
1458 2740 1632 2792 πάντα
1665 2739 1781 2807 φιλ-

203 2828 508 2898 ανθριὺῖω·
576 2829 759 2893 οἰακίζ
814 2848 842 2881 ν
894 2832 987 2883 καὶ
1038 2832 1392 2899 πρυτανεύων
1419 2833 1486 2884 τὰ
1514 2832 1777 2901 ἡμέτερα,

204 2919 485 2987 ἀναλόγως
510 2922 576 2990 τῇ
608 2920 925 2991 ἀνθρωπίνῃ
956 2921 1229 2989 ἀσθενείᾳ.
1255 2922 1341 2974 διὰ
1361 2923 1459 2989 τῆς
1482 2923 1779 2991 συντρόφου

202 3015 293 3064 καὶ
339 3012 613 3081 συνήθους
648 3014 980 3083 αἰσθήσεως,
1011 3014 1108 3075 τὰς
1139 3012 1246 3063 τῶν
1290 3012 1577 3081 μακαρίων
1619 3014 1780 3065 δυνά-

207 3122 351 3172 μεςιιν
374 3106 701 3167 ἐπιστασίας
733 3106 1012 3173 γίνεσθαι*
1038 3106 1095 3170 ἐξ
1118 3100 1190 3159 ὧν
1209 3108 1358 3174 ἡμῖν,
1383 3105 1441 3157 τὸ
1466 3104 1779 3158 κοινωνικὸν

202 3198 445 3265 ἔχουσαι,
475 3198 541 3250 τὰ
578 3197 699 3249 θεῖα
725 3196 874 3266 δῶρα
900 3199 993 3250 καὶ
1021 3198 1118 3260 τὰς
1148 3198 1469 3266 εὐεργεσίας
1499 3196 1605 3247 τῶν
1637 3198 1779 3248 οἰκο-
1806 3234 1849 3293 C

200 3290 554 3358 νομουμὲνων
616 3292 709 3342 καὶ
762 3290 1237 3361 προμηθουμένων
1293 3289 1775 3359 διαπορθμεύουσι.

200 3380 400 3435 Πολλαὶ
434 3382 566 3449 γοῦν
616 3385 729 3445 τοῖς
762 3381 857 3435 τοῦ
892 3382 1029 3435 Θεοῦ
1089 3383 1423 3452 θεράπουσιν
1475 3381 1781 3449 αγγελοφά-

200 3490 337 3525 νειαι
393 3476 719 3542 γεγόνασιν·
761 3475 821 3527 οὐ
869 3475 965 3543 τῆς
1019 3476 1234 3543 φύσεως
1276 3474 1454 3527 αὐτῶν
1486 3473 1781 3542 ὲμφανιζοο

204 3568 395 3635 μένης,
455 3566 570 3618 ἀλλ’
608 3569 687 3630 εἱς
757 3567 881 3618 ὅσον
944 3566 1227 3632 ἁγιστείας
1277 3568 1369 3619 καὶ
1411 3564 1781 3635 καθαρότητος

197 3651 330 3727 ἧκεν
354 3659 383 3709 6
416 3657 553 3726 πρὸς
583 3656 681 3725 τὴν
700 3656 956 3724 τοιαύτην
983 3656 1111 3708 θέαν
1138 3654 1497 3725 κεκλημένος,
1524 3658 1557 3724 ἦ
1588 3672 1645 3707 τε
1674 3655 1780 3706 τῶν

198 3750 633 3817 διακονουμένων
672 3749 1017 3818 πραγμάτων
1055 3747 1242 3800 ἐκάλει
1280 3748 1436 3817 χρεία
1470 3749 1562 3798 καὶ
1594 3747 1621 3796 6
1661 3762 1777 3797 και-

201 3842 307 3912 ρός,
340 3840 518 3903 οὕτως
543 3841 599 3893 αἱ
634 3841 844 3909 μορφαὶ
885 3841 980 3892 καὶ
1010 3840 1075 3891 τὰ
1100 3840 1355 3907 σχήματα
1381 3839 1489 3889 τῶν
1514 3836 1780 3907 ἀμορφώ-

198 3951 301 3986 των
338 3934 433 3985 καὶ
467 3932 789 3993 ἀτυπώτων,
823 3934 935 3992 τοῖς
968 3934 1065 4000 τῆς
1088 3930 1216 3992 θέας
1250 3930 1579 3997 ἠξιωμένοις
1608 3928 1778 3979 καθα-

204 4030 308 4098 ροῖς
340 4027 465 4089 νοὸς
509 4027 745 4094 ὄμμασι,
782 4024 1104 4077 διετυποῦτό
1153 4041 1214 4075 τε
1255 4023 1531 4093 διαφόρως
1574 4023 1666 4073 καὶ
1700 4023 1779 4075 δι-

200 4120 474 4184 εφαίνετο.
504 4118 584 4169 Τὰ
615 4118 713 4185 μὲν
738 4112 830 4169 οὖν
861 4116 1000 4169 κατά
1024 4115 1114 4167 τὸν
1146 4116 1493 4184 πατριάρχην
1529 4113 1781 4184 Ἀϐραὰμ

198 4209 522 4279 τελούμενα,
563 4208 797 4277 κρείττω
831 4209 862 4278 ἣ
897 4209 1038 4261 κατὰ
1074 4206 1336 4274 ἀγγέλους
1364 4201 1471 4277 ἦν·
1506 4208 1598 4259 καὶ
1622 4208 1649 4258 ὀ
1682 4208 1780 4276 τῆς

200 4303 389 4368 καινῆς
434 4300 651 4367 ἐκείνης
692 4301 789 4352 καὶ¹
834 4299 1165 4368 θαυμαστῆς
1207 4297 1514 4361 δεξιώσεως
1554 4300 1775 4369 τρόπος,

200 4391 317 4443 καθ’
344 4395 410 4461 ῆν
443 4390 505 4443 τὸ
536 4390 783 4457 φιλόθεον
816 4390 952 4459 ὁμοῦ
984 4392 1079 4443 καὶ
1106 4388 1381 4458 φιλόξενον
1414 4390 1508 4442 τοῦ
1540 4390 1779 4455 ὲξενικό-

200 4500 287 4537 τος
321 4485 648 4553 ἀνυμνείταί
679 4499 741 4534 τε
776 4484 872 4536 καὶ
925 4480 1289 4553 θαυμάζεται,
1321 4481 1457 4535 Θεοῦ
1510 4483 1710 4551 μᾶλλον
1746 4482 1777 4554 ἢ

1902 622 2109 666 tantam
2147 612 2356 665 rabiem
2388 620 2443 664 et
2477 610 2940 679 irrcligiositatem
3005 608 3229 676 illapsus
3280 615 3383 667 est,
3421 616 3480 658 ttt

1899 705 1999 758 sibi
2055 704 2219 758 licere
2271 710 2453 771 putet,
2495 702 2630 756 alios
2683 715 2903 772 quoque
2969 702 3173 753 mullos
3219 699 3477 751 divinitus

1900 798 2175 865 inspirata:
2222 796 2519 863 Scriptura:
2570 794 2715 848 locos
2764 792 3019 846 similiter
3048 792 3358 858 vituperare
3410 803 3475 843 ac

1898 889 2076 943 delere
2125 888 2448 942 stultissime
2505 896 2556 941 et
2630 886 3037 940 sceleStissinte.
3108 883 3245 949 Quia
3309 883 3476 952 igitur

1895 980 2118 1047 ejuratis
2162 979 2401 1047 Spiritus
2448 978 2623 1031 sancti
2669 977 2850 1039 dictis,
2878 976 3194 1044 longissime
3228 989 3256 1027 a
3316 974 3473 1029 Chri-

1895 1074 2194 1127 mianurum
2224 1069 2343 1122 aula
2372 1068 2599 1133 habitat,
2632 1069 2812 1137 agesis
2845 1068 3171 1121 sententiam
3204 1075 3467 1127 nostram,

1896 1162 2194 1231 cujustnodi
2252 1174 2444 1213 omnes
2477 1159 2618 1211 intra
2654 1157 2998 1210 orthodoxim
3055 1167 3206 1223 septa
3262 1165 3471 1210 stantes

1895 1256 2156 1325 gerimus,
2200 1260 2355 1320 prout
2393 1250 2627 1318 Spiritus
2672 1251 3001 1317 interpretes
3052 1250 3231 1302 cunt-ti
3269 1249 3470 1300 docue-

1894 1358 2042 1410 runt,
2082 1356 2133 1398 et
2160 1344 2443 1398 catholica:
2479 1341 2733 1396 Ecclesia:
2788 1358 2939 1396 meus
2994 1348 3161 1407 leuet,
3221 1339 3472 1395 breviter

1892 1451 2249 1508 exponamus.

1962 1550 2014 1605 9.
2057 1544 2294 1602 Dicimus
2323 1562 2479 1616 ergo,
2524 1545 2883 1600 sanctissima:
2934 1546 3015 1599 hae
3052 1542 3331 1613 potentiae,
3367 1558 3467 1595 cu-

1886 1641 2124 1712 jusmodi
2180 1651 2405 1693 naturas
2457 1638 2695 1692 habeant
2748 1646 2911 1704 atque
2970 1634 3327 1697 substantias,
3369 1649 3469 1688 nos

1894 1736 2064 1790 ferme
2088 1735 2363 1799 ignorare,
2392 1742 2483 1783 aut
2508 1745 2652 1798 :rgre
2677 1729 2965 1783 admodum
2993 1742 3151 1797 posse
3174 1727 3464 1797 explicare;

1894 1830 2069 1894 deque
2101 1827 2201 1881 hac
2250 1840 2308 1879 re
2348 1824 2473 1876 alibi
2513 1821 2674 1875 latius
2710 1820 2947 1875 diximus
3001 1818 3138 1889 (86),
3188 1833 3466 1873 sacrorum

1892 1922 2279 1989 magistrorum
2310 1914 2577 1969 doctrinis
2606 1912 2995 1981 obsequentes.
3029 1910 3163 1965 Nam
3188 1911 3465 1980 simplices

1889 2028 2010 2065 cum
2050 2012 2161 2065 sint
2215 2019 2269 2063 et
2318 2010 2436 2062 ineo
2462 2006 2708 2075 ιιιιοείιει»,
2753 2005 2978 2072 locoque
3028 2014 3248 2072 propter
3283 2002 3465 2056 incor-

1888 2105 2230 2173 poralitatem
2249 2102 2760 2169 incircumscriptce,
2787 2099 3141 2153 nihilominus
3161 2097 3461 2165 pinguntur

1886 2210 1949 2249 ac
1997 2195 2315 2262 ﬁgurantur.
2356 2193 2533 2260 Atque
2571 2192 2621 2245 id
2661 2192 2945 2259 potissime
2971 2190 3177 2243 scimus
3212 2203 3308 2257 per
3336 2201 3464 2241 ora-

1885 2285 2003 2337 cula
2059 2284 2313 2351 Spiritus,
2349 2298 2468 2349 qua:
2506 2282 2864 2349 hiempbanta
2920 2280 3126 2351 Moyses
3163 2296 3323 2334 causa
3356 2295 3466 2335 sua:

1884 2374 2319 2426 Clwruhiuorum
2367 2372 2589 2425 factum
2629 2372 2784 2424 nobis
2812 2372 3084 2439 patefecit.
3116 2368 3316 2422 Deinde
3340 2369 3466 2437 quia

1885 2466 2332 2520 udmiuistratorii
2373 2466 2593 2531 spiritus
2638 2474 2780 2527 sunt,
2819 2464 2873 2516 in
2917 2464 3266 2515 ministerium
3316 2461 3465 2514 missi

1885 2568 2096 2627 propter
2122 2574 2230 2617 eos,
2263 2558 2353 2626 qui
2379 2557 2739 2609 Ita'reditatem
2792 2557 2996 2623 cupient
3024 2555 3211 2608 salutis
3246 2554 3314 2617 ",
3349 2552 3465 2621 pla-

1886 2650 1997 2703 cuit
2028 2650 2271 2700 omnium
2301 2647 2537 2700 curatori
2566 2662 2628 2700 ac
2674 2646 2903 2699 Domino
2936 2647 3064 2713 Deo,
3097 2647 3187 2717 qui
3224 2646 3457 2714 benigne

1885 2751 2075 2795 eurtcta
2106 2743 2389 2807 gubernat,
2419 2738 2685 2806 rebusque
2721 2741 2923 2794 nostris
2949 2742 3457 2808 moderatur,prout

1884 2835 2122 2902 postulat
2162 2834 2397 2885 humana
2440 2832 2755 2894 infirmitas,
2805 2848 2899 2898 per
2924 2834 3274 2886 comitantem
3308 2832 3465 2886 fami-

1884 2926 2187 2992 liaremque
2235 2938 2478 2988 sensum,
2511 2922 2794 2976 beatarum
2848 2925 3215 2992 potentiarum
3276 2924 3465 2978 adesse

1884 3019 2224 3079 cuswdiam;
2262 3019 2403 3068 nmle
2438 3016 2722 3069 nobiscum
2760 3015 3250 3078 commniiicantes,
3283 3016 3464 3069 divina

1884 3110 2022 3163 dona
2059 3125 2122 3162 ac
2156 3109 2418 3161 beneiicia
2453 3108 2821 3174 gerendarum
2869 3123 3047 3161 rerum
3080 3123 3139 3159 ac
3168 3107 3463 3177 providen-

1883 3202 2075 3253 darum
2124 3200 2419 3252 deferrent.
2457 3196 2634 3252 Multa:
2671 3199 2853 3266 itaque
2897 3198 2989 3252 Dei
3031 3197 3247 3253 fautulis
3296 3214 3462 3267 ange-

1886 3292 2057 3345 lorum
2095 3291 2460 3359 apparitioucs
2482 3305 2601 3343 sese
2628 3291 2966 3355 obtulerunt,
2992 3307 3095 3345 non
3116 3290 3462 3346 manifestata

1887 3382 2122 3448 lpSOt‘lllIl
2154 3394 2368 3441 natura,
2405 3380 2499 3434 sed
2550 3391 2853 3449 pronterat
2897 3382 3042 3437 illius
3099 3383 3461 3439 sanctimonia

1884 3488 1933 3531 et
2001 3478 2209 3544 pttrilas
2260 3477 2350 3544 qui
2408 3477 2471 3529 ad
2520 3477 2661 3530 hanc
2697 3477 2961 3529 visionem
3016 3478 3331 3543 vocabatur,
3382 3478 3462 3533 vel

1883 3583 2071 3622 eorum
2097 3584 2214 3633 ane
2248 3578 2407 3619 erant
2434 3567 2487 3619 in
2516 3568 2765 3620 manibus
2790 3568 3131 3634 negotiorum
3165 3584 3297 3622 usus
3323 3577 3461 3622 tem-

1886 3675 2093 3727 p-isque
2130 3658 2464 3726 requirebat,
2494 3658 2566 3709 ita
2604 3658 2790 3710 forma:
2818 3674 2881 3711 ac
2908 3660 3092 3725 ligone
3121 3657 3467 3725 angelorum,

1884 3751 1975 3818 qui
2014 3751 2159 3803 hisce
2195 3766 2288 3817 per
2316 3765 2372 3802 se
2403 3759 2611 3807 carent.
2637 3750 2815 3819 dignis
2834 3764 2899 3802 eo
2930 3750 3047 3802 visu
3076 3748 3229 3818 puris
3262 3748 3468 3803 mentis

1883 3844 2077 3903 oruiis,
2115 3842 2464 3894 multifariam
2514 3842 3005 3895 conformabantur
3034 3850 3197 3909 atque
3234 3855 3461 3909 appare-

1886 3937 2032 3987 hant.
2080 3933 2142 3986 Et
2201 3949 2290 3986 res
2337 3930 2555 3999 quidem
2588 3948 2710 3984 cum
2775 3932 3085 4000 patriarcha
3150 3930 3463 3983 Abrahamo

1884 4026 2128 4091 gesta”,
2166 4024 2452 4076 sublimior
2516 4038 2677 4090 quam
2732 4022 2974 4090 angelica
3036 4021 3173 4087 fuit;
3210 4029 3264 4074 et
3319 4020 3462 4073 illius

1888 4131 2036 4168 noue
2071 4114 2514 4181 admirauquue
2548 4113 2901 4166 salutationis
2952 4112 3168 4176 modus,
3199 4126 3305 4181 quo
3338 4110 3462 4164 reli-

1884 4206 2106 4272 giositas
2154 4214 2207 4258 et
2249 4203 2597 4271 hospitalitas
2652 4203 2968 4272 recipientis
3025 4202 3337 4256 celebratur
3400 4216 3463 4255 ac

1885 4296 2205 4363 suspicitur,
2243 4294 2334 4349 Dei
2373 4296 2552 4364 potius
2579 4310 2742 4364 quam
2773 4293 3089 4361 angelorum
3115 4293 3461 4362 prtesentiam

1884 4388 2142 4441 ostendit.
2218 4386 2395 4455 Atque
2465 4387 2625 4456 lmjus
2681 4395 2934 4455 nepotem
3009 4382 3311 4449 Iacobum,
3355 4398 3465 4453 quo

1888 4490 2131 4548 tempore
2179 4478 2275 4533 Dei
2324 4478 2486 4533 Verbi
2531 4479 2598 4533 ad
2653 4478 2931 4531 hominem
2984 4476 3466 4530 condescensionis

202 4576 451 4642 ἀγγέλων
478 4575 785 4645 παρουσίαν
811 4574 1159 4628 διαδεικνύει.
1192 4574 1296 4627 Τὸν
1323 4574 1379 4627 δὲ
1402 4574 1591 4627 τούτου
1617 4575 1778 4641 ἔκγο-
1816 4579 1851 4632 D

1888 4572 2132 4624 notitiam
2159 4579 2480 4639 accepturus
2513 4580 2654 4635 erat,
2682 4568 2886 4623 vidisse
2913 4567 3203 4622 manifeste
3235 4566 3462 4635 angelos

202 4685 286 4718 νον
327 4666 551 4729 Ἰακὼϐ,
585 4666 747 4735 ἡνίκα
773 4666 869 4737 τὴν
901 4666 996 4719 τοῦ
1027 4665 1163 4719 Θεοῦ
1198 4666 1375 4734 Λόγου
1403 4667 1540 4737 πρὸς
1564 4665 1775 4737 ἀνθρώ-

204 4774 331 4821 πους
405 4758 664 4826 μυεῖσθαι
739 4756 1153 4823 συγκατάσασιν
1206 4756 1453 4825 ἔμελλεν,
1510 4756 1779 4823 ἀγγέλους

203 4849 505 4919 ἑωρακέναι
559 4835 1232 4919 σαφῶίὰναγέγραπται.
1272 4848 1368 4900 καὶ
1422 4847 1668 4918 κλίμακα
1713 4847 1777 4916 δή

203 4958 319 4993 τινα
350 4942 493 5011 πρὸς
524 4942 754 5012 οὐρανὸν
804 4940 969 4993 αὐτὸν
999 4942 1062 4991 ὲκ
1096 4940 1197 5008 γῆς
1234 4940 1643 5009 ἀφικνουμένην
1688 4938 1780 4990 καὶ

204 5033 595 5086 ἀνατείνουσαν
623 5073 638 5099 ,
694 5035 786 5085 καὶ
836 5032 928 5086 τὸν
970 5033 1112 5103 ὑπὲρ
1152 5032 1325 5099 αὐτῆς
1382 5031 1780 5101 ὲστηριγμένον

203 5124 307 5175 τῶν
330 5125 472 5177 ὅλων
507 5124 736 5195 Κύριον,
769 5123 865 5177 καὶ
889 5125 987 5193 τὴν
1022 5124 1235 5177 ἐκεῖθεν
1263 5122 1373 5175 τῶν
1395 5124 1657 5176 ἀνιόντων
1684 5122 1779 5173 καὶ

206 5217 500 5268 κατιόντων
536 5215 793 5285 πάροδον,
822 5214 889 5268 δι’
924 5208 998 5268 ὧν
1031 5214 1482 5285 ἡκαταφοίτησις
1509 5212 1603 5265 τοῦ
1637 5211 1774 5264 πάν-

204 5322 306 5373 των
358 5308 521 5378 ἡμῶν
580 5308 830 5377 Σωτῆρος
888 5306 1025 5359 Θεοῦ
1081 5309 1213 5377 πρὸς
1269 5308 1446 5376 ἡμᾶς,
1502 5303 1778 5373 μυστικῶς

1888 4663 2151 4729 scriptum
2177 4663 2355 4729 est";
2398 4670 2452 4716 et
2482 4661 2745 4729 quasdam
2778 4659 2956 4714 scalas
2987 4672 3159 4727 usque
3192 4657 3258 4711 ad
3290 4658 3462 4726 ipsqu

1882 4756 2077 4810 cretum
2116 4755 2181 4809 de
2224 4765 2365 4807 terra
2416 4763 2700 4823 porrectas
2736 4767 2800 4807 ac
2852 4753 3245 4821 pertingentes,
3298 4759 3462 4818 atque

1883 4848 1935 4901 iu
1970 4847 2159 4900 barum
2196 4845 2431 4899 culmine
2466 4844 2824 4898 constitutum
2866 4840 3232 4895 universalem
3281 4840 3462 4893 Domi-

1884 4954 2031 5001 num,
2050 4947 2102 4990 et
2120 4937 2246 4990 illuc
2265 4936 2673 4991 ascendentium
2691 4950 2754 4988 ac
2776 4932 3228 4988 descendentium
3250 4931 3464 4983 discur-

1882 5046 2030 5093 sum;
2066 5044 2171 5098 qua
2207 5028 2414 5083 visione
2444 5026 2747 5081 communis
2789 5025 3100 5081 Serv-storis
3134 5022 3227 5078 Dei
3271 5023 3335 5077 ad
3364 5037 3463 5075 nos

1881 5124 2141 5177 adventus
2178 5122 2403 5194 mystice
2438 5120 2812 5192 figurabatur;
2842 5134 3016 5187 eaque
3051 5118 3217 5172 etiam
3250 5115 3495 5170 Christi-

1882 5215 2169 5283 imagiuetn
2204 5214 2360 5269 nobis
2409 5214 2460 5267 in
2498 5223 2836 5265 antecessum
2882 5211 3152 5281 depictam
3206 5206 3463 5262 Ecclesia:

1883 5308 2141 5374 praesules
2172 5306 2613 5361 rnanifcstissime
2650 5305 2971 5374 praedicant.

206 5402 622 5466 προετετὺπωτο
646 5418 659 5431 ·
694 5401 721 5452 ὃ
749 5401 811 5471 δὴ
850 5402 941 5453 καὶ
974 5401 1155 5453 εὲκόνα
1190 5400 1425 5470 Χριστοῦ
1468 5402 1512 5451 οἱ
1546 5399 1644 5467 τῆς
1693 5400 2025 5472 Ἐκκλησῖας
2088 5402 2356 5470 ἡγεμόνες
2426 5396 2938 5471 προδιαγεγράφθαι
3009 5395 3344 5465 κηρύσσουσι
3379 5409 3468 5448 σαι

207 5492 463 5563 εὲστατα.

273 5674 506 5727 "lla-br.
542 5689 580 5736 l,
621 5672 699 5725 Η.
780 5673 978 5727 "Gen.
1010 5690 1157 5735 μιν,
1218 5674 1260 5727 1.

1414 5675 1546 5727 Ucu.
1580 5688 1769 5733 λκιιιι.
1810 5672 1896 5724 li.

281 5836 389 5901 (flii)
432 5834 633 5902 -.\cmpc
664 5834 712 5885 in
768 5834 1114 5901 .\p'u'o;;ctiru
1146 5834 1363 5902 majore.
1428 5850 1547 5902 cap.
1588 5832 1652 5885 70
1689 5842 1740 5885 ct
1776 5848 1923 5900 δοοιιι,
