4238 6446
715 385 819 451 351

720 587 949 656 angelos
1002 586 1207 647 habito,
1246 585 1376 638 etsi
1419 586 1546 653 quid
1589 585 1731 638 aliud
1778 587 1863 639 his
1901 588 2079 641 simile
2115 598 2296 642 aetum

723 688 830 732 est.
860 678 951 731 Sic
981 675 1115 729 Navi
1163 676 1272 728 ﬁlio
1305 677 1355 729 in
1395 675 1683 743 procinctu
1718 679 1883 729 stanti
1926 679 1994 742 ’³,
2029 680 2145 732 acie
2183 678 2297 746 jam
2337 735 2348 749 ν

725 780 916 825 contra
955 769 1137 821 hostes
1184 767 1403 829 educta,
1434 768 1587 820 visus
1623 778 1707 821 est
1743 768 1975 820 humana
2008 768 2180 822 forma
2220 769 2301 819 di-

727 873 830 911 vus
865 857 1117 925 angelus,
1164 866 1378 909 armato
1402 854 1619 915 similis,
1651 870 1808 907 nianu
1839 855 2077 924 gladium
2110 854 2300 907 distri-

725 958 870 1000 ctum
910 954 1124 1000 tenens.
1162 946 1333 1011 Quem
1362 962 1485 1000 cum
1512 946 1678 1001 Josna
1717 949 1871 1014 quasi
1903 950 2125 1002 militem
2175 966 2302 1016 spe-

726 1050 923 1103 ctaret,
961 1041 1189 1108 visuque
1238 1039 1461 1092 insolito
1507 1040 1794 1104 attonitus,
1851 1043 2101 1107 quisnam
2154 1053 2304 1097 esset

726 1132 1053 1197 ambigeret,
1089 1141 1140 1183 et
1187 1141 1371 1184 utrttm
1408 1133 1474 1186 de
1523 1133 1719 1199 populo
1754 1149 1852 1185 suo
1884 1134 2104 1203 aliquis.
2137 1152 2206 1190 an
2237 1140 2305 1193 de

730 1222 998 1283 hostibus,
1035 1223 1446 1285 sciscitaretur;
1482 1223 1570 1277 ille
1605 1239 1664 1276 se
1695 1225 1900 1277 militiae
1938 1228 2151 1281 Domini
2200 1229 2304 1282 du-

729 1329 847 1366 cem
876 1329 998 1367 esse
1030 1315 1349 1368 declaravit.
1386 1313 1519 1367 Tum
1552 1324 1605 1367 et
1637 1316 1885 1368 divorum
1920 1320 2304 1385 prophetarum

732 1402 953 1469 quidam
985 1402 1190 1457 vidisse
1226 1419 1284 1457 se
1315 1402 1599 1456 Dominum
1645 1405 1829 1475 gloriae
1865 1408 1942 1461 ait
1973 1408 2014 1473 ί,
2048 1409 2307 1472 Seraphi-

734 1508 924 1545 norum
957 1509 1156 1547 corona
1185 1497 1602 1551 circumdatum.
1636 1498 1845 1551 Etenim
1892 1514 2017 1554 cum
2074 1502 2140 1555 ad
2172 1518 2304 1556 con-

735 1588 1005 1638 tnmaceul
1034 1585 1187 1638 illum
1237 1586 1474 1655 durique
1512 1588 1691 1642 cordis
1722 1591 1981 1658 populum
2016 1594 2308 1651 mittendus

734 1686 899 1738 esset,
937 1692 1136 1730 arcana
1191 1678 1278 1730 illa
1327 1679 1494 1747 gloria
1529 1680 1855 1743 illustratur,
1894 1685 2144 1753 labiaque
2192 1687 2309 1755 ejus

736 1769 977 1820 carbone
1005 1770 1357 1836 nuindantur,
1400 1779 1459 1825 ut
1487 1788 1618 1839 pure
1660 1773 1724 1826 ad
1758 1789 1949 1844 purmn
1983 1779 2306 1845 accederet;

738 1858 1017 1927 divinique
1050 1864 1322 1914 sermonis
1354 1863 1527 1917 lactus
1561 1846 1833 1929 minister,
1867 1876 2032 1937 atque
2061 1868 2161 1923 hoc
2194 1871 2311 1925 viso

738 1948 1016 2018 gloriaque
1068 1950 1373 2014 roboratus,
1422 1952 1507 2005 cui
1555 1969 1667 2006 rem
1730 1955 1932 2008 nullam
1989 1971 2311 2027 comparare

739 2048 976 2106 poterat,
1025 2041 1279 2095 humanis
1322 2046 1533 2098 eunetis
1566 2049 1915 2115 contemptis,
1949 2051 2312 2108 conﬁdentius

741 2136 807 2183 ad
849 2134 1158 2186 auditorum
1196 2137 1538 2192 oraculorum
1584 2141 2071 2208 promulgationem
2117 2161 2312 2214 proce-

740 2225 913 2277 deret.
948 2225 1101 2279 Alius
1135 2228 1155 2256 ²
1189 2239 1369 2281 autem
1408 2230 1606 2283 mentis
1627 2231 1799 2285 oculis
1831 2234 2152 2301 purilicatis,
2190 2253 2310 2289 cum

743 2318 1142 2384 impendentem
1180 2322 1560 2387 peccatoribus
1590 2324 1825 2378 divinant
1866 2338 2118 2379 cerneret
2152 2330 2313 2396 puni-

744 2410 967 2471 tionem,
1000 2413 1318 2480 pra-positos
1356 2414 1481 2468 huic
1510 2415 1583 2467 rei
1626 2416 1905 2471 ministros
1938 2420 2091 2484 vidit,
2126 2420 2315 2486 bipen-

742 2518 839 2556 nes
871 2518 1030 2557 manu
1085 2513 1396 2573 gestantes;
1430 2522 1536 2574 quo
1568 2507 1602 2560 ii
1647 2517 1863 2576 speetro
1898 2510 2231 2564 mortiferam
2263 2521 2318 2566 et

744 2592 1033 2645 exitiosam
1073 2595 1204 2659 vim,
1243 2595 1509 2648 caedendae
1564 2596 1802 2650 sontium
1854 2598 2187 2652 multitudini
2230 2602 2316 2653 itt-

748 2693 991 2749 tentam,
1053 2686 1539 2754 repratsentabant.
1615 2688 1770 2742 Sicut
1835 2689 2000 2743 etiam
2058 2690 2317 2745 viderat’

745 2774 949 2842 pedere
992 2776 1265 2840 indutum,
1309 2778 1483 2831 media
1538 2782 1670 2833 urbe
1721 2780 2030 2835 discurrere
2082 2783 2315 2851 iussum,

745 2869 1071 2934 signumque
1101 2868 1413 2936 imprimere
1446 2869 1498 2923 in
1526 2870 1798 2926 frontibus
1825 2875 2063 2927 virorum
2094 2890 2318 2945 gemen-

750 2958 904 3019 tium,
947 2965 1004 3009 et
1034 2958 1103 3010 ob
1150 2958 1329 3011 omnia
1364 2972 1485 3027 qum
1526 2961 1668 3013 inter
1697 2975 1791 3014 eos
1841 2964 2072 3032 ﬁebant,
2098 2972 2318 3032 peccata

751 3049 1126 3111 tumreutium,
1157 3049 1339 3103 (livida
1364 3052 1577 3105 interim
1605 3052 1813 3118 justitia
1838 3068 1956 3105 reos
1986 3053 2052 3106 ab
2086 3054 2321 3109 innoxiis

1747 383 1808 442 S.
1848 381 2270 442 NlCEPlIORI
2312 378 2820 441 PATRIARCILE
2858 378 2963 441 (ΖΡ.

792 494 901 565 75
938 494 1027 547 10.
1070 493 1348 546 Mittamus
1378 492 1526 560 loqui
1562 493 1627 545 de
1649 500 1903 547 sermone
1928 504 2051 563 post
2084 495 2170 547 illa
2198 508 2294 563 per
2326 501 2365 551 Α

3880 368 4008 434 352

2468 488 2520 542 ι’.
2589 487 2799 557 Ἐῶμεν
2849 487 3029 555 λέγειν
3068 484 3159 538 τὸν
3214 481 3282 537 δι’
3339 479 3590 549 ἀγγέλων
3640 480 3802 549 λόγον
3864 485 4005 551 μετ’

2400 582 2581 632 ἐκεῖνα
2640 578 2992 648 λαλούμενον,
3046 577 3140 629 κα¹ι
3183 577 3234 629 εί
3273 592 3326 627 τι
3373 573 3585 635 τούτοις
3624 572 3998 643 ᾠκονόμηται

2402 669 2804 739 παραπλήσιον.
2858 668 3047 730 Οὕτως
3081 666 3159 735 τῷ
3186 664 3282 718 τοῦ
3320 664 3477 732 Ναυῆ
3508 664 3681 728 παιδὶ,
3716 664 3840 716 ἐπεὶ
3877 680 3993 715 πο-

2400 760 2587 828 λέμων
2619 760 2813 829 ἔμελεν
2854 758 3041 829 αὐτῷ,
3086 758 3357 840 καὶιπρὸς
3387 756 3515 818 τοὺς
3556 753 3877 822 ἀλλοτρίους
3922 751 4007 826 ἦν

2400 855 2435 922 ἠ
2464 853 2604 905 κατὰ
2635 854 2735 921 τὴν
2774 854 2955 922 μάχην
2996 847 3326 921 παράταξις,
3354 851 3382 902 ό
3423 847 3613 917 ὀφθεὶς
3637 846 3781 914 θεῖος
3815 848 4003 915 ἄγγε-

2402 945 2512 1008 λος,
2538 946 2595 995 ἐν
2627 943 2951 1014 ἀνθρωπείῳ
2978 942 3058 1012 τῷ
3108 944 3351 1011 σχήματι
3395 938 3747 1007 ἐπεφαίνετο,
3782 938 3994 1000 ἐοικὼς

2403 1037 2762 1101 ὁπλιτεύοντι,
2797 1037 2891 1090 καὶ
2932 1035 3033 1104 τὴν
3076 1036 3236 1105 χεῖρα
3295 1029 3666 1102 παραδιικνὺς
3707 1030 4008 1083 καθωπλι-

2408 1127 2614 1197 σμένην
2658 1128 2757 1198 τὴν
2799 1127 3095 1197 μάχαιραν.
3139 1125 3231 1177 Διὸ
3274 1125 3371 1177 καὶ
3413 1123 3494 1186 ὼς
3552 1120 3784 1189 ὁπλίτην
3822 1122 4002 1191 ὀρῶν,

2406 1222 2498 1273 καὶ
2526 1219 2662 1289 πρὸς
2695 1221 2755 1272 τὸ
2779 1219 2883 1288 τῆς
2919 1218 3049 1281 θέας
3085 1216 3491 1285 ἐξηλλαγμένον
3540 1216 3869 1285 ἀμηχανῶν,
3900 1215 4005 1266 ὃσ-

2406 1329 2488 1374 τις
2518 1313 2648 1364 ποτὲ
2682 1312 2789 1381 εἴη,
2824 1312 3053 1381 πότερον
3089 1310 3198 1363 τῶν
3227 1308 3474 1378 φυλετῶν
3514 1309 3545 1378 ἢ
3571 1309 3681 1362 τῶν
3713 1308 4002 1376 πολεμίων

2406 1402 2791 1455 διεπυνθάνετο
2814 1420 2827 1434 ·
2861 1404 2889 1455 ὁ
2917 1401 2973 1454 δὲ
3000 1396 3140 1454 εῖναι
3168 1400 3270 1470 τῆς
3299 1400 3586 1469 δυνάμεως
3627 1400 3838 1469 Κυρίου
3866 1400 4002 1450 ἐαυο

2408 1493 2499 1546 τὸν
2529 1494 2899 1564 στρατιάρχην
2927 1493 3277 1561 ἀπεφαίνετο.
3303 1492 3414 1545 Καὶ
3441 1490 3547 1543 τῶν
3575 1490 3737 1543 θείων
3769 1506 3999 1560 προτρη-Γ

2409 1586 2517 1638 τῶν
2545 1589 2579 1648 ῥ
2610 1585 2708 1655 μέν
2735 1604 2818 1649 τις
2869 1587 2961 1638 καὶ
3011 1586 3171 1638 αὐτὸν
3209 1586 3308 1654 τῆς
3350 1584 3510 1653 δόξης
3542 1582 3840 1637 τεθεᾶσθαι
3878 1582 4001 1633 Κύ-

2415 1677 2531 1747 ριόν
2558 1694 2711 1745 φησι,
2762 1677 2857 1729 καὶ
2912 1676 2983 1729 τὰ
3022 1677 3272 1746 Σεραφὶμ
3317 1676 3503 1744 κύκλῳ
3562 1672 3998 1743 περιιστάμενα.

2426 1769 2644 1839 Ἐπειδὴ
2685 1767 2794 1837 γὰρ
2834 1768 3028 1838 ἔμελλε
3069 1768 3209 1838 πρὸς
3253 1767 3344 1819 τὸν
3378 1764 3582 1834 ἀπειθῆ
3624 1766 3838 1816 ἐκεῖνον
3869 1762 4002 1815 λαὸν

2344 1851 2384 1907 Β
2414 1862 2509 1913 καὶ
2556 1859 3005 1931 σκληροκαρδιον⁸
3035 1857 3488 1919 ἀποστέλλεσθαι,
3523 1856 3620 1924 τὴν
3664 1854 3992 1923 ἀπόρρητον

2412 1945 2627 2022 εκείνην
2669 1951 2827 2016 δόξαν
2885 1950 3340 2021 περιαυγάζεται,
3390 1949 3487 2010 καὶ
3525 1948 3605 2017 τῷ
3642 1947 3884 2017 ἄνθρακι
3931 1947 4001 1999 τὰ

2412 2044 2567 2115 χείλη
2618 2043 2974 2113 καθαίρεται·
3011 2044 3093 2097 ἵνα
3132 2042 3391 2113 καθαρῶς
3423 2042 3500 2111 τῷ
3550 2039 3780 2111 καθαρῷ
3816 2058 3997 2111 προσ-

2412 2138 2682 2210 ομιλήσῃ·
2714 2138 2807 2189 καὶ
2832 2119 3006 2189 θείων
3023 2136 3199 2204 λόγων
3232 2134 3513 2205 ὑπηρέτης
3545 2132 3856 2202 γενόμενος,
3890 2136 4005 2186 xix

2411 2234 2511 2301 τῆς
2549 2230 2809 2298 τοιαύτης
2841 2228 2969 2291 θέας
3020 2229 3115 2281 καὶ
3163 2227 3321 2293 δόξης
3372 2225 3840 2297 ἐπιρωννύμενος,
3904 2226 4003 2276 καὶ

2414 2323 2549 2392 προς
2565 2322 2716 2375 οὐδὲν
2733 2321 2843 2373 τῶν
2862 2321 3035 2375 ἄλλων
3052 2318 3257 2388 ταύτην
3276 2319 3653 2388 παραμετρεῖν
3673 2317 3997 2385 δυνάμενος,

2415 2413 2635 2465 πάντων
2662 2411 2773 2465 τῶν
2799 2410 3160 2479 ἀνθρωπείων
3180 2408 3513 2476 καταγνοὺς,
3546 2405 4001 2479 θαρραλεώτερον

2415 2504 2552 2575 πρὸς
2584 2504 2683 2575 τὴν
2702 2504 2812 2557 τῶν
2838 2500 3354 2575 χρησμῳδουμένων
3373 2498 3651 2552 διακονίαν
3677 2497 4000 2569 προάγοιτο.

2431 2598 2487 2651 'D
2521 2597 2577 2650 δὲ
2609 2598 2734 2659 τοὺς
2767 2596 2866 2666 τῆς
2899 2594 3139 2655 διανοίας
3194 2591 3615 2663 κεκαθαρμένος
3643 2589 3990 2659 ὀφθαλμοὺς,

2417 2688 2607 2756 ἐπειδὴ
2635 2690 2731 2759 τὴν
2757 2687 2898 2759 κατά
2944 2687 3053 2740 τῶν
3096 2685 3503 2756 ἡμαρτηκότων
3546 2682 3828 2753 θεόκριτον
3868 2700 4010 2751 προ-

2417 2779 2784 2850 ενηνεγμένην
2819 2758 2967 2848 ἐῶρα
2997 2778 3292 2846 τιμωρίαν,
3330 2776 3457 2837 τοὺς
3486 2774 3580 2826 ἐπὶ
3602 2774 3778 2845 ταύτῃ
3803 2790 4008 2841 τεταγ-

2421 2872 2613 2939 μένους
2676 2872 2771 2923 καὶ
2846 2867 3365 2940 ύπηρετουμένους,
3436 2865 3689 2928 πελέκεις
3745 2864 4008 2917 τεθέαται

2419 2963 2577 3031 χερσὶ
2633 2962 2919 3032 φέροντας,
2967 2960 3031 3012 τὸ
3070 2958 3417 3029 ἀναιρετικὸν
3469 2959 3562 3011 καὶ
3619 2956 4009 3026 ὀλοθρευτικδν

2419 3057 2512 3105 καὶ
2530 3053 2694 3121 τομὸν
2719 3053 2820 3121 τῆς
2846 3051 2953 3103 τῶν
2974 3050 3293 3103 ὑπευθύνων
3319 3049 3557 3120 πληθύος
3574 3049 4005 3119 διαγράφοντας.

746 3148 1058 3203 separante.
1094 3138 1229 3193 Tum
1263 3150 1319 3194 et
1350 3142 1503 3195 alteri
1540 3147 1816 3210 propheta:
1851 3145 1870 3174 ’⁸
1900 3158 2065 3211 eques
2098 3146 2316 3212 quidam

2427 3147 2643 3216 ’Όσπερ
2664 3147 2729 3214 δὴ
2745 3147 2839 3197 καὶ
2863 3145 3102 3231 ἑωράκει
3132 3143 3343 3214 ποδήρη
3372 3141 3709 3203 ἐνδεδυκότα,
3734 3158 4019 3211 προστατ-

749 3246 808 3281 se
849 3231 939 3282 dat
969 3231 1432 3300 conspiciendum,
1463 3247 1604 3302 equo
1639 3235 1759 3288 rufo
1785 3237 2045 3300 insidens,
2075 3249 2132 3289 ut
2166 3238 2317 3290 volu-

749 3320 1001 3374 critatem
1055 3320 1290 3376 fortasse
1338 3323 1682 3394 celeremque
1729 3328 2085 3396 gerendarum
2139 3343 2317 3381 rerum

750 3426 971 3464 rursum
1002 3413 1361 3469 demonstret.
1390 3414 1573 3470 Faciei
1604 3431 1732 3471 vero
1758 3419 1929 3481 color,
1962 3435 2069 3487 quo
2108 3422 2323 3472 irm-mt-

751 3509 851 3553 dus
885 3512 937 3555 et
978 3514 1237 3559 cruentus
1272 3508 1578 3574 rubensque
1622 3517 1678 3562 et
1726 3510 1913 3575 igneus
1969 3513 2319 3580 pugnantium

752 3605 1007 3657 aspectus
1061 3596 1370 3658 denotatur,
1424 3596 1557 3648 iram
1608 3598 1749 3667 (Dei)
1799 3603 2060 3654 adversus
2116 3605 2324 3673 aliquot

756 3685 983 3738 hostiles
1022 3697 1211 3756 gentes
1241 3690 1437 3741 innuit.
1487 3687 1803 3760 Rursusque
1837 3693 1975 3746 idem
2008 3697 2271 3763 propheta
2302 3698 2323 3727 ⁵

755 3778 890 3837 bona
929 3782 1089 3831 verba
1123 3789 1177 3833 et
1202 3781 1595 3837 consolatorios
1631 3799 1914 3838 sermones
1944 3788 2133 3852 audiit,
2184 3790 2323 3843 divi-

756 3881 877 3919 nam
942 3868 1305 3937 placiditatem
1367 3874 1905 3947 benevolentiatmpte
1975 3882 2323 3947 nuntiantes,

755 3972 918 4011 uumn
954 3975 1081 4029 erga
1114 3961 1417 4017 Jerusalem
1454 3946 1869 4033 expromptui'us
1899 3979 2018 4022 erat
2044 3973 2328 4028 universa-

757 4050 823 4103 lis
859 4051 1021 4115 Deus,
1060 4054 1313 4122 populum
1338 4056 1458 4124 jure
1501 4056 1623 4111 belli
1660 4061 1932 4128 captivum
1973 4065 2039 4117 ad
2091 4066 2324 4133 priorem

757 4146 1174 4212 prosperitatem
1228 4148 1647 4218 beatitutcmque
1704 4154 2055 4220 reducendo;
2092 4167 2143 4209 et
2183 4159 2327 4225 quod

759 4238 888 4288 urbs
914 4239 1109 4291 iterum
1140 4241 1454 4295 aediﬁcanda
1489 4253 1653 4307 esset,
1690 4254 1742 4298 et
1784 4245 1921 4299 bene
1963 4264 2020 4302 se
2049 4251 2324 4318 habitura,

757 4338 811 4378 et
838 4329 1031 4396 opibus
1064 4330 1422 4385 abundatura.
1458 4333 1522 4386 Et
1550 4346 1814 4404 quotquot
1840 4339 1941 4392 alia
1968 4342 2202 4397 visiones
2228 4345 2329 4398 illa:

758 4420 1003 4473 cernenti
1055 4424 1540 4489 repraesentabaut.
1573 4430 1750 4495 Atque
1779 4428 1919 4484 alius
1953 4431 2135 4497 aliter,
2172 4445 2328 4501 prout

2427 3238 2653 3305 τόμενόν
2677 3254 2735 3288 τε
2762 3236 2992 3289 διελθεῖν
3036 3236 3210 3305 μέσην
3235 3237 3332 3304 τὴν
3355 3234 3529 3296 πόλιν,
3574 3233 3668 3286 καὶ
3701 3232 3905 3285 διδόναι
3950 3232 4014 3284 τὸ

2429 3332 2653 3399 σημεῖον
2682 3329 2773 3380 ἐπὶ
2818 3328 2886 3381 τὰ
2909 3328 3138 3396 μέτωπα
3155 3327 3264 3381 τῶν
3302 3326 3512 3396 ἀνδρῶν
3542 3324 3650 3376 τῶν
3677 3341 4016 3378 καταστενα-

2429 3422 2632 3485 ζόντων
2662 3422 2751 3473 καὶ
2793 3421 3257 3490 κατοόυνωμὲνων
3290 3421 3382 3471 ἐπὶ
3416 3418 3621 3481 πάσαις
3650 3421 3767 3481 ταῖς
3800 3418 4015 3481 ἀνοίαις

2427 3516 2546 3575 ταῖς
2577 3513 2891 3582 γινομέναις
2926 3514 2983 3564 ἐν
3030 3514 3181 3583 μέσῳ
3222 3512 3421 3581 αὐτῶν,
3471 3512 3569 3582 τῆς
3611 3511 3763 3573 θείας
3796 3511 4013 3563 δικαιο-

2431 3606 2651 3674 κρισίας
2679 3605 3024 3675 διειργούσης
3052 3608 3180 3667 τοὺς
3204 3605 3533 3667 ἀνευθύνους
3572 3603 3683 3657 τῶν
3707 3604 4013 3657 ύποδίκων.

2431 3696 2541 3749 Καὶ
2571 3697 2715 3767 ἄλλῳ
2781 3697 2979 3761 ἱππεύς
3039 3715 3123 3763 τις
3185 3698 3566 3767 ἐμφανίζεται,
3617 3698 3769 3766 ἵππῳ
3815 3694 4019 3767 πυρῤᾦ

2431 3789 2796 3859 ἐποχούμενος
2822 3804 2835 3817 ⁸
2872 3790 3010 3860 τάχα
3042 3790 3103 3842 τὸ
3123 3789 3431 3861 ὀξύρροπον
3455 3790 3551 3843 καὶ
3570 3789 3881 3859 ταχυπόρον
3907 3791 4019 3841 τιῑιν

2434 3878 2845 3950 ἑνεργουμένιὼ
2886 3882 2960 3943 ὡς
3007 3882 3239 3951 ἱππότης
3278 3880 3669 3951 παραδεικνύς.
3704 3882 3778 3933 Τὸ
3830 3880 3888 3933 δὲ
3920 3881 4018 3933 τοῦ

2395 4008 2398 4015 η
2433 3973 2641 4040 χρωτὸς
2660 3971 2816 4036 εἶδος,
2835 3966 2879 4040 ᾧ
2899 3974 2960 4024 τὸ
2986 3972 3216 4045 θυμικὸν
3246 3973 3321 4035 ὼς
3352 3973 3652 4043 αἱμὸχρουν
3684 3974 3778 4026 καὶ
3806 3974 4019 4042 ὑπέρυ-

2434 4063 2561 4133 θρον
2592 4066 2686 4117 καὶ
2737 4065 3035 4135 πυρίπνουν
3067 4063 3175 4115 τῶν
3225 4065 3553 4134 μαχομένων
3599 4065 4016 4133 τεκμηριοῦται,

2433 4156 2530 4225 τὴν
2564 4155 2704 4207 κατά
2738 4173 2899 4208 τινων
2918 4155 3193 4224 πολεμίων
3225 4155 3395 4208 ἐθνῶν
3425 4156 3597 4226 ὀργὴν
3611 4156 4016 4209 ύπαινίττεται.

2435 4249 2545 4301 Καὶ
2583 4243 2739 4310 αὖθις
2769 4250 2991 4318 ῥήματα
3021 4244 3163 4301 κάλά
3205 4250 3299 4301 καὶ
3348 4248 3540 4315 λόγους
3565 4247 4021 4319 παρακλητικοὺς

2435 4340 2622 4410 ἤκουε,
2637 4340 2734 4410 τὴν
2754 4341 2905 4392 θείαν
2926 4340 3215 4410 εὐμένειαν
3227 4341 3321 4393 καὶ
3343 4340 3534 4408 φιλανθ
3544 4340 3755 4410 ρωπίαν
3771 4357 4021 4409 προαγο-

2440 4428 2721 4499 ρεύοντας,
2758 4424 2847 4493 αἶς
2882 4432 3013 4502 περὶ
3039 4431 3138 4501 τὴν
3168 4431 3532 4502 Ἰερουσαλὴμ.
3557 4433 3820 4502 χρήσεται
3850 4433 3877 4483 ὁ
3910 4430 4022 4482 τῶν

759 4510 908 4561 varia
956 4512 1192 4579 dignitas
1241 4515 1571 4581 postulabat.
1607 4522 1969 4583 gerendarum
2001 4539 2216 4592 quoque
2249 4542 2326 4578 re-

2401 4522 2575 4575 ’ὅλων
2607 4521 2760 4585 Θεὸς,
2804 4522 2898 4575 ἐπὶ
2935 4525 3037 4593 την
3089 4523 3364 4593 προτέραν
3416 4522 3764 4592 εὐδαιμονίαν
3812 4540 3873 4575 τε
3925 4524 4024 4575 καὶ

762 4616 880 4652 rum
929 4600 1129 4669 ﬁguras
1170 4604 1496 4671 syinholieas
1533 4598 1850 4663 informatas
1889 4611 2145 4679 videbat;
2174 4626 2334 4683 prout

763 4692 1001 4761 denique
1037 4693 1182 4747 Deus
1214 4698 1478 4750 arbitratu
1509 4714 1608 4753 suo
1643 4715 1732 4753 res
1767 4704 1848 4754 his
1878 4705 2020 4772 typis
2048 4720 2335 4773 expressas

761 4784 875 4849 geri
938 4787 1187 4839 curabat.
1242 4784 1382 4851 Quid
1439 4798 1618 4842 autem
1672 4791 1959 4846 dicendum
2000 4805 2086 4848 est
2119 4798 2338 4851 de'illis

761 4891 978 4944 quoque
1021 4878 1346 4932 venerandis
1398 4885 1710 4951 sanctisque
1770 4884 2008 4944 feminis.
2038 4900 2341 4957 unguenta;

765 4968 1013 5034 inquam,
1056 4968 1397 5024 ferentibus?
1420 4971 1604 5026 Nonne
1632 4976 1945 5044 angelorum
1977 4979 2154 5031 visum
2186 4980 2334 5034 vide-

766 5069 891 5113 runt
916 5060 957 5124 ⁸,
995 5071 1156 5128 atque
1204 5064 1303 5116 hos
1332 5064 1473 5119 albis
1506 5066 1724 5120 indutos
1751 5070 1999 5138 Stolaque
2028 5070 2330 5138 splendida,

765 5152 890 5203 dum
922 5152 988 5205 ad
1033 5153 1273 5207 divinum
1318 5156 1626 5223 sepulcrum
1686 5158 1815 5228 ipsa:
1867 5160 2211 5226 accederent,
2246 5164 2331 5216 tibi

767 5242 1039 5294 vivitieum
1084 5245 1279 5297 snnnni
1311 5243 1405 5299 Dei
1440 5262 1635 5316 corpus
1683 5258 1798 5302 erat
1832 5251 2165 5317 repositum?
2199 5268 2333 5319 quu-

770 5350 887 5386 rum
924 5340 1168 5393 candida!
1211 5349 1387 5392 vestes
1425 5349 1591 5408 atque
1624 5339 1907 5410 fulgentes,
1941 5343 2065 5411 quia
2094 5360 2339 5398 comaru-

772 5442 895 5479 intm
969 5429 1189 5483 humani
1256 5433 1473 5499 generis
1534 5432 1774 5485 hetitiam
1840 5443 1892 5488 et
1960 5435 2339 5489 iiberationvm

770 5520 1067 5589 ir‘ymholice
1086 5521 1457 5591 designabant,
1493 5538 1628 5591 pene
1657 5536 1780 5578 autc
1813 5541 1976 5593 quam
2013 5526 2110 5592 ipsi
2140 5528 2338 5595 angeli,

772 5624 957 5665 vocem
994 5611 1132 5665 hanc
1172 5613 1489 5667 emittebant
1523 5632 1535 5666 :
1563 5612 1664 5678 Qui
1688 5617 1932 5684 sepultus
1966 5625 2106 5682 erat,
2136 5631 2321 5671 resur-

840 5789 1069 5847 "Jusue
1101 5809 1127 5844 v
1160 5833 1172 5857 ,
1225 5793 1304 5846 ιδ.
1387 5795 1400 5822 ‘
1440 5793 1537 5847 lsa.
1573 5812 1642 5860 ιι,
1697 5798 1740 5851 l.
1829 5796 2038 5849 ‘i-sz-h
2102 5814 2173 5859 tv,
2213 5798 2246 5849 9.

2431 4613 2730 4667 εὐπάθειαν
2771 4615 2900 4677 τοὺς
2953 4614 3489 4684 ὴνδραποδισμένους
3532 4615 3625 4666 καὶ
3652 4613 4015 4683 δοριλήπτους

2435 4704 2749 4771 ἐπανάγων,
2791 4703 2886 4756 καὶ
2939 4707 3009 4756 τά
3038 4704 3178 4755 κατά
3208 4703 3307 4772 τὴν
3339 4702 3492 4754 πόλιν
3530 4703 3678 4764 ὅπως
3722 4701 3836 4766 ἕξει
3863 4704 4023 4771 οἰκή-

2437 4794 2574 4859 σεώς
2606 4812 2663 4847 τε
2702 4794 2796 4847 καὶ
2828 4795 3141 4865 εὐετηρίας,
3172 4796 3254 4846 ὅτι
3292 4796 3664 4862 κατακάρπως
3705 4793 4024 4862 οἰκισθήσες

2441 4905 2550 4939 ται.
2581 4886 2693 4940 Καὶ
2737 4885 2913 4939 τᾶλλα
2946 4888 3046 4938 ὅσα
3086 4887 3143 4939 αἱ
3187 4885 3339 4954 ὄψεις
3374 4887 3580 4938 ἐκεῖναι
3623 4884 3913 4937 διετύπουν
3947 4883 4026 4952 τῷ

2442 4980 2715 5050 βλέποντι.
2744 4979 2856 5032 Καὶ
2878 4978 3037 5041 ἄλλος
3080 4978 3276 5044 ἄλλως,
3302 4977 3435 5031 καθῆ
3452 4978 3513 5030 τὸ
3530 4977 3728 5047 μέτρον
3745 4976 3846 5047 τῆς
3868 4977 4024 5040 ἀξίας

2441 5066 2731 5133 ἐπέϐαλλε,
2768 5071 2863 5123 καὶ
2894 5071 3004 5122 τῶν
3034 5069 3505 5141 πραχθησομένων
3534 5072 3583 5122 οἱ
3613 5069 3775 5122 τύποι
3818 5069 4027 5137 συμῦο-

2438 5163 2605 5228 λικῶς
2651 5165 3086 5230 διεσκευάζοντο,
3118 5166 3212 5219 καὶ.
3236 5164 3508 5235 ᾠκονόμει
3540 5163 3806 5228 Θεὸςίκαὶ
3838 5163 4024 5232 ἔκρινε

2442 5258 2512 5309 τά
2552 5260 2609 5310 ἐν
2638 5258 2851 5321 τούτοις
2908 5250 3387 5329 ἐκκαλυπτόμενα.
3449 5258 3515 5311 Τί
3566 5257 3610 5309 δ’
3658 5257 3722 5310 ἂν
3752 5256 3900 5309 εἴποι
3940 5274 4024 5319 τις

2445 5350 2573 5419 περί
2605 5366 2666 5417 γε
2700 5350 2808 5401 τῶν
2868 5350 3082 5419 σεμνῶν
3130 5353 3354 5404 ἐκείνων
3388 5350 3666 5419 γυναικῶν
3700 5350 3791 5401 καὶ
3823 5348 4019 5416 ἁγίων,

2444 5443 2553 5495 τῶν
2612 5443 2937 5513 μυροςιὸρων
2987 5444 3163 5511 uno;
3216 5444 3349 5513 Οὐχὶ
3385 5466 3397 5480 ι
3429 5441 3696 5495 ὀπτασίαν
3770 5441 4025 5507 ἀγγέλων
4085 5431 4108 5443 ”

2446 5535 2788 5603 ἑωράκεσαν,
2860 5537 2955 5589 καὶ
3012 5537 3237 5598 τούτους
3284 5534 3765 5605 λευχειμονοῦντας
3821 5533 3917 5585 καὶ
3957 5535 4021 5600 τῇ

2372 5684 2378 5689 ,
2448 5626 2606 5696 στολῇ
2635 5627 3134 5698 ὲναστράπτοντασς,
3179 5628 3338 5697 ἡνίκα
3377 5630 3519 5682 κατά
3554 5628 3646 5681 τὸν
3677 5626 3820 5679 θεῖον
3850 5624 4025 5691 τάφον

2617 5729 2626 5757 1

2346 5799 2362 5829 ³
2398 5799 2526 5853 ibid.
2582 5801 2620 5854 i.
2708 5800 2907 5854 "Zut'li.
2945 5819 2981 5867 t,
3015 5804 3067 5857 8.
3182 5805 3199 5831 ”
3233 5803 3359 5856 ibid.
3402 5802 3481 5856 Π.
3564 5803 3583 5831 ⁵
3620 5800 3752 5855 Luc.
3791 5814 3939 5865 HW,
3973 5802 4023 5859 ι.
