4238 6446
278 412 383 478 377

1013 424 1642 487 ANTIRRIIETICUS
1684 425 1778 485 III
1817 424 1987 484 ADV.
2026 424 2621 486 CONSTANTINUM
2661 426 2877 488 COPR.

3449 433 3556 498 378

284 530 427 598 μήτε
455 530 490 585 ἀ
510 531 772 586 ἀκούουσι
807 534 1096 600 συνιέντας
1121 579 1136 601 ,
1165 537 1265 607 τῆς
1299 537 1357 591 δὲ
1387 537 1600 590 ἑαυτῶν
1620 538 1870 604 ἀπεγνω-
1900 540 1946 595 Α

1900 540 1946 595 Α
1976 536 2177 601 sciunt,
2211 547 2266 590 et
2310 539 2374 590 de
2430 553 2525 590 sua
2578 539 2754 592 salute
2809 538 3157 610 desperant?
3190 538 3555 599 Nihilominus

281 622 452 685 κότας
488 626 797 696 σωτηρίας;
833 627 1031 697 Ὅμως
1056 628 1102 681 δ’
1132 628 1227 682 οὖν
1261 630 1290 681 ὁ
1313 629 1412 699 τῆς
1438 627 1700 699 ἀληθείας
1727 629 1866 698 παῤ·

287 717 615 784 ῥησιάσεται
661 718 840 788 λόγος.
895 720 1120 790 Ιιρῶτον
1149 721 1206 774 δὲ
1262 722 1436 774 ἐκεῖνο
1481 721 1658 774 εἰπεῖν
1697 719 1867 784 ἀξιον,

282 807 369 859 ὅτι
416 809 652 877 μάλιστα
696 813 755 863 ἐν
794 814 906 874 τοῖς
948 813 1080 882 περὶ
1134 807 1269 864 Θεοῦ
1317 812 1631 882 λεγομένοις
1669 828 1730 863 τε
1778 811 1872 863 καὶ

283 899 662 970 ἀκουομένοις,
695 904 811 972 μετ’
841 902 1130 967 εὐλαϐείας
1154 903 1250 974 τῆς
1277 904 1671 974 προσηκούσης
1697 920 1868 974 προσ-

287 991 432 1044 ιέναι
474 993 599 1063 χρὴ,
636 994 785 1064 φόϐῳ
825 995 953 1064 θείῳ
982 998 1462 1066 κατηρτισμένους
1485 1013 1499 1025 ·
1530 992 1652 1048 εἶτα
1688 997 1869 1048 πίστιν

287 1087 349 1136 ἐν
376 1085 586 1150 τούτοις
634 1087 905 1155 ἡγεῖσθαι,
954 1088 1050 1140 καὶ
1082 1087 1268 1142 πίστιν
1305 1088 1597 1159 τιμᾶσθαι,
1632 1089 1724 1141 καὶ
1749 1088 1868 1149 ταῖς

286 1173 494 1243 ψυχαῖς
519 1177 965 1248 προενιδρύσθαι,
992 1179 1086 1231 καὶ
1115 1180 1172 1232 ὲν
1204 1179 1465 1251 εὐθύτητι
1495 1180 1720 1251 καρδίας
1744 1177 1869 1242 τοὺς

287 1267 424 1337 περὶ
459 1269 800 1338 τηλικούτων
843 1271 1035 1340 λόγους
1069 1271 1452 1342 ὑποδέχεσθαι,
1485 1272 1659 1326 κενῶν
1690 1272 1747 1325 δὲ
1777 1273 1870 1326 καὶ

289 1359 545 1426 ματαίων
591 1362 917 1432 ἐρωτήσεων
950 1362 1256 1433 ἀπέχεσθαι
1285 1403 1300 1427 ,
1330 1363 1453 1426 τούς
1505 1381 1564 1416 τε
1604 1362 1871 1434 γραώδεις

290 1449 501 1520 μύθους
519 1452 613 1506 καλ⁵
635 1453 734 1517 τὰς
767 1453 1030 1524 βεϐήλους
1054 1457 1392 1526 κενοφωνίας
1413 1458 1494 1519 είς
1518 1456 1578 1510 τὸ
1610 1457 1872 1519 παντελὲς

286 1543 741 1613 ἀποτρέπεσθαι,
782 1547 846 1600 οὐ
878 1549 1174 1619 προσέχειν
1215 1550 1271 1602 δὲ
1316 1549 1688 1618 γενεαλογίαις
1734 1550 1871 1601 ἀπε-

292 1635 533 1706 ράντοις,
561 1637 704 1691 καθὰ
726 1638 788 1691 τὸ
817 1639 1055 1710 Γράμμα
1084 1639 1144 1692 τὸ
1173 1641 1318 1710 ἱερὸν
1352 1639 1642 1708 δεδίδαχεν,
1679 1638 1736 1691 αἳ
1775 1638 1874 1708 ζη-

286 1729 481 1799 τήσεις
517 1729 819 1801 παρέχουσι
861 1731 1084 1801 μᾶλλον,
1127 1733 1159 1803 ἢ
1215 1732 1530 1800 οἰκονομίαν
1587 1731 1722 1784 Θεοῦ
1776 1731 1874 1802 τὴν

290 1826 353 1874 ὲν
411 1823 630 1890 πίστει,
671 1824 808 1894 μηδὲ
869 1825 1054 1892 ζητεῖν
1094 1829 1193 1896 τὴν
1245 1826 1331 1879 διὰ
1364 1827 1472 1878 τῶν
1508 1826 1749 1896 σημείων
1781 1826 1874 1878 καὶ

291 1915 618 1986 παραδόξων
665 1915 842 1987 ἔργων
879 1917 1152 1972 πίστωσιν
1206 1919 1300 1972 καὶ
1343 1917 1642 1983 ἀπόδειξιν,
1683 1916 1874 1986 ἢγοῦν

289 2007 600 2078 ἀμφίϐολον
641 2008 741 2080 τὴν
777 2008 1006 2080 γνώμην
1042 2011 1188 2081 ’ἐχειν
1223 2011 1356 2082 περὶ
1399 2010 1468 2063 τὰ
1496 2010 1706 2078 καίρια.
1746 2011 1874 2060 ’ἰου-

291 2101 484 2155 δαῖκδν
523 2100 684 2154 τοῦτο
737 2103 798 2154 τὸ
834 2104 1175 2176 ἐπιχείρημα
1204 2143 1219 2165 ,
1264 2103 1509 2156 ἀπίστων
1535 2103 1650 2154 ἐστὶ
1684 2101 1743 2154 τὸ
1776 2119 1876 2154 κα-

293 2193 614 2266 κούργημα.
646 2194 800 2247 Τίσιν
835 2195 938 2265 ἔφη
965 2198 991 2248 ὁ
1019 2195 1225 2266 Κύριος
1248 2236 1261 2259 ,
1294 2197 1361 2248 ’Ὠ
1389 2194 1562 2263 γενεὰ
1596 2192 1872 2255 ἄπιστος,

291 2286 552 2355 σημεῖον
566 2284 846 2355 ἐπιζητεῖ,
873 2287 969 2341 καί
998 2287 1250 2357 σημεῖον
1272 2289 1343 2340 οὐ
1359 2284 1677 2352 δοθήσεται
1699 2282 1873 2351 αὐτῇ,

290 2381 436 2436 ἀλλ’
488 2380 525 2450 ἢ
568 2380 934 2450 τὸσημεῗον
984 2378 1146 2436 Ἰωνᾶ
1197 2379 1301 2433 τοῦ
1360 2377 1712 2448 προφήτανὶ
1755 2376 1875 2446 0'37)-

288 2474 408 2534 τοῖς
431 2470 753 2524 ἀπειθοῦσιν
795 2471 1070 2534 Ἱουδ;-.ίοις
1091 2513 1105 2534 ,
1137 2471 1231 2524 καὶ
1275 2472 1360 2524 ἀεὶ
1385 2470 1462 2541 τῷ
1509 2470 1650 2539 ἁγίῳ
1678 2469 1876 2538 διαμα-

290 2562 551 2631 χομένοις
581 2562 893 2631 Πνεῦματις
946 2562 1088 2632 Μηδ⁸
1119 2558 1186 2615 αὖ
1239 2563 1376 2634 πρὸς
1428 2563 1752 2633 περιέργους
1784 2562 1877 2615 καὶ

294 2654 661 2718 ἀπαιδεύτους
691 2656 918 2725 ὲρεύνας
948 2655 1300 2722 ἀπάγεσθαι,
1336 2655 1391 2709 αἳ
1422 2655 1752 2725 λογομαχίας
1784 2658 1878 2707 καὶ

291 2746 498 2818 λέσχην
519 2747 751 2815 γεννῶσι
787 2749 1009 2818 μᾶλλον,
1043 2751 1074 2822 ἢ
1100 2748 1258 2815 λόγον
1285 2747 1587 2818 εὔχρηστον
1619 2750 1711 2802 καὶ
1735 2747 1877 2818 ὠφέ-

290 2839 454 2909 λιμον
479 2855 494 2872 ⁸
527 2839 663 2910 μήτε
701 2839 808 2909 μὴν
837 2839 976 2910 πρὸς
1022 2841 1412 2902 ἀποδεικτικὰς
1452 2840 1698 2907 ἀνάγκας
1730 2839 1877 2907 λογι-

293 2932 423 2991 καῖς
468 2929 710 2999 μεθόδοις
751 2929 1169 2998 προαγομένους
1213 2929 1304 2982 διὰ
1351 2929 1458 2981 τῶν
1486 2930 1748 2999 ἐντέχνων
1785 2931 1878 2982 καὶ

296 3020 708 3089 σεσιφισμένων
743 3020 942 3088 λόγων,
990 3021 1081 3072 ἐπὶ
1122 3022 1220 3082 τὰς
1263 3019 1466 3072 τούτων
1514 3021 1878 3088 καταφεύγειν

295 3113 688 3179 πιθανότητας,
716 3112 904 3182 βιαίως
929 3114 1065 3182 πρὸς
1093 3113 1498 3181 συγκατάθεσιν
1522 3115 1647 3176 τους
1675 3114 1880 3182 ἀκροω-

1977 631 2227 684 veritatis
2287 644 2468 684 sermo
2520 630 2716 684 fiducia
2766 646 2871 684 non
2933 644 3102 690 caret.
3154 633 3339 690 Primo
3373 637 3556 706 itaque

1974 736 2194 777 monere
2221 721 2442 793 «lignum
2483 731 2591 789 est,
2641 738 2836 792 nempe
2872 725 2938 779 ad
2963 741 3026 779 ea
3061 728 3296 783 maxime
3325 744 3445 796 qua:
3482 730 3546 784 de

1973 812 2083 867 Deo
2107 812 2362 868 dicuntur
2392 823 2445 866 et
2501 813 2824 878 audiuntur,
2857 814 3047 868 debita
3077 830 3197 869 cum
3242 819 3554 872 reverentia

1973 919 2091 960 esse
2151 905 2542 968 accedendum,
2607 905 2905 978 divinoque
2956 908 3153 963 timore
3230 913 3548 964 illSlflll‘lOS.

1976 995 2178 1050 Deinde
2217 1005 2470 1064 oportere
2530 995 2586 1049 in
2629 997 2714 1051 his
2764 999 2838 1052 uti
2907 1003 3045 1054 duce
3099 1001 3226 1066 lide,
3290 1004 3552 1057 honorem

1975 1088 2098 1142 fidei
2158 1089 2394 1154 habere;
2451 1103 2682 1158 eamque
2745 1089 2946 1146 animis
2995 1093 3258 1159 inserere,
3310 1104 3366 1150 et
3430 1110 3551 1149 cum

1976 1178 2298 1233 rectitudine
2324 1180 2501 1235 cordis
2522 1182 2828 1236 doctrinam
2857 1183 3004 1237 circa
3034 1185 3133 1238 has
3165 1202 3255 1240 res
3276 1188 3553 1255 eteipere,

1976 1272 2223 1326 futilibus
2251 1273 2559 1344 ineptisque
2592 1275 2992 1344 qnzestiouibus
3036 1277 3338 1344 abstinere,
3379 1280 3556 1334 aniles

1976 1359 2187 1416 fabulas
2224 1363 2558 1432 profanaque
2587 1374 2640 1417 et
2672 1380 2810 1418 vana
2838 1367 3099 1420 vocabula
3141 1370 3366 1423 omnino
3391 1385 3555 1438 repu-

1976 1453 2148 1517 diare,
2211 1469 2384 1522 neque
2435 1456 2768 1526 genealogiis
2819 1458 3194 1515 interminatis
3248 1462 3552 1528 attendere,

1977 1557 2136 1614 prout
2191 1561 2362 1601 sacra:
2416 1547 2639 1602 Littera:
2684 1549 2881 1602 docent
2909 1551 2976 1615 ιθ,
3040 1566 3160 1618 qua:
3219 1555 3552 1620 qurestioncs

1979 1646 2240 1706 prmstant
2282 1640 2474 1708 magis,
2505 1655 2671 1709 quam
2707 1640 2799 1695 Dei
2830 1643 3194 1696 oeconomiam
3220 1644 3296 1713 (5)
3324 1660 3442 1713 qua:
3469 1655 3554 1697 est

1978 1729 2028 1781 in
2067 1728 2169 1782 fide
2201 1743 2216 1780 :
2246 1741 2425 1796 neque
2450 1729 2577 1780 item
2605 1729 2717 1799 86
2755 1730 3031 1798 postulare
3065 1742 3122 1784 ut
3163 1748 3258 1800 per
3286 1734 3550 1787 miracula

1979 1831 2031 1874 et
2057 1821 2360 1890 prodigiosa
2390 1836 2554 1888 opera
2599 1823 2940 1876 continuatio
2979 1822 3070 1877 fiat
3106 1839 3170 1877 ac
3199 1825 3551 1878 demonstra-

1982 1909 2100 1960 tio:
2138 1908 2218 1960 vel
2279 1908 2512 1977 denique
2554 1909 2778 1964 minime
2836 1911 3039 1965 habere
3082 1925 3360 1967 nutantem
3409 1917 3552 1968 circa

1981 2017 2067 2056 res
2087 2001 2421 2071 principales
2441 2002 2791 2056 sententiam.
2824 2001 3110 2061 .Judaicum
3146 2005 3247 2058 hoc
3269 2020 3554 2071 argumen-

1979 2108 2090 2149 tmn
2117 2105 2221 2160 est,
2255 2104 2309 2150 et
2342 2094 2754 2147 inerednlorum
2791 2095 3025 2150 malitia.
3057 2096 3394 2163 Quibusnam
3421 2098 3555 2152 dicit

1979 2190 2236 2243 Dominus
2272 2208 2284 2242 :
2321 2191 2363 2240 0
2403 2189 2668 2258 generatio
2691 2189 3001 2242 incredula!
3034 2191 3476 2260 signuntquwrit.
3503 2200 3551 2243 et

1976 2284 2179 2354 signum
2203 2298 2304 2335 non
2335 2283 2550 2334 dabitur
2570 2281 2640 2342 ei,
2664 2281 2766 2334 nisi
2793 2280 3448 2351 signumlonrepropheta:
3470 2283 3513 2315 ¹⁷
3530 2282 3557 2337 .’

1979 2388 2157 2428 nenae
2223 2371 2642 2426 contumacibus
2702 2370 2906 2426 Judaeis
2958 2384 3013 2426 et
3066 2383 3257 2425 sancto
3335 2387 3556 2439 semper

1979 2466 2300 2520 resistentes
2333 2464 2558 2532 Spiritui
2584 2463 2812 2532 ?Neque
2847 2464 2975 2518 item
3009 2465 3241 2518 curiosis
3273 2473 3324 2517 et
3360 2464 3552 2518 inlice-

1980 2559 2049 2612 tis
2083 2556 2526 2626 inquisitionibus
2558 2564 2774 2624 oportet
2811 2572 2908 2610 nos
2958 2555 3158 2623 abripi,
3196 2571 3317 2624 qute
3353 2557 3545 2611 verbo-

1981 2649 2498 2704 rumcoutentiones
2548 2658 2602 2701 et
2655 2647 3030 2716 garrulitatem
3073 2647 3253 2716 potius
3285 2657 3555 2716 generant

1980 2759 2139 2813 quam
2169 2742 2467 2812 proficuam
2520 2739 2816 2809 utiiemque
2845 2741 3186 2795 doctrinam:
3215 2754 3389 2808 neque
3424 2741 3542 2794 dia-

1982 2837 2190 2890 lecticis
2248 2834 2518 2888 methodis
2556 2834 2622 2886 ad
2667 2835 3124 2890 demonstrativas
3169 2831 3554 2889 conclusiones

1983 2927 2254 2996 pergendo
2287 2940 2383 2993 per
2437 2925 2766 2978 artiticiosos
2818 2926 3202 2994 captiososqne
3249 2938 3554 2991 sermones,

1982 3024 2048 3075 ad
2111 3022 2211 3074 hoc
2268 3035 2436 3088 genus
2495 3020 2912 3086 persuasionum
2969 3018 3285 3087 confugere,
3337 3032 3459 3086 qua:
3489 3017 3555 3070 ad

1983 3129 2309 3169 consensum
2359 3113 2646 3165 audientes
2696 3111 2962 3164 violenter
3022 3110 3270 3179 adigunt.
3327 3107 3558 3162 Prorsus

298 3205 499 3276 μένους
536 3205 885 3274 ἐπαγομένας
912 3221 924 3233 °
971 3205 1285 3275 Ἰεῖλληνικὸν
1316 3205 1477 3258 τοῦτ’)
1506 3205 1596 3256 καὶ
1635 3204 1877 3255 ἀπίστων
1908 3233 1950 3288 C

1908 3233 1950 3288 ε
1986 3210 2088 3264 hoc
2155 3207 2503 3262 ethnicorum
2550 3212 2633 3258 est
2694 3213 2857 3272 atque
2907 3203 3202 3256 infidelium
3254 3201 3557 3255 inventum.

297 3295 620 3349 παντάπασι
651 3296 712 3347 τὸ
762 3295 1068 3367 ἐφεύρεμα.
1103 3297 1214 3348 Καὶ
1259 3296 1367 3366 γὰρ
1399 3295 1593 3366 ὥσπερ
1635 3295 1878 3347 Ἰουδαῖοι

298 3387 530 3454 σημεῖον
583 3387 860 3452 αἰτοῦσιν,
908 3387 1053 3440 οὕτω
1102 3387 1194 3440 καὶ
1242 3387 1501 3458 ’Έλληνες
1551 3387 1742 3454 σοφίαν
1783 3385 1880 3456 ζη-

294 3479 511 3534 τοῦσιν.

375 3574 440 3644 β’.
491 3574 628 3627 Ἀλλ’
655 3576 786 3645 ἡμῖν
805 3592 890 3641 γε,
919 3568 999 3636 οἷς
1032 3573 1211 3638 πίστις
1235 3572 1294 3625 τὺ
1323 3571 1660 3644 τιμώμενον,
1689 3571 1878 3634 πίστις

299 3667 447 3736 ἀρχὴ
475 3667 568 3719 καὶ
609 3664 897 3734 ὑποϐάθρα
959 3667 1057 3734 τῆς
1104 3663 1378 3733 σωτηρίας
1418 3664 1575 3734 ημῶν
1624 3663 1878 3720 τιθέσθω.

297 3758 426 3812 ὅθεν
456 3759 550 3810 ἐπὶ
581 3759 671 3810 τὸν
716 3758 920 3810 σκοπῖιν
953 3757 1044 3810 καὶ
1073 3756 1133 3807 τὺ
1176 3757 1329 3819 τέλος
1359 3755 1468 3808 τῶν
1510 3754 1880 3823 ἐλπιζομένων

300 3849 662 3919 ἐπειγόμεθα.
699 3850 853 3902 Ἐπεὶ
892 3848 946 3900 δὲ
984 3849 1228 3918 ἡπίστις
1265 3848 1324 3912 ἐξ
1358 3849 1549 3917 ἀκοῆς,
1593 3847 1881 3900 πιστεῦσαι

300 3945 386 3995 δεῖ
414 3943 628 4010 πρῶτον
657 3941 752 3994 τον
797 3941 1238 4012 προσερχόμενον
1287 3942 1371 3992 ὅτι
1432 3941 1549 3993 ἔστι
1585 3940 1750 4004 Θεὸς,
1787 3941 1880 3992 καὶ

303 4036 424 4095 τοῖς
453 4032 781 4102 ἐκζητοῦσιν
817 4033 986 4085 αὑτὸν
1037 4031 1442 4099 μισθαποδότης
1480 4031 1694 4099 γίνεται
1731 4049 1743 4061 ο
1789 4048 1880 4082 πιο

304 4121 534 4174 στεῦται
566 4161 582 4185 ,
617 4122 675 4174 οὐ
719 4122 1126 4192 ζυγομαχῆσαι,
1161 4121 1296 4174 ἀλλὰ
1333 4121 1514 4173 πίστει
1573 4121 1881 4192 προσιέναι,

303 4213 399 4264 τὸν
427 4213 526 4281 τῆς
557 4211 872 4274 εὐπειθείας
941 4213 1131 4282 μισθὸν
1183 4212 1639 4282 ἀπεκδεχόμενοι).
1694 4213 1884 4275 Πίστις

303 4305 420 4375 γάρ
451 4306 600 4356 ἐστιν
624 4305 771 4374 ἁπλῆ
797 4304 1075 4374 λογισμῶν
1106 4304 1201 4356 καὶ
1235 4304 1570 4374 ἀπερίεργος
1602 4303 1883 4370 συγκατά·

305 4396 462 4460 Θεσις
491 4411 507 4426 ⁶
539 4395 617 4449 διὸ
667 4395 849 4448 πίστει
882 4395 1154 4464 πρόσιμεν
1189 4399 1252 4466 τῇ
1305 4397 1510 4465 χάριτι,
1553 4398 1618 4466 τῇ
1674 4399 1739 4448 ἐκ
1786 4394 1884 4447 τοῦ

305 4489 458 4542 θείου
484 4487 803 4558 Πνεύματος
831 4489 1088 4560 ὲπιπνοίᾳ
1117 4489 1472 4558 ὲντικτομένη
1504 4491 1624 4552 ταῖς
1651 4488 1760 4540 τῶν
1793 4506 1887 4540 πι-

1987 3299 2192 3356 Etenim
2227 3299 2366 3351 sicut
2412 3295 2583 3350 Judmi
2633 3297 2845 3366 signum
2882 3303 3092 3366 petunt,
3122 3297 3191 3348 ita
3234 3294 3436 3349 ethnici
3468 3308 3558 3347 sa-

1984 3393 2238 3466 pientiam
2263 3401 2517 3460 qmeruut
2550 3387 2614 3444 ¹⁸.

2049 3577 2105 3634 9.
2145 3575 2310 3630 Nobis
2353 3590 2502 3638 vero,
2539 3574 2736 3645 quibus
2771 3572 2904 3628 fides
2948 3573 3001 3626 iit
3034 3575 3241 3627 honore
3279 3580 3387 3638 est,
3430 3571 3560 3627 fides

1987 3673 2101 3740 ipsa
2131 3670 2346 3723 initium
2398 3685 2459 3722 ac
2497 3669 2911 3721 fundamentum
2963 3667 3156 3720 salutis
3199 3675 3396 3720 nostra:
3430 3681 3564 3719 cou-

1985 3766 2270 3830 stituatur,
2335 3765 2476 3816 unde
2517 3762 2581 3814 ad
2623 3777 2841 3830 scopum
2895 3763 3164 3827 finemque
3221 3770 3561 3829 Speratarum

1987 3872 2165 3910 rerum
2204 3855 2604 3908 contendimus.
2645 3852 2911 3918 Quoniam
2948 3867 3075 3905 vero
3110 3852 3242 3904 tiles
3267 3866 3330 3905 ex
3367 3851 3552 3903 auditu

1985 3959 2090 4014 est,
2117 3947 2341 4001 credere
2380 3956 2593 4012 oportet
2626 3945 2802 4014 primo
2853 3944 3200 3998 accedentem
3235 3943 3373 4011 qttod
3410 3943 3549 3996 Deus

1986 4039 2077 4098 sit,
2123 4047 2175 4090 et
2217 4036 2360 4102 quod
2419 4034 2819 4102 inquirentibus
2864 4049 2923 4088 se
2965 4041 3346 4085 remuneratur
3394 4033 3560 4094 sit";

1987 4127 2500 4194 creilere,inqna:u,
2551 4135 2785 4191 oportet,
2841 4139 2943 4176 non
2997 4124 3277 4184 resistere.
3314 4124 3407 4176 sed
3439 4139 3562 4176 eum

1990 4219 2392 4276 tideaccedere,
2427 4228 2478 4270 et
2503 4217 2794 4269 doeilitatis
2815 4215 3046 4269 fructum
3074 4216 3374 4284 percipere.
3405 4214 3562 4268 Fides

1988 4312 2129 4365 enim
2183 4319 2265 4363 est
2324 4310 2460 4361 liber
2503 4323 2531 4359 a
2588 4305 3100 4360 ratiocinatiouiluts
3150 4315 3203 4359 et
3257 4306 3567 4358 incnrio<us

1989 4417 2264 4455 assensus.
2299 4399 2419 4452 Ideo
2450 4399 2551 4451 title
2583 4399 2646 4451 ad
2685 4397 2914 4465 gratiam
2943 4396 3277 4452 accedimus.
3316 4410 3436 4463 qua:
3470 4395 3556 4448 tli-

1989 4491 2114 4544 vino
2136 4489 2348 4543 alllante
2369 4487 2575 4556 Spiritu
2610 4488 2662 4539 in
2695 4486 2980 4539 animabus
3007 4485 3241 4538 lidclium
3274 4484 3511 4553 gignitur
3539 4502 3551 4538 :

307 4581 456 4635 στῶν
486 4579 709 4649 ψυχαῖς·
759 4579 939 4650 πάσης
967 4580 1226 4636 ἀπιστίας
1272 4580 1566 4650 ἐλευθέραν
1607 4581 1705 4650 τὴν
1737 4580 1879 4648 γνώ-
1919 4589 1960 4643 1)

1919 4589 1960 4643 D
1993 4598 2112 4634 eum
2145 4580 2369 4632 liberam
2413 4575 2559 4629 omni
2597 4573 2972 4628 incredulitate
3025 4580 3259 4627 mentem
3297 4571 3560 4640 gerimus.

311 4689 423 4744 μην
459 4670 808 4742 κεκτημένοι,
863 4671 958 4724 καὶ
1007 4672 1065 4724 ἐν
1122 4672 1388 4742 ἁπλότητι
1435 4672 1661 4741 καρδίας
1704 4673 1888 4735 ἁπλῶς

308 4766 407 4817 καί
439 4763 817 4826 ἀϐασανίστως
845 4764 914 4818 τὰ
945 4766 1011 4831 τῇ
1043 4763 1310 4834 καθολικῇ
1359 4763 1656 4832 Ἐκκλησία
1711 4780 1890 4833 παρα-

308 4855 577 4924 δεδομένα
615 4854 688 4919 ὡς
727 4857 790 4908 ἐκ
831 4855 986 4918 θείας
1030 4855 1415 4926 ὲπιλάμποντα
1469 4855 1690 4925 χάριτος
1742 4855 1891 4925 δεχό-

314 4948 482 5019 μεθα,
530 4948 710 5018 πάσης
742 4948 839 5015 τῆς
870 4947 927 5012 ἐξ
949 4947 1284 5018 ἀμφιϐολίας
1333 4947 1549 5018 κηλῖδος
1581 4949 1676 5000 καὶ
1717 4947 1888 5019 ῥύπου

312 5039 739 5113 καθαρεύοντες.
779 5041 1012 5112 Νόσημα
1044 5041 1158 5112 γὰρ
1191 5040 1372 5110 ψυχῆς
1412 5041 1601 5093 κακῶν
1629 5041 1888 5094 κάκιστον

311 5132 569 5198 ἀπιστία,
610 5133 703 5186 καὶ
734 5133 1028 5198 ἀσυνεσίας
1059 5133 1201 5203 ἀρχὴ
1231 5131 1326 5185 καὶ
1351 5132 1634 5196 ἀπωλείας
1684 5132 1888 5202 παραίο

312 5243 453 5280 τιον.
500 5224 634 5277 Ἐὰν
667 5226 776 5293 γὰρ
814 5225 900 5296 μὴ
937 5227 1340 5292 πιστεύσητε,
1395 5225 1581 5296 φησὶν,
1632 5225 1775 5280 οὐδὲ
1807 5225 1890 5295 μὴ

313 5314 570 5384 συνῆτε.
603 5315 676 5368 "ll
716 5318 774 5378 ’ξε
810 5315 919 5383 γὰρ
970 5315 1228 5368 ἀπείθεια
1260 5316 1397 5388 πρὸς
1439 5315 1618 5368 ὁτιοῦν
1662 5317 1722 5368 οὐ
1759 5333 1892 5386 συγ-

393 5497 438 5529 ¹⁶
465 5494 486 5551 1
512 5496 652 5552 Tim.
685 5511 724 5558 ι,
752 5495 807 5550 ι.
883 5495 925 5525 ¹⁷
959 5493 1166 5582 Matth.
1195 5509 1304 5558 xw,
1330 5493 1380 5546 4.
1461 5493 1503 5525 ¹⁸
1533 5493 1548 5548 l
1582 5494 1711 5548 Cor.
1747 5509 1782 5559 ι,
1817 5494 1906 5548 2-2.

401 5654 479 5722 (5)
507 5651 729 5708 Graccus
778 5640 1254 5720 Nicephorieodex
1281 5663 1468 5714 reapse
1492 5649 1654 5702 habet
1698 5664 1801 5702 non
1825 5650 1894 5722 οἱ·

320 5720 562 5793 κοδοέαὴν
610 5724 693 5774 vel
750 5723 1084 5791 οίκοδομίαν.
1135 5723 1226 5793 sed
1288 5722 1622 5789 οἰκονομίαν,
1687 5732 1741 5772 ιιι
1801 5720 1888 5774 alii

321 5796 478 5848 ιιιιιιιί
513 5790 728 5848 codices
768 5790 1118 5859 nonnullique
1159 5790 1347 5843 Patres
1374 5800 1685 5859 veteresque
1716 5799 1890 5844 trans-

320 5867 591 5931 latiOucs;
626 5879 930 5933 quanquam
968 5874 1020 5919 et
1068 5863 1155 5917 illa
1187 5863 1335 5932 prior
1383 5862 1674 5930 permultos
1731 5859 1892 5916 Ιιίὼιτι

1987 4685 2042 4728 et
2082 4674 2135 4726 in
2171 4671 2524 4740 simplicitate
2551 4668 2732 4721 cordis
2763 4667 2976 4720 sincere
3019 4681 3080 4719 ac
3118 4664 3235 4719 sine
3270 4662 3373 4715 ulla
3402 4661 3571 4728 inqui-

1989 4767 2186 4820 sitione
2234 4763 2460 4817 traditas
2493 4752 2776 4814 catholica:
2813 4758 3072 4813 Ecclesiae
3129 4756 3406 4811 doctrinas
3443 4762 3568 4806 tau-

1989 4874 2148 4928 quam
2201 4857 2378 4910 divina
2432 4854 2698 4921 fulgentes
2750 4851 2922 4921 gratia
2967 4850 3299 4919 suscipimus
3345 4861 3562 4902 onmem

1995 4949 2350 5003 dubitationis
2428 4960 2635 4999 nmvum
2711 4941 3091 5009 maculataque
3163 4941 3566 5006 abstergentes.

1997 5040 2213 5096 Morbus
2253 5038 2398 5093 enim
2446 5037 2697 5091 omnium
2734 5036 3001 5106 pessimus
3033 5033 3407 5093 incredulitas,
3439 5030 3572 5083 insi-

1997 5134 2212 5206 pientize
2253 5133 2486 5194 initium,
2518 5141 2572 5186 et
2611 5129 2933 5200 perditionis
2965 5141 3149 5182 causa.
3187 5125 3245 5178 Si
3277 5124 3422 5177 enim
3460 5136 3558 5175 nou

1999 5225 2346 5284 credideritis.
2380 5224 2553 5292 inquit
2591 5220 2957 5290 Scriptura",
2997 5234 3058 5272 ne
3092 5213 3396 5285 intelligetis
3441 5211 3561 5281 qui-

2001 5321 2143 5374 dem.
2173 5317 2384 5372 Etenim
2420 5315 2770 5372 incredulitas
2801 5312 3001 5368 nullam
3032 5311 3237 5382 patitur
3264 5323 3403 5362 vera:
3441 5305 3571 5361 reli-

1988 5495 2030 5527 “
2070 5493 2236 5549 llebr.
2271 5510 2347 5560 XI,
2381 5493 2432 5548 6.
2513 5493 2557 5525 ³ο
2585 5490 2691 5547 lsa.
2717 5505 2815 5557 vn,
2839 5491 2893 5546 9.

2002 5650 2408 5714 aStipnlatores.
2467 5648 2601 5703 Vide
2686 5643 3157 5700 ltosenmt’tllermn
3241 5641 3306 5693 ad
3370 5640 3571 5714 dictum

2003 5709 2149 5775 l'auli
2214 5722 2427 5782 locum,
2485 5720 2576 5787 qui
2647 5719 2838 5775 merito
2899 5714 3182 5785 Vulgataut
3216 5721 3478 5777 nostram,
3524 5709 3579 5766 id

2001 5802 2083 5848 cst
2122 5793 2381 5863 priorem,
2412 5788 2651 5861 praefert.
