4220 6442
213 363 321 431 429

920 354 1553 417 ANTIRRHETICUS
1597 352 1686 413 III
1726 352 1893 414 ADV.
1934 351 2526 413 CONSTANTINUM
2567 354 2778 413 COI’R.

3373 358 3481 424 430

213 480 449 554 σταυρὸν
482 476 589 547 γὰρ
622 470 946 544 ἐνορῶντες,
1000 470 1217 540 πρῶτον
1257 469 1355 540 μὲν
1402 468 1536 540 πρὸς
1580 468 1638 521 τὸ
1674 484 1799 537 φαι-

1904 477 2085 522 autem
2117 481 2224 521 non
2258 468 2358 522 hoc
2408 467 2571 532 facit;
2609 482 2728 520 cum
2770 468 2911 520 enim
2960 483 3176 524 crucem
3216 470 3480 538 videmus,

212 571 439 641 νόμενον
468 566 561 620 τὸν
595 562 719 617 νοῦν
764 560 1147 631 ἀπερείδομεν·
1196 558 1389 613 ἔπειτα
1431 559 1508 624 δὲ,
1536 560 1587 612 τί
1625 561 1795 625 ἐστιν,

210 658 530 731 ἐννοοῦμεν,
585 656 678 709 καὶ
725 652 844 716 πῶς
898 652 1159 722 ἡγίασται
1210 650 1655 722 ἀναθεωροῦμεν,
1704 652 1798 704 καὶ

211 755 368 826 παρὰ
398 753 543 815 τίνος
564 790 580 814 ,
626 748 719 802 καὶ
742 747 889 800 οὓτω
924 746 1067 800 κατὰ
1096 745 1351 818 δεύτερον
1374 746 1555 814 λόγον,
1585 746 1679 798 ἐπὶ
1705 745 1797 798 τὸν

212 845 602 919 σταυρωθέντα
632 843 727 896 καὶ
770 840 1077 911 ἁγιάσαντα
1121 840 1285 894 αὐτὸν
1317 841 1567 911 μέτιμενο
1598 840 1659 893 τὸ
1689 838 1799 892 τοί-

210 956 309 992 νυν
354 937 588 1008 πρώτως
628 933 720 987 ὲπί
758 949 813 985 τι
848 931 1193 1002 μεταϐαῖνον.
1229 931 1326 984 καὶ
1386 929 1615 1002 πρώτως
1666 931 1799 984 αὐτὸ

209 1030 494 1101 γνώριμον
525 1025 733 1089 ποιοῦν,
769 1024 864 1077 τοῦ
906 1024 1181 1092 δευτέρως
1202 1022 1377 1076 ταῦτα
1406 1021 1690 1085 ποιοῦντος
1719 1040 1798 1074 τι-

214 1122 508 1194 μιώτερον·
558 1119 592 1189 ἡ
640 1116 805 1170 εἰκὼν
846 1114 952 1187 ἄρα
982 1114 1079 1167 τοῦ
1120 1113 1383 1185 Χριστοῦ,
1419 1115 1514 1167 τοῦ
1561 1112 1797 1186 σταυροῦ

209 1216 403 1287 τιμίου
432 1214 603 1276 ὅντως
635 1209 941 1281 τιμιωτέρα
972 1209 1232 1279 ὑπάρχει.

289 1399 423 1456 Εἶτα
446 1402 522 1469 Γ)
544 1399 696 1470 παρὰ
738 1400 874 1452 πᾶσι
898 1400 1011 1459 τοῖς
1041 1396 1165 1450 νοῦν
1189 1395 1405 1465 ἔχουσιν
1424 1395 1797 1467 ὡμολόγηται,

215 1499 298 1551 ῖτι
328 1495 389 1547 τὸ
436 1491 662 1561 ἁγιάζον
697 1490 793 1543 τοῦ
840 1488 1210 1558 ἁγιαζομένου
1254 1488 1504 1557 κρεῖττόν
1532 1490 1669 1541 ἐστι’
1707 1489 1803 1542 καὶ

214 1584 353 1653 γὰρ,
390 1580 576 1648 Χωρὶς
623 1578 826 1645 πάσης
858 1578 1224 1646 ἀντιλογίας,
1262 1577 1399 1647 φησὶ
1438 1578 1500 1631 τὸ
1524 1578 1804 1632 ἀποστολι-

215 1675 312 1728 κὸν
339 1673 537 1739 λόγιον,
555 1671 621 1723 τὸ
643 1670 899 1724 ἔλαττον
917 1669 1036 1723 ὑπὸ
1054 1669 1160 1721 τοῦ
1179 1670 1519 1737 κρείττονος
1538 1672 1803 1738 εὐλογεῖ-

212 1780 310 1817 ται
336 1779 349 1791 “
383 1765 432 1816 εἰ
453 1762 632 1814 τοίνυν
660 1761 719 1812 τὸ
756 1760 915 1830 σῶμα
940 1758 1178 1829 Χριστοῦ
1212 1758 1305 1810 τὸν
1334 1760 1566 1829 σταυρὸν
1605 1761 1801 1830 ἠγίαςε

215 1853 635 1925 προσομιλῆσαν
681 1851 828 1922 αὐτῴ
885 1850 1353 1921 προπηλούμενον,
1386 1852 1503 1930 καὶ
1551 1854 1682 1923 ἡμῖν
1732 1852 1799 1905 δι’

213 1946 383 2003 αὑτοῦ
410 1947 501 1999 τὸν
527 1945 802 2015 ἁγιασμὸν
851 1945 1068 2014 ἐνῆκεν,
1118 1946 1147 1997 ὁ
1172 1946 1228 1998 δὲ
1258 1946 1490 2016 σταυρὸς
1519 1946 1587 1999 δι’
1633 1948 1798 2000 αὑτοῦ

213 2043 500 2113 ἡγίασται*
533 2032 608 2092 ὧν
633 2039 779 2091 δὲτὰ
811 2039 1149 2108 πρωτὸτυπα
1171 2037 1507 2109 τιμιώτερα,
1541 2038 1631 2092 καὶ
1664 2040 1802 2094 αὐτὰ

213 2133 522 2204 τιμιώτερα
548 2148 559 2159 ·
599 2131 790 2201 ἐπειδὴ
816 2131 873 2184 δὲ
904 2124 1074 2200 ἄμφω
1098 2131 1294 2195 τύποι,
1324 2132 1419 2183 καὶ
1450 2134 1478 2183 ὁ
1506 2132 1673 2195 τύπος
1706 2133 1799 2185 τοῦ

211 2225 570 2296 ἁγιασθὲντος
597 2222 834 2293 σταυροῦ
867 2224 1069 2290 τίμιος,
1097 2224 1125 2275 ὁ
1163 2223 1334 2286 τύπος
1374 2222 1483 2294 ἄρα
1515 2222 1608 2275 τοῦ
1639 2223 1802 2290 ἁγιά-

215 2337 414 2382 σαντος
460 2318 734 2388 σώματος,
762 2315 964 2387 μᾶλλον
980 2316 1205 2385 τιμιὼτε
1216 2332 1326 2386 ρος.
1347 2317 1421 2384 Δ’)
1444 2315 1609 2367 Ἔτιὸ
1630 2314 1803 2377 τύπος

212 2413 313 2479 τῆς
340 2410 615 2471 ἐκτάσεως
633 2407 741 2461 τῶν
757 2407 959 2477 χειρῶν
976 2406 1070 2459 τοῦ
1100 2405 1340 2477 Χριστοῦ
1361 2408 1455 2459 καὶ
1481 2404 1574 2458 τοῦ
1594 2407 1804 2474 σχήμα-

213 2523 304 2568 τος
324 2503 517 2566 σεπτός
534 2504 700 2555 ἐστιν·
725 2501 834 2569 ὅσῳ
852 2500 907 2551 δὲ
922 2498 1168 2569 διαφέρει
1190 2498 1349 2567 σῶμα
1371 2501 1671 2568 σχήματος,
1688 2514 1802 2549 τοσ-

212 2598 358 2664 ούτῳ
388 2596 482 2649 καὶ
502 2594 568 2647 τὰ
597 2594 690 2646 ἀπ’
720 2593 900 2646 αὐτῶν
927 2592 1115 2644 διοίσει
1145 2608 1157 2620 '
1189 2585 1263 2644 ὧν
1294 2591 1402 2660 γὰρ
1424 2591 1494 2643 τὰ
1519 2591 1801 2661 ἀρχέτυπα

211 2690 548 2759 τιμιώτερα,
585 2687 677 2739 καὶ
700 2684 840 2738 αὐτὰ
866 2683 1172 2753 τιμιώτεροι
1198 2699 1209 2711 ·
1256 2686 1350 2735 καὶ
1384 2681 1491 2753 γὰρ
1521 2683 1582 2735 τὸ
1617 2684 1802 2752 σχῆμα

212 2778 306 2831 διὰ
357 2777 418 2828 τὸ
473 2775 671 2846 σῶμα,
718 2775 809 2826 καὶ
855 2776 887 2843 ἡ
937 2772 1176 2836 ἕκτασις*
1207 2773 1269 2823 ού
1319 2772 1424 2841 μὴν
1472 2772 1707 2842 ἔμπαλιν
1742 2772 1802 2825 τὸ

216 2870 382 2939 σῶμα
429 2868 515 2922 διὰ
545 2869 606 2920 τὸ
646 2869 849 2936 σχῆμα·
888 2866 982 2919 καὶ
1028 2866 1089 2918 τὸ
1144 2865 1245 2934 μὲν
1288 2863 1485 2934 σῶμα,
1524 2865 1679 2917 οὐσία
1707 2865 1803 2918 καὶ

216 2962 579 3032 ὑποκείμενόν
613 2964 747 3013 ἐστι·
783 2961 841 3012 τὸ
863 2958 921 3011 δὲ
954 2959 1142 3029 σχῆμα
1172 2957 1519 3028 συμϐεϐηκὸς
1542 2958 1637 3010 καὶ
1663 2975 1802 3027 παρ-

213 3054 572 3123 ακολούθημα
600 3068 612 3081 ⁵
650 3054 760 3121 ὅσῳ
802 3048 895 3103 οὖν
950 3051 1109 3104 οὐσία
1156 3048 1569 3119 συμϐεϐηκότος
1615 3050 1800 3120 κρείτ-

1903 560 2135 629 primum
2167 560 2384 629 quidem
2423 570 2659 614 mentem
2688 560 2753 614 ad
2789 560 2838 613 id
2869 562 3009 630 quod
3046 572 3268 632 apparet
3309 565 3483 618 "Inten-

1900 651 2110 716 dimus,
2156 653 2351 707 deinde
2399 653 2699 722 cogitamus
2770 652 2899 723 quid
2950 653 3052 719 sit,
3089 665 3144 709 et
3206 660 3483 727 quomodo

1898 744 2235 798 sanctificata
2264 743 2446 809 fuerit,
2488 754 2541 799 et
2573 761 2602 798 a
2625 760 2755 815 quo,
2802 746 3273 817 tontemplatnur;
3321 758 3484 819 atque

1900 837 1971 890 ita
1994 841 2231 891 secunda
2269 838 2388 891 loco
2421 839 2486 891 ad
2520 840 2866 905 cruciﬁxum,
2898 848 2951 892 et
2985 841 3204 895 ad'eum
3234 844 3323 911 qui
3353 858 3482 897 eruo

1899 943 2017 982 cem
2057 928 2455 993 sanetiﬁcavit,
2499 931 2819 987 transimus.
2867 932 3133 997 Quocirca
3180 935 3325 1004 quod
3373 935 3482 1004 pri-

1899 1035 2045 1073 mum
2081 1020 2279 1074 transit
2311 1021 2375 1072 ad
2409 1022 2634 1090 aliquid,
2671 1032 2727 1076 et
2774 1024 2901 1077 illud
2936 1024 2990 1077 in
3038 1024 3231 1094 primis
3262 1025 3483 1081 tuanife-

1899 1121 2042 1167 stum
2075 1112 2279 1178 efﬁcit,
2314 1113 2630 1166 honoratius
2660 1128 2725 1166 eo
2767 1124 2854 1168 est
2893 1115 3035 1183 quod
3069 1116 3209 1170 idem
3242 1118 3483 1173 secundo

1900 1203 2022 1259 loco
2069 1204 2240 1258 facit:
2289 1220 2420 1275 ergo
2472 1204 2682 1261 Christi
2739 1206 2920 1274 imago
2952 1207 3272 1263 lienoratior
3319 1225 3484 1265 cruce

1899 1295 2129 1359 Christi,
2159 1312 2278 1363 qua}
2303 1298 2502 1367 alioqui
2548 1298 2883 1352 honorabilis
2912 1308 3015 1353 cst.

1976 1388 2177 1442 Deinde
2207 1388 2300 1458 Ill)
2344 1399 2552 1442 certum
2587 1399 2669 1443 est
2732 1391 2870 1453 apud
2909 1406 3099 1446 omnes
3137 1394 3229 1460 qui
3284 1396 3485 1447 mentis

1900 1489 2027 1534 sunt
2054 1491 2356 1548 compotes,
2386 1481 2436 1531 i-l
2464 1482 2607 1549 quod
2633 1481 2960 1548 sanctificat,
2995 1485 3338 1539 sanctiﬁcata
3367 1500 3487 1541 esse

1904 1572 2140 1626 melius:
2187 1571 2312 1627 Sine
2357 1573 2777 1626 contradictione
2804 1574 2984 1638 enim,
3033 1575 3207 1645 inquit
3250 1578 3486 1642 Aposto-

1905 1662 1985 1718 lus
2008 1664 2075 1727 '°,
2102 1665 2241 1733 quod
2267 1663 2443 1714 minus
2472 1672 2570 1723 est,
2603 1680 2633 1719 α
2666 1667 2883 1717 meliore
2904 1665 3231 1725 benedicitur
3254 1680 3272 1717 :
3294 1682 3486 1735 quam-

1905 1753 2089 1805 obrem
2123 1766 2321 1819 corpus
2339 1751 2537 1805 Christi
2565 1767 2781 1805 crucem
2807 1753 3169 1808 sanctiﬁcavit
3200 1769 3321 1809 cum
3362 1770 3484 1810 eam

1908 1843 2080 1912 tetigit
2116 1852 2167 1897 et
2198 1844 2249 1895 in
2279 1858 2340 1897 ea
2367 1842 2643 1895 confixum
2674 1841 2799 1908 fuit,
2825 1854 2880 1898 et
2919 1846 3352 1900 benedictionem
3390 1863 3487 1901 llo-

1904 1936 1986 1989 bis
2010 1949 2104 2004 per
2135 1934 2273 1987 hanc
2310 1933 2565 2000 immisit;
2607 1950 2735 1987 crux
2775 1950 2904 1990 vero
2939 1952 3034 2006 per
3067 1937 3241 2006 ipsum
3278 1939 3487 1993 sancti-

1906 2027 2061 2080 ficata
2108 2035 2193 2080 est
2228 2045 2240 2079 :
2276 2041 2508 2094 quorum
2557 2040 2736 2080 autem
2792 2040 3080 2099 prototypa
3132 2030 3485 2087 bonoratiora

1902 2128 2050 2182 sunt,
2084 2126 2135 2171 et
2170 2118 2282 2186 ipsa
2315 2129 2443 2172 sunt
2492 2119 2661 2187 magis
2692 2121 2957 2175 honorata
2996 2140 3009 2176 :
3044 2123 3484 2195 quandoquidem

1907 2225 2034 2263 vero
2072 2222 2299 2279 utraque
2340 2211 2512 2280 ﬁgura
2562 2223 2668 2275 est,
2700 2222 2753 2266 et
2800 2213 2969 2283 ligttra
3016 2219 3197 2272 crucis
3241 2219 3489 2274 sanctific

1903 2312 2038 2357 cata:
2063 2305 2323 2358 honorata
2350 2315 2467 2372 cst;
2495 2304 2659 2373 ﬁgura
2695 2306 2860 2376 igitur
2888 2310 3135 2377 corporis
3166 2311 3313 2378 quod
3357 2326 3487 2365 cru-

1904 2411 2019 2450 cem
2054 2396 2433 2462 sanctiﬁcavit,
2472 2398 2644 2466 magis
2683 2399 2949 2454 honorata
2988 2412 3091 2455 est.
3140 2401 3350 2457 Rursus
3382 2401 3486 2473 IV)

1905 2502 2063 2559 typus
2090 2490 2424 2544 extensiouis
2452 2507 2707 2545 manuum
2749 2492 3038 2563 ﬁguraeque
3079 2495 3282 2549 Christi
3317 2512 3486 2552 vene-

1905 2582 2101 2638 rabiles
2133 2591 2260 2637 sunt
2294 2600 2306 2635 :
2354 2592 2617 2651 quantum
2651 2594 2830 2639 autem
2869 2586 3049 2642 diﬂ'ert
3098 2605 3128 2642 a
3170 2588 3339 2658 ﬁgura
3370 2608 3487 2647 cor-

1906 2692 2023 2742 pusI
2062 2686 2270 2729 tantum
2322 2673 2569 2731 different
2598 2693 2717 2746 qua:
2774 2679 2842 2732 ab
2889 2678 2971 2734 eis
3019 2683 3483 2749 proﬁciscuntur:

1905 2782 2133 2834 quorum
2162 2768 2304 2821 enim
2332 2769 2628 2839 archetypa
2653 2769 2704 2822 in
2737 2770 2944 2839 majore
2987 2772 3194 2827 honore
3227 2785 3376 2839 sunt,
3419 2792 3487 2830 co

1906 2859 2112 2926 majore
2145 2861 2195 2914 in
2225 2860 2431 2916 honore
2452 2862 2568 2932 ipsa
2600 2873 2782 2927 erunt,
2826 2863 3093 2932 siquidem
3147 2864 3316 2936 ﬁgura
3361 2882 3487 2937 pro-

1905 2966 2024 3025 pter
2048 2970 2244 3021 corpus
2268 2964 2373 3020 est,
2397 2966 2449 3008 et
2473 2956 2754 3020 extensio;
2781 2971 2884 3009 non
2912 2966 3113 3022 autem,
3134 2973 3164 3012 e
3180 2962 3483 3024 contrario.

1905 3064 2100 3116 corpus
2130 3057 2352 3117 propter
2406 3050 2631 3116 figuram
2690 3063 2704 3102 :
2762 3062 2825 3102 ac
2865 3063 3066 3117 corpus
3097 3051 3318 3120 quidem
3353 3055 3485 3108 sub-

214 3164 349 3208 των,
376 3144 617 3214 τοσούτῳ
646 3144 735 3195 καὶ
775 3142 933 3211 σῶμα
965 3143 1263 3211 σχήματος,
1294 3140 1326 3210 ἦ
1353 3142 1477 3193 ὅσον
1509 3140 1654 3210 ψυχὴ
1679 3142 1799 3193 ἐπι-

1904 3141 2103 3195 stantia
2152 3149 2205 3193 et
2232 3139 2533 3208 subjectum
2568 3149 2673 3206 est,
2711 3141 2882 3209 ﬁgura
2915 3157 3046 3196 vero
3072 3144 3326 3199 accidens
3353 3146 3485 3200 sul»

218 3239 439 3307 στὴμης
464 3251 479 3264 ⁸
518 3238 611 3288 καὶ
664 3236 722 3287 τὸ
767 3235 867 3305 μὲν
898 3234 1058 3303 σῶμα
1085 3233 1565 3302 ἐσχηματισμένον
1594 3234 1709 3286 ἐστί
1741 3250 1797 3285 τε

220 3333 315 3385 καὶ
358 3330 608 3397 ).ἐγεται’
657 3328 840 3397 σχῆμα
878 3327 932 3379 δὲ
966 3328 1450 3395 σεσιυματωμένον,
1481 3327 1653 3388 οὐδεὶς
1694 3326 1802 3378 τῶν

218 3420 652 3492 σωφρονούντων
681 3421 830 3489 ἐρεῖ·
869 3416 1011 3470 οῦτω
1045 3418 1152 3487 γὰρ
1180 3417 1275 3469 καὶ
1305 3416 1365 3467 τὸ
1403 3416 1561 3487 σῶμα
1590 3434 1800 3487 κεχρω-

218 3517 426 3584 σμένον
457 3512 672 3583 λεχθείη
705 3512 789 3575 ἂν,
817 3511 1001 3564 οὐκέτι
1036 3510 1090 3562 δὲ
1136 3510 1429 3580 χρώματος
1459 3510 1618 3578 σῶμα
1643 3548 1657 3571 ,
1684 3510 1804 3564 οὐδὲ

217 3606 422 3677 χρῶμα
471 3603 969 3673 σεσωματωμένονο
1020 3602 1305 3672 κρείττονα
1347 3597 1442 3653 οῦν
1482 3602 1547 3654 τὰ
1573 3600 1667 3654 τοῦ
1703 3602 1807 3653 σιτ)-

222 3714 398 3768 ματος
427 3699 571 3766 ἤπερ
599 3696 666 3748 τὰ
707 3695 802 3748 τοῦ
833 3696 1110 3765 σχήματος
1132 3712 1144 3722 ·
1184 3695 1279 3747 καὶ
1308 3698 1356 3746 εἰ
1405 3694 1593 3759 τοῦτο,
1640 3695 1747 3763 ἄρα
1777 3695 1806 3745 ὁ

216 3797 393 3858 τύπος
441 3792 534 3846 τοῦ
585 3791 873 3861 σώματος,
919 3789 1012 3842 τοῦ
1056 3790 1227 3842 τύπου
1264 3788 1358 3841 τοῦ
1412 3789 1690 3858 σχήματος
1724 3805 1807 3838 τισ-

220 3888 393 3959 μιώτε
400 3904 490 3958 ρος
521 3886 620 3955 (d).

295 4157 422 4211 Ἔτι
470 4154 542 4224 E')
593 4157 620 4208 ὁ
672 4154 904 4226 σταυρὸς
962 4154 1169 4207 ἁπλοῦν
1216 4171 1333 4217 πως
1385 4160 1479 4210 καὶ
1526 4158 1807 4211 ἀποὶκιλον

218 4252 352 4318 ἡμῖν
383 4247 632 4316 εἰσφέρει
666 4245 726 4298 τὸ
766 4245 1003 4315 Χριστοῦ
1039 4246 1237 4310 πάθος·
1269 4249 1382 4309 τοῖς
1407 4248 1461 4301 δὲ
1488 4250 1807 4319 ἀγροικοτέ-

220 4358 335 4409 ροις
381 4339 534 4408 μόλις
576 4336 643 4390 ἂν
683 4338 777 4390 καὶ
808 4336 1015 4400 πάθους
1053 4337 1323 4408 σύμϐολον
1358 4340 1578 4411 νοηθείη
1603 4357 1615 4370 ’
1653 4341 1720 4393 τὰ
1748 4341 1805 4394 δὲ

1906 3247 2291 3303 sequensque:
2328 3243 2536 3302 quanto
2580 3235 2745 3303 igitur
2782 3235 3087 3290 substantia
3142 3238 3487 3306 praestantior

1906 3334 1985 3379 est
2017 3325 2320 3381 accidente.
2377 3334 2470 3379 aut
2514 3336 2721 3394 quanto
2763 3328 2946 3381 anima
3016 3329 3363 3396 praestantior
3402 3342 3487 3385 est

1908 3417 2153 3479 scientia,
2207 3426 2355 3471 tanto
2416 3432 2617 3486 corpus
2663 3429 2884 3485 praestat
2926 3419 3133 3488 figurae.
3181 3421 3259 3475 Ac
3313 3419 3483 3490 ﬁgura

1908 3507 2122 3575 quidem
2157 3517 2237 3562 cst
2268 3519 2323 3561 et
2354 3507 2559 3562 dicitur
2589 3511 2731 3578 quod
2768 3511 3057 3579 ﬁguratqu
3091 3520 3175 3567 est
3208 3530 3221 3567 :
3258 3513 3486 3584 ﬁguram

1912 3614 2038 3653 vero
2064 3598 2268 3653 factum
2314 3616 2437 3655 esse
2485 3617 2715 3672 corpus,
2757 3619 2916 3658 nemo
2966 3619 3113 3660 sanae
3166 3607 3365 3662 mentis
3414 3608 3491 3661 di-

1910 3699 2095 3745 cturus
2115 3701 2232 3755 est;
2260 3693 2339 3743 sic
2361 3693 2505 3745 enim
2538 3703 2589 3745 et
2621 3708 2821 3763 corpus
2843 3696 3023 3773 colore
3058 3699 3344 3765 praeditum
3381 3700 3491 3754 dici

1911 3790 2121 3849 potest,
2153 3798 2259 3838 non
2289 3794 2469 3838 autem
2509 3801 2705 3856 corpus
2741 3788 2928 3855 color,
2967 3804 3143 3858 neque
3181 3790 3335 3845 color
3367 3807 3486 3845 cor-

1910 3892 2039 3945 pus;
2071 3879 2451 3945 praestantiora
2490 3881 2654 3948 igitur
2686 3895 2806 3948 quae
2850 3882 3135 3950 corporis,
3170 3896 3335 3952 quam
3367 3898 3492 3953 qum

1908 3979 2037 4022 sunt
2070 3969 2278 4039 ﬁgurae.
2308 3970 2461 4037 Quod
2502 3974 2545 4025 si
2584 3973 2655 4025 ita
2681 3982 2782 4037 est,
2826 3984 2985 4045 typus
3023 3977 3273 4045 corporis
3318 3978 3494 4032 hono-

1911 4062 2078 4115 ratior
2123 4071 2208 4115 est
2260 4073 2386 4132 typo
2442 4064 2642 4133 ﬁgurae.

1982 4153 2125 4207 Crux
2170 4155 2393 4223 insuper
2420 4155 2484 4227 V)
2509 4156 2810 4226 simplicem
2849 4161 3248 4229 quodammodo
3283 4169 3338 4217 et
3372 4163 3494 4217 sine

1911 4244 2175 4300 varietate
2209 4247 2364 4302 nobis
2414 4251 2720 4317 passionem
2782 4262 3175 4321 representat;
3209 4270 3238 4307 a
3274 4255 3495 4310 rusticis

1912 4352 2041 4391 vero
2088 4347 2142 4392 et
2183 4342 2492 4409 agrestibus
2515 4345 2599 4397 vix
2660 4344 2980 4414 intelligitur
3024 4360 3146 4401 esse
3187 4348 3493 4417 symbolum

223 4432 347 4499 ἱερὰ
380 4427 752 4498 μορφώματα,
776 4429 836 4480 ού
863 4427 925 4480 τὸ
956 4428 1126 4490 πάθος
1150 4430 1311 4499 μόνον
1345 4430 1683 4485 ποικίλλουσι
1712 4434 1802 4486 καὶ

1912 4431 2179 4499 passionis
2214 4450 2228 4485 :
2260 4448 2431 4488 sacrm
2464 4451 2595 4490 vero
2626 4438 2887 4507 imagines
2925 4454 3030 4493 non
3067 4440 3239 4494 solum
3277 4440 3493 4509 passio-

218 4524 554 4591 λεπτότερον
586 4520 1010 4591 διαγράφουσιν,
1038 4521 1152 4573 ἀλλ’
1186 4522 1285 4593 ῆδή
1316 4524 1411 4577 καὶ
1437 4523 1505 4576 τὰ
1543 4523 1805 4593 θαύματα

220 4615 320 4668 καὶ
370 4613 440 4666 τὰ
494 4613 795 4682 τεράστια,
855 4612 999 4683 ἅπερ
1042 4614 1071 4664 ὁ
1118 4614 1357 4683 Χριστὸς
1413 4615 1805 4685 ἐξειργάσατο,

224 4703 567 4774 πλατύτερον
621 4704 715 4756 καὶ
768 4704 1105 4773 σαφέστερον
1159 4704 1294 4773 ἡμῖν
1350 4705 1805 4776 διασημαίνουσι’

220 4800 292 4852 τὰ
328 4799 516 4849 τοίνυν
569 4794 895 4866 τρανότερον
929 4797 1022 4848 καὶ
1066 4796 1421 4871 ἐκδηλότερον
1469 4800 1605 4869 ἡμῖν
1634 4798 1809 4853 ταῦτα

220 4890 637 4959 ὑποφαίνοντα,
703 4886 811 4940 τῶν
870 4887 1239 4960 ἀμυδρότερον
1292 4908 1408 4954 πως
1470 4892 1536 4945 τὰ
1570 4890 1803 4946 τοιαῦτα

218 4980 556 5055 δῄλούντων,
609 4978 914 5051 τιμιώτερα
963 4982 1060 5033 καὶ
1108 4981 1477 5053 εὑσημότερα.
1528 4985 1633 5052 ς’)
1675 4985 1801 5039 Ἔτι

218 5083 248 5133 ὁ
300 5075 535 5148 σταυρὸς
593 5075 805 5136 πάθους
860 5072 1130 5143 σύμϐολόν
1180 5076 1334 5140 ἐστι,
1396 5076 1490 5128 καὶ
1535 5076 1628 5128 τὸν
1681 5075 1802 5147 τρό-

220 5187 327 5225 πον
394 5168 520 5223 καθ’
571 5167 630 5220 ὃν
692 5168 722 5219 ὀ
788 5165 1078 5230 πεπονθὼς
1148 5166 1211 5220 τὸ
1289 5167 1460 5230 πάθος
1517 5167 1805 5238 διήνεγκεν

221 5260 632 5316 ὑπαινίσσεταιο
664 5258 717 5311 τί
748 5257 858 5330 γὰρ
886 5258 1073 5328 ἕτερον
1105 5257 1354 5328 βούλεται
1380 5259 1462 5323 τὸ,
1484 5255 1672 5326 Ἆρον
1703 5260 1809 5315 τὸν

323 5415 371 5448 ⁸⁸
398 5412 562 5468 Hebr.
594 5428 691 5478 vn,
726 5411 777 5466 7.
852 5413 896 5447 "’
926 5410 1115 5466 Matth.
1151 5428 1263 5477 xw,
1286 5413 1375 5469 24.

297 5574 376 5643 (d)
412 5571 612 5643 Decem!
642 5570 756 5622 haec
787 5566 1078 5643 Nirephori
1112 5566 1562 5643 brevjacapitula
1593 5581 1657 5620 ex
1694 5568 1801 5643 alio

218 5634 413 5695 ιιοιὶ-ιίε
457 5654 556 5695 nos
599 5641 709 5704 jam
757 5639 1078 5704 protulimus
1124 5638 1177 5689 in
1217 5637 1408 5708 Spicil.
1455 5634 1692 5708 Ralm}.
1724 5636 1792 5691 Χ.

217 5713 528 5779 Czeteroqui
565 5711 662 5764 hoc
706 5706 1590 5779 pra-cipuequartutncapitulntn,
1627 5706 1795 5761 fuisse

221 5804 246 5835 ει
294 5778 601 5836 ι.ι·ιι-ι.ιιυιε
641 5796 733 5833 seu
776 5779 996 5831 ltbl'itl‘il)
1046 5781 1098 5830 in
1134 5778 1321 5833 codice
1374 5778 1464 5832 illo
1495 5779 1796 5831 socorditer

1911 4537 2031 4576 nem
2066 4523 2282 4578 variant
2310 4535 2366 4580 et
2397 4529 2650 4583 subtilius
2674 4531 3028 4600 describunt,
3056 4536 3150 4587 sed
3183 4536 3348 4590 etiam
3386 4537 3494 4591 mi-

1912 4615 2097 4670 racula
2137 4628 2194 4671 et
2225 4618 2495 4689 prodigia,
2535 4635 2658 4690 quae
2710 4622 2966 4679 Christus
3017 4626 3168 4692 fecit,
3222 4628 3384 4683 latius
3436 4643 3495 4685 et

1908 4707 2110 4764 clarius
2140 4710 2297 4764 nobis
2331 4714 2668 4782 exprimunt.
2693 4722 2824 4781 una:
2874 4719 3040 4787 igitur
3065 4721 3408 4790 explanatius
3435 4734 3491 4776 ct

1909 4800 2202 4856 dilucidius
2236 4802 2351 4858 haec
2389 4807 2547 4861 nobis
2580 4810 2915 4877 ostendunt,
2944 4813 3296 4870 honoratiora
3329 4826 3384 4871 et
3410 4815 3491 4870 si-

1912 4890 2290 4962 gniﬁcantiora
2317 4906 2466 4958 sunt.
2496 4913 2660 4967 quam
2682 4916 2806 4969 quae
2838 4904 3272 4979 obscurius,hac
3316 4908 3494 4962 declao

1912 4993 2055 5040 rant.
2094 4984 2362 5041 Praeterea
2400 4988 2490 5057 Vl)
2531 5005 2664 5047 crux
2698 4996 2967 5063 passionis
3017 4994 3326 5069 symbolum
3376 5011 3483 5059 εει.

1907 5086 1961 5130 ει
1989 5076 2207 5131 modqu
2243 5091 2371 5146 quo,
2390 5081 2481 5151 qui
2508 5097 2702 5150 passus
2728 5095 2834 5153 est,
2867 5091 3173 5157 passionem
3204 5091 3487 5156 sustinuit,

1910 5169 2195 5238 aenigmate
2233 5169 2523 5240 signiﬁcat.
2565 5175 2704 5242 Quid
2733 5180 2876 5233 enim
2928 5180 3072 5236 aliud
3118 5182 3235 5239 vult
3281 5181 3491 5252 signiﬁ-

1913 5276 2041 5315 care
2092 5258 2221 5315 illud
2253 5277 2269 5316 :
2322 5261 2468 5319 Tolle
2518 5282 2724 5323 crucem
2764 5280 2909 5326 tuam
2941 5283 2991 5328 et
3031 5290 3246 5346 sequere
3283 5290 3365 5331 tuo
3396 5274 3442 5309 ’τ
3478 5309 3495 5337 9

1905 5569 2177 5652 vitiatum,
2212 5584 2361 5652 patet
2397 5580 2605 5652 exipsa
2635 5580 2727 5633 Fr.
2767 5582 3017 5640 Turriani
3071 5587 3261 5645 Latina
3308 5594 3481 5650 inter-

1905 5647 2228 5720 pretatione.
2265 5647 2353 5711 qui
2389 5649 2577 5720 eodem
2611 5667 2712 5703 ms.
2750 5670 2881 5709 usus
2923 5655 3117 5713 fuerat.
3145 5660 3283 5716 Sunt
3334 5647 3479 5720 enim

1904 5709 2196 5834 inl‘Latino
2219 5709 2516 5788 exemplari
2565 5722 2751 5775 eadem
2784 5739 2904 5792 quae
2932 5709 3480 5791 inuiseres.3331i:

1928 5795 1953 5831 a
1986 5797 2156 5834 tones.

1928 5795 2156 5835 attones.
