4220 6442
770 336 876 405 439

775 559 860 603 tus
890 550 1167 615 Servatur,
1205 568 1313 607 non
1358 567 1534 610 tamen
1569 560 1710 613 sicut
1751 573 1908 616 antea
1945 580 2066 617 cum
2098 568 2348 621 omnibus

772 644 1130 711 versabatur;
1186 649 1281 702 sed
1342 650 1649 718 ltnjnsmodi
1710 654 1917 709 visione
1965 656 2143 724 dignis
2176 670 2347 713 semel.

774 737 1041 805 revelatis,
1090 741 1269 794 crucis
1305 742 1500 795 indicia
1535 746 1878 803 ostendebat.
1915 748 2091 815 Atque
2116 749 2218 803 hoc
2246 766 2346 805 no-

769 827 851 880 bis
880 826 1113 884 aﬂirmat
1153 832 1318 901 (quod
1352 834 1586 889 libenter
1619 836 1956 910 fideliterque
1985 843 2344 915 admittimus)

766 920 1010 975 divinmn
1039 923 1178 979 latus
1202 924 1439 981 Thomas
1463 930 1803 999 contingens,
1841 933 2091 1004 elataque
2116 947 2171 991 et
2200 938 2342 992 clara

768 1025 898 1066 voce
929 1014 1244 1072 exclamans
1276 1035 1289 1071 :
1340 1019 1596 1076 Dominus
1643 1040 1786 1078 meus
1818 1036 1864 1079 et
1904 1025 2044 1082 Deus
2074 1045 2218 1084 naeus
2258 1031 2338 1085 ποι

767 1119 979 1161 necnon
1012 1121 1215 1165 sancta:
1246 1105 1507 1170 mulieres
1532 1118 1841 1184 purissimis
1871 1121 2098 1189 pedibus
2139 1125 2345 1193 pariter

769 1197 928 1249 tactis
960 1214 972 1249 :
1007 1200 1101 1253 sed
1152 1211 1207 1255 et
1240 1201 1315 1256 illi
1357 1204 1573 1260 demum
1615 1208 1825 1262 itineris
1862 1210 2112 1275 comites,
2145 1224 2198 1266 et
2249 1229 2345 1267 cor

764 1287 963 1339 ardens
1001 1292 1234 1359 experti,
1290 1297 1519 1349 retentis
1572 1296 1924 1353 nihilominus
1984 1303 2124 1356 inter
2176 1304 2343 1357 collo-

762 1380 1036 1443 quendutn
1064 1383 1307 1452 ipsorum
1338 1389 1508 1442 Oculis
1538 1402 1604 1443 ne
1628 1402 2024 1460 agnoscerent;
2050 1396 2191 1462 quod
2218 1412 2339 1449 mox

765 1473 1213 1539 impedimentum
1257 1479 1309 1531 in
1363 1480 1630 1535 fractioue
1674 1484 1828 1549 panis
1887 1484 2158 1539 sublatum
2216 1489 2335 1546 fuit.

761 1565 878 1631 Ipse
944 1576 1125 1622 autem
1175 1570 1296 1624 cibo
1368 1582 1603 1641 potuque
1664 1578 1937 1641 utebatur,
1993 1579 2204 1632 etiamsi
2228 1580 2337 1649 jam

762 1655 1178 1727 incorruptibile
1212 1678 1411 1733 corpus
1446 1676 1563 1719 erat
1598 1685 1612 1722 :
1650 1681 1771 1736 quae
1801 1669 2018 1738 quidem
2059 1687 2162 1725 non
2197 1673 2340 1727 indi-

760 1749 941 1813 gentia
982 1751 1184 1822 aliqua,
1227 1756 1322 1809 sed
1352 1758 1837 1814 condescensionis
1889 1762 2119 1827 ratione,
2152 1774 2205 1817 et
2244 1781 2338 1831 per

1808 355 1866 414 S.
1913 356 2331 420 NlCEl-‘IIORI
2375 361 2881 425 l‘.\'l‘l{IA1{Cll.‘E
2920 367 3030 426 CP.

848 458 1001 526 111
1032 456 1368 513 Cernebatttr
1398 463 1559 530 igitur
1593 466 1662 517 ita
1697 471 2016 524 naturaliter
2064 488 2349 541 compara-
2382 490 2422 541 Α

3936 370 4048 437 410

2538 476 2783 547 Ἑωρᾶτο
2811 478 2855 529 δ’
2885 478 2978 531 οὖν
3012 480 3161 547 ὅμως
3189 480 3347 533 τοῦτο
3385 482 3641 549 πεφυκὼς
3674 483 3701 534 ό
3737 483 3952 553 Σωτὴρ,
3982 487 4048 538 οὐ

2456 567 2639 633 μέντοι
2688 568 2811 621 καθ’
2859 569 2917 622 ὃν
2966 570 3166 639 τρόπον
3236 572 3623 642 ἐπιχιιιριάςων
3663 574 3722 626 τὸ
3772 563 4047 643 πρότερον

2451 657 2652 710 ἃπασιο
2683 661 2793 722 τοῖς
2827 657 2957 726 γοῦν
3003 660 3173 727 ἀξίοις
3212 664 3307 733 τῆς
3349 661 3608 732 τοιαύτης
3639 663 3768 722 θέας
3806 667 4046 734 ἐμφανι-

2450 746 2699 816 (ζόμενος,
2726 749 2793 803 τά
2820 766 2879 801 τε
2906 752 3109 820 σημεῖα
3135 752 3229 805 τοῦ
3263 752 3500 823 σταυροῦ
3537 754 3867 824 παρεδείκνυ
3891 772 3903 783 ·
3944 756 4045 808 καὶ

2449 838 2608 891 τοῦτο
2634 842 2783 910 ἡμᾶς
2814 842 2841 893 ό
2876 842 3125 914 μαθητὴς
3159 844 3406 913 ἐμπεδοῖ,
3438 844 3533 897 καὶ
3568 846 3933 916 εὐγνωμόνως
3976 862 4044 914 γε

2451 932 2543 984 καὶ
2585 932 2793 997 πιστῶς
2823 933 3111 1004 δεχόμεθα,
3145 935 3245 1007 τὴν
3272 936 3425 990 θείαν
3450 938 3696 1008 πλευρὰν
3737 938 4044 1010 ἐπαφώμε-

2449 1042 2537 1089 νος
2559 1064 2573 1089 ,
2616 1026 2757 1095 μέγα
2793 1044 2849 1079 τε
2889 1029 3179 1098 κεκραγὼς
3228 1032 3319 1085 καὶ
3353 1031 3609 1102 λαμπρόν
3637 1047 3649 1060 ·
3678 1050 3695 1083 ι
3745 1031 3806 1088 Ὀ
3833 1033 4045 1104 Κύριός

2452 1134 2550 1187 μου
2577 1118 2670 1170 καὶ
2695 1120 2721 1170 ό
2743 1118 2874 1182 Θεός
2901 1137 3023 1190 μου·
3057 1140 3076 1173 ι
3106 1121 3199 1176 καὶ
3222 1121 3290 1175 τὰ
3323 1124 3495 1194 σεμνὰ
3521 1124 3719 1192 γύναια
3748 1126 4043 1194 ἀχράντων

2450 1213 2625 1266 ποδῶν
2668 1216 3058 1287 ἐφαπτόμεναο
3093 1215 3232 1286 πρὸς
3277 1216 3334 1269 δὲ
3383 1217 3476 1269 καὶ
3519 1218 3569 1269 οἱ
3623 1233 4039 1287 συμπαρομαρ·

2446 1306 2685 1370 τοῦντες,
2747 1308 2840 1360 καὶ
2887 1309 2988 1379 τὴν
3034 1309 3265 1379 καρδίαν
3322 1308 3703 1378 ἐκκαιόμενοι,
3754 1310 3853 1362 καὶ
3908 1310 4039 1370 τοὺς

2444 1398 2757 1469 ὀφθαλμοὺς
2787 1401 2843 1452 ἐν
2872 1403 2991 1464 ταῖς
3016 1401 3305 1471 όμιλήσεσι
3339 1402 3746 1473 κεκρατημένοι
3771 1403 3905 1473 περὶ
3939 1400 4037 1470 τὴν

2446 1492 2764 1559 ἐπίγνωσιν,
2800 1492 2828 1546 ὃ
2854 1492 2917 1565 δὴ
2950 1494 3089 1563 μετά
3113 1494 3211 1562 τὴν
3237 1493 3432 1547 κλάσιν
3463 1493 3557 1546 τοῦ
3588 1495 3755 1563 ἄρτου
3788 1493 4035 1556 λέλυται,

2446 1584 2704 1655 βρώσεώς
2732 1603 2793 1639 τε
2825 1588 2918 1639 καὶ
2950 1575 3163 1651 πόσεως
3195 1587 3442 1658 ἠνείχετο
3464 1626 3477 1650 ,
3510 1586 3614 1641 κᾶν
3652 1586 3937 1658 ἄφθαρτον
3964 1582 4037 1657 ἦν

2440 1674 2502 1725 τὸ
2530 1673 2686 1744 σῶμα
2709 1690 2723 1705 ο
2762 1674 2909 1747 ἅπερ
2934 1678 2995 1729 οὐ
3026 1676 3100 1746 τῷ
3140 1677 3351 1730 δεῖσθαι
3392 1676 3620 1741 τούτων,
3652 1678 3791 1730 ἀλλά
3823 1693 4035 1745 συγκα-

2440 1764 2950 1838 ταϐἀσεωςτρόπῳ
2978 1770 3069 1821 καὶ
3094 1768 3185 1822 διὰ
3219 1768 3318 1840 τὴν
3356 1770 3671 1840 οἰκονομίαν
3699 1770 4031 1840 ἐπράττετο,

759 1842 1119 1898 ιυςοιιοιιιίιιιιι
1153 1845 1402 1912 faciebat,
1437 1857 1494 1902 ut
1548 1850 1686 1903 idem
1728 1852 1845 1920 ipse
1879 1854 2210 1921 crederetur,
2247 1870 2337 1910 ve-
2374 1849 2413 1905 ll

2374 1849 2413 1905 Β
2444 1857 2532 1909 ἵνα
2561 1858 2588 1908 ό
2618 1856 2780 1918 αὐτὸς
2821 1859 3028 1919 ἐκεῖνος
3058 1856 3133 1910 ὢν
3165 1858 3466 1929 πιστευθῇ,
3497 1858 3699 1929 ἀληθές
3730 1877 3787 1912 τε
3826 1861 3923 1913 καὶ
3956 1860 4032 1929 μὴ

760 1946 987 2001 rumque
1043 1950 1106 1988 ac
1162 1936 1387 1993 minime
1443 1941 1850 2009 phantasticum
1922 1947 2337 2002 resurrectionis

759 2027 1078 2093 mysterium
1099 2031 1532 2088 existimaretur.
1556 2034 1840 2099 Quomodo
1863 2048 2042 2091 autem
2073 2039 2339 2093 vidissent

757 2116 861 2166 divi
906 2116 1155 2186 discipuli
1209 2121 1275 2174 de
1319 2124 1494 2177 medio
1546 2124 1782 2192 ipsornnt
1822 2126 2131 2191 sublatum,
2180 2140 2231 2182 et
2283 2130 2335 2183 in

756 2208 926 2260 «(eius
973 2208 1281 2267 sublimiter
1333 2215 1627 2282 volantem,
1659 2227 1711 2271 et
1748 2228 1985 2286 patet-nm
2030 2221 2216 2291 gloria:
2253 2220 2335 2274 la-

756 2308 901 2351 l'lllll]
963 2314 1378 2371 (εοιιεεεεοιἘιιι,
1423 2323 1721 2379 Νινευειμιθ
1774 2312 1978 2379 pariter
2025 2323 2332 2373 νθιιιιιιυιιι.

755 2389 899 2455 juxta
979 2394 1355 2450 coinitantinm
1439 2401 2001 2468 snpramundanarttm
2075 2403 2332 2457 virtutum

754 2493 966 2545 \‘nt'cm,
1024 2484 1128 2539 nisi
1174 2501 1372 2557 corpus
1427 2491 1904 2561 circumscriptum
1956 2493 2183 2549 fuisset?
2241 2494 2333 2548 Vel

755 2572 887 2637 quid
921 2577 1149 2633 omnino
1182 2594 1409 2650 magnus
1436 2581 1769 2652 Stephanus,
1798 2595 2092 2657 martyrum
2129 2587 2335 2656 primus

756 2685 819 2726 ac
862 2668 1219 2737 fortissimus,
1274 2675 1325 2727 in
1395 2678 1571 2729 medio
1625 2680 1943 2734 certaminis
1997 2681 2079 2734 sui
2131 2681 2330 2747 stadio,

757 2760 900 2811 hand
921 2764 1091 2816 multo
1116 2776 1234 2832 post
1262 2768 1570 2823 Sermtoris
1595 2770 1647 2823 in
1676 2773 1873 2825 uelum
1908 2774 2161 2837 reditum,
2181 2776 2330 2843 quid,

759 2870 1000 2920 impiam,
1063 2857 1218 2924 vidit,
1274 2872 1431 2928 prout
1474 2863 1657 2916 videre
1703 2866 1988 2927 oportebat
2050 2882 2173 2919 cum
2240 2869 2330 2931 qui

757 2956 904 2997 tanta
943 2947 1132 3013 plenus
1164 2963 1281 3001 erat
1312 2952 1511 3020 gvatia,
1546 2965 1599 3006 et
1630 2965 1900 3023 quatenus
1940 2968 2334 3024 supernatnra-

758 3037 883 3089 l-tvr
914 3040 1231 3108 contingere
1263 3053 1476 3110 poterat
1510 3046 1712 3099 Ιιοιιιίιιί
1755 3050 1915 3100 nato?
1957 3047 2146 3102 Nonne
2183 3050 2233 3102 in
2269 3064 2331 3103 ea

756 3130 959 3195 specie,
993 3146 1155 3200 quam
1206 3144 1365 3188 antea
1416 3140 1557 3205 apud
1601 3153 1697 3190 nos
1757 3154 1865 3207 prae
1900 3155 1961 3195 se
2004 3140 2220 3204 tulerat,
2279 3142 2329 3193 in

2443 1948 2713 2015 φαντασία
2742 1948 2974 2018 νομισθῇ
3008 1948 3069 2001 τὸ
3109 1950 3207 2019 τῆς
3236 1951 3589 2012 ἀναστάσεως
3622 1952 3948 2021 μυστήριον·
3980 1952 4033 2003 τε

2440 2038 2496 2091 δὲ
2528 2039 2619 2091 καὶ
2650 2039 2839 2109 ἐώρων
2867 2040 2916 2092 οἱ
2949 2040 3232 2095 θεσπέσιοι
3266 2042 3527 2112 μαθηταὶ,
3556 2045 3620 2095 ἐκ
3651 2042 3818 2113 μέσον
3849 2044 4032 2095 αὐτῶν

2440 2133 2751 2202 αἰρόμενον,
2781 2134 2876 2187 καὶ
2914 2133 3052 2203 πρὸς
3083 2134 3349 2205 οὐρανοὺς
3383 2136 3683 2206 μετάρσιον
3722 2136 4033 2205 ἀνιπτάμε-

2439 2240 2548 2287 νον,
2578 2223 2605 2276 ὃ
2630 2224 3017 2296 συμπάρεδρον
3046 2225 3205 2297 δόξης
3233 2227 3333 2296 τῆς
3361 2228 3633 2298 πατρικῆς
3659 2224 3901 2296 ἐγένετο,
3934 2231 4030 2281 καὶ

2441 2312 2603 2366 πάλιν
2630 2313 2892 2376 ὡσαύτως
2916 2315 3295 2384 ἐλευσόμενον,
3328 2314 3471 2369 κατὰ
3494 2316 3593 2387 τὴν
3622 2317 3732 2369 τῶν
3763 2333 4029 2387 προπεμ-

2442 2404 2659 2456 πουσῶν
2697 2405 3083 2475 ὑπερκοσμίων
3113 2406 3399 2475 δυνάμεων
3441 2406 3649 2477 φωνὴν,
3681 2409 3730 2459 εἰ
3760 2408 3837 2478 μὴ
3866 2408 4031 2477 σῶμα

2438 2496 2818 2566 περιγραπτὺν
2849 2494 2947 2568 ἦν;
2980 2498 3014 2568 ἢ
3043 2497 3095 2548 τί
3124 2514 3255 2550 ποτε
3285 2496 3422 2561 ὅλως
3449 2500 3477 2550 ὁ
3517 2498 3698 2568 μέγας
3724 2498 4027 2566 Στέφανος,

2437 2591 2465 2641 ό
2492 2591 2547 2641 ἐν
2585 2587 2823 2660 μάρτυσι
2858 2588 3167 2659 πρώτιστός
3202 2605 3261 2641 τε
3295 2591 3388 2643 καὶ
3432 2590 3747 2658 κράτιστος,
3780 2590 3840 2640 ἐν
3872 2589 4031 2659 μέσῳ

2436 2681 2545 2732 τῶν
2568 2681 2667 2751 τῆς
2693 2680 2977 2752 ἀθλήσεως
2995 2681 3225 2749 ἀγώνων
3252 2680 3348 2745 ὢν,
3377 2684 3439 2733 οὺ
3465 2680 3643 2751 πολλῷ
3672 2679 3906 2750 ὕστερον
3930 2681 4031 2748 τῆς

2436 2774 2516 2835 εἰς
2543 2774 2802 2844 οὐρανοὺς
2826 2772 2917 2825 τοῦ
2946 2773 3199 2843 Σωτῆρος
3225 2772 3438 2835 ἀνόδου,
3464 2773 3700 2844 ἑωράκει
3733 2773 3869 2826 καθὸ
3898 2773 4031 2825 ἰδεῖν

2437 2865 2541 2917 ἔδει
2571 2867 2663 2918 τὸν
2696 2867 2794 2936 τῆς
2823 2866 3158 2937 τηλικαύτης
3188 2864 3622 2937 πεπληρωμένον
3653 2866 3906 2935 χάριτος,
3936 2865 4030 2917 καὶ

2437 2957 2685 3027 χωρητὺν
2722 2956 3019 3027 ὑπερφυῶς
3057 2953 3127 3028 ἦν
3165 2959 3230 3028 τῇ
3279 2957 3440 3026 φύσει
3475 2959 3540 3027 τῇ
3593 2956 3960 3027 ἀνθρωπείᾳ;
3994 2956 4027 3025 ἢ

2437 3049 2556 3118 οὐχὶ
2585 3051 2644 3101 ἐν
2675 3048 2806 3102 εῖδει
2843 3048 2921 3119 τῷ
2961 3049 3183 3119 ὀφθέντι
3216 3051 3309 3103 ἐπὶ
3334 3049 3439 3119 γῆς
3480 3050 3605 3104 καθ’
3636 3049 3806 3119 ἡμᾶς,
3838 3048 3933 3101 τὸν
3964 3050 4030 3102 ἐκ

2437 3138 2627 3204 δεξιῶν
2665 3140 2765 3209 τῆς
2806 3142 3082 3210 πατρικῆς
3127 3139 3285 3211 δόξης
3314 3140 3529 3193 ἑστῶτα
3563 3140 3875 3210 θεώμενος;
3912 3139 4030 3202 πῶς

757 3225 983 3276 dextera
1041 3234 1281 3293 paterna:
1331 3228 1518 3297 gloria:
1548 3239 1781 3285 stantem
1833 3234 2133 3300 spectavit?
2165 3233 2334 3288 Secus
2361 3223 2403 3280 (ἶ

2363 3223 2403 3280 C
2437 3229 2545 3297 γὰρ
2599 3228 2749 3300 αὑτῷ
2813 3230 2943 3300 ἐξῆν
2997 3230 3177 3299 λέγειν
3207 3247 3218 3258 ·
3276 3250 3293 3282 ι
3331 3230 3536 3301 Θεωρῶ
3582 3231 3707 3292 τοὺς
3755 3230 4029 3302 οὐρανοὺς

755 3315 900 3369 enim
939 3316 1030 3382 qui
1074 3317 1258 3372 dicere
1295 3323 1556 3388 potuisset
1594 3338 1607 3374 :
1655 3320 1816 3376 Video
1847 3322 2250 3391 (mlas/quartas,
2286 3334 2333 3378 εἰ

760 3406 959 3461 Filium
1014 3411 1243 3464 horninis
1292 3422 1516 3466 stantem
1549 3431 1579 3466 α
1608 3417 1806 3468 dextris
1869 3416 1963 3469 Dei
2009 3417 2093 3471 °°?
2151 3416 2271 3473 Haec
2303 3434 2330 3471 a

754 3502 1005 3555 divorum
1053 3518 1269 3572 quoque
1319 3506 1538 3558 Patrum
1581 3506 1870 3561 manifeste
1902 3509 2158 3563 docemur
2209 3526 2332 3564 seu-

760 3597 963 3658 It'lllllS,
996 3613 1130 3665 quas
1182 3614 1368 3668 puswa
1405 3600 1787 3667 recitabimus;
1834 3602 2045 3656 etiamsi
2091 3604 2332 3658 veritatis

755 3689 1144 3760 Evangeliique
1178 3694 1575 3748 eonvieizttores
1604 3696 1936 3762 tliscredent,
1971 3706 2025 3749 et
2052 3695 2329 3751 Christum

755 3797 933 3845 ipsum
954 3786 1341 3850 pi-Opetuodum
1366 3786 1662 3853 expellent,
1698 3802 1913 3840 carnem
1945 3797 1998 3840 et
2020 3802 2141 3841 055a
2168 3788 2334 3842 disci-

755 3874 900 3942 pulis
929 3885 1320 3940 ostentantem,
1378 3890 1663 3949 pr0pterea
1708 3879 1851 3945 quod
1902 3878 1976 3932 illi
2008 3879 2333 3934 videbantur

756 3967 861 4019 sibi
895 3969 1148 4037 spiritum
1184 3984 1437 4034 cernere;
1485 3981 1539 4025 et
1572 3972 1686 4025 haec
1715 3972 1896 4026 omnia
1933 3981 2088 4026 extra
2135 3987 2334 4042 corpus

756 4061 897 4112 taeta
933 4075 1055 4115 esse
1086 4062 1373 4130 putabunt.
1396 4063 1502 4117 Sed
1528 4078 1653 4127 nos,
1689 4078 1867 4118 rerum
1899 4065 2094 4119 harum
2127 4065 2329 4119 verita-

757 4166 864 4205 tem
926 4153 1308 4222 prmdicantes,
1339 4155 1590 4219 dicimus,
1654 4154 1929 4212 Christum
1980 4174 2084 4227 qua
2126 4159 2334 4213 ratione

755 4244 1262 4305 condescensiOnis,
1334 4246 1773 4302 hnmzmatiouem
1839 4250 2068 4319 peregit,
2144 4252 2331 4303 eadem

754 4336 963 4402 pariter
986 4337 1390 4402 circumscribi,
1423 4348 1563 4394 utex
1594 4340 1711 4394 visu
1740 4342 1903 4395 etiam
1939 4342 2140 4397 veritas
2179 4342 2335 4397 nobis

756 4428 1139 4491 innotesceret.

828 4520 918 4575 59.
959 4520 1239 4586 Quomodo
1294 4535 1424 4590 ergo
1481 4520 1583 4573 alia
1643 4521 1860 4591 quidem
1922 4534 2125 4579 mutata
2184 4535 2329 4587 sunt,

757 4628 880 4665 nam
944 4611 1170 4665 mortale
1217 4611 1417 4664 factum
1469 4620 1551 4664 est
1603 4612 1939 4677 immortale,
1982 4615 2333 4682 corruptibile

758 4700 1013 4769 apparuit
1060 4689 1496 4768 incorruptibile,
1535 4700 1790 4769 passibile
1832 4704 1896 4755 ad
1927 4702 2333 4772 itnpassibilitac

756 4805 865 4846 tem
888 4790 1129 4852 transiit,
1150 4790 1626 4868 circumscriptum
1655 4806 1782 4846 vero
1806 4793 1884 4863 (ιιι
1906 4793 2078 4863 aiunt)
2127 4809 2229 4847 non
2251 4808 2333 4849 est

759 4890 960 4938 tactum
982 4883 1544 4953 incircumscriptum?
1564 4884 1800 4939 Dicimus
1818 4885 2002 4953 itaque
2015 4885 2327 4940 Creatorem

757 4976 826 5029 ab
859 4975 1015 5029 initio
1049 4989 1134 5028 res
1173 4975 1420 5029 humana:
1475 4983 1680 5029 natura:
1725 4976 1884 5030 simul
1918 4976 2222 5031 condidisse
2277 4987 2329 5033 ct

757 5068 1149 5138 composuisse,
1184 5052 1345 5121 veluti
1376 5068 1793 5123 intellectualem
1827 5070 1957 5133 vim,
1982 5072 2324 5136 rationalem,

759 5158 1088 5222 sensualem,
1140 5159 1654 5228 concupiscibilem,
1691 5169 1744 5214 et
1796 5161 1936 5229 quod
1987 5164 2329 5231 praestantius

759 5253 959 5306 dit-itur
992 5252 1217 5305 liberum
1259 5252 1567 5315 arbitrium,
1611 5262 1664 5304 et
1693 5252 1735 5306 si
1768 5252 1899 5321 qttid
1952 5254 2097 5307 aliud
2124 5265 2204 5308 est
2236 5259 2333 5310 bu-

758 5345 1011 5399 iusmodi.
1061 5344 1124 5398 Et
1185 5346 1345 5398 hoino
1378 5346 1443 5399 de
1503 5352 1643 5397 terra
1684 5354 1931 5414 sumptus
1981 5347 2337 5415 corporaliter

758 5442 1025 5491 t‘ormatus
1078 5445 1182 5500 est,
1244 5434 1456 5506 fuitque
1513 5453 1711 5504 corpus
1771 5438 2078 5493 necessario
2130 5439 2337 5493 visibile

758 5531 982 5584 omnino
1014 5540 1067 5583 et
1101 5530 1355 5595 tangibile
1401 5538 1456 5583 et
1511 5531 2018 5598 circumscriptum;
2072 5548 2338 5603 nemoque

761 5637 892 5677 sana
927 5631 1107 5677 mente
1144 5624 1460 5688 instructus,
1489 5622 1631 5675 dicet
1658 5637 1855 5690 corpus
1887 5637 2005 5677 esse
2044 5622 2335 5678 incircum-

834 5779 1054 5851 νέοειιι
1102 5796 1193 5847 xx,
1228 5781 1315 5837 '28.
1394 5782 1435 5809 i“
1483 5782 1593 5833 Act.
1636 5796 1729 5848 sit,
1778 5781 1865 5835 lib.

2435 3320 2818 3389 ἀνεῳγμένους
2839 3364 2852 3386 ,
2885 3323 2981 3374 καὶ
3010 3322 3101 3374 τὸν
3134 3322 3258 3373 Υίθιν
3290 3321 3383 3374 τοῦ
3420 3321 3708 3393 ἀνθρώπου
3736 3322 3799 3374 ἐκ
3831 3322 4028 3385 δεξιῶν

2435 3410 2643 3462 ἑστῶτα
2670 3410 2762 3462 τοῦ
2795 3410 2965 3476 Θεοῦ;
3012 3431 3028 3461 ι
3066 3412 3252 3464 Ταῦτα
3286 3412 3378 3464 καὶ
3419 3412 3527 3463 τῶν
3569 3411 3731 3464 θείων
3759 3412 4027 3481 Πατέρων

2436 3499 2622 3566 σαφῶς
2671 3500 2980 3555 ἐκδιδάσκει
3023 3502 3090 3555 τά
3135 3503 3417 3573 δόγματα,
3472 3504 3616 3575 άπερ
3666 3503 3747 3565 είς
3794 3502 4027 3573 ὕστερον

2434 3592 2871 3663 παραθησόμεθα
2890 3610 2902 3622 ·
2953 3592 3054 3647 κᾶν
3084 3595 3133 3646 οἱ
3169 3594 3268 3662 τῆς
3297 3594 3558 3662 ἀληθείας
3583 3596 3677 3647 καὶ
3710 3592 3806 3646 τοῦ
3838 3594 4025 3660 Εὓαγ-

2433 3684 2617 3750 γελίου
2649 3683 3005 3737 διαπιστῶσιν
3054 3684 3343 3753 ὑϐρισταὶ,
3376 3682 3469 3736 καί
3518 3700 3615 3735 που
3654 3683 3750 3735 καὶ
3782 3682 4026 3752 Χριστὸν

2434 3775 2598 3828 αὐτὸν
2627 3775 3047 3840 ἀποδιώσονται,
3083 3776 3261 3846 σάρκα
3287 3776 3382 3828 καὶ
3408 3775 3570 3828 ὀστέα
3599 3776 3711 3839 τοῖς
3743 3774 4026 3844 μαθηταῖς

2433 3867 2782 3935 δεικνύοντα,
2839 3870 2962 3921 ἐπεὶ
3009 3870 3227 3939 πνεῦμα
3276 3870 3407 3941 παρ’
3457 3869 3642 3932 αὐτοῖς
3693 3867 4023 3939 θεωρεῖσθαι

2434 3960 2703 4023 ἐδέδοκτο,
2737 3960 2830 4011 καὶ
2865 3959 3223 4024 ταῦτα-ἐκτὸς
3250 3955 3390 4013 εἶναι
3422 3964 3695 4032 οἰήσονται
3736 3959 4021 4030 σώματος’

2436 4050 2550 4105 ἀλλ’
2580 4053 2740 4121 ἡμεῖς
2771 4068 2834 4119 γε
2862 4051 2926 4104 τὸ
2961 4051 3190 4121 ἀψευδὲς
3232 4051 3442 4105 τούτων
3468 4053 3840 4122 κηρύσσοντες
3866 4052 4024 4120 λέγο-

2441 4162 2562 4215 μεν,
2586 4146 2667 4198 ὅτι
2749 4146 2937 4217 τρόπῳ
2962 4144 3428 4213 συγκαταϐάσεως
3449 4144 3819 4215 ᾠκονόμηται,
3843 4144 4023 4214 τούτῳ

2438 4239 2534 4292 καὶ
2569 4238 2993 4308 περιγράφεταιο
3030 4238 3106 4299 ὡς
3134 4236 3200 4291 ἂν
3232 4238 3326 4289 καὶ
3352 4237 3419 4289 δι’
3450 4235 3626 4303 ὅψεως
3656 4236 3789 4305 ἡμῖν
3819 4235 3889 4287 τά
3919 4234 4021 4302 τῆς

2438 4331 2695 4403 ἀληθείας
2727 4330 3079 4401 γνωρίζηται.

2512 4522 2610 4575 λο’.
2646 4521 2771 4581 Πῶς
2801 4516 2895 4573 οὖν
2932 4520 3000 4571 τά
3032 4519 3128 4587 μὲν
3171 4517 3305 4572 ἀλλα
3340 4516 3765 4586 μεταϐέϐληται,
3795 4515 3857 4566 τὶ,
3887 4515 4018 4584 θνη-

2438 4615 2527 4666 τὸν
2561 4612 2670 4682 γάρ
2697 4610 2969 4664 ἀθάνατον
3004 4610 3217 4677 γέγονε,
3251 4609 3343 4660 καὶ
3379 4606 3441 4659 τὸ
3470 4605 3708 4677 φθαρτὸν
3734 4606 4019 4677 ἄφθαρτον

2434 4705 2621 4775 ὤφθη,
2656 4705 2751 4757 καὶ
2793 4702 3001 4765 ἀπαθὲς
3041 4702 3102 4753 τὸ
3135 4700 3396 4769 παθητὸν,
3444 4699 3505 4752 τὸ
3547 4699 3604 4752 δὲ
3636 4700 4019 4768 περιγραπτὸν

2432 4793 2532 4861 οὐχ
2562 4790 2769 4861 ὑπῆρξε
2816 4791 2906 4842 καὶ
2932 4790 3375 4860 ἀπερίγραπτονς
3399 4787 3582 4858 Φαμὲν
3610 4786 3807 4851 τοίνυν,
3836 4789 3921 4840 ὅτι
3952 4792 4016 4857 τῇ

2434 4887 2595 4954 φύσει
2634 4888 2699 4955 τῇ
2739 4883 3056 4953 ἀνθρωπεία
3084 4885 3151 4935 τά
3185 4882 3283 4950 μὲν
3313 4880 3374 4946 ἐξ
3398 4881 3574 4951 ἀρχῆς
3603 4881 3755 4950 παρά
3789 4879 3885 4933 τοῦ
3913 4885 4018 4948 Δη-

2443 4976 2704 5049 μιουργοῦ
2736 4978 3099 5036 συνέκτισται,
3130 4976 3224 5026 καὶ
3255 4972 3785 5045 σογκαταῆἐϐληται,
3816 4969 3930 5027 οἷον
3958 4974 4018 5027 τὸ

2436 5072 2643 5140 νοερδν,
2676 5072 2733 5121 τί)
2763 5069 3000 5136 λογικὸν,
3031 5066 3347 5136 αἰσθητικόν
3376 5084 3435 5119 τε
3472 5064 3538 5120 αὖ
3572 5066 3667 5119 καὶ
3704 5068 4013 5138 ὀρεκτικὸν,

2440 5166 2532 5217 καὶ
2562 5164 2589 5216 ὃ
2614 5165 2860 5233 κρεῖττον
2888 5164 3063 5215 εἰπεῖν
3094 5160 3444 5226 αὐτεξούσιον
3466 5201 3479 5223 ,
3506 5161 3601 5213 καὶ
3634 5160 3688 5213 εἴ
3711 5178 3763 5213 τι
3801 5160 4016 5225 τούτοις

2443 5256 2769 5323 προσόμοιον
2792 5270 2803 5284 ·
2838 5254 2931 5307 καὶ
2968 5254 2996 5304 ὁ
3036 5252 3323 5324 ἄνθρωπος
3358 5254 3463 5305 ἀπὸ
3504 5253 3605 5323 γῆς
3646 5252 3872 5322 ληφθεὶς
3912 5270 4018 5306 σω-

2439 5346 2682 5418 ματικῶς
2708 5345 3143 5407 διαπέπλασται,
3187 5345 3282 5397 καὶ
3323 5345 3484 5414 σῶμα
3518 5346 3741 5414 γέγονεν
3779 5345 3918 5416 ὅπερ
3961 5346 4019 5410 ἐξ

2436 5441 2683 5509 ἀνάγκης
2725 5439 2918 5505 ὁρατόν
2960 5454 3019 5490 τε
3061 5438 3275 5509 ὑπῆρχε
3320 5438 3537 5500 πάντως
3576 5438 3669 5491 καὶ
3711 5438 3884 5491 ἁπτὸν
3923 5440 4020 5491 καὶ

2435 5529 2812 5601 περιγραπτόν
2837 5544 2850 5559 ο
2884 5528 2977 5580 καὶ
3007 5528 3181 5591 οὐδεὶς
3216 5528 3326 5579 τῶν
3357 5528 3516 5596 λόγου
3562 5529 4016 5598 μετεσχηκότων,

2436 5625 2597 5697 σῶμα
2638 5618 2782 5675 εἶναι
2830 5621 3055 5691 φήσειεν
3107 5620 3554 5697 ὰπιρίγραπτον·
3607 5620 3764 5675 τάιδέ
3813 5618 4022 5684 ἔξωθεν
