4220 6442
216 384 321 450 Ml

916 390 1543 458 ANTIRRHETICUS
1582 396 1677 457 III
1717 396 1886 459 ADV.
1930 400 2527 467 CONSTANTINUM
2568 407 2782 469 COPR.

3384 401 3495 468 ΗΞ

220 498 313 550 καὶ
351 498 489 567 μετά
514 500 613 570 τήν
649 498 826 553 κτίσιν
860 504 1275 575 ἐπισυμϐεϐηκε
1300 550 1314 571 ,
1347 508 1442 559 καὶ
1472 502 1584 559 οἷον
1614 510 1804 573 ἐπιγε-

1909 512 2192 581 scriptum.
2229 513 2513 568 Exteriora
2554 523 2733 570 autem
2764 521 2887 584 post
2933 510 3264 569 creationem
3298 527 3493 583 supera

218 592 504 659 νήματικά
544 592 838 663 τυγχάνει,
888 594 925 648 ἃ.
976 596 1062 649 διὰ
1111 596 1210 666 τὴν
1253 597 1513 668 ἀθέτησιν
1560 599 1663 669 τῆς
1708 598 1802 651 τοῦ

219 681 523 746 Κτίσαντος
568 683 788 753 ἐντολῆς
826 687 1316 756 ὲπεισενήνεκταιο
1357 688 1546 758 ἐπειδὴ
1583 690 1692 759 γὰρ
1728 687 1807 759 τῷ

218 770 281 835 ἐξ
316 772 490 843 ἀρχῆς
520 776 921 846 πεπλασμένῳ,
952 781 1064 841 τοῖς
1095 778 1237 832 κατά
1264 780 1491 850 γνώμην
1526 782 1677 851 παρά
1712 782 1805 834 τοῦ

220 864 552 931 πλάσαντος,
584 867 652 919 τὰ
675 868 775 936 τῆς
808 868 955 937 ζωῆς
988 870 1344 941 ἀπεκέκριτο,
1374 873 1453 926 ἐνὶ
1486 872 1541 926 δὲ
1570 872 1721 942 νόμῳ
1748 874 1808 926 τὸ

219 956 441 1026 αἱρετὸν
475 958 623 1027 αύτῷ
650 960 770 1010 κατ’
798 959 1046 1023 ἐξουσίαν
1081 959 1395 1029 προύκειτο,
1431 961 1464 1032 ἢ
1492 964 1809 1033 τηρήσαντα

217 1051 413 1103 τοῦτον
459 1052 557 1122 τὴν
596 1053 858 1107 ἀνωτάτω
905 1056 999 1107 καὶ
1048 1055 1303 1123 ἀγγέλοις
1356 1057 1655 1127 ἰφάμιλλον
1694 1058 1810 1111 δια-

221 1142 614 1212 κληρώσασθαι
653 1146 1062 1216 μακαριότητα,
1105 1147 1138 1217 ἢ
1182 1148 1529 1217 άλογήσαντα
1559 1149 1660 1218 τῆς
1700 1168 1812 1220 χει-

223 1236 419 1304 ρίστης
451 1237 543 1290 καὶ
579 1237 925 1309 ἀθλιωτάτης
961 1239 1157 1309 μοίρας
1192 1240 1673 1311 ἀποταχθήσεσθαι
1699 1261 1711 1272 ·
1744 1243 1809 1311 ἢν

218 1328 288 1397 δὴ
316 1331 382 1398 τῇ
413 1328 660 1401 ἐξαπάτῃ
695 1330 788 1383 τοῦ
820 1331 997 1399 ὄφεως
1030 1332 1399 1402 προελόμενος
1421 1372 1435 1395 ,
1475 1335 1573 1402 τὴν
1602 1333 1810 1404 φθοράν

219 1420 391 1484 εὐθὺς
425 1422 517 1473 καὶ
550 1422 648 1491 τὴν
680 1421 985 1493 θνητὸτητα
1009 1423 1264 1491 ,φυσικῶς
1298 1424 1592 1477 ὑποδύεται
1614 1464 1628 1488 ,
1662 1427 1756 1478 καὶ
1783 1428 1811 1479 6

220 1512 411 1574 λοιπὸς
442 1514 547 1565 τῶν
581 1514 793 1585 μυρίων
825 1514 1013 1568 παθῶν
1047 1516 1213 1585 ἐσμὸς
1258 1517 1668 1587 ὲπεισκρίνεται
1697 1534 1710 1546 ·
1749 1520 1809 1571 ού

222 1605 337 1674 γάρ
387 1606 736 1658 συνέκτισται
776 1606 853 1677 τῷ
905 1608 1322 1678 πρωτοπλάστῳ
1357 1610 1389 1677 ή
1426 1608 1605 1678 φθορά
1645 1610 1738 1661 καὶ
1784 1609 1813 1659 6

224 1694 482 1760 θάνατος,
521 1698 644 1750 ἐπεὶ
683 1698 783 1749 οὐκ
816 1697 882 1751 ἂν
916 1698 1012 1750 τοῦ
1050 1700 1146 1769 τῆς
1180 1700 1328 1768 ζωῆς
1363 1700 1521 1765 ξύλου
1553 1700 1808 1769 ἐδέησεν,

222 1788 368 1858 ὅπερ
396 1791 452 1841 ἐν
489 1790 639 1859 μέσῳ
670 1790 746 1859 τῷ
778 1790 1091 1861 παραδείσῳ
1129 1792 1372 1861 τέθηλεν.
1419 1793 1479 1844 Ὀ
1508 1792 1687 1846 τοίνυν
1716 1792 1810 1845 τοῦ

1912 614 2200 668 venerunt,
2242 615 2297 658 et
2344 605 2498 674 quasi
2527 606 2722 661 adnata
2771 612 2921 669 sunt,
2960 619 3079 674 qua:
3126 603 3338 660 scilicet
3374 614 3495 675 post

1911 696 2167 749 violatum
2191 697 2469 754 Creatoris
2503 708 2830 768 praeceptum
2850 698 3063 750 invecta
3085 695 3325 751 fuerunt.
3352 694 3489 762 Quia
3567 724 3571 729 ε

1910 789 2052 842 enim
2084 790 2305 843 condito
2346 792 2577 860 primum
2612 790 2843 854 homini,
2889 790 2934 844 si
2977 790 3137 842 modo
3164 803 3233 843 ex
3264 787 3493 843 Creato-

1826 936 1837 950 ‘
1912 882 1991 935 ris
2016 883 2289 937 sententia
2310 883 2556 947 vixisset,
2584 883 2694 937 vita
2717 891 2834 937 erat
2855 881 3191 953 adiudicata,
3216 882 3290 936 ita
3312 892 3490 936 tamen

1911 985 1969 1027 ut
2019 975 2136 1043 lege
2170 974 2301 1039 lata,
2357 975 2589 1029 liberum
2644 974 3004 1029 nihilominus
3056 981 3205 1029 esset
3252 972 3486 1043 eligendi

1912 1067 2224 1129 arbitrium,
2255 1080 2448 1137 nempe
2496 1077 2555 1121 ut
2585 1065 2671 1121 vel
2714 1065 2819 1119 hac
2849 1068 3137 1121 observata
3169 1063 3491 1119 altissimam

1910 1168 1966 1211 et
1985 1158 2193 1228 angelis
2208 1142 2411 1228 parem
2438 1158 2853 1213 nancisceretur
2884 1158 3043 1212 homo
3064 1154 3491 1219 beatitudinem;

1913 1251 1996 1304 vel
2029 1265 2092 1305 ea
2109 1242 2388 1321 'neglecta,
2424 1251 2715 1321 pessimam
2749 1259 2804 1306 et
2830 1248 3257 1305 infelicissimam
3288 1256 3491 1303 sortem

1914 1343 2261 1408 incurreret;
2292 1357 2457 1411 quam
2486 1350 2817 1409 postremam
2848 1341 3040 1395 fraude
3068 1338 3343 1408 serpentis
3365 1352 3493 1392 cum

1914 1433 2185 1502 elegisset,
2225 1431 2551 1500 corruptela:
2600 1432 2743 1486 illico
2797 1440 2853 1484 et
2892 1430 3123 1484 naturali
3174 1426 3493 1485 mortalitati

1915 1524 2093 1578 factus
2157 1534 2242 1579 est
2285 1523 2575 1587 obnoxius,
2643 1532 2698 1577 et
2754 1522 2955 1591 reliqua
3018 1520 3492 1575 innumerabilium

1915 1614 2274 1683 cupiditatum
2310 1612 2570 1667 colluvies
2605 1615 2662 1667 in
2693 1627 2814 1667 eum
2854 1612 3119 1667 incubuit.
3175 1610 3294 1665 Non
3345 1610 3493 1665 enim

1915 1723 2019 1760 una
2077 1722 2200 1759 cum
2262 1705 2599 1775 protoplasto
2649 1704 2953 1773 corruptela
3009 1712 3064 1759 et
3120 1717 3268 1759 mors
3312 1712 3497 1757 creata
3594 1719 3600 1723 ·

1917 1798 2055 1864 fuit;
2081 1798 2282 1866 alioqui
2321 1797 2467 1865 ligno
2492 1797 2615 1851 vita:
2646 1811 2751 1850 non
2778 1797 3038 1864 eguisset,
3074 1794 3230 1864 ιιι
3267 1794 3409 1865 quod
3439 1794 3496 1848 in

226 1880 552 1948 πλάσματος
584 1880 680 1934 τοῦ
732 1882 928 1935 ἑαυτοῦ
971 1883 1175 1954 Κύριος
1200 1924 1213 1949 ,
1249 1884 1663 1955 φιλανθρωπίας
1714 1903 1816 1937 πε-

1913 1857 2097 1943 .medio
2158 1857 2416 1958 paradiso
2468 1888 2705 1956 vigebat.
2745 1857 2905 1957 Igi-tur
2956 1857 3229 1942 emata—r2;
3267 1857 3498 1956 propriae

227 1973 486 2042 ριουσία,
515 1973 583 2026 δι’
624 1969 807 2029 οἶκτον
849 1975 1057 2045 ἄφατον
1091 1977 1190 2045 τὴν
1232 1977 1307 2047 τῷ
1360 1976 1575 2048 θανάτῳ
1620 1979 1811 2047 ὑπενην

225 2067 500 2134 νεγμένην
529 2066 691 2134 φύσιν
715 2109 729 2133 ,
765 2067 969 2137 φθορᾶς
1002 2069 1307 2135 ἀπαλλάξαι
1341 2070 1690 2139 βουλόμενος,
1723 2070 1817 2123 καὶ

227 2160 309 2219 είς
336 2159 396 2209 τὸ
420 2159 476 2224 ἐξ
500 2160 674 2229 ἀρχῆς
695 2162 791 2230 τῆς
822 2162 1108 2230 εὐμοιρίας
1136 2162 1623 2229 ὲπανασώσασθαι,
1658 2162 1819 2229 σῶμα

225 2248 474 2301 τοιοῦτον
510 2250 862 2319 ἀνειληφέναι
910 2252 1008 2304 οὐκ
1057 2252 1372 2320 ἀπηξίωσεν
1399 2292 1413 2315 ,
1446 2254 1630 2306 ὁποῖον
1674 2253 1738 2322 δὴ
1789 2254 1817 2305 6

226 2340 561 2410 κατάκριτος
589 2340 728 2409 ἔχων
755 2341 952 2411 ἐφάνη,
984 2344 1145 2410 ἡμεῖς
1170 2359 1225 2394 τε
1252 2344 1451 2405 πάντες
1480 2343 1528 2396 οἱ
1556 2342 1633 2412 τῷ
1665 2342 1813 2411 αὐτῷ

228 2432 698 2501 κεκοινωνηκότες
724 2432 1081 2502 συγκρίματι,
1107 2433 1135 2484 ὃ
1155 2432 1219 2503 δὴ
1242 2433 1435 2503 θνητὸν
1464 2435 1556 2487 καὶ
1580 2434 1818 2502 φθαρτόν

229 2527 372 2576 ἐστι·
408 2524 565 2594 σῶμα
593 2524 649 2577 δὲ
673 2524 754 2587 ὃν,
782 2525 882 2577 οὐκ
910 2524 975 2577 ἂν
1007 2524 1090 2594 εἴη
1128 2526 1477 2597 περιγραφῆς
1507 2525 1817 2596 ἐλεύθερον⁹

225 2620 337 2683 ἓως
372 2619 437 2672 ἂν
556 2620 746 2690 σῶμα*
782 2616 902 2672 εἶτα
943 2620 1159 2690 Θανάτῳ
1208 2620 1508 2691 σωματικῷ
1550 2638 1818 2691 προσομι-

230 2714 427 2779 λήσας,
460 2705 612 2782 ᾧπερ
646 2712 747 2781 ούχ
800 2712 1010 2782 ὑπῆρχε
1050 2712 1389 2782 κατάχρεως,
1422 2712 1558 2766 ἀλλὰ
1596 2712 1656 2764 τὸ
1683 2713 1821 2782 ὑπὲρ

230 2803 396 2872 ἡμῶν
426 2803 715 2857 ἀπετίννυε
742 2804 920 2873 χρέος·
958 2803 1043 2856 ἵνα
1073 2804 1172 2873 τὴν
1193 2806 1251 2857 ὲν
1286 2804 1456 2873 Ἀδὰμ
1483 2803 1819 2875 παράϐασιν,

232 2900 295 2949 ἐν
334 2897 514 2966 ἐαυτῷ
564 2898 873 2967 ἐξιάσηται,
912 2897 1007 2950 καὶ
1037 2897 1133 2967 τὴν
1164 2892 1337 2968 ἧτταν
1376 2897 1821 2965 ἀνακαλούμενος

228 2988 338 3056 τῆς
419 2989 672 3056 φύσεως.
737 2988 1021 3059 ἀναστήσῃ
1104 2989 1193 3040 τὸν
1269 2989 1559 3057 κείμενον’
1632 2987 1820 3055 ἐπειδὴ

237 3096 257 3129 ι
301 3078 605 3151 Ἀμαρτίαν
635 3081 733 3132 οὐκ
759 3080 1017 3149 ἐποίησεν
1045 3121 1060 3145 ,
1093 3082 1211 3134 οὐδὲ
1249 3080 1449 3151 εὑρέθη
1477 3080 1626 3143 δόλος
1660 3081 1717 3132 ὲν
1742 3079 1821 3149 τῷ

1926 1980 2211 2044 Dominus,
2278 1980 2637 2051 benignitatis
2693 1979 3068 2045 abundantia,
3123 1976 3496 2033 misericordia

1921 2072 2201 2138 ineffabili,
2262 2072 2534 2129 subditam
2571 2072 2731 2126 morti
2776 2080 3029 2125 naturam
3083 2068 3389 2138 corruptela
3439 2068 3500 2123 li-

1921 2167 2113 2220 berare
2148 2165 2357 2230 volens,
2390 2174 2445 2219 et
2468 2164 2522 2218 in
2549 2172 2785 2218 veterem
2837 2162 3153 2217 felicitatem
3195 2160 3496 2226 vindicare,

1924 2273 2121 2326 (orpus
2143 2257 2247 2311 hoc
2273 2256 2551 2326 suscipere
2586 2268 2692 2310 non
2724 2254 3013 2320 recusavit,
3048 2252 3209 2322 quale
3242 2258 3295 2305 et
3318 2249 3497 2305 homi-

1920 2367 2040 2405 nem
2091 2350 2405 2405 damnatum
2452 2348 2658 2402 habere
2706 2346 3012 2409 constabat,
3052 2356 3256 2412 nosque
3308 2354 3499 2397 omnes

1919 2442 2009 2511 qni
2058 2441 2301 2495 eamdem
2366 2438 2770 2493 damnationem
2818 2435 3284 2507 participavimus,
3354 2432 3501 2502 quod

1921 2535 2036 2589 sine
2073 2534 2237 2587 dubio
2266 2534 2497 2587 mortale
2523 2540 2578 2585 et
2605 2528 2959 2598 corruptibile
2978 2536 3082 2582 est.
3108 2524 3228 2580 Jam
3265 2541 3389 2580 cum
3427 2524 3503 2579 sit

1922 2639 2143 2692 corpus,
2181 2635 2329 2676 certe
2360 2618 2873 2689 circumscriptione
2913 2631 3020 2673 non
3054 2625 3229 2679 caret,
3259 2614 3501 2685 quandiu

1924 2729 2119 2782 corpus
2164 2712 2288 2766 erit.
2329 2711 2529 2763 Deinde
2576 2708 2910 2777 corporalem
2937 2716 3194 2775 expertus
3224 2712 3310 2760 est
3350 2718 3497 2757 mor.

1928 2818 2057 2870 tem,
2088 2806 2174 2860 cui
2206 2803 2499 2871 caeteroqui
2531 2817 2635 2855 non
2663 2799 3087 2862 eratobnoxius,
3124 2796 3218 2852 sed
3254 2796 3497 2851 debitum

1926 2914 2021 2966 pro
2054 2896 2207 2951 nobis
2240 2894 2398 2951 solvit
2425 2912 2439 2960 ;
2469 2904 2526 2946 ut
2551 2892 2749 2947 factam
2782 2892 2833 2945 in
2866 2891 3077 2944 Adamo
3105 2887 3499 2959 transgressio~

1927 3007 2067 3053 nem,
2106 2990 2157 3042 in
2180 3001 2238 3042 se
2274 2988 2392 3056 ipso
2423 2994 2681 3050 sanaret;
2722 2992 2775 3037 et
2806 2992 3013 3037 natura
3056 2983 3312 3036 damnum
3343 2994 3503 3048 rept-

1928 3097 2076 3149 rans,
2127 3082 2339 3150 lapsum
2392 3076 2667 3135 hominem
2728 3074 3023 3138 relevaret;
3078 3072 3330 3142 quoniam
3386 3070 3504 3140 ipse

235 3170 471 3237 στόματι
506 3168 695 3221 αὑτοῦ*
735 3188 752 3220 ι
786 3171 1106 3238 κατήργηκε
1142 3169 1239 3238 μὲν
1267 3170 1360 3221 τὸν
1393 3168 1643 3235 θάνατον,
1689 3168 1818 3222 καθ-

1932 3172 2213 3228 Peccatum
2260 3187 2363 3223 non
2395 3170 2541 3239 fecit,
2582 3183 2674 3224 nec
2714 3168 2952 3220 inventus
3005 3175 3079 3220 est
3129 3163 3284 3218 dolus
3311 3163 3366 3216 iu
3414 3176 3505 3216 ore

234 3262 349 3313 siis
380 3261 435 3313 δὲ
467 3261 563 3329 τὴν
595 3260 825 3330 φθορὰν,
855 3259 968 3331 ζωὴ
1015 3262 1157 3313 κατά
1190 3260 1353 3328 φύσιν
1390 3261 1651 3331 ὑπάρχων
1684 3262 1822 3331 ἀλη-

234 3351 345 3412 θῶς
403 3350 497 3401 καὶ
547 3350 843 3413 ἀθανασίας
887 3348 1075 3419 πηγὴ,
1133 3350 1397 3419 κρείττων
1450 3349 1683 3403 θανάτου
1728 3348 1824 3401 κα)⁸

235 3442 447 3510 φθορᾶς
473 3440 679 3509 ὀφθείς
709 3444 741 3511 ή
770 3442 877 3512 γάρ
904 3440 1043 3509 σάρξ
1066 3441 1231 3493 αὐτοῦ
1253 3443 1353 3494 οὐκ
1371 3437 1481 3494 εἶδε,
1502 3440 1819 3514 διαφθοράν,

234 3532 645 3585 καταποθεῐσαν
689 3534 769 3596 εἰς
811 3534 958 3596 νῖκος
998 3534 1092 3585 καὶ
1142 3532 1537 3599 ἀφανισθεῖσαν
1573 3532 1679 3585 ὑπὸ
1726 3532 1820 3585 τοῦ

234 3626 330 3676 τὸν
357 3624 558 3694 κόσμον
587 3626 908 3694 νικήσαντος
929 3665 942 3689 ,
981 3628 1045 3693 τῇ
1081 3624 1355 3693 κρείττονι
1402 3626 1497 3677 καὶ
1530 3624 1823 3677 πανσθενεῖ

235 3716 334 3767 τινιῦ
373 3716 532 3780 λόγου
573 3716 801 3784 δυνάμει
837 3716 1276 3785 συντηρουμένη,
1311 3717 1412 3769 κᾶν
1445 3710 1511 3786 ἦν
1548 3722 1823 3784 πεφυκυῖα

236 3806 334 3858 τοῦ
371 3804 695 3874 φθείρεσθαι
717 3822 728 3833 ”
766 3802 884 3859 εἶτα
910 3806 1114 3875 ἀνέστη
1148 3808 1449 3875 τριήμερος
1474 3846 1487 3869 ,
1518 3807 1613 3858 καὶ
1647 3806 1824 3861 πάντα

237 3897 308 3950 τά
337 3898 401 3947 ὲκ
434 3896 529 3964 τῆς
564 3895 836 3965 ἁμαρτίας
884 3896 1381 3965 ὲγκατασκήψαντα
1429 3897 1495 3965 τῇ
1533 3896 1692 3964 φύσει
1741 3898 1824 3949 ai-

236 3989 486 4056 τιάματα
529 3989 621 4039 καὶ
673 3986 1103 4057 προστρίμματα
1162 3986 1228 4038 δι’
1261 3985 1457 4040 ἑαυτοῦ
1508 3988 1825 4058 ἐκκαθάρας

237 4078 601 4147 ἀπέσμηξεν,
649 4076 836 4145 ὥσπερ
880 4078 1105 4149 ἀπαρχὴ
1148 4078 1241 4130 καὶ
1284 4077 1668 4149 ἀρραϐὼν-τοῦ
1703 4079 1825 4132 καθ’

238 4170 394 4242 ἡμᾶς
422 4169 766 4239 χρηματίσας
791 4169 1135 4238 φυράματος,
1163 4169 1420 4239 λαμπρόν
1457 4187 1515 4222 τε
1549 4168 1693 4223 οὕτω
1730 4174 1825 4225 καὶ

243 4262 446 4331 μώμου
484 4261 685 4324 παντὸς
712 4262 864 4328 ἄνευ,
897 4261 957 4313 τὺ
989 4261 1119 4314 ἴδιον
1150 4263 1436 4332 ἀποφήνας
1467 4262 1700 4333 ποίημα,
1734 4264 1829 4316 καὶ

238 4356 313 4405 τά
351 4356 416 4405 ἐκ
460 4353 556 4419 τῆς
597 4353 805 4415 οἰκείας
854 4351 1012 4423 δόξης
1057 4353 1350 4424 αὐχήματα
1404 4353 1826 4425 δωρησάμενος·

238 4446 389 4497 οὕτω
411 4445 518 4515 γὰρ
544 4446 637 4498 καὶ
668 4444 1086 4515 βαπτιζόμενος,
1115 4445 1213 4516 τὴν
1246 4446 1519 4517 ἡμετέραν
1550 4448 1824 4518 ἐνήργησε

242 4538 537 4608 κάθαρσιν,
566 4538 593 4589 6
624 4539 807 4607 πάσης
836 4540 1096 4593 ἐπέκεινα
1139 4538 1515 4609 καθαρότητος
1542 4556 1555 4569 ·
1586 4539 1743 4592 τοῦτο
1772 4540 1821 4593 δὲ

1935 4542 2270 4610 baptizatus,
2302 4546 2547 4593 nostram
2582 4535 2791 4605 peregit
2824 4535 3218 4603 purgationem,
3251 4548 3369 4585 cum
3394 4532 3513 4601 ipse
3587 4543 3597 4553 ‘

244 4632 340 4684 καὶ
367 4632 535 4683 πάλαι
559 4631 625 4685 ἂν
644 4631 1033 4702 πεπλουτήκει,
1050 4632 1207 4702 εἴπερ
1223 4632 1284 4684 τὸ
1301 4634 1414 4684 ἀπα
1424 4631 1558 4701 ρχῆς
1584 4632 1828 4696 κτισθεὶς

242 4724 273 4774 6
308 4720 598 4791 ἅνθρωπος
635 4721 735 4793 τὴν
774 4723 998 4792 ἐντολὴν
1032 4724 1326 4793 τετηρήκει
1368 4722 1461 4779 τοῦ
1493 4723 1823 4787 Κιιτίσαντος⁸

241 4812 343 4861 καὶ
375 4808 485 4879 γὰρ
534 4808 620 4861 ἐπ’
667 4809 941 4880 ἀθανασία
988 4811 1124 4881 πρὸς
1152 4810 1246 4863 τοῦ
1289 4812 1824 4881 Δημιουργήσαντος,

242 4901 344 4953 καὶ
380 4902 446 4971 τῇ
477 4901 609 4972 πρὸς
638 4901 700 4955 τὸ
728 4904 976 4973 κρεῖττον
1012 4902 1291 4974 ἀναδρομῇ
1326 4904 1750 4974 παρενήνεκται.

318 5085 434 5138 Καὶ
471 5084 641 5139 ταῦτα
683 5087 832 5157 ἡμᾶς
880 5088 928 5140 οἱ
963 5086 1221 5158 ἡμέτεροι
1271 5085 1585 5141 διδάσκαλοι
1634 5089 1827 5141 ὲκπαι·

243 5178 528 5231 δεύουσιν·
563 5180 757 5249 εἴρηκε
806 5179 916 5249 γάρ
952 5194 1058 5231 που
1094 5182 1121 5232 6
1152 5179 1293 5241 θεῖος
1334 5178 1692 5242 Ἀπόστολος⁹
1727 5180 1828 5233 Διὰ

244 5269 448 5335 τοῦτο,
492 5269 699 5339 ὥσπερ
728 5271 802 5323 δι’
842 5270 982 5337 ἐνὸς
1020 5270 1336 5341 ἀνθρώπου
1380 5271 1418 5334 ἡ
1452 5272 1706 5341 ἁμαρτία
1742 5275 1827 5337 εἰς

244 5364 360 5416 τὸν
384 5363 614 5431 κόσμον
642 5360 914 5430 εἰσῆλθε,
948 5363 1045 5415 καὶ
1091 5361 1188 5416 διὰ
1214 5361 1325 5429 τῆς
1347 5363 1633 5430 ἁμαρτίας
1666 5365 1697 5415 ό
1724 5362 1825 5416 θά-

245 5472 433 5521 νατος
458 5472 471 5485 ·
500 5455 599 5509 καί
622 5455 809 5522 οὕτως
828 5458 917 5519 εὶς
940 5454 1175 5521 πάντας
1212 5455 1564 5523 ἀνθρώπους
1597 5458 1628 5508 o'
1650 5454 1828 5508 θάνα-

248 5636 291 5668 ⁶¹
333 5633 435 5687 lsa.
478 5647 597 5700 LIII,
627 5630 744 5699 9;l
783 5631 928 5686 Petr.
964 5631 1133 5696 11,22.
1212 5634 1253 5663 δ’
1282 5612 1441 5685 Rom.
1479 5630 1639 5693 ν,12.

1926 3267 2039 3335 ejus
2076 3266 2155 3328 ⁶¹;
2213 3272 2441 3316 mortem
2500 3260 2791 3322 destruxit,
2843 3257 3207 3327 corruptelam
3258 3255 3501 3317 abstulit,

1926 3373 2045 3411 cum
2084 3354 2195 3422 ipse
2226 3354 2295 3406 sit
2323 3350 2643 3405 naturaliter
2675 3362 2908 3417 vereque
2934 3349 3067 3411 vita,
3096 3357 3149 3401 et
3180 3343 3504 3400 immortali-

1928 3448 2052 3500 tatis
2091 3446 2363 3507 seatehra,
2402 3443 2651 3510 superior
2684 3441 2841 3492 morti
2872 3446 2927 3493 et
2956 3436 3290 3505 eorruptioni
3315 3437 3488 3489 visus.

1928 3538 2059 3591 Nam
2082 3551 2209 3591 earo
2234 3535 2349 3604 rjus
2373 3549 2478 3587 non
2507 3532 2638 3585 vidit
2660 3531 3094 3599 corruptionem,
3122 3542 3240 3597 qua?
3255 3525 3507 3588 videlicet

1927 3632 2183 3696 absorpta
2228 3627 2329 3679 fuit
2364 3626 2419 3680 in
2458 3624 2767 3687 victoriam,
2802 3632 2857 3674 et
2894 3638 2923 3675 a
2962 3621 3146 3696 nipndi
3179 3624 3381 3673 victore
3411 3618 3507 3672 de-

1927 3724 2155 3784 bellata;
2186 3732 2313 3772 caro
2345 3726 2525 3770 autem
2564 3730 2594 3769 a
2632 3714 2919 3782 superiore
2943 3724 3105 3781 atque
3137 3710 3507 3779 omnipotente

1932 3811 2088 3866 Verbi
2154 3812 2353 3866 virtute
2400 3816 2720 3862 conservata
2776 3817 2902 3869 est,
2955 3819 3262 3876 quanquam
3318 3810 3507 3872 suapte

1928 3915 2122 3960 natura
2160 3900 2498 3970 corruptioni
2530 3908 2678 3955 esset
2712 3898 2947 3953 obnoxia
2985 3896 3119 3968 (48).
3156 3895 3357 3950 Deinde
3386 3900 3508 3963 post

1931 4000 2165 4052 triduum
2200 3994 2539 4058 resurrexit;
2591 4001 2646 4047 et
2692 4006 2882 4047 Omnes
2955 3989 3045 4058 qui
3086 4004 3152 4041 ex
3185 3997 3405 4056 peccato
3453 3984 3507 4039 in

1929 4101 2177 4143 naturam
2206 4088 2571 4141 incubuerant
2604 4092 2791 4137 reatus
2834 4092 3007 4151 atque
3039 4079 3387 4139 detrimenta,
3413 4090 3510 4145 per

1929 4197 1986 4235 se
2020 4193 2257 4249 purgans
2290 4176 2568 4238 abstersit,
2605 4174 2884 4228 inchoatio
2926 4170 3092 4225 veluti
3120 4180 3173 4224 et
3221 4170 3384 4223 arrha
3415 4182 3511 4223 no-

1930 4274 2025 4325 stri
2063 4270 2238 4323 factus
2293 4267 2612 4336 plasmatis;
2656 4264 2998 4335 splendidam
3034 4265 3104 4316 ita
3145 4274 3309 4331 atque
3360 4259 3508 4315 omni

1934 4360 2315 4415 criminatione
2382 4358 2608 4412 liberam
2666 4362 2972 4409 creaturam
3028 4368 3181 4408 suam
3249 4350 3508 4427 cﬂiciens,

1930 4453 2087 4518 eique
2136 4447 2321 4516 gloria:
2371 4460 2482 4499 sine
2536 4446 2734 4498 decora
2800 4442 3060 4510 largiens.
3118 4440 3209 4495 Sic
3262 4441 3407 4494 enim
3456 4448 3513 4493 et

1936 4647 2096 4700 sUpra
2127 4645 2346 4684 clunem
2381 4629 2699 4682 munditiem
2735 4635 2901 4681 esset.
2933 4623 2989 4679 ld
3014 4633 3193 4677 autem
3220 4624 3349 4678 olim
3377 4637 3511 4693 quo-

1933 4741 2037 4794 quc
2071 4738 2174 4776 non
2209 4721 2491 4783 defuisset,
2533 4720 2578 4774 si
2607 4728 2825 4773 creatus
2856 4719 2923 4771 ab
2978 4717 3131 4771 initio
3178 4718 3336 4770 homo
3378 4728 3512 4787 [ier

1933 4826 2147 4885 ceptum
2194 4812 2471 4868 Creatoris
2504 4813 2871 4866 observasset.
2912 4808 3048 4864 Nam
3090 4824 3261 4879 usque
3307 4807 3371 4861 ad
3412 4808 3511 4861 im-

1934 4907 2321 4962 mortalitatem
2368 4904 2772 4973 transitumque
2814 4904 2880 4957 ad
2924 4902 3168 4966 meliora,
3198 4918 3225 4953 a
3252 4900 3514 4956 Creatore

1934 5008 2222 5068 provectus
2253 4996 2463 5050 fuisset.

2011 5089 2133 5144 Ilaec
2170 5102 2267 5141 nos
2294 5086 2551 5155 magistri
2570 5085 2741 5140 nostri
2771 5084 2988 5139 docent.
3039 5083 3182 5136 Dixit
3229 5082 3374 5137 enim
3410 5081 3512 5137 ali-

1936 5179 2148 5249 quando
2180 5178 2331 5230 divus
2359 5176 2648 5245 Apostolus
2678 5195 2689 5228 :
2722 5174 3011 5243 Proyterca
3045 5177 3180 5228 sicut
3226 5190 3319 5242 per
3349 5188 3513 5227 unum

1935 5273 2194 5325 hominem
2227 5278 2496 5335 peccatum
2528 5270 2581 5321 in
2613 5270 2862 5321 mundum
2890 5268 3149 5329 introivit,
3181 5280 3226 5321 et
3264 5281 3356 5335 per
3390 5278 3514 5334 pec-

1936 5378 2113 5417 catum
2154 5381 2314 5426 mors,
2334 5375 2491 5434 atque
2522 5366 2575 5417 in
2600 5368 2776 5418 omnes
2803 5364 3041 5418 homines
3079 5378 3215 5416 mors
3246 5372 3512 5431 pertrans-

1936 5459 1993 5509 iit
2025 5458 2090 5509 “'.
2123 5454 2245 5510 Hmc
2297 5458 2645 5526 antiquorum
2674 5456 2834 5511 etiam
2873 5455 3255 5511 nonnullorum
3298 5452 3507 5523 sapien-

323 5790 437 5861 (i8)
478 5788 587 5844 lloc
618 5788 814 5844 dicitur
850 5788 1103 5844 adversus
1133 5788 1381 5843 haresim
1420 5786 1997 5856 lucet-rupticoiarum.
