4220 6442
695 406 798 471 463

1730 401 1793 462 S.
1833 399 2256 461 NICEPHORI
2296 398 2806 461 PATRIARCHE
2842 397 2946 459 ΕΡ.

3884 383 3996 447 444

699 523 842 570 imus
876 511 1058 569 eﬂ’atis
1085 511 1459 578 continentur,
1492 508 1544 565 in
1575 507 1774 580 quibus
1798 509 2061 565 scribitur
2103 526 2116 562 :
2150 509 2291 575 quod

2411 524 2499 572 ιὀς
2525 504 2741 573 διῆλθε
2764 524 2777 537 ·
2810 506 2984 560 ταῦτα
3021 504 3117 557 καὶ
3148 502 3396 576 ἀρχαίων
3428 501 3593 556 τινῶν
3627 498 3794 566 σοφαὶ
3823 513 3990 568 περι-

702 609 844 663 Deus
898 616 1127 661 mortem
1184 618 1291 658 non
1346 602 1556 668 fecerit,
1611 600 1705 656 sed
1758 601 1827 656 ad
1877 600 2283 656 subsistendum

701 709 898 752 cuncta
944 695 1252 761 creaverit;
1311 701 1389 760 et,
1426 690 1570 762 quod
1614 694 1886 748 salutares
1936 690 2046 746 sint
2100 690 2286 745 mundi

702 790 965 856 origines,
994 802 1167 857 neque
1196 787 1276 841 eis
1313 786 1504 839 mortis
1529 784 1885 854 pharmacum
1931 781 2063 837 insit
2093 782 2137 814 ⁸³
2169 802 2182 837 :
2211 794 2286 846 et,

702 884 848 951 quod
884 882 1025 934 Dens
1058 880 1331 934 hominem
1374 878 1679 931 condiderit
1705 876 1772 931 ad
1800 874 2290 945 incorruptibilita-

706 986 833 1035 tem,
870 974 1070 1026 invidia
1110 980 1292 1025 autem
1322 970 1521 1024 diaboli
1555 984 1705 1024 mors
1724 970 1776 1023 in
1821 969 2082 1025 mundum
2117 969 2288 1023 intra-

706 1068 846 1118 verit
886 1064 953 1118 “.
984 1065 1077 1119 llis
1106 1079 1342 1118 consona
1367 1062 1592 1117 Patrum
1624 1076 1839 1133 quoque
1875 1060 2152 1131 religionis
2185 1077 2288 1115 no-

704 1167 835 1212 stra:
863 1158 1243 1226 magistrorum
1276 1169 1439 1209 voces
1466 1153 1784 1225 praedicant.
1829 1153 1984 1221 Quod
2005 1168 2138 1223 ergo
2171 1167 2291 1207 ma-

701 1250 822 1319 jore
850 1247 1266 1303 conﬁrmatione
1292 1247 1587 1317 indigebat,
1634 1245 1687 1300 id
1723 1260 1912 1315 reapse
1959 1260 2021 1300 ea
2057 1246 2288 1315 potitum

703 1350 812 1395 est.
858 1337 973 1392 Non
1004 1337 1150 1392 enim
1178 1352 1377 1406 corpus
1418 1334 1703 1402 oportebat
1739 1334 1855 1390 ﬁeri
1882 1335 2285 1402 incorporeum,

704 1440 767 1486 ut
817 1440 965 1486 esset
1013 1430 1179 1483 etiam
1238 1428 1799 1497 incircumscriptum,
1851 1425 2289 1495 quandoquidem

706 1537 816 1577 non
863 1524 1070 1591 absque
1121 1535 1349 1589 corpore
1379 1519 1543 1574 homo
1573 1528 1787 1573 creatus
1818 1516 1927 1571 fuit
1960 1535 1973 1571 :
2008 1532 2184 1588 neque
2207 1533 2292 1573 sc-

708 1616 823 1671 rius
869 1624 1089 1686 propter
1138 1624 1417 1682 peccatum
1466 1627 1663 1681 corpus
1714 1612 1765 1667 ei
1818 1612 2052 1667 accessit
2107 1611 2219 1680 (49)
2276 1629 2289 1665 :

709 1706 910 1775 alioqui
962 1722 1135 1774 neque
1166 1705 1332 1759 homo
1363 1705 1664 1760 exstitisset
1695 1720 1871 1774 neque
1903 1706 2291 1773 transgressio.

711 1798 767 1851 In
795 1815 902 1867 quo
933 1799 1078 1852 enim
1126 1797 1343 1853 demum
1378 1807 1659 1865 peccatum
1711 1805 1982 1866 patratum
2017 1796 2140 1862 fuit,
2188 1797 2292 1852 nisi

2389 600 2574 669 έχουσι
2588 601 2799 669 ῥήσεις,
2815 597 3021 662 καθ’ἂς
3042 598 3372 668 γέγραπται,
3391 597 3503 650 ὃτι(
3524 596 3585 649 Ὀ
3602 594 3734 656 Θεὸς
3752 591 3991 646 θάνατον

2386 690 2488 743 οὐκ
2519 691 2804 759 ἐποίησεν,
2856 688 2975 742 ἀλλ’
3007 689 3228 744 ἔκτισεν
3267 688 3349 752 είς
3389 688 3452 741 τὸ
3490 682 3632 740 εἶναι
3662 683 3735 738 τὰ
3761 684 3946 737 πάντα
3966 697 3986 709 ·

2388 782 2484 836 καὶ
2537 782 2800 854 σωτήριοι
2823 782 2879 834 αί
2902 781 3148 850 γενέσεις
3180 780 3277 833 τοῦ
3307 780 3539 849 κόσμου,
3566 777 3664 831 καὶ
3695 777 3798 829 ούκ
3837 776 3993 827 ἔστιν

2389 876 2447 928 ὲν
2470 875 2664 938 αὐταῖς
2692 874 2990 944 φάρμακον
3010 874 3234 944 όλέθρου
3256 890 3269 903 ·
3305 892 3324 925 ι
3362 873 3478 935 καὶ,
3503 872 3586 925 ὅτι
3618 871 3718 933 «ζο
3741 869 3877 932 Θεὸς
3904 867 3995 921 ἔκ-

2389 981 2506 1019 τισε
2528 965 2621 1017 τὸν
2643 964 2933 1036 ἄνθρωπον
2967 966 3055 1018 ἐπ’
3088 963 3389 1034 ἀφθαρσίᾳ,
3420 962 3517 1015 καὶ
3538 960 3718 1030 φθόνῳ
3734 958 3992 1013 δῖαὸὁλου

2392 1058 2621 1121 Θάνατος
2637 1060 2719 1121 εἰς
2735 1059 2827 1110 τὸν
2851 1058 3056 1127 κόσμον
3078 1056 3297 1125 είσῆλθε
3325 1072 3338 1086 ’
3364 1076 3382 1107 ι
3410 1053 3624 1115 τούτοις
3655 1052 3874 1121 συνῳδὰ
3895 1051 3995 1103 καὶ

2391 1152 2499 1207 τῶν
2542 1150 2887 1221 ίερομυστῶν
2924 1150 3188 1221 Πατέρων
3215 1150 3273 1202 al.
3318 1148 3498 1216 φωναὶ
3528 1143 3955 1215 διαγορεύουσιν
3976 1157 3993 1173 ο

2392 1244 2531 1314 ὅπερ
2556 1238 2649 1296 οὖν
2680 1242 2852 1296 ἐδεῖτο
2886 1242 3144 1313 βοηθείας
3176 1242 3278 1311 τῆς
3310 1239 3652 1311 κρείττονος,
3690 1236 3855 1289 τοῦτο
3899 1234 3997 1287 καὶ

2392 1336 2655 1405 τυγχάνει
2685 1352 2699 1366 ο
2726 1334 2788 1387 οὐ
2816 1334 2926 1405 γὰρ
2955 1333 3018 1386 τὸ
3043 1332 3205 1401 σῶμα
3232 1331 3340 1384 ἔδει
3371 1330 3633 1398 γενέσθαι
3668 1327 3994 1397 ἀσώματον,

2396 1428 2483 1483 ῐνα
2577 1429 2673 1482 καὶ
2705 1427 3150 1498 ἁπερίγραπτον,
3183 1425 3421 1495 ἐπείπερ
3441 1424 3545 1476 οὐκ
3565 1423 3697 1477 ἄνευ
3737 1420 3997 1489 σώματος

2393 1521 2727 1594 όᾶνθρωπος
2753 1520 3249 1591 δεδημιούργηται,
3272 1516 3397 1570 οὐδὲ
3416 1517 3498 1579 είς
3520 1515 3649 1568 ὓστε
3660 1531 3755 1586 ρον
3777 1513 3869 1566 διὰ
3894 1514 3998 1580 τὴν

2398 1616 2677 1687 ἁμαρτίαν
2708 1613 2859 1685 αὐτῷ
2902 1614 2965 1666 τὸ
3003 1612 3165 1681 σῶμα
3202 1610 3610 1682 προσγέγονεν·
3667 1608 3700 1679 ἢ
3757 1607 3871 1677 γὰρ
3930 1604 3997 1656 ἂν

2397 1709 2517 1763 οὐδὲ
2546 1708 2855 1777 ἄνθρωπος,
2895 1706 3015 1759 οὐδὲ
3043 1705 3363 1776 παράὗασις
3394 1721 3409 1736 ·
3444 1706 3503 1755 ὲν
3549 1701 3658 1754 τίνι
3699 1700 3811 1770 γὰρ
3857 1698 3999 1761 ὅλως

2399 1802 2466 1855 τὰ
2494 1803 2592 1871 τῆς
2626 1800 2902 1871 ἁμαρτίας
2934 1799 3280 1869 ἐπέπρακτο,
3303 1797 3441 1853 ἀλλὰ
3460 1796 3532 1849 τὰ
3564 1795 3695 1864 περὶ
3721 1793 3784 1845 τὸ
3810 1792 3996 1862 σῶμα,

712 1891 765 1944 in
802 1892 1050 1959 corporis
1071 1889 1474 1954 aﬂ'ectionibus,
1505 1906 1626 1960 quae
1655 1888 1768 1956 jam
1795 1891 1846 1943 in
1874 1891 2047 1959 ipsum
2076 1900 2297 1959 propter

2411 1896 2546 1966 imp
2579 1896 2679 1967 ἠδη
2729 1895 2818 1947 διὰ
2856 1895 2958 1964 τὴν
3008 1893 3327 1963 εἰσποίητον
3362 1891 3513 1960 αὐτῷ
3562 1888 3850 1959 ἁμαρτίαν
3884 1888 3998 1938 εἱσο

713 1985 959 2038 inolitum
989 1995 1266 2052 peccatum
1317 1983 1681 2037 introierant?
1713 1980 1879 2053 Igitur
1925 1992 2218 2037 renovatur
2248 1985 2299 2037 in

711 2078 931 2131 Chrislo
964 2089 1155 2131 natura
1209 2087 1263 2131 et
1294 2076 1558 2131 salvatur.
1591 2076 1659 2131 Et
1717 2079 1861 2145 quod
1904 2091 2106 2145 corpus
2162 2079 2302 2132 Deus

712 2171 1038 2236 assumpsit,
1072 2169 1360 2223 deiﬁcalur
1392 2180 1585 2232 totum,
1647 2169 1698 2221 in
1739 2169 1936 2223 melius
1970 2178 2304 2223 transmuta-

715 2271 848 2321 tum,
898 2270 953 2314 et
1001 2259 1360 2314 inell'abilibus
1414 2260 1757 2313 ornamentis
1822 2271 2179 2325 coronatum;
2240 2275 2304 2313 ac

715 2353 961 2420 spiritale
1007 2354 1266 2421 deinceps
1322 2361 1464 2415 erat,
1500 2361 1662 2421 atque
1704 2367 1919 2405 onmem
1969 2368 2304 2420 exsuperans

717 2440 1053 2493 iuatei-ialem
1102 2455 1487 2509 terrenamque
1532 2443 1856 2495 crassitiem.
1882 2441 2070 2511 Neque
2100 2445 2304 2496 idcirco

717 2547 913 2603 corpus
960 2548 1080 2585 esse
1121 2533 1306 2596 desiit,
1348 2534 1442 2586 sed
1488 2548 1689 2600 corpus
1738 2550 1857 2587 esse
1915 2538 2301 2603 perseveravit,

716 2626 1047 2678 micuimodt
1081 2626 1300 2679 demum
1337 2626 1389 2679 id
1413 2636 1526 2691 est,
1555 2638 1605 2680 et
1640 2628 2300 2696 certe('ircmnscriptnm.

719 2717 835 2771 Non
872 2720 1017 2771 etiim
1052 2722 1296 2775 exterius
1343 2725 1592 2789 provenit
1639 2735 1817 2788 neque
1844 2735 1907 2771 ex
1953 2731 2172 2788 peccato
2207 2723 2306 2773 rir-

716 2811 1096 2877 eumsm-iptio,
1130 2813 1406 2875 quomodo
1440 2810 1746 2877 corruptela
1779 2820 1833 2859 et
1862 2808 1980 2861 alia:
2026 2811 2307 2876 passiones

718 2904 1119 2964 subintrarunt,
1152 2904 1245 2955 sed
1271 2917 1331 2955 ea
1364 2902 1612 2970 corporis
1636 2912 1718 2955 est
1756 2902 2308 2969 imligena,atqur,nt

723 2995 797 3047 ita
835 2996 1035 3057 dicam,
1067 2996 1181 3047 haec
1214 3002 1297 3047 est
1324 2994 1569 3061 corporis
1602 2992 2036 3056 circunmantia,
2060 3002 2114 3045 et
2141 2993 2307 3059 ip~ins

722 3089 987 3141 terminus
1023 3098 1185 3155 atque
1238 3088 1394 3141 ratio.
1433 3085 1565 3139 Nam
1628 3085 1784 3156 113
1838 3086 1884 3138 si
1933 3085 2057 3154 quis
2087 3085 2308 3140 deliniat

719 3196 916 3248 corpus
935 3180 1127 3247 triplici
1151 3178 1413 3248 qualitate
1432 3190 1710 3242 constare,
1730 3178 1811 3230 vel
1833 3177 2139 3246 physicum,
2157 3191 2307 3244 orga-

2404 1992 2683 2061 έιρρησεν;
2720 1988 2919 2042 οὐκοῦν
2951 1988 3258 2052 καινίξεται
3293 1987 3391 2056 μὲν
3422 1987 3453 2055 ἡ
3480 1985 3640 2052 φύσις
3678 1984 3736 2034 ὲν
3771 1977 4001 2050 Χριστῷ

2403 2084 2499 2136 καὶ
2534 2081 2882 2146 ἀνασώζεται
2907 2099 2921 2112 ·
2950 2082 3044 2134 καὶ
3074 2080 3101 2133 ὃ
3132 2080 3538 2150 προσείληπται
3569 2078 3649 2147 τῷ
3668 2074 3792 2145 Θεῷ
3812 2073 3996 2142 σῶμα,

2402 2173 2669 2227 τεθέωται
2706 2176 2806 2245 μὲν
2834 2173 2980 2234 ὅλον,
3014 2173 3107 2225 ἐπὶ
3135 2173 3195 2225 τὸ
3234 2172 3445 2241 βέλτιον
3476 2166 4001 2240 μεταστοιχειούμε-

2405 2284 2515 2329 νον,
2558 2268 2653 2319 καὶ
2685 2268 2808 2329 ταῖς
2854 2267 3120 2338 ἀρρήτοις
3166 2264 3448 2323 εύκλείαις
3491 2261 3995 2328 καταστεφόμενον,

2405 2359 2783 2428 πνευματικόν
2814 2376 2873 2410 τε
2931 2355 3000 2428 ἦν
3033 2358 3242 2421 λοιπὸν,
3295 2358 3389 2408 καὶ
3446 2359 3629 2409 πᾶσαν
3668 2350 4002 2419 ύπερϐαῖνον

2407 2449 2599 2503 ύλαίαν
2632 2452 2725 2503 καὶ
2757 2449 2940 2519 γεώδη
2977 2448 3301 2519 παχύτητα’
3340 2448 3397 2500 τὸ
3427 2448 3483 2499 δὲ
3539 2445 3680 2499 εἶναι
3736 2444 3899 2511 σῶμα
3937 2442 4000 2493 ού

2407 2544 2749 2614 παρῄτηται,
2785 2544 2947 2612 σῶμα
2981 2543 3037 2594 δὲ
3092 2542 3407 2612 μεμενηκὸς
3439 2541 3542 2593 κᾶν
3572 2538 3863 2592 ὁποιονοῦν
3906 2535 4003 2587 καὶ

2406 2639 2554 2699 ὅπως
2597 2636 2741 2706 ἔχον,
2799 2636 2893 2687 καὶ
2942 2635 3386 2703 περιγράφεσθαι
3437 2632 3719 2698 πέφυκεν·
3774 2630 3838 2681 ού
3891 2628 4005 2698 γὰρ

2409 2728 2608 2793 ἔξωθεν
2638 2731 2733 2779 καὶ
2762 2728 2826 2779 ἐκ
2856 2726 2952 2794 τῆς,
2990 2725 3266 2792 ἁμαρτίας
3300 2725 3333 2794 ή
3365 2722 3711 2792 περιγραιρὴ,
3748 2719 3943 2791 ὥσπερ
3968 2721 4001 2789 ἠ

2409 2821 2584 2890 φθορᾶ
2610 2822 2704 2871 καὶ
2732 2818 2901 2872 τᾶλλα
2930 2819 3079 2887 πάΊη
3102 2816 3453 2885 ἐπεισῆκται,
3479 2815 3595 2867 ἀλλ’
3618 2814 3849 2866 αὐτόθεν
3866 2830 3876 2841 ·
3908 2814 4005 2865 καὶ

2406 2914 2480 2975 ὡς
2504 2914 2571 2965 ἂν
2597 2913 2742 2963 εἴποι
2772 2928 2855 2974 τις
2888 2912 2919 2980 ἡ
2950 2909 3046 2962 τοῦ
3075 2908 3326 2979 σώματος
3352 2910 3675 2977 περίστασις
3703 2906 3797 2957 καὶ
3821 2908 3850 2957 ό
3881 2904 4005 2956 κατ’

2410 3005 2542 3057 αὐτὸ
2570 3006 2695 3074 ὄρος
2720 3021 2779 3055 τε
2813 3003 2910 3054 καὶ
2935 3002 3097 3069 λόγος
3123 3017 3135 3031 ⁸
3161 3002 3208 3053 εί
3233 3001 3342 3068 γάρ
3369 3016 3451 3061 τις
3479 2999 3725 3069 ὁρίσαιτο
3755 2996 3818 3048 τὸ
3844 2997 4007 3065 σῶμα

2410 3093 2547 3149 εἶναι
2576 3100 2738 3166 τριχῆ
2769 3093 3083 3157 διαστατὺν,
3137 3092 3169 3163 ἢ
3204 3091 3459 3162 φυσικὸν,
3493 3090 3802 3159 ὀργανικὸν,
3842 3089 4005 3142 δυνα-

2415 3206 2503 3259 μει
2549 3189 2699 3257 ζωὴν
2749 3188 2894 3255 ἕχον,
2937 3185 2971 3256 ἢ
3017 3188 3077 3238 τὸ
3125 3184 3607 3253 ἐσχηματισμένον
3653 3182 3748 3235 καὶ
3798 3183 4007 3250 πέρασι

723 3273 926 3330 nicum.
966 3272 1155 3324 intima
1187 3272 1390 3324 virtute
1432 3271 1650 3335 vivens;
1680 3268 1761 3323 vel
1806 3271 2096 3337 ﬁguratum
2118 3278 2170 3321 et
2201 3277 2303 3320 ter-

2413 3279 2824 3351 διειλημμένον,
2849 3279 2992 3348 Ξιπερ
3022 3278 3248 3331 οἰκείως
3282 3278 3377 3329 ἐπὶ
3407 3276 3501 3329 τοῦ
3532 3274 3654 3328 καθ’
3684 3276 3834 3343 ἡμᾶς
3866 3274 4008 3342 λαμ.-

724 3364 886 3417 minis
935 3365 1424 3432 comprehensum,
1457 3378 1577 3431 qua:
1615 3363 1794 3416 omnia
1839 3361 2008 3417 nostri
2064 3361 2306 3429 corporis

724 3457 939 3524 propria
979 3465 1126 3517 sunt,
1157 3454 1291 3506 nihil
1326 3455 1470 3507 aliud
1524 3468 1687 3523 quam
1724 3452 1856 3506 illud
1901 3466 2024 3506 esse
2072 3450 2308 3504 circum-

723 3548 988 3615 scriptum
1024 3544 1365 3613 signiﬁcabit.

797 3659 926 3713 Post
964 3658 1419 3722 resurremionem
1473 3655 1639 3726 igitur
1691 3672 1721 3710 a
1774 3657 2027 3719 mortuis,
2100 3654 2306 3712 Christi

728 3768 951 3821 corpus,
985 3765 1297 3820 quanquam
1336 3749 1592 3803 deiﬁcato
1628 3748 1811 3802 simile
1841 3757 2012 3802 totum
2037 3748 2308 3817 apparuit,

731 3845 900 3900 nihilo
934 3854 1116 3898 tamen
1152 3843 1330 3896 minus
1351 3854 1553 3909 corpus
1582 3841 1847 3894 remansit
1878 3857 1891 3893 :
1937 3856 2042 3893 non
2074 3841 2220 3893 enim
2245 3838 2312 3892 ad

731 3938 949 3991 deitatis
967 3934 1330 3990 substantiam
1361 3941 1444 3987 est
1475 3930 1943 3985 transformatum.
1999 3930 2133 3983 Nam
2170 3930 2314 3998 quod

730 4027 985 4081 Christus
1014 4023 1315 4077 secundum
1344 4035 1568 4074 carnem
1598 4017 1709 4087 jam
1748 4034 1854 4072 non
1897 4019 2219 4087 agnoscitur
2242 4019 2309 4080 ",

732 4118 877 4175 haud
909 4117 1063 4171 nobis
1094 4112 1369 4184 signilicat
1399 4111 1645 4180 corporis
1680 4111 2043 4165 cessationem
2078 4120 2169 4163 aut
2216 4113 2314 4165 de-

733 4208 1227 4281 positionetn,sunl
1252 4202 1399 4258 enim
1429 4202 1513 4255 ha:
1546 4198 1970 4254 Manichaeorum
2016 4198 2317 4252 hallucina-

736 4303 937 4365 tiones,
987 4299 1081 4354 sed
1122 4296 1267 4367 quod
1325 4294 1707 4361 corporalibus
1782 4290 2211 4346 necessitatibus
2247 4292 2321 4345 sit

733 4399 1043 4461 exemptus,
1077 4399 1131 4444 et
1156 4403 1221 4442 ex
1250 4386 1564 4441 carnalibus
1589 4383 1968 4438 affectionibus
2020 4392 2322 4452 nostraque

735 4485 1054 4538 inlirmitate
1075 4479 1399 4541 excesserit,
1436 4486 1565 4546 puta
1607 4476 1794 4530 labore
1826 4490 1893 4529 ex
1929 4474 2149 4541 itinere,
2204 4475 2317 4541 siti,

737 4576 901 4641 hune,
946 4587 1167 4642 pavore,
1197 4581 1254 4626 et
1281 4572 1323 4626 si
1354 4570 1483 4640 quid
1514 4569 1657 4623 aliud
1684 4578 1770 4623 est
1788 4568 2123 4638 huiusmodi.
2155 4587 2173 4621 ι
2199 4566 2321 4623 Non

2416 3374 2642 3427 ϐανεται
2696 3372 2972 3442 σώματος,
3020 3371 3174 3423 οὐδὲν
3211 3369 3465 3441 ἕτερονῆ
3513 3368 3575 3421 τὸ
3625 3367 4011 3438 περιγραπτὸν

2417 3466 2552 3521 αὐτὸ
2590 3460 2731 3519 εἶναι
2765 3482 2977 3535 καταση
2989 3466 3201 3533 μήνειε.

2490 3652 2644 3707 Μετὰ
2696 3651 2836 3719 γοῦν
2866 3650 2965 3721 τὴν
3024 3651 3088 3703 ἐκ
3138 3648 3353 3720 νεκρῶν
3423 3648 3743 3713 ἀνασίωσιν,
3799 3645 3865 3699 τὸ
3915 3646 4012 3699 τοῦ

2418 3745 2661 3817 Χριστοῦ
2701 3744 2882 3812 σῶμα,
2916 3742 3095 3795 καίτοι
3130 3741 3542 3794 θεοειδέστατον
3580 3739 3700 3792 ὅλον
3743 3742 4010 3809 πείθῃ-αἱς,

2424 3838 2732 3909 μεμένηκεν
2764 3837 2915 3906 ὅμως
2952 3835 3143 3905 σῶμα’
3164 3834 3223 3885 ού
3256 3832 3365 3902 γὰρ
3396 3834 3477 3895 είς
3505 3832 3601 3902 τὴν
3628 3832 3725 3901 τῆς
3754 3831 4017 3901 θεότητος

2421 3930 2612 3982 οὐσίαν
2642 3926 3076 3999 μετακεχὼρηκε
3100 3942 3113 3956 ·
3141 3931 3202 3978 τὸ
3226 3924 3335 3995 γὰρ
3365 3925 3567 3994 μηκέτι
3598 3924 3837 3993 Χριστὸν
3870 3923 4017 3975 κατὰ

2424 4022 2604 4092 σάρκα
2624 4018 3020 4089 γινώσκεσθαι,
3039 4018 3098 4069 ού
3125 4017 3220 4071 τοῦ
3246 4017 3500 4087 σώματος
3517 4018 3652 4084 ἡμῖν
3676 4016 4017 4084 ὑπαγορεύει

2423 4114 2523 4173 τὴν
2561 4111 2899 4183 παραίτησιν
2932 4112 2965 4181 ἢ
2998 4111 3097 4180 τὴν
3124 4109 3422 4173 ἀπόθεσιν,
3465 4108 3809 4177 Μανιχαῖκὺν
3854 4106 4019 4159 τοῦτο

2424 4205 2485 4259 τὸ
2519 4205 2730 4271 σκότος,
2762 4204 2879 4257 ἀλλ’
2900 4204 2983 4256 ὅτι
3016 4203 3123 4256 τῶν
3159 4202 3495 4273 σωματικῶν
3527 4201 3787 4268 ἀναγκῶν
3818 4200 4021 4271 ἐξῄρη-

2428 4316 2537 4357 ται,
2571 4298 2665 4349 καὶ
2711 4296 2821 4350 τῶν
2874 4294 3151 4367 σαρκικῶν
3212 4295 3401 4348 παθῶν
3442 4295 3535 4347 καὶ
3592 4293 3691 4362 τῆς
3740 4294 4019 4362 ἡμετέρας

2431 4390 2714 4452 ἀσθενείας
2759 4389 3097 4461 ὲκῦἐῦηκεν,.
3123 4382 3237 4440 οἷον
3280 4387 3374 4441 τοῦ
3437 4390 3501 4440 ὲκ
3559 4389 3657 4454 τῆς
3700 4385 4021 4454 ὁδοιπορίας

2430 4479 2601 4535 κόπου
2628 4479 2792 4549 δίψης
2827 4496 2884 4530 τε
2932 4484 3026 4532 καί
3074 4480 3267 4548 πείνης
3309 4480 3404 4531 καὶ
3454 4478 3681 4540 δειλίας,
3736 4479 3831 4530 καὶ
3887 4478 4021 4532 εἴτι

2431 4571 2639 4633 τούτοις
2674 4571 3082 4641 παραπλήσιον.
3136 4589 3153 4621 ι
3188 4570 3388 4623 Οὐκέτι
3423 4570 3520 4640 μὲν
3544 4570 3652 4639 γὰρ
3681 4571 3887 4638 σάρκα,
3919 4572 4023 4623 οὐκ

735 4667 879 4719 enim
916 4664 1024 4731 iam
1064 4678 1195 4717 caro
1232 4671 1338 4728 est,
1381 4676 1555 4729 neque
1609 4672 1788 4715 tamen
1825 4672 1910 4715 est
1942 4662 2297 4732 incorporeus

2425 4665 2723 4735 ἀσώματον
2770 4664 2851 4727 δὲ,
2896 4665 3013 4717 ἀλλ’
3074 4658 3160 4727 οἷς
3217 4660 3324 4717 οἶδε
3376 4663 3556 4731 λόγοις
3613 4663 4021 4733 θεοειδεστέρου

738 4759 833 4809 sed
861 4770 947 4817 co,
976 4768 1135 4823 quem
1170 4754 1284 4821 ipse
1312 4752 1444 4815 scit,
1469 4751 1709 4805 deiticati
1744 4752 1994 4820 corporis
2014 4753 2196 4817 modo,
2227 4770 2246 4803 ι
2271 4764 2330 4806 ιιι

2124 4863 2143 4895 ι
2185 4846 2328 4899 quod

741 4862 967 4916 magnus
1014 4861 1277 4916 prmmcat
1304 4861 1603 4913 uregorius
1642 4861 1777 4914 (an).
1818 4861 2019 4898 ueinue
2053 4862 2065 4898 :
2124 4863 2143 4895 ι
2185 4861 2328 4914 quou

741 4940 842 4992 hoc
866 4937 1228 5006 eorruptibile
1258 4936 1405 4991 indui
1439 4936 1637 4992 debeat
1671 4937 2223 5006 incorruptibilitatc,
2272 4948 2329 4992 et

738 4862 967 4916 magnus
1014 4846 1277 4916 prmdicat
1304 4842 1603 4913 Gregorius
1642 4842 1777 4914 (50).
1818 4844 2019 4898 Deinde
2053 4862 2065 4898 :

741 5029 973 5083 mortale
1018 5027 1135 5081 ﬁeri
1191 5028 1501 5081 immortale
1532 5046 1552 5080 ι
1616 5043 1845 5098 magnus
1878 5029 2040 5083 docet
2078 5027 2316 5096 Aposto-

742 5122 823 5173 lus
849 5121 916 5177 “.
955 5119 1065 5175 Sed
1095 5136 1294 5190 corpus
1350 5120 1851 5191 incorporalitatem
1908 5122 2013 5176 sibi
2078 5122 2323 5186 induere,

743 5212 823 5266 vel
860 5224 1107 5269 creatum
1155 5212 1269 5268 ﬁeri
1312 5214 1639 5277 increatum,
1697 5214 1782 5269 vel
1840 5214 2324 5285 circumscriptum

743 5309 811 5360 ad
863 5306 1493 5378 incircumscriptiouem
1549 5308 1929 5373 transmutari,
1969 5308 2205 5364 nondum
2254 5310 2321 5364 ad

2431 4757 2709 4829 σώματος,
2746 4774 2764 4806 ι
2801 4756 2896 4809 καὶ
2945 4758 2973 4810 ὀ
3006 4755 3179 4827 μέγας
3218 4756 3482 4825 κηρύσσει
3515 4755 3843 4826 Γρηγόριος.
3891 4751 4029 4811 Εἶτα

2435 4868 2453 4901 ι
2491 4851 2615 4901 Ὅτι
2644 4848 2705 4900 τὸ
2738 4847 2838 4917 μὲν
2874 4847 3117 4917 φθαρτὸν
3149 4847 3309 4900 τοῦτο
3339 4847 3665 4901 ἐνδύσασθαι
3701 4848 3783 4901 δεῖ
3804 4851 4029 4921 ἀφθαρ-

2431 4941 2574 5004 σίαν,
2598 4939 2696 4993 καὶ
2711 4943 2772 4992 τὸ
2798 4940 2993 5009 θνητὸν
3012 4939 3372 5006 ἀθανασίαν,ι
3404 4941 3433 4991 ὁ
3466 4941 3641 5009 μέγας
3666 4945 4033 5010 μυσταγωγεῖ

2443 5033 2771 5097 ’Λπόστολος
2792 5049 2806 5062 ⁸
2858 5032 2917 5085 τό
2949 5033 3005 5085 δὲ
3039 5032 3199 5101 σῶμα
3235 5032 3641 5102 ἀσωματότητα
3669 5031 4029 5097 ἐνδύσασθαι,

2436 5126 2469 5196 ἢ
2500 5126 2561 5179 τὸ
2600 5126 2820 5179 κτιστὺν
2852 5124 3110 5194 γενέσθαι
3142 5125 3425 5188 ἄκτιστον,
3455 5126 3488 5197 ἥ
3535 5125 3597 5178 τὺ
3641 5128 4032 5196 περιγραπτὸν

2435 5220 2515 5280 είς
2548 5210 2961 5289 ἁπερίγραψίαν
2993 5214 3485 5287 μετατεθήσεσθαι,
3522 5215 3678 5269 οὔπω
3724 5216 3891 5286 μέχρι
3933 5219 4035 5269 καὶ

2439 5312 2679 5382 σήμερον
2719 5311 3013 5381 ἦκουσταιο
3063 5309 3269 5363 τούτων
3303 5310 3359 5363 δέ
3409 5327 3530 5363 τινα
3573 5311 3664 5362 καὶ
3713 5311 4035 5380 ἀσωμάτων

814 5511 863 5544 ιι
893 5511 1021 5581 Sap.
1060 5528 1097 5580 ι,
1139 5513 1224 5579 ιδ,
1263 5512 1347 5567 ιι.
1424 5513 1470 5545 ιι
1499 5512 1625 5584 Sap.
1671 5529 1732 5577 ιι,
1755 5515 1846 5569 ει.
1890 5470 1893 5473 λ
1980 5517 2023 5549 οδ
2055 5515 2095 5570 ιι
2130 5515 2303 5572 Com

2411 5516 2452 5572 Β.
2531 5516 2575 5547 ⁶⁶
2616 5516 2783 5572 lCor.
2818 5534 2906 5581 xv,
2938 5517 3025 5573 5'5.

815 5694 929 5767 (49)
970 5693 1199 5767 Animas
1244 5694 1312 5750 ob
1358 5695 1537 5767 priora
1576 5707 1829 5763 peccata,
1863 5697 1914 5751 in
1952 5711 2177 5765 corpora
2226 5697 2330 5750 im-

750 5766 890 5837 mitti
924 5778 978 5819 et
1027 5766 1427 5833 quodannnodo
1479 5768 1739 5836 relegari,
1794 5785 1928 5821 vana
1966 5768 2326 5837 quorumdam

751 5836 1189 5909 philosophorum
1226 5836 1404 5906 opinio
1435 5838 1554 5893 luit.

2513 5698 2625 5767 (:‘illi
2658 5698 2819 5766 Grcg.
2856 5700 3114 5754 Nazianz.
3164 5708 3303 5755 orat.
3343 5698 3431 5764 ἆθ,
3471 5713 3523 5751 ιι.
3566 5695 3653 5751 43.
3691 5693 3827 5750 Vide
3864 5705 4038 5751 etiam

2437 5780 2576 5821 orat.
2615 5768 2665 5833 7,
2704 5787 2756 5822 ιι.
2786 5772 2875 5824 2|.
