4220 6442
215 430 274 488 δι
872 423 1497 486 ANTIRRHETICUS
1536 425 1625 482 ιιι
1673 394 1836 482 Αιιν.
1878 440 1881 463 ι

1059 423 1497 484 RRHETICUS
1536 425 1625 482 ιιι
1673 394 1836 482 Αιιν.
1878 421 2467 482 CttNSTANTINUM
2509 420 2717 479 corn.

3319 414 3420 478 458

107 560 113 575 ι
182 540 498 610 χρωμένοις,
538 539 821 609 καθαιρεῖν
842 540 916 602 ὼς
940 539 1195 607 ἀλλότρια
1231 538 1539 603 ἐπάναγκες
1574 552 1586 563 ·
1620 535 1655 587 ἃ
1687 535 1741 587 δὲ

1774 540 1813 595 Α
1845 532 2446 588 αὲροιιοιιιιξιι’ἱιιιΙὶιιίιιιιὶ
2501 531 2732 591 iaciunt,
2783 528 2905 597 quia
2954 525 3111 580 nobis
3161 538 3413 593 prosunt,

182 633 257 691 εἰς
287 630 443 695 δόξαν
488 631 682 700 ἀνήκει
730 628 889 692 Θεοῦ,
936 629 1032 681 καὶ
1076 628 1311 697 δήλωσιν
1338 626 1436 695 τῆς
1480 626 1751 695 σωτηρίου

148 771 154 776 .
183 723 493 790 οἰκονομίας
518 722 808 792 πρόκειται
834 763 847 782 ,
880 720 1001 773 ἐπεὶ
1026 721 1157 788 ἡμῖν
1183 718 1499 787 διαφέρουσι
1525 757 1540 779 ,
1587 716 1750 769 σεῦᾶ-

185 831 385 881 σματος
439 814 534 864 καὶ
582 813 744 882 τιμῆς
778 812 901 874 ἄξια
945 811 1195 880 κρίνειν,
1243 810 1338 877 οὑχ
1368 808 1556 876 ὥσπερ
1602 806 1757 875 παρᾶ

182 904 287 956 τῶν
324 902 532 969 ὲναγῶν
558 902 626 954 τὰ
656 902 785 969 am
817 901 1137 954 δ.απτύεται
1161 899 1337 961 ἀθέοις
1369 899 1462 951 καὶ
1493 898 1751 968 καθυϐρί-

184 996 373 1058 ζεταιη
410 995 459 1047 οἳ
490 995 553 1063 δὴ
601 993 783 1046 πάντα
830 992 1154 1063 συγχέοντες
1204 993 1297 1044 καὶ
1337 990 1713 1059 συμφύροντες
1737 1033 1749 1054 ,

183 1085 272 1136 τοῦ
320 1084 561 1153 καθαροῦ
608 1084 670 1136 τὸ
698 1084 1028 1155 ἀκάθαρτον,
1064 1084 1157 1135 καὶ
1190 1083 1282 1136 τοῦ
1320 1084 1476 1149 ἁγίου
1508 1083 1566 1134 τὸ
1593 1082 1752 1153 βέϐη-

185 1177 271 1229 λον
313 1176 573 1246 διορίζειν
613 1176 673 1228 οὑ
712 1175 1027 1245 βούλονται⁶
1084 1178 1189 1240 Εἰς
1233 1175 1345 1242 γὰρ
1382 1176 1754 1243 κακότεχνον

183 1268 430 1335 ψυχὴν,
463 1268 650 1335 σοφία
697 1267 845 1319 Θεοῦ
875 1270 987 1319 οὐκ
1035 1268 1466 1319 εἰσελεύσεται.
1516 1267 1752 1336 Ἀνάγκη

184 1358 291 1426 γὰρ
336 1357 516 1419 αὑτοῖς
573 1356 626 1425 ἢο
671 1358 849 1408 πάντα
905 1356 997 1409 διὰ,
1044 1358 1128 1421 τὸ,
1159 1358 1242 1409 Οὐ
1297 1355 1574 1423 ποιήσεις
1632 1354 1754 1407 πᾶν

184 1434 464 1516 ὁμοίωμξι,
492 1447 559 1499 τὰ
582 1446 660 1515 τῷ
682 1446 799 1517 Θεῴ
822 1447 952 1514 φίλα
974 1446 1069 1498 καὶ
1102 1447 1278 1499 οἰκεῖα
1300 1445 1749 1515 ἀποπέμπεσθαι,

184 1536 214 1604 ἢ
252 1536 344 1587 διὰ
373 1536 435 1587 τὸ
464 1535 767 1600 ποιήσεις,
802 1537 868 1588 τὰ
908 1534 1345 1605 νομοθετούμενα
1380 1536 1563 1588 πάντα
1594 1574 1607 1597 ,
1660 1537 1754 1587 καὶ

183 1626 249 1678 τὰ
284 1624 393 1677 τῶν
430 1624 606 1692 ἀθέων
647 1626 740 1678 καὶ
770 1626 1016 1677 ἀπίστων
1047 1625 1227 1677 σέῦειν
1261 1628 1356 1677 καὶ
1388 1625 1751 1689 ἀσπάζεσθαι,

185 1719 440 1786 οὐδεμιᾶς
501 1719 685 1779 αὐτοῖς
735 1718 1057 1787 ὑπολήψεως
1130 1717 1315 1786 ὑγιοῦς
1366 1717 1611 1788 ὑπούσης
1662 1720 1755 1771 καὶ

187 1810 424 1877 κρίσεως
534 1806 566 1875 ἢ
639 1808 777 1876 ὅπερ
848 1808 1034 1868 αὑτοῖς
1096 1806 1294 1857 οἰκεῖον
1351 1806 1445 1857 καὶ
1500 1806 1750 1874 ὲραστόν,

188 1901 367 1952 πᾶσαν
416 1897 655 1950 παλαιὰν
703 1901 799 1950 καὶ
855 1899 986 1950 νέαν
1033 1897 1394 1967 νομοθεσίαν,
1442 1898 1584 1949 κατὰ
1623 1898 1752 1958 τοὺς
1789 1883 1826 1936 Β

185 1992 396 2044 ἑαυτῶν
421 1991 771 2053 διδασκάλους
793 2031 806 2051 ,
841 1989 1075 2043 ἀθετεῖν.

254 2091 368 2154 μα’.
407 2105 424 2135 ‹
468 2081 601 2136 Εἶτα
632 2084 771 2135 ἔστω
818 2082 916 2151 μὲν
960 2082 1131 2135 ταῦτα
1170 2081 1344 2145 οὕτως
1392 2082 1557 2152 ἔχειν,
1598 2084 1752 2150 φασὶ,

187 2179 285 2229 ποῦ
340 2177 398 2228 δέ
461 2193 541 2229 σοι
608 2174 840 2227 ἐνταῦθα
903 2174 1317 2242 νενομοθέτηται
1379 2177 1552 2225 ποιεῖν
1618 2173 1753 2225 Θεοῦ

122 2288 128 2293 ‘
184 2269 436 2338 ὁμοίωμα
460 2285 474 2331 ;
515 2285 532 2317 ι
566 2267 705 2335 Πρὸς
734 2262 827 2317 οὖν
856 2266 916 2318 τὸ
944 2268 1130 2318 σκαιὸν
1161 2266 1253 2318 καὶ
1281 2264 1637 2333 ἀπόπληκτον
1659 2265 1757 2331 τῆς

185 2363 526 2430 ἐρωτήσεως,
550 2359 776 2411 τοιαῦτὰ
792 2375 994 2426 φαμεψ
1018 2356 1232 2427 πρῶτον
1254 2358 1371 2425 μὲν,
1394 2358 1476 2409 ὃτι
1510 2357 1755 2408 Ίζοίκατε

185 2453 362 2504 ταῦτα
384 2452 805 2518 πυνθανόμενοι,
838 2449 1210 2519 προκάλυμμα
1230 2449 1329 2518 τῆς
1388 2447 1597 2500 ἑαυτῶν
1630 2449 1756 2501 ἁπι-

189 2540 342 2606 στίας
368 2542 460 2593 καὶ
475 2542 788 2602 δυσσεδείας
807 2539 1292 2609 προΐσχεσθανούχ
1318 2540 1463 2601 ὅπως
1482 2556 1534 2591 τι
1554 2539 1757 2603 ἀξιόλο-

186 2652 281 2700 γον
308 2636 436 2704 περὶ
472 2632 606 2685 Θεοῦ
636 2632 815 2698 λέγειν
836 2632 1027 2699 δόξητε
1054 2672 1067 2695 ,
1097 2631 1212 2685 ἀλλ’
1242 2633 1327 2683 ἵνα
1346 2630 1443 2701 τὴν
1478 2629 1633 2684 θείαν
1659 2630 1752 2683 τοῦ

188 2727 445 2793 Σωτῆρος
506 2724 820 2791 οἰκονομίαν
880 2724 1364 2792 συκοφαντήσητε·
1425 2723 1600 2785 οὐδεὶς
1649 2723 1757 2790 γὰρ

187 2819 321 2887 ὑμῖν
350 2816 582 2868 ἐνταῦθα
603 2815 931 2885 σαρκώσεως
956 2814 1108 2882 λόγος
1130 2814 1500 2884 παρείληπται
1522 2829 1536 2843 °
1567 2814 1758 2867 ἔπειτα

186 2910 262 2970 δὲ,
302 2909 388 2961 δτι
427 2909 487 2961 τὸ
529 2908 818 2961 ἀλλόκοτον
855 2905 1412 2977 καὶπαραφροσύνης
1457 2906 1758 2975 ὲπίμεστον

188 3001 369 3070 ὑμῶν,
413 3002 469 3052 ὲν
515 3000 726 3061 τούτοις
771 2998 1196 3069 τεκμηριοῦται·
1235 2998 1411 3068 μάτην
1467 2997 1578 3065 γὰρ
1626 2998 1761 3065 Χρι-

190 3094 433 3153 στιανοῖς
456 3090 896 3160 διαλοιδορεῖσθε,
930 3090 1023 3141 καὶ
1051 3089 1086 3142 δι
1121 3090 1255 3159 μήτε
1290 3089 1446 3140 αὐτοὶ
1475 3088 1755 3153 ἐδόξασαν,

191 3186 333 3253 μήτε
370 3184 527 3252 ὑμεῖς
575 3182 845 3249 ἀκηκόατε
901 3179 1120 3233 πώποτε
1173 3180 1612 3243 καταπτύοντες,
1648 3179 1760 3231 ἐπί-

194 3276 377 3343 κλημα
427 3274 836 3341 προτεπάγετε,
885 3272 1016 3323 ὡσεὶ
1059 3273 1153 3323 καὶ
1196 3270 1327 3322 Θεὸν
1359 3270 1515 3331 ψιλὸν
1558 3270 1760 3340 σαρκὸς

186 3366 615 3435 γεγυμνωμένος)
640 3364 926 3426 είκονίζειν
959 3362 1448 3430 ἐπαγγελλομένοις
1473 3379 1485 3391 ’
1516 3362 1622 3413 τίνι
1655 3362 1762 3430 γὰρ

186 3459 298 3509 τῶν
351 3458 577 3524 λογικῆς
632 3455 966 3525 μετεχόντων
1004 3454 1218 3521 φύσεως
1255 3453 1317 3503 οὑ
1362 3452 1763 3521 διωμολόγηται

190 3550 408 3617 σαφῶς,
441 3533 687 3599 adeso-3
723 3549 894 3597 ποιεῖν
937 3545 1193 3615 ὁμοίωμα
1303 3545 1435 3606 Θεὸς
1456 3584 1470 3605 ,
1502 3543 1762 3596 ἀδύνατον

186 3641 261 3702 ὡς
298 3639 516 3709 ἀληθῶς
548 3640 640 3691 καὶ
670 3636 1119 3706 ἀνεπιχείρητονς
1170 3637 1293 3688 ἐπεὶ
1334 3636 1455 3688 οὑδὲ
1484 3636 1678 3705 ὁρατὸν
1703 3634 1763 3686 τὸ

191 3734 356 3782 Θείον
383 3730 507 3781 οὐδὲ
542 3730 765 3798 ληπτόν·
804 3730 950 3780 Θεὸν
990 3728 1099 3797 γὰρ
1142 3727 1344 3791 οὐδεὶς
1371 3728 1593 3793 ἑώρακε
1644 3726 1761 3777 πώ-

188 3837 360 3872 ποτε.
393 3819 602 3871 Οὐκοῦν
633 3817 753 3869 οὐδὲ
787 3819 987 3884 Μωσῆς
1019 3815 1178 3877 αὐτὸς
1203 3818 1230 3868 ὀ
1260 3817 1368 3877 τοῖς
1396 3814 1560 3874 θείοις
1578 3813 1763 3881 νόμοις

187 3910 658 3981 ὑπηρετούμενος,
693 3908 865 3961 καίτοι
891 3910 1118 3976 κάτοχος
1148 3906 1225 3975 τῷ
1246 3907 1344 3975 τῆς
1386 3905 1535 3967 θείας
1562 3907 1761 3972 ἐπιφα-

184 4005 342 4066 νείας
373 4004 665 4070 γενόμενος
690 4001 851 4071 ἔρωτι
889 4001 1163 4062 τεθέαται,
1199 4001 1279 4051 δτι
1311 4000 1384 4069 μὴ
1418 4000 1575 4066 μόνον
1603 3999 1760 4062 δόξαν

182 4096 361 4160 Θεοῦ,
402 4096 521 4164 ἣτις
562 4094 709 4162 αύτῴ
755 4093 1171 4162 παραδέδεικται
1233 4094 1401 4162 ἡνίκα
1450 4092 1511 4144 τὸ
1556 4093 1760 4156 δεδοξα·

185 4188 396 4254 σμένον
433 4186 697 4254 πρότερον
748 4183 1112 4254 παρελήλυθε,
1144 4186 1238 4237 καὶ
1269 4186 1442 4237 ταῦτα
1469 4188 1536 4254 τῇ
1585 4186 1761 4256 πέτρᾳ

184 4277 605 4343 καλυπτόμενος
633 4316 644 4332 ,
686 4278 776 4327 καὶ
809 4278 963 4345 μόλις
1004 4277 1212 4346 καθορᾷ
1242 4276 1376 4328 Θεοῦ
1405 4276 1473 4327 τὰ
1507 4276 1725 4328 ὀπίσθια
1746 4294 1757 4304 ·

180 4371 331 4435 τάχα
364 4368 476 4419 τῶν
506 4367 807 4433 μελλόντων
846 4370 944 4437 τῆς
976 4370 1033 4420 ἐν
1064 4369 1225 4439 σαρκὶ
1274 4370 1591 4437 θεοφανείας
1638 4372 1762 4431 τοὺς

179 4461 397 4521 τύπους
434 4459 960 4529 μυσταγωγούμενος
985 4477 998 4491 ο
1040 4461 1092 4512 τί
1124 4462 1233 4528 γάρ
1278 4477 1444 4529 φησιν
1474 4464 1502 4513 ὁ
1533 4478 1758 4530 χρημα-

1862 624 1975 678 baec
2021 626 2224 678 honore
2262 624 2519 689 cultuque
2571 622 2731 685 digna
2782 618 3114 685 iudicamus,
3168 629 3326 670 secus
3361 630 3421 667 ae

1857 717 1910 771 hi
1963 717 2163 769 faciunt
2215 715 2407 784 impuri
2466 714 2553 781 qui
2606 714 2793 766 sitncta
2853 709 3015 778 impie
3054 709 3321 777 despuunt
3370 719 3424 760 ct

1855 808 2197 860 contumeliis
2230 805 2468 857 alliciunt
2503 820 2516 857 :
2570 804 2658 870 qtti
2710 803 2927 870 quidem
2962 798 3147 852 omnia
3196 797 3425 851 confun—

1855 902 2041 953 dentes
2094 899 2622 965 permisrentesque,
2685 895 2943 946 ntundum
2980 893 3048 943 ab
3121 890 3421 950 immundo,

1854 1001 2102 1045 sanctum
2133 1004 2162 1042 θ
2207 989 2433 1058 profano
2498 986 2883 1040 discrimina‘ro
2931 982 3138 1035 nolunt.
3179 979 3425 1047 Namque

1852 1085 1907 1136 in
1938 1083 2255 1135 malitiosum
2275 1082 2507 1132 animam
2543 1096 2643 1131 non
2680 1076 2915 1155 introibit
2954 1074 3046 1126 Dei
3070 1073 3331 1141 eripietttia
3352 1070 3420 1121 ⁸⁸.

1856 1174 2086 1227 Necesse
2115 1175 2310 1241 quippe
2339 1181 2443 1232 est,
2500 1181 2554 1222 ιιι
2583 1169 2663 1221 vel
2704 1169 2779 1231 hi,
2811 1176 3032 1234 propter
3069 1164 3198 1216 illud
3255 1176 3423 1229 nega-

1858 1268 2052 1326 tivuut,
2095 1280 2195 1315 non
2217 1264 2381 1329 facies
2407 1262 2770 1320 simulacrum,
2797 1267 2990 1310 cuncta
3035 1256 3143 1309 Deo
3170 1256 3337 1306 chara
3371 1260 3426 1306 et

1857 1359 2068 1427 propria
2108 1355 2384 1423 rein-iant;
2440 1353 2519 1405 vel
2561 1361 2779 1419 propter
2804 1349 3185 1402 allirmativum
3226 1346 3420 1410 facies,

1854 1460 2108 1504 consueta
2171 1448 2347 1501 omnia
2409 1445 2583 1497 atlteis
2630 1451 2683 1495 et
2723 1441 3030 1494 inftdelibus
3076 1440 3301 1491 adorent
3371 1444 3427 1489 et

1856 1539 2287 1607 amplectantur;
2349 1538 2464 1584 sine
2516 1534 2619 1585 ulla
2658 1531 2909 1584 videlicet
2933 1530 3249 1597 opinionum
3274 1525 3425 1594 judi-

1853 1629 2028 1695 ciique
2053 1629 2301 1679 sanitate.
2333 1622 2425 1675 Vel
2459 1624 2707 1689 denique,
2733 1621 2872 1689 quod
2913 1619 3045 1687 ipsis
3072 1617 3422 1686 ctpropriutn

1854 1732 1907 1774 et
1931 1720 2224 1790 jucundum
2269 1727 2369 1779 est,
2410 1727 2575 1767 totam
2612 1725 2843 1767 veterem
2893 1726 3199 1779 novamque
3226 1709 3421 1778 legem,

1855 1814 1968 1868 suis
1996 1810 2266 1881 magistris
2298 1810 2679 1876 obsequentes,
2710 1806 2943 1859 deleaut.

1928 2082 2014 2134 Η.
2049 2099 2066 2130 ι
2098 2082 2227 2147 Age,
2265 2079 2370 2131 sint
2399 2076 2523 2130 ista.
2563 2074 2747 2136 aiunt;
2775 2074 2993 2126 ubinam
3026 2084 3156 2123 vero
3184 2069 3279 2121 tibi
3312 2068 3425 2138 lege

1856 2174 2209 2227 constitutum
2265 2169 2385 2231 fuit,
2446 2177 2504 2219 ut
2551 2167 2641 2220 Dei
2672 2161 3022 2219 simulacrum
3084 2161 3336 2215 faceres?
3403 2178 3421 2210 ι

1859 2268 2107 2336 Itnproho
2146 2267 2270 2319 huic
2315 2264 2617 2332 stolidoque
2651 2262 2878 2330 quaesito
2930 2260 3000 2313 ita
3040 2256 3423 2311 occurrimus:

1857 2362 2033 2430 primo
2084 2360 2323 2426 quidem,
2381 2355 2551 2408 videri
2608 2370 2701 2407 vos
2750 2353 2891 2405 hanc
2928 2351 3305 2421 quaestionem,
3356 2346 3427 2397 ob

1856 2450 2135 2506 velandatn
2186 2449 2620 2503 incredulitatem
2680 2445 3121 2513 intpietatemqne
3185 2451 3423 2495 vestram

1857 2554 2237 2599 commovere:
2281 2557 2452 2609 neque
2497 2551 2553 2593 ut
2586 2539 2788 2607 alitptid
2823 2536 2964 2605 frugi
3018 2536 3083 2588 de
3123 2533 3231 2587 Deo
3283 2534 3427 2601 loqui

1856 2632 2264 2695 existimetnini,
2291 2633 2382 2684 sed
2406 2641 2461 2683 ut
2477 2629 2713 2683 divinam
2740 2627 3045 2681 Servatoris
3066 2624 3424 2678 (econotuiam

1857 2724 2258 2780 calumniemiui
2288 2741 2302 2786 ;
2350 2722 2550 2776 nullam
2582 2724 2725 2774 enim
2760 2721 2846 2773 hic
2890 2734 2987 2772 vos
3026 2718 3422 2772 incarnationis

1861 2815 2122 2868 rationem
2175 2814 2408 2869 habetis.
2470 2811 2673 2866 Deinde
2743 2810 3052 2863 absurditas
3128 2821 3308 2862 vestra
3369 2815 3424 2860 et

1860 2905 2127 2960 dementia
2180 2904 2484 2959 omnimoda
2535 2918 2599 2955 ex
2658 2902 2743 2955 his
2804 2902 3139 2970 coarguitur.
3193 2899 3420 2954 Frustra

1859 2999 2007 3053 enim
2063 2996 2391 3051 Christianis
2440 2994 2844 3055 conviciamiui,
2884 3003 2939 3047 et
2982 2994 3079 3057 rei,
3131 3009 3295 3063 quam
3332 3010 3430 3047 tteu

1862 3088 1960 3156 ipsi
1994 3088 2317 3156 cogitarunt,
2353 3101 2452 3139 nec
2507 3099 2601 3137 vos
2646 3098 2887 3152 unquam
2943 3083 3196 3147 audistis,
3238 3098 3424 3151 asper-

1865 3190 2057 3233 nanter
2108 3170 2320 3239 titulum
2369 3177 2666 3244 imponitis,
2706 3175 2858 3242 quasi
2901 3175 3201 3242 simpli‘eent
3239 3174 3428 3236 Deum,

1874 3283 2037 3322 carne
2088 3266 2372 3329 nudatum,
2430 3270 2662 3335 figurare
2718 3282 2778 3319 se
2830 3266 3035 3320 dicant.
3094 3263 3228 3330 Quis
3285 3266 3431 3317 enim

1866 3360 2144 3413 rationalis
2163 3369 2369 3413 natura:
2396 3361 2664 3429 particeps
2689 3376 2792 3412 non
2821 3358 3105 3412 manifeste
3129 3360 3429 3426 proﬁtetur.

1867 3452 1957 3505 Dei
1990 3452 2169 3507 facere
2199 3454 2511 3521 imaginem,
2541 3468 2645 3520 qua
2679 3451 2819 3505 Deus
2842 3463 2946 3516 est,
2982 3467 3104 3505 vere
3146 3465 3266 3503 esse.
3324 3451 3428 3501 int~

1864 3544 2123 3612 possibile
2175 3547 2408 3615 vanique
2457 3547 2730 3615 negotium
2779 3544 3115 3598 molituiuis?
3174 3534 3428 3611 quoniam

1864 3652 2038 3704 neque
2087 3637 2318 3691 visibilis
2350 3646 2435 3691 est
2495 3638 2756 3690 Divinitas
2797 3652 2973 3704 neque
3020 3635 3430 3703 comprehensi-

1867 3729 2020 3784 bilis:
2051 3729 2213 3783 Deum
2232 3731 2376 3784 enim
2400 3747 2549 3783 nemo
2571 3732 2695 3784 vidit
2724 3746 2950 3799 unquam
2970 3729 3036 3782 ⁸⁷.
3062 3727 3193 3780 Nam
3222 3727 3433 3797 Moyses

1870 3820 2004 3887 ipse,
2040 3822 2129 3888 qui
2160 3820 2460 3874 divinarum
2489 3821 2666 3888 legum
2690 3822 2933 3872 minister
2956 3818 3078 3881 fuit,
3108 3832 3421 3886 quanquam

1865 3912 2058 3965 divina:
2130 3914 2426 3979 prsesentia:
2498 3913 2722 3966 ardente
2788 3913 3061 3966 desidet-io
3127 3922 3428 3979 correptus.

1863 4001 2086 4067 gloriam
2142 4002 2235 4056 Dei
2269 4004 2638 4057 tantummodo
2671 4004 2801 4056 vidit
2836 4019 2954 4071 qua:
2992 4004 3040 4054 ei
3071 4015 3290 4055 ostensa
3330 4002 3430 4055 fuit

1863 4107 1981 4146 eum
2015 4094 2284 4163 gloriosus
2317 4098 2457 4151 Deus
2487 4098 2765 4164 praeteriit,
2797 4106 2851 4150 et
2881 4097 3097 4163 quidem
3134 4100 3248 4165 ipso
3281 4098 3422 4150 intra

1867 4192 2074 4250 petram
2100 4185 2331 4249 incluso,
2362 4188 2454 4255 qui
2482 4188 2693 4242 nonnisi
2723 4187 3021 4253 posteriora
3050 4186 3143 4240 Dei
3169 4188 3321 4250 vidit,
3351 4203 3376 4241 s
3398 4204 3429 4241 e

1863 4274 2094 4329 fortasse
2120 4277 2314 4331 futura:
2349 4279 2398 4331 in
2430 4292 2595 4333 carae
2644 4280 3000 4347 apparitionis
3045 4282 3242 4346 ﬁguras
3297 4280 3428 4333 edn-

1863 4380 2003 4422 cuts.
2039 4370 2177 4435 Quid
2237 4372 2379 4425 enim
2426 4372 2501 4425 ait
2563 4369 2655 4424 Dei
2692 4372 3019 4425 oraculum?
3066 4371 3187 4424 Non
3244 4373 3430 4424 ridebit

1864 4461 2051 4527 faciem
2080 4480 2247 4516 meam
2291 4467 2465 4527 homo,
2521 4472 2574 4518 et
2623 4464 2834 4518 vivet".
2883 4463 3071 4518 Nonne
3111 4475 3166 4517 et
3222 4465 3429 4531 priscos

179 4551 356 4613 τίζων
388 4550 560 4613 Θεός;
597 4552 676 4603 Οὐ
698 4550 784 4619 μὴ
819 4551 916 4619 ἴδῃ
945 4552 1008 4605 τὸ
1037 4553 1363 4619 πρόσωπόν
1390 4569 1507 4620 μου
1537 4552 1760 4618 ἄνθρω-
1794 4581 1837 4634 D

1794 4581 1837 4634 Β
1867 4555 2092 4623 aliquot,
2127 4557 2281 4609 sicuti
2336 4556 2585 4624 legimus,
2641 4556 2730 4624 qui
2782 4556 3175 4625 omnipotentis
3213 4554 3306 4608 Dei
3339 4557 3427 4608 in-

178 4662 300 4710 πος
328 4686 342 4706 ,
375 4645 477 4696 καὶ
522 4645 782 4712 ζήσεται.
832 4647 900 4697 Ἥ
940 4647 1065 4715 οὑχὶ
1105 4649 1198 4699 καί
1246 4663 1354 4698 τισι
1401 4645 1509 4696 τῶν
1556 4645 1758 4709 πάλαι,

178 4738 451 4804 καθάπερ
482 4739 817 4806 ἀνέγνωμεν,
851 4739 912 4789 τὸ
943 4739 1037 4790 τοῦ
1068 4740 1286 4791 πάντων
1314 4737 1763 4802 κατεξουσιάζον·

176 4843 272 4888 τος
298 4827 447 4878 Θεοῦ
477 4827 838 4897 ἀκοινώνητον
884 4828 1055 4897 ὄνομα
1084 4832 1196 4892 τοῖς
1235 4830 1364 4898 παρ’
1393 4828 1573 4880 αὐτῶν
1609 4826 1761 4879 σεϐο-

181 4919 379 4986 μένοις
423 4918 632 4982 ξοάνοις
679 4920 1012 4988 ἐπιγράψασι
1042 4960 1056 4983 ,
1092 4921 1185 4972 καὶ
1226 4922 1322 4989 τὴν
1374 4921 1760 4990 προσήκουσαν

177 5009 338 5078 αὑτῷ
380 5010 528 5078 μόνῳ
557 5009 801 5063 ἀναθεῖσι
832 5013 1107 5081 λατρείαν,
1133 5011 1222 5063 διὰ
1251 5014 1432 5081 φωνῆς
1464 5012 1558 5064 τοῦ
1591 5012 1762 5081 μεγά-

175 5102 273 5153 λου
317 5102 553 5153 Ἡσαΐου
588 5103 907 5171 ἐπιπλήττει
943 5105 1110 5167 Θεδς,
1148 5105 1268 5157 Τίνι
1299 5104 1636 5171 ὡμοιώσατε
1659 5105 1765 5156 τὸν

174 5195 441 5260 Κύριον,
484 5192 694 5259 λέγων,
752 5194 849 5246 καὶ
906 5198 1021 5247 τίνι
1069 5194 1382 5263 ὁμοιώματι
1424 5196 1765 5264 ὡμοιώσατε

172 5286 412 5343 αὐτόν;
435 5282 519 5350 μὴ
562 5287 764 5337 εἰκόνα
789 5286 1038 5351 ἐποίησε
1062 5286 1316 5348 τέκτων;
1350 5285 1387 5352 ἢ
1422 5287 1763 5353 χρυσοχόος

173 5376 513 5442 χωνεύσας
565 5376 825 5442 χρυσίον
891 5379 1376 5445 περιεχρύσωσεν
1423 5378 1603 5440 αὐτό;
1656 5377 1765 5429 Καὶ

176 5466 401 5536 σφόδρα
438 5482 500 5530 γε
534 5464 758 5528 δικαίως
787 5467 999 5520 ἀπειλεῖ
1032 5469 1100 5521 τὰ
1123 5470 1315 5521 ἀνόσια
1348 5469 1478 5538 δρᾷν
1503 5470 1764 5541 τετολμη-

175 5559 340 5609 κόςιν
368 5574 384 5587 ο
430 5557 490 5608 οὑ
541 5558 648 5626 γὰρ
684 5558 905 5627 θεμιτὸν
941 5560 1147 5613 οἴεσθαί
1179 5578 1230 5613 τι
1267 5560 1375 5613 τῶν
1418 5563 1475 5613 έν
1504 5561 1763 5630 κτίσμασι

172 5651 511 5711 τελούντων,
536 5642 579 5716 ᾧ
612 5650 753 5702 κατὰ
783 5650 943 5717 φύσιν
969 5652 1001 5722 ἧ
1025 5652 1183 5718 δόξαν
1210 5652 1242 5722 ἢ
1274 5651 1446 5723 ἀλκὴν
1474 5653 1504 5722 ἢ
1540 5653 1683 5705 κατά
1712 5670 1762 5705 τι

250 5801 300 5833 ⁸⁸
335 5802 471 5870 Sap.
504 5818 541 5865 ι,
578 5807 622 5859 5.
699 5800 916 5857 "Joan.
955 5821 991 5867 ι,
1033 5805 1117 5859 18.

474 5899 741 5961 Pauor"
777 5899 892 5960 GR.
959 5902 1025 5962 C.

1192 5806 1236 5837 "
1268 5805 1437 5863 Exod.
1475 5820 1668 5873 nam,
1694 5805 1784 5859 20.

1866 4647 2308 4702 communicabile
2360 4662 2553 4701 nomen
2607 4648 2764 4701 cultis
2799 4663 2826 4700 a
2882 4663 2940 4701 se
2983 4649 3179 4702 statuis
3236 4651 3434 4702 ittSct‘i-

1866 4749 2107 4806 pseraut,
2144 4740 2340 4808 quibus
2387 4750 2443 4793 et
2487 4738 2690 4793 cultum
2722 4740 2819 4793 soli
2857 4739 2964 4792 Deo
3000 4741 3240 4793 debitum
3275 4741 3433 4793 exhi-

1865 4831 2083 4893 hebant,
2146 4846 2240 4899 per
2292 4831 2443 4884 lsaim
2485 4831 2661 4899 magni
2728 4846 2917 4885 vocem
2953 4832 3208 4901 objurgat
3261 4832 3426 4893 Deus,

1866 4919 2094 4973 Cuinom
2154 4920 2493 4973 assimilauie
2559 4921 2764 4982 Deum,
2811 4922 3031 4984 dicens,
3101 4930 3151 4973 et
3220 4923 3431 4974 cuinam

1864 5013 2150 5064 simulat-ro
2181 5012 2406 5065 similem
2452 5012 2921 5080 e/I'ecistisiNum
2980 5015 3260 5082 imaginem
3314 5014 3429 5082 ejus

1866 5106 2018 5172 faciet
2046 5103 2269 5171 artifex,
2306 5114 2398 5157 aut
2446 5105 2595 5171 [alter
2645 5107 2899 5157 amarius
2945 5105 3067 5173 [uso
3110 5124 3241 5159 auro
3277 5108 3429 5160 illum

1866 5195 2231 5248 iuaurabit"?
2267 5214 2283 5247 ι
2315 5194 2381 5249 ΕΙ.
2414 5194 2717 5262 iustissime
2742 5197 2904 5266 119
2945 5198 3158 5265 quidem
3192 5199 3431 5253 minatur

1867 5287 2050 5340 illicita
2090 5288 2429 5343 audentibus.
2464 5288 2575 5341 Non
2605 5289 2749 5342 enim
2777 5291 2901 5343 licet
2931 5279 3247 5346 existimare
3274 5292 3432 5361 quid-

1865 5394 2027 5445 quam
2058 5393 2177 5431 esse
2214 5379 2267 5431 in
2302 5380 2530 5441 creatis.
2579 5381 2666 5433 cui
2720 5380 2859 5433 Dens
2914 5381 3028 5435 sive
3059 5392 3253 5436 natura
3315 5384 3433 5436 sive

1866 5470 2034 5537 gloria
2071 5471 2185 5524 sive
2212 5470 2419 5526 viribus
2447 5473 2560 5525 sive
2611 5489 2670 5526 re
2727 5473 2831 5526 alia
2892 5473 3085 5542 quavis
3137 5475 3433 5529 assimilart

1866 5571 2048 5627 queat.
2089 5560 2220 5614 Nam
2256 5562 2479 5631 gloriam
2509 5579 2702 5628 meam,
2738 5562 2933 5631 inquit,
2964 5563 3121 5619 alteri
3150 5582 3251 5619 non
3271 5564 3435 5628 dato.

1868 5669 2027 5722 neque
2076 5656 2291 5706 virtutes
2349 5670 2491 5708 mea:
2532 5654 2948 5723 sculptilibus”.
3003 5656 3214 5724 Quibus
3287 5655 3434 5714 enim

1862 5806 1905 5838 ⁸³
1938 5805 2006 5860 is.
2039 5822 2178 5873 χιι-ι,
2210 5807 2260 5863 5.
2338 5809 2383 5841 ⁹⁰
2416 5808 2518 5863 lsa.
2558 5825 2690 5879 χιιι,
2724 5812 2773 5866 8.
