4220 6442
774 367 882 436 659

1812 376 1870 433 ς.
1916 374 2331 433 NICEPHORI
2372 373 2875 434 PATRIARCHIE
2912 376 3017 434 (ΓΡ.

3927 368 4043 437 460

778 488 967 542 similis
996 502 1115 568 esse
1147 499 1305 557 queat
1337 490 1381 543 is
1400 490 1490 557 qui
1525 488 1775 543 omnibus
1804 501 1888 543 est
1916 490 2224 555 invisibilis,
2257 506 2347 543 su-

2453 488 2585 556 γοῦν
2616 489 3087 558 ἁπεικασθὴσεται
3109 505 3121 518 ’
3167 489 3288 556 Τὴν
3312 490 3420 559 γὰρ
3455 489 3643 553 δόξαν
3671 506 3809 558 μου.
3841 492 4040 559 φησίν.

772 591 976 647 [araque
1037 593 1252 632 onmem
1312 588 1546 632 mentem
1627 587 1682 633 et
1756 580 2342 647 comprehensionem?

775 669 1107 735 Quibusnam
1148 669 1455 724 simulacris
1487 670 1831 735 manufactis,
1864 672 2101 724 lmmauo
2127 670 2341 737 ingenio

772 761 1110 828 at-tificioqne
1138 760 1435 815 elaboratis
1460 761 1911 830 comparabitur?

772 857 926 909 Τίσιν
965 855 1277 925 όμοιὼμασι
1318 856 1760 925 χειροτεύκτοις,
1828 856 2189 926 ἀνθρωπίνοις
2230 856 2526 923 σοφίσμασι
2575 856 2668 907 καὶ
2732 854 3195 924 φιλοτεχνήμασιν
3268 856 3858 924 ὲκμεμηχανημένοις,

774 948 1169 1017 ραϐληθήσεται
1192 962 1206 1009 ;

842 1040 1183 1094 Christianos
1203 1040 1384 1109 itaque
1411 1040 1522 1093 haec
1544 1041 1799 1106 scientes,
1820 1049 1874 1095 et
1893 1043 1944 1094 in
1969 1041 2164 1094 divinis
2185 1042 2344 1094 rebus

769 1132 908 1185 bene
937 1129 1198 1194 eruditos,
1225 1146 1519 1199 sanamque
1548 1133 1821 1185 notionem
1859 1147 2072 1185 arcanze
2097 1131 2341 1184 ineffabi-

773 1223 943 1289 lisque
976 1229 1183 1275 natura:
1222 1223 1506 1285 habentes,
1538 1237 1697 1277 nemo
1744 1223 1843 1275 nisi
1881 1221 2118 1277 furiosus
2150 1222 2343 1277 existi-

775 1325 921 1363 mare
947 1311 1141 1377 poterit
1168 1310 1361 1362 divinae
1382 1318 1583 1363 naturae
1609 1311 1897 1379 imaginem
1923 1310 2057 1365 velle
2086 1311 2338 1379 tigurarc.

772 1398 940 1453 Vobis
972 1400 1137 1469 igitur
1166 1400 1561 1454 incredulitatis
1600 1402 1833 1468 novique
1860 1400 2126 1454 Judaismi
2154 1400 2340 1455 defett~

772 1493 1008 1548 aeribus.
1043 1494 1203 1546 verba
1263 1491 1425 1545 Deum
1461 1492 1676 1560 quidem
1733 1509 1880 1546 nemo
1934 1494 2063 1546 vidit
2110 1510 2342 1561 unquam

771 1595 985 1649 semper
1036 1581 1089 1632 in
1149 1594 1244 1632 ore
1296 1590 1661 1648 promptuque
1717 1590 1865 1633 sunt.
1929 1579 2103 1633 Verba
2162 1591 2341 1634 tamen

770 1670 998 1722 ﬁdimus
1027 1667 1343 1728 Dominum;
1388 1679 1466 1731 et,
1525 1686 1641 1720 cum
1690 1669 1783 1721 illo
1829 1670 2260 1723 manducavimux
2296 1688 2356 1724 ac

772 1758 1083 1822 bibimus",
1114 1769 1168 1811 et
1213 1772 1556 1828 qumcunque
1605 1758 1705 1811 alia
1743 1774 1969 1813 summa:
2018 1762 2352 1815 condescen-

2450 578 2628 643 ἑτέρῳ
2664 580 2734 631 οὐ
2783 577 2976 639 δώσω,
3017 577 3160 630 οὐδὲ
3192 578 3296 643 τὰς
3327 578 3542 646 ἀρετάς
3585 597 3702 646 μου
3733 578 3857 644 τοῖς
3888 581 4041 645 γλυ-

2455 669 2648 731 πτοῖς.
2709 668 2828 720 Τίνι
2869 668 2979 737 γὰρ
3011 667 3350 732 προσεοικὼς
3381 669 3467 736 εἴη
3497 669 3525 719 ό
3570 670 3734 719 πᾶσιν
3780 667 4036 728 ἀθέατος,

2452 759 2653 823 παντός
2693 776 2754 811 τε
2792 758 2882 810 νοῦ
2922 760 3015 811 καὶ
3042 760 3225 827 πάσης
3268 760 3599 827 ὑπερέκεινα
3642 759 4038 827 καταλήψεως

3928 870 4039 904 πι-

2523 1036 2887 1104 Χριστιανοῦς
2920 1035 3050 1101 γοῦν
3096 1034 3270 1088 ταῦτα
3303 1035 3513 1098 εἰδότας
3534 1078 3550 1101 ,
3586 1038 3938 1107 ἐρρωμένους
3970 1057 4035 1090 τε

2412 1122 2415 1125 λ
2452 1127 2578 1195 περὶ
2607 1126 2672 1177 τὰ
2705 1124 2844 1187 θεῖα,
2882 1125 2977 1176 καὶ
3003 1127 3131 1192 ὑγιᾶ
3163 1125 3260 1194 τὴν
3284 1126 3538 1195 διάληψιν
3573 1131 3701 1198 περὶ
3730 1129 3829 1199 τὴν
3858 1131 4041 1200 ἀπᾰρ-

2453 1220 2614 1286 ῥητον
2644 1202 2738 1267 καί
2774 1216 3152 1285 ἀνέκφραστον
3188 1216 3351 1285 φύσιν
3392 1219 3791 1290 κεκτημένους,
3832 1237 4033 1287 μαινο-

2453 1309 2631 1378 μένων
2653 1309 2800 1359 ὲστὶν
2823 1308 3107 1376 εἰκόνισμα
3128 1306 3280 1369 Θείας
3303 1306 3519 1375 φύσεως
3542 1309 3874 1377 γράφεσθαι·
3904 1311 4040 1378 ὑμῖν

2455 1398 2552 1467 μὲν
2574 1394 2667 1450 οὖν
2696 1401 2807 1461 τοῖς
2839 1399 2940 1464 τῆς
2973 1398 3231 1462 ἀπιστίας
3256 1401 3350 1451 καὶ
3380 1400 3472 1451 τοῦ
3527 1401 3650 1453 νέου
3694 1400 4038 1470 Ἰουδαῐσμοῦ

2452 1488 2825 1550 ὑπασπισταῖς
2843 1488 2902 1540 τὸ
2922 1490 3044 1558 μὲν,
3066 1490 3214 1543 Θεὸν
3228 1490 3426 1556 οὐδεὶς
3442 1492 3659 1559 ἑάψακε
3674 1493 4040 1557 τιὼποτε,διά

2451 1577 2703 1648 γλώσσης
2727 1582 2818 1631 καὶ
2840 1581 3263 1650 προχειρότατον
3280 1598 3294 1611 ·
3331 1583 3389 1633 τὸ
3418 1582 3497 1647 δὲ,
3516 1582 3895 1652 Ἑωράκαμεν
3928 1585 4039 1636 τεν

2464 1671 2712 1737 Κύριον,
2750 1671 2844 1722 καὶ
2894 1669 2981 1723 ὅτι
3040 1671 3463 1740 συνεφάγομεν
3512 1675 3607 1725 καὶ
3661 1674 4040 1741 συνεπίομεν

2463 1757 2649 1825 αὐτῷ,
2702 1759 2797 1812 καὶ⁵
2847 1759 3018 1812 τᾶλλα
3068 1761 3170 1812 ὅσα
3202 1760 3302 1829 τῆς
3337 1762 3510 1830 ἄκρας
3566 1762 4039 1827 συγκαταϐἀσεως

772 1848 941 1901 sienis
1004 1846 1219 1915 propria
1277 1846 1431 1899 nobis
1478 1854 1605 1900 sunt
1668 1847 2001 1915 praedicata,
2043 1864 2163 1902 cum
2199 1849 2351 1904 vobis

2454 1850 2584 1918 ἡμῖν
2628 1851 3007 1919 κεκήρυκται,
3060 1851 3326 1917 λεγόντων
3378 1851 3599 1904 ἀκούειν
3643 1852 3679 1921 ἢ
3715 1853 4031 1912 πιστεύειν,

774 1940 1089 2003 recitantur,
1117 1938 1305 1991 audire
1344 1938 1530 2006 eisque
1556 1939 1783 1993 credere
1824 1939 1975 1994 nullo
2010 1943 2171 1994 modo
2205 1943 2345 2010 pati-

768 2031 928 2094 mini,
960 2030 1053 2082 sed
1085 2030 1159 2083 uti
1218 2029 1563 2099 pcregrinam
1617 2029 1989 2101 absonamque
2036 2045 2224 2086 vocem
2260 2046 2348 2086 re-

771 2119 989 2188 pellitis.
1011 2119 1115 2173 Sed
1147 2119 1192 2175 si
1222 2119 1345 2173 licet
1374 2121 1729 2190 interrogare,
1767 2137 2107 2191 responsum,
2145 2139 2347 2192 quaeso,

773 2212 1001 2264 reddite.
1033 2208 1262 2265 Ubinam
1286 2212 1438 2264 vobis
1464 2212 1822 2265 constitutum
1859 2211 1980 2276 fuit,
2001 2212 2115 2266 sive
2147 2229 2175 2266 a
2205 2213 2350 2285 lega-

770 2302 912 2352 libus
972 2299 1275 2366 praaceptis,
1333 2299 1447 2352 sive
1497 2316 1523 2349 ιι
1568 2299 1816 2353 doctrina
1872 2299 2208 2369 evangelica,
2262 2299 2345 2355 vel

774 2392 1067 2460 apostolico
1110 2389 1444 2459 magisterio,
1502 2390 2034 2460 incircumscriptum
2091 2390 2345 2445 confiteri

769 2484 1072 2547 Christum,
1115 2493 1387 2549 quatenus
1443 2482 1694 2549 apparuit
1773 2482 1912 2549 apud
1974 2496 2074 2535 nos
2144 2482 2349 2535 homo?

770 2587 951 2639 neque
985 2586 1147 2639 porro
1179 2570 1359 2625 facere
1393 2570 1681 2638 imaginem
1711 2570 1831 2639 ejus
1872 2585 2047 2639 neque
2073 2572 2346 2638 venerari,

774 2663 933 2716 sicuti
985 2677 1128 2715 nunc
1194 2661 1604 2730 dogmatizatis?
1658 2660 1911 2716 Profecto
1971 2662 2022 2715 id
2077 2661 2348 2717 allirmare

771 2771 881 2807 non
914 2753 1186 2823 poteritis,
1224 2767 1396 2821 neque
1428 2752 1535 2805 ullo
1566 2764 1886 2821 argumento
1942 2754 2343 2819 demonstrare;

773 2849 845 2900 ita
875 2858 929 2900 ut
964 2861 1083 2916 quin
1118 2860 1212 2900 vos
1262 2845 1459 2913 premit
1508 2857 1950 2913 argumentorum
2004 2845 2253 2913 penuria,
2292 2845 2343 2898 itt

772 2936 1010 2991 victoria:
1043 2946 1243 2989 nostra:
1296 2934 1686 2988 abundantiam
1726 2936 1903 2988 cedat.
1958 2933 2181 2989 Etiamsi
2216 2950 2346 3005 ergo

781 3024 937 3080 vobis
971 3040 1074 3077 non
1107 3032 1386 3077 constaret
1421 3022 1702 3076 catholicae
1733 3032 1787 3077 et
1820 3024 2127 3091 apostolica:
2165 3024 2348 3078 Eccle-

2451 1941 2560 1994 οὐδ’
2608 1941 2858 1994 ὁπωσοῦν
2900 1942 3193 2011 ἀνέχεσθε,
3227 1942 3302 2005 ὼς
3334 1943 3626 2011 ἀλλοτρίαν
3671 1943 3727 1994 δὲ
3783 1946 3879 1996 καὶ
3927 1946 4039 1997 ἀπ-

2454 2032 2767 2103 ηχεστάτην
2784 2034 2913 2101 ὑμῖν
2930 2033 3028 2104 τὴν
3050 2034 3233 2103 φωνὴν
3251 2033 3635 2087 ἀπαναίνεσθε·
3661 2035 3772 2086 ἀλλ’
3785 2036 3835 2086 εἰ
3856 2034 4039 2099 ἔξεστι

2452 2123 2721 2176 πυθέσθαι
2766 2123 2858 2176 καὶ
2898 2125 3080 2192 ἡμᾶς,
3143 2124 3548 2194 ἀποκρίνασθεο
3607 2123 3713 2176 ποῦ
3748 2126 3878 2194 ὺμίν
3941 2125 4039 2175 καὶ

2452 2215 2614 2267 πόθεν
2645 2214 3098 2285 νενομοθέτηται,
3128 2215 3192 2267 ἐκ
3218 2233 3277 2268 τε
3309 2216 3552 2286 νομικῶν
3608 2216 3984 2282 θεσπισμάτω
4028 2259 4038 2276 ,

2451 2308 2827 2376 εὑαγγελικῶν
2866 2324 2923 2359 τε
2964 2308 3361 2378 κηρυγμάτων,
3396 2309 3429 2378 ἢ
3465 2307 3843 2360 ἀποστολικῶν
3882 2308 4036 2361 διδα-

2451 2400 2699 2468 γμὰτων,
2730 2402 2832 2453 ἀπε
2843 2399 3144 2469 ρίγραπτον
3167 2399 3453 2469 ὁμολογεῖν
3479 2398 3570 2451 τὸν
3597 2400 3641 2452 Χ
3651 2400 3860 2470 ριστὸν,
3896 2400 4039 2453 καθὸ

2451 2491 2836 2561 πεφανέρωται
2857 2489 2978 2542 καθ’
2998 2491 3142 2559 ἡμᾶς
3160 2489 3478 2559 ἀνθρωποςς
3503 2477 3644 2560 μήτε
3670 2494 3865 2555 ποιεῖν,
3893 2494 4035 2562 ﬁt;

2453 2582 2563 2651 μὴν
2597 2581 2889 2650 γινομένην
2935 2580 3119 2632 εἰκόνα
3162 2579 3327 2633 αὑτοῦ
3378 2584 3728 2652 προσκυνεῖν,
3774 2581 4035 2649 καθάπερ

2450 2671 2545 2724 νῦν
2570 2671 2959 2740 δογματίζετες
2996 2671 3132 2724 ἀλλά
3170 2670 3327 2723 τοῦτο
3373 2672 3474 2723 οὑκ
3514 2672 3578 2724 ἂν
3608 2674 3793 2735 εἰπεῖν,
3820 2672 4031 2740 ἔχοιτε·

2449 2761 2685 2831 οὐδαμοῦ
2720 2761 2828 2829 γάρ
2858 2762 2986 2829 ὑμῖν
3036 2759 3273 2814 ἐνταῦθα
3305 2760 3691 2831 δειχθήσεται·
3745 2761 3886 2815 ὥστε
3936 2764 4037 2831 τὴν

2450 2852 2960 2921 περιστοιχίζουσαν
3005 2850 3148 2919 ὑμᾶς
3202 2850 3460 2919 ἀπορίαν,
3508 2851 3609 2919 τῆς
3636 2853 3918 2921 ἡμετέρας
3952 2855 4035 2905 νί-

2450 2960 2551 3013 κης
2575 2941 2817 3009 γίνεσθαι
2865 2940 3183 3008 περιουσίαν
3212 2955 3225 2967 ο
3262 2940 3309 2991 εἰ
3346 2940 3445 3008 μὲν
3473 2936 3569 2993 οὖν
3619 2943 3693 3010 μὴ
3737 2941 4038 3012 προῦκειτο

2449 3034 2577 3102 ὑμῖν
2666 3031 2767 3099 τῆς
2809 3029 3107 3099 καθολικῆς
3142 3030 3236 3080 καὶ
3279 3029 3651 3099 ἀποστολικῆς
3696 3032 4037 3101 Ἐκκλησία;

770 3117 863 3170 sia:
896 3115 1195 3182 antiquitus
1225 3122 1279 3166 et
1310 3114 1376 3167 ab
1420 3113 1583 3176 initio
1620 3124 1875 3168 constans
1918 3115 2155 3180 traditio,
2202 3116 2345 3183 quod

2454 3122 2659 3176 ἄνωθεν
2686 3122 2789 3173 καὶ.
2843 3120 2903 3183 ἐξ
2953 3120 3129 3189 ἀρχῆς
3195 3123 3572 3188 κεκρατηκυῖα
3624 3121 3951 3191 παράδοσις,
4008 3126 4037 3174 ὂ

766 3215 855 3261 est
879 3207 1120 3260 omnium
1160 3204 1552 3259 validiSsimum
1582 3218 1959 3274 argumentum
1989 3217 2153 3275 atque
2191 3206 2345 3260 tutis-

742 3299 998 3361 simum,
1033 3311 1132 3351 nec
1158 3311 1264 3351 non
1300 3295 1612 3365 apostolicae
1651 3308 1705 3350 et
1739 3298 1960 3352 Patrum
2008 3312 2191 3361 voces,
2231 3312 2351 3365 qua:

774 3387 1008 3441 retinere
1034 3386 1351 3440 traditiones
1373 3383 1589 3455 jubent,
1623 3386 1739 3441 sive
1767 3389 1996 3456 scriptas
2024 3390 2141 3440 sive
2166 3402 2344 3449 secus,

773 3480 897 3547 quia
928 3493 1025 3548 par
1073 3478 1125 3532 in
1177 3486 1407 3548 utroque
1465 3492 1664 3550 genere
1706 3479 2058 3534 traditionum
2112 3481 2191 3534 vis
2224 3495 2348 3548 spe—

772 3581 984 3637 ctatur,
1030 3580 1270 3625 attamen
1301 3576 1364 3625 de
1398 3573 1606 3626 duobus
1639 3572 1906 3642 ambiguis
1951 3572 2079 3627 illud
2128 3573 2350 3628 omnino

776 3662 1066 3730 praevalere
1110 3662 1332 3717 deberet
1409 3664 1552 3732 quod
1608 3663 1914 3731 religiosius
1970 3672 2074 3728 est,
2118 3674 2172 3717 et
2228 3663 2347 3717 ﬁdei

775 3765 940 3824 atque
972 3754 1142 3808 amori
1171 3770 1298 3825 erga
1348 3754 1627 3810 Christum
1683 3756 2058 3824 propinquius,
2099 3754 2351 3823 quodque

774 3845 1011 3913 optimus
1042 3844 1213 3907 zelus,
1242 3843 1559 3913 fervensque
1589 3829 1811 3899 allectus
1842 3834 2089 3911 inSpirat.
2119 3845 2271 3910 Quod
2304 3844 2348 3898 si

776 3936 1051 4003 utrimque
1098 3934 1441 4004 praestantior
1488 3934 1790 4003 meliorque
1837 3936 1974 3988 ratio
2005 3950 2102 4003 pro
2141 3933 2346 3988 Christi

775 4026 1013 4081 Ecclesia
1047 4036 1175 4090 stat,
1214 4041 1312 4079 nos
1341 4026 1527 4095 utique
1562 4024 1720 4095 longo
1750 4026 2035 4080 intervallo
2067 4026 2348 4079 victoriam

776 4118 1095 4172 referemus;
1120 4114 1385 4183 Quoniam
1413 4116 1593 4185 itaque
1617 4115 1947 4185 impossibile
1978 4124 2062 4170 est
2083 4128 2353 4185 supraque

774 4211 939 4275 vires,
972 4210 1137 4264 Deum
1168 4216 1349 4263 mente
1380 4208 1887 4279 comprehendere;
1914 4217 2063 4264 certe
2095 4206 2350 4276 figurare,

773 4318 936 4371 supra
963 4315 1181 4356 omnem
1231 4310 1401 4355 artem
1430 4308 1514 4355 est
1561 4280 1723 4370 atque
1768 4302 1902 4355 adeo
1941 4299 2349 4370 impossibilius,

774 4394 899 4464 quia
924 4404 1170 4448 naturam
1191 4392 1493 4447 assimilare
1512 4390 1603 4447 Dei
1623 4402 1819 4463 praeter
1843 4402 2087 4447 naturam
2106 4401 2208 4455 est,
2228 4405 2351 4447 cmn

2452 3212 2671 3265 πάντων
2720 3212 2836 3262 ἐστὶ⁸
2880 3210 2939 3261 τὸ
2983 3211 3337 3279 ἰσχυρότατον
3364 3210 3456 3262 καὶ
3496 3211 3939 3279 ἀσφαλέστατον,
3977 3215 4038 3265 αἰ

2450 3319 2510 3353 ¹τε
2552 3300 2911 3354 ἀποστολικα“ι
2950 3300 3042 3351 καὶ
3085 3301 3366 3368 Πατρικαὶ
3398 3302 3683 3367 φωναὶ,ἀῖ
3708 3302 3771 3372 δὴ
3804 3308 4037 3373 κρατεῖν

2451 3390 2597 3459 ἡμᾶς
2642 3391 2744 3452 τὰς
2791 3390 3150 3457 παραδόσεις,
3200 3391 3321 3464 ὅσατι
3359 3407 3418 3442 τε
3473 3392 3745 3462 ἔγγραφοι
3800 3394 3930 3448 ὅσαι¹
3971 3412 4032 3447 τε

2450 3485 2691 3553 ἄγραφοι
2724 3481 3150 3544 διακελεύονται,
3182 3476 3271 3533 οἷα
3302 3482 3390 3535 ἐπ’
3417 3486 3760 3553 ἀμφοτέραις
3786 3486 3891 3555 τὴν
3931 3489 4036 3539 αὑ-

2450 3575 2549 3645 τὴν
2581 3572 2905 3644 θεωρεῖσθαι
2930 3571 3182 3642 δύναμιν.
3220 3573 3292 3624 Τὸ
3333 3572 3465 3640 γοῦν
3499 3575 3893 3645 εὐσεϐέστερον
3922 3579 4036 3630 τῶν

2451 3669 2509 3719 ὲν
2561 3666 2885 3735 ἀμφιϐόλοις
2928 3664 3198 3734 κειμένων
3250 3666 3517 3736 κρατήσει
3571 3667 3812 3730 πάντως,
3848 3671 4039 3723 καὶτὸ

2450 3758 2819 3829 διαφερόντως
2847 3758 2925 3818 εἰς
2952 3755 3134 3809 πίστιν
3160 3756 3253 3810 καὶ
3278 3756 3499 3826 ἀγάπην
3531 3757 3630 3828 τὴν
3659 3760 3740 3823 εἰς
3769 3760 4035 3829 Χριστὸν,

2451 3852 2518 3920 ἢν
2549 3849 2713 3918 ζῆλος
2757 3848 2941 3911 ἔνθεος
2982 3850 3077 3901 καὶ⁵
3119 3849 3283 3911 πόθος
3318 3834 3520 3919 θερμὸς
3569 3852 3894 3922 παρίστησι,
3933 3856 4037 3924 τὴν

2452 3944 2725 3997 οἰκείωσιν
2772 3941 3218 4010 ἐνδεικνύμενον·
3275 3941 3323 3993 ει
3356 3940 3412 3993 δὲ
3444 3942 3564 3995 κατ’
3589 3942 3756 4013 ἄμφω
3790 3945 3851 3997 τὸ
3896 3950 4039 4016 κρα-

2452 4055 2543 4100 τος
2588 4040 2654 4108 τῇ
2703 4034 2998 4105 Ἐκκλησία
3044 4033 3284 4105 Χριστοῦ
3333 4035 3429 4087 καὶ
3476 4035 3536 4087 τὸ
3569 4035 3855 4103 εὐδόκιμον
3887 4039 4039 4107 πάρ-

2454 4145 2621 4193 εστιν,
2650 4129 2781 4198 ἡμῖν
2816 4127 2924 4198 ἄρα
2954 4128 3054 4198 τὴν
3078 4125 3317 4178 νικῶσαν
3348 4126 3412 4178 ὲκ
3444 4123 3643 4178 πολλοῦ
3673 4125 3767 4177 τοῦ
3798 4128 4029 4197 περιόν-

2453 4237 2543 4283 τος
2579 4218 2903 4274 ἀποίσεσθαι
2941 4218 3305 4288 περιέστηκεν
3332 4229 3346 4246 ·
3402 4216 3525 4268 ἐπεὶ
3573 4208 3666 4270 οὖν
3696 4217 3889 4286 νοῆσαι
3930 4220 4036 4288 μὲν

2458 4311 2593 4364 Θεὸν
2625 4311 2805 4378 πάντη
2829 4308 3089 4363 ἀδύνατον
3123 4311 3216 4361 καὶ
3235 4306 3640 4379 ἀνεγχώρητον,
3669 4308 3936 4361 εἰκονίσαι
3982 4310 4040 4361 ἑὲ

2454 4399 2853 4472 ἀμήχανονέτι
2896 4401 2990 4451 καὶ
3036 4398 3468 4468 ἀδυνατώτερον,
3517 4397 3678 4449 όπότε
3707 4397 3829 4450 οὑδέ
3872 4398 4041 4465 φύσιν

773 4485 985 4554 species
1014 4485 1297 4550 formaque
1322 4482 1464 4536 nulla
1514 4483 1707 4536 subsit.
1731 4481 1945 4536 Etenim
1989 4482 2054 4535 ad
2076 4482 2349 4551 quodnam

2457 4492 2592 4547 Θεοῦ
2626 4492 2866 4562 ὁμοιοῦν,
2908 4491 3071 4560 φύσιν
3099 4489 3223 4560 ἔχον
3260 4490 3432 4552 ἐστὶν,
3466 4489 3637 4551 εἴδους
3662 4506 3723 4541 τε
3759 4490 3853 4543 καὶ
3902 4508 4043 4560 μορ-

774 4580 1055 4647 exemplar
1084 4587 1337 4645 spectans
1375 4573 1571 4629 artifex
1605 4575 1897 4646 imaginem
1928 4573 2170 4629 faceret?
2200 4572 2352 4626 Nunc

776 4687 905 4726 vero
924 4672 1047 4741 quia
1065 4668 1233 4723 Deum
1253 4668 1469 4738 proprie
1481 4682 1712 4737 vereque
1728 4676 2069 4737 corporatum
2084 4665 2351 4729 novimus,

775 4772 981 4832 prostat
1003 4762 1089 4829 pie
1105 4760 1413 4814 volentibus
1435 4760 1499 4813 ad
1522 4758 1819 4813 faciendam
1842 4759 2129 4830 imaginem
2153 4772 2213 4812 ea
2232 4772 2354 4826 spe-

784 4856 920 4920 cies,
958 4855 1025 4909 ad
1071 4867 1234 4921 quam
1284 4852 1446 4915 Deus,
1475 4853 1613 4905 servi
1650 4850 1817 4905 forma
1851 4861 2145 4920 assumpta,
2180 4861 2354 4904 semet

777 4947 1053 5016 tiguravit.
1081 4942 1217 4997 Nam
1250 4944 1294 4997 si
1351 4944 1495 5011 quod
1542 4952 1625 4995 est
1663 4941 1933 4995 invisibile
1978 4951 2033 4996 et
2068 4954 2191 4995 vere
2236 4940 2354 4995 sine

776 5041 976 5104 forma,
1002 5044 1189 5105 utpote
1217 5034 1787 5103 incomprehensibile,
1807 5034 1935 5087 nulli
1970 5034 2044 5088 rei
2069 5043 2151 5087 est
2178 5032 2356 5087 simile

776 5128 1035 5198 pingique
1086 5128 1305 5195 nequit;
1350 5124 1662 5179 necessario
1697 5123 1959 5192 quidquid
2005 5135 2088 5178 cst
2132 5124 2347 5179 confor-

775 5232 980 5278 matum
1021 5231 1077 5277 et
1110 5220 1344 5285 visibile,
1404 5227 1590 5288 utpote
1640 5218 2154 5286 comprehensibile,
2190 5217 2347 5273 fateri

773 5322 992 5386 oportet
1049 5311 1312 5368 delineari
1372 5323 1531 5380 posse
1592 5318 1648 5363 et
1720 5308 2039 5375 assimilari;
2108 5310 2246 5379 quod
2297 5320 2354 5363 ut

774 5409 1096 5478 ﬁguremus,
1135 5420 1239 5459 non
1268 5412 1352 5458 est
1382 5403 1537 5456 nobis
1568 5416 1703 5469 opus
1738 5400 2013 5455 mandato.
2057 5399 2170 5455 Non
2209 5403 2351 5456 enim

775 5511 860 5556 est
895 5503 999 5555 hoc
1040 5500 1091 5553 in
1120 5511 1268 5552 more
1298 5495 1561 5557 ﬁdelium,
1597 5503 1654 5545 ut
1704 5491 1839 5546 nihil
1886 5493 1986 5548 nisi
2030 5494 2350 5563 imperatum

776 5591 1003 5645 faciant.
1025 5588 1210 5645 Solent
1244 5586 1425 5657 potius
1449 5582 1705 5639 nonnulla
1730 5593 1922 5652 sponte
1949 5585 2047 5654 ipsi
2080 5586 2349 5649 conferre,

844 5771 887 5803 ⁶¹
922 5769 1083 5826 Joan.
1121 5779 1209 5832 xx,
1256 5765 1348 5833 18;
1383 5767 1504 5819 Act.
1536 5780 1589 5829 χ,
1626 5762 1716 5817 ll.

2459 4588 2563 4655 φῆς
2610 4584 2855 4654 ὑπούσης
2917 4583 2992 4645 ὼς
3039 4582 3277 4652 ἥκιστα·
3324 4581 3461 4651 πρὸς
3489 4582 3597 4635 ὅτι
3641 4581 3752 4651 γάρ
3802 4598 3887 4643 τις
3944 4585 4042 4632 και

2458 4676 2770 4745 ἀποϐλέψας
2832 4675 3187 4745 παράδειγμα
3245 4673 3567 4743 όμοιώσειε;
3631 4672 3727 4726 νῦν
3792 4672 3851 4725 δὲ
3900 4672 4040 4725 Θεὸν

2462 4766 2865 4835 σωματωθέντα
2916 4764 3120 4833 κυρίως
3171 4762 3266 4815 καὶ
3312 4762 3532 4831 ἀληθῶς
3574 4763 3845 4830 ἔγνωμεν,
3900 4764 4043 4832 πρό-

2459 4876 2639 4911 κειται
2672 4861 2783 4919 τοῖς
2835 4857 3081 4909 εὑσεὸεῖν
3128 4854 3375 4908 ἐθέλουσι
3410 4854 3592 4925 μορφὴ
3622 4855 3706 4916 είς
3747 4854 4038 4923 ὁμοίωσιν,

2460 4950 2526 5020 ἦν
2588 4948 2959 5018 προσείληφεν
2988 4948 3017 4998 ό
3063 4946 3161 5015 τὴν
3204 4944 3299 4997 τοῦ
3340 4944 3529 4997 δούλου
3556 4944 3743 4997 εἰκόνα
3793 4944 4042 5013 μορφού-

2463 5056 2658 5110 μενοεο
2713 5041 2761 5091 εί
2814 5040 2923 5107 γὰρ
2973 5037 3033 5090 τὸ
3082 5035 3313 5088 ἀθέατον
3352 5036 3446 5088 καὶ
3488 5033 3736 5103 ἄμορφον
3765 5031 3845 5101 τῷ
3892 5034 4039 5093 ὄντι,

2459 5133 2533 5195 ὡς
2563 5132 2805 5201 ἄληπτον
2848 5128 3100 5197 ἀνόμοιόν
3142 5144 3202 5181 τε
3238 5126 3334 5181 καὶ
3375 5126 3678 5195 ἄγραπτον,
3726 5124 3946 5193 ἀνάγκη
3980 5126 4043 5178 τὸ

2464 5223 2752 5295 μορφωθέν
2785 5239 2843 5273 τε
2876 5222 2969 5273 καὶ
3009 5220 3221 5284 θεαθὲν,
3254 5220 3330 5282 ὡς
3369 5216 3718 5286 καταληφθὲν
3756 5216 4041 5286 ὁμολογεῖ-

2463 5317 2586 5369 σθαι
2615 5315 2863 5385 γραπτὸν
2886 5314 2980 5366 και
3004 5312 3381 5382 ὁμοιούμενον,
3413 5310 3440 5363 ὃ
3466 5309 3753 5372 εἰκονίξειν
3773 5309 3880 5361 οὑκ
3904 5311 4042 5361 ἀνα-

2460 5406 2691 5474 μένομεν
2724 5404 3020 5473 πρόσταξιν
3041 5418 3056 5433 ·
3094 5403 3154 5455 οὐ
3224 5402 3334 5469 γάρ
3361 5404 3475 5454 ἐστι
3504 5400 3663 5453 τοῦτο
3693 5403 3807 5472 τοῖς
3826 5406 4042 5464 πιστοῖς

2462 5498 2611 5559 ἴδιον,
2647 5497 2826 5548 πάντα
2864 5498 2928 5548 ἐκ
2960 5496 3383 5565 προστάγματος
3438 5492 3727 5562 πράττειν·
3782 5491 3898 5544 ἐστι
3930 5493 4045 5561 γὰρ

2461 5586 2495 5639 ἂ
2534 5588 2625 5639 καὶ
2674 5586 2802 5658 παρ’
2849 5588 3064 5649 ἑαυτοῖς
3111 5584 3507 5655 συνεισφέρειν,
3540 5582 3640 5635 ὅσα
3679 5583 3793 5646 τοῖς
3840 5582 4049 5654 θερμο-
