4220 6442
200 370 309 438 465

955 378 1498 440 iTIRRHETlCUS
1539 378 1632 438 ΠΙ
1670 376 1840 438 ADV.
1880 376 2475 438 CONSTANTINUM
2515 376 2728 439 COPR.

3352 380 3457 445 406

210 492 487 561 φωμάτων
524 494 725 556 σκοπὸς
756 495 855 563 οὐχ
893 495 1069 559 οὓτως
1109 494 1255 565 ἔχει’
1300 494 1493 559 πόθενς
1546 493 1686 548 ἀλλὰ
1710 493 1777 546 δι’

1893 494 2298 562 tri-hetyporum
2345 502 2660 548 sanctormu
2709 494 2990 563 refricem,
3038 510 3137 551 ceu
3170 512 3324 551 sacra
3355 515 3458 552 una

202 584 339 636 αὐτὸ
370 582 431 636 τὸ
468 582 601 650 ἅγια
634 578 797 647 εἶναι,
832 585 927 638 καὶ
959 586 1038 648 εἰς
1067 587 1291 655 μνήμην
1314 584 1423 637 τῶν
1449 583 1778 654 ἀρχετύπων

205 677 456 745 προϊέναι
508 677 702 744 ἁγίων,
753 679 828 739 ὡς
882 677 1003 747 ἱερά
1053 679 1164 739 τοῖς
1197 678 1363 748 ἱεροῖς
1419 693 1778 747 συμπροσκυ-

210 768 451 831 νοῦνται,
488 769 581 821 καὶ
624 769 684 820 οὐ
721 770 819 822 σὺν
853 770 1036 831 αὐτοῖς
1086 770 1271 837 μόνον,
1319 768 1453 821 ἀλλὰ
1483 768 1576 820 καὶ
1625 766 1781 830 ὲκτδς

207 860 317 913 τῶν
347 859 522 926 ἁγίων
552 859 717 912 οἴκων
753 860 1158 930 τιμηθήσονται
1179 878 1191 891 ·
1225 862 1288 913 σὺ
1321 859 1377 912 δὲ
1408 859 1501 912 τοῦ
1533 860 1632 929 μὲν
1653 859 1778 912 ὖνου

206 953 302 1003 καὶ
330 951 425 1003 τοῦ
456 952 616 1014 κυνὸς
647 952 741 1005 καὶ
767 952 860 1004 τοῦ
896 953 1081 1023 χοίρου
1105 954 1170 1005 ’ἐν
1198 951 1275 1021 τῷ
1300 952 1431 1021 ἱερῷ
1458 952 1781 1023 προσκυνῶν

204 1039 306 1101 τὰς
333 1039 568 1103 εἰκόνας,
601 1040 662 1092 οὐ
693 1040 1089 1111 δυσχεραίνεις,
1116 1042 1214 1112 τὴν
1246 1042 1303 1093 δὲ
1334 1041 1569 1111 Χριστοῦ
1596 1042 1783 1096 εἰκόνα

205 1130 362 1198 αὐτῷ
406 1131 536 1200 ἰερῷ
585 1136 993 1202 καταπιμπρῶν
1022 1134 1301 1205 γέγηθας;
1329 1135 1425 1187 καὶ
1454 1133 1516 1186 οὐ
1538 1134 1783 1203 φρίττεις

205 1220 436 1273 τοιαῦτα
482 1220 719 1291 τολμῶν,
777 1224 995 1289 δεικνὺς
1047 1224 1240 1296 μάτην
1288 1224 1502 1295 σεαυτῷ
1538 1226 1599 1278 τὸ
1644 1224 1782 1294 Χρι-

206 1313 459 1379 στιανὸς
509 1315 835 1386 ἐπιγράφων
881 1318 1052 1387 ὄνομα
1068 1336 1082 1385 ;
1119 1319 1169 1370 τί
1214 1314 1308 1372 οὖν
1337 1320 1545 1372 εἷποιεν
1592 1319 1641 1370 ei
1685 1318 1784 1386 τὴν

207 1403 452 1457 διάνοιαν
499 1406 893 1477 λελωϐημένοι,
945 1411 1040 1463 καὶ
1092 1410 1190 1479 τὴν
1238 1409 1434 1480 νοεράν
1498 1410 1783 1481 ἐνέργειαν

209 1498 633 1565 πεπηρωμένοι,
664 1502 793 1571 περὶ
819 1500 928 1553 τῶν
969 1502 1029 1553 ἐν
1051 1504 1172 1564 ταῖς
1197 1504 1367 1571 ἱεραῖς
1400 1494 1665 1570 κιγκλίσιν
1689 1502 1783 1553 καὶ

207 1590 329 1648 ταῖς
358 1588 725 1658 καλουμέναις
746 1592 996 1656 σωλὲαις,
1024 1593 1132 1645 τῶν
1160 1609 1218 1645 τε
1251 1597 1309 1645 ἐν
1336 1596 1448 1657 τοῖς
1501 1592 1645 1646 κίοσι
1689 1593 1784 1645 καὶ

210 1678 455 1731 πυλῶσιν
488 1683 692 1745 αὐτοῖς,
725 1682 833 1735 τῶν
863 1701 921 1736 τε
950 1685 1055 1755 πρὸ
1082 1685 1177 1737 τοῦ
1206 1684 1353 1737 θείου
1387 1684 1780 1754 θυσιαστηρίου

208 1770 552 1841 ἰδρυμένων;
582 1769 688 1842 ἄρα
717 1775 924 1844 κόσμου
949 1777 1045 1829 καὶ
1068 1777 1399 1846 εὐπρεπείας
1426 1777 1587 1846 χάριν
1610 1776 1785 1830 ταῦτα

1884 600 2009 638 cum
2058 583 2230 637 sacris
2261 584 2585 647 adorantur;
2627 600 2802 654 neque
2848 601 2972 641 cum
3023 587 3159 656 ipsis
3208 596 3449 641 tantum-

1890 675 2069 739 modo,
2106 689 2295 729 verum
2338 676 2502 729 etiam
2533 686 2690 730 extra
2740 689 2961 731 sanctas
2994 680 3141 733 :edes
3172 677 3225 732 iu
3253 679 3460 732 laniare

1886 776 2065 822 erunt.
2099 764 2178 819 Tu
2211 780 2341 820 vero
2370 766 2509 820 asini
2537 776 2589 821 et
2618 768 2772 823 cauis
2796 777 2852 822 et
2880 770 2994 823 suis
3018 770 3073 824 in
3106 770 3307 838 templo
3330 770 3456 823 ado-

1891 873 2018 911 rans
2071 857 2354 925 imagines,
2411 873 2516 911 non
2567 861 2960 924 stomacharis;
3010 860 3216 917 Christi
3277 873 3461 918 autem

1888 950 2181 1019 imaginem
2206 963 2310 1002 una
2329 963 2452 1003 cum
2480 950 2678 1019 templo
2706 955 3036 1008 comburere
3058 954 3268 1022 gestis?
3286 969 3464 1022 neque

1891 1043 2032 1097 hanc
2084 1044 2368 1097 audaciam
2416 1045 2837 1113 perhorrescis,
2871 1060 2979 1112 qua
3017 1046 3366 1100 demonstras
3414 1054 3464 1099 te

1892 1150 2086 1189 nomen
2128 1134 2223 1188 tibi
2251 1134 2548 1189 Christiani
2582 1134 2784 1189 frustra
2818 1135 3137 1205 imponere?
3169 1135 3311 1203 Quid
3334 1150 3481 1205 ergo.

1892 1226 2074 1280 dicent
2099 1226 2152 1279 hi
2191 1236 2368 1280 mente
2410 1226 2579 1296 capti,
2610 1234 2665 1281 et
2696 1226 3046 1282 iutellectuali
3078 1228 3337 1283 facultate
3368 1244 3464 1280 or-

1891 1316 2024 1381 bati,
2080 1318 2148 1369 de
2189 1321 2362 1371 sacris
2401 1319 2677 1371 caclaturis
2725 1318 2778 1371 in
2825 1319 3104 1383 cancellis,
3148 1330 3202 1374 et
3238 1320 3306 1374 iis
3344 1334 3466 1388 qua:

1892 1416 2117 1461 vocatur
2142 1409 2307 1469 solea:
2333 1409 2471 1478 (6i),
2502 1418 2556 1462 et
2590 1409 2645 1463 iu
2673 1409 2947 1464 columnis
2979 1425 3043 1465 ac
3074 1409 3284 1464 foribus
3310 1409 3463 1479 ipsis,

1890 1510 1945 1553 et
1974 1499 2209 1566 denique
2249 1509 2375 1554 ante
2403 1500 2645 1554 divinum
2689 1500 2867 1556 altare
2916 1500 3143 1571 positis?
3177 1499 3314 1554 Num
3350 1503 3466 1567 haec

1890 1597 2115 1644 ornatus
2146 1600 2203 1643 et
2236 1603 2446 1657 pompae
2476 1605 2643 1643 causa
2691 1589 2989 1645 Christiani
3032 1588 3477 1651 fabricaverunt,

1894 1698 1961 1735 an
1991 1682 2173 1751 potius
2196 1682 2415 1752 propria
2466 1682 2703 1751 propriis
2741 1680 3033 1751 aptantes!
3062 1681 3216 1751 gnari
3258 1680 3469 1735 scilicet

1893 1773 2007 1828 loca
2043 1773 2156 1827 haec
2185 1788 2306 1827 esse
2348 1773 2707 1839 adoratiouis,
2743 1775 2971 1842 idco-pte
3016 1782 3076 1826 ut
3101 1773 3479 1826 adorarentur‘

206 1863 257 1912 οἰ
290 1862 606 1930 Χριστιανοὶ
644 1867 1024 1937 ὲτεγττήναντο,
1058 1867 1091 1935 ἦ
1119 1870 1186 1921 τὰ
1211 1872 1387 1922 οἰκεῖα
1415 1871 1531 1930 τοῖς
1560 1868 1780 1929 οἰκείοις

1893 1866 2003 1919 lucc
2033 1864 2103 1918 ibi
2135 1865 2591 1934 conliguraruut?

206 1953 617 2022 ἐφαρμόζοντες
642 1956 879 2021 ;εἰδότες
908 1960 991 2011 ὄτι
1022 1962 1070 2012 οἱ
1100 1959 1257 2014 τόποι
1284 1955 1431 2015 οὗτοι
1492 1958 1919 2032 προσκυνήσεως
1979 1959 2086 2011 εἰσι
2142 1958 2321 2021 τόποι,
2354 1957 2450 2011 καὶ
2515 1957 2611 2010 τοῦ
2644 1947 3068 2028 προσκυνεῖσθαι
3113 1956 3302 2009 ἕνεκεν
3327 1952 3469 2008 τού·-

206 2061 323 2105 τοις
347 2045 759 2100 ἐνετυπὼσαντο
784 2062 801 2112 ;

289 2163 408 2223 pg".
455 2158 612 2212 Ἀλλὰ
642 2160 735 2212 καὶ
773 2161 997 2225 δικαίως
1038 2164 1182 2233 μάλα
1209 2167 1237 2218 ὁ
1270 2167 1606 2235 προφητικδς
1628 2166 1785 2232 λόγος

210 2247 312 2316 τὴν
337 2248 542 2301 τούτων
573 2254 1002 2323 παραφροσύνην
1042 2259 1134 2309 καὶ
1171 2257 1270 2328 τὴν
1300 2258 1601 2322 παράνοιαν
1654 2274 1785 2327 προ-

209 2338 393 2391 λαϐὼν
440 2341 817 2412 ἑστηλίτευσεν
840 2386 855 2407 ,
887 2347 968 2399 ὅτι
1008 2347 1271 2401 Ἔδωκεν
1315 2348 1519 2413 αὐτοῖς
1551 2351 1584 2402 ό
1621 2350 1784 2413 Θεὸς,

208 2430 564 2499 ὀίθαλμοὺς
622 2435 727 2488 τοῦ
775 2436 860 2504 μὴ
910 2438 1188 2502 βλέπειν,
1242 2440 1341 2493 καὶ
1394 2435 1514 2493 ὦτιι
1553 2440 1658 2493 τοῦ
1706 2439 1786 2506 μὴ

209 2522 479 2587 ἀκούειν,
505 2526 605 2577 ἵνα
620 2527 961 2594 βλέποντες
986 2530 1066 2599 μὴ
1089 2531 1387 2596 βλέπωσι,
1413 2532 1510 2584 κ(ιί
1539 2532 1789 2586 ἀκούον-

213 2632 317 2679 τες
348 2615 433 2683 μὴ
483 2618 761 2672 συνιῶσι.
817 2622 925 2672 Καὶ
985 2620 1323 2690 Ἑπαχύνθη
1355 2622 1554 2676 αὐτῶν
1582 2625 1618 2691 ἡ
1664 2622 1789 2675 διιε-

218 2722 375 2765 rora,
426 2706 525 2759 καὶ
577 2708 1031 2777 ἐσκοτίσθησαν
1063 2715 1162 2766 καὶ
1194 2714 1627 2781 ἐμωράνθησαν
1668 2714 1793 2778 τοῖς

212 2795 653 2866 διαλογισμοῖς.
743 2802 1161 2871 Ἐξερευνῶντες
1234 2803 1644 2874 ὲξερευνήσεις,
1718 2800 1793 2856 ὧν

210 2886 342 2939 οὒτε
375 2887 572 2958 ἔρευνα
610 2890 732 2943 οὔτε
783 2894 1084 2961 ἀμφιϐολία
1130 2896 1283 2965 παρὰ
1320 2897 1666 2964 Χριστιανοῖς
1706 2896 1796 2962 γέ-

214 2995 345 3044 γονε
392 2979 611 3034 πώποτε
632 2996 645 3011 ·
680 2989 773 3035 καὶ
807 2984 980 3047 οὕτως
1011 2986 1272 3055 ἐναργοῦς
1315 2987 1666 3056 ὑπαρχούσης
1702 2988 1794 3038 καὶ

208 3070 717 3143 δεδημοσιευμὲνης
763 3076 862 3145 τῆς
910 3076 1166 3145 ἀληθείας
1213 3062 1365 3147 πάσῃ
1393 3081 1457 3147 τῇ
1502 3078 1591 3143 ὑφ’
1622 3078 1789 3147 ἡλίῳ,

211 3168 333 3226 τοῖς
358 3164 581 3228 οἰκείοις
620 3166 919 3236 ὀφθαλμοῖς
950 3169 1042 3220 καὶ
1088 3171 1155 3237 τῇ
1188 3170 1450 3238 ἐναργείᾳ
1482 3169 1618 3238 αὐτῇ
1651 3170 1790 3222 ἀπο-

1964 2163 2053 2218 46.
2087 2163 2184 2219 Pol
2215 2164 2523 2218 rectissime
2546 2166 2901 2233 propheticus
2929 2178 3109 2217 sermo
3141 2135 3337 2216 horum
3370 2161 3469 2215 de-

1895 2255 2078 2309 lirittm
2106 2265 2266 2323 atque
2299 2255 2563 2309 insaniam
2594 2254 2801 2325 jamdiu
2827 2252 3179 2322 vituperavit.
3212 2251 3363 2305 Dedit
3390 2250 3483 2304 eis.

1898 2347 2034 2401 Deus
2068 2350 2247 2400 oculos
2279 2347 2348 2397 ad
2382 2362 2484 2398 non
2516 2346 2819 2410 videndum,
2855 2353 2905 2398 et
2949 2360 3104 2397 aures
3136 2344 3205 2396 ad
3236 2359 3337 2396 non
3366 2358 3466 2394 au-

1896 2438 2178 2500 diendum;
2212 2446 2268 2489 ut
2297 2437 2530 2489 videntes
2565 2452 2668 2489 non
2703 2438 2938 2501 videant,
2970 2444 3018 2489 et
3046 2434 3326 2487 audientes
3366 2447 3495 2483 non,

1900 2529 2200 2597 intelligant
2255 2527 2295 2582 '.
2354 2528 2419 2581 Et
2456 2544 2470 2581 :
2510 2525 2818 2580 lncrnssalu
2891 2536 2969 2579 est
3030 2524 3243 2577 illorum
3284 2536 3469 2582 utens,

1900 2624 2165 2674 obscurari
2195 2628 2318 2673 sunt
2367 2628 2413 2671 et
2462 2617 2719 2686 infamati
2748 2618 2802 2671 in
2843 2614 3247 2688 cogitationibus
3289 2610 3469 2665 suis’.

1902 2714 2279 2785 Disquirentes
2311 2712 2621 2782 disquirunt
2645 2726 2733 2775 ea,
2762 2725 2995 2780 quorum
3024 2720 3203 2777 neque
3236 2703 3476 2775 qumstio

1904 2821 2079 2876 neque
2129 2804 2461 2873 ambiguitas
2512 2804 2653 2873 apud
2702 2802 3049 2857 Christianos
3088 2813 3322 2867 unquam
3352 2795 3470 2849 fuit.

1900 2898 2037 2950 Cum
2078 2896 2218 2950 adeo
2268 2898 2339 2950 sit
2383 2897 2665 2966 perspicua
2714 2904 2771 2949 et
2802 2894 3059 2949 universo
3084 2895 3216 2946 orhe
3259 2888 3472 2959 pervul-

1901 2996 2025 3054 gata
2072 2988 2300 3051 veritas,
2356 2986 2508 3041 stulti
2542 2985 2593 3039 hi
2629 2985 2864 3055 propriis
2903 2984 3076 3040 oculis
3115 2982 3330 3052 ipsique
3356 2978 3468 3033 evi-

1899 3077 2100 3131 (lentius
2128 3086 2449 3147 repugnant,
2481 3077 3088 3143 demonstrationesque
3117 3088 3297 3128 rerum
3340 3072 3474 3139 ipsis

1899 3170 2318 3238 cottspicuarum
2368 3177 2425 3223 et
2475 3169 2545 3222 ob
2594 3168 2786 3223 oculos
2842 3170 3140 3238 positarum
3198 3173 3469 3237 qumrunt.

214 3257 489 3323 μάχονται
522 3260 569 3309 οἱ
605 3258 855 3327 ἀνόητοι,
892 3260 985 3311 καὶ
1021 3259 1323 3324 ἀποδείξεις
1370 3261 1477 3312 τῶν
1524 3260 1791 3330 βλεπομέ-

1895 3260 2039 3314 Idem
2071 3269 2294 3332 agentes
2320 3276 2382 3316 ac
2408 3262 2455 3316 si
2489 3262 2613 3330 quis
2642 3262 2810 3315 solem
2844 3261 3033 3315 videns
3060 3259 3179 3313 eois
3226 3266 3475 3311 recenter

211 3363 327 3397 των
356 3346 485 3416 παρ’
512 3349 699 3410 αὐτοῖς
739 3350 833 3402 καὶ
867 3351 958 3401 ὑπ’
983 3340 1112 3420 ’ὄψιν
1142 3352 1395 3421 ὴγμένων
1428 3350 1748 3420 ἐπιζητοῦσι
1767 3366 1813 3383 ἰ

210 3436 419 3489 ταυτὸν
457 3455 510 3490 τι
558 3438 864 3504 ποιοῦντες,
901 3440 1089 3510 ὥσπερ
1138 3444 1186 3492 εἰ
1225 3442 1315 3494 τὸν
1354 3444 1507 3511 ἥλιον
1538 3442 1787 3507 καθορῶν

209 3545 299 3590 τις
334 3528 458 3597 ἄρτι
508 3529 616 3582 τῶν
672 3531 825 3600 ergle
867 3535 1153 3601 τερμάτων
1205 3532 1647 3602 ἀναθρώσκοντα,
1699 3535 1791 3585 καὶ

210 3617 330 3669 τῶν
382 3617 625 3685 ἡλιακῶν
680 3619 914 3672 ἀκτίνων
956 3623 1229 3691 πανταχοῦ
1286 3623 1384 3684 τὰς
1436 3623 1593 3691 βολάς
1629 3640 1791 3676 κατα⁶

216 3708 547 3778 σπείραντα,
595 3711 877 3782 διαποροίη
925 3714 1000 3775 ὡς
1046 3714 1152 3781 ἄρα
1180 3715 1362 3784 ἡμέρα
1413 3718 1714 3767 ἐνισταῖτο’
1756 3715 1789 3784 ἢ

209 3800 497 3853 θάλασσάν
547 3818 630 3863 τις
680 3803 1125 3872 ναυτιλλόμενος,
1167 3806 1198 3876 ἢ
1252 3807 1496 3875 ποταμὸν
1533 3807 1791 3876 περαιοὺ-

214 3908 406 3959 μενος,
439 3894 578 3946 κατᾶ
602 3896 726 3957 τοὺς
756 3894 1012 3957 διάπλους
1046 3896 1318 3963 ἀπόδειξιν
1348 3898 1656 3967 ἐπιζητοίη,
1698 3899 1790 3950 καὶ⁹

208 3984 681 4054 διαμφισϐητοίη·
727 3989 774 4038 εἰ
808 3988 915 4056 ἄρα
953 3989 1101 4040 ἐστὶν
1142 3986 1284 4059 ὕδωρ
1319 3991 1377 4040 ὲν
1421 3990 1665 4061 θαλάσσῃ
1700 3990 1792 4042 καὶ

211 4074 483 4143 ποταμῷ·
516 4079 608 4128 καὶ
634 4076 667 4129 ά
694 4078 803 4130 οὐδ’
828 4080 894 4131 ἂν
925 4081 973 4130 οἱ
1002 4078 1094 4132 τοῦ
1123 4082 1297 4148 φωτὸς
1331 4082 1523 4134 τούτου
1555 4082 1790 4151 πάμπαν

206 4168 437 4232 ἄπειροι
478 4167 946 4237 διαμφιδάλλοιεν,
988 4171 1106 4223 οὐδὲ
1130 4173 1181 4222 οἱ
1207 4172 1346 4239 ἄγαν
1380 4173 1443 4223 ἐκ
1476 4173 1789 4241 κραιπάλης

209 4257 664 4326 καρηόαροῦντες
687 4263 779 4312 καὶ
802 4264 1253 4332 κατενηνεγμένοι
1278 4262 1519 4317 πάθοιεν·
1536 4263 1790 4326 πολλάκις

210 4350 313 4398 καὶ
325 4346 403 4397 *τά
429 4348 637 4400 ἑστῶτα
660 4351 753 4401 καὶ
778 4351 1041 4420 μηδαμῶς
1071 4352 1364 4422 κινούμενα
1386 4354 1442 4403 ὲν
1477 4354 1660 4422 κύκλῳ
1691 4371 1791 4404 πε-

211 4439 540 4506 ριδινεῖσθαι
573 4442 840 4509 οἰόμενον
872 4439 1017 4497 οῦτοι
1047 4446 1520 4515 ὲκμεμεθυσμένοι
1547 4447 1622 4516 τῷ
1668 4448 1793 4516 οἴνῳ

210 4529 319 4594 τῆς
349 4529 628 4595 ἀπιστίας,
671 4533 764 4586 καὶ
800 4535 1177 4605 κεκαρωμένοι
1206 4537 1304 4605 τὴν
1330 4536 1508 4606 ψυχὴν
1541 4540 1653 4600 τοῖς
1684 4537 1791 4587 ὑλι-

1902 3354 2099 3407 tinibus
2146 3355 2506 3419 exorientem,
2533 3364 2588 3409 et
2615 3353 2881 3407 solarium
2918 3352 3195 3407 radiorum
3223 3341 3473 3419 quaqua.

1895 3455 2088 3498 versus
2128 3444 2308 3514 jactus
2359 3455 2730 3514 spargentem,
2780 3443 3057 3498 dubitaret
3110 3441 3287 3495 adhuc
3341 3456 3471 3495 num

1899 3538 2016 3590 dies
2044 3536 2282 3591 adesset.
2324 3538 2432 3589 Aut
2464 3551 2613 3588 mare
2640 3537 2911 3604 quispiam
2940 3533 3221 3602 navigans,
3256 3529 3338 3585 vel
3371 3528 3472 3583 llu-

1902 3643 2023 3680 men
2078 3638 2335 3691 trauans,
2399 3627 2761 3681 dentonstrari
2827 3626 2933 3680 sibi
2993 3623 3467 3678 transmissiouem

1901 3735 2053 3773 suam
2099 3719 2420 3787 postularet,
2471 3719 2861 3787 dubitaretque
2909 3734 3034 3771 unm
3070 3732 3210 3784 aqua
3243 3715 3295 3769 in
3333 3714 3476 3768 mari

1901 3826 1964 3864 ac
1998 3811 2217 3864 llumiue
2242 3819 2408 3864 esset.
2446 3810 2514 3863 Et
2535 3825 2655 3863 cum
2689 3827 2755 3864 ne
2787 3810 3034 3863 homines
3063 3808 3280 3877 quidem
3313 3820 3471 3875 pror-

1902 3918 1995 3956 sus
2040 3902 2174 3956 lucis
2218 3912 2472 3971 expertes
2513 3901 2695 3956 dehis
2727 3901 2884 3970 122
2946 3899 3249 3965 ambigam,
3299 3912 3472 3965 neque

1902 3990 2121 4060 crapula
2152 3991 2331 4043 obruti
2359 3990 2649 4057 etabrepti
2676 3988 2836 4043 ‘ltanc
2866 3988 3133 4041 insaniam
3171 3987 3469 4055 patiantur,

1901 4080 1992 4148 qui
2026 4090 2203 4133 tamen
2230 4095 2371 4148 saepe
2392 4094 2476 4133 res
2500 4089 2709 4133 stantes
2736 4086 2790 4132 et
2820 4075 3144 4139 immobiles,
3173 4075 3470 4143 circumagi

1901 4180 2120 4242 putant,
2176 4170 2229 4224 hi
2281 4173 2407 4223 vino
2461 4168 2857 4222 incredulitatis
2907 4166 3067 4231 ebrii,
3120 4167 3471 4233 animamque

1903 4263 2134 4332 gravati,
2168 4260 2544 4315 matcrialibus
2585 4259 2748 4313 veluti
2789 4258 3025 4312 devincti
3076 4258 3471 4330 cupiditatibus

1907 4353 2286 4419 mundanoque
2317 4360 2373 4403 et
2403 4350 2581 4404 fallaci
2629 4349 2877 4417 gloriolae
2921 4347 3045 4401 fuco
3078 4358 3131 4401 et
3161 4348 3471 4402 carnalibus

1904 4441 2271 4511 voluptatibus
2317 4441 2597 4510 captivati,
2632 4441 2865 4510 pessima
2895 4455 3125 4510 qumque
3156 4448 3211 4495 et
3244 4440 3469 4495 calami-

1907 4543 2019 4587 tosa
2052 4535 2429 4602 experiuntur.

209 4624 339 4681 κοῖς
367 4614 456 4671 οἷα
477 4624 878 4693 κατααυρέντες
910 4625 1131 4691 πάθεσι,
1154 4627 1247 4679 καί
1273 4629 1392 4690 ταῖς
1453 4628 1831 4697 περικοσμίοις
1905 4626 1998 4679 καὶ
2045 4624 2351 4695 άπατηλαῖς
2392 4623 2570 4690 δόξαις
2621 4623 2715 4675 καὶ
2767 4623 3059 4693 σαρκικαῖς
3116 4619 3468 4692 ἡδυπαθείαις

206 4715 310 4781 αἰχ
321 4712 771 4783 μαλωτιζόμενοι,
796 4715 861 4768 τά
887 4717 1105 4769 πάντων
1128 4718 1458 4770 πεπόνθασιν
1482 4719 1789 4789 άθλιώτερα
1827 4723 1921 4773 καὶ¹
1951 4718 2330 4789 χαλεπώτερα.

292 4802 404 4871 μζθ.
446 4803 567 4855 Ἐτι
609 4798 805 4873 μικρὸν
835 4808 948 4867 τοῖς
999 4809 1311 4877 εἰρημένοις
1357 4810 1686 4879 προσθέντες
1718 4814 1794 4874 εἰς

1972 4812 2063 4866 47.
2101 4809 2157 4865 Si
2188 4824 2362 4877 pauca
2404 4809 2579 4861 adhuc
2610 4810 2676 4861 ad
2708 4807 2867 4874 hujus
2903 4805 3172 4861 sermonis
3205 4805 3468 4876 disquisi-

206 4894 320 4963 τὴν
354 4892 448 4944 τοῦ
480 4893 641 4961 λόγου
679 4895 946 4961 ἐξέτασιν,
979 4900 1240 4969 γνοίημεν
1271 4900 1324 4952 εἴ
1362 4918 1427 4968 γε
1473 4901 1583 4972 ἄρα
1628 4919 1796 4972 προσ-

216 4982 474 5052 ηκόντως
508 4984 690 5049 αὐτοῖς
722 4986 781 5038 τὸ
812 4989 907 5039 τοῦ
935 4989 1367 5060 Χριστιανισμοῦ
1399 4991 1797 5061 ἐπιφημίςεται

208 5076 419 5142 ὄνομα·
454 5077 613 5144 ἴσμεν
642 5078 749 5146 γάρ
777 5077 1014 5142 ἅπαντες
1044 5081 1124 5133 ὃτι
1151 5079 1340 5152 ῶσπερ
1369 5083 1401 5151 η
1425 5081 1519 5134 τοῦ
1555 5084 1793 5153 Χριστοῦ

211 5164 388 5217 εἰκὼν
428 5168 493 5218 ἐκ
536 5170 913 5239 παραγωγῆς,
960 5172 1053 5224 τοῦ
1084 5172 1320 5242 Χριστοῦ
1350 5174 1411 5226 τό
1443 5191 1501 5226 τε
1528 5169 1670 5237 εἶδος
1704 5178 1795 5228 κέ-

213 5272 457 5323 κτηται.
520 5258 612 5308 καὶ
658 5258 757 5327 τὴν
799 5263 1172 5332 προσηγορίαν
1222 5257 1392 5334 αὐτὴν
1446 5265 1791 5334 ἐπιφέρεται,

210 5347 366 5399 οὕτω
422 5347 486 5417 δὴ
554 5351 646 5401 καὶ
690 5352 719 5401 ὁ
772 5353 1133 5423 Χριστιανὸς,
1183 5356 1259 5418 ὡς
1315 5359 1379 5408 ὲκ
1436 5356 1793 5425 πρωτοτύπου

211 5440 489 5507 ὀνόματος
528 5439 620 5493 τοῦ
662 5441 919 5515 δριστοῦ,
948 5446 1045 5513 τήν
1082 5462 1141 5497 τε
1175 5447 1367 5517 κλῆσιν
1397 5447 1555 5517 ἔλαχε
1590 5448 1795 5501 καὶτὸν

298 5616 319 5652 ⁸
351 5615 458 5672 lsa.
482 5632 557 5678 vt,
588 5615 642 5680 9,
678 5615 760 5670 l0.
836 5618 854 5647 ³
890 5615 1102 5679 linunt,
1132 5614 1220 5667 2t.

1899 4904 2100 4956 tionem
2133 4903 2416 4964 addemus,
2452 4899 2587 4952 satis
2632 4900 2819 4968 utique
2852 4912 3246 4966 cognoscemus
3278 4912 3347 4951 an
3384 4897 3477 4952 his

1895 4992 2283 5047 convenienter
2312 4990 2746 5045 Christianorum
2780 4990 3067 5059 appellatio
3106 4989 3459 5043 attribuatur.
3513 5043 3520 5053 ,

1897 5083 2107 5152 Quippe
2134 5096 2326 5134 omnes
2385 5081 2613 5141 scimus.
2650 5082 2795 5149 quod
2842 5080 3003 5133 sicuti
3047 5078 3255 5132 Christi
3294 5079 3473 5147 imago

1898 5188 1995 5242 per
2025 5172 2444 5234 derivationem,
2474 5182 2586 5224 tum
2616 5171 2821 5225 Christi
2857 5170 3095 5239 speciem
3143 5168 3311 5234 tenei,
3355 5180 3468 5223 tum

1903 5274 1957 5318 et
1984 5265 2152 5331 ipsam
2175 5265 2590 5333 appellationem
2616 5264 2785 5330 gerit,
2809 5264 2888 5317 sic
2910 5263 3075 5316 etiam
3100 5261 3471 5323 Christianus,

1907 5364 2160 5418 tanquam
2202 5370 2267 5409 ex
2303 5364 2587 5425 prototypo
2623 5354 2822 5408 Christi
2873 5355 3110 5419 nomine,
3142 5362 3196 5406 et
3224 5350 3465 5421 appella-

1908 5449 2107 5502 tionem
2138 5450 2366 5501 sortitur
2398 5459 2451 5501 et
2483 5461 2679 5513 mores,
2722 5446 2812 5518 qui
2840 5461 2962 5501 eum
2996 5445 3335 5515 distinguere
3370 5457 3476 5497 seu

295 5773 408 5841 (Cl)
452 5774 521 5828 lle
570 5774 711 5829 solea
762 5775 958 5831 veteris
1009 5774 1259 5831 Ecclesia:
1306 5786 1477 5831 L‘Xslill
1516 5778 1778 5832 eruditum
1822 5776 2014 5833 Leonis
2056 5776 2231 5831 Allatii
2271 5777 2607 5847 opusculum.
