4220 6442
236 428 345 493 ιδθ

910 436 1528 498 ANTIRRIIETICUS
1573 440 1658 497 IIl
1699 440 1865 497 ADV.
1904 439 2491 499 CONSTAN'I‘INUM
2533 436 2741 496 (IOPR.

3387 425 3497 490 iii)

238 548 552 615 δ;ἑρῥιπται
580 547 673 599 καὶ
718 548 1120 607 διαπέπτωκεν,
1184 550 1478 602 ἀκόλουθον
1502 551 1565 603 ἂν
1603 552 1687 618 εἴη
1724 549 1817 600 καὶ
1849 556 1888 610 Α

1849 556 1888 610 Α
1920 562 1973 603 et
2002 550 2224 612 excidit,
2257 558 2681 604 consentaneum
2710 550 2810 607 est,
2839 539 3244 596 venerationem
3280 554 3495 610 quoque

239 635 417 689 ταῦτα
467 639 531 707 δὴ
562 640 631 692 τά
675 639 784 691 τῶν
831 640 1002 703 ἁγίων
1050 642 1498 711 ιιυνοιχήσεσθοιι,Δ
1556 643 1646 693 καὶ
1684 639 1816 708 μηδὲ

243 729 466 797 μνήμης
499 727 764 780 τολοιπον
802 728 1071 797 ἠξιῶσθαι
1120 736 1363 783 πώποτε.
1406 751 1422 779 ι
1491 732 1691 799 Καιρίις
1725 730 1818 779 νῦν

240 819 417 869 εἰπεῖν
446 832 458 844 ο
498 835 514 866 ι
556 816 616 868 Εἰ
649 816 740 869 τὸν
784 818 1174 885 οἰκοδεσπότην
1221 819 1553 883 Βεελζεϐοὒ).
1602 819 1815 871 ἀπεκάο

240 908 429 969 λεσαν,
488 908 641 978 πόσῳ
698 909 900 978 μᾶλλον
960 911 1085 972 τοὺς
1150 913 1460 972 εἰκειακοῦς
1522 911 1685 962 αὑτοῦ
1724 954 1735 971 ,
1797 931 1812 959 ο

240 1000 484 1052 Τοιαῦτα
516 999 627 1070 γὰρ
669 1001 715 1052 oi
748 1000 843 1052 νῦν
888 1001 1134 1055 Ἰουδαῖοι
1164 1007 1277 1066 τοῖς
1306 1005 1472 1058 πάλαι
1515 1022 1610 1066 τας
1645 1003 1818 1072 γλώσ-

242 1108 345 1153 σας
374 1092 717 1154 δανείσαντες
754 1094 1151 1161 ἀποφαίνονται
1185 1112 1197 1126 ·
1229 1098 1277 1148 εἰ
1299 1097 1407 1165 γάρ
1450 1100 1518 1148 τα
1569 1096 1808 1165 Χριστοῦ

239 1179 388 1232 οὕτω
411 1180 690 1251 διέθηκαν,
716 1182 769 1234 τί
807 1184 909 1236 οὐκ
954 1183 1020 1236 ἂν
1078 1185 1219 1237 κατά
1253 1186 1362 1238 τῶν
1420 1187 1590 1254 ἁγίων
1654 1187 1817 1237 αυτοῦ

241 1271 480 1339 ποιηρὸν
530 1272 754 1342 δράσειν
798 1273 1064 1342 ἐμελλονς
1105 1276 1289 1341 ’Ἄξιον
1326 1278 1426 1346 μὲν
1472 1277 1547 1341 ὠς
1604 1279 1815 1346 ἀληθῶς

238 1361 342 1427 τῆς
372 1361 595 1412 ἐκείνων
643 1364 1017 1432 παρανομίας,
1076 1367 1169 1416 καὶ
1202 1366 1300 1434 τῆς
1356 1369 1436 1428 είς
1467 1368 1593 1430 τοὺς
1628 1370 1817 1436 ἁγίους

239 1450 446 1520 τόλμης
478 1468 536 1503 τε
573 1453 666 1504 καὶ
688 1453 1024 1524 θρασύτητος
1046 1470 1058 1481 ·
1094 1455 1274 1507 αὐτῶν
1297 1457 1353 1508 δὲ
1374 1457 1482 1509 τῶν
1504 1457 1677 1525 ἁγίων
1721 1460 1816 1528 τῆς

240 1542 323 1601 εἷς
355 1541 591 1609 Χριστὸν
627 1542 836 1609 ἀφάτου
865 1545 1087 1613 ἀγάπης
1124 1548 1425 1615 τεκμήριον
1454 1548 1813 1612 ἱκανώτατον,

240 1630 364 1682 καθ’
421 1632 486 1700 ἢν
531 1633 681 1701 αὐτῴ
722 1635 1125 1703 ἀνεκράθησαν,
1183 1636 1379 1690 οὔποτε
1416 1639 1773 1709 χωριζόμενοι
1800 1659 1812 1670 ·

238 1723 333 1774 καὶ
368 1725 478 1793 γάρ
510 1720 603 1775 οῦν
648 1727 741 1778 καὶ
768 1726 908 1779 κατᾶ
939 1727 1037 1796 τὴν
1075 1727 1261 1780 ἐνθάδε
1296 1729 1478 1799 βιοτὴν
1511 1732 1812 1800 περιόντες,

240 1814 522 1884 μάρτυρες
541 1816 650 1867 τῶν
674 1817 1036 1887 παθημάτων,
1061 1819 1153 1871 καὶ
1176 1822 1420 1872 κοινωνοὶ
1434 1822 1526 1874 τοῦ
1550 1822 1813 1885 ζωοποιοῦ

1921 649 2233 694 Sanctorum
2299 639 2458 693 simul
2508 637 2792 696 desinere,
2842 647 3017 700 neque
3060 632 3174 701 jam
3240 632 3496 701 deinceps

1922 733 2196 786 mentione
2227 732 2443 800 dignam
2477 728 2671 797 putari.
2724 746 2740 778 ι
2779 724 2942 793 Atqui
2982 739 3122 779 nunc
3169 734 3381 793 tempus
3411 732 3497 778 est

1922 820 2133 874 dicendi
2169 838 2180 872 :
2222 837 2240 869 ι
2271 820 2324 871 Si
2362 815 2809 886 patremfamilias
2831 812 2987 881 123
3024 812 3305 868 Beclzebul
3329 828 3495 868 voca-

1922 921 2133 974 verunt,
2187 919 2389 979 quanto
2438 910 2606 975 magis
2645 908 2973 959 domesticos
3022 906 3139 974 ejus
3184 904 3335 974 (δεμ
3368 904 3495 960 Haec

1920 1002 2063 1054 enim
2099 998 2552 1062 hodierniJnda-i,
2587 998 2793 1066 linguas
2817 1012 2943 1048 snas
2966 1011 2992 1047 a
3014 994 3207 1063 priscis
3235 1005 3490 1049 mutuan—

1920 1104 2002 1146 tes
2051 1095 2261 1147 dicunt.
2315 1092 2447 1145 Nam
2497 1092 2539 1144 si
2580 1105 2666 1143 res
2714 1088 2916 1142 Christi
2973 1090 3045 1141 ita
3090 1095 3489 1146 tractaverunt,

1921 1187 2047 1253 quid
2073 1186 2288 1239 malitim
2320 1186 2577 1237 adversus
2608 1191 2828 1235 sanctos
2855 1178 2972 1245 ejus
3003 1194 3106 1232 non
3135 1176 3494 1247 exproment?

1922 1276 2058 1331 Vt-re
2096 1280 2197 1331 hoc
2228 1278 2443 1344 dignmu
2474 1286 2548 1327 est
2592 1275 2802 1327 illorum
2841 1271 3149 1335 iniquitate,
3184 1281 3239 1325 et
3264 1271 3317 1324 in
3363 1285 3487 1323 san-

1921 1385 2033 1423 l'lt’h
2059 1372 2282 1424 audacia
2302 1386 2363 1421 ae
2394 1370 2745 1437 protervitate
2772 1385 2783 1418 :
2810 1366 2969 1419 simul
2996 1376 3176 1418 tamen
3205 1373 3287 1417 est
3310 1363 3490 1417 chari—

1921 1465 2044 1515 latis
2091 1476 2314 1515 summa!
2353 1471 2661 1514 sanctorum
2706 1473 2833 1523 erga
2889 1458 3164 1509 Christum
3223 1454 3483 1509 indicium

1917 1552 2468 1621 opportunissimum,
2525 1567 2624 1618 qua
2680 1549 2883 1602 scilicet
2928 1550 2977 1601 ci
3028 1553 3155 1599 sunt
3208 1545 3487 1607 devincti,

1920 1655 2190 1709 nunquam
2221 1641 2401 1693 divisi.
2435 1638 2643 1691 Etenim
2674 1637 2797 1689 dum
2837 1637 2887 1687 in
2925 1639 3026 1688 hac
3059 1635 3163 1686 vita
3193 1633 3477 1702 degerent,

1919 1740 2084 1786 testes
2120 1731 2429 1799 paSsiOuum
2464 1729 2693 1789 Christi,
2725 1728 2965 1794 sociique
2995 1726 3222 1779 viviliczn
3245 1726 3363 1793 ejus
3392 1740 3490 1780 ne-

1918 1821 1995 1875 cis
2028 1820 2268 1885 fuerunt,
2304 1832 2527 1888 peccato
2569 1835 2741 1888 usque
2771 1818 2835 1871 ad
2864 1831 3093 1871 mortem
3143 1818 3482 1871 resistentes.

237 1906 407 1960 αὑτοῦ
439 1907 672 1963 θανάτου
696 1911 972 1979 γεγόνασι,
1018 1915 1211 1985 μέχρις
1249 1916 1477 1985 αἵματος
1522 1916 1814 1970 ἀντικατα·
1851 1899 1889 1953 Β

1851 1899 1889 1953 Β
1921 1912 1987 1964 Et
2019 1926 2161 1965 nunc
2199 1910 2361 1964 etiam
2405 1914 2637 1965 terrenis
2684 1911 2845 1965 rebus
2886 1909 3147 1978 exempti,
3192 1908 3484 1977 participes

239 2000 471 2061 στάντες
503 2001 639 2069 πρὸς
676 2003 774 2071 τὴν
809 2004 1107 2074 ἁμαρτίαν.
1147 2006 1256 2059 Καὶ
1281 2007 1375 2058 νῦν
1426 2007 1484 2059 δὲ
1539 2007 1646 2059 τῶν
1691 2008 1815 2078 τῇδε

236 2092 668 2159 ἀπαλλαγέντες,
731 2096 947 2165 μέτοχοι
998 2097 1262 2167 ὤφθησαν
1295 2101 1388 2153 τοῦ
1454 2102 1814 2169 ἐφεστηκότος

236 2183 364 2251 ἄρτι
388 2183 530 2236 κατά
561 2184 800 2253 Χριστοῦ
855 2187 1098 2256 διωγμοῦ
1154 2192 1245 2242 καὶ
1284 2191 1385 2258 τῆς
1422 2190 1633 2259 ὕϐρεως
1660 2207 1673 2220 ·
1714 2191 1815 2259 ἤδη

237 2275 347 2341 γάρ
383 2276 475 2325 καὶ
512 2275 815 2344 τηνικαῦτα
862 2279 1111 2349 σώμασιν
1163 2281 1346 2344 αὐτοῖς
1382 2282 1519 2351 ὑπὲρ
1568 2281 1660 2333 τοῦ
1712 2299 1816 2333 πα-

238 2365 426 2427 θόντος
455 2364 525 2417 δι’
555 2368 704 2435 ἡμᾶς
762 2368 997 2438 σώματι,
1055 2370 1448 2439 διηγωνίσαντο
1481 2373 1573 2424 καὶ
1626 2372 1811 2439 ὴνδρί-

240 2475 404 2508 σαντο
424 2472 437 2485 ⁶
468 2458 525 2509 ὃν
552 2460 694 2528 ὑπὲρ
732 2461 832 2531 τῆς
858 2461 1047 2529 κοινῆς
1081 2463 1297 2515 πάντων
1339 2464 1495 2531 ἡμῶν
1538 2463 1815 2533 σωτηρίας

236 2548 435 2616 ἀνέτλη
496 2548 725 2602 θάνατον
777 2553 1174 2621 μιμησάμενοι.
1220 2555 1330 2606 Καὶ
1353 2550 1509 2616 αὖθις
1540 2556 1703 2623 ὃμοια
1730 2556 1815 2622 ἐφ’

234 2640 449 2706 ὁμοίοις
482 2641 784 2710 πάσχουσιν
819 2659 832 2672 ⁸
881 2645 1145 2711 ἀνάλογον
1180 2645 1291 2714 γὰρ
1336 2648 1447 2707 τοῖς
1480 2645 1814 2715 ἀρχετύποις

234 2729 307 2781 τὰ
341 2732 630 2799 ἐκμαγεῖα,
657 2733 724 2784 τά
752 2732 852 2801 τῆς
894 2736 1081 2802 κοινῆς
1109 2735 1333 2804 ἀτιμίας
1381 2738 1475 2786 καὶ
1526 2736 1815 2805 παροινίας

239 2822 703 2891 συνδιαφέρουσι·
756 2828 849 2875 καὶ
909 2826 1072 2877 πάλιν
1109 2827 1547 2895 συμπάσχουσιν,
1589 2827 1677 2879 ἵνα
1719 2827 1813 2880 καὶ

239 2912 673 2976 συνδοξασθῶσιν
700 2911 854 2977 αὖθις
877 2931 890 2943 ·
928 2918 1025 2969 καὶ
1066 2918 1229 2970 πάλιν
1285 2919 1551 2987 τιμῶνται
1586 2921 1650 2987 τῇ
1697 2935 1812 2970 κοι-

236 3001 409 3071 νωνία
429 3002 529 3069 τῆς
558 3004 804 3072 ἀτιμίας.
831 3006 940 3057 Καὶ
969 3006 1054 3058 ἵνα
1076 3010 1141 3076 τῇ
1178 3009 1364 3076 μνήμῃ
1382 3007 1490 3059 τῶν
1521 3007 1814 3076 μαρτύρων

238 3093 602 3161 συνησθέντες
668 3098 717 3149 oi
785 3096 1189 3168 φιλομάρτυρες
1247 3098 1812 3167 ἑγκαλλωπισώμεθα,

1921 2002 2017 2057 visi
2048 2012 2174 2057 sunt
2202 2002 2486 2057 concitatae
2517 2016 2685 2069 nuper
2719 2002 2978 2055 adversus
3003 2000 3276 2054 Christmn
3301 2014 3485 2069 perse-

1919 2093 2151 2147 cutionis
2185 2101 2241 2145 et
2266 2091 2628 2147 contumeliae.
2662 2090 2797 2145 Ecce
2827 2091 2971 2144 enim
3003 2100 3058 2142 et
3086 2101 3213 2145 tunc
3241 2091 3483 2159 corpori-

1920 2189 2019 2242 bus
2048 2188 2182 2251 suis,
2210 2203 2307 2255 pro
2330 2202 2394 2240 eo
2422 2185 2515 2254 qui
2550 2186 2603 2239 in
2632 2200 2861 2253 corpore
2884 2199 3078 2252 passus
3107 2191 3212 2247 est,
3242 2185 3489 2238 decerta-

1921 2289 2044 2335 runt
2076 2279 2398 2349 fortiterque
2424 2295 2480 2333 se
2505 2287 2820 2346 gesserunt;
2853 2288 2905 2330 et
2934 2292 3075 2330 nunc
3110 2292 3301 2331 rursus
3333 2276 3487 2345 paria

1918 2373 2035 2442 pari
2072 2371 2140 2426 de
2172 2386 2337 2426 causa
2392 2371 2669 2439 patientur
2729 2364 2865 2435 (65).
2923 2364 3169 2435 Namque
3224 2364 3488 2432 imagines

1918 2479 2099 2532 parem
2128 2478 2192 2517 ac
2228 2463 2527 2531 archetypa
2562 2460 2910 2530 ignominiam
2938 2458 3239 2527 perierunt,
3273 2471 3489 2510 rursus-

1918 2571 2021 2624 que
2049 2553 2471 2622 compatiuntur,
2502 2561 2556 2606 ut
2584 2552 2764 2605 denuo
2787 2548 3299 2618 congloriﬁcentur;
3327 2556 3496 2615 atque

1917 2649 2111 2701 iterum
2146 2646 2486 2699 honorantur
2533 2642 2842 2711 ignominiaa
2870 2640 3269 2695 communione.
3308 2640 3489 2708 Atque

1919 2749 1974 2792 nt
2006 2747 2301 2808 martyrum
2339 2736 2596 2789 memoria
2623 2733 2915 2789 exbilarati
2940 2746 3040 2786 nos
3069 2731 3488 2801 philomartyres

1917 2830 2230 2895 gloriemur,
2273 2826 2666 2896 aliquantulum
2704 2827 2756 2879 in
2793 2827 2896 2879 hoc
2932 2838 3183 2878 sermone
3216 2820 3485 2875 demorari

1917 2918 2046 2973 libet
2077 2934 2089 2969 :
2119 2916 2280 2971 veluti
2307 2915 2554 2968 homines
2576 2914 2855 2982 spectandi
2876 2922 2930 2966 et
2955 2909 3205 2965 audiendi
3233 2909 3481 2972 studiosi,

1917 3024 2037 3061 cum
2055 3006 2311 3077 jucundis
2330 3005 2772 3075 gratissimisque
2794 3004 3139 3059 oblectantnr
3167 3000 3491 3069 spectaculis

1917 3107 2011 3151 aut
2050 3096 2272 3150 musicis
2316 3096 2485 3160 sonis,
2529 3096 2668 3148 haud
2709 3095 2778 3149 ab
2814 3096 2879 3148 iis
2909 3094 3065 3148 facile
3113 3091 3487 3154 discesserint,

238 3184 414 3284 βραχύ
439 3201 490 3284 τι
521 3186 651 3254 περὶ
677 3187 773 3239 τὸν
795 3188 953 3255 λόγον
979 3190 1494 3259 προσδιατρίψωμεν
1515 3204 1528 3218 °
1561 3190 1812 3259 καθάπερ
1842 3225 1887 3284 C

1842 3225 1887 3284 Ο
1918 3188 2128 3243 etiamsi
2166 3187 2433 3240 interdum
2471 3187 2778 3241 necessaria
2804 3185 3016 3255 negotia
3041 3184 3329 3238 omittenda
3359 3184 3486 3238 sint.

235 3276 703 3347 οίφιλοθεάμονές
752 3296 809 3330 τε
857 3281 952 3331 καὶ
981 3280 1412 3350 φιλακροάμονές
1449 3297 1508 3333 τε
1564 3280 1657 3333 ἐπὶ
1705 3281 1813 3332 τῶν

234 3370 489 3439 τερπνῶν
523 3371 615 3422 καὶ
651 3370 879 3439 ἡδίστων
917 3373 1102 3435 αὐτοῖς
1157 3372 1445 3441 θεαμάτων
1474 3363 1585 3425 ’καὶ
1644 3375 1811 3425 ἀκου-

238 3462 487 3529 σμάτων,
526 3454 601 3513 ὧν
628 3463 727 3513 οὐκ
759 3461 826 3513 ἂν
854 3462 1055 3532 ῥαδίως
1078 3464 1426 3533 ἀπόσχοιντο,
1457 3463 1570 3516 ἔσθ’
1599 3465 1687 3516 ὅτε
1718 3465 1813 3516 καὶ

1922 3278 2111 3333 Solent
2138 3278 2280 3332 enim
2311 3292 2373 3330 ea
2408 3292 2530 3345 qua:
2560 3277 2698 3331 visui
2728 3276 3039 3343 auditnique
3074 3274 3324 3342 pabulum
3357 3290 3491 3342 pra:-

1920 3370 2069 3433 bent,
2104 3376 2408 3421 amatorum
2439 3383 2631 3422 sensus
2665 3372 2961 3430 attrahere,
2993 3381 3241 3437 mgrcqne
3270 3380 3491 3433 δίεμαι-,ι-

1921 3462 2079 3515 bilem
2112 3474 2265 3513 usum
2296 3459 2377 3513 sui
2407 3458 2646 3513 cl'licerc.

236 3553 351 3604 τῶν
407 3552 721 3619 ἀναγκαίων
761 3552 940 3605 αὐτῶν
997 3555 1508 3624 καταφρονήσαντες
1536 3570 1549 3583 ·
1594 3554 1807 3624 φιλοῦσι
1849 3554 1955 3622 γάρ
1986 3569 2103 3615 πως
2129 3551 2197 3603 τὰ
2226 3550 2326 3619 τὴν
2351 3550 2472 3619 ὄψιν
2542 3551 2635 3601 καὶ
2711 3548 2882 3617 ἀκοὴν
2934 3549 3218 3610 ἑστιῶντα,
3253 3548 3347 3609 τὰς
3382 3548 3493 3602 τῶν

235 3644 495 3713 ἐρώντων
522 3645 799 3714 αἰσθήσεις
842 3646 1187 3710 ἐφέλκεσθαι,
1226 3647 1682 3701 δυσαπόσπαστον
1710 3648 1809 3717 τὴν
1848 3647 1977 3717 περὶ
2000 3647 2139 3700 αὐτὰ
2164 3646 2379 3716 ὁμιλίαν
2414 3645 2778 3716 ἐργαζόμενα.

312 3777 416 3831 να’.
450 3770 610 3830 Οὗτοι
635 3778 811 3831 τοίνυν
841 3780 891 3831 οἱ
916 3780 1060 3847 ἆγιοι
1095 3779 1333 3849 Χριστοῦ
1374 3781 1611 3850 μιμηταὶ
1658 3779 1814 3847 γενό-

238 3885 422 3936 μενοι,
451 3868 543 3919 καὶ
572 3870 637 3936 τῇ
664 3870 742 3929 είς
772 3867 1010 3936 Χριστὸν
1043 3868 1234 3940 ἀγάπῃ
1263 3871 1362 3937 τὴν
1387 3867 1566 3938 ψυχὴν
1609 3885 1815 3938 τετρω-

237 3962 419 4026 μένοι,
452 3960 544 4009 καὶ
560 3961 678 4011 κατ’
710 3960 853 4027 ἴχνος
883 3960 1050 4013 αὑτοῦ
1083 3962 1205 4013 ὅσον
1231 3961 1451 4029 ἐφικτὸν
1472 3958 1808 4030 ἀνθρώποις,

242 4050 387 4100 ἱέναι
432 4048 894 4119 προθυμούμενοι,
948 4051 1128 4102 πίστει
1179 4067 1238 4103 τε
1287 4049 1670 4120 ὲρηρεισμὲνοι
1722 4050 1818 4101 καὶ

238 4140 345 4204 τὴν
363 4137 553 4189 ἐλπίδα
575 4140 899 4208 κεκτημένοι
919 4140 1248 4210 ἀπλάνητον,
1268 4142 1361 4192 καὶ
1382 4139 1490 4193 τῶν
1515 4139 1816 4210 μελλόντων

237 4231 318 4284 ὡς
338 4230 614 4299 παρόντων
627 4231 727 4299 ἤδη
751 4232 1189 4302 ἀντειλημμένοι,
1214 4231 1320 4284 τῶν
1338 4233 1427 4283 ἐπὶ
1453 4231 1542 4300 γῆς
1562 4231 1818 4285 ἁπάντων

238 4320 320 4380 ὡς
344 4319 624 4388 ἐπικήρων
650 4322 743 4372 καὶ
765 4322 1018 4390 φθαρτῶν
1046 4323 1457 4392 κατεφρόνησαν
1476 4339 1489 4352 ο
1519 4324 1819 4392 χρημάτων

240 4427 300 4460 τε
330 4405 399 4461 αὗ
434 4413 525 4462 καὶ
546 4411 813 4481 σωμάτων
835 4414 1013 4465 αὐτῶν
1043 4414 1346 4482 ὑπερόπται
1373 4413 1630 4480 γεγόνασι
1665 4430 1678 4442 ·
1718 4413 1822 4466 τῶν

1986 3779 2074 3831 51.
2108 3777 2172 3831 lli
2201 3792 2331 3846 ergo
2354 3778 2523 3832 sancti
2552 3778 2753 3830 Christi
2781 3776 2906 3831 lacti
2936 3777 3260 3839 imitatores,
3287 3785 3340 3829 et
3362 3790 3489 3844 erga

1915 3871 2190 3925 Christum
2248 3870 2515 3924 charitate
2570 3870 2784 3938 penitus
2824 3868 3091 3922 vulnerati
3118 3907 3132 3930 ,
3170 3876 3224 3922 et
3265 3867 3489 3936 vestigia

1914 3963 2030 4030 ejus
2062 3970 2330 4030 quatenus
2382 3960 2583 4013 homini
2637 3959 2894 4025 possibile
2940 3970 3055 4023 est,
3107 3959 3356 4028 persequi
3400 3972 3493 4026 ge-

1914 4054 2163 4116 stientes,
2213 4050 2315 4103 ﬁde
2361 4050 2495 4114 nisi,
2535 4060 2588 4102 ct
2620 4050 2831 4102 llrmant
2865 4065 3017 4117 spem
3055 4052 3375 4110 retinentes,
3413 4064 3477 4101 ac

1926 4141 2102 4193 futura
2134 4150 2387 4208 tanquam
2433 4141 2715 4208 prmsentia
2741 4149 3043 4207 captantes,
3069 4149 3281 4193 terrena
3305 4139 3489 4193 o'unia

1926 4244 2022 4285 ceu
2052 4229 2252 4284 caduca
2276 4240 2330 4284 et
2363 4229 2728 4297 corruptibilis
2761 4238 3234 4297 contempserunt;
3269 4228 3481 4282 divitiar

1930 4339 2047 4375 rmn
2084 4337 2296 4391 quoque
2317 4332 2372 4376 et
2404 4323 2639 4390 ipsorum
2675 4338 2961 4392 corporum
3000 4322 3331 4392 negligentes
3367 4322 3485 4374 I’ue-

1932 4421 2073 4475 runt,
2116 4413 2241 4480 quia
2274 4425 2360 4467 res
2394 4412 2645 4466 cmlcstes
2678 4427 2741 4465 ac
2766 4413 3114 4467 sublimiores
3140 4412 3485 4481 appetebant.

240 4501 588 4564 ἐπουρανίων
622 4504 729 4574 γὰρ
781 4506 876 4558 καὶ
925 4505 1272 4575 ὑψηλοτέρων
1316 4504 1615 4574 ἐγλίχοντο.
1665 4504 1817 4557 πολι·
1849 4492 1895 4549 D

1849 4492 1895 4549 Ι)
1922 4503 2385 4557 conversationem
2434 4504 2485 4555 in
2529 4502 2688 4558 caelis
2743 4505 3005 4571 agendam
3053 4512 3327 4572 optantes.
3366 4502 3488 4556 ideo

238 4592 399 4642 τείαν
427 4591 675 4661 οὐράνιον
702 4595 1113 4663 ἀσπασάμενοι·
1137 4593 1217 4647 διὸ
1243 4595 1420 4648 πάντα
1451 4594 1695 4647 σκύϐαλα
1724 4594 1815 4647 διὰ

238 4686 347 4754 τὴν
371 4687 452 4747 εἰς
480 4687 570 4738 τὸν
606 4688 881 4740 κτίσαντα
937 4689 1177 4757 ἀγάπην,
1223 4688 1364 4741 κατὰ
1387 4688 1478 4740 τὸν
1519 4686 1813 4756 μαρτύρων

237 4775 477 4845 ἔξαρχον
502 4777 763 4846 ἥγηνται·
794 4778 935 4830 οὕτω
977 4780 1069 4831 τὸν
1117 4780 1347 4850 σταυρὸν
1392 4780 1680 4849 ἀράμενοι,
1722 4779 1815 4831 καί

238 4866 349 4933 τὴν
381 4866 684 4919 πανοπλίαν
716 4868 1080 4931 ἀναλαϐόντες
1113 4870 1206 4922 τοῦ
1242 4867 1574 4938 πνεύματος,
1598 4867 1676 4937 τῷ
1708 4866 1813 4919 θὼς

242 4954 382 5025 ρακί
409 4973 465 5007 τε
498 4959 593 5025 τῆς
646 4959 880 5021 πίστεως
932 4960 1294 5029 φραξάμενοι,
1351 4959 1443 5013 καί
1478 4958 1572 5011 τοῦ
1621 4958 1815 5029 θυρεοῦ

241 5047 350 5114 τῆς
381 5046 595 5109 ὲλτιτίδος
620 5048 965 5117 δραξάμενοι,
1001 5049 1091 5102 καὶ
1125 5051 1226 5119 τὴν
1258 5050 1693 5118 περικεφαλαίαν
1718 5048 1812 5100 τοῦ

244 5139 526 5207 σωτηρίου
562 5139 981 5208 περιὸαλόμενοι
1012 5157 1025 5170 ο
1053 5141 1127 5204 ὡς
1160 5140 1223 5210 δὴ
1246 5140 1343 5210 τὴν
1375 5139 1431 5203 ἐξ
1464 5141 1628 5208 ὕψους
1658 5138 1817 5192 δύνα-

325 5339 349 5369 ³
390 5338 588 5409 Philip.
625 5355 710 5401 ιιι.
741 5340 793 5394 8.

328 5536 445 5599 ((32)
480 5534 670 5600 Incipit
696 5536 817 5589 hinc
842 5536 979 5604 apud
1016 5536 1371 5605 Nicephorum
1402 5540 1639 5595 laudatio
1664 5556 1808 5595 mar-

249 5619 461 5677 tyrum,
511 5618 629 5677 quae
667 5606 870 5677 utiliter
906 5608 1214 5662 conferetur
1244 5624 1378 5677 cum
1414 5610 1499 5663 illa
1543 5612 1808 5664 Constan-

248 5674 357 5729 lini
403 5675 612 5726 diaconi
659 5688 687 5725 a
740 5676 890 5746 nobis
938 5677 1080 5728 edita
1120 5679 1171 5730 in
1225 5676 1407 5746 Spicil.
1455 5678 1605 5733 liam.
1645 5688 1681 5733 ι.
1733 5679 1804 5745 Χ,

250 5758 526 5817 quamque
569 5758 681 5817 pne
709 5745 1157 5817 ortilis__halmissc
1199 5748 1409 5800 videtur
1454 5748 1805 5817 Nicephorius,

250 5813 557 5884 prmscrtim
597 5813 718 5880 quia
769 5814 819 5867 in
867 5814 1079 5870 Νιριιξιιςι
1131 5821 1366 5886 synodo,
1417 5820 1499 5873 cui
1542 5813 1806 5889 Niccplm;

1920 4602 2116 4646 cuncta
2168 4608 2264 4646 ceu
2312 4604 2555 4648 stercora
2600 4609 2708 4661 pne
2753 4595 3024 4648 Creatoris
3064 4609 3283 4657 amore,
3335 4592 3487 4662 juxta

1921 4694 2215 4753 martyrum
2278 4696 2631 4749 summatem,
2689 4685 3096 4738 arbitrabantur
3147 4685 3188 4739 ⁸.
3240 4686 3333 4739 Sic
3381 4685 3481 4739 sibi

1918 4791 2133 4831 crucem
2176 4777 2442 4839 tollentes,
2472 4786 2526 4829 et
2553 4787 2886 4829 armaturam
2922 4776 3042 4831 ﬁdei
3085 4778 3386 4845 capientes,
3421 4786 3477 4830 et

1922 4866 2043 4920 lidei
2076 4866 2237 4920 lorica
2275 4867 2485 4928 muniti,
2516 4876 2834 4934 scutumque
2862 4865 2982 4919 tidei
3010 4867 3356 4935 arripientes,
3384 4882 3481 4935 ga-

1920 4956 2054 5008 leam
2086 4970 2299 5023 qnoqnc
2353 4955 2642 5008 salutarem
2696 4954 2800 5009 sibi
2837 4956 3326 5023 circumponentes,
3365 4966 3486 5013 tan-

1920 5059 2081 5111 quam
2107 5059 2173 5097 ex
2199 5044 2307 5097 alto
2336 5044 2479 5097 vires
2521 5045 2904 5114 suscipientes,
2934 5045 3135 5100 Christi
3169 5045 3478 5113 passionem

1921 5137 2268 5201 a-mulantes,
2325 5137 2533 5192 fortiter
2601 5138 2973 5203 decertantes,
3044 5138 3231 5195 invicti
3285 5139 3485 5198 milites

1922 5558 2014 5597 rus
2038 5558 2251 5611 quoque
2288 5543 2548 5606 interluit,
2575 5558 2751 5598 sermo
2780 5545 2867 5598 illc
2891 5544 3228 5600 Constantini
3252 5543 3480 5599 citatur.

1991 5616 2103 5681 (65)
2151 5614 2338 5667 Pareat
2385 5614 2711 5684 sententiam
2754 5615 2821 5668 de
2870 5626 3168 5684 martyrum
3221 5613 3482 5684 reliquiis,

1917 5697 2052 5746 quas
2100 5684 2354 5736 Saraceni
2416 5682 2818 5739 TIICSSulottit‘tB
2872 5681 3247 5745 violaverant,
3296 5681 3488 5737 scribit

1921 5752 2169 5807 Nu-olaus
2216 5755 2524 5823 patriarcha
2558 5754 2608 5807 in
2644 5768 2891 5812 sermone
2928 5770 3025 5810 suo
3056 5755 3195 5823 apud
3238 5768 3335 5808 nos
3364 5749 3488 5820 Spi-

1917 5823 2007 5875 ctl.
2054 5834 2088 5878 ι.
2127 5823 2189 5889 Χ,
2226 5824 2379 5878 Ιίἰυί.
2417 5840 2465 5893 p.
2497 5823 2583 5877 27.
