  <div class='ocr_page' id='page_1' title='image "/cluster/home/n/w/nwhite01/storage/ocr_20150623/100/nnc1.0046980229/241.png"; bbox 0 0 4220 6442; ppageno 0'>
   <div class='ocr_carea' id='block_1_1' title="bbox 754 416 855 481">
    <p class='ocr_par' dir='ltr' id='par_1_1' title="bbox 754 416 855 481">
     <span class='ocr_line' id='line_1_1' title="bbox 754 416 855 481; baseline 0.02 -3"><span class='ocrx_word' id='word_1_1' title='bbox 754 416 855 481; x_wconf 67' lang='lat'><strong>4&#39;31</strong></span> 
     </span>
    </p>
   </div>
   <div class='ocr_carea' id='block_1_2' title="bbox 1776 414 2355 481">
    <p class='ocr_par' dir='ltr' id='par_1_2' title="bbox 1776 414 2355 475">
     <span class='ocr_line' id='line_1_2' title="bbox 1776 414 2355 475; baseline 0 -1"><span class='ocrx_word' id='word_1_2' title='bbox 1776 414 1837 474; x_wconf 90' lang='lat' dir='ltr'><strong>S.</strong></span> <span class='ocrx_word' id='word_1_3' title='bbox 1880 414 2293 475; x_wconf 78' lang='lat' dir='ltr'><strong>NICEPIIORI</strong></span> <span class='ocrx_word' id='word_1_4' title='bbox 2338 416 2355 474; x_wconf 91' lang='grc' dir='ltr'><strong>Ι</strong></span> 
     </span>
    </p>
   </div>
   <div class='ocr_carea' id='block_1_3' title="bbox 2433 414 4023 481">
    <p class='ocr_par' dir='ltr' id='par_1_3' title="bbox 2433 414 4023 481">
     <span class='ocr_line' id='line_1_3' title="bbox 2433 414 4023 481; baseline 0.004 -8"><span class='ocrx_word' id='word_1_5' title='bbox 2433 414 2842 474; x_wconf 58' lang='lat' dir='ltr'><strong>TRIARCIIIE</strong></span> <span class='ocrx_word' id='word_1_6' title='bbox 2880 415 2986 474; x_wconf 72' lang='grc' dir='ltr'><strong>ΟΡ.</strong></span> <span class='ocrx_word' id='word_1_7' title='bbox 3033 439 3042 450; x_wconf 70' lang='grc' dir='ltr'><strong><em>ο</em></strong></span> <span class='ocrx_word' id='word_1_8' title='bbox 3256 458 3265 465; x_wconf 78' lang='grc'><strong>.</strong></span> <span class='ocrx_word' id='word_1_9' title='bbox 3913 415 4023 481; x_wconf 68' lang='grc' dir='ltr'><strong>ιῖΖ</strong></span> 
     </span>
    </p>
   </div>
   <div class='ocr_carea' id='block_1_4' title="bbox 762 506 2355 596">
    <p class='ocr_par' dir='ltr' id='par_1_4' title="bbox 762 521 2331 596">
     <span class='ocr_line' id='line_1_4' title="bbox 762 521 2331 596; baseline -0.002 -16"><span class='ocrx_word' id='word_1_10' title='bbox 762 528 939 594; x_wconf 86' lang='lat' dir='ltr'><strong>magni</strong></span> <span class='ocrx_word' id='word_1_11' title='bbox 972 525 1113 596; x_wconf 88' lang='lat' dir='ltr'><strong>regis</strong></span> <span class='ocrx_word' id='word_1_12' title='bbox 1145 532 1314 578; x_wconf 88' lang='lat' dir='ltr'><strong>semet</strong></span> <span class='ocrx_word' id='word_1_13' title='bbox 1341 521 1699 577; x_wconf 84' lang='lat' dir='ltr'><strong>ostenderunt</strong></span> <span class='ocrx_word' id='word_1_14' title='bbox 1717 531 1767 576; x_wconf 91' lang='lat' dir='ltr'><strong>et</strong></span> <span class='ocrx_word' id='word_1_15' title='bbox 1787 521 2003 577; x_wconf 74' lang='lat' dir='ltr'><strong>athleta:</strong></span> <span class='ocrx_word' id='word_1_16' title='bbox 2028 524 2331 593; x_wconf 88' lang='lat' dir='ltr'><strong>generosis-</strong></span> 
     </span>
    </p>
   </div>
   <div class='ocr_carea' id='block_1_5' title="bbox 2433 506 4021 596">
    <p class='ocr_par' dir='ltr' id='par_1_5' title="bbox 2439 506 4021 595">
     <span class='ocr_line' id='line_1_5' title="bbox 2439 506 4021 595; baseline 0.003 -21"><span class='ocrx_word' id='word_1_17' title='bbox 2439 541 2530 593; x_wconf 92' lang='grc' dir='ltr'><strong>μιν</strong></span> <span class='ocrx_word' id='word_1_18' title='bbox 2560 522 2867 593; x_wconf 80' lang='grc' dir='ltr'>δεξάμενοι,</span> <span class='ocrx_word' id='word_1_19' title='bbox 2904 524 2998 577; x_wconf 74' lang='grc' dir='ltr'><strong>καὶ</strong></span> <span class='ocrx_word' id='word_1_20' title='bbox 3031 506 3124 577; x_wconf 54' lang='grc' dir='ltr'><strong>τάι</strong></span> <span class='ocrx_word' id='word_1_21' title='bbox 3154 524 3303 594; x_wconf 86' lang='grc' dir='ltr'>πάθη</span> <span class='ocrx_word' id='word_1_22' title='bbox 3356 523 3595 595; x_wconf 76' lang='grc' dir='ltr'><strong>Χριστοῦ</strong></span> <span class='ocrx_word' id='word_1_23' title='bbox 3644 522 4021 595; x_wconf 72' lang='grc' dir='ltr'>ζηλώσαντες,</span> 
     </span>
    </p>
   </div>
   <div class='ocr_carea' id='block_1_6' title="bbox 758 620 2324 686">
    <p class='ocr_par' dir='ltr' id='par_1_6' title="bbox 758 620 2324 686">
     <span class='ocr_line' id='line_1_6' title="bbox 758 620 2324 686; baseline -0.003 -13"><span class='ocrx_word' id='word_1_24' title='bbox 758 624 902 676; x_wconf 56' lang='lat' dir='ltr'><strong>simi.</strong></span> <span class='ocrx_word' id='word_1_25' title='bbox 956 622 1046 675; x_wconf 78' lang='lat' dir='ltr'><strong>Sic</strong></span> <span class='ocrx_word' id='word_1_26' title='bbox 1103 620 1365 673; x_wconf 82' lang='lat' dir='ltr'><strong>adversus</strong></span> <span class='ocrx_word' id='word_1_27' title='bbox 1415 632 1658 671; x_wconf 88' lang='lat' dir='ltr'><strong>errorem</strong></span> <span class='ocrx_word' id='word_1_28' title='bbox 1731 626 1932 686; x_wconf 59' lang='lat' dir='ltr'><strong>tropaea</strong></span> <span class='ocrx_word' id='word_1_29' title='bbox 1994 626 2324 680; x_wconf 75' lang='lat' dir='ltr'><strong>erexerunt,</strong></span> 
     </span>
    </p>
   </div>
   <div class='ocr_carea' id='block_1_7' title="bbox 758 707 2329 779">
    <p class='ocr_par' dir='ltr' id='par_1_7' title="bbox 758 707 2329 779">
     <span class='ocr_line' id='line_1_7' title="bbox 758 707 2329 779; baseline -0.002 -14"><span class='ocrx_word' id='word_1_30' title='bbox 758 725 1078 779; x_wconf 88' lang='lat' dir='ltr'><strong>omnemque</strong></span> <span class='ocrx_word' id='word_1_31' title='bbox 1103 710 1406 763; x_wconf 85' lang='lat' dir='ltr'><strong>machinam</strong></span> <span class='ocrx_word' id='word_1_32' title='bbox 1438 707 1644 761; x_wconf 89' lang='lat' dir='ltr'><strong>inimici</strong></span> <span class='ocrx_word' id='word_1_33' title='bbox 1676 717 2074 776; x_wconf 79' lang='lat' dir='ltr'><strong>expugnarunt,</strong></span> <span class='ocrx_word' id='word_1_34' title='bbox 2103 716 2329 762; x_wconf 87' lang='lat' dir='ltr'><strong>cunctas</strong></span> 
     </span>
    </p>
   </div>
   <div class='ocr_carea' id='block_1_8' title="bbox 760 792 2328 872">
    <p class='ocr_par' dir='ltr' id='par_1_8' title="bbox 760 792 2328 872">
     <span class='ocr_line' id='line_1_8' title="bbox 760 792 2328 872; baseline 0.001 -22"><span class='ocrx_word' id='word_1_35' title='bbox 760 804 876 872; x_wconf 70' lang='lat' dir='ltr'><strong>t-jns</strong></span> <span class='ocrx_word' id='word_1_36' title='bbox 922 802 1063 855; x_wconf 81' lang='lat' dir='ltr'><strong>vires</strong></span> <span class='ocrx_word' id='word_1_37' title='bbox 1104 799 1485 860; x_wconf 80' lang='lat' dir='ltr'><strong>dissolverant,</strong></span> <span class='ocrx_word' id='word_1_38' title='bbox 1530 798 1711 851; x_wconf 85' lang='lat' dir='ltr'><strong>omnia</strong></span> <span class='ocrx_word' id='word_1_39' title='bbox 1758 792 1860 852; x_wconf 84' lang='lat' dir='ltr'><strong>tela</strong></span> <span class='ocrx_word' id='word_1_40' title='bbox 1896 796 2136 864; x_wconf 83' lang='lat' dir='ltr'><strong>ejusdem</strong></span> <span class='ocrx_word' id='word_1_41' title='bbox 2173 799 2328 867; x_wconf 86' lang='lat' dir='ltr'><strong>ignea</strong></span> 
     </span>
    </p>
   </div>
   <div class='ocr_carea' id='block_1_9' title="bbox 760 890 2328 955">
    <p class='ocr_par' dir='ltr' id='par_1_9' title="bbox 760 890 2328 955">
     <span class='ocr_line' id='line_1_9' title="bbox 760 890 2328 955; baseline -0.003 -9"><span class='ocrx_word' id='word_1_42' title='bbox 760 892 1172 955; x_wconf 77' lang='lat' dir='ltr'><strong>exstinxeront,</strong></span> <span class='ocrx_word' id='word_1_43' title='bbox 1214 900 1269 945; x_wconf 92' lang='lat' dir='ltr'><strong>et</strong></span> <span class='ocrx_word' id='word_1_44' title='bbox 1296 890 1632 943; x_wconf 89' lang='lat' dir='ltr'><strong>dominatum</strong></span> <span class='ocrx_word' id='word_1_45' title='bbox 1681 890 1853 943; x_wconf 81' lang='lat' dir='ltr'><strong>valide</strong></span> <span class='ocrx_word' id='word_1_46' title='bbox 1903 891 2328 943; x_wconf 82' lang='lat' dir='ltr'><strong>destruxerunt:</strong></span> 
     </span>
    </p>
   </div>
   <div class='ocr_carea' id='block_1_10' title="bbox 758 981 2333 1038">
    <p class='ocr_par' dir='ltr' id='par_1_10' title="bbox 758 981 2333 1038">
     <span class='ocr_line' id='line_1_10' title="bbox 758 981 2333 1038; baseline -0.003 -1"><span class='ocrx_word' id='word_1_47' title='bbox 758 992 983 1038; x_wconf 82' lang='lat' dir='ltr'><strong>cunctas</strong></span> <span class='ocrx_word' id='word_1_48' title='bbox 1032 984 1403 1037; x_wconf 87' lang='lat' dir='ltr'><strong>ministrorum</strong></span> <span class='ocrx_word' id='word_1_49' title='bbox 1459 981 1658 1035; x_wconf 90' lang='lat' dir='ltr'><strong>diaboli</strong></span> <span class='ocrx_word' id='word_1_50' title='bbox 1710 981 2019 1035; x_wconf 87' lang='lat' dir='ltr'><strong>molitiones</strong></span> <span class='ocrx_word' id='word_1_51' title='bbox 2058 995 2122 1035; x_wconf 87' lang='lat' dir='ltr'><strong>ac</strong></span> <span class='ocrx_word' id='word_1_52' title='bbox 2157 981 2333 1033; x_wconf 85' lang='lat' dir='ltr'><strong>minas</strong></span> 
     </span>
    </p>
   </div>
   <div class='ocr_carea' id='block_1_11' title="bbox 761 1073 2332 1144">
    <p class='ocr_par' dir='ltr' id='par_1_11' title="bbox 761 1073 2332 1144">
     <span class='ocr_line' id='line_1_11' title="bbox 761 1073 2332 1144; baseline -0.003 -17"><span class='ocrx_word' id='word_1_53' title='bbox 761 1079 1121 1144; x_wconf 75' lang='lat' dir='ltr'><strong>tlespuernnt,</strong></span> <span class='ocrx_word' id='word_1_54' title='bbox 1186 1073 1484 1142; x_wconf 70' lang='lat' dir='ltr'><strong>quamlibet</strong></span> <span class='ocrx_word' id='word_1_55' title='bbox 1553 1075 1793 1140; x_wconf 91' lang='lat' dir='ltr'><strong>ipsorum</strong></span> <span class='ocrx_word' id='word_1_56' title='bbox 1850 1073 2115 1126; x_wconf 70' lang='lat' dir='ltr'><strong>smvitiam</strong></span> <span class='ocrx_word' id='word_1_57' title='bbox 2169 1082 2332 1140; x_wconf 81' lang='lat' dir='ltr'><strong>attpte</strong></span> 
     </span>
    </p>
   </div>
   <div class='ocr_carea' id='block_1_12' title="bbox 765 1161 2332 1230">
    <p class='ocr_par' dir='ltr' id='par_1_12' title="bbox 765 1161 2332 1230">
     <span class='ocr_line' id='line_1_12' title="bbox 765 1161 2332 1230; baseline -0.003 -12"><span class='ocrx_word' id='word_1_58' title='bbox 765 1166 1006 1218; x_wconf 81' lang='lat' dir='ltr'><strong>fraudem</strong></span> <span class='ocrx_word' id='word_1_59' title='bbox 1042 1164 1317 1230; x_wconf 71' lang='lat' dir='ltr'><strong>aspernati</strong></span> <span class='ocrx_word' id='word_1_60' title='bbox 1348 1174 1491 1225; x_wconf 87' lang='lat' dir='ltr'><strong>sunt,</strong></span> <span class='ocrx_word' id='word_1_61' title='bbox 1529 1162 1740 1215; x_wconf 89' lang='lat' dir='ltr'><strong>fortiter</strong></span> <span class='ocrx_word' id='word_1_62' title='bbox 1773 1161 2110 1228; x_wconf 84' lang='lat' dir='ltr'><strong>viriliterque</strong></span> <span class='ocrx_word' id='word_1_63' title='bbox 2144 1163 2332 1214; x_wconf 69' lang='lat' dir='ltr'><strong>adnuo-</strong></span> 
     </span>
    </p>
   </div>
   <div class='ocr_carea' id='block_1_13' title="bbox 764 1252 2335 1309">
    <p class='ocr_par' dir='ltr' id='par_1_13' title="bbox 764 1252 2335 1309">
     <span class='ocr_line' id='line_1_13' title="bbox 764 1252 2335 1309; baseline 0.001 -4"><span class='ocrx_word' id='word_1_64' title='bbox 764 1259 891 1309; x_wconf 71' lang='lat' dir='ltr'><strong>tlnm</strong></span> <span class='ocrx_word' id='word_1_65' title='bbox 922 1256 1135 1309; x_wconf 88' lang='lat' dir='ltr'><strong>illorum</strong></span> <span class='ocrx_word' id='word_1_66' title='bbox 1183 1256 1435 1309; x_wconf 78' lang='lat' dir='ltr'><strong>artificiis</strong></span> <span class='ocrx_word' id='word_1_67' title='bbox 1481 1254 1833 1308; x_wconf 87' lang='lat' dir='ltr'><strong>obstiterunt.</strong></span> <span class='ocrx_word' id='word_1_68' title='bbox 1871 1252 2009 1307; x_wconf 81' lang='lat' dir='ltr'><strong>Vere</strong></span> <span class='ocrx_word' id='word_1_69' title='bbox 2040 1255 2250 1306; x_wconf 82' lang='lat' dir='ltr'><strong>firmam</strong></span> <span class='ocrx_word' id='word_1_70' title='bbox 2280 1262 2335 1307; x_wconf 86' lang='lat' dir='ltr'><strong>et</strong></span> 
     </span>
    </p>
   </div>
   <div class='ocr_carea' id='block_1_14' title="bbox 763 1344 2335 1413">
    <p class='ocr_par' dir='ltr' id='par_1_14' title="bbox 763 1344 2335 1413">
     <span class='ocr_line' id='line_1_14' title="bbox 763 1344 2335 1413; baseline -0.001 -15"><span class='ocrx_word' id='word_1_71' title='bbox 763 1346 1147 1401; x_wconf 87' lang='lat' dir='ltr'><strong>indeelinatam</strong></span> <span class='ocrx_word' id='word_1_72' title='bbox 1191 1361 1317 1413; x_wconf 89' lang='lat' dir='ltr'><strong>erga</strong></span> <span class='ocrx_word' id='word_1_73' title='bbox 1354 1345 1520 1399; x_wconf 90' lang='lat' dir='ltr'><strong>Deum</strong></span> <span class='ocrx_word' id='word_1_74' title='bbox 1570 1344 1901 1398; x_wconf 76' lang='lat' dir='ltr'><strong>voluntatem</strong></span> <span class='ocrx_word' id='word_1_75' title='bbox 1955 1345 2238 1411; x_wconf 82' lang='lat' dir='ltr'><strong>gerebant,</strong></span> <span class='ocrx_word' id='word_1_76' title='bbox 2280 1353 2335 1397; x_wconf 92' lang='lat' dir='ltr'><strong>et</strong></span> 
     </span>
    </p>
   </div>
   <div class='ocr_carea' id='block_1_15' title="bbox 766 1432 2355 1503">
    <p class='ocr_par' dir='ltr' id='par_1_15' title="bbox 766 1432 2355 1503">
     <span class='ocr_line' id='line_1_15' title="bbox 766 1432 2355 1503; baseline -0.002 -15"><span class='ocrx_word' id='word_1_77' title='bbox 766 1436 995 1492; x_wconf 79' lang='lat' dir='ltr'><strong>inflictos</strong></span> <span class='ocrx_word' id='word_1_78' title='bbox 1024 1438 1296 1491; x_wconf 86' lang='lat' dir='ltr'><strong>cruciatus</strong></span> <span class='ocrx_word' id='word_1_79' title='bbox 1325 1437 1469 1489; x_wconf 90' lang='lat' dir='ltr'><strong>velut</strong></span> <span class='ocrx_word' id='word_1_80' title='bbox 1500 1436 1553 1488; x_wconf 93' lang='lat' dir='ltr'><strong>in</strong></span> <span class='ocrx_word' id='word_1_81' title='bbox 1585 1434 1776 1488; x_wconf 87' lang='lat' dir='ltr'><strong>alienis</strong></span> <span class='ocrx_word' id='word_1_82' title='bbox 1802 1432 2122 1501; x_wconf 80' lang='lat' dir='ltr'><strong>corporibus</strong></span> <span class='ocrx_word' id='word_1_83' title='bbox 2152 1433 2355 1503; x_wconf 4' lang='lat' dir='ltr'><strong>perfe-q</strong></span> 
     </span>
    </p>
   </div>
   <div class='ocr_carea' id='block_1_16' title="bbox 766 1524 2336 1594">
    <p class='ocr_par' dir='ltr' id='par_1_16' title="bbox 766 1524 2336 1594">
     <span class='ocr_line' id='line_1_16' title="bbox 766 1524 2336 1594; baseline -0.002 -13"><span class='ocrx_word' id='word_1_84' title='bbox 766 1540 981 1591; x_wconf 84' lang='lat' dir='ltr'><strong>rentes,</strong></span> <span class='ocrx_word' id='word_1_85' title='bbox 1035 1544 1099 1581; x_wconf 90' lang='lat' dir='ltr'><strong>ac</strong></span> <span class='ocrx_word' id='word_1_86' title='bbox 1155 1539 1358 1580; x_wconf 72' lang='lat' dir='ltr'><strong>natura:</strong></span> <span class='ocrx_word' id='word_1_87' title='bbox 1413 1525 1811 1594; x_wconf 88' lang='lat' dir='ltr'><strong>quodammodo</strong></span> <span class='ocrx_word' id='word_1_88' title='bbox 1872 1524 2062 1586; x_wconf 86' lang='lat' dir='ltr'><strong>obliti,</strong></span> <span class='ocrx_word' id='word_1_89' title='bbox 2123 1524 2336 1578; x_wconf 80' lang='lat' dir='ltr'><strong>labores</strong></span> 
     </span>
    </p>
   </div>
   <div class='ocr_carea' id='block_1_17' title="bbox 764 1611 2339 1687">
    <p class='ocr_par' dir='ltr' id='par_1_17' title="bbox 764 1611 2339 1687">
     <span class='ocr_line' id='line_1_17' title="bbox 764 1611 2339 1687; baseline -0.004 -12"><span class='ocrx_word' id='word_1_90' title='bbox 764 1622 1099 1679; x_wconf 85' lang='lat' dir='ltr'><strong>tolerabant;</strong></span> <span class='ocrx_word' id='word_1_91' title='bbox 1127 1611 1341 1687; x_wconf 80' lang='lat' dir='ltr'><strong>pietatis</strong></span> <span class='ocrx_word' id='word_1_92' title='bbox 1366 1618 1597 1671; x_wconf 82' lang='lat' dir='ltr'><strong>stadium</strong></span> <span class='ocrx_word' id='word_1_93' title='bbox 1620 1627 1811 1671; x_wconf 90' lang='lat' dir='ltr'><strong>contra</strong></span> <span class='ocrx_word' id='word_1_94' title='bbox 1830 1616 2169 1687; x_wconf 83' lang='lat' dir='ltr'><strong>polytlteismi</strong></span> <span class='ocrx_word' id='word_1_95' title='bbox 2193 1630 2339 1669; x_wconf 82' lang='lat' dir='ltr'><strong>erro-</strong></span> 
     </span>
    </p>
   </div>
   <div class='ocr_carea' id='block_1_18' title="bbox 766 1706 2333 1777">
    <p class='ocr_par' dir='ltr' id='par_1_18' title="bbox 766 1706 2333 1777">
     <span class='ocr_line' id='line_1_18' title="bbox 766 1706 2333 1777; baseline -0.004 -12"><span class='ocrx_word' id='word_1_96' title='bbox 766 1728 877 1765; x_wconf 88' lang='lat' dir='ltr'><strong>rem</strong></span> <span class='ocrx_word' id='word_1_97' title='bbox 910 1714 1282 1773; x_wconf 83' lang='lat' dir='ltr'><strong>decurrentes,</strong></span> <span class='ocrx_word' id='word_1_98' title='bbox 1317 1710 1368 1762; x_wconf 92' lang='lat' dir='ltr'><strong>in</strong></span> <span class='ocrx_word' id='word_1_99' title='bbox 1400 1710 1573 1777; x_wconf 91' lang='lat' dir='ltr'><strong>ignem</strong></span> <span class='ocrx_word' id='word_1_100' title='bbox 1608 1708 1773 1761; x_wconf 86' lang='lat' dir='ltr'><strong>veluti</strong></span> <span class='ocrx_word' id='word_1_101' title='bbox 1804 1722 1979 1760; x_wconf 90' lang='lat' dir='ltr'><strong>rorem</strong></span> <span class='ocrx_word' id='word_1_102' title='bbox 2014 1706 2333 1770; x_wconf 86' lang='lat' dir='ltr'><strong>insilientes,</strong></span> 
     </span>
    </p>
   </div>
   <div class='ocr_carea' id='block_1_19' title="bbox 764 1798 2333 1857">
    <p class='ocr_par' dir='ltr' id='par_1_19' title="bbox 764 1798 2333 1857">
     <span class='ocr_line' id='line_1_19' title="bbox 764 1798 2333 1857; baseline -0.004 0"><span class='ocrx_word' id='word_1_103' title='bbox 764 1803 1309 1857; x_wconf 79' lang='lat' dir='ltr'><strong>ltorrendissimaront</strong></span> <span class='ocrx_word' id='word_1_104' title='bbox 1354 1800 1593 1853; x_wconf 87' lang='lat' dir='ltr'><strong>ferarum</strong></span> <span class='ocrx_word' id='word_1_105' title='bbox 1644 1800 1835 1853; x_wconf 87' lang='lat' dir='ltr'><strong>dentes</strong></span> <span class='ocrx_word' id='word_1_106' title='bbox 1866 1806 1921 1851; x_wconf 89' lang='lat' dir='ltr'><strong>et</strong></span> <span class='ocrx_word' id='word_1_107' title='bbox 1958 1798 2160 1851; x_wconf 81' lang='lat' dir='ltr'><strong>rabiem</strong></span> <span class='ocrx_word' id='word_1_108' title='bbox 2194 1798 2333 1851; x_wconf 88' lang='lat' dir='ltr'><strong>haud</strong></span> 
     </span>
    </p>
   </div>
   <div class='ocr_carea' id='block_1_20' title="bbox 2432 614 4021 687">
    <p class='ocr_par' dir='ltr' id='par_1_20' title="bbox 2432 614 4021 687">
     <span class='ocr_line' id='line_1_20' title="bbox 2432 614 4021 687; baseline 0.003 -21"><span class='ocrx_word' id='word_1_109' title='bbox 2432 614 2702 678; x_wconf 84' lang='grc' dir='ltr'>εὐσθενῶς</span> <span class='ocrx_word' id='word_1_110' title='bbox 2741 617 3159 686; x_wconf 79' lang='grc' dir='ltr'>ἀριστεύοντες,</span> <span class='ocrx_word' id='word_1_111' title='bbox 3219 618 3475 687; x_wconf 79' lang='grc' dir='ltr'><strong>ἀήττητοι</strong></span> <span class='ocrx_word' id='word_1_112' title='bbox 3532 618 3865 685; x_wconf 88' lang='grc' dir='ltr'>στρατιῶται</span> <span class='ocrx_word' id='word_1_113' title='bbox 3917 620 4021 670; x_wconf 75' lang='grc' dir='ltr'><strong>τοῦ</strong></span> 
     </span>
    </p>
   </div>
   <div class='ocr_carea' id='block_1_21' title="bbox 2436 699 4023 778">
    <p class='ocr_par' dir='ltr' id='par_1_21' title="bbox 2436 699 4023 778">
     <span class='ocr_line' id='line_1_21' title="bbox 2436 699 4023 778; baseline 0.003 -21"><span class='ocrx_word' id='word_1_114' title='bbox 2436 705 2676 775; x_wconf 84' lang='grc' dir='ltr'>μεγάλου</span> <span class='ocrx_word' id='word_1_115' title='bbox 2724 707 2989 773; x_wconf 78' lang='grc' dir='ltr'>βασιλέως</span> <span class='ocrx_word' id='word_1_116' title='bbox 3037 708 3430 777; x_wconf 82' lang='grc' dir='ltr'>ἀνεδείχθησαν</span> <span class='ocrx_word' id='word_1_117' title='bbox 3450 751 3464 772; x_wconf 90' lang='grc'><strong>,</strong></span> <span class='ocrx_word' id='word_1_118' title='bbox 3498 699 3592 759; x_wconf 77' lang='grc' dir='ltr'><strong>καὶ</strong></span> <span class='ocrx_word' id='word_1_119' title='bbox 3624 708 3857 762; x_wconf 74' lang='grc' dir='ltr'>ἀθληταὶ</span> <span class='ocrx_word' id='word_1_120' title='bbox 3885 727 4023 778; x_wconf 85' lang='grc' dir='ltr'>γεν-</span> 
     </span>
    </p>
   </div>
   <div class='ocr_carea' id='block_1_22' title="bbox 2432 796 4021 868">
    <p class='ocr_par' dir='ltr' id='par_1_22' title="bbox 2432 796 4021 868">
     <span class='ocr_line' id='line_1_22' title="bbox 2432 796 4021 868; baseline 0.004 -21"><span class='ocrx_word' id='word_1_121' title='bbox 2432 796 2704 848; x_wconf 84' lang='grc' dir='ltr'>ναιότατοι</span> <span class='ocrx_word' id='word_1_122' title='bbox 2729 815 2743 827; x_wconf 62' lang='grc'><strong>⁸</strong></span> <span class='ocrx_word' id='word_1_123' title='bbox 2777 797 2921 850; x_wconf 75' lang='grc' dir='ltr'>οὓτω</span> <span class='ocrx_word' id='word_1_124' title='bbox 2941 798 3083 851; x_wconf 75' lang='grc' dir='ltr'>κατά</span> <span class='ocrx_word' id='word_1_125' title='bbox 3105 799 3205 868; x_wconf 84' lang='grc' dir='ltr'><strong>τῆς</strong></span> <span class='ocrx_word' id='word_1_126' title='bbox 3233 800 3443 867; x_wconf 81' lang='grc' dir='ltr'><strong>πλάνης</strong></span> <span class='ocrx_word' id='word_1_127' title='bbox 3473 799 3714 867; x_wconf 78' lang='grc' dir='ltr'>ἔστησαν</span> <span class='ocrx_word' id='word_1_128' title='bbox 3744 800 4021 868; x_wconf 86' lang='grc' dir='ltr'>τρόπαια,</span> 
     </span>
    </p>
   </div>
   <div class='ocr_carea' id='block_1_23' title="bbox 2434 871 4019 959">
    <p class='ocr_par' dir='ltr' id='par_1_23' title="bbox 2434 871 4019 959">
     <span class='ocr_line' id='line_1_23' title="bbox 2434 871 4019 959; baseline 0.003 -21"><span class='ocrx_word' id='word_1_129' title='bbox 2434 871 2524 938; x_wconf 69' lang='grc' dir='ltr'><strong>καὶ</strong></span> <span class='ocrx_word' id='word_1_130' title='bbox 2551 888 2731 939; x_wconf 75' lang='grc' dir='ltr'>πᾶσαν</span> <span class='ocrx_word' id='word_1_131' title='bbox 2784 888 2882 957; x_wconf 75' lang='grc' dir='ltr'><strong>μὲν</strong></span> <span class='ocrx_word' id='word_1_132' title='bbox 2930 890 3181 958; x_wconf 77' lang='grc' dir='ltr'>μηχανὴν</span> <span class='ocrx_word' id='word_1_133' title='bbox 3236 889 3330 941; x_wconf 73' lang='grc' dir='ltr'>τοῦ</span> <span class='ocrx_word' id='word_1_134' title='bbox 3374 888 3571 959; x_wconf 77' lang='grc' dir='ltr'>ἐχθροῦ</span> <span class='ocrx_word' id='word_1_135' title='bbox 3617 888 4019 959; x_wconf 74' lang='grc' dir='ltr'>ἐξεπόρθησαν,</span> 
     </span>
    </p>
   </div>
   <div class='ocr_carea' id='block_1_24' title="bbox 2434 978 4021 1050">
    <p class='ocr_par' dir='ltr' id='par_1_24' title="bbox 2434 978 4021 1050">
     <span class='ocr_line' id='line_1_24' title="bbox 2434 978 4021 1050; baseline 0.002 -20"><span class='ocrx_word' id='word_1_136' title='bbox 2434 980 2614 1032; x_wconf 82' lang='grc' dir='ltr'>πᾶσαν</span> <span class='ocrx_word' id='word_1_137' title='bbox 2636 979 2701 1031; x_wconf 78' lang='grc' dir='ltr'><strong>δὲ</strong></span> <span class='ocrx_word' id='word_1_138' title='bbox 2731 978 2896 1033; x_wconf 74' lang='grc' dir='ltr'>αὐτοῦ</span> <span class='ocrx_word' id='word_1_139' title='bbox 2927 981 3025 1050; x_wconf 76' lang='grc' dir='ltr'>τὴν</span> <span class='ocrx_word' id='word_1_140' title='bbox 3051 981 3285 1048; x_wconf 84' lang='grc' dir='ltr'>δύναμιν</span> <span class='ocrx_word' id='word_1_141' title='bbox 3327 980 3790 1043; x_wconf 87' lang='grc' dir='ltr'>καταλελύκεσαν,</span> <span class='ocrx_word' id='word_1_142' title='bbox 3830 981 4021 1033; x_wconf 83' lang='grc' dir='ltr'>πάντα</span> 
     </span>
    </p>
   </div>
   <div class='ocr_carea' id='block_1_25' title="bbox 2433 1067 4023 1138">
    <p class='ocr_par' dir='ltr' id='par_1_25' title="bbox 2433 1067 4023 1138">
     <span class='ocr_line' id='line_1_25' title="bbox 2433 1067 4023 1138; baseline 0.001 -18"><span class='ocrx_word' id='word_1_143' title='bbox 2433 1069 2503 1121; x_wconf 80' lang='grc' dir='ltr'><strong>τά</strong></span> <span class='ocrx_word' id='word_1_144' title='bbox 2556 1070 2928 1137; x_wconf 76' lang='grc' dir='ltr'>πεπυρωμένα</span> <span class='ocrx_word' id='word_1_145' title='bbox 2967 1069 3096 1138; x_wconf 83' lang='grc' dir='ltr'>βέλη</span> <span class='ocrx_word' id='word_1_146' title='bbox 3158 1069 3329 1123; x_wconf 76' lang='grc' dir='ltr'>αὐτοῦ</span> <span class='ocrx_word' id='word_1_147' title='bbox 3392 1067 3757 1133; x_wconf 78' lang='grc' dir='ltr'>κατέσϐεσαν,</span> <span class='ocrx_word' id='word_1_148' title='bbox 3806 1070 3904 1122; x_wconf 76' lang='grc' dir='ltr'><strong>καὶ</strong></span> <span class='ocrx_word' id='word_1_149' title='bbox 3957 1073 4023 1122; x_wconf 79' lang='grc' dir='ltr'><strong>τὸ</strong></span> 
     </span>
    </p>
   </div>
   <div class='ocr_carea' id='block_1_26' title="bbox 2434 1159 4023 1227">
    <p class='ocr_par' dir='ltr' id='par_1_26' title="bbox 2434 1159 4023 1227">
     <span class='ocr_line' id='line_1_26' title="bbox 2434 1159 4023 1227; baseline 0 -17"><span class='ocrx_word' id='word_1_150' title='bbox 2434 1160 2635 1226; x_wconf 84' lang='grc' dir='ltr'>κράτος</span> <span class='ocrx_word' id='word_1_151' title='bbox 2664 1159 2909 1212; x_wconf 77' lang='grc' dir='ltr'><strong>καθεῖλον</strong></span> <span class='ocrx_word' id='word_1_152' title='bbox 2943 1160 3208 1222; x_wconf 77' lang='grc' dir='ltr'><strong>νεανικῶς</strong></span> <span class='ocrx_word' id='word_1_153' title='bbox 3228 1174 3242 1189; x_wconf 88' lang='grc'>⁶</span> <span class='ocrx_word' id='word_1_154' title='bbox 3294 1159 3476 1223; x_wconf 87' lang='grc' dir='ltr'>πάσας</span> <span class='ocrx_word' id='word_1_155' title='bbox 3500 1160 3555 1211; x_wconf 81' lang='grc' dir='ltr'>δὲ</span> <span class='ocrx_word' id='word_1_156' title='bbox 3578 1160 3687 1211; x_wconf 90' lang='grc' dir='ltr'><strong>τῶν</strong></span> <span class='ocrx_word' id='word_1_157' title='bbox 3719 1161 4023 1227; x_wconf 85' lang='grc' dir='ltr'>ὑπηρετῶν</span> 
     </span>
    </p>
   </div>
   <div class='ocr_carea' id='block_1_27' title="bbox 2433 1248 4018 1319">
    <p class='ocr_par' dir='ltr' id='par_1_27' title="bbox 2433 1248 4018 1319">
     <span class='ocr_line' id='line_1_27' title="bbox 2433 1248 4018 1319; baseline -0.001 -20"><span class='ocrx_word' id='word_1_158' title='bbox 2433 1248 2527 1299; x_wconf 75' lang='grc' dir='ltr'>τοῦ</span> <span class='ocrx_word' id='word_1_159' title='bbox 2564 1248 2802 1319; x_wconf 81' lang='grc' dir='ltr'>πονηροῦ</span> <span class='ocrx_word' id='word_1_160' title='bbox 2831 1250 2928 1313; x_wconf 69' lang='grc' dir='ltr'><strong>τὰς</strong></span> <span class='ocrx_word' id='word_1_161' title='bbox 2973 1252 3221 1314; x_wconf 79' lang='grc' dir='ltr'><strong>ἐπινοίας</strong></span> <span class='ocrx_word' id='word_1_162' title='bbox 3254 1252 3349 1303; x_wconf 76' lang='grc' dir='ltr'>καὶ</span> <span class='ocrx_word' id='word_1_163' title='bbox 3391 1250 3627 1311; x_wconf 75' lang='grc' dir='ltr'>ἀπειλάς</span> <span class='ocrx_word' id='word_1_164' title='bbox 3672 1249 3978 1301; x_wconf 77' lang='grc' dir='ltr'>διέπτυσαν</span> <span class='ocrx_word' id='word_1_165' title='bbox 4004 1265 4018 1278; x_wconf 96' lang='grc'><strong>·</strong></span> 
     </span>
    </p>
   </div>
   <div class='ocr_carea' id='block_1_28' title="bbox 2436 1341 4021 1411">
    <p class='ocr_par' dir='ltr' id='par_1_28' title="bbox 2436 1341 4021 1411">
     <span class='ocr_line' id='line_1_28' title="bbox 2436 1341 4021 1411; baseline 0 -20"><span class='ocrx_word' id='word_1_166' title='bbox 2436 1341 2617 1409; x_wconf 86' lang='grc' dir='ltr'>πάσης</span> <span class='ocrx_word' id='word_1_167' title='bbox 2646 1341 2828 1394; x_wconf 84' lang='grc' dir='ltr'>αὐτῶν</span> <span class='ocrx_word' id='word_1_168' title='bbox 2870 1342 3157 1411; x_wconf 83' lang='grc' dir='ltr'>ῶμότητός</span> <span class='ocrx_word' id='word_1_169' title='bbox 3193 1359 3251 1394; x_wconf 89' lang='grc' dir='ltr'><strong>τε</strong></span> <span class='ocrx_word' id='word_1_170' title='bbox 3284 1343 3379 1393; x_wconf 72' lang='grc' dir='ltr'>καὶ</span> <span class='ocrx_word' id='word_1_171' title='bbox 3424 1341 3693 1410; x_wconf 86' lang='grc' dir='ltr'>ὲπηρεῖας</span> <span class='ocrx_word' id='word_1_172' title='bbox 3740 1344 4021 1408; x_wconf 58' lang='grc' dir='ltr'>κατεφριί-</span> 
     </span>
    </p>
   </div>
   <div class='ocr_carea' id='block_1_29' title="bbox 2436 1434 4021 1503">
    <p class='ocr_par' dir='ltr' id='par_1_29' title="bbox 2436 1434 4021 1503">
     <span class='ocr_line' id='line_1_29' title="bbox 2436 1434 4021 1503; baseline 0.001 -19"><span class='ocrx_word' id='word_1_173' title='bbox 2436 1449 2625 1501; x_wconf 89' lang='grc' dir='ltr'>νησαν,</span> <span class='ocrx_word' id='word_1_174' title='bbox 2660 1434 2924 1497; x_wconf 74' lang='grc' dir='ltr'><strong>γενναίως</strong></span> <span class='ocrx_word' id='word_1_175' title='bbox 2955 1436 3047 1486; x_wconf 71' lang='grc' dir='ltr'><strong>καὶ</strong></span> <span class='ocrx_word' id='word_1_176' title='bbox 3076 1434 3346 1502; x_wconf 72' lang='grc' dir='ltr'>ἀνδρικῶς</span> <span class='ocrx_word' id='word_1_177' title='bbox 3376 1434 3517 1501; x_wconf 83' lang='grc' dir='ltr'>ἄγαν</span> <span class='ocrx_word' id='word_1_178' title='bbox 3546 1434 3680 1503; x_wconf 62' lang='grc' dir='ltr'>πρὶς</span> <span class='ocrx_word' id='word_1_179' title='bbox 3704 1435 3885 1494; x_wconf 85' lang='grc' dir='ltr'>πάσας</span> <span class='ocrx_word' id='word_1_180' title='bbox 3917 1434 4021 1495; x_wconf 70' lang='grc' dir='ltr'><strong>τάς</strong></span> 
     </span>
    </p>
   </div>
   <div class='ocr_carea' id='block_1_30' title="bbox 2438 1521 4020 1594">
    <p class='ocr_par' dir='ltr' id='par_1_30' title="bbox 2438 1521 4020 1594">
     <span class='ocr_line' id='line_1_30' title="bbox 2438 1521 4020 1594; baseline 0.001 -21"><span class='ocrx_word' id='word_1_181' title='bbox 2438 1522 2720 1592; x_wconf 84' lang='grc' dir='ltr'>μεθοδείας</span> <span class='ocrx_word' id='word_1_182' title='bbox 2765 1523 2951 1576; x_wconf 75' lang='grc' dir='ltr'>αὐτῶν</span> <span class='ocrx_word' id='word_1_183' title='bbox 2995 1524 3510 1594; x_wconf 85' lang='grc' dir='ltr'>ἀντικαθιστάμενοι</span> <span class='ocrx_word' id='word_1_184' title='bbox 3538 1542 3551 1555; x_wconf 90' lang='grc'><strong>·</strong></span> <span class='ocrx_word' id='word_1_185' title='bbox 3603 1525 3817 1594; x_wconf 80' lang='grc' dir='ltr'>ἑδραῖον</span> <span class='ocrx_word' id='word_1_186' title='bbox 3866 1521 4020 1593; x_wconf 60' lang='grc' dir='ltr'>εἶχεν</span> 
     </span>
    </p>
   </div>
   <div class='ocr_carea' id='block_1_31' title="bbox 2436 1616 4020 1688">
    <p class='ocr_par' dir='ltr' id='par_1_31' title="bbox 2436 1616 4020 1688">
     <span class='ocr_line' id='line_1_31' title="bbox 2436 1616 4020 1688; baseline 0.003 -21"><span class='ocrx_word' id='word_1_187' title='bbox 2436 1616 2603 1679; x_wconf 78' lang='grc' dir='ltr'>ὅντως</span> <span class='ocrx_word' id='word_1_188' title='bbox 2634 1616 2771 1686; x_wconf 70' lang='grc' dir='ltr'>πρὸς</span> <span class='ocrx_word' id='word_1_189' title='bbox 2800 1617 2932 1670; x_wconf 75' lang='grc' dir='ltr'>Θεὸν</span> <span class='ocrx_word' id='word_1_190' title='bbox 2982 1619 3075 1671; x_wconf 70' lang='grc' dir='ltr'><strong>καὶ</strong></span> <span class='ocrx_word' id='word_1_191' title='bbox 3112 1619 3334 1681; x_wconf 85' lang='grc' dir='ltr'>ἀκλινὲς</span> <span class='ocrx_word' id='word_1_192' title='bbox 3364 1620 3423 1670; x_wconf 85' lang='grc' dir='ltr'><strong>τὸ</strong></span> <span class='ocrx_word' id='word_1_193' title='bbox 3454 1620 3730 1688; x_wconf 82' lang='grc' dir='ltr'>φρόνημα,</span> <span class='ocrx_word' id='word_1_194' title='bbox 3786 1620 3881 1669; x_wconf 75' lang='grc' dir='ltr'><strong>καὶ</strong></span> <span class='ocrx_word' id='word_1_195' title='bbox 3918 1622 4020 1679; x_wconf 75' lang='grc' dir='ltr'><strong>τάς</strong></span> 
     </span>
    </p>
   </div>
   <div class='ocr_carea' id='block_1_32' title="bbox 2437 1709 4023 1781">
    <p class='ocr_par' dir='ltr' id='par_1_32' title="bbox 2437 1709 4023 1781">
     <span class='ocr_line' id='line_1_32' title="bbox 2437 1709 4023 1781; baseline 0.001 -22"><span class='ocrx_word' id='word_1_196' title='bbox 2437 1709 2783 1778; x_wconf 77' lang='grc' dir='ltr'>ἐπαγομένας</span> <span class='ocrx_word' id='word_1_197' title='bbox 2818 1710 3006 1772; x_wconf 90' lang='grc' dir='ltr'>αίκίας</span> <span class='ocrx_word' id='word_1_198' title='bbox 3034 1709 3212 1772; x_wconf 79' lang='grc' dir='ltr'>ὠςὲπ’</span> <span class='ocrx_word' id='word_1_199' title='bbox 3241 1710 3546 1781; x_wconf 76' lang='grc' dir='ltr'><strong>ἀλλοτρίοις</strong></span> <span class='ocrx_word' id='word_1_200' title='bbox 3570 1712 3785 1779; x_wconf 82' lang='grc' dir='ltr'>σώμασι</span> <span class='ocrx_word' id='word_1_201' title='bbox 3814 1710 4023 1776; x_wconf 83' lang='grc' dir='ltr'>διαγω-</span> 
     </span>
    </p>
   </div>
   <div class='ocr_carea' id='block_1_33' title="bbox 2442 1799 4020 1870">
    <p class='ocr_par' dir='ltr' id='par_1_33' title="bbox 2442 1799 4020 1870">
     <span class='ocr_line' id='line_1_33' title="bbox 2442 1799 4020 1870; baseline 0.002 -20"><span class='ocrx_word' id='word_1_202' title='bbox 2442 1799 2728 1869; x_wconf 81' lang='grc' dir='ltr'>νιζόμενοι,</span> <span class='ocrx_word' id='word_1_203' title='bbox 2759 1800 2854 1852; x_wconf 75' lang='grc' dir='ltr'><strong>καὶ</strong></span> <span class='ocrx_word' id='word_1_204' title='bbox 2877 1800 3069 1870; x_wconf 83' lang='grc' dir='ltr'>ὥσπερ</span> <span class='ocrx_word' id='word_1_205' title='bbox 3094 1801 3194 1870; x_wconf 80' lang='grc' dir='ltr'>τῆς</span> <span class='ocrx_word' id='word_1_206' title='bbox 3226 1801 3438 1869; x_wconf 82' lang='grc' dir='ltr'>φύσεως</span> <span class='ocrx_word' id='word_1_207' title='bbox 3471 1801 3856 1867; x_wconf 71' lang='grc' dir='ltr'>ἐκλαθόμενοι,</span> <span class='ocrx_word' id='word_1_208' title='bbox 3889 1800 4020 1862; x_wconf 67' lang='grc' dir='ltr'>τοὺς</span> 
     </span>
    </p>
   </div>
   <div class='ocr_carea' id='block_1_34' title="bbox 764 1868 2355 1961">
    <p class='ocr_par' dir='ltr' id='par_1_34' title="bbox 764 1890 2331 1960">
     <span class='ocr_line' id='line_1_34' title="bbox 764 1890 2331 1960; baseline -0.006 -9"><span class='ocrx_word' id='word_1_209' title='bbox 764 1907 1094 1960; x_wconf 87' lang='lat' dir='ltr'><strong>metuentes,</strong></span> <span class='ocrx_word' id='word_1_210' title='bbox 1151 1894 1279 1949; x_wconf 88' lang='lat' dir='ltr'><strong>ferri</strong></span> <span class='ocrx_word' id='word_1_211' title='bbox 1334 1893 1546 1958; x_wconf 88' lang='lat' dir='ltr'><strong>aciem,</strong></span> <span class='ocrx_word' id='word_1_212' title='bbox 1592 1900 1647 1946; x_wconf 91' lang='lat' dir='ltr'><strong>et</strong></span> <span class='ocrx_word' id='word_1_213' title='bbox 1692 1891 2012 1959; x_wconf 88' lang='lat' dir='ltr'><strong>ungularum</strong></span> <span class='ocrx_word' id='word_1_214' title='bbox 2062 1890 2331 1953; x_wconf 85' lang='lat' dir='ltr'><strong>acumina,</strong></span> 
     </span>
    </p>
   </div>
   <div class='ocr_carea' id='block_1_35' title="bbox 2433 1868 4022 1961">
    <p class='ocr_par' dir='ltr' id='par_1_35' title="bbox 2441 1890 4022 1961">
     <span class='ocr_line' id='line_1_35' title="bbox 2441 1890 4022 1961; baseline 0.001 -19"><span class='ocrx_word' id='word_1_215' title='bbox 2441 1891 2633 1953; x_wconf 84' lang='grc' dir='ltr'>πόνους</span> <span class='ocrx_word' id='word_1_216' title='bbox 2661 1890 2954 1960; x_wconf 81' lang='grc' dir='ltr'>διήνεγκαν</span> <span class='ocrx_word' id='word_1_217' title='bbox 2981 1907 2992 1919; x_wconf 90' lang='grc'>·</span> <span class='ocrx_word' id='word_1_218' title='bbox 3026 1892 3088 1943; x_wconf 82' lang='grc' dir='ltr'><strong>τὸ</strong></span> <span class='ocrx_word' id='word_1_219' title='bbox 3142 1892 3357 1945; x_wconf 81' lang='grc' dir='ltr'>στάδιον</span> <span class='ocrx_word' id='word_1_220' title='bbox 3409 1893 3508 1961; x_wconf 79' lang='grc' dir='ltr'><strong>τῆς</strong></span> <span class='ocrx_word' id='word_1_221' title='bbox 3548 1892 3830 1954; x_wconf 70' lang='grc' dir='ltr'>εὐσεϐείας</span> <span class='ocrx_word' id='word_1_222' title='bbox 3874 1894 4022 1945; x_wconf 72' lang='grc' dir='ltr'>κατα</span> 
     </span>
    </p>
   </div>
   <div class='ocr_carea' id='block_1_36' title="bbox 761 1982 2332 2049">
    <p class='ocr_par' dir='ltr' id='par_1_36' title="bbox 761 1982 2332 2049">
     <span class='ocr_line' id='line_1_36' title="bbox 761 1982 2332 2049; baseline -0.004 -6"><span class='ocrx_word' id='word_1_223' title='bbox 761 1989 1007 2043; x_wconf 89' lang='lat' dir='ltr'><strong>carnimn</strong></span> <span class='ocrx_word' id='word_1_224' title='bbox 1049 1988 1390 2042; x_wconf 81' lang='lat' dir='ltr'><strong>concisioncs</strong></span> <span class='ocrx_word' id='word_1_225' title='bbox 1415 1995 1508 2039; x_wconf 84' lang='lat' dir='ltr'><strong>aut</strong></span> <span class='ocrx_word' id='word_1_226' title='bbox 1539 1985 1930 2049; x_wconf 87' lang='lat' dir='ltr'><strong>lacerationes,</strong></span> <span class='ocrx_word' id='word_1_227' title='bbox 1966 1982 2164 2037; x_wconf 87' lang='lat' dir='ltr'><strong>animis</strong></span> <span class='ocrx_word' id='word_1_228' title='bbox 2194 1983 2332 2036; x_wconf 87' lang='lat' dir='ltr'><strong>baud</strong></span> 
     </span>
    </p>
   </div>
   <div class='ocr_carea' id='block_1_37' title="bbox 762 2072 2334 2143">
    <p class='ocr_par' dir='ltr' id='par_1_37' title="bbox 762 2072 2334 2143">
     <span class='ocr_line' id='line_1_37' title="bbox 762 2072 2334 2143; baseline -0.001 -16"><span class='ocrx_word' id='word_1_229' title='bbox 762 2074 1139 2138; x_wconf 82' lang='lat' dir='ltr'><strong>concidebant,</strong></span> <span class='ocrx_word' id='word_1_230' title='bbox 1177 2074 1424 2143; x_wconf 89' lang='lat' dir='ltr'><strong>supplicii</strong></span> <span class='ocrx_word' id='word_1_231' title='bbox 1470 2073 1851 2126; x_wconf 87' lang='lat' dir='ltr'><strong>instrumentis</strong></span> <span class='ocrx_word' id='word_1_232' title='bbox 1900 2081 2092 2140; x_wconf 78' lang='lat' dir='ltr'><strong>sponte</strong></span> <span class='ocrx_word' id='word_1_233' title='bbox 2117 2081 2175 2126; x_wconf 90' lang='lat' dir='ltr'><strong>ut</strong></span> <span class='ocrx_word' id='word_1_234' title='bbox 2197 2072 2334 2126; x_wconf 87' lang='lat' dir='ltr'><strong>deli-</strong></span> 
     </span>
    </p>
   </div>
   <div class='ocr_carea' id='block_1_38' title="bbox 761 2162 2335 2234">
    <p class='ocr_par' dir='ltr' id='par_1_38' title="bbox 761 2162 2335 2234">
     <span class='ocr_line' id='line_1_38' title="bbox 761 2162 2335 2234; baseline -0.001 -16"><span class='ocrx_word' id='word_1_235' title='bbox 761 2166 863 2219; x_wconf 81' lang='lat' dir='ltr'><strong>ciis</strong></span> <span class='ocrx_word' id='word_1_236' title='bbox 899 2165 1278 2230; x_wconf 85' lang='lat' dir='ltr'><strong>occurrebant,</strong></span> <span class='ocrx_word' id='word_1_237' title='bbox 1328 2172 1520 2219; x_wconf 86' lang='lat' dir='ltr'><strong>cuncta</strong></span> <span class='ocrx_word' id='word_1_238' title='bbox 1569 2162 1730 2234; x_wconf 65' lang='grc'><strong>124</strong></span> <span class='ocrx_word' id='word_1_239' title='bbox 1758 2163 2108 2226; x_wconf 84' lang='lat' dir='ltr'><strong>sustinentes,</strong></span> <span class='ocrx_word' id='word_1_240' title='bbox 2155 2164 2335 2217; x_wconf 87' lang='lat' dir='ltr'><strong>omnia</strong></span> 
     </span>
    </p>
   </div>
   <div class='ocr_carea' id='block_1_39' title="bbox 762 2250 2333 2325">
    <p class='ocr_par' dir='ltr' id='par_1_39' title="bbox 762 2250 2333 2325">
     <span class='ocr_line' id='line_1_39' title="bbox 762 2250 2333 2325; baseline 0 -16"><span class='ocrx_word' id='word_1_241' title='bbox 762 2257 1090 2321; x_wconf 89' lang='lat' dir='ltr'><strong>tolerantes,</strong></span> <span class='ocrx_word' id='word_1_242' title='bbox 1136 2270 1299 2309; x_wconf 90' lang='lat' dir='ltr'><strong>unum</strong></span> <span class='ocrx_word' id='word_1_243' title='bbox 1373 2250 1723 2325; x_wconf 74' lang='lat' dir='ltr'><strong>spectantes,</strong></span> <span class='ocrx_word' id='word_1_244' title='bbox 1773 2264 1935 2323; x_wconf 87' lang='lat' dir='ltr'><strong>atque</strong></span> <span class='ocrx_word' id='word_1_245' title='bbox 1980 2256 2045 2307; x_wconf 91' lang='lat' dir='ltr'><strong>ad</strong></span> <span class='ocrx_word' id='word_1_246' title='bbox 2091 2255 2333 2309; x_wconf 88' lang='lat' dir='ltr'><strong>bravium</strong></span> 
     </span>
    </p>
   </div>
   <div class='ocr_carea' id='block_1_40' title="bbox 768 2347 2334 2417">
    <p class='ocr_par' dir='ltr' id='par_1_40' title="bbox 768 2347 2334 2417">
     <span class='ocr_line' id='line_1_40' title="bbox 768 2347 2334 2417; baseline -0.001 -14"><span class='ocrx_word' id='word_1_247' title='bbox 768 2365 1016 2417; x_wconf 65' lang='lat' dir='ltr'><strong>supernae</strong></span> <span class='ocrx_word' id='word_1_248' title='bbox 1072 2348 1370 2402; x_wconf 86' lang='lat' dir='ltr'><strong>vocatioois</strong></span> <span class='ocrx_word' id='word_1_249' title='bbox 1434 2348 1794 2412; x_wconf 80' lang='lat' dir='ltr'><strong>festinantes,</strong></span> <span class='ocrx_word' id='word_1_250' title='bbox 1838 2347 1979 2400; x_wconf 87' lang='lat' dir='ltr'><strong>haud</strong></span> <span class='ocrx_word' id='word_1_251' title='bbox 2038 2347 2334 2415; x_wconf 82' lang='lat' dir='ltr'><strong>condignas</strong></span> 
     </span>
    </p>
   </div>
   <div class='ocr_carea' id='block_1_41' title="bbox 763 2428 2333 2506">
    <p class='ocr_par' dir='ltr' id='par_1_41' title="bbox 763 2428 2333 2506">
     <span class='ocr_line' id='line_1_41' title="bbox 763 2428 2333 2506; baseline 0.001 -18"><span class='ocrx_word' id='word_1_252' title='bbox 763 2440 1046 2505; x_wconf 83' lang='lat' dir='ltr'><strong>passiones</strong></span> <span class='ocrx_word' id='word_1_253' title='bbox 1075 2428 1236 2506; x_wconf 81' lang='lat' dir='ltr'><strong>hujus</strong></span> <span class='ocrx_word' id='word_1_254' title='bbox 1269 2438 1525 2506; x_wconf 90' lang='lat' dir='ltr'><strong>temporis</strong></span> <span class='ocrx_word' id='word_1_255' title='bbox 1554 2438 1620 2491; x_wconf 90' lang='lat' dir='ltr'><strong>ad</strong></span> <span class='ocrx_word' id='word_1_256' title='bbox 1653 2436 1887 2490; x_wconf 86' lang='lat' dir='ltr'><strong>futuram</strong></span> <span class='ocrx_word' id='word_1_257' title='bbox 1922 2452 2041 2505; x_wconf 69' lang='lat' dir='ltr'><strong>qua:</strong></span> <span class='ocrx_word' id='word_1_258' title='bbox 2071 2436 2333 2491; x_wconf 89' lang='lat' dir='ltr'><strong>revelabi-</strong></span> 
     </span>
    </p>
   </div>
   <div class='ocr_carea' id='block_1_42' title="bbox 765 2527 2335 2599">
    <p class='ocr_par' dir='ltr' id='par_1_42' title="bbox 765 2527 2335 2599">
     <span class='ocr_line' id='line_1_42' title="bbox 765 2527 2335 2599; baseline 0.001 -19"><span class='ocrx_word' id='word_1_259' title='bbox 765 2541 852 2582; x_wconf 87' lang='lat' dir='ltr'><strong>tur</strong></span> <span class='ocrx_word' id='word_1_260' title='bbox 880 2529 1103 2599; x_wconf 88' lang='lat' dir='ltr'><strong>gloriam</strong></span> <span class='ocrx_word' id='word_1_261' title='bbox 1133 2528 1532 2584; x_wconf 74' lang='lat' dir='ltr'><strong>existimantes.</strong></span> <span class='ocrx_word' id='word_1_262' title='bbox 1563 2528 1668 2582; x_wconf 87' lang='lat' dir='ltr'><strong>Sed</strong></span> <span class='ocrx_word' id='word_1_263' title='bbox 1695 2529 1779 2582; x_wconf 88' lang='lat' dir='ltr'><strong>bis</strong></span> <span class='ocrx_word' id='word_1_264' title='bbox 1798 2527 2049 2583; x_wconf 88' lang='lat' dir='ltr'><strong>omnibus</strong></span> <span class='ocrx_word' id='word_1_265' title='bbox 2081 2529 2335 2583; x_wconf 88' lang='lat' dir='ltr'><strong>resisten-</strong></span> 
     </span>
    </p>
   </div>
   <div class='ocr_carea' id='block_1_43' title="bbox 764 2619 2333 2690">
    <p class='ocr_par' dir='ltr' id='par_1_43' title="bbox 764 2619 2333 2690">
     <span class='ocr_line' id='line_1_43' title="bbox 764 2619 2333 2690; baseline -0.001 -15"><span class='ocrx_word' id='word_1_266' title='bbox 764 2632 863 2684; x_wconf 82' lang='lat' dir='ltr'><strong>tes,</strong></span> <span class='ocrx_word' id='word_1_267' title='bbox 892 2631 944 2675; x_wconf 89' lang='lat' dir='ltr'><strong>et</strong></span> <span class='ocrx_word' id='word_1_268' title='bbox 974 2630 1146 2674; x_wconf 90' lang='lat' dir='ltr'><strong>morte</strong></span> <span class='ocrx_word' id='word_1_269' title='bbox 1179 2630 1456 2689; x_wconf 89' lang='lat' dir='ltr'><strong>superata,</strong></span> <span class='ocrx_word' id='word_1_270' title='bbox 1488 2636 1585 2688; x_wconf 85' lang='lat' dir='ltr'><strong>pro</strong></span> <span class='ocrx_word' id='word_1_271' title='bbox 1620 2620 1724 2675; x_wconf 85' lang='lat' dir='ltr'><strong>fide</strong></span> <span class='ocrx_word' id='word_1_272' title='bbox 1748 2619 2088 2690; x_wconf 77' lang='lat' dir='ltr'><strong>&#39;pugnantes,</strong></span> <span class='ocrx_word' id='word_1_273' title='bbox 2141 2630 2333 2690; x_wconf 88' lang='lat' dir='ltr'><strong>tyran-</strong></span> 
     </span>
    </p>
   </div>
   <div class='ocr_carea' id='block_1_44' title="bbox 765 2711 2333 2780">
    <p class='ocr_par' dir='ltr' id='par_1_44' title="bbox 765 2711 2333 2780">
     <span class='ocr_line' id='line_1_44' title="bbox 765 2711 2333 2780; baseline -0.001 -16"><span class='ocrx_word' id='word_1_274' title='bbox 765 2727 955 2766; x_wconf 89' lang='lat' dir='ltr'><strong>norum</strong></span> <span class='ocrx_word' id='word_1_275' title='bbox 990 2713 1152 2765; x_wconf 89' lang='lat' dir='ltr'><strong>minis</strong></span> <span class='ocrx_word' id='word_1_276' title='bbox 1206 2712 1517 2780; x_wconf 84' lang='lat' dir='ltr'><strong>superiores</strong></span> <span class='ocrx_word' id='word_1_277' title='bbox 1566 2712 1666 2765; x_wconf 82' lang='lat' dir='ltr'><strong>visi</strong></span> <span class='ocrx_word' id='word_1_278' title='bbox 1707 2721 1866 2774; x_wconf 86' lang='lat' dir='ltr'><strong>sunt;</strong></span> <span class='ocrx_word' id='word_1_279' title='bbox 1927 2712 2053 2780; x_wconf 87' lang='lat' dir='ltr'><strong>quia</strong></span> <span class='ocrx_word' id='word_1_280' title='bbox 2116 2711 2333 2764; x_wconf 89' lang='lat' dir='ltr'><strong>nomine</strong></span> 
     </span>
    </p>
   </div>
   <div class='ocr_carea' id='block_1_45' title="bbox 764 2801 2333 2871">
    <p class='ocr_par' dir='ltr' id='par_1_45' title="bbox 764 2801 2333 2871">
     <span class='ocr_line' id='line_1_45' title="bbox 764 2801 2333 2871; baseline -0.002 -15"><span class='ocrx_word' id='word_1_281' title='bbox 764 2802 975 2856; x_wconf 87' lang='lat' dir='ltr'><strong>Domini</strong></span> <span class='ocrx_word' id='word_1_282' title='bbox 1013 2801 1431 2865; x_wconf 86' lang='lat' dir='ltr'><strong>roborabantur,</strong></span> <span class='ocrx_word' id='word_1_283' title='bbox 1473 2801 1616 2871; x_wconf 85' lang='lat' dir='ltr'><strong>quod</strong></span> <span class='ocrx_word' id='word_1_284' title='bbox 1643 2815 1829 2854; x_wconf 90' lang='lat' dir='ltr'><strong>coram</strong></span> <span class='ocrx_word' id='word_1_285' title='bbox 1881 2802 2135 2871; x_wconf 90' lang='lat' dir='ltr'><strong>gentibus</strong></span> <span class='ocrx_word' id='word_1_286' title='bbox 2194 2802 2333 2869; x_wconf 83' lang='lat' dir='ltr'><strong>regi-</strong></span> 
     </span>
    </p>
   </div>
   <div class='ocr_carea' id='block_1_46' title="bbox 762 2895 1308 2962">
    <p class='ocr_par' dir='ltr' id='par_1_46' title="bbox 762 2895 1308 2962">
     <span class='ocr_line' id='line_1_46' title="bbox 762 2895 1308 2962; baseline 0 -17"><span class='ocrx_word' id='word_1_287' title='bbox 762 2895 971 2962; x_wconf 89' lang='lat' dir='ltr'><strong>busque</strong></span> <span class='ocrx_word' id='word_1_288' title='bbox 999 2896 1308 2962; x_wconf 84' lang='lat' dir='ltr'><strong>portabant.</strong></span> 
     </span>
    </p>
   </div>
   <div class='ocr_carea' id='block_1_47' title="bbox 2430 1981 4023 2053">
    <p class='ocr_par' dir='ltr' id='par_1_47' title="bbox 2430 1981 4023 2053">
     <span class='ocr_line' id='line_1_47' title="bbox 2430 1981 4023 2053; baseline 0 -19"><span class='ocrx_word' id='word_1_289' title='bbox 2430 1982 2528 2051; x_wconf 79' lang='grc' dir='ltr'><strong>τῆς</strong></span> <span class='ocrx_word' id='word_1_290' title='bbox 2557 1981 2818 2035; x_wconf 85' lang='grc' dir='ltr'>πολυθέου</span> <span class='ocrx_word' id='word_1_291' title='bbox 2846 1982 3054 2053; x_wconf 87' lang='grc' dir='ltr'>πλάνης</span> <span class='ocrx_word' id='word_1_292' title='bbox 3077 1983 3416 2047; x_wconf 68' lang='grc' dir='ltr'>ἐξα-θύοντες,</span> <span class='ocrx_word' id='word_1_293' title='bbox 3444 1984 3579 2053; x_wconf 80' lang='grc' dir='ltr'>πρὸς</span> <span class='ocrx_word' id='word_1_294' title='bbox 3604 1984 3664 2036; x_wconf 85' lang='grc' dir='ltr'><strong>τὸ</strong></span> <span class='ocrx_word' id='word_1_295' title='bbox 3691 1984 3801 2053; x_wconf 71' lang='grc' dir='ltr'>πῦρ</span> <span class='ocrx_word' id='word_1_296' title='bbox 3827 1983 4023 2052; x_wconf 81' lang='grc' dir='ltr'>ῶσπερ</span> 
     </span>
    </p>
   </div>
   <div class='ocr_carea' id='block_1_48' title="bbox 2432 2073 4020 2146">
    <p class='ocr_par' dir='ltr' id='par_1_48' title="bbox 2432 2073 4020 2146">
     <span class='ocr_line' id='line_1_48' title="bbox 2432 2073 4020 2146; baseline 0.002 -21"><span class='ocrx_word' id='word_1_297' title='bbox 2432 2075 2512 2137; x_wconf 81' lang='grc' dir='ltr'>εἰς</span> <span class='ocrx_word' id='word_1_298' title='bbox 2542 2073 2732 2143; x_wconf 84' lang='grc' dir='ltr'>δρόσον</span> <span class='ocrx_word' id='word_1_299' title='bbox 2762 2075 3138 2146; x_wconf 76' lang='grc' dir='ltr'>ἐναλλόμενοι,</span> <span class='ocrx_word' id='word_1_300' title='bbox 3169 2075 3354 2145; x_wconf 85' lang='grc' dir='ltr'>θηρῶν</span> <span class='ocrx_word' id='word_1_301' title='bbox 3391 2075 3791 2146; x_wconf 73' lang='grc' dir='ltr'>φοϐερωτάτων</span> <span class='ocrx_word' id='word_1_302' title='bbox 3838 2074 4020 2146; x_wconf 82' lang='grc' dir='ltr'>μύλας</span> 
     </span>
    </p>
   </div>
   <div class='ocr_carea' id='block_1_49' title="bbox 2386 2164 4019 2240">
    <p class='ocr_par' dir='ltr' id='par_1_49' title="bbox 2386 2164 4019 2240">
     <span class='ocr_line' id='line_1_49' title="bbox 2386 2164 4019 2240; baseline 0 -23"><span class='ocrx_word' id='word_1_303' title='bbox 2386 2228 2395 2240; x_wconf 45' lang='lat'><strong>,</strong></span> <span class='ocrx_word' id='word_1_304' title='bbox 2433 2165 2528 2217; x_wconf 77' lang='grc' dir='ltr'><strong>καὶ</strong></span> <span class='ocrx_word' id='word_1_305' title='bbox 2560 2164 2766 2235; x_wconf 77' lang='grc' dir='ltr'>θυμοὺς</span> <span class='ocrx_word' id='word_1_306' title='bbox 2794 2166 2855 2218; x_wconf 88' lang='grc' dir='ltr'><strong>ού</strong></span> <span class='ocrx_word' id='word_1_307' title='bbox 2881 2166 3276 2234; x_wconf 79' lang='grc' dir='ltr'>δειμαίνοντες,</span> <span class='ocrx_word' id='word_1_308' title='bbox 3306 2167 3489 2235; x_wconf 79' lang='grc' dir='ltr'>ἀκμὴν</span> <span class='ocrx_word' id='word_1_309' title='bbox 3520 2167 3739 2236; x_wconf 70' lang='grc' dir='ltr'>σιδήρου</span> <span class='ocrx_word' id='word_1_310' title='bbox 3768 2168 3859 2218; x_wconf 70' lang='grc' dir='ltr'><strong>καὶ</strong></span> <span class='ocrx_word' id='word_1_311' title='bbox 3892 2164 4019 2219; x_wconf 81' lang='grc' dir='ltr'>όνύ-</span> 
     </span>
    </p>
   </div>
   <div class='ocr_carea' id='block_1_50' title="bbox 2434 2254 4017 2326">
    <p class='ocr_par' dir='ltr' id='par_1_50' title="bbox 2434 2254 4017 2326">
     <span class='ocr_line' id='line_1_50' title="bbox 2434 2254 4017 2326; baseline -0.011 -3"><span class='ocrx_word' id='word_1_312' title='bbox 2434 2270 2543 2323; x_wconf 74' lang='grc' dir='ltr'>κων</span> <span class='ocrx_word' id='word_1_313' title='bbox 2591 2254 2879 2325; x_wconf 75' lang='grc' dir='ltr'>ὀξύτητας,</span> <span class='ocrx_word' id='word_1_314' title='bbox 2914 2256 3134 2326; x_wconf 83' lang='grc' dir='ltr'>σαρκῶν</span> <span class='ocrx_word' id='word_1_315' title='bbox 3180 2258 3531 2326; x_wconf 76' lang='grc' dir='ltr'>τεμνομένων</span> <span class='ocrx_word' id='word_1_316' title='bbox 3590 2258 3685 2309; x_wconf 76' lang='grc' dir='ltr'><strong>καὶ</strong></span> <span class='ocrx_word' id='word_1_317' title='bbox 3738 2258 4017 2325; x_wconf 81' lang='grc' dir='ltr'>ξεομένων</span> 
     </span>
    </p>
   </div>
   <div class='ocr_carea' id='block_1_51' title="bbox 2440 2344 4021 2416">
    <p class='ocr_par' dir='ltr' id='par_1_51' title="bbox 2440 2344 4021 2416">
     <span class='ocr_line' id='line_1_51' title="bbox 2440 2344 4021 2416; baseline 0 -19"><span class='ocrx_word' id='word_1_318' title='bbox 2440 2344 2818 2415; x_wconf 75' lang='grc' dir='ltr'>ἡφειδηκότες,</span> <span class='ocrx_word' id='word_1_319' title='bbox 2857 2347 2958 2399; x_wconf 79' lang='grc' dir='ltr'>οὐκ</span> <span class='ocrx_word' id='word_1_320' title='bbox 2992 2346 3351 2415; x_wconf 76' lang='grc' dir='ltr'>ἐτεθήπεσαν,</span> <span class='ocrx_word' id='word_1_321' title='bbox 3379 2348 3470 2399; x_wconf 72' lang='grc' dir='ltr'>ἐπὶ</span> <span class='ocrx_word' id='word_1_322' title='bbox 3497 2346 3565 2398; x_wconf 84' lang='grc' dir='ltr'><strong>τά</strong></span> <span class='ocrx_word' id='word_1_323' title='bbox 3590 2346 3798 2416; x_wconf 79' lang='grc' dir='ltr'>ὄργανα</span> <span class='ocrx_word' id='word_1_324' title='bbox 3834 2345 3893 2399; x_wconf 82' lang='grc' dir='ltr'>δὲ</span> <span class='ocrx_word' id='word_1_325' title='bbox 3922 2350 4021 2415; x_wconf 74' lang='grc' dir='ltr'><strong>τῆς</strong></span> 
     </span>
    </p>
   </div>
   <div class='ocr_carea' id='block_1_52' title="bbox 2441 2436 4019 2511">
    <p class='ocr_par' dir='ltr' id='par_1_52' title="bbox 2441 2436 4019 2511">
     <span class='ocr_line' id='line_1_52' title="bbox 2441 2436 4019 2511; baseline 0 -22"><span class='ocrx_word' id='word_1_326' title='bbox 2441 2437 2711 2508; x_wconf 89' lang='grc' dir='ltr'>τιμωρίας</span> <span class='ocrx_word' id='word_1_327' title='bbox 2795 2436 3112 2507; x_wconf 81' lang='grc' dir='ltr'>αὐθαίρετοι</span> <span class='ocrx_word' id='word_1_328' title='bbox 3176 2436 3366 2507; x_wconf 83' lang='grc' dir='ltr'>ὥσπερ</span> <span class='ocrx_word' id='word_1_329' title='bbox 3442 2440 3536 2490; x_wconf 73' lang='grc' dir='ltr'>ἐπὶ</span> <span class='ocrx_word' id='word_1_330' title='bbox 3595 2437 3805 2508; x_wconf 61' lang='grc' dir='ltr'>τρυφὴν</span> <span class='ocrx_word' id='word_1_331' title='bbox 3831 2444 4019 2511; x_wconf 44' lang='grc' dir='ltr'>ξδεσαν,</span> 
     </span>
    </p>
   </div>
   <div class='ocr_carea' id='block_1_53' title="bbox 2444 2528 4023 2598">
    <p class='ocr_par' dir='ltr' id='par_1_53' title="bbox 2444 2528 4023 2598">
     <span class='ocr_line' id='line_1_53' title="bbox 2444 2528 4023 2598; baseline 0 -19"><span class='ocrx_word' id='word_1_332' title='bbox 2444 2529 2620 2581; x_wconf 87' lang='grc' dir='ltr'>πάντα</span> <span class='ocrx_word' id='word_1_333' title='bbox 2651 2529 2955 2596; x_wconf 79' lang='grc' dir='ltr'>στέγοντες,</span> <span class='ocrx_word' id='word_1_334' title='bbox 2991 2529 3166 2581; x_wconf 86' lang='grc' dir='ltr'>πάντα</span> <span class='ocrx_word' id='word_1_335' title='bbox 3192 2529 3472 2598; x_wconf 78' lang='grc' dir='ltr'>φέροντες,</span> <span class='ocrx_word' id='word_1_336' title='bbox 3507 2529 3639 2598; x_wconf 76' lang='grc' dir='ltr'>πρὸς</span> <span class='ocrx_word' id='word_1_337' title='bbox 3696 2528 3753 2581; x_wconf 80' lang='grc' dir='ltr'>ἓν</span> <span class='ocrx_word' id='word_1_338' title='bbox 3782 2530 4023 2581; x_wconf 81' lang='grc' dir='ltr'>άποσκο-</span> 
     </span>
    </p>
   </div>
   <div class='ocr_carea' id='block_1_54' title="bbox 2443 2613 4023 2686">
    <p class='ocr_par' dir='ltr' id='par_1_54' title="bbox 2443 2613 4023 2686">
     <span class='ocr_line' id='line_1_54' title="bbox 2443 2613 4023 2686; baseline 0.002 -21"><span class='ocrx_word' id='word_1_339' title='bbox 2443 2613 2690 2678; x_wconf 80' lang='grc' dir='ltr'>ποῦντες,</span> <span class='ocrx_word' id='word_1_340' title='bbox 2756 2617 2851 2668; x_wconf 73' lang='grc' dir='ltr'><strong>καὶ</strong></span> <span class='ocrx_word' id='word_1_341' title='bbox 2908 2615 3043 2686; x_wconf 83' lang='grc' dir='ltr'>πρὸς</span> <span class='ocrx_word' id='word_1_342' title='bbox 3091 2616 3152 2668; x_wconf 75' lang='grc' dir='ltr'>τὸ</span> <span class='ocrx_word' id='word_1_343' title='bbox 3187 2616 3445 2686; x_wconf 82' lang='grc' dir='ltr'>βραϐεῖον</span> <span class='ocrx_word' id='word_1_344' title='bbox 3467 2618 3563 2686; x_wconf 76' lang='grc' dir='ltr'>τῆς</span> <span class='ocrx_word' id='word_1_345' title='bbox 3618 2619 3731 2671; x_wconf 86' lang='grc' dir='ltr'>ἄνω</span> <span class='ocrx_word' id='word_1_346' title='bbox 3772 2617 4023 2685; x_wconf 77' lang='grc' dir='ltr'>κλήσεως</span> 
     </span>
    </p>
   </div>
   <div class='ocr_carea' id='block_1_55' title="bbox 2441 2706 4016 2780">
    <p class='ocr_par' dir='ltr' id='par_1_55' title="bbox 2441 2706 4016 2780">
     <span class='ocr_line' id='line_1_55' title="bbox 2441 2706 4016 2780; baseline 0.003 -24"><span class='ocrx_word' id='word_1_347' title='bbox 2441 2706 2811 2775; x_wconf 83' lang='grc' dir='ltr'>ἐπειγόμενοι,</span> <span class='ocrx_word' id='word_1_348' title='bbox 2848 2708 2949 2760; x_wconf 78' lang='grc' dir='ltr'>οὐκ</span> <span class='ocrx_word' id='word_1_349' title='bbox 2981 2709 3106 2772; x_wconf 71' lang='grc' dir='ltr'>ἄξια</span> <span class='ocrx_word' id='word_1_350' title='bbox 3148 2711 3215 2761; x_wconf 66' lang='grc' dir='ltr'><strong>τὰ</strong></span> <span class='ocrx_word' id='word_1_351' title='bbox 3259 2708 3560 2778; x_wconf 85' lang='grc' dir='ltr'>παθήματα</span> <span class='ocrx_word' id='word_1_352' title='bbox 3595 2709 3689 2761; x_wconf 71' lang='grc' dir='ltr'>τοῦ</span> <span class='ocrx_word' id='word_1_353' title='bbox 3742 2709 4016 2780; x_wconf 79' lang='grc' dir='ltr'>παρόντος</span> 
     </span>
    </p>
   </div>
   <div class='ocr_carea' id='block_1_56' title="bbox 2442 2800 4023 2873">
    <p class='ocr_par' dir='ltr' id='par_1_56' title="bbox 2442 2800 4023 2873">
     <span class='ocr_line' id='line_1_56' title="bbox 2442 2800 4023 2873; baseline -0.001 -20"><span class='ocrx_word' id='word_1_354' title='bbox 2442 2800 2634 2869; x_wconf 74' lang='grc' dir='ltr'>καιροῦ</span> <span class='ocrx_word' id='word_1_355' title='bbox 2671 2803 2807 2871; x_wconf 72' lang='grc' dir='ltr'>πρὸς</span> <span class='ocrx_word' id='word_1_356' title='bbox 2859 2801 2959 2873; x_wconf 85' lang='grc' dir='ltr'>τὴν</span> <span class='ocrx_word' id='word_1_357' title='bbox 3003 2802 3303 2872; x_wconf 86' lang='grc' dir='ltr'>μέλλουσαν</span> <span class='ocrx_word' id='word_1_358' title='bbox 3336 2802 3822 2856; x_wconf 80' lang='grc' dir='ltr'>ἀποκαλύπτεσθαι</span> <span class='ocrx_word' id='word_1_359' title='bbox 3860 2800 4023 2865; x_wconf 74' lang='grc' dir='ltr'>δόξαν</span> 
     </span>
    </p>
   </div>
   <div class='ocr_carea' id='block_1_57' title="bbox 2440 2890 4022 2960">
    <p class='ocr_par' dir='ltr' id='par_1_57' title="bbox 2440 2890 4022 2960">
     <span class='ocr_line' id='line_1_57' title="bbox 2440 2890 4022 2960; baseline 0 -19"><span class='ocrx_word' id='word_1_360' title='bbox 2440 2890 2764 2959; x_wconf 78' lang='grc' dir='ltr'>ἡγούμενοι·</span> <span class='ocrx_word' id='word_1_361' title='bbox 2792 2890 2930 2944; x_wconf 85' lang='grc' dir='ltr'><strong>ἀλλά</strong></span> <span class='ocrx_word' id='word_1_362' title='bbox 2958 2892 3166 2945; x_wconf 89' lang='grc' dir='ltr'>τούτων</span> <span class='ocrx_word' id='word_1_363' title='bbox 3189 2894 3447 2946; x_wconf 84' lang='grc' dir='ltr'>ἁπάντων</span> <span class='ocrx_word' id='word_1_364' title='bbox 3471 2892 4022 2960; x_wconf 73' lang='grc' dir='ltr'>κατατολμήσαντες,</span> 
     </span>
    </p>
   </div>
   <div class='ocr_carea' id='block_1_58' title="bbox 763 2980 4024 3056">
    <p class='ocr_par' dir='ltr' id='par_1_58' title="bbox 763 2980 4024 3056">
     <span class='ocr_line' id='line_1_58' title="bbox 763 2980 4024 3056; baseline -0.002 -16"><span class='ocrx_word' id='word_1_365' title='bbox 763 2986 859 3046; x_wconf 74' lang='grc' dir='ltr'>καὶ</span> <span class='ocrx_word' id='word_1_366' title='bbox 879 2984 1110 3039; x_wconf 85' lang='grc' dir='ltr'>θανάτου</span> <span class='ocrx_word' id='word_1_367' title='bbox 1138 2984 1420 3056; x_wconf 78' lang='grc' dir='ltr'>κρείττους</span> <span class='ocrx_word' id='word_1_368' title='bbox 1442 2986 1750 3055; x_wconf 83' lang='grc' dir='ltr'>γενόμενοι,</span> <span class='ocrx_word' id='word_1_369' title='bbox 1779 2983 2217 3056; x_wconf 77' lang='grc' dir='ltr'>ὑπεραθλοῦντες</span> <span class='ocrx_word' id='word_1_370' title='bbox 2242 2984 2341 3051; x_wconf 75' lang='grc' dir='ltr'><strong>τῆς</strong></span> <span class='ocrx_word' id='word_1_371' title='bbox 2379 2981 2637 3044; x_wconf 87' lang='grc' dir='ltr'>πίστεως,</span> <span class='ocrx_word' id='word_1_372' title='bbox 2670 2980 2779 3033; x_wconf 86' lang='grc' dir='ltr'><strong>τῶν</strong></span> <span class='ocrx_word' id='word_1_373' title='bbox 2812 2982 3051 3035; x_wconf 84' lang='grc' dir='ltr'>ἀπειλῶν</span> <span class='ocrx_word' id='word_1_374' title='bbox 3112 2983 3222 3035; x_wconf 89' lang='grc' dir='ltr'><strong>τῶν</strong></span> <span class='ocrx_word' id='word_1_375' title='bbox 3269 2984 3549 3053; x_wconf 82' lang='grc' dir='ltr'>τυράννων</span> <span class='ocrx_word' id='word_1_376' title='bbox 3617 2982 4024 3055; x_wconf 77' lang='grc' dir='ltr'>καθυπέρτεροι</span> 
     </span>
    </p>
   </div>
   <div class='ocr_carea' id='block_1_59' title="bbox 761 3070 3765 3151">
    <p class='ocr_par' dir='ltr' id='par_1_59' title="bbox 761 3070 3765 3151">
     <span class='ocr_line' id='line_1_59' title="bbox 761 3070 3765 3151; baseline -0.002 -16"><span class='ocrx_word' id='word_1_377' title='bbox 761 3081 1023 3151; x_wconf 73' lang='grc' dir='ltr'>ῶτρθησαν</span> <span class='ocrx_word' id='word_1_378' title='bbox 1046 3099 1058 3111; x_wconf 89' lang='grc'><strong>·</strong></span> <span class='ocrx_word' id='word_1_379' title='bbox 1078 3080 1201 3133; x_wconf 69' lang='grc' dir='ltr'>ἐπεὶ</span> <span class='ocrx_word' id='word_1_380' title='bbox 1231 3080 1288 3133; x_wconf 79' lang='grc' dir='ltr'>ὲν</span> <span class='ocrx_word' id='word_1_381' title='bbox 1306 3080 1383 3149; x_wconf 82' lang='grc' dir='ltr'>τῷ</span> <span class='ocrx_word' id='word_1_382' title='bbox 1406 3078 1500 3131; x_wconf 80' lang='grc' dir='ltr'>τοῦ</span> <span class='ocrx_word' id='word_1_383' title='bbox 1529 3078 1666 3132; x_wconf 79' lang='grc' dir='ltr'>Θεοῦ</span> <span class='ocrx_word' id='word_1_384' title='bbox 1690 3078 1915 3148; x_wconf 80' lang='grc' dir='ltr'>ὀνόματι</span> <span class='ocrx_word' id='word_1_385' title='bbox 1943 3075 2326 3146; x_wconf 78' lang='grc' dir='ltr'>ἐκρατύνοντο,</span> <span class='ocrx_word' id='word_1_386' title='bbox 2368 3074 2504 3141; x_wconf 83' lang='grc' dir='ltr'>ὅπερ</span> <span class='ocrx_word' id='word_1_387' title='bbox 2533 3070 2765 3125; x_wconf 79' lang='grc' dir='ltr'>ἐνώπιον</span> <span class='ocrx_word' id='word_1_388' title='bbox 2804 3072 2976 3127; x_wconf 75' lang='grc' dir='ltr'>ἐθνῶν</span> <span class='ocrx_word' id='word_1_389' title='bbox 3013 3075 3108 3127; x_wconf 65' lang='grc' dir='ltr'><strong>καὶ</strong></span> <span class='ocrx_word' id='word_1_390' title='bbox 3140 3074 3407 3145; x_wconf 85' lang='grc' dir='ltr'>βασιλέων</span> <span class='ocrx_word' id='word_1_391' title='bbox 3432 3074 3765 3129; x_wconf 68' lang='grc' dir='ltr'>ἐϐάστασαν.</span> 
     </span>
    </p>
   </div>
   <div class='ocr_carea' id='block_1_60' title="bbox 835 3250 2334 3319">
    <p class='ocr_par' dir='ltr' id='par_1_60' title="bbox 835 3250 2334 3319">
     <span class='ocr_line' id='line_1_60' title="bbox 835 3250 2334 3319; baseline -0.005 -10"><span class='ocrx_word' id='word_1_392' title='bbox 835 3257 910 3309; x_wconf 87' lang='lat' dir='ltr'><strong>lla</strong></span> <span class='ocrx_word' id='word_1_393' title='bbox 951 3255 1224 3309; x_wconf 82' lang='lat' dir='ltr'><strong>cruciatos</strong></span> <span class='ocrx_word' id='word_1_394' title='bbox 1264 3255 1481 3308; x_wconf 80' lang='lat' dir='ltr'><strong>fortiter</strong></span> <span class='ocrx_word' id='word_1_395' title='bbox 1531 3253 1852 3316; x_wconf 82' lang='lat' dir='ltr'><strong>tolerantes,</strong></span> <span class='ocrx_word' id='word_1_396' title='bbox 1904 3252 2139 3319; x_wconf 84' lang='lat' dir='ltr'><strong>majores</strong></span> <span class='ocrx_word' id='word_1_397' title='bbox 2191 3250 2334 3303; x_wconf 85' lang='lat' dir='ltr'><strong>vires</strong></span> 
     </span>
    </p>
   </div>
   <div class='ocr_carea' id='block_1_61' title="bbox 765 3343 2337 3415">
    <p class='ocr_par' dir='ltr' id='par_1_61' title="bbox 765 3343 2337 3415">
     <span class='ocr_line' id='line_1_61' title="bbox 765 3343 2337 3415; baseline -0.003 -16"><span class='ocrx_word' id='word_1_398' title='bbox 765 3348 1080 3412; x_wconf 79' lang='lat' dir='ltr'><strong>sumebant;</strong></span> <span class='ocrx_word' id='word_1_399' title='bbox 1123 3346 1191 3398; x_wconf 87' lang='lat' dir='ltr'><strong>ita</strong></span> <span class='ocrx_word' id='word_1_400' title='bbox 1242 3345 1708 3415; x_wconf 90' lang='lat' dir='ltr'><strong>persecutionibns</strong></span> <span class='ocrx_word' id='word_1_401' title='bbox 1740 3358 1803 3399; x_wconf 88' lang='lat' dir='ltr'><strong>ac</strong></span> <span class='ocrx_word' id='word_1_402' title='bbox 1836 3343 2092 3412; x_wconf 89' lang='lat' dir='ltr'><strong>periculis</strong></span> <span class='ocrx_word' id='word_1_403' title='bbox 2148 3356 2337 3394; x_wconf 89' lang='lat' dir='ltr'><strong>corro-</strong></span> 
     </span>
    </p>
   </div>
   <div class='ocr_carea' id='block_1_62' title="bbox 765 3431 2335 3491">
    <p class='ocr_par' dir='ltr' id='par_1_62' title="bbox 765 3431 2335 3491">
     <span class='ocr_line' id='line_1_62' title="bbox 765 3431 2335 3491; baseline -0.003 -2"><span class='ocrx_word' id='word_1_404' title='bbox 765 3440 1117 3491; x_wconf 74' lang='lat' dir='ltr'><strong>lmraliantur.</strong></span> <span class='ocrx_word' id='word_1_405' title='bbox 1175 3437 1310 3490; x_wconf 92' lang='lat' dir='ltr'><strong>llinc</strong></span> <span class='ocrx_word' id='word_1_406' title='bbox 1361 3437 1747 3489; x_wconf 91' lang='lat' dir='ltr'><strong>tentationibus</strong></span> <span class='ocrx_word' id='word_1_407' title='bbox 1786 3449 1851 3488; x_wconf 90' lang='lat' dir='ltr'><strong>ac</strong></span> <span class='ocrx_word' id='word_1_408' title='bbox 1892 3431 2335 3487; x_wconf 90' lang='lat' dir='ltr'><strong>tribulationibus</strong></span> 
     </span>
    </p>
   </div>
   <div class='ocr_carea' id='block_1_63' title="bbox 768 3523 2337 3597">
    <p class='ocr_par' dir='ltr' id='par_1_63' title="bbox 768 3523 2337 3597">
     <span class='ocr_line' id='line_1_63' title="bbox 768 3523 2337 3597; baseline -0.001 -21"><span class='ocrx_word' id='word_1_409' title='bbox 768 3530 933 3594; x_wconf 73' lang='lat' dir='ltr'><strong>magis</strong></span> <span class='ocrx_word' id='word_1_410' title='bbox 1000 3530 1285 3597; x_wconf 77' lang='lat' dir='ltr'><strong>vigebant,</strong></span> <span class='ocrx_word' id='word_1_411' title='bbox 1358 3526 1665 3581; x_wconf 88' lang='lat' dir='ltr'><strong>nullatenus</strong></span> <span class='ocrx_word' id='word_1_412' title='bbox 1731 3526 1892 3581; x_wconf 87' lang='lat' dir='ltr'><strong>minis</strong></span> <span class='ocrx_word' id='word_1_413' title='bbox 1949 3523 2337 3590; x_wconf 88' lang='lat' dir='ltr'><strong>intentatisque</strong></span> 
     </span>
    </p>
   </div>
   <div class='ocr_carea' id='block_1_64' title="bbox 765 3613 2337 3688">
    <p class='ocr_par' dir='ltr' id='par_1_64' title="bbox 765 3613 2337 3688">
     <span class='ocr_line' id='line_1_64' title="bbox 765 3613 2337 3688; baseline -0.003 -17"><span class='ocrx_word' id='word_1_414' title='bbox 765 3620 1065 3674; x_wconf 76' lang='lat' dir='ltr'><strong>terroribus</strong></span> <span class='ocrx_word' id='word_1_415' title='bbox 1094 3620 1369 3673; x_wconf 81' lang='lat' dir='ltr'><strong>terrefacti</strong></span> <span class='ocrx_word' id='word_1_416' title='bbox 1395 3636 1409 3683; x_wconf 89' lang='lat'><strong>;</strong></span> <span class='ocrx_word' id='word_1_417' title='bbox 1441 3628 1849 3688; x_wconf 85' lang='lat' dir='ltr'><strong>persecutorum</strong></span> <span class='ocrx_word' id='word_1_418' title='bbox 1888 3617 2089 3670; x_wconf 87' lang='lat' dir='ltr'><strong>rabiem</strong></span> <span class='ocrx_word' id='word_1_419' title='bbox 2122 3613 2337 3683; x_wconf 81' lang='lat' dir='ltr'><strong>egregie</strong></span> 
     </span>
    </p>
   </div>
   <div class='ocr_carea' id='block_1_65' title="bbox 766 3706 2333 3778">
    <p class='ocr_par' dir='ltr' id='par_1_65' title="bbox 766 3706 2333 3778">
     <span class='ocr_line' id='line_1_65' title="bbox 766 3706 2333 3778; baseline -0.004 -17"><span class='ocrx_word' id='word_1_420' title='bbox 766 3712 1144 3773; x_wconf 85' lang='lat' dir='ltr'><strong>retnnlebant,</strong></span> <span class='ocrx_word' id='word_1_421' title='bbox 1177 3712 1349 3778; x_wconf 75' lang='lat' dir='ltr'><strong>capita</strong></span> <span class='ocrx_word' id='word_1_422' title='bbox 1387 3710 1675 3778; x_wconf 88' lang='lat' dir='ltr'><strong>impiorum</strong></span> <span class='ocrx_word' id='word_1_423' title='bbox 1718 3706 2095 3767; x_wconf 88' lang='lat' dir='ltr'><strong>concidebant,</strong></span> <span class='ocrx_word' id='word_1_424' title='bbox 2141 3718 2333 3771; x_wconf 86' lang='lat' dir='ltr'><strong>supcr-</strong></span> 
     </span>
    </p>
   </div>
   <div class='ocr_carea' id='block_1_66' title="bbox 763 3797 2333 3868">
    <p class='ocr_par' dir='ltr' id='par_1_66' title="bbox 763 3797 2333 3868">
     <span class='ocr_line' id='line_1_66' title="bbox 763 3797 2333 3868; baseline -0.004 -16"><span class='ocrx_word' id='word_1_425' title='bbox 763 3802 947 3854; x_wconf 71' lang='lat' dir='ltr'><strong>o-ilrnm</strong></span> <span class='ocrx_word' id='word_1_426' title='bbox 996 3804 1277 3854; x_wconf 73' lang='lat' dir='ltr'><strong>amcorum</strong></span> <span class='ocrx_word' id='word_1_427' title='bbox 1329 3799 1722 3868; x_wconf 83' lang='lat' dir='ltr'><strong>deprimebanl,</strong></span> <span class='ocrx_word' id='word_1_428' title='bbox 1779 3797 2191 3851; x_wconf 84' lang='lat' dir='ltr'><strong>luribundorum</strong></span> <span class='ocrx_word' id='word_1_429' title='bbox 2221 3804 2333 3846; x_wconf 85' lang='lat' dir='ltr'><strong>tor-</strong></span> 
     </span>
    </p>
   </div>
   <div class='ocr_carea' id='block_1_67' title="bbox 766 3884 2335 3958">
    <p class='ocr_par' dir='ltr' id='par_1_67' title="bbox 766 3884 2335 3958">
     <span class='ocr_line' id='line_1_67' title="bbox 766 3884 2335 3958; baseline -0.002 -19"><span class='ocrx_word' id='word_1_430' title='bbox 766 3902 941 3942; x_wconf 88' lang='lat' dir='ltr'><strong>menta</strong></span> <span class='ocrx_word' id='word_1_431' title='bbox 992 3906 1087 3942; x_wconf 88' lang='lat' dir='ltr'><strong>eeo</strong></span> <span class='ocrx_word' id='word_1_432' title='bbox 1139 3893 1424 3943; x_wconf 77' lang='lat' dir='ltr'><strong>thesauros</strong></span> <span class='ocrx_word' id='word_1_433' title='bbox 1467 3889 1734 3958; x_wconf 83' lang='lat' dir='ltr'><strong>pretiosos</strong></span> <span class='ocrx_word' id='word_1_434' title='bbox 1774 3886 2154 3948; x_wconf 83' lang='lat' dir='ltr'><strong>admittentes,</strong></span> <span class='ocrx_word' id='word_1_435' title='bbox 2201 3884 2335 3937; x_wconf 63' lang='lat' dir='ltr'><strong>deli»</strong></span> 
     </span>
    </p>
   </div>
   <div class='ocr_carea' id='block_1_68' title="bbox 763 3974 2336 4047">
    <p class='ocr_par' dir='ltr' id='par_1_68' title="bbox 763 3974 2336 4047">
     <span class='ocr_line' id='line_1_68' title="bbox 763 3974 2336 4047; baseline -0.003 -17"><span class='ocrx_word' id='word_1_436' title='bbox 763 3980 971 4030; x_wconf 84' lang='lat' dir='ltr'><strong>ciarum</strong></span> <span class='ocrx_word' id='word_1_437' title='bbox 1028 3981 1206 4046; x_wconf 86' lang='lat' dir='ltr'><strong>potius</strong></span> <span class='ocrx_word' id='word_1_438' title='bbox 1270 3994 1433 4047; x_wconf 82' lang='lat' dir='ltr'><strong>quam</strong></span> <span class='ocrx_word' id='word_1_439' title='bbox 1497 3993 1668 4047; x_wconf 66' lang='lat' dir='ltr'><strong>pmnze</strong></span> <span class='ocrx_word' id='word_1_440' title='bbox 1736 3976 1854 4031; x_wconf 88' lang='lat' dir='ltr'><strong>loco</strong></span> <span class='ocrx_word' id='word_1_441' title='bbox 1906 3976 2187 4029; x_wconf 72' lang='lat' dir='ltr'><strong>habentes.</strong></span> <span class='ocrx_word' id='word_1_442' title='bbox 2246 3974 2336 4026; x_wconf 81' lang='lat' dir='ltr'><strong>Sic</strong></span> 
     </span>
    </p>
   </div>
   <div class='ocr_carea' id='block_1_69' title="bbox 761 4071 2337 4137">
    <p class='ocr_par' dir='ltr' id='par_1_69' title="bbox 761 4071 2337 4137">
     <span class='ocr_line' id='line_1_69' title="bbox 761 4071 2337 4137; baseline -0.001 -18"><span class='ocrx_word' id='word_1_443' title='bbox 761 4072 963 4123; x_wconf 82' lang='lat' dir='ltr'><strong>erroris</strong></span> <span class='ocrx_word' id='word_1_444' title='bbox 1023 4071 1387 4125; x_wconf 56' lang='lat' dir='ltr'><strong>destructores</strong></span> <span class='ocrx_word' id='word_1_445' title='bbox 1455 4080 1774 4133; x_wconf 87' lang='lat' dir='ltr'><strong>evaserunt,</strong></span> <span class='ocrx_word' id='word_1_446' title='bbox 1840 4076 2231 4137; x_wconf 71' lang='lat' dir='ltr'><strong>angustumque</strong></span> <span class='ocrx_word' id='word_1_447' title='bbox 2282 4072 2337 4119; x_wconf 91' lang='lat' dir='ltr'><strong>et</strong></span> 
     </span>
    </p>
   </div>
   <div class='ocr_carea' id='block_1_70' title="bbox 766 4157 2339 4223">
    <p class='ocr_par' dir='ltr' id='par_1_70' title="bbox 766 4157 2339 4223">
     <span class='ocr_line' id='line_1_70' title="bbox 766 4157 2339 4223; baseline -0.002 -11"><span class='ocrx_word' id='word_1_448' title='bbox 766 4165 1046 4218; x_wconf 82' lang='lat' dir='ltr'><strong>molestam</strong></span> <span class='ocrx_word' id='word_1_449' title='bbox 1110 4164 1249 4216; x_wconf 86' lang='lat' dir='ltr'><strong>viam</strong></span> <span class='ocrx_word' id='word_1_450' title='bbox 1312 4171 1579 4223; x_wconf 89' lang='lat' dir='ltr'><strong>terentes,</strong></span> <span class='ocrx_word' id='word_1_451' title='bbox 1630 4159 1961 4214; x_wconf 89' lang='lat' dir='ltr'><strong>multitudini</strong></span> <span class='ocrx_word' id='word_1_452' title='bbox 2033 4157 2231 4212; x_wconf 82' lang='lat' dir='ltr'><strong>inviam</strong></span> <span class='ocrx_word' id='word_1_453' title='bbox 2284 4167 2339 4210; x_wconf 91' lang='lat' dir='ltr'><strong>et</strong></span> 
     </span>
    </p>
   </div>
   <div class='ocr_carea' id='block_1_71' title="bbox 764 4248 2335 4321">
    <p class='ocr_par' dir='ltr' id='par_1_71' title="bbox 764 4248 2335 4321">
     <span class='ocr_line' id='line_1_71' title="bbox 764 4248 2335 4321; baseline -0.003 -15"><span class='ocrx_word' id='word_1_454' title='bbox 764 4259 1056 4315; x_wconf 82' lang='lat' dir='ltr'><strong>desertam,</strong></span> <span class='ocrx_word' id='word_1_455' title='bbox 1090 4254 1157 4305; x_wconf 89' lang='lat' dir='ltr'><strong>ad</strong></span> <span class='ocrx_word' id='word_1_456' title='bbox 1190 4253 1479 4321; x_wconf 85' lang='lat' dir='ltr'><strong>spatiosam</strong></span> <span class='ocrx_word' id='word_1_457' title='bbox 1515 4266 1576 4303; x_wconf 90' lang='lat' dir='ltr'><strong>ac</strong></span> <span class='ocrx_word' id='word_1_458' title='bbox 1610 4250 2001 4312; x_wconf 76' lang='lat' dir='ltr'><strong>beatissimam,</strong></span> <span class='ocrx_word' id='word_1_459' title='bbox 2042 4263 2163 4317; x_wconf 67' lang='lat' dir='ltr'><strong>quae</strong></span> <span class='ocrx_word' id='word_1_460' title='bbox 2202 4248 2335 4317; x_wconf 88' lang='lat' dir='ltr'><strong>ipsis</strong></span> 
     </span>
    </p>
   </div>
   <div class='ocr_carea' id='block_1_72' title="bbox 762 4339 2333 4415">
    <p class='ocr_par' dir='ltr' id='par_1_72' title="bbox 762 4339 2333 4415">
     <span class='ocr_line' id='line_1_72' title="bbox 762 4339 2333 4415; baseline -0.004 -16"><span class='ocrx_word' id='word_1_461' title='bbox 762 4357 883 4401; x_wconf 80' lang='lat' dir='ltr'><strong>erat</strong></span> <span class='ocrx_word' id='word_1_462' title='bbox 940 4347 1248 4415; x_wconf 79' lang='lat' dir='ltr'><strong>assignata,</strong></span> <span class='ocrx_word' id='word_1_463' title='bbox 1319 4342 1521 4410; x_wconf 84' lang='lat' dir='ltr'><strong>requiei</strong></span> <span class='ocrx_word' id='word_1_464' title='bbox 1592 4342 1775 4396; x_wconf 76' lang='lat' dir='ltr'><strong>sedem</strong></span> <span class='ocrx_word' id='word_1_465' title='bbox 1833 4351 2218 4410; x_wconf 87' lang='lat' dir='ltr'><strong>pervenerunt.</strong></span> <span class='ocrx_word' id='word_1_466' title='bbox 2267 4339 2333 4393; x_wconf 85' lang='lat' dir='ltr'><strong>lli</strong></span> 
     </span>
    </p>
   </div>
   <div class='ocr_carea' id='block_1_73' title="bbox 765 4428 2331 4504">
    <p class='ocr_par' dir='ltr' id='par_1_73' title="bbox 765 4428 2331 4504">
     <span class='ocr_line' id='line_1_73' title="bbox 765 4428 2331 4504; baseline -0.006 -15"><span class='ocrx_word' id='word_1_467' title='bbox 765 4437 1043 4492; x_wconf 79' lang='lat' dir='ltr'><strong>victoriosi</strong></span> <span class='ocrx_word' id='word_1_468' title='bbox 1087 4445 1373 4504; x_wconf 83' lang='lat' dir='ltr'><strong>martyres,</strong></span> <span class='ocrx_word' id='word_1_469' title='bbox 1402 4434 1454 4485; x_wconf 90' lang='lat' dir='ltr'><strong>in</strong></span> <span class='ocrx_word' id='word_1_470' title='bbox 1480 4432 1816 4485; x_wconf 90' lang='lat' dir='ltr'><strong>cruciatuum</strong></span> <span class='ocrx_word' id='word_1_471' title='bbox 1850 4431 2066 4483; x_wconf 91' lang='lat' dir='ltr'><strong>camino</strong></span> <span class='ocrx_word' id='word_1_472' title='bbox 2096 4428 2331 4490; x_wconf 78' lang='lat' dir='ltr'><strong>excocti,</strong></span> 
     </span>
    </p>
   </div>
   <div class='ocr_carea' id='block_1_74' title="bbox 2513 3254 4022 3328">
    <p class='ocr_par' dir='ltr' id='par_1_74' title="bbox 2513 3254 4022 3328">
     <span class='ocr_line' id='line_1_74' title="bbox 2513 3254 4022 3328; baseline 0.003 -21"><span class='ocrx_word' id='word_1_473' title='bbox 2513 3254 2668 3307; x_wconf 79' lang='grc' dir='ltr'>Ούτω</span> <span class='ocrx_word' id='word_1_474' title='bbox 2692 3257 2810 3318; x_wconf 82' lang='grc' dir='ltr'>ταῖς</span> <span class='ocrx_word' id='word_1_475' title='bbox 2842 3255 3099 3324; x_wconf 82' lang='grc' dir='ltr'>βασάνοις</span> <span class='ocrx_word' id='word_1_476' title='bbox 3124 3256 3609 3327; x_wconf 71' lang='grc' dir='ltr'>ἐγκαρτεροῦντες,</span> <span class='ocrx_word' id='word_1_477' title='bbox 3633 3257 3726 3310; x_wconf 73' lang='grc' dir='ltr'><strong>ὲπὶ</strong></span> <span class='ocrx_word' id='word_1_478' title='bbox 3744 3256 3806 3309; x_wconf 71' lang='grc' dir='ltr'>τὸ</span> <span class='ocrx_word' id='word_1_479' title='bbox 3828 3259 4022 3328; x_wconf 74' lang='grc' dir='ltr'>ῥωμα-</span> 
     </span>
    </p>
   </div>
   <div class='ocr_carea' id='block_1_75' title="bbox 2439 3346 4023 3419">
    <p class='ocr_par' dir='ltr' id='par_1_75' title="bbox 2439 3346 4023 3419">
     <span class='ocr_line' id='line_1_75' title="bbox 2439 3346 4023 3419; baseline 0.006 -24"><span class='ocrx_word' id='word_1_480' title='bbox 2439 3346 2708 3415; x_wconf 75' lang='grc' dir='ltr'>λεώτερον</span> <span class='ocrx_word' id='word_1_481' title='bbox 2742 3348 3240 3417; x_wconf 76' lang='grc' dir='ltr'>μετερῤυομίζοντο</span> <span class='ocrx_word' id='word_1_482' title='bbox 3267 3366 3280 3379; x_wconf 79' lang='grc' dir='ltr'><strong>ο</strong></span> <span class='ocrx_word' id='word_1_483' title='bbox 3322 3348 3467 3401; x_wconf 73' lang='grc' dir='ltr'>οὕτω</span> <span class='ocrx_word' id='word_1_484' title='bbox 3490 3352 3601 3410; x_wconf 85' lang='grc' dir='ltr'>τοῖς</span> <span class='ocrx_word' id='word_1_485' title='bbox 3625 3349 3895 3419; x_wconf 79' lang='grc' dir='ltr'>διωγμοῖς</span> <span class='ocrx_word' id='word_1_486' title='bbox 3925 3353 4023 3406; x_wconf 79' lang='grc' dir='ltr'>καὶ</span> 
     </span>
    </p>
   </div>
   <div class='ocr_carea' id='block_1_76' title="bbox 2439 3436 4022 3509">
    <p class='ocr_par' dir='ltr' id='par_1_76' title="bbox 2439 3436 4022 3509">
     <span class='ocr_line' id='line_1_76' title="bbox 2439 3436 4022 3509; baseline 0.005 -23"><span class='ocrx_word' id='word_1_487' title='bbox 2439 3436 2706 3497; x_wconf 81' lang='grc' dir='ltr'>κινδύνοις</span> <span class='ocrx_word' id='word_1_488' title='bbox 2743 3436 3081 3508; x_wconf 72' lang='grc' dir='ltr'>ἐρρώννυντο</span> <span class='ocrx_word' id='word_1_489' title='bbox 3109 3455 3122 3468; x_wconf 82' lang='grc'><em>’</em></span> <span class='ocrx_word' id='word_1_490' title='bbox 3171 3438 3423 3491; x_wconf 75' lang='grc' dir='ltr'>ἐντεῦθεν</span> <span class='ocrx_word' id='word_1_491' title='bbox 3457 3438 3885 3509; x_wconf 78' lang='grc' dir='ltr'>ὲνεδυναμοῦντο</span> <span class='ocrx_word' id='word_1_492' title='bbox 3908 3444 4022 3504; x_wconf 83' lang='grc' dir='ltr'>τοῖς</span> 
     </span>
    </p>
   </div>
   <div class='ocr_carea' id='block_1_77' title="bbox 2438 3529 4020 3598">
    <p class='ocr_par' dir='ltr' id='par_1_77' title="bbox 2438 3529 4020 3598">
     <span class='ocr_line' id='line_1_77' title="bbox 2438 3529 4020 3598; baseline 0.003 -19"><span class='ocrx_word' id='word_1_493' title='bbox 2438 3532 2764 3598; x_wconf 80' lang='grc' dir='ltr'>πειρασμοῖς</span> <span class='ocrx_word' id='word_1_494' title='bbox 2810 3531 2901 3581; x_wconf 68' lang='grc' dir='ltr'><strong>καὶ</strong></span> <span class='ocrx_word' id='word_1_495' title='bbox 2929 3533 3048 3592; x_wconf 85' lang='grc' dir='ltr'>ταῖς</span> <span class='ocrx_word' id='word_1_496' title='bbox 3086 3529 3351 3597; x_wconf 62' lang='grc' dir='ltr'>θλίψεσιν,</span> <span class='ocrx_word' id='word_1_497' title='bbox 3386 3530 3539 3583; x_wconf 68' lang='grc' dir='ltr'>οὐδὲν</span> <span class='ocrx_word' id='word_1_498' title='bbox 3594 3529 3701 3582; x_wconf 91' lang='grc' dir='ltr'><strong>τῶν</strong></span> <span class='ocrx_word' id='word_1_499' title='bbox 3754 3532 4020 3584; x_wconf 64' lang='grc' dir='ltr'>ἀπειλου-</span> 
     </span>
    </p>
   </div>
   <div class='ocr_carea' id='block_1_78' title="bbox 2442 3621 4019 3692">
    <p class='ocr_par' dir='ltr' id='par_1_78' title="bbox 2442 3621 4019 3692">
     <span class='ocr_line' id='line_1_78' title="bbox 2442 3621 4019 3692; baseline 0.001 -19"><span class='ocrx_word' id='word_1_500' title='bbox 2442 3621 2617 3689; x_wconf 78' lang='grc' dir='ltr'>μένων</span> <span class='ocrx_word' id='word_1_501' title='bbox 2646 3621 2678 3691; x_wconf 75' lang='grc' dir='ltr'>ἢ</span> <span class='ocrx_word' id='word_1_502' title='bbox 2712 3624 3150 3692; x_wconf 77' lang='grc' dir='ltr'>προσαγομένων</span> <span class='ocrx_word' id='word_1_503' title='bbox 3196 3622 3385 3675; x_wconf 81' lang='grc' dir='ltr'>δεινῶν</span> <span class='ocrx_word' id='word_1_504' title='bbox 3419 3624 3829 3690; x_wconf 80' lang='grc' dir='ltr'>κατεπτηχότες</span> <span class='ocrx_word' id='word_1_505' title='bbox 3861 3639 3875 3652; x_wconf 74' lang='grc' dir='ltr'><strong>ο</strong></span> <span class='ocrx_word' id='word_1_506' title='bbox 3930 3624 4019 3687; x_wconf 79' lang='grc' dir='ltr'><strong>ἐξ·</strong></span> 
     </span>
    </p>
   </div>
   <div class='ocr_carea' id='block_1_79' title="bbox 2440 3713 4021 3787">
    <p class='ocr_par' dir='ltr' id='par_1_79' title="bbox 2440 3713 4021 3787">
     <span class='ocr_line' id='line_1_79' title="bbox 2440 3713 4021 3787; baseline 0.003 -22"><span class='ocrx_word' id='word_1_507' title='bbox 2440 3713 2676 3783; x_wconf 73' lang='grc' dir='ltr'>ήλεγξαν</span> <span class='ocrx_word' id='word_1_508' title='bbox 2703 3718 2801 3786; x_wconf 75' lang='grc' dir='ltr'>τὴν</span> <span class='ocrx_word' id='word_1_509' title='bbox 2822 3718 2931 3769; x_wconf 90' lang='grc' dir='ltr'><strong>τῶν</strong></span> <span class='ocrx_word' id='word_1_510' title='bbox 2947 3718 3251 3770; x_wconf 78' lang='grc' dir='ltr'>διωκόντων</span> <span class='ocrx_word' id='word_1_511' title='bbox 3283 3718 3481 3787; x_wconf 85' lang='grc' dir='ltr'>μανίαν</span> <span class='ocrx_word' id='word_1_512' title='bbox 3506 3717 3901 3786; x_wconf 83' lang='grc' dir='ltr'>εύτολμότατα,</span> <span class='ocrx_word' id='word_1_513' title='bbox 3928 3719 4021 3771; x_wconf 73' lang='grc' dir='ltr'><strong>καὶ</strong></span> 
     </span>
    </p>
   </div>
   <div class='ocr_carea' id='block_1_80' title="bbox 2441 3806 4021 3880">
    <p class='ocr_par' dir='ltr' id='par_1_80' title="bbox 2441 3806 4021 3880">
     <span class='ocr_line' id='line_1_80' title="bbox 2441 3806 4021 3880; baseline 0.002 -23"><span class='ocrx_word' id='word_1_514' title='bbox 2441 3806 2687 3873; x_wconf 82' lang='grc' dir='ltr'>κεφαλάς</span> <span class='ocrx_word' id='word_1_515' title='bbox 2717 3809 2934 3877; x_wconf 85' lang='grc' dir='ltr'>ἀνόμων</span> <span class='ocrx_word' id='word_1_516' title='bbox 2955 3809 3228 3878; x_wconf 69' lang='grc' dir='ltr'>διέκοψαν,</span> <span class='ocrx_word' id='word_1_517' title='bbox 3252 3811 3348 3861; x_wconf 73' lang='grc' dir='ltr'><strong>καὶ</strong></span> <span class='ocrx_word' id='word_1_518' title='bbox 3370 3810 3468 3880; x_wconf 78' lang='grc' dir='ltr'><strong>τὴν</strong></span> <span class='ocrx_word' id='word_1_519' title='bbox 3497 3810 3669 3879; x_wconf 68' lang='grc' dir='ltr'>ὀφρὺν</span> <span class='ocrx_word' id='word_1_520' title='bbox 3693 3809 3802 3860; x_wconf 87' lang='grc' dir='ltr'><strong>τῶν</strong></span> <span class='ocrx_word' id='word_1_521' title='bbox 3841 3810 4021 3862; x_wconf 78' lang='grc' dir='ltr'>ἀθέων</span> 
     </span>
    </p>
   </div>
   <div class='ocr_carea' id='block_1_81' title="bbox 2439 3898 4020 3969">
    <p class='ocr_par' dir='ltr' id='par_1_81' title="bbox 2439 3898 4020 3969">
     <span class='ocr_line' id='line_1_81' title="bbox 2439 3898 4020 3969; baseline 0.001 -21"><span class='ocrx_word' id='word_1_522' title='bbox 2439 3898 2811 3961; x_wconf 85' lang='grc' dir='ltr'>κατέσπασαν,</span> <span class='ocrx_word' id='word_1_523' title='bbox 2839 3900 2965 3960; x_wconf 72' lang='grc' dir='ltr'>τοὺς</span> <span class='ocrx_word' id='word_1_524' title='bbox 2987 3898 3093 3949; x_wconf 89' lang='grc' dir='ltr'><strong>τῶν</strong></span> <span class='ocrx_word' id='word_1_525' title='bbox 3111 3899 3393 3969; x_wconf 85' lang='grc' dir='ltr'>δυσμενῶν</span> <span class='ocrx_word' id='word_1_526' title='bbox 3412 3900 3700 3967; x_wconf 73' lang='grc' dir='ltr'>αἰκισμοὺς</span> <span class='ocrx_word' id='word_1_527' title='bbox 3714 3898 3787 3960; x_wconf 86' lang='grc' dir='ltr'>ὡς</span> <span class='ocrx_word' id='word_1_528' title='bbox 3822 3898 4020 3967; x_wconf 69' lang='grc' dir='ltr'>θησαυ-</span> 
     </span>
    </p>
   </div>
   <div class='ocr_carea' id='block_1_82' title="bbox 2443 3989 4017 4061">
    <p class='ocr_par' dir='ltr' id='par_1_82' title="bbox 2443 3989 4017 4061">
     <span class='ocr_line' id='line_1_82' title="bbox 2443 3989 4017 4061; baseline -0.001 -22"><span class='ocrx_word' id='word_1_529' title='bbox 2443 3989 2569 4058; x_wconf 72' lang='grc' dir='ltr'>ροὺς</span> <span class='ocrx_word' id='word_1_530' title='bbox 2591 3990 2917 4059; x_wconf 84' lang='grc' dir='ltr'>πολυτίμους</span> <span class='ocrx_word' id='word_1_531' title='bbox 2938 3992 3241 4059; x_wconf 83' lang='grc' dir='ltr'>δεχόμενοι,</span> <span class='ocrx_word' id='word_1_532' title='bbox 3277 3990 3487 4061; x_wconf 73' lang='grc' dir='ltr'>τρυφὴν</span> <span class='ocrx_word' id='word_1_533' title='bbox 3512 3989 3757 4059; x_wconf 73' lang='grc' dir='ltr'>μᾶλλονῆ</span> <span class='ocrx_word' id='word_1_534' title='bbox 3787 3989 4017 4041; x_wconf 71' lang='grc' dir='ltr'>κόλασιν</span> 
     </span>
    </p>
   </div>
   <div class='ocr_carea' id='block_1_83' title="bbox 2437 4079 4020 4152">
    <p class='ocr_par' dir='ltr' id='par_1_83' title="bbox 2437 4079 4020 4152">
     <span class='ocr_line' id='line_1_83' title="bbox 2437 4079 4020 4152; baseline 0.001 -21"><span class='ocrx_word' id='word_1_535' title='bbox 2437 4079 2659 4144; x_wconf 89' lang='grc' dir='ltr'>τούτους</span> <span class='ocrx_word' id='word_1_536' title='bbox 2673 4081 3030 4151; x_wconf 73' lang='grc' dir='ltr'>λογιζόμενοι.</span> <span class='ocrx_word' id='word_1_537' title='bbox 3056 4082 3213 4135; x_wconf 77' lang='grc' dir='ltr'>Οὕτω</span> <span class='ocrx_word' id='word_1_538' title='bbox 3230 4083 3324 4151; x_wconf 82' lang='grc' dir='ltr'>τῆς</span> <span class='ocrx_word' id='word_1_539' title='bbox 3342 4083 3549 4152; x_wconf 83' lang='grc' dir='ltr'>πλάνης</span> <span class='ocrx_word' id='word_1_540' title='bbox 3571 4081 3898 4150; x_wconf 85' lang='grc' dir='ltr'>καθαιρέται</span> <span class='ocrx_word' id='word_1_541' title='bbox 3928 4097 4020 4147; x_wconf 80' lang='grc' dir='ltr'>γε·</span> 
     </span>
    </p>
   </div>
   <div class='ocr_carea' id='block_1_84' title="bbox 2439 4169 4016 4242">
    <p class='ocr_par' dir='ltr' id='par_1_84' title="bbox 2439 4169 4016 4242">
     <span class='ocr_line' id='line_1_84' title="bbox 2439 4169 4016 4242; baseline 0.001 -21"><span class='ocrx_word' id='word_1_542' title='bbox 2439 4170 2650 4238; x_wconf 90' lang='grc' dir='ltr'>γόνασι,</span> <span class='ocrx_word' id='word_1_543' title='bbox 2681 4171 2773 4223; x_wconf 76' lang='grc' dir='ltr'><strong>καὶ</strong></span> <span class='ocrx_word' id='word_1_544' title='bbox 2794 4170 2891 4241; x_wconf 76' lang='grc' dir='ltr'><strong>τὴν</strong></span> <span class='ocrx_word' id='word_1_545' title='bbox 2920 4172 3113 4242; x_wconf 75' lang='grc' dir='ltr'>στενὴν</span> <span class='ocrx_word' id='word_1_546' title='bbox 3153 4172 3247 4223; x_wconf 68' lang='grc' dir='ltr'>καὶ</span> <span class='ocrx_word' id='word_1_547' title='bbox 3276 4171 3642 4240; x_wconf 88' lang='grc' dir='ltr'>τεθλιμμένην</span> <span class='ocrx_word' id='word_1_548' title='bbox 3672 4169 3857 4239; x_wconf 70' lang='grc' dir='ltr'>τρίϐον</span> <span class='ocrx_word' id='word_1_549' title='bbox 3889 4171 4016 4222; x_wconf 72' lang='grc' dir='ltr'>ἐλά-</span> 
     </span>
    </p>
   </div>
   <div class='ocr_carea' id='block_1_85' title="bbox 2441 4261 4017 4331">
    <p class='ocr_par' dir='ltr' id='par_1_85' title="bbox 2441 4261 4017 4331">
     <span class='ocr_line' id='line_1_85' title="bbox 2441 4261 4017 4331; baseline 0 -19"><span class='ocrx_word' id='word_1_550' title='bbox 2441 4278 2655 4324; x_wconf 86' lang='grc' dir='ltr'>σαντες,</span> <span class='ocrx_word' id='word_1_551' title='bbox 2684 4262 2783 4331; x_wconf 79' lang='grc' dir='ltr'>τὴν</span> <span class='ocrx_word' id='word_1_552' title='bbox 2807 4263 3021 4325; x_wconf 81' lang='grc' dir='ltr'>πολλοῖς</span> <span class='ocrx_word' id='word_1_553' title='bbox 3051 4263 3248 4331; x_wconf 72' lang='grc' dir='ltr'>ἀστιϐῆ</span> <span class='ocrx_word' id='word_1_554' title='bbox 3272 4264 3366 4315; x_wconf 79' lang='grc' dir='ltr'><strong>καὶ</strong></span> <span class='ocrx_word' id='word_1_555' title='bbox 3389 4262 3716 4330; x_wconf 73' lang='grc' dir='ltr'>ἀνέμϐατον,</span> <span class='ocrx_word' id='word_1_556' title='bbox 3743 4261 3883 4330; x_wconf 59' lang='grc' dir='ltr'>πρὸς</span> <span class='ocrx_word' id='word_1_557' title='bbox 3917 4262 4017 4331; x_wconf 69' lang='grc' dir='ltr'>τὴν</span> 
     </span>
    </p>
   </div>
   <div class='ocr_carea' id='block_1_86' title="bbox 2438 4350 4017 4423">
    <p class='ocr_par' dir='ltr' id='par_1_86' title="bbox 2438 4350 4017 4423">
     <span class='ocr_line' id='line_1_86' title="bbox 2438 4350 4017 4423; baseline 0.001 -20"><span class='ocrx_word' id='word_1_558' title='bbox 2438 4351 2748 4422; x_wconf 71' lang='grc' dir='ltr'>εὐρύχωρον</span> <span class='ocrx_word' id='word_1_559' title='bbox 2765 4354 2856 4406; x_wconf 68' lang='grc' dir='ltr'>καὶ</span> <span class='ocrx_word' id='word_1_560' title='bbox 2875 4353 3191 4417; x_wconf 79' lang='grc' dir='ltr'>πανολὸίαν,</span> <span class='ocrx_word' id='word_1_561' title='bbox 3210 4353 3243 4423; x_wconf 73' lang='grc' dir='ltr'><strong>ἡ</strong></span> <span class='ocrx_word' id='word_1_562' title='bbox 3260 4354 3440 4413; x_wconf 64' lang='grc' dir='ltr'>αὐτοῖς</span> <span class='ocrx_word' id='word_1_563' title='bbox 3456 4350 3906 4421; x_wconf 76' lang='grc' dir='ltr'>άπεκεκλήρωτο,</span> <span class='ocrx_word' id='word_1_564' title='bbox 3925 4370 4017 4405; x_wconf 85' lang='grc' dir='ltr'>κα-</span> 
     </span>
    </p>
   </div>
   <div class='ocr_carea' id='block_1_87' title="bbox 2439 4441 4017 4514">
    <p class='ocr_par' dir='ltr' id='par_1_87' title="bbox 2439 4441 4017 4514">
     <span class='ocr_line' id='line_1_87' title="bbox 2439 4441 4017 4514; baseline 0.001 -20"><span class='ocrx_word' id='word_1_565' title='bbox 2439 4444 2633 4495; x_wconf 80' lang='grc' dir='ltr'>ταλύου</span> <span class='ocrx_word' id='word_1_566' title='bbox 2643 4461 2694 4497; x_wconf 91' lang='grc' dir='ltr'><strong>σι</strong></span> <span class='ocrx_word' id='word_1_567' title='bbox 2709 4445 2880 4513; x_wconf 79' lang='grc' dir='ltr'>λῆξιν.</span> <span class='ocrx_word' id='word_1_568' title='bbox 2901 4441 3061 4499; x_wconf 74' lang='grc' dir='ltr'>Οὗτοι</span> <span class='ocrx_word' id='word_1_569' title='bbox 3075 4447 3123 4498; x_wconf 80' lang='grc' dir='ltr'>οἱ</span> <span class='ocrx_word' id='word_1_570' title='bbox 3142 4446 3440 4498; x_wconf 86' lang='grc' dir='ltr'>καλλίνικοι</span> <span class='ocrx_word' id='word_1_571' title='bbox 3457 4445 3733 4514; x_wconf 86' lang='grc' dir='ltr'>μάρτυρες</span> <span class='ocrx_word' id='word_1_572' title='bbox 3747 4446 3805 4495; x_wconf 78' lang='grc' dir='ltr'><strong>εν</strong></span> <span class='ocrx_word' id='word_1_573' title='bbox 3823 4446 3890 4513; x_wconf 79' lang='grc' dir='ltr'>τῇ</span> <span class='ocrx_word' id='word_1_574' title='bbox 3909 4444 4017 4495; x_wconf 81' lang='grc' dir='ltr'><strong>τῶν</strong></span> 
     </span>
    </p>
   </div>
   <div class='ocr_carea' id='block_1_88' title="bbox 766 4520 2355 4606">
    <p class='ocr_par' dir='ltr' id='par_1_88' title="bbox 766 4520 2332 4601">
     <span class='ocr_line' id='line_1_88' title="bbox 766 4520 2332 4601; baseline -0.007 -18"><span class='ocrx_word' id='word_1_575' title='bbox 766 4542 927 4601; x_wconf 87' lang='lat' dir='ltr'><strong>atque</strong></span> <span class='ocrx_word' id='word_1_576' title='bbox 964 4539 1021 4582; x_wconf 92' lang='lat' dir='ltr'><strong>nt</strong></span> <span class='ocrx_word' id='word_1_577' title='bbox 1046 4542 1235 4581; x_wconf 89' lang='lat' dir='ltr'><strong>aormn</strong></span> <span class='ocrx_word' id='word_1_578' title='bbox 1263 4528 1545 4595; x_wconf 89' lang='lat' dir='ltr'><strong>probatum</strong></span> <span class='ocrx_word' id='word_1_579' title='bbox 1575 4521 1837 4590; x_wconf 88' lang='lat' dir='ltr'><strong>comperti</strong></span> <span class='ocrx_word' id='word_1_580' title='bbox 1858 4537 1921 4575; x_wconf 90' lang='lat' dir='ltr'><strong>ac</strong></span> <span class='ocrx_word' id='word_1_581' title='bbox 1951 4520 2332 4589; x_wconf 84' lang='lat' dir='ltr'><strong>splendillcati,</strong></span> 
     </span>
    </p>
   </div>
   <div class='ocr_carea' id='block_1_89' title="bbox 2433 4520 4016 4606">
    <p class='ocr_par' dir='ltr' id='par_1_89' title="bbox 2441 4532 4016 4604">
     <span class='ocr_line' id='line_1_89' title="bbox 2441 4532 4016 4604; baseline -0.001 -19"><span class='ocrx_word' id='word_1_582' title='bbox 2441 4532 2689 4602; x_wconf 79' lang='grc' dir='ltr'>βασάνων</span> <span class='ocrx_word' id='word_1_583' title='bbox 2714 4552 2784 4585; x_wconf 88' lang='grc' dir='ltr'><strong>πυ</strong></span> <span class='ocrx_word' id='word_1_584' title='bbox 2791 4534 3056 4604; x_wconf 81' lang='grc' dir='ltr'>ρωθέντες</span> <span class='ocrx_word' id='word_1_585' title='bbox 3081 4536 3318 4604; x_wconf 81' lang='grc' dir='ltr'>καμίνῳ,</span> <span class='ocrx_word' id='word_1_586' title='bbox 3338 4537 3431 4586; x_wconf 75' lang='grc' dir='ltr'><strong>καὶ</strong></span> <span class='ocrx_word' id='word_1_587' title='bbox 3452 4533 3525 4594; x_wconf 86' lang='grc' dir='ltr'>ὼς</span> <span class='ocrx_word' id='word_1_588' title='bbox 3543 4533 3765 4603; x_wconf 83' lang='grc' dir='ltr'>χρυσίον</span> <span class='ocrx_word' id='word_1_589' title='bbox 3786 4532 4016 4603; x_wconf 86' lang='grc' dir='ltr'>δόκιμον</span> 
     </span>
    </p>
   </div>
   <div class='ocr_carea' id='block_1_90' title="bbox 764 4612 2333 4683">
    <p class='ocr_par' dir='ltr' id='par_1_90' title="bbox 764 4612 2333 4683">
     <span class='ocr_line' id='line_1_90' title="bbox 764 4612 2333 4683; baseline -0.008 -5"><span class='ocrx_word' id='word_1_590' title='bbox 764 4624 879 4678; x_wconf 90' lang='lat' dir='ltr'><strong>sole</strong></span> <span class='ocrx_word' id='word_1_591' title='bbox 914 4631 1040 4676; x_wconf 91' lang='lat' dir='ltr'><strong>sunt</strong></span> <span class='ocrx_word' id='word_1_592' title='bbox 1086 4618 1367 4680; x_wconf 84' lang='lat' dir='ltr'><strong>clariores,</strong></span> <span class='ocrx_word' id='word_1_593' title='bbox 1399 4627 1451 4671; x_wconf 90' lang='lat' dir='ltr'><strong>et</strong></span> <span class='ocrx_word' id='word_1_594' title='bbox 1481 4616 1660 4670; x_wconf 86' lang='lat' dir='ltr'><strong>sidera</strong></span> <span class='ocrx_word' id='word_1_595' title='bbox 1712 4614 1915 4683; x_wconf 77' lang='lat' dir='ltr'><strong>fulgore</strong></span> <span class='ocrx_word' id='word_1_596' title='bbox 1950 4621 2231 4681; x_wconf 88' lang='lat' dir='ltr'><strong>superant.</strong></span> <span class='ocrx_word' id='word_1_597' title='bbox 2268 4612 2333 4666; x_wconf 89' lang='lat' dir='ltr'><strong>Hi</strong></span> 
     </span>
    </p>
   </div>
   <div class='ocr_carea' id='block_1_91' title="bbox 763 4702 2335 4769">
    <p class='ocr_par' dir='ltr' id='par_1_91' title="bbox 763 4702 2335 4769">
     <span class='ocr_line' id='line_1_91' title="bbox 763 4702 2335 4769; baseline -0.008 -1"><span class='ocrx_word' id='word_1_598' title='bbox 763 4718 834 4769; x_wconf 92' lang='lat' dir='ltr'><strong>ob</strong></span> <span class='ocrx_word' id='word_1_599' title='bbox 882 4713 1083 4768; x_wconf 83' lang='lat' dir='ltr'><strong>Christi</strong></span> <span class='ocrx_word' id='word_1_600' title='bbox 1135 4708 1533 4763; x_wconf 87' lang='lat' dir='ltr'><strong>confessionem</strong></span> <span class='ocrx_word' id='word_1_601' title='bbox 1588 4704 1971 4768; x_wconf 90' lang='lat' dir='ltr'><strong>consummati,</strong></span> <span class='ocrx_word' id='word_1_602' title='bbox 2045 4702 2335 4756; x_wconf 82' lang='lat' dir='ltr'><strong>rationales</strong></span> 
     </span>
    </p>
   </div>
   <div class='ocr_carea' id='block_1_92' title="bbox 764 4797 2333 4876">
    <p class='ocr_par' dir='ltr' id='par_1_92' title="bbox 764 4797 2333 4876">
     <span class='ocr_line' id='line_1_92' title="bbox 764 4797 2333 4876; baseline -0.01 -15"><span class='ocrx_word' id='word_1_603' title='bbox 764 4808 1141 4876; x_wconf 85' lang='lat' dir='ltr'><strong>perfectasque</strong></span> <span class='ocrx_word' id='word_1_604' title='bbox 1176 4800 1426 4853; x_wconf 86' lang='lat' dir='ltr'><strong>victimas</strong></span> <span class='ocrx_word' id='word_1_605' title='bbox 1463 4798 1511 4851; x_wconf 87' lang='lat' dir='ltr'><strong>ei</strong></span> <span class='ocrx_word' id='word_1_606' title='bbox 1542 4806 1713 4851; x_wconf 89' lang='lat' dir='ltr'><strong>semet</strong></span> <span class='ocrx_word' id='word_1_607' title='bbox 1750 4797 2117 4865; x_wconf 68' lang='lat' dir='ltr'><strong>pra-buerunt,</strong></span> <span class='ocrx_word' id='word_1_608' title='bbox 2156 4802 2211 4845; x_wconf 90' lang='lat' dir='ltr'><strong>et</strong></span> <span class='ocrx_word' id='word_1_609' title='bbox 2243 4806 2333 4846; x_wconf 85' lang='lat' dir='ltr'><strong>sa-</strong></span> 
     </span>
    </p>
   </div>
   <div class='ocr_carea' id='block_1_93' title="bbox 764 4885 2337 4959">
    <p class='ocr_par' dir='ltr' id='par_1_93' title="bbox 764 4885 2337 4959">
     <span class='ocr_line' id='line_1_93' title="bbox 764 4885 2337 4959; baseline -0.01 -8"><span class='ocrx_word' id='word_1_610' title='bbox 764 4897 1026 4951; x_wconf 81' lang='lat' dir='ltr'><strong>crificium</strong></span> <span class='ocrx_word' id='word_1_611' title='bbox 1076 4894 1183 4945; x_wconf 91' lang='lat' dir='ltr'><strong>Deo</strong></span> <span class='ocrx_word' id='word_1_612' title='bbox 1233 4891 1601 4959; x_wconf 83' lang='lat' dir='ltr'><strong>gratissimum</strong></span> <span class='ocrx_word' id='word_1_613' title='bbox 1654 4902 1718 4940; x_wconf 90' lang='lat' dir='ltr'><strong>ac</strong></span> <span class='ocrx_word' id='word_1_614' title='bbox 1754 4885 2230 4952; x_wconf 88' lang='lat' dir='ltr'><strong>jncundissimntn,</strong></span> <span class='ocrx_word' id='word_1_615' title='bbox 2281 4891 2337 4936; x_wconf 89' lang='lat' dir='ltr'><strong>et</strong></span> 
     </span>
    </p>
   </div>
   <div class='ocr_carea' id='block_1_94' title="bbox 763 4974 2334 5054">
    <p class='ocr_par' dir='ltr' id='par_1_94' title="bbox 763 4974 2334 5054">
     <span class='ocr_line' id='line_1_94' title="bbox 763 4974 2334 5054; baseline -0.01 -12"><span class='ocrx_word' id='word_1_616' title='bbox 763 4986 1151 5054; x_wconf 77' lang='lat' dir='ltr'><strong>aeceptabilem</strong></span> <span class='ocrx_word' id='word_1_617' title='bbox 1196 4980 1592 5050; x_wconf 84' lang='lat' dir='ltr'><strong>perlitationem</strong></span> <span class='ocrx_word' id='word_1_618' title='bbox 1629 4978 1871 5045; x_wconf 87' lang='lat' dir='ltr'><strong>beneque</strong></span> <span class='ocrx_word' id='word_1_619' title='bbox 1901 4976 2134 5029; x_wconf 86' lang='lat' dir='ltr'><strong>olentem</strong></span> <span class='ocrx_word' id='word_1_620' title='bbox 2165 4974 2334 5028; x_wconf 75' lang='lat' dir='ltr'><strong>odore</strong></span> 
     </span>
    </p>
   </div>
   <div class='ocr_carea' id='block_1_95' title="bbox 762 5063 2337 5145">
    <p class='ocr_par' dir='ltr' id='par_1_95' title="bbox 762 5063 2337 5145">
     <span class='ocr_line' id='line_1_95' title="bbox 762 5063 2337 5145; baseline -0.009 -15"><span class='ocrx_word' id='word_1_621' title='bbox 762 5078 1007 5145; x_wconf 86' lang='lat' dir='ltr'><strong>spiritus,</strong></span> <span class='ocrx_word' id='word_1_622' title='bbox 1042 5075 1096 5131; x_wconf 89' lang='lat' dir='ltr'><strong>in</strong></span> <span class='ocrx_word' id='word_1_623' title='bbox 1128 5072 1497 5125; x_wconf 83' lang='lat' dir='ltr'><strong>holocaustum</strong></span> <span class='ocrx_word' id='word_1_624' title='bbox 1533 5068 1867 5122; x_wconf 89' lang='lat' dir='ltr'><strong>obtulerunt.</strong></span> <span class='ocrx_word' id='word_1_625' title='bbox 1904 5065 2108 5119; x_wconf 90' lang='lat' dir='ltr'><strong>llorum</strong></span> <span class='ocrx_word' id='word_1_626' title='bbox 2142 5063 2337 5118; x_wconf 78' lang='lat' dir='ltr'><strong>alacri-</strong></span> 
     </span>
    </p>
   </div>
   <div class='ocr_carea' id='block_1_96' title="bbox 762 5158 2334 5236">
    <p class='ocr_par' dir='ltr' id='par_1_96' title="bbox 762 5158 2334 5236">
     <span class='ocr_line' id='line_1_96' title="bbox 762 5158 2334 5236; baseline -0.008 -13"><span class='ocrx_word' id='word_1_627' title='bbox 762 5179 873 5223; x_wconf 89' lang='lat' dir='ltr'><strong>tate</strong></span> <span class='ocrx_word' id='word_1_628' title='bbox 912 5169 1010 5236; x_wconf 89' lang='lat' dir='ltr'><strong>ipsi</strong></span> <span class='ocrx_word' id='word_1_629' title='bbox 1043 5164 1215 5235; x_wconf 80' lang='lat' dir='ltr'><strong>angeli</strong></span> <span class='ocrx_word' id='word_1_630' title='bbox 1241 5162 1660 5231; x_wconf 87' lang='lat' dir='ltr'><strong>obstupuernnt;</strong></span> <span class='ocrx_word' id='word_1_631' title='bbox 1695 5162 1883 5214; x_wconf 87' lang='lat' dir='ltr'><strong>horum</strong></span> <span class='ocrx_word' id='word_1_632' title='bbox 1922 5158 2222 5213; x_wconf 88' lang='lat' dir='ltr'><strong>certamina</strong></span> <span class='ocrx_word' id='word_1_633' title='bbox 2245 5172 2334 5211; x_wconf 89' lang='lat' dir='ltr'><strong>su-</strong></span> 
     </span>
    </p>
   </div>
   <div class='ocr_carea' id='block_1_97' title="bbox 763 5256 2331 5327">
    <p class='ocr_par' dir='ltr' id='par_1_97' title="bbox 763 5256 2331 5327">
     <span class='ocr_line' id='line_1_97' title="bbox 763 5256 2331 5327; baseline -0.006 -14"><span class='ocrx_word' id='word_1_634' title='bbox 763 5260 1161 5327; x_wconf 63' lang='lat' dir='ltr'><strong>permundiales</strong></span> <span class='ocrx_word' id='word_1_635' title='bbox 1193 5257 1425 5311; x_wconf 88' lang='lat' dir='ltr'><strong>virtutes</strong></span> <span class='ocrx_word' id='word_1_636' title='bbox 1471 5256 1750 5308; x_wconf 77' lang='lat' dir='ltr'><strong>admirata:</strong></span> <span class='ocrx_word' id='word_1_637' title='bbox 1783 5267 2128 5321; x_wconf 83' lang='lat' dir='ltr'><strong>summopere</strong></span> <span class='ocrx_word' id='word_1_638' title='bbox 2171 5260 2331 5316; x_wconf 88' lang='lat' dir='ltr'><strong>sunt;</strong></span> 
     </span>
    </p>
   </div>
   <div class='ocr_carea' id='block_1_98' title="bbox 763 5342 2333 5416">
    <p class='ocr_par' dir='ltr' id='par_1_98' title="bbox 763 5342 2333 5416">
     <span class='ocr_line' id='line_1_98' title="bbox 763 5342 2333 5416; baseline -0.004 -16"><span class='ocrx_word' id='word_1_639' title='bbox 763 5350 889 5416; x_wconf 87' lang='lat' dir='ltr'><strong>quia</strong></span> <span class='ocrx_word' id='word_1_640' title='bbox 919 5348 1132 5402; x_wconf 86' lang='lat' dir='ltr'><strong>mortali</strong></span> <span class='ocrx_word' id='word_1_641' title='bbox 1173 5347 1223 5399; x_wconf 93' lang='lat' dir='ltr'><strong>in</strong></span> <span class='ocrx_word' id='word_1_642' title='bbox 1258 5358 1485 5413; x_wconf 83' lang='lat' dir='ltr'><strong>corpore</strong></span> <span class='ocrx_word' id='word_1_643' title='bbox 1529 5343 1828 5397; x_wconf 84' lang='lat' dir='ltr'><strong>invisibiles</strong></span> <span class='ocrx_word' id='word_1_644' title='bbox 1880 5344 2063 5396; x_wconf 88' lang='lat' dir='ltr'><strong>hostes</strong></span> <span class='ocrx_word' id='word_1_645' title='bbox 2095 5342 2333 5395; x_wconf 65' lang='lat' dir='ltr'><strong>debellao</strong></span> 
     </span>
    </p>
   </div>
   <div class='ocr_carea' id='block_1_99' title="bbox 766 5433 2329 5503">
    <p class='ocr_par' dir='ltr' id='par_1_99' title="bbox 766 5433 2329 5503">
     <span class='ocr_line' id='line_1_99' title="bbox 766 5433 2329 5503; baseline -0.006 -9"><span class='ocrx_word' id='word_1_646' title='bbox 766 5451 912 5503; x_wconf 80' lang='lat' dir='ltr'><strong>runt,</strong></span> <span class='ocrx_word' id='word_1_647' title='bbox 947 5450 1001 5492; x_wconf 83' lang='lat' dir='ltr'><strong>et</strong></span> <span class='ocrx_word' id='word_1_648' title='bbox 1034 5443 1101 5493; x_wconf 88' lang='lat' dir='ltr'><strong>de</strong></span> <span class='ocrx_word' id='word_1_649' title='bbox 1150 5439 1475 5493; x_wconf 75' lang='lat' dir='ltr'><strong>adversariis</strong></span> <span class='ocrx_word' id='word_1_650' title='bbox 1517 5438 1630 5489; x_wconf 89' lang='lat' dir='ltr'><strong>suis</strong></span> <span class='ocrx_word' id='word_1_651' title='bbox 1676 5435 1958 5488; x_wconf 86' lang='lat' dir='ltr'><strong>victoriam</strong></span> <span class='ocrx_word' id='word_1_652' title='bbox 2010 5433 2329 5499; x_wconf 88' lang='lat' dir='ltr'><strong>retulerunt,</strong></span> 
     </span>
    </p>
   </div>
   <div class='ocr_carea' id='block_1_100' title="bbox 766 5527 2333 5599">
    <p class='ocr_par' dir='ltr' id='par_1_100' title="bbox 766 5527 2333 5599">
     <span class='ocr_line' id='line_1_100' title="bbox 766 5527 2333 5599; baseline -0.003 -13"><span class='ocrx_word' id='word_1_653' title='bbox 766 5532 1129 5587; x_wconf 86' lang='lat' dir='ltr'><strong>invisibilibns</strong></span> <span class='ocrx_word' id='word_1_654' title='bbox 1169 5530 1469 5599; x_wconf 81' lang='lat' dir='ltr'><strong>profligatis</strong></span> <span class='ocrx_word' id='word_1_655' title='bbox 1516 5529 1855 5597; x_wconf 83' lang='lat' dir='ltr'><strong>agminibus,</strong></span> <span class='ocrx_word' id='word_1_656' title='bbox 1898 5537 2095 5595; x_wconf 68' lang='lat' dir='ltr'><strong>troptea</strong></span> <span class='ocrx_word' id='word_1_657' title='bbox 2154 5527 2333 5595; x_wconf 89' lang='lat' dir='ltr'><strong>splen-</strong></span> 
     </span>
    </p>
   </div>
   <div class='ocr_carea' id='block_1_101' title="bbox 763 5617 2333 5691">
    <p class='ocr_par' dir='ltr' id='par_1_101' title="bbox 763 5617 2333 5691">
     <span class='ocr_line' id='line_1_101' title="bbox 763 5617 2333 5691; baseline -0.003 -15"><span class='ocrx_word' id='word_1_658' title='bbox 763 5626 885 5680; x_wconf 77' lang='lat' dir='ltr'><strong>dida</strong></span> <span class='ocrx_word' id='word_1_659' title='bbox 934 5635 1119 5680; x_wconf 89' lang='lat' dir='ltr'><strong>contra</strong></span> <span class='ocrx_word' id='word_1_660' title='bbox 1193 5630 1553 5691; x_wconf 85' lang='lat' dir='ltr'><strong>repugnantes</strong></span> <span class='ocrx_word' id='word_1_661' title='bbox 1616 5629 1944 5675; x_wconf 88' lang='lat' dir='ltr'><strong>statuerunt.</strong></span> <span class='ocrx_word' id='word_1_662' title='bbox 1995 5617 2089 5672; x_wconf 91' lang='lat' dir='ltr'><strong>llis</strong></span> <span class='ocrx_word' id='word_1_663' title='bbox 2136 5617 2333 5688; x_wconf 78' lang='lat' dir='ltr'><strong>gaudet</strong></span> 
     </span>
    </p>
   </div>
   <div class='ocr_carea' id='block_1_102' title="bbox 766 5712 2326 5787">
    <p class='ocr_par' dir='ltr' id='par_1_102' title="bbox 766 5712 2326 5787">
     <span class='ocr_line' id='line_1_102' title="bbox 766 5712 2326 5787; baseline -0.004 -15"><span class='ocrx_word' id='word_1_664' title='bbox 766 5718 909 5773; x_wconf 87' lang='lat' dir='ltr'><strong>Deus</strong></span> <span class='ocrx_word' id='word_1_665' title='bbox 934 5729 988 5772; x_wconf 86' lang='lat' dir='ltr'><strong>et</strong></span> <span class='ocrx_word' id='word_1_666' title='bbox 1015 5715 1376 5787; x_wconf 75' lang='lat' dir='ltr'><strong>glorificatur;</strong></span> <span class='ocrx_word' id='word_1_667' title='bbox 1417 5716 1588 5785; x_wconf 88' lang='lat' dir='ltr'><strong>angeli</strong></span> <span class='ocrx_word' id='word_1_668' title='bbox 1625 5729 1839 5783; x_wconf 89' lang='lat' dir='ltr'><strong>quoque</strong></span> <span class='ocrx_word' id='word_1_669' title='bbox 1868 5713 1921 5766; x_wconf 90' lang='lat' dir='ltr'><strong>in</strong></span> <span class='ocrx_word' id='word_1_670' title='bbox 1955 5712 2108 5767; x_wconf 69' lang='lat' dir='ltr'><strong>caelis</strong></span> <span class='ocrx_word' id='word_1_671' title='bbox 2135 5724 2326 5781; x_wconf 86' lang='lat' dir='ltr'><strong>grato-</strong></span> 
     </span>
    </p>
   </div>
   <div class='ocr_carea' id='block_1_103' title="bbox 768 5807 2329 5881">
    <p class='ocr_par' dir='ltr' id='par_1_103' title="bbox 768 5807 2329 5881">
     <span class='ocr_line' id='line_1_103' title="bbox 768 5807 2329 5881; baseline -0.002 -17"><span class='ocrx_word' id='word_1_672' title='bbox 768 5812 938 5864; x_wconf 75' lang='lat' dir='ltr'><strong>Ltttlttt</strong></span> <span class='ocrx_word' id='word_1_673' title='bbox 999 5824 1211 5881; x_wconf 84' lang='lat' dir='ltr'><strong>unaque</strong></span> <span class='ocrx_word' id='word_1_674' title='bbox 1258 5808 1549 5873; x_wconf 80' lang='lat' dir='ltr'><strong>Letantur;</strong></span> <span class='ocrx_word' id='word_1_675' title='bbox 1587 5817 1777 5863; x_wconf 87' lang='lat' dir='ltr'><strong>contra</strong></span> <span class='ocrx_word' id='word_1_676' title='bbox 1812 5807 2055 5865; x_wconf 83' lang='lat' dir='ltr'><strong>diabolus</strong></span> <span class='ocrx_word' id='word_1_677' title='bbox 2091 5821 2189 5861; x_wconf 87' lang='lat' dir='ltr'><strong>nec</strong></span> <span class='ocrx_word' id='word_1_678' title='bbox 2226 5822 2329 5861; x_wconf 91' lang='lat' dir='ltr'><strong>non</strong></span> 
     </span>
    </p>
   </div>
   <div class='ocr_carea' id='block_1_104' title="bbox 2437 4624 4017 4695">
    <p class='ocr_par' dir='ltr' id='par_1_104' title="bbox 2437 4624 4017 4695">
     <span class='ocr_line' id='line_1_104' title="bbox 2437 4624 4017 4695; baseline 0.001 -20"><span class='ocrx_word' id='word_1_679' title='bbox 2437 4624 2754 4695; x_wconf 86' lang='grc' dir='ltr'>εὑρεθέντες</span> <span class='ocrx_word' id='word_1_680' title='bbox 2785 4627 2878 4678; x_wconf 73' lang='grc' dir='ltr'><strong>καὶ</strong></span> <span class='ocrx_word' id='word_1_681' title='bbox 2899 4625 3367 4695; x_wconf 82' lang='grc' dir='ltr'>λαμπρυνθέντες,</span> <span class='ocrx_word' id='word_1_682' title='bbox 3411 4627 3552 4694; x_wconf 77' lang='grc' dir='ltr'>ὑπὲρ</span> <span class='ocrx_word' id='word_1_683' title='bbox 3579 4625 3729 4694; x_wconf 73' lang='grc' dir='ltr'>ἥλιον</span> <span class='ocrx_word' id='word_1_684' title='bbox 3760 4624 4017 4693; x_wconf 74' lang='grc' dir='ltr'>λάμπον-</span> 
     </span>
    </p>
   </div>
   <div class='ocr_carea' id='block_1_105' title="bbox 2438 4711 4012 4786">
    <p class='ocr_par' dir='ltr' id='par_1_105' title="bbox 2438 4711 4012 4786">
     <span class='ocr_line' id='line_1_105' title="bbox 2438 4711 4012 4786; baseline 0 -21"><span class='ocrx_word' id='word_1_685' title='bbox 2438 4731 2542 4776; x_wconf 91' lang='grc' dir='ltr'>σιν,</span> <span class='ocrx_word' id='word_1_686' title='bbox 2575 4716 2714 4785; x_wconf 78' lang='grc' dir='ltr'>ὑπὲρ</span> <span class='ocrx_word' id='word_1_687' title='bbox 2740 4716 2975 4786; x_wconf 85' lang='grc' dir='ltr'>ἀστέρας</span> <span class='ocrx_word' id='word_1_688' title='bbox 3011 4717 3345 4783; x_wconf 70' lang='grc' dir='ltr'>αὒγάζουσιν</span> <span class='ocrx_word' id='word_1_689' title='bbox 3371 4732 3384 4746; x_wconf 83' lang='lat'><strong><em>°</em></strong></span> <span class='ocrx_word' id='word_1_690' title='bbox 3419 4711 3567 4770; x_wconf 67' lang='grc' dir='ltr'>οὗτοι</span> <span class='ocrx_word' id='word_1_691' title='bbox 3599 4719 3663 4786; x_wconf 81' lang='grc' dir='ltr'>τῇ</span> <span class='ocrx_word' id='word_1_692' title='bbox 3690 4716 3831 4769; x_wconf 80' lang='grc' dir='ltr'><strong>κατά</strong></span> <span class='ocrx_word' id='word_1_693' title='bbox 3872 4717 4012 4783; x_wconf 79' lang='grc' dir='ltr'>Χρι-</span> 
     </span>
    </p>
   </div>
   <div class='ocr_carea' id='block_1_106' title="bbox 2439 4807 4017 4878">
    <p class='ocr_par' dir='ltr' id='par_1_106' title="bbox 2439 4807 4017 4878">
     <span class='ocr_line' id='line_1_106' title="bbox 2439 4807 4017 4878; baseline 0 -20"><span class='ocrx_word' id='word_1_694' title='bbox 2439 4807 2563 4859; x_wconf 81' lang='grc' dir='ltr'>στὸν</span> <span class='ocrx_word' id='word_1_695' title='bbox 2625 4807 2887 4877; x_wconf 60' lang='grc' dir='ltr'><strong>ὁμολογίᾳ⁴</strong></span> <span class='ocrx_word' id='word_1_696' title='bbox 2946 4808 3330 4878; x_wconf 85' lang='grc' dir='ltr'>τελειούμενοι,</span> <span class='ocrx_word' id='word_1_697' title='bbox 3392 4809 3611 4877; x_wconf 86' lang='grc' dir='ltr'>θύματα</span> <span class='ocrx_word' id='word_1_698' title='bbox 3663 4808 3860 4871; x_wconf 77' lang='grc' dir='ltr'>λογικά</span> <span class='ocrx_word' id='word_1_699' title='bbox 3920 4808 4017 4858; x_wconf 71' lang='grc' dir='ltr'><strong>καὶ</strong></span> 
     </span>
    </p>
   </div>
   <div class='ocr_carea' id='block_1_107' title="bbox 2435 4898 4017 4970">
    <p class='ocr_par' dir='ltr' id='par_1_107' title="bbox 2435 4898 4017 4970">
     <span class='ocr_line' id='line_1_107' title="bbox 2435 4898 4017 4970; baseline 0 -19"><span class='ocrx_word' id='word_1_700' title='bbox 2435 4898 2615 4951; x_wconf 87' lang='grc' dir='ltr'>τέλεια</span> <span class='ocrx_word' id='word_1_701' title='bbox 2636 4899 2783 4969; x_wconf 79' lang='grc' dir='ltr'>αὐτῷ</span> <span class='ocrx_word' id='word_1_702' title='bbox 2807 4898 3210 4970; x_wconf 83' lang='grc' dir='ltr'>ἀνεδείχθησαν,</span> <span class='ocrx_word' id='word_1_703' title='bbox 3241 4900 3335 4951; x_wconf 74' lang='grc' dir='ltr'><strong>καὶ</strong></span> <span class='ocrx_word' id='word_1_704' title='bbox 3366 4899 3525 4952; x_wconf 87' lang='grc' dir='ltr'>θυσία</span> <span class='ocrx_word' id='word_1_705' title='bbox 3552 4900 3630 4964; x_wconf 82' lang='grc' dir='ltr'>τῷ</span> <span class='ocrx_word' id='word_1_706' title='bbox 3660 4898 3779 4951; x_wconf 84' lang='grc' dir='ltr'>Θεῶ</span> <span class='ocrx_word' id='word_1_707' title='bbox 3832 4898 4017 4965; x_wconf 64' lang='grc' dir='ltr'>φιλαι-</span> 
     </span>
    </p>
   </div>
   <div class='ocr_carea' id='block_1_108' title="bbox 2436 4985 4015 5058">
    <p class='ocr_par' dir='ltr' id='par_1_108' title="bbox 2436 4985 4015 5058">
     <span class='ocr_line' id='line_1_108' title="bbox 2436 4985 4015 5058; baseline -0.003 -17"><span class='ocrx_word' id='word_1_708' title='bbox 2436 4991 2574 5058; x_wconf 85' lang='grc' dir='ltr'>τάτη</span> <span class='ocrx_word' id='word_1_709' title='bbox 2622 4989 2715 5040; x_wconf 76' lang='grc' dir='ltr'><strong>καὶ</strong></span> <span class='ocrx_word' id='word_1_710' title='bbox 2752 4989 3085 5057; x_wconf 73' lang='grc' dir='ltr'>εὐάρεστος,</span> <span class='ocrx_word' id='word_1_711' title='bbox 3145 4990 3239 5040; x_wconf 75' lang='grc' dir='ltr'><strong>καὶ</strong></span> <span class='ocrx_word' id='word_1_712' title='bbox 3295 4988 3485 5040; x_wconf 79' lang='grc' dir='ltr'>δεκτὸν</span> <span class='ocrx_word' id='word_1_713' title='bbox 3536 4988 3880 5056; x_wconf 76' lang='grc' dir='ltr'>καλλιέρημα</span> <span class='ocrx_word' id='word_1_714' title='bbox 3923 4985 4015 5038; x_wconf 68' lang='lat' dir='ltr'><strong>sfa-</strong></span> 
     </span>
    </p>
   </div>
   <div class='ocr_carea' id='block_1_109' title="bbox 2436 5079 4011 5150">
    <p class='ocr_par' dir='ltr' id='par_1_109' title="bbox 2436 5079 4011 5150">
     <span class='ocr_line' id='line_1_109' title="bbox 2436 5079 4011 5150; baseline -0.003 -17"><span class='ocrx_word' id='word_1_715' title='bbox 2436 5080 2665 5144; x_wconf 78' lang='grc' dir='ltr'>ωδιάζον</span> <span class='ocrx_word' id='word_1_716' title='bbox 2689 5080 2788 5150; x_wconf 79' lang='grc' dir='ltr'><strong>τὴν</strong></span> <span class='ocrx_word' id='word_1_717' title='bbox 2807 5080 2984 5148; x_wconf 77' lang='grc' dir='ltr'>ὀσμὴν</span> <span class='ocrx_word' id='word_1_718' title='bbox 3019 5080 3113 5132; x_wconf 78' lang='grc' dir='ltr'>τοῦ</span> <span class='ocrx_word' id='word_1_719' title='bbox 3151 5080 3484 5149; x_wconf 84' lang='grc' dir='ltr'>πνεύματος.</span> <span class='ocrx_word' id='word_1_720' title='bbox 3519 5082 3597 5141; x_wconf 87' lang='grc' dir='ltr'><strong>είς</strong></span> <span class='ocrx_word' id='word_1_721' title='bbox 3622 5079 4011 5148; x_wconf 75' lang='grc' dir='ltr'>ὁλοκάρπωσιν</span> 
     </span>
    </p>
   </div>
   <div class='ocr_carea' id='block_1_110' title="bbox 2437 5170 3990 5243">
    <p class='ocr_par' dir='ltr' id='par_1_110' title="bbox 2437 5170 3990 5243">
     <span class='ocr_line' id='line_1_110' title="bbox 2437 5170 3990 5243; baseline -0.003 -17"><span class='ocrx_word' id='word_1_722' title='bbox 2437 5172 2886 5243; x_wconf 83' lang='grc' dir='ltr'>προσηνέχθησαν</span> <span class='ocrx_word' id='word_1_723' title='bbox 2914 5189 2927 5202; x_wconf 79' lang='lat'><strong><em>°</em></strong></span> <span class='ocrx_word' id='word_1_724' title='bbox 2988 5170 3195 5223; x_wconf 84' lang='grc' dir='ltr'>τούτων</span> <span class='ocrx_word' id='word_1_725' title='bbox 3235 5173 3334 5241; x_wconf 77' lang='grc' dir='ltr'><strong>τὴν</strong></span> <span class='ocrx_word' id='word_1_726' title='bbox 3366 5172 3683 5241; x_wconf 73' lang='grc' dir='ltr'>παρρησίαν</span> <span class='ocrx_word' id='word_1_727' title='bbox 3710 5170 3805 5222; x_wconf 72' lang='grc' dir='ltr'><strong>καὶ</strong></span> <span class='ocrx_word' id='word_1_728' title='bbox 3847 5170 3990 5237; x_wconf 49' lang='lat' dir='ltr'><strong>ins</strong></span> 
     </span>
    </p>
   </div>
   <div class='ocr_carea' id='block_1_111' title="bbox 2436 5260 4017 5331">
    <p class='ocr_par' dir='ltr' id='par_1_111' title="bbox 2436 5260 4017 5331">
     <span class='ocr_line' id='line_1_111' title="bbox 2436 5260 4017 5331; baseline -0.001 -17"><span class='ocrx_word' id='word_1_729' title='bbox 2436 5263 2516 5316; x_wconf 89' lang='grc' dir='ltr'><strong>λοι</strong></span> <span class='ocrx_word' id='word_1_730' title='bbox 2546 5262 2971 5331; x_wconf 83' lang='grc' dir='ltr'>κατεπλάγησαν</span> <span class='ocrx_word' id='word_1_731' title='bbox 2999 5279 3012 5290; x_wconf 75' lang='grc'>⁶</span> <span class='ocrx_word' id='word_1_732' title='bbox 3046 5261 3253 5313; x_wconf 86' lang='grc' dir='ltr'>τούτων</span> <span class='ocrx_word' id='word_1_733' title='bbox 3293 5262 3418 5324; x_wconf 79' lang='grc' dir='ltr'>τοὺς</span> <span class='ocrx_word' id='word_1_734' title='bbox 3448 5260 3645 5323; x_wconf 81' lang='grc' dir='ltr'>ἄθλους</span> <span class='ocrx_word' id='word_1_735' title='bbox 3670 5260 3727 5313; x_wconf 77' lang='lat' dir='ltr'><strong>ai</strong></span> <span class='ocrx_word' id='word_1_736' title='bbox 3773 5261 4017 5328; x_wconf 76' lang='grc' dir='ltr'>ύπερκό·</span> 
     </span>
    </p>
   </div>
   <div class='ocr_carea' id='block_1_112' title="bbox 2438 5349 4015 5423">
    <p class='ocr_par' dir='ltr' id='par_1_112' title="bbox 2438 5349 4015 5423">
     <span class='ocr_line' id='line_1_112' title="bbox 2438 5349 4015 5423; baseline -0.002 -16"><span class='ocrx_word' id='word_1_737' title='bbox 2438 5371 2587 5423; x_wconf 90' lang='grc' dir='ltr'>σμιοι</span> <span class='ocrx_word' id='word_1_738' title='bbox 2618 5352 2877 5423; x_wconf 78' lang='grc' dir='ltr'>δυνάμεις</span> <span class='ocrx_word' id='word_1_739' title='bbox 2924 5351 3395 5421; x_wconf 81' lang='grc' dir='ltr'>ύπερηγάσθησαν</span> <span class='ocrx_word' id='word_1_740' title='bbox 3424 5370 3435 5383; x_wconf 89' lang='grc'><strong>·</strong></span> <span class='ocrx_word' id='word_1_741' title='bbox 3472 5352 3553 5404; x_wconf 82' lang='grc' dir='ltr'>ὅτι</span> <span class='ocrx_word' id='word_1_742' title='bbox 3582 5367 3644 5417; x_wconf 90' lang='grc' dir='ltr'><strong>γε</strong></span> <span class='ocrx_word' id='word_1_743' title='bbox 3679 5353 3741 5403; x_wconf 80' lang='grc' dir='ltr'><strong>έν</strong></span> <span class='ocrx_word' id='word_1_744' title='bbox 3788 5349 4015 5421; x_wconf 79' lang='grc' dir='ltr'>σώματι</span> 
     </span>
    </p>
   </div>
   <div class='ocr_carea' id='block_1_113' title="bbox 2437 5441 4017 5513">
    <p class='ocr_par' dir='ltr' id='par_1_113' title="bbox 2437 5441 4017 5513">
     <span class='ocr_line' id='line_1_113' title="bbox 2437 5441 4017 5513; baseline -0.002 -17"><span class='ocrx_word' id='word_1_745' title='bbox 2437 5442 2618 5513; x_wconf 80' lang='grc' dir='ltr'>θνητῷ</span> <span class='ocrx_word' id='word_1_746' title='bbox 2645 5445 2769 5505; x_wconf 80' lang='grc' dir='ltr'>τοὺς</span> <span class='ocrx_word' id='word_1_747' title='bbox 2806 5442 3074 5511; x_wconf 87' lang='grc' dir='ltr'>ἁοράτους</span> <span class='ocrx_word' id='word_1_748' title='bbox 3102 5442 3389 5511; x_wconf 87' lang='grc' dir='ltr'>δυσμενεῖς</span> <span class='ocrx_word' id='word_1_749' title='bbox 3447 5441 3828 5512; x_wconf 71' lang='grc' dir='ltr'>ἐτροπώσαντο</span> <span class='ocrx_word' id='word_1_750' title='bbox 3854 5482 3867 5504; x_wconf 93' lang='grc'><strong>,</strong></span> <span class='ocrx_word' id='word_1_751' title='bbox 3918 5444 4017 5494; x_wconf 66' lang='grc' dir='ltr'><strong>καὶ</strong></span> 
     </span>
    </p>
   </div>
   <div class='ocr_carea' id='block_1_114' title="bbox 2434 5532 4017 5605">
    <p class='ocr_par' dir='ltr' id='par_1_114' title="bbox 2434 5532 4017 5605">
     <span class='ocr_line' id='line_1_114' title="bbox 2434 5532 4017 5605; baseline -0.001 -20"><span class='ocrx_word' id='word_1_752' title='bbox 2434 5534 2533 5604; x_wconf 82' lang='grc' dir='ltr'>τὴν</span> <span class='ocrx_word' id='word_1_753' title='bbox 2559 5534 2680 5587; x_wconf 80' lang='grc' dir='ltr'>κατ’</span> <span class='ocrx_word' id='word_1_754' title='bbox 2704 5533 2915 5605; x_wconf 71' lang='grc' dir='ltr'>ἐχθρῶν</span> <span class='ocrx_word' id='word_1_755' title='bbox 2942 5532 3099 5598; x_wconf 84' lang='grc' dir='ltr'>νίκην</span> <span class='ocrx_word' id='word_1_756' title='bbox 3121 5532 3347 5603; x_wconf 70' lang='grc' dir='ltr'>ἤραντο,</span> <span class='ocrx_word' id='word_1_757' title='bbox 3374 5534 3474 5596; x_wconf 75' lang='grc' dir='ltr'><strong>τάς</strong></span> <span class='ocrx_word' id='word_1_758' title='bbox 3500 5532 3841 5602; x_wconf 80' lang='grc' dir='ltr'>παρατάξεις</span> <span class='ocrx_word' id='word_1_759' title='bbox 3874 5532 4017 5583; x_wconf 69' lang='grc' dir='ltr'>καθα</span> 
     </span>
    </p>
   </div>
   <div class='ocr_carea' id='block_1_115' title="bbox 2435 5626 4018 5696">
    <p class='ocr_par' dir='ltr' id='par_1_115' title="bbox 2435 5626 4018 5696">
     <span class='ocr_line' id='line_1_115' title="bbox 2435 5626 4018 5696; baseline -0.003 -15"><span class='ocrx_word' id='word_1_760' title='bbox 2435 5628 2647 5690; x_wconf 88' lang='grc' dir='ltr'>ελόντες</span> <span class='ocrx_word' id='word_1_761' title='bbox 2702 5627 2799 5688; x_wconf 74' lang='grc' dir='ltr'><strong>τάς</strong></span> <span class='ocrx_word' id='word_1_762' title='bbox 2841 5626 3128 5696; x_wconf 75' lang='grc' dir='ltr'>άοράτους,</span> <span class='ocrx_word' id='word_1_763' title='bbox 3164 5627 3259 5677; x_wconf 64' lang='grc' dir='ltr'><strong>καὶ</strong></span> <span class='ocrx_word' id='word_1_764' title='bbox 3304 5626 3540 5696; x_wconf 87' lang='grc' dir='ltr'>τρόπαια</span> <span class='ocrx_word' id='word_1_765' title='bbox 3593 5626 3825 5694; x_wconf 74' lang='grc' dir='ltr'>λαμπρά</span> <span class='ocrx_word' id='word_1_766' title='bbox 3867 5626 4018 5677; x_wconf 79' lang='grc' dir='ltr'>κατά</span> 
     </span>
    </p>
   </div>
   <div class='ocr_carea' id='block_1_116' title="bbox 2434 5717 4016 5787">
    <p class='ocr_par' dir='ltr' id='par_1_116' title="bbox 2434 5717 4016 5787">
     <span class='ocr_line' id='line_1_116' title="bbox 2434 5717 4016 5787; baseline -0.004 -14"><span class='ocrx_word' id='word_1_767' title='bbox 2434 5720 2542 5773; x_wconf 90' lang='grc' dir='ltr'><strong>τῶν</strong></span> <span class='ocrx_word' id='word_1_768' title='bbox 2581 5718 2892 5772; x_wconf 72' lang='grc' dir='ltr'>ἀντιπάλων</span> <span class='ocrx_word' id='word_1_769' title='bbox 2943 5717 3305 5787; x_wconf 61' lang='grc' dir='ltr'>στησάμενον</span> <span class='ocrx_word' id='word_1_770' title='bbox 3343 5719 3400 5769; x_wconf 78' lang='grc' dir='ltr'>ἑν</span> <span class='ocrx_word' id='word_1_771' title='bbox 3449 5717 3662 5780; x_wconf 78' lang='grc' dir='ltr'>τούτοις</span> <span class='ocrx_word' id='word_1_772' title='bbox 3714 5717 3846 5777; x_wconf 66' lang='grc' dir='ltr'>θεὸς</span> <span class='ocrx_word' id='word_1_773' title='bbox 3912 5717 4016 5786; x_wconf 75' lang='grc' dir='ltr'><strong>μὲν</strong></span> 
     </span>
    </p>
   </div>
   <div class='ocr_carea' id='block_1_117' title="bbox 2433 5809 4016 5884">
    <p class='ocr_par' dir='ltr' id='par_1_117' title="bbox 2433 5809 4016 5884">
     <span class='ocr_line' id='line_1_117' title="bbox 2433 5809 4016 5884; baseline 0.009 -6"><span class='ocrx_word' id='word_1_774' title='bbox 2433 5812 2784 5884; x_wconf 57' lang='grc' dir='ltr'>εὐφραίνεται</span> <span class='ocrx_word' id='word_1_775' title='bbox 2815 5810 2911 5865; x_wconf 67' lang='grc' dir='ltr'><strong>καὶ</strong></span> <span class='ocrx_word' id='word_1_776' title='bbox 2961 5809 3262 5877; x_wconf 66' lang='grc' dir='ltr'><strong>δσξέιξεταει</strong></span> <span class='ocrx_word' id='word_1_777' title='bbox 3297 5809 3519 5879; x_wconf 67' lang='grc' dir='ltr'>ἅγγελθι</span> <span class='ocrx_word' id='word_1_778' title='bbox 3559 5810 3613 5863; x_wconf 58' lang='grc' dir='ltr'><strong>δὲ</strong></span> <span class='ocrx_word' id='word_1_779' title='bbox 3655 5811 3709 5861; x_wconf 64' lang='grc' dir='ltr'><strong>ἐν</strong></span> <span class='ocrx_word' id='word_1_780' title='bbox 3756 5810 4016 5876; x_wconf 30' lang='lat' dir='ltr'><strong>“Frui;</strong></span> 
     </span>
    </p>
   </div>
  </div>
