4220 6442
762 423 869 487 475
1785 427 1845 487 S.
1888 428 2301 487 NICEPIIORI
2342 430 2428 488 PA

2358 422 2842 487 PATRIARCILE
2881 422 2985 481 ΟΡ.
3913 411 4024 473 476

766 530 1025 600 piculitttn
1069 528 1164 582 \isi
1211 536 1336 582 sunt
1389 529 1547 592 mori,
1582 539 1636 581 et
1665 541 1909 599 reputata
1946 542 2027 586 est
2052 532 2336 586 calamitas
2366 543 2410 598 Α

2366 543 2410 598 Α
2438 530 2645 601 γαροῦν
2675 531 2734 583 αἱ
2762 527 2881 581 τῶν
2907 526 3095 594 ἁγίων
3136 522 3329 591 ψυχαὶ
3386 524 3457 575 ἐν
3493 521 3643 589 χειρὶ
3685 522 3837 576 Θεοῦ
3871 526 4019 585 εἰσι,

766 624 944 675 exitus
995 622 1234 685 illorum;
1267 629 1321 673 et
1354 636 1382 673 a
1420 622 1573 674 nobis
1604 620 1898 687 discessus,
1933 624 2227 689 contritio;
2260 625 2337 703 illi

2437 621 2529 674 καὶ
2558 620 2618 671 ού
2653 621 2726 688 μή
2761 633 2889 669 ποτε
2915 614 3097 668 αὐτῶν
3137 612 3343 682 ἅψηται
3392 612 3653 681 βάσανος,
3696 612 3799 665 κᾶν
3825 612 4022 677 ἔδοξαν

769 713 1117 765 nihilominus
1167 721 1296 764 sunt
1327 712 1379 765 in
1414 726 1563 779 pace.
1615 710 1730 766 Non
1768 715 1911 767 enim
1947 715 2142 767 mortui
2188 724 2332 782 sunt,

768 806 858 856 sel
899 805 1099 864 vivunt,
1133 811 1188 854 et
1220 816 1443 854 somnus
1478 802 1657 867 potius
1687 820 1851 872 quam
1886 821 2033 859 mors
2058 818 2160 871 est,
2191 822 2336 862 mors

773 897 980 947 illorum
1017 894 1290 961 pretiosa;
1330 895 1469 947 Itattd
1506 904 1647 948 terra
1686 897 1898 959 infossi,
1932 901 2023 951 sed
2060 900 2111 952 in
2138 900 2333 954 caelum

771 985 945 1034 volatu
976 985 1099 1036 elati
1131 982 1263 1051 (64).
1304 982 1517 1036 Etenim
1556 1002 1619 1036 ex
1654 985 1989 1052 corruptibili
2025 988 2335 1056 caducaque

768 1075 872 1124 \ila
902 1074 1167 1136 translati,
1198 1075 1246 1125 in
1269 1073 1431 1126 aliam
1458 1078 1786 1129 transierunt
1820 1078 2115 1130 senectutis
2139 1093 2333 1147 exper-

767 1175 872 1216 tem
921 1175 974 1217 et
1019 1166 1421 1226 sempiternam.
1489 1166 1847 1232 Quamobrem
1900 1168 1951 1221 in
2005 1169 2334 1236 quotidianis

767 1255 993 1307 t'allliCiS
1042 1255 1265 1320 nostris,
1318 1256 1464 1309 circa
1524 1256 1649 1309 illud
1701 1258 2086 1310 acroteleutiou
2136 1259 2333 1312 cantici

766 1343 904 1409 quod
933 1343 1133 1412 bymno
1158 1345 1482 1411 succinitur,
1512 1361 1809 1414 congruum
1837 1348 1961 1416 quid
1996 1348 2335 1403 modulantes

766 1448 863 1485 ceu
900 1435 966 1486 ad
999 1434 1238 1488 virentes
1266 1436 1316 1488 in
1346 1435 1451 1487 Deo
1487 1446 1707 1489 sanctos
1740 1453 1753 1487 :
1782 1435 2335 1505 Beuedicite,spiritus

765 1534 810 1574 et
845 1525 1037 1575 anima'
1058 1525 1349 1592 justorum,
1379 1523 1625 1585 Domino,
1655 1526 1900 1589 dicimus,
1931 1534 1985 1578 et
2013 1542 2129 1593 qua:
2152 1528 2221 1581 ibi
2246 1544 2334 1582 se-

766 1623 1025 1681 quuntnr.
1058 1616 1213 1682 Atqui
1246 1613 1319 1667 illi
1347 1615 1618 1668 canticum
1650 1614 1859 1668 Domini
1898 1617 2039 1669 haud
2078 1628 2334 1672 canerent

769 1704 820 1755 in
856 1713 998 1756 terra
1041 1704 1237 1768 aliena,
1273 1712 1328 1757 et
1356 1719 1383 1756 a
1419 1713 1604 1758 nostro
1640 1721 1796 1758 sacro
1830 1707 1995 1759 choro
2026 1707 2333 1775 longissime

766 1793 1055 1856 absentes,
1112 1795 1155 1846 si
1206 1803 1354 1848 certe
1416 1797 1583 1847 sancti
1652 1798 1719 1847 ab
1778 1798 1855 1849 eis
1917 1799 2113 1850 mortui
2181 1811 2333 1866 puta-

768 1896 971 1939 1⁸0111111⁸.

776 1974 816 1986 ιι

837 2155 925 2211 5:2.
964 2155 1068 2210 Sed
1120 2158 1204 2210 illa
1258 2159 1473 2225 quidem
1511 2160 1688 2228 priora
1721 2160 1955 2213 fuerunt.
1998 2160 2151 2213 Nunc
2199 2176 2328 2215 vero

764 2250 819 2301 in
871 2252 984 2302 suis
1031 2250 1202 2303 sacris
1263 2250 1587 2320 imaginibus
1632 2252 1850 2305 easdem
1903 2268 2038 2320 quas
2087 2254 2333 2307 Christus

763 2340 1172 2405 persecutiones
1205 2341 1531 2410 participant
1557 2383 1571 2407 ,
1615 2343 1963 2410 ejusdemque
1994 2346 2333 2412 passiooitms

763 2432 1172 2484 conformantur
1195 2474 1209 2497 ,
1245 2436 1315 2484 ita
1354 2443 1409 2486 ut
1446 2449 1542 2503 pro
1575 2434 1770 2503 duplici
1814 2437 2064 2503 passione
2093 2446 2147 2490 et
2190 2436 2327 2504 inju—

765 2522 866 2585 ria,
898 2523 1200 2588 duplicibus
1221 2524 1385 2577 etiam
1412 2526 1647 2592 prmmiis
1673 2526 1778 2580 sint
1801 2530 2095 2581 coronandi
2126 2546 2140 2581 :
2170 2530 2330 2582 vicis-

764 2615 974 2683 simque
1011 2616 1171 2666 simul
1205 2615 1648 2683 gloriﬁeabuntur
1681 2619 1948 2681 secundo,
1990 2628 2099 2671 tum
2138 2620 2189 2672 in
2222 2621 2328 2671 vita

765 2706 972 2759 scilicet
1010 2715 1306 2774 martyres,
1349 2716 1458 2759 tum
1489 2708 1651 2760 etiam
1698 2721 1965 2778 martyres
1995 2710 2045 2761 in
2085 2710 2330 2779 imagini-

766 2798 884 2850 bus.
918 2799 1208 2866 Propterea
1238 2814 1337 2852 nos
1366 2800 1600 2853 scientes
1630 2816 1724 2855 eos
1758 2804 1844 2855 Dei
1884 2802 2181 2858 familiares
2211 2820 2331 2857 esse

768 2898 831 2935 ac
880 2885 1119 2937 asseclas
1153 2887 1252 2953 (iis
1298 2887 1442 2939 enim
1485 2889 1724 2940 omnium
1773 2892 1911 2944 Deus
1968 2894 2104 2945 dixit
2145 2911 2159 2946 :
2211 2893 2331 2945 Jm-t

766 2988 867 3024 non
892 2974 1009 3025 dico
1038 2992 1123 3027 vos
1155 2991 1347 3038 seri-os,
1379 2979 1467 3029 sed
1494 2979 1694 3032 amicos
1717 2980 1737 3009 ⁹
1764 2998 1777 3046 ;
1810 2991 1885 3044 et,
1914 2982 2061 3036 Dedit
2087 2986 2160 3037 cis
2188 2996 2337 3051 pote-

764 3075 947 3117 statem
979 3067 1119 3133 ﬁlios
1160 3067 1254 3120 Dei
1293 3070 1411 3135 ﬁeri
1447 3069 1557 3138 '°),
1591 3071 1924 3125 admiremur
1961 3074 2170 3128 illorqu
2208 3093 2332 3146 erga

768 3155 932 3207 lienm
972 3157 1294 3211 charitatem
1332 3173 1395 3213 ac
1434 3160 1619 3223 ﬁdem,
1653 3172 1707 3215 et
1754 3165 2002 3231 supernis
2032 3165 2331 3221 honoribus

763 3248 1103 3301 ctmntlemus
1142 3268 1155 3303 :

767 3337 1101 3390 celebremus
1124 3378 1138 3401 ,
1168 3354 1352 3394 sacras
1398 3343 1653 3411 reliquias
1687 3360 2037 3409 veneremur,
2081 3357 2333 3416 augustas

769 3427 979 3480 illorum
1014 3430 1279 3497 imagines
1323 3433 1467 3487 cultu
1503 3451 1897 3504 prosequamur
1941 3456 1954 3491 :
1992 3442 2333 3509 quandoqui-

768 3520 888 3571 dem
940 3535 1064 3573 vere
1097 3523 1271 3575 bonor
1304 3525 1555 3593 imaginis
1604 3528 1669 3580 ad
1717 3538 2059 3597 prototypmu
2102 3534 2330 3596 transit;

767 3620 821 3661 et
850 3612 1019 3664 honor
1070 3613 1321 3668 ﬁdelibus
1351 3619 1631 3671 conservis
1662 3619 1916 3681 tributus,
1953 3620 2208 3671 iudicium
2252 3632 2333 3673 est

769 3712 963 3755 nostra:
1006 3719 1130 3769 erga
1188 3720 1531 3760 communem
1574 3708 1855 3761 Dominum
1915 3710 2332 3773 benevolentim,

770 3803 827 3845 ut
861 3796 1011 3846 aiunt
1056 3795 1308 3849 Ecclesia:
1348 3798 1616 3866 magistri.
1653 3796 1787 3853 llinc
1832 3800 1988 3852 nobis
2022 3800 2174 3851 lirma
2217 3816 2337 3868 spcs

771 3883 1029 3951 lidesqoe,
1063 3886 1547 3940 sanetilicatiouem
1580 3888 1925 3955 impetrandi,
1958 3898 2333 3956 peccatorum-

768 3988 874 4040 que
932 3976 1341 4039 remissionem,
1410 3991 1474 4030 ac
1530 3978 1897 4031 molestiarum
1961 3978 2334 4045 depulsiOnem

771 4067 1141 4120 naucist-cndi.
1185 4068 1320 4122 Hine
1351 4070 1596 4123 videmus
1624 4070 1815 4133 expelli
1844 4073 2113 4124 dzemones
2134 4110 2147 4133 ,
2191 4086 2335 4122 mor-

769 4159 867 4210 bos
927 4160 1132 4222 sanari,
1184 4160 1525 4213 inlirmitates
1580 4160 1754 4229 fugari
1804 4162 2045 4214 omnium
2090 4163 2179 4230 qui
2213 4177 2334 4214 cum

770 4249 872 4301 title
906 4250 1203 4311 accedunt,
1246 4251 1359 4304 sive
1394 4252 1666 4319 spiritales
1702 4253 1815 4305 sive
1872 4266 2161 4320 corporeas
2184 4290 2199 4311 .
2259 4252 2338 4305 si-

767 4340 982 4405 quidem
1021 4341 1168 4392 dcdit
1204 4340 1335 4406 ipsis
1386 4342 1627 4395 omnium
1665 4344 1974 4395 dominator
2015 4353 2334 4410 potestatem

2362 3124 2407 3184 C

1206 3250 1401 3317 templa
1454 3252 1663 3305 illormn
1696 3270 1988 3319 ornemus,
2033 3260 2331 3311 ecrtamiua
2394 3299 2397 3302 ρ

2437 713 2495 765 ὲν
2521 710 2822 779 ὀφθαλμοῖς
2851 706 3082 759 τουτων)⁸
3112 704 3222 757 τῶν
3265 704 3524 773 ἀφρόνων
3574 703 3856 768 τεθνάναι,
3921 706 4025 757 καὶ

2438 800 2692 870 ἐλογίσθη
2718 800 2966 859 κάκωσις
3000 798 3032 866 ἡ
3070 796 3248 859 ἔξοδος
3280 794 3483 856 αὐτῶν,
3517 796 3611 845 καὶ
3649 796 3682 864 ἡ
3724 794 3819 862 ἀφ’
3855 794 4023 863 ἡμῶν

2438 891 2631 962 πορεία
2650 890 2983 958 σύντριμμα·
3007 888 3057 939 οἱ
3078 887 3135 938 δέ
3162 889 3301 939 εἰσιν
3323 887 3381 938 ὲν
3398 886 3614 956 εἰρήνῃ·
3640 886 3697 947 ού
3717 885 4021 954 τεθνήκασι

2436 982 2565 1053 γὰρ,
2593 981 2729 1035 ἀλλὰ
2745 982 2899 1045 ζῶσι,
2920 982 3015 1032 καὶ
3044 980 3209 1041 ὕπνος
3233 978 3432 1047 μᾶλλον
3452 978 3631 1047 τίμιος
3652 978 3683 1047 ἢ
3708 977 3965 1038 θάνατος,
3993 979 4024 1029 ό

2437 1075 2667 1137 θάνατος
2696 1072 2877 1126 αὐτῶν
2908 1074 3058 1123 ἐστιν
3084 1087 3097 1102 ·
3139 1071 3238 1122 οὐκ
3274 1072 3355 1132 εἰς
3382 1071 3486 1140 γῆν
3526 1070 3852 1133 ὑποδύντες,
3900 1069 4019 1121 ἀλλ’

2438 1168 2515 1229 εἰς
2549 1166 2813 1237 οὐρανοὺς
2855 1164 3218 1226 ἀναπτάντες.
3258 1162 3383 1214 Τῶν
3424 1163 3533 1232 γὰρ
3570 1162 3830 1231 φθαρτῶν
3885 1180 4021 1231 μετ-

2435 1258 2764 1317 αναστάντες
2792 1256 2885 1307 καὶ
2927 1255 3233 1324 ἐπικήρων,
3285 1254 3373 1322 ἐφ’
3414 1254 3611 1323 ἑτέραν
3662 1252 3845 1322 βιοτὴν
3886 1271 4020 1323 μετ-

2435 1350 2695 1416 ετάξαντο
2724 1349 2823 1419 τὴν
2854 1349 3046 1417 ἀγήρω
3074 1364 3134 1399 τε
3188 1347 3281 1399 καὶ
3326 1346 3649 1417 μακραίωνα
3675 1365 3686 1375 ·
3736 1346 3928 1415 διόπερ
3963 1348 4021 1398 ὲν

2435 1444 2546 1504 τοῖς
2569 1441 2839 1511 ὁσημέραι
2874 1442 3005 1509 παρ’
3038 1440 3169 1507 ἡμῖν
3210 1438 3515 1508 ᾀδομένοις,
3580 1437 3700 1490 κατ’
3741 1440 3925 1488 ἐκεῖνο
3954 1437 4018 1506 δὴ

2434 1532 2496 1583 τδ
2515 1530 2931 1599 ἁλικοτελεύτιον
2961 1528 3057 1579 τοῦ
3100 1527 3370 1596 ὲφυμνίου
3423 1525 3640 1595 μέλους,
3688 1526 4018 1595 ἐναρμόνιον

2434 1639 2486 1673 τι
2510 1620 2802 1689 μέλποντες
2837 1613 2925 1669 οἷα
2959 1617 3094 1686 προς
3125 1614 3334 1678 ζῶντας
3364 1616 3421 1666 ἐν
3464 1615 3588 1683 Θεῷ
3625 1615 3753 1675 τοὺς
3797 1613 4014 1679 ἁγίους,

2437 1710 2775 1778 Εὐλογεῖτε,
2798 1710 3105 1775 πνεύματα
3129 1706 3227 1759 καὶ
3252 1706 3445 1774 ψυχαὶ
3473 1707 3740 1767 δικαίων,
3770 1707 3877 1756 τὸν
3900 1704 4015 1757 Κύ-

2427 1819 2593 1869 ριον,
2625 1802 2879 1871 λέγομεν,
2916 1801 3012 1852 καὶ
3064 1799 3131 1852 τὰ
3189 1799 3718 1868 τούτοις.ὲπόμενα.
3778 1797 4017 1848 Ἐκεῖνοι

2357 1886 2398 1939 Β
2428 1892 2536 1959 γὰρ
2585 1893 2685 1944 ούκ
2737 1893 2803 1945 ἂν
2832 1892 2929 1960 τὴν
2986 1890 3127 1959 ᾠδὴν
3167 1889 3375 1958 Κυρίου
3435 1888 3631 1958 ᾄσαιεν
3682 1889 3757 1949 ὡς
3783 1887 3879 1939 ἐπὶ
3910 1887 4016 1953 γῆς

766 1973 1067 2043 ἀλλοτρίας,
1091 1976 1182 2028 καὶ
1213 1975 1309 2044 τῆς
1350 1975 1475 2029 καθ’
1508 1976 1653 2045 ἡμᾶς
1687 1978 1842 2045 ἱερᾶς
1879 1977 2205 2047 ὀμηγύρεως
2233 1980 2307 2041 ὡς
2380 1983 2721 2052 πορρωτάτω
2765 1983 3065 2053 ἱστάμενοι,
3134 1979 3295 2049 εἴπερ
3364 1980 3547 2042 αὐτοῖς
3611 1976 3914 2038 τεθνεῶτες
3964 1978 4010 2027 οι

680 2126 697 2139 _
765 2066 908 2132 ἅγιοι
940 2067 1315 2137 ἐλογίσθησαν.

2500 2157 2597 2225 νβ’.
2646 2156 2784 2209 Ἀλλ’
2816 2156 3005 2208 ἐκεῖνα
3051 2154 3150 2222 μὲν
3199 2153 3490 2223 πρότερον.
3538 2153 3646 2204 Καὶ
3678 2153 3775 2205 νῦν
3824 2156 3882 2207 δὲ
3913 2156 4004 2211 διὰ

2433 2251 2596 2319 μέσου
2618 2248 2731 2301 τῶν
2756 2247 2918 2319 ἱερῶν
2953 2244 3389 2313 ἀπεικασμὰτων
3441 2243 3644 2308 αὐτῶν,
3677 2247 3789 2307 τοῖς
3820 2248 4013 2311 αὐτοῖς

2428 2341 2505 2411 τῷ
2533 2341 2756 2413 Χριστῷ
2787 2340 3227 2409 συμμετέχοντες
3251 2338 3573 2391 κοινωνοῦσι
3605 2340 3872 2407 διωγμοῖς
3906 2344 4006 2394 καὶ

2432 2431 2543 2490 τοῖς
2593 2427 2790 2481 πάθεσι
2847 2426 3356 2496 συμμορφούμενοι,
3394 2427 3470 2490 ὡς
3512 2429 3606 2478 ἐπὶ
3641 2429 3849 2491 διπλοῖς
3897 2434 4014 2493 τοῖς

2434 2519 2719 2588 παθήμασι
2772 2520 2867 2572 καὶ
2897 2519 3151 2576 ὀνείδεσι,
3187 2517 3395 2579 διπλοῖς
3435 2519 3528 2569 καὶ
3572 2521 3686 2580 τοῖς
3730 2520 4014 2589 βραδείοις

2434 2608 2848 2677 στεφοήσονται.
2895 2609 3002 2660 Καὶ
3029 2602 3185 2669 αὖθις
3239 2607 3763 2677 συνδοξασθήσονται
3795 2612 3857 2662 τὸ
3890 2612 4014 2664 δεύο

2434 2712 2610 2763 τερον.
2642 2696 2734 2747 καὶ
2765 2699 2822 2746 ἐν
2852 2695 2987 2758 ζῶσι
3038 2697 3337 2763 μάρτυρες,
3367 2698 3459 2748 καὶ
3486 2698 3544 2747 ὲν
3595 2698 3768 2751 εἰκόσι
3797 2702 4011 2771 μάρτυ-

2440 2804 2552 2856 ρες,
2594 2788 2869 2855 τοιγάρτοι
2901 2788 2995 2839 καὶ
3033 2787 3108 2849 ὡς
3145 2790 3381 2851 οἰκείους
3403 2789 3538 2840 Θεοῦ
3586 2792 3682 2842 καὶ
3732 2792 4006 2861 θεραπον-

2435 2895 2531 2939 τας
2565 2878 2765 2939 εἰδότες
2794 2894 2806 2907 ’
2866 2878 3003 2947 πρὸς
3042 2877 3240 2939 αὐτοὺς
3272 2880 3381 2947 γὰρ
3419 2881 3446 2931 ὁ
3477 2881 3588 2932 τῶν
3623 2882 3761 2934 ὅλων
3818 2885 4014 2953 εἴρηκε

2437 2968 2566 3030 Θεός
2592 2983 2605 2995 ⁸
2637 2967 2841 3021 Οὐκέτι
2878 2968 3031 3036 ὑμᾶς
3054 2968 3217 3022 καλῶ
3247 2970 3532 3033 δούλους,
3566 2971 3726 3024 ἀλλὰ
3765 2976 4012 3039 φίλους.

2441 3061 2570 3121 Καὶ,
2605 3062 2865 3114 Ἔδωκεν
2893 3061 3098 3125 αὐτοῖς
3131 3060 3422 3123 ἐξουσίαν
3448 3062 3628 3113 τέκνα
3664 3064 3812 3117 Θεοῦ
3844 3068 4016 3131 γενέ-

2437 3156 2577 3203 σθαι
2601 3171 2614 3183 ·
2649 3153 3044 3221 ύπεραγάμεθα
3075 3153 3171 3220 μὲν
3220 3152 3319 3220 τῆς
3347 3154 3424 3214 εἰς
3474 3152 3607 3203 Θεὸν
3651 3154 3875 3223 ἀγάπης
3924 3160 4017 3208 καὶ

2436 3240 2669 3301 πίστεως
2709 3242 2925 3304 αὐτοὺς,
2960 3240 3329 3308 στεφανοῦμεν
3379 3241 3433 3293 δὲ
3468 3243 3588 3302 ταῖς
3629 3244 3896 3295 ἀνωτάτω
3927 3263 4011 3297 τι-

2439 3334 2592 3397 μαῖς·
2628 3333 2958 3399 γεραίρομεν
2994 3330 3171 3383 αὐτῶν
3217 3332 3344 3393 τοὺς
3369 3332 3554 3394 ναοὺς,
3602 3333 3855 3401 τιμῶμεν
3885 3336 4016 3399 τοὺς

2436 3421 2646 3483 ἄθλους.
2700 3421 3118 3492 προσκυνοῦμεν
3164 3423 3232 3475 τὰ
3266 3422 3387 3492 ἱερὰ
3425 3421 3676 3492 λείψανα,
3718 3441 4013 3481 κατασπα-

2437 3513 2639 3582 ζόμεθα
2672 3513 2850 3565 αὐτῶν
2900 3513 2969 3565 τὰ
3003 3514 3163 3581 τίμια
3213 3515 3607 3583 εἰκονίσματαο
3661 3519 3855 3586 ἐπειδὴ
3895 3524 4017 3585 ταῖς

2436 3606 2779 3676 ἀληθείαις-ἡ
2823 3605 2921 3674 τῆς
2962 3607 3169 3667 εἰκόνος
3216 3606 3350 3675 τιμὴ
3406 3608 3501 3658 ἐπὶ
3549 3608 3610 3659 τὸ
3653 3611 4017 3677 πρωτότυπον

2386 3692 2391 3696 ’
2436 3698 2722 3758 διαϐαίνει,
2755 3699 2850 3749 καὶ
2908 3699 2940 3765 ή
2988 3696 3126 3766 πρὸς
3165 3699 3288 3759 τοὺς
3330 3695 3681 3765 εὐγνώμονας
3739 3700 3848 3752 τῶν
3883 3707 4017 3770 ὀμο-

2436 3788 2635 3839 δούλων
2663 3790 2797 3856 τιμὴ
2832 3787 3110 3851 ἀπόδειξιν
3141 3788 3253 3855 ἔχει
3284 3790 3381 3858 τῆς
3405 3791 3543 3858 πρὸς
3569 3791 3660 3842 τὸν
3709 3792 3891 3844 κοινὸν
3919 3798 4019 3845 Δε-

2440 3881 2643 3948 σπότην
2676 3879 2909 3942 εὐνοίας,
2944 3880 3108 3945 φασὶν
3138 3880 3189 3930 οἱ
3227 3880 3328 3947 τῆς
3370 3881 3701 3948 Ἐκκλησίας
3746 3884 4016 3937 διδάσκα-

2437 3967 2558 4018 λοι·
2630 3966 2881 4019 ἐντεῦθεν
2958 3969 3090 4036 ἡμῖν
3153 3969 3491 4033 ἁδιστάκτως
3575 3973 3859 4035 ἑλπίζεται
3924 3979 4019 4026 καὶ

2440 4059 2775 4123 πιστεύεται,
2799 4059 3069 4127 ἁγιασμόν
3090 4076 3149 4111 τε
3171 4061 3579 4128 προσγίνεσθαι,
3605 4066 3698 4115 καὶ
3723 4066 4020 4132 ἁμαρτιῶν

2440 4147 2808 4217 συγχώρησιν,
2846 4152 2939 4202 καὶ
2997 4150 3152 4201 λύσιν
3199 4152 3475 4220 εὑρίσκειν
3519 4154 3629 4205 τῶν
3685 4154 3969 4224 δυσχερῶν
4001 4176 4012 4187 ·

2438 4241 2669 4293 ἐνταῦθα
2716 4242 2933 4310 ὁρῶμεν
2974 4241 3051 4304 ὡς
3108 4241 3363 4309 δαίμονες
3429 4246 3859 4307 ἀπελαύνονται,
3925 4250 4019 4300 καὶ

2439 4333 2582 4385 νόσοι
2609 4332 3027 4403 θεραπεύονται,
3060 4336 3154 4385 καὶ
3187 4333 3364 4385 πάντα
3390 4334 3717 4402 δραπετεύει
3750 4337 3817 4388 τα
3868 4338 4018 4404 παθη

767 4428 1011 4483 calcandi
1036 4445 1198 4498 supra
1224 4441 1499 4499 serpentes
1519 4442 1573 4485 et
1599 4435 1864 4500 scorpios,
1889 4443 1939 4487 et
1963 4448 2125 4502 super
2144 4448 2334 4487 omnes
2365 4455 2410 4511 υ

2365 4455 2410 4511 D
2438 4424 2545 4478 τῶν
2578 4426 2760 4477 πίστει
2801 4425 3157 4495 προσιόντων,
3189 4425 3289 4477 ὅσα
3311 4442 3371 4477 τε
3426 4427 3600 4493 ψυχῆς
3627 4428 3719 4478 καὶ
3772 4428 3877 4478 ὅσα
3911 4428 4013 4478 σὼ·

769 4519 973 4571 inimici
1001 4520 1161 4579 vires,
1194 4534 1292 4571 nec
1317 4535 1424 4572 non
1458 4521 1704 4573 morbum
1732 4521 2032 4589 quemlibet
2060 4521 2339 4590 agritudi-

768 4622 999 4673 nemque
1038 4608 1260 4660 sanandi
1288 4609 1350 4661 ".
1384 4608 1501 4673 Quo
1554 4610 1641 4669 tit,
1696 4618 1775 4670 ut,
1824 4611 2021 4664 virtute
2059 4626 2087 4663 a
2130 4610 2333 4678 Spiritu

767 4706 1008 4762 accepta,
1035 4699 1315 4751 miraculis
1350 4710 1511 4768 atque
1543 4701 1836 4755 virtutibus
1861 4702 2168 4756 clarescant
2198 4702 2334 4771 (65),

766 4792 952 4855 gratia:
979 4791 1179 4842 fontem
1207 4790 1259 4841 in
1281 4801 1452 4842 semet
1477 4798 1748 4857 gestantes
1777 4794 2101 4847 sanitatibus
2124 4795 2335 4848 abunde

767 4882 832 4932 ad
862 4895 1050 4933 omnes
1076 4882 1482 4933 scaturientem.
1521 4880 1658 4945 Quid
1690 4882 1852 4949 igitur
1885 4885 1950 4935 ad
1984 4885 2098 4936 btec
2131 4884 2329 4946 dicitis,

767 4988 800 5022 o
832 4973 992 5042 126
1043 4981 1357 5025 sanctorum
1392 4972 1638 5026 inimici?
1682 4973 1904 5041 Dignioe
1946 4986 2073 5028 sunt
2124 4990 2329 5039 necne,

766 5076 986 5131 propter
1038 5064 1151 5117 haec
1203 5064 1409 5132 majora
1457 5066 1605 5117 omni
1643 5067 1970 5131 cogitatione
2017 5078 2178 5134 atque
2208 5084 2334 5121 ora-

768 5159 913 5208 tione
943 5154 1244 5207 certamina
1268 5194 1283 5215 ,
1315 5170 1433 5222 quzc
1477 5156 1727 5210 bumame
1758 5169 1965 5211 natura;
1998 5160 2140 5212 vires
2169 5172 2328 5211 etce-

766 5250 894 5300 dcrc
949 5246 1184 5307 scimus,
1234 5247 1403 5315 digni,
1438 5250 1679 5315 inquam,
1708 5264 1773 5303 ue
1813 5260 1938 5302 sunt
1982 5251 2232 5302 honorari
2277 5259 2332 5303 ct

766 5338 1099 5407 gloriﬁcari?
1129 5341 1426 5407 prmsertim
1459 5341 1585 5407 quia
1624 5352 1677 5395 et
1701 5342 1767 5395 de
1798 5342 1929 5411 ipsis
1962 5352 2175 5395 exstant
2203 5357 2328 5409 pro-

837 5493 1039 5550 ’Joau.
1069 5512 1157 5560 xv,
1193 5497 1277 5550 l5.
1357 5497 1400 5528 ¹⁰
1427 5496 1580 5551 Joau.
1611 5512 1649 5560 ι,
1688 5498 1771 5551 12.
1853 5498 1893 5530 ³³
1931 5496 2060 5549 Luc.
2085 5512 2138 5554 κ.
2175 5497 2259 5561 l9,
2291 5497 2380 5552 ‘20.

839 5632 950 5701 (lii)
985 5631 1123 5701 Ergo
1168 5648 1270 5684 non
1299 5642 1608 5697 exspectato
1638 5632 1959 5684 universalis
1996 5632 2179 5701 judicii
2223 5632 2326 5697 die,

768 5712 828 5756 ut
864 5703 1188 5755 recentiores
1217 5702 1543 5755 scltisntatici
1575 5702 1841 5753 dictitant.

843 5773 954 5836 (liii)
995 5773 1069 5826 lin
1098 5772 1300 5827 (ἔνεικαν
1336 5788 1548 5840 quoque
1586 5770 1870 5831 I‘Ict-lvfsizc,
1902 5773 2219 5838 patriarclw
2250 5774 2326 5824 sui

2441 4531 2610 4583 ματος
2635 4529 2649 4542 ·
2679 4514 2913 4582 ἐπείπερ
2938 4513 3172 4565 δέδωκεν
3203 4515 3386 4575 αὐτοῖς
3414 4514 3442 4565 ό
3470 4515 3576 4565 τῶν
3596 4516 3858 4566 ἁπάντων
3883 4534 4017 4566 κατ-

2431 4606 2763 4673 εξουσιάζων
2804 4606 2904 4674 τὴν
2965 4603 3216 4669 ἐξουσίαν
3262 4607 3456 4654 πατεῖν
3490 4605 3678 4655 ἐπάνω
3707 4604 3889 4670 δςιεεων
3928 4610 4017 4654 καὶ

2436 4698 2708 4769 σκορπίων
2738 4697 2833 4749 καὶ
2854 4696 2946 4748 ἐπὶ
2975 4696 3157 4746 πᾶσαν
3179 4694 3278 4762 τὴν
3309 4694 3541 4761 δύναμιν
3566 4693 3658 4745 τοῦ
3676 4694 3899 4761 ἐχθροῦ,
3925 4697 4016 4746 καὶ

2433 4792 2614 4842 πᾶσαν
2630 4791 2784 4841 νόσον
2815 4785 3143 4855 θεραπεύειν
3166 4786 3262 4837 καὶ
3280 4788 3458 4838 πᾶσαν
3484 4786 3779 4853 μαλακίαν.
3804 4787 3897 4837 Διὸ
3920 4789 4014 4853 τὴν

2437 4879 2719 4949 ἐνέργειαν
2745 4877 3003 4938 λαϐόντες
3042 4876 3135 4929 τοῦ
3166 4877 3504 4945 ΙΙνεύματος,
3550 4879 3607 4928 ἐν
3641 4876 3887 4944 θαύμασι
3924 4880 4015 4928 καὶ

2437 4970 2703 5037 δυνάμεσι
2754 4968 3145 5036 διαλάμπουσι,
3179 4967 3279 5037 τὴν
3333 4968 3515 5036 πηγὴν
3570 4970 3626 5019 ἐν
3672 4969 3888 5029 ἑαυτοῖς
3919 4969 4013 5030 τῆς

2440 5064 2660 5133 χάριτος
2728 5061 2987 5130 φέροντες
3056 5060 3361 5131 βλύζουσαν
3432 5061 3564 5111 πᾶσι
3642 5059 3883 5125 δαψιλῶς
3948 5078 4014 5111 τα

2441 5157 2667 5223 ἰάματα.
2731 5154 2795 5205 Τί
2838 5150 2931 5206 οὖν
2982 5153 3119 5223 πρὸς
3178 5151 3349 5204 ταῦτα
3374 5167 3536 5219 φατε,
3586 5152 3635 5201 οἱ
3679 5150 3787 5202 τῶν
3846 5152 4013 5217 ἁγίων
4086 5144 4093 5157 ⁸

2439 5247 2664 5316 ὲχθροές
2705 5245 2882 5310 Ἀξιοι
2914 5246 3001 5297 διὰ
3021 5244 3243 5306 τούτους
3281 5244 3345 5311 δὴ
3388 5244 3516 5303 τοὺς
3575 5242 3713 5311 ὑπὲρ
3757 5242 3883 5294 νοῦν
3923 5243 4012 5294 καὶ

2439 5341 2594 5407 λόγον
2628 5339 2868 5407 ἀγῶνας,
2902 5340 2996 5391 καὶ
3029 5337 3123 5400 οὒς
3150 5340 3399 5404 κρεῖττον
3430 5336 3462 5403 ἦ
3491 5335 3631 5388 κατα
3664 5336 3764 5403 τὴν
3798 5334 4008 5403 ἀνθρω-

2439 5631 2722 5699 Nicepltort
2759 5646 2873 5694 ore,
2909 5630 3307 5685 confessionem
3343 5632 3406 5682 de
3439 5627 3713 5683 miraculis
3750 5628 4006 5681 intentos-

2439 5702 2591 5754 sionc
2622 5712 2927 5825 sancitorum
2953 5743 2965 5761 ,
3002 5702 3299 5769 przesertim
3336 5702 3403 5754 ob
3436 5700 3710 5754 hominum
3746 5699 4004 5763 salutem,

2439 5772 2637 5825 patrari
2671 5787 2729 5825 so
2758 5771 2865 5825 itis.

2438 5780 2637 5839 patrari
2671 5780 2865 5825 solttts.
