4220 6442
218 359 319 423 477

887 372 1512 441 AN'I‘IRRHETICUS
1552 384 1667 442 III.
1710 389 1876 449 ADV.
1918 393 2502 457 CONS’I‘AN'I‘INUM
2548 400 2761 458 CUPR.

3366 402 3472 466 473

222 472 385 522 πεῖαν
423 472 585 540 φύσιν
633 474 998 547 γινώσκομεν,
1038 483 1304 551 τιμᾶσθαί
1344 503 1403 539 τε
1442 489 1535 540 καὶ
1568 490 1791 557 δοξάζε-
1823 532 1835 561 Α

1925 502 2208 561 nissiones,
2260 504 2432 558 multo
2464 515 2589 559 ante
2633 506 2773 559 haud
2804 504 3072 560 fallaciter
3100 506 3257 563 edite
3288 526 3303 563 :
3346 509 3474 564 σιο-

221 562 383 626 σθαι,
414 564 487 626 ὡς
524 565 591 617 ἂν
618 568 707 618 καὶ
743 569 797 619 αἱ
845 573 975 638 περί
1018 574 1217 636 αὐτοὺς
1261 579 1607 646 ἐπαγγελίαι,
1649 583 1796 651 πόῤ-

220 653 399 721 ρωθεν
435 658 934 726 προῦποσχεθεῖσαι
983 662 1044 713 τὸ
1095 664 1324 731 ἀψευδὲς
1382 668 1596 738 ἔχοιεν·
1652 672 1795 739 Τοὺς

218 743 663 816 δῗοεάζοντὰςμε
683 752 813 819 γὰρ.
849 755 1005 820 φησι,
1038 753 1300 822 δοξάσω,
1328 760 1356 811 ὁ
1384 759 1590 831 ἀληθὴς
1616 762 1791 833 ἔφησε

218 834 373 901 λόγος
397 850 408 861 ·
443 839 566 890 τίνα
594 843 837 909 τρόπον;
878 845 971 896 καὶ
1037 845 1105 897 δι’
1165 847 1354 919 ἕτερόν
1384 866 1470 918 γε,
1504 852 1579 914 ὡς
1642 853 1793 906 πλεί-

221 944 365 978 στων
396 930 488 980 καὶ
535 931 674 999 ἄγαν
719 934 938 1003 ὑψηλῶν
989 937 1084 989 καὶ
1127 939 1300 1005 λόγων
1354 940 1449 994 καῖ
1481 942 1681 1013 ἔργων,
1732 946 1794 998 τὸ

217 1018 518 1089 ἀξιόχρεων
548 1023 657 1075 τῶν
684 1025 923 1078 ἐπαίνων
968 1031 1061 1080 ναὶ
1092 1031 1191 1099 τῆς
1220 1031 1377 1100 δόξης
1426 1033 1609 1097 αὐτοῖς
1651 1054 1795 1106 παρα

221 1110 496 1165 ιστώντων
521 1131 533 1143 ’
569 1116 630 1167 οὐ
684 1118 793 1186 μὴν
825 1112 987 1186 ἧττόν
1012 1136 1097 1187 γε,
1129 1123 1453 1176 καὶτούτων
1482 1124 1545 1195 δὴ
1571 1125 1679 1178 τῶν
1715 1128 1793 1178 ἱε-

222 1200 500 1267 ροτυπιῶν
527 1203 734 1265 ἕνεκεν,
764 1208 901 1277 ὅπερ
938 1210 1071 1277 ἡμῖν
1105 1211 1466 1275 σπουδάζεται
1493 1216 1604 1279 τοῖς
1632 1218 1788 1270 εὐσε-

217 1290 277 1341 ϐἐ
291 1309 340 1344 σι
375 1295 468 1347 καὶ
499 1296 895 1367 φιλομάρτυσιν
920 1316 933 1330 ο
965 1301 1202 1355 αἰδεῖσθε
1227 1305 1432 1357 τούτων
1452 1308 1575 1369 τοὺς
1597 1308 1791 1374 ἄθλους

220 1383 316 1431 καὶ
345 1384 542 1450 τιμᾶτε
565 1384 661 1453 τὴν
692 1387 937 1456 μνήμην,
983 1389 1082 1449 τὰς
1123 1390 1400 1460 ἀοιδίμους
1430 1392 1642 1461 ὲκείνας
1676 1396 1796 1463 ἀρι-

222 1470 409 1533 στείας
442 1472 1037 1545 ὑπερεκπληττόμενοι,
1087 1477 1182 1541 οὓς
1220 1480 1315 1530 καὶ
1364 1480 1526 1549 θῆρες
1561 1482 1790 1552 ᾐδέσθη-

221 1576 345 1626 σαν,
382 1564 475 1615 καὶ
504 1564 566 1616 τὸ
601 1566 712 1635 πῦρ
752 1566 1010 1631 πολλάκις
1057 1570 1412 1638 καταπλαγὲν
1445 1573 1789 1642 ὑπεχώρησε,

219 1654 315 1702 καὶ
369 1654 584 1725 σίδηρος
621 1658 1014 1730 περιθραύεται
1060 1678 1117 1713 τε
1179 1664 1273 1715 καὶ
1327 1663 1743 1732 ἀπαμϐλύνεται
1774 1703 1789 1727 ,

1904 589 2163 656 ri/icanm
2197 609 2276 646 me
2308 632 2323 654 ,
2375 595 2570 662 inquit,
2599 595 2906 664 glori/icabo
2929 635 2943 658 ,
2977 612 3139 651 verax
3189 600 3470 653 oraculum

1896 676 1979 729 ait
2000 679 2064 731 ".
2103 680 2220 745 Quo
2248 680 2322 745 itl,
2356 682 2596 749 inquam,
2623 684 2821 738 niodo?
2848 683 3053 753 Nempe
3081 687 3241 740 aliter
3257 702 3473 757 quoque

1902 767 2153 835 plurimis
2198 772 2632 842 sublimibusque
2670 777 2936 830 eucomiis
2973 786 3137 846 atque
3174 779 3469 846 operibus,

1902 858 2097 926 dignus
2149 862 2229 914 eis
2280 862 2496 917 laudum
2551 867 2723 920 honor
2768 879 2818 920 et
2878 870 3050 936 gloria
3104 870 3468 938 impenditur;

1903 962 2074 1017 neque
2106 960 2285 1005 tamen
2322 956 2499 1007 set-ins
2531 970 2625 1022 per
2672 973 2857 1011 sacras
2905 960 3199 1029 imagines,
3244 960 3295 1014 id
3327 963 3469 1030 quod

1900 1052 1998 1090 nos
2050 1040 2285 1109 religiosi
2341 1058 2406 1096 ac
2464 1044 2881 1114 pbilomartyres
2936 1052 3092 1102 valde
3152 1051 3466 1118 satagimus.

1900 1123 2249 1185 \‘eueramini
2291 1146 2421 1200 ergo
2461 1134 2784 1199 certamina,
2820 1136 3083 1191 honorate
3125 1138 3469 1201 meinoriam,

1898 1214 2132 1270 celebria
2169 1218 2256 1273 illa
2296 1220 2542 1276 facinora
2584 1226 2921 1278 admirantes
2958 1234 3280 1293 martyrum,
3330 1240 3473 1296 quos

1904 1306 2032 1361 fera:
2063 1323 2276 1378 quoque
2305 1315 2663 1379 erubuerunt,
2691 1319 2887 1384 quibus
2923 1317 3063 1387 ignis
3093 1333 3236 1388 smpe
3265 1320 3470 1385 cessit,

1902 1398 2106 1451 ferrum
2133 1401 2420 1469 infractum
2444 1414 2527 1458 est
2556 1414 2612 1459 et
2640 1408 2917 1471 obtusum,
2950 1408 3194 1477 pmnales
3240 1411 3487 1475 diruptas-

1903 1498 2028 1543 sunt
2063 1492 2354 1558 machinae;
2405 1504 2461 1548 et
2506 1509 2666 1549 sensu
2710 1497 3114 1565 quodammodo
3167 1506 3309 1551 tacta
3360 1500 3473 1551 ele-

1905 1590 2106 1645 menta,
2153 1592 2450 1651 martyrum
2490 1600 2617 1651 erga
2650 1601 2991 1640 communem
3028 1588 3313 1641 Dominum
3342 1587 3473 1641 cha-

1905 1677 2117 1722 ritateut
2140 1712 2154 1733 ,
2180 1686 2277 1725 ceu
2303 1689 2566 1727 conserva
2591 1677 2823 1746 reverita
2849 1686 2998 1730 sunt.

218 1747 317 1840 καὶ
349 1746 417 1798 τὰ
466 1748 796 1840 κολαστήρια
852 1752 1213 1821 περιάγνυται
1260 1757 1793 1827 μηχανουργηματα,
1835 1764 2075 1829 στοιχεῖα
2143 1763 2200 1817 δὲ
2264 1766 2454 1839 ὥσπερ
2502 1769 2560 1818 ἐν
2590 1767 2838 1837 αἰσθήσει
2886 1769 3169 1839 γινόμενα,
3197 1769 3298 1839 τὴν
3336 1768 3473 1840 πρὸς

216 1838 309 1887 τὶν
352 1838 529 1889 κοινὸν
566 1840 844 1910 Δεσπότην
899 1843 1321 1913 εὐγνωμοσύνην
1374 1840 1461 1899 οἷα
1516 1848 1779 1917 ὁμόδουλα
1816 1851 2217 1924 δεδυσώπηται.

292 1932 398 1993 νγ’.
437 1926 508 1978 Ἥ
534 1926 691 1979 τοῦτο
739 1929 839 1996 μὲν
872 1930 998 1997 ὑμῖν
1028 1931 1088 1982 οὐ
1119 1931 1294 1996 δοκεῖς
1343 1933 1692 2003 βδελύττεσθε
1736 1940 1796 1994 δὲ
1830 1950 1835 2003 |

1969 1941 2059 1997 55.
2103 1945 2184 1997 An
2241 1960 2367 1999 vero
2399 1947 2557 2001 aliter
2595 1962 2689 2001 vos
2726 1947 3096 2002 existimatis?
3128 1949 3471 2008 Aversamini

219 2017 318 2079 τὰς
343 2016 454 2069 τῶν
474 2018 644 2083 ἁγίων
685 2020 1007 2089 πρεσϐείας,
1055 2021 1419 2078 διασκάπτετε
1461 2026 1517 2079 δὲ
1559 2029 1659 2091 τάς
1691 2031 1799 2084 τῶν

220 2110 387 2162 θείων
414 2111 818 2184 θυσιαστηρίων
851 2115 1001 2186 ἱερὰς
1030 2117 1330 2188 τραπέζας,
1361 2120 1448 2175 ἵνα
1476 2123 1575 2191 τῆς
1603 2124 1800 2193 φλογὸς

220 2204 333 2255 τῶν
365 2204 635 2272 λειψάνων
668 2207 869 2273 αὐτῶν,
912 2208 1170 2280 καθάπερ
1202 2212 1231 2262 ὁ
1283 2212 1599 2280 διδάσκαλος
1646 2218 1801 2286 ὑμῶν

222 2297 509 2367 Μαμωνᾶς
539 2296 731 2367 έδρασέ
768 2317 825 2351 τε
859 2301 952 2353 καὶ
977 2300 1237 2369 ἐδίδαξεν,
1275 2305 1656 2376 έμφορηθῆτε;
1692 2307 1799 2361 Καὶ

223 2391 625 2459 καταχραίνετε
677 2392 857 2449 αὐτῶν
905 2394 1032 2457 τοὺς
1077 2394 1408 2465 σεϐασμίους
1448 2399 1652 2463 οἴκους,
1707 2400 1801 2453 καὶ

223 2482 410 2548 πὶσης
454 2482 716 2545 δυσωδίας
756 2486 850 2536 καὶ
902 2486 1296 2557 αἰσχρουργίας
1332 2490 1796 2560 ἀποπληροῦντες,

224 2572 633 2639 καταμολύνετε
664 2574 756 2627 καὶ
781 2574 1072 2644 βεϐηλοῦτε
1097 2579 1165 2630 τὰ
1196 2579 1347 2646 ἆγια,
1368 2580 1482 2649 ἃμα
1498 2585 1608 2645 τοῖς
1635 2584 1801 2653 ἱεροῖς

223 2663 410 2714 αὐτῶν
438 2667 819 2737 ὲκτυπώμασι,
874 2668 941 2720 δι’
984 2662 1059 2721 ὧν
1116 2670 1262 2723 αἵτε
1314 2673 1589 2742 ἀριστεῖαι
1623 2676 1716 2727 καὶ
1746 2676 1798 2727 οἰ

223 2754 466 2825 ἀοίδιμοι
498 2752 647 2810 ἆθλοι
675 2759 876 2821 αὐτῶν,
904 2758 1095 2831 ὥσπερ
1126 2764 1249 2825 ταῖς
1279 2762 1502 2831 βίϐλοις,
1528 2764 1670 2818 οὕτω
1696 2769 1799 2820 κάν

224 2848 351 2908 ταῖς
393 2848 713 2915 ἐκκλησίαις
746 2850 839 2901 καὶ
860 2851 970 2913 τοῖς
1003 2850 1221 2917 πίναξιν
1261 2854 1639 2922 ὲμπρέποντες
1669 2857 1800 2909 ἀνά-

224 2953 464 3005 γραπτοι
497 2939 893 3008 παραδέδονται
926 2957 938 2969 ’
965 2939 1107 2994 ὥστε
1146 2941 1271 3003 τοὺς
1326 2941 1796 3013 ἀναθεωροῦντας,

225 3028 362 3097 τρὸς
394 3028 555 3097 ζῆλον
583 3029 682 3098 τῆς
723 3032 1059 3101 θεομιμήτου
1087 3031 1266 3084 αὐτῶν
1312 3033 1593 3097 πολιτείας
1646 3034 1797 3087 διαν-

228 3119 505 3172 ίστασθαιο
530 3124 624 3174 καὶ
650 3123 757 3174 τῶν
785 3123 989 3193 βίϐλων
1010 3125 1188 3178 αὐτῶν
1204 3143 1355 3189 τινας
1376 3126 1455 3195 τῷ
1477 3127 1613 3197 πυρὶ
1630 3145 1800 3195 παρα-

221 3210 481 3273 διδόντες,
519 3215 670 3265 κόνιν
704 3216 797 3267 κα)⁸
821 3216 1028 3286 τέφραν
1059 3216 1337 3281 ἀποδεῖξαι
1377 3218 1795 3285 διηγωνίσασθε,

1905 2046 2082 2090 autem
2138 2050 2451 2091 sanctorum
2516 2054 2741 2108 preces,
2788 2040 3055 2096 sutfoditis
3115 2052 3471 2113 augustorum

1904 2126 2159 2183 altarium
2193 2145 2379 2184 sacras
2420 2145 2661 2195 mensas,
2694 2140 2749 2185 ut
2782 2130 2998 2185 flamma
3021 2147 3086 2187 ex
3120 2134 3312 2188 horum
3345 2135 3474 2190 reli-

1904 2219 2046 2287 quiis
2069 2222 2333 2285 ardente,
2370 2221 2531 2277 sicuti
2582 2232 2760 2275 vester
2802 2220 3079 2276 Matnouas
3123 2222 3252 2277 fecit
3280 2238 3345 2278 ac
3372 2225 3472 2278 do-

1903 2312 2044 2377 cuit,
2113 2313 2505 2381 perfruamini?
2554 2316 2619 2369 Et
2677 2316 3014 2370 venerabiles
3080 2318 3270 2370 horum
3329 2318 3471 2373 mdes

1902 2404 2276 2471 conspurcatis
2295 2444 2309 2469 ,
2336 2405 2596 2473 omnique
2627 2404 2799 2458 fetore
2827 2419 2891 2459 ac
2924 2405 3252 2474 turpitudine
3280 2404 3470 2475 Opplc-

1904 2491 1993 2554 tis,
2038 2502 2222 2547 sancta
2263 2494 2504 2562 polluitis
2537 2502 2592 2548 et
2620 2493 2920 2562 profanatis
2959 2510 3081 2546 rum
3130 2494 3345 2548 illortun
3381 2510 3470 2549 sa-

1901 2582 2010 2636 cris
2032 2582 2325 2647 ralaturis,
2348 2584 2546 2651 quibus
2572 2595 2869 2653 martyrum
2896 2598 2982 2636 res
3006 2584 3260 2652 prxcclare
3280 2597 3470 2653 gesta,

1901 2681 1955 2727 et
1985 2673 2220 2727 celebria
2248 2676 2567 2739 certamina,
2599 2690 2696 2728 ceu
2739 2674 2797 2727 ﬁt
2825 2673 2878 2726 iu
2910 2672 3063 2728 libris
3108 2675 3266 2727 ita-iu
3295 2673 3472 2729 eccle-

1901 2762 2000 2817 siis
2052 2778 2115 2816 ac
2171 2764 2371 2818 tabulis
2404 2764 2686 2832 splendide
2737 2765 2879 2832 picta
2931 2764 3290 2819 exhibentur.
3330 2765 3471 2830 Quin

1900 2854 2035 2909 adeo
2086 2855 2239 2909 libris
2288 2856 2453 2909 etiam
2500 2854 2707 2924 aliquot
2749 2856 2877 2909 talia
2910 2855 3318 2929 continentibus
3357 2854 3469 2923 igni

1903 2946 2136 3009 traditis,
2173 2947 2411 3001 cinerem
2445 2945 2791 3014 favillamque
2834 2947 2932 3001 hos
2957 2946 3265 3000 elliciendos
3305 2961 3469 3000 cura-

1902 3038 2037 3097 stis,
2080 3045 2137 3089 ut
2170 3036 2250 3090 sic
2282 3037 2446 3089 etiam
2498 3045 2807 3090 sanctorum
2857 3037 3174 3092 memoriam
3228 3038 3471 3093 funditus

1900 3127 2213 3181 aboleretis.
2236 3126 2353 3181 Jam
2390 3142 2516 3181 vero
2553 3129 2644 3196 qui
2682 3129 2752 3181 ita
2787 3130 3048 3184 adversus
3073 3138 3291 3184 sanctos
3326 3131 3472 3183 insu-

1902 3221 2110 3274 lescunt
2136 3219 2412 3288 (proutex
2454 3232 2510 3271 re
2552 3219 2829 3284 prmsenti,
2863 3219 3093 3286 quisque
3123 3219 3291 3279 volet,
3325 3219 3470 3271 allir-

224 3300 313 3351 ῖνα
343 3304 440 3352 καὶ
471 3302 560 3355 διά
582 3302 790 3356 τούτων
816 3304 915 3375 τὴν
947 3306 1173 3375 μνήμην
1230 3305 1413 3358 αὐτῶν
1445 3307 1626 3360 τέλεον
1659 3310 1792 3360 ἁπο-
1824 3327 1835 3375 4

1925 3310 2152 3364 nationis
2209 3309 2493 3362 veritatem
2528 3309 2832 3378 contperire
2882 3308 3145 3377 poterit),
3193 3308 3319 3376 quid
3364 3322 3468 3361 non

564 3394 576 3409 ο
639 3393 660 3405 Π

224 3391 457 3461 σϐἑσητε
487 3408 499 3421 ·
529 3394 578 3445 οἱ
605 3393 749 3446 οὕτω
772 3395 882 3446 τῶν
910 3395 1082 3462 ἁγίων
1134 3397 1693 3466 κατανεανιευόμενοι,
1725 3398 1801 3466 ᾡς

221 3484 285 3535 ἐκ
312 3484 425 3536 τῶν
450 3486 735 3555 παρόντων
767 3486 836 3539 τά
881 3485 976 3538 τοῦ
1022 3485 1258 3556 ἀληθοῦς
1299 3489 1679 3558 τεκμήρασθαι
1720 3489 1800 3559 τῷ

224 3573 547 3644 βουλομένῳ
573 3575 738 3628 παντὶ
762 3576 856 3628 καὶ
874 3576 1104 3629 συνιδεῖν
1125 3575 1300 3641 ἔξεστι
1329 3595 1343 3609 ο
1372 3578 1424 3630 τί
1449 3579 1550 3631 οὐκ
1576 3578 1799 3649 ἔμελλον

217 3664 331 3715 τῶν
366 3664 560 3717 δεινῶν
588 3666 683 3719 καὶ
713 3667 964 3720 ἐκτόπων
1002 3669 1081 3729 είς
1110 3668 1308 3732 αὐτοὺς
1356 3668 1597 3739 δράσειν,
1640 3671 1799 3739 εἴπερ

220 3756 407 3816 αὐτοῖς
443 3757 804 3826 συνήκμασαν
827 3757 951 3811 καθ’
979 3758 1039 3811 ὃν
1068 3759 1259 3828 χρόνον
1285 3761 1344 3812 ὲν
1389 3760 1515 3831 τῇδε
1569 3763 1634 3830 τῇ
1684 3761 1795 3831 ζωῇ

1902 3408 2059 3455 erant
2084 3398 2260 3453 acturi
2292 3398 2619 3452 horrendum
2660 3410 2820 3467 atque
2853 3399 3167 3453 incredibile
3205 3400 3469 3454 adversus

1899 3499 2143 3552 sanctos,
2173 3489 2220 3543 si
2264 3488 2399 3542 forte
2432 3488 2483 3541 in
2518 3503 2579 3541 ea
2619 3497 2863 3558 tempora
2903 3488 3244 3553 incidissent,
3277 3489 3471 3556 quibus

1902 3582 1976 3635 illi
2026 3578 2320 3633 vixerunt?
2358 3576 2547 3632 Nonne
2604 3587 2753 3632 tanto
2796 3577 2980 3648 pejora
3017 3579 3376 3647 praesentibus
3414 3590 3472 3632 ct

1902 3672 2103 3725 diriora
2135 3669 2414 3732 fecissent,
2458 3678 2664 3739 quanto
2698 3671 2869 3739 major
2905 3672 3094 3726 horum
3126 3686 3254 3743 erga
3286 3685 3465 3725 veram

1904 3762 2217 3832 religionem
2252 3761 2561 3815 adversatio
2601 3762 2892 3815 cernitur?

221 3851 530 3914 ὲϐιὸτευον;
561 3847 671 3921 ἄρα
700 3851 820 3920 οὐχὶ
855 3851 964 3903 τῶν
991 3852 1276 3918 παρόντων
1304 3850 1485 3904 πολλῶ
1537 3852 1707 3923 χείρω
1736 3869 1794 3903 τε
1834 3854 1924 3905 καὶ
1990 3851 2371 3921 χαλεπώτερα,
2400 3850 2509 3919 ὅσῳ
2546 3850 2640 3903 καὶ
2703 3848 2907 3921 μείζων
2941 3850 3178 3922 αὑτοῖςὴ
3206 3850 3343 3922 ὑπὲρ
3366 3848 3468 3922 τῆς

222 3940 506 4003 εὒσεϐείας
529 3940 778 4003 ἔνστασις
810 3939 1164 4006 διεδείκνυτο;

293 4033 389 4086 νδ’.
438 4031 581 4084 Ἀλλ’
611 4031 1045 4084 ὑποπλάττονται
1075 4031 1174 4098 μὲν
1196 4031 1295 4083 οὐκ
1327 4031 1545 4085 ἀσεϐεῖν
1566 4034 1642 4094 εἰς
1676 4034 1798 4095 τοὺς

222 4127 408 4187 ναοὺς,
464 4122 925 4193 παραλογίζονται
977 4122 1034 4174 δὲ
1078 4123 1322 4186 ἑαυτοὺς,
1379 4125 1651 4192 λέγοντες,
1715 4126 1795 4177 ὃτι

230 4234 246 4263 ι
260 4214 442 4282 Ἂγιοί
459 4215 597 4265 εἰσιν
616 4207 784 4275 οὗτοι,
800 4211 887 4263 διά
903 4209 1001 4274 τὰς
1020 4210 1349 4279 τελουμένας
1367 4212 1573 4275 θυσίας,
1594 4213 1801 4276 καὶτὰς

225 4305 377 4375 ἱερὰς
397 4304 565 4373 εὑχάς
596 4304 692 4355 καὶ⁸
716 4302 1057 4373 ἐπικλήσεις,
1075 4305 1175 4364 τὰς
1203 4304 1293 4355 ἐπὶ
1318 4304 1426 4356 τῶν
1456 4304 1797 4371 έδραιώσεων

222 4397 399 4449 αὐτῶν
431 4395 901 4467 ἱερολογουμένας.
943 4414 961 4446 ι
990 4392 1120 4447 Εἶτα
1151 4395 1266 4458 πῶς
1298 4397 1396 4448 οὐκ
1426 4396 1672 4449 ἀσυνετοι
1704 4397 1795 4449 καὶ

222 4490 570 4558 ἀπόπληκτοι
603 4489 857 4556 πάμπαν,
894 4488 955 4538 οὑ
999 4488 1269 4549 συνιέντες
1304 4489 1378 4550 ὼς
1409 4489 1528 4541 καθ’
1559 4488 1677 4540 ὅλον
1706 4489 1796 4541 τὸν

222 4582 348 4632 ναὸν
376 4579 473 4631 τοῦ
508 4579 784 4649 ἀγιασμοῦ
814 4579 1065 4650 διαφοιτᾷ
1093 4581 1268 4649 χάρις,
1307 4580 1400 4632 καὶ
1431 4582 1463 4651 η
1508 4580 1600 4632 τοῦ
1636 4582 1793 4648 ἁγίου

224 4672 502 4738 παρουσία
532 4669 877 4739 [lx/stipato“
910 4670 970 4721 οὔ
1005 4671 1111 4739 γὰρ
1148 4673 1211 4722 ὲκ
1257 4672 1454 4739 μέτρου
1504 4671 1703 4723 δίδοται
1736 4672 1794 4723 τὸ
1828 4654 1872 4707 Ῑ)

227 4759 466 4828 Ιινεῦμα’
500 4758 702 4811 οὐδὲτὸ
723 4759 824 4827 μὲν
853 4758 944 4811 τοῦ
973 4760 1100 4811 ναοῦ
1131 4759 1293 4829 μέρος
1315 4760 1411 4830 τὴν
1433 4762 1590 4828 χάριν
1623 4779 1786 4831 προσ-

223 4852 438 4916 άγεται,
478 4850 540 4901 τὸ
583 4850 640 4903 δὲ
674 4849 877 4917 ταύτης
911 4850 1349 4920 ἀπολιμπάνεται
1376 4868 1388 4880 ·
1428 4852 1458 4923 ἢ
1519 4854 1626 4923 γάρ
1674 4853 1792 4915 ὅλος

227 4942 266 4990 is
282 4941 370 5009 ρος
402 4957 462 4992 τε
482 4942 573 4992 καὶ
602 4940 778 5007 ἅγιος,
811 4941 844 5010 ἢ
890 4940 1007 5003 ὃλος
1038 4943 1237 5011 ἐναγής
1261 4960 1316 4994 τε
1350 4945 1443 4994 καὶ
1465 4943 1791 5012 ἀκάθαρτος..

237 5031 393 5083 Ἀλλὰ
439 5030 504 5081 σύ
536 5048 622 5097 γε,
673 5025 718 5083 ὧ
750 5030 1230 5102 φιλαπερίγραπτε
1293 5034 1388 5085 καὶ
1425 5035 1793 5104 μισὸμαρτυς,

226 5123 583 5191 περιγράφων
602 5122 692 5174 τὸν
722 5124 1010 5192 ἀγιασμδν,
1056 5124 1115 5175 τὸ
1150 5125 1256 5176 πᾶν
1287 5125 1607 5195 ἀποστερεῖς
1631 5127 1793 5195 ἀνοή-

226 5230 352 5277 τως,
383 5207 430 5279 ᾧ
473 5214 533 5264 τὸ
564 5213 744 5277 πλέον,
796 5217 844 5266 εἰ
872 5217 977 5286 χρὴ
1029 5218 1550 5287 παρῤησιασάμενον
1598 5219 1794 5279 εἰπεῖν,

229 5308 543 5374 πρόσεστιν,
578 5307 977 5376 ὑφαιρούμενος
999 5324 1013 5339 ο
1065 5310 1252 5381 ἐπειδὴ
1296 5309 1466 5362 ταῦτα
1492 5311 1586 5360 καὶ
1620 5309 1794 5372 ἄλλως

233 5412 519 5465 μετεχουσι
577 5398 795 5468 χάριτος
827 5414 840 5427 ·
874 5398 1062 5468 ὥσπερ
1106 5400 1212 5468 γὰρ
1257 5400 1307 5451 οἱ
1368 5402 1485 5452 ναοὶ
1531 5399 1629 5470 τὴν
1685 5400 1795 5451 τῶν

229 5485 395 5551 ἁγίων
446 5488 766 5557 ἐπωνυμίαν
814 5488 1079 5559 δέχονται,
1138 5489 1283 5543 οὕτω
1334 5492 1428 5543 καὶ¹
1473 5492 1541 5544 τὰ
1591 5490 1795 5543 τούτων

229 5574 685 5648 ἀπεικονίσματα,
711 5579 807 5651 τὴν
842 5582 1031 5652 κλῆσιν
1072 5584 1250 5635 αὐτῶν
1297 5583 1381 5636 διὰ
1435 5585 1525 5652 τῆς
1566 5587 1794 5651 ἐπιγρα-

304 5736 347 5765 ¹¹
385 5734 401 5787 Ι
434 5735 565 5806 Heg.
604 5753 659 5798 ll,
685 5738 771 5791 '50.

854 5740 893 5768 ³³
923 5736 1072 5792 Juau.
1107 5757 1186 5807 ιιι,
1225 5741 1309 5791 ἧι.

1948 4034 2035 4087 δι.
2072 4033 2178 4088 Sed
2209 4034 2355 4087 enim
2392 4032 2658 4109 ‘sintulant
2700 4046 2757 4085 se
2795 4034 3061 4087 adversus
3087 4035 3286 4102 templa
3325 4036 3468 4093 irrc-
3550 4026 3555 4031 ‘

1899 4125 2089 4195 ligiose
2138 4139 2243 4178 non
2289 4139 2476 4193 agere;
2508 4123 2603 4177 sed
2645 4123 2742 4191 ipsi
2780 4123 2883 4177 sibi
2911 4121 3090 4177 fucqu
3134 4123 3336 4181 faciunt
3379 4130 3469 4181 cli-

1899 4225 2089 4270 ceutes
2122 4232 2135 4268 :
2174 4234 2191 4265 ι
2232 4216 2337 4269 Ista
2374 4215 2588 4283 quidem
2623 4224 2807 4267 sancta
2840 4228 2983 4277 esse,
3012 4216 3080 4268 ob
3115 4216 3222 4275 illic
3251 4229 3467 4285 peracta

1900 4304 2188 4367 sacriﬁcia,
2217 4314 2270 4359 et
2302 4319 2484 4357 sacras
2516 4320 2703 4371 preces
2728 4313 2888 4372 atque
2917 4304 3312 4371 invocationes,
3348 4325 3467 4378 qua!

1905 4397 1956 4448 in
2001 4410 2187 4448 eorum
2222 4393 2630 4448 fundationibus
2669 4396 2823 4450 llum.
2861 4413 2879 4445 ι
2917 4395 3081 4464 Atqui
3120 4398 3306 4464 quidni
3344 4411 3470 4453 sunt

1904 4484 2034 4537 fatui
2070 4484 2358 4553 stolidique
2384 4485 2627 4547 onmiuo,
2666 4500 2790 4538 cum
2829 4501 2934 4537 non
2979 4487 3283 4555 intelligant
3338 4507 3467 4542 san-

1903 4575 2251 4630 ctilicationis
2277 4576 2504 4644 gratiam
2540 4575 2822 4642 sanctique
2851 4574 3087 4644 Spiritus
3122 4580 3467 4647 pra-sentiam

1901 4666 1967 4719 ad
1998 4676 2166 4719 totum
2204 4667 2454 4734 templum
2491 4666 2797 4735 pertinere?
2827 4681 2999 4735 neque
3028 4670 3172 4721 enim
3213 4670 3279 4721 ad
3321 4685 3470 4723 men-

1901 4772 2081 4812 suram
2117 4757 2279 4811 tiatur
2315 4757 2642 4824 Spiritus”;
2677 4772 2849 4824 neque
2880 4773 3004 4824 pars
3029 4759 3247 4825 quidem
3282 4762 3467 4829 templi

1899 4851 2072 4921 gratia
2123 4850 2399 4912 imbuitur,
2432 4863 2555 4917 pars
2599 4858 2775 4901 autem
2806 4849 2904 4903 hac
2939 4850 3276 4905 destituitur.
3328 4851 3464 4906 Nam

1900 4944 1983 4995 vel
2020 4951 2188 4994 totum
2240 4955 2455 4993 sacrum
2488 4950 2570 4993 est
2623 4949 2679 4994 et
2718 4950 3002 5006 sanctum,
3052 4942 3135 4997 vel
3185 4943 3468 5012 profanum

1903 5042 2071 5089 totum
2103 5041 2267 5101 atque
2294 5031 2577 5100 pollutum.
2608 5034 2675 5087 At
2702 5042 2778 5093 tu.
2819 5033 2908 5101 qui
2939 5028 3468 5103 incircumscriptum

1904 5141 2074 5189 amas,
2121 5134 2176 5178 et
2225 5135 2493 5194 martyres
2521 5125 2647 5178 odio
2682 5124 2868 5188 habes,
2916 5127 3041 5177 dum
3075 5126 3473 5181 sanctiﬁcatio-

1905 5230 2027 5268 nem
2066 5215 2492 5281 circumscribis,
2530 5231 2642 5268 rem
2686 5225 2853 5268 totam
2901 5214 3227 5285 insipienter
3261 5215 3468 5281 aufers,

1903 5308 2027 5375 quia
2080 5306 2165 5359 cui
2217 5306 2339 5375 plus
2391 5308 2566 5369 inest,
2624 5305 2669 5358 si
2701 5303 3041 5359 confidenter
3072 5306 3256 5360 dicere
3304 5306 3468 5368 licet,

1903 5398 2214 5465 subtrahis;
2273 5399 2527 5467 quoniam
2582 5397 2696 5451 haec
2746 5396 2965 5450 aliunde
3017 5397 3181 5449 etiam
3233 5394 3468 5463 gratiam

1904 5490 2253 5559 participant.
2297 5487 2431 5542 Nam
2466 5488 2605 5542 sicut
2637 5486 2833 5557 templa
2873 5502 2899 5540 a
2933 5486 3141 5540 sanctis
3178 5485 3342 5539 rebus
3376 5500 3473 5553 ap-

1906 5580 2247 5649 pellationem
2290 5580 2582 5647 accipiunt,
2615 5578 2685 5632 ita
2719 5587 2772 5633 ct
2815 5586 3128 5632 sanctorum
3174 5575 3467 5632 simulacra
