4220 6442
136 375 246 438 685

141 576 258 628 τῶν
292 575 470 642 λόγων
499 575 608 626 τῶν
638 577 1102 646 συγγεγραφότων
1131 595 1144 606 ·
1179 577 1244 629 δι’
1282 577 1462 629 αὐτῶν
1489 577 1596 642 γὰρ
1622 573 1714 627 καὶ

146 666 226 736 μὴ
259 667 528 735 παρόντες
569 667 656 719 ἀεὶ
714 666 1065 734 φθέγγονται,
1116 668 1211 720 καὶ
1259 669 1400 720 κατά
1462 665 1714 718 τοσοῦτον

143 759 333 817 αὐτοῖς
363 756 690 825 ᾡκείωνται,
708 755 780 818 ὡς
804 756 894 808 καί
917 755 1023 808 τῶν
1050 757 1406 826 γεγραᾳότων
1425 754 1604 806 αὐτῶν
1623 754 1717 821 φέ-

148 867 266 916 ρειν
292 849 380 900 ἐπ’
410 848 622 910 εὐθείας
645 847 712 900 τὰ
734 849 996 916 ὀνόματα·
1021 850 1167 902 οῦτω
1196 849 1304 916 γὰρ
1324 847 1422 920 τὴν
1453 844 1602 915 ἱερὰν
1622 843 1714 896 τοῦ

155 935 482 988 ’Λποστόλου
519 935 720 1004 βίϐλον,
751 935 1075 989 Ἀπόστολον
1095 938 1464 1006 ὀνομάζομεν·
1501 936 1594 986 καὶ
1617 935 1716 1002 τὴν

140 1029 238 1082 τοῦ
259 1031 571 1098 Προφήτου,
595 1035 878 1100 προφήτην
894 1029 1156 1091 ὡσαύτως
1176 1028 1450 1097 καλοῦμεν
1471 1041 1485 1054 ⁸
1508 1026 1604 1079 καὶ
1621 1026 1717 1096 τὴν

67 1115 78 1147 ί
139 1121 236 1171 τοῦ
253 1120 640 1187 εὐαγγελιστοῦ
661 1121 879 1188 ὁμοίως.
907 1122 1015 1173 Καὶ
1036 1121 1163 1181 τοῦς
1195 1121 1371 1189 ἱεροὺς
1396 1119 1595 1180 οἴκους,
1619 1119 1718 1170 οῦκ

143 1213 201 1260 ἐν
237 1212 420 1278 σχέσει
453 1211 682 1263 πάντοτε
711 1211 943 1280 λέγομεν
972 1211 1046 1273 ὡς
1077 1210 1247 1273 τοῦδε,
1287 1211 1422 1262 ἀλλὰ
1449 1211 1509 1261 τὸ
1537 1210 1718 1261 πλεῖον

143 1301 391 1369 ἀσχέτως
426 1301 572 1353 τόνδε
604 1302 885 1372 φράζομεν
905 1302 1210 1370 ὁμωνύμως
1243 1301 1319 1370 τῷ
1349 1301 1720 1369 ἐπικεκλημέ-

147 1409 248 1459 vo),
286 1391 374 1442 διὰ
407 1390 504 1460 τὴν
536 1392 636 1459 τῆς
683 1393 1068 1463 προσηγορίας
1098 1393 1381 1445 κοινωνίαν
1424 1409 1482 1444 τε
1511 1391 1604 1444 καὶ
1642 1392 1721 1443 οί-

159 1481 426 1548 κειότιςτα
453 1499 466 1511 ·
506 1481 649 1534 οῦτω
693 1483 757 1550 δὴ
801 1484 896 1536 καὶ
938 1483 1045 1534 τῶν
1085 1483 1178 1535 ἐπὶ
1225 1484 1327 1552 γῆς
1378 1482 1721 1551 κρατούντων

146 1573 383 1634 εἰκόνες,
408 1575 520 1634 τοῖς
548 1573 809 1642 ὑπηκόοις
831 1575 1010 1642 τίμιαι
1042 1575 1190 1644 παρὰ
1211 1573 1486 1630 τοσοῦτον,
1523 1575 1602 1624 ὅτι
1631 1574 1721 1624 καὶ

143 1664 301 1732 παρᾲ
324 1664 560 1733 Χριστοῦ
592 1668 755 1734 τιμῆς
785 1667 818 1734 ἡ
845 1667 1123 1736 Καίσαρος
1149 1665 1375 1732 ἠξίωται
1398 1665 1561 1716 εἰκών
1587 1681 1597 1691 ·
1625 1663 1722 1716 καὶ

142 1753 300 1805 οῦδὲν
331 1753 397 1805 ἂν
420 1752 568 1823 εῦροι
592 1771 672 1816 τις
702 1755 729 1806 ὃ
773 1755 906 1824 πρός
929 1774 981 1808 τι
1028 1755 1442 1825 προηγούμενον
1474 1754 1718 1822 φέρεται,

143 1844 174 1896 ὃ
212 1845 288 1914 μὴ
331 1845 398 1897 δι’
433 1847 565 1898 αὐτὸ
595 1847 771 1899 έκεῖνο
804 1846 900 1916 τὴν
926 1847 1137 1900 ἐκείνου
1168 1848 1332 1916 τιμὴν
1360 1847 1716 1914 προσάγεται,

145 1931 237 1988 οἷα
263 1937 328 2005 δὴ
362 1937 462 2004 τὴν
494 1938 704 1991 ἐκείνου
731 1937 1028 2006 ἐμφανίζον
1074 1938 1391 2006 διάγνωσιν.
1424 1939 1485 1990 Εἰ
1541 1936 1720 1988 τοίνυν

150 2029 338 2080 πάντα
357 2027 528 2080 ταῦτα
548 2030 616 2080 δι’
637 2032 818 2080 ἐκεῖνα
840 2031 1014 2098 τίμια,
1035 2029 1177 2089 τίνος
1209 2031 1393 2081 ἕνεκεν
1423 2031 1486 2081 ὲκ
1503 2029 1722 2080 πάντων

145 2119 217 2170 τὰ
246 2118 557 2189 κρείττονος
587 2119 806 2180 πάντων
841 2120 1214 2189 μετεσχηκότα
1237 2119 1416 2188 δόξης,
1442 2120 1592 2189 παρὰ
1615 2120 1723 2172 τῶν

147 2212 558 2281 Χριστομάχων
584 2213 856 2282 ἠτίμωται
877 2214 970 2265 καὶ
994 2212 1388 2282 καθύϐρισται;
1419 2213 1529 2265 Καὶ
1554 2214 1582 2264 ὁ
1627 2213 1724 2281 μὲν

152 2303 290 2366 Υίος
333 2304 410 2367 ὡς
454 2303 618 2356 είκὼν
657 2305 749 2357 τοῦ
788 2306 998 2376 Πατρός
1025 2306 1338 2370 δοξάζεται·
1383 2305 1586 2367 εἰκόνες
1615 2305 1724 2372 γὰρ

147 2399 468 2466 ἀμφότερα.
491 2399 584 2450 καὶ
609 2393 690 2458 εἷς
715 2399 743 2450 ὁ
772 2398 858 2450 ἐπ’
876 2397 1066 2460 αὑταῖς
1083 2397 1261 2464 λόγος,
1277 2397 1379 2449 κᾶν
1400 2399 1465 2466 τῇ
1480 2396 1639 2466 οὐσίᾳ
1665 2397 1726 2447 τὸ

146 2487 409 2556 διάφορον
433 2487 629 2557 ἔχωσιν
649 2503 662 2515 ·
685 2487 713 2539 ὃ
738 2488 791 2539 δὲ
817 2487 1047 2557 μάλιστα
1069 2487 1248 2540 αὐτῶν
1265 2487 1325 2539 τὸ
1349 2487 1576 2556 μανικὸν
1605 2504 1728 2556 στη-

146 2582 358 2636 λιτεύει
387 2585 480 2636 καῖ.
509 2581 889 2650 ἀναίσχυντον,
917 2582 1075 2632 τοῦτο
1098 2581 1210 2641 τοῖς
1227 2578 1543 2646 λεγομένοις
1563 2595 1729 2648 προσ-

150 2672 446 2740 τεθήσεται
463 2688 475 2704 ·
497 2672 655 2740 ἴσμεν
673 2672 781 2740 γὰρ
812 2661 1051 2732 ἅπαντες
1086 2669 1166 2721 ὃτι
1185 2668 1276 2719 καί
1302 2667 1496 2735 φαῦλοι
1514 2667 1725 2736 ἄνδρες,

147 2763 222 2814 τὰ
247 2762 359 2813 τῶν
378 2762 597 2829 φαύλων
625 2760 720 2812 καὶ
738 2761 968 2814 ἀνοσίων
989 2758 1365 2827 τετιμηκότες,
1392 2758 1485 2810 καὶ
1515 2757 1730 2818 εἰκόνας

150 2853 345 2913 αὐτοῖς
378 2852 457 2912 είς
485 2851 704 2919 μνήμην
736 2848 998 2901 ἀνέθεσαν
1020 2865 1035 2879 ⁸
1064 2845 1152 2901 οἶα
1182 2848 1245 2917 δὴ
1278 2849 1369 2900 καὶ
1395 2847 1489 2900 τοῦ
1526 2849 1729 2916 τρόπον

151 2942 338 2994 αὐτῶν
368 2941 606 3010 ζηλωταὶ
628 2940 935 3007 γενόμενοι,
964 2940 1058 2992 καὶ⁹
1082 2939 1190 2991 τῶν
1211 2938 1459 3008 πράξεων
1480 2937 1728 3008 ἐρασταὶ,

152 3032 254 3085 καὶ
284 3030 359 3092 ὡς
392 3031 608 3082 οἰκείων
646 3029 740 3080 καὶ
769 3027 1090 3098 ὁμοτρόπων
1117 3028 1469 3097 περιέποντες
1499 3026 1731 3079 διετέλε-

835 372 1456 435 ΛΝΊῚὶὶΙὶΠΕΤίίῖΙῖΞ
1501 371 1591 429 lll
1633 369 1799 428 ADV.
1838 366 2423 425 (ZONSTANTINUM
2466 365 2679 423 (IUPR.

216 487 277 550 ξ’.
316 486 456 554 Ἴῐδη
485 484 540 537 δὲ
571 485 660 537 καὶ
698 487 751 537 at
782 487 923 556 ἱεραὶ
955 486 1124 555 βίϐλοι
1156 479 1340 548 αὗται,
1377 487 1583 548 εξκόνες
1609 485 1714 535 εἰσὶ
1745 487 1790 540 Α.

3275 359 3382 424 486

1887 485 1974 535 tit).
2004 483 2142 546 Quin
2175 484 2309 534 adeo
2344 483 2480 535 sacri
2515 481 2614 548 ipsi
2651 480 2805 542 libri,
2846 478 3119 532 hominum
3161 475 3248 541 qui
3288 489 3380 527 eos

1818 573 2153 642 scripserunt
2185 573 2445 641 imagines
2472 582 2616 624 sunt.
2647 570 2751 624 Per
2780 571 2879 623 hos
2902 570 3122 638 quippe,
3161 568 3376 618 illorum

1817 674 2066 718 auctores
2111 679 2419 732 quanquam
2473 662 2729 717 absentes
2761 671 3021 730 perpetuo
3053 660 3392 727 loquuntur;-

1821 736 2080 820 tantaque
2125 752 2534 806 necessitudine
2561 766 2655 804 eos
2690 752 2998 817 attingunt,
3043 760 3100 802 nt
3135 749 3382 802 ειτίιιθιιο

1817 847 1949 898 tium
1991 846 2228 913 ipsorum
2265 844 2464 897 diserte
2497 857 2688 896 nomen
2725 853 2933 910 gerant.
2986 842 3076 894 Sic
3124 843 3266 894 enim
3300 856 3354 891 sa

1819 952 1968 989 crum
2011 935 2250 1003 Apostoli
2286 935 2478 989 librum
2507 976 2522 1000 ,
2559 935 2870 1002 Apostolnm
2912 935 3276 1002 appellamus;
3331 940 3385 981 et

1819 1027 2103 1096 Prophetas
2134 1028 2353 1091 librum,
2403 1027 2654 1081 similiter
2711 1026 3034 1092 Pmphctam
3083 1039 3379 1082 \‘ocamus,

1821 1120 2048 1188 parique
2092 1118 2252 1172 modo
2282 1117 2641 1186 Evangelista:
2673 1118 2892 1171 librum.
2950 1117 3115 1168 Sacra
3171 1131 3385 1181 quoque

1823 1208 2014 1276 templa
2049 1208 2191 1262 haud
2237 1209 2462 1261 omnino
2495 1225 2616 1261 cum
2652 1208 2916 1261 relatione
2950 1209 3014 1260 ad
3043 1208 3276 1272 aliquem
3304 1208 3386 1255 di~

1822 1300 2018 1364 cimus,
2050 1301 2142 1354 sed
2179 1301 2498 1368 plerumque
2534 1301 2781 1352 absolute
2824 1299 2976 1363 hujus
3015 1299 3223 1350 titulum
3255 1298 3390 1348 diri-

1824 1406 1943 1443 Inus
1989 1391 2374 1460 homOnymum
2404 1390 2452 1443 ei
2506 1391 2594 1443 cui
2640 1389 2893 1455 teirpluut
2930 1397 3010 1440 est
3063 1389 3384 1443 dedicatum.

1823 1491 2044 1549 propter
2083 1479 2460 1547 appellationis
2493 1481 2936 1532 communionem
2986 1489 3039 1532 et
3089 1479 3387 1530 necessitu-

1826 1573 2027 1626 dinem.
2061 1569 2152 1624 Sic
2179 1571 2344 1625 etiam
2376 1581 2719 1624 terrenorum
2752 1571 3056 1640 principum
3099 1570 3386 1636 imaginor,

1828 1671 2110 1730 tantopere
2146 1670 2272 1714 sunt
2315 1661 2548 1714 subditis
2589 1661 2944 1723 honorandae,
2987 1661 3113 1728 quia
3149 1669 3199 1710 et
3236 1658 3392 1710 Chri-

1825 1762 1938 1806 stus
1961 1751 2191 1806 Czesaris
2215 1751 2500 1820 imaginem
2528 1753 2730 1804 honore
2751 1753 2998 1820 dignatus
3029 1761 3130 1804 est.
3155 1749 3392 1815 Denique.

1829 1845 2028 1900 nullam
2071 1846 2357 1914 quisquam
2401 1861 2512 1898 rem
2544 1845 2841 1912 comperiet
2868 1884 2883 1908 ,
2923 1860 3042 1913 quae
3091 1844 3156 1896 ad
3191 1843 3392 1911 aliquid

1829 1949 1890 1993 ut
1931 1940 1996 1992 ad
2034 1937 2335 2006 principale
2384 1934 2643 1998 refertur,
2697 1950 2815 2002 qua:
2861 1935 2931 1988 ob
2977 1935 3028 1988 id
3075 1934 3248 2002 ipsmn
3288 1948 3392 1984 non

1829 2039 2205 2098 promereatur
2238 2029 2522 2090 honorem,
2551 2027 2676 2095 quia
2710 2025 2852 2080 illius
2878 2023 3192 2093 principalis
3219 2023 3394 2076 ideam

1829 2121 2037 2189 objicit.
2070 2119 2124 2174 Si
2151 2134 2283 2187 ergo
2306 2121 2422 2173 ham
2451 2119 2675 2174 omnino
2697 2118 2895 2171 dictam
2923 2118 2991 2170 ob
3023 2131 3241 2170 causam
3272 2125 3396 2168 sunt

1832 2212 2168 2266 honorabilia
2197 2251 2212 2276 ,
2245 2227 2345 2265 cur
2382 2211 2482 2264 ista
2515 2224 2634 2278 qua;
2684 2221 2880 2280 [ιι-αξιοι
2928 2219 3121 2264 caetera
3165 2207 3394 2278 gloriosa

1831 2312 1978 2366 sunt,
2013 2318 2042 2356 a
2077 2301 2280 2355 Christi
2321 2301 2568 2355 hostibus
2604 2300 2896 2370 ignominia
2943 2299 3247 2368 iujuriaque
3287 2298 3399 2350 alli-

1831 2393 2086 2448 ciuntur?
2104 2393 2166 2446 Et
2187 2391 2355 2447 Filius
2376 2393 2592 2462 quidem
2619 2391 2862 2446 utPatris
2879 2392 3055 2460 imago
3079 2393 3396 2445 honoratur.

1833 2484 1992 2553 Atqui
2023 2483 2285 2551 imagines
2316 2492 2560 2550 utrmque
2591 2489 2738 2542 sunt,
2775 2483 3024 2550 idemque
3051 2483 3116 2535 de
3151 2483 3402 2549 utrisque

1836 2573 1892 2627 fit
1924 2587 2134 2635 sermo,
2161 2586 2470 2640 quanquam
2501 2571 2806 2625 substantia
2832 2569 3109 2624 dill‘erunt.
3134 2574 3246 2638 Age
3275 2585 3402 2623 vero

1835 2663 1976 2732 quod
2007 2662 2280 2730 prmcipue
2313 2662 2590 2715 vesaniam
2627 2660 2856 2714 istorum
2899 2659 3403 2726 impudentiamque

1835 2753 2127 2822 olijurgat,
2186 2754 2490 2807 addendum
2550 2753 2839 2822 eprmdictis
2904 2761 3175 2820 superest.
3254 2751 3402 2805 Satis

1836 2857 2027 2899 omnes
2058 2843 2308 2897 novimus
2336 2882 2350 2904 ,
2386 2859 2581 2910 pravos
2621 2844 2786 2896 etiam
2827 2843 3075 2896 homines
3107 2858 3400 2910 pravorum

1837 2945 1892 2990 et
1926 2935 2266 3002 impurorum
2309 2936 2586 2988 hominum
2630 2950 2716 2990 res
2749 2936 2953 2989 honore
2993 2935 3245 3004 prosequi
3275 2937 3405 2988 soli-

1843 3037 1946 3092 tos,
1981 3035 2034 3079 et
2069 3025 2334 3095 imagines
2383 3027 2593 3080 illormn
2630 3027 2908 3082 meritoria:
2947 3026 3202 3080 dedicare
3231 3044 3247 3094 ;
3276 3028 3404 3095 quia

154 3138 281 3182 σαν,
319 3121 429 3172 εἴτε
455 3118 650 3189 ἀγνοίᾳ
683 3117 776 3171 τοῦ
829 3119 1156 3188 κρείττονος,
1211 3121 1321 3171 εἴτε
1370 3118 1578 3188 αἱρέσει
1640 3117 1731 3168 τοῦ
1765 3159 1808 3216 C

1765 3159 1808 3216 ε
1842 3137 2034 3191 nempe
2062 3136 2238 3176 mores
2267 3119 2482 3172 illorum
2500 3120 2843 3184 mniulantur,
2868 3130 2918 3172 et
2943 3128 3091 3188 gesta
3123 3120 3404 3185 adamant,

155 3211 592 3282 χείρονος.Ἀλλά
605 3228 677 3262 πα
687 3211 733 3279 ρ’
751 3209 996 3279 Ἕλλησι,
1019 3210 1172 3278 φασὶ,
1203 3211 1298 3262 καὶ
1323 3209 1610 3277 Ἑλλήνων,
1639 3209 1733 3259 καὶ

153 3304 320 3356 τοῦτο
366 3306 469 3372 τῆς
516 3303 744 3355 ἐκείνων
819 3302 1223 3373 ἐμϐροντησίας
1277 3303 1373 3355 καὶ
1433 3302 1733 3369 παρανοίας

156 3391 315 3455 ἀξιον
337 3407 350 3419 ·
383 3387 491 3461 ἄρα
507 3392 616 3459 γὰρ
641 3392 740 3443 οὐκ
766 3391 873 3443 ἔδει
906 3393 1002 3444 καὶ
1025 3393 1382 3460 Χριστιανοὺς
1405 3392 1475 3443 τὰ
1497 3389 1734 3460 Χριστοῦ

158 3482 511 3550 σεϐάσματος
551 3481 752 3544 παντὸς
783 3481 989 3547 ἀξιοῦν,
1025 3483 1117 3535 καὶ
1165 3483 1234 3535 τὰ
1262 3483 1370 3534 τῶν
1407 3483 1575 3550 ἁγίων
1600 3483 1735 3533 ἀπο-

162 3575 457 3644 σεμνύνειν
493 3590 553 3625 τε
606 3575 700 3626 καὶ
751 3573 1134 3639 ἀσπάζεσθαι;
1172 3574 1363 3644 ὥσπερ
1395 3575 1504 3645 γὰρ
1551 3576 1605 3626 αἱ
1630 3574 1738 3625 τῶν

159 3665 377 3731 ἐναγῶν
412 3665 624 3732 μνῆμαι
671 3663 960 3732 βδελυκταί
986 3665 1091 3716 εἰσι
1117 3665 1212 3718 καὶ
1237 3665 1561 3736 ἀκάθαρτοι,
1598 3665 1738 3717 οὕτω

160 3757 260 3808 καὶ
289 3756 347 3806 αί
373 3754 479 3806 τῶν
505 3755 678 3820 ἁγίων
703 3756 982 3808 ἀσπασταὶ
1010 3756 1103 3808 καὶ
1128 3756 1406 3827 ἐράσμιοι.

1840 3213 2028 3282 eisque
2061 3227 2160 3267 ceu
2201 3211 2306 3266 sibi
2340 3209 2708 3263 familiaribus
2756 3211 2989 3277 vita-que
3023 3211 3410 3263 consentaneis

1842 3305 2059 3357 student
2080 3342 2094 3366 ,
2133 3317 2247 3355 slve
2292 3301 2537 3356 melioris
2569 3302 2644 3355 rei
2675 3303 2975 3369 ignorantia
3008 3343 3022 3366 ,
3060 3302 3175 3355 sive
3205 3301 3406 3370 pejoris

1842 3395 2130 3447 electione.
2162 3393 2269 3446 Sed
2301 3393 2438 3456 haec,
2469 3392 2743 3459 inquiunt,
2769 3392 2982 3445 ethnica
3021 3402 3148 3445 sunt
3179 3404 3232 3446 et
3261 3395 3400 3459 apud

1845 3485 2092 3539 ethnicos
2138 3483 2293 3547 lium,
2327 3497 2501 3552 eaque
2527 3483 2740 3537 illorum
2776 3482 3076 3537 stoliditate
3115 3493 3169 3536 et
3200 3483 3412 3538 insania

1848 3577 2007 3645 digna
2039 3585 2184 3630 sunt.
2221 3575 2384 3644 Atqui
2419 3591 2520 3644 ego
2553 3576 2665 3638 aio,
2717 3590 2895 3629 nonne
2925 3585 3202 3643 oporteret
3249 3577 3414 3628 etiam

1848 3668 2212 3730 Christianos,
2240 3682 2576 3736 quaecunque
2603 3668 2669 3720 ad
2695 3665 2972 3721 Christmn
3005 3668 3241 3721 attinent
3269 3669 3414 3720 omni

1851 3757 1992 3812 cultu
2021 3758 2270 3828 dignari,
2304 3759 2540 3826 itemque
2573 3772 2660 3812 res
2703 3768 3020 3812 sanctorum
3071 3757 3419 3828 magniﬁcare

158 3859 216 3904 et
250 3851 545 3920 amplecti?
567 3850 887 3906 Sicutenim
914 3852 1198 3922 impiorum
1226 3863 1575 3908 momunenta
1610 3853 1974 3908 abominanda
2028 3863 2154 3908 sunt
2220 3862 2273 3909 et
2293 3853 2518 3923 polluta,
2548 3853 2621 3906 ita
2675 3863 2989 3909 sanctorum
3044 3853 3417 3923 amplectenda

161 3947 336 4014 atque
375 3947 650 4002 amabilia.

239 4039 345 4102 Ea’.
377 4037 473 4101 Τίς
500 4037 607 4108 γάρ
642 4040 702 4092 οὐ
733 4039 1044 4109 συμφήσειε
1095 4041 1203 4094 τῶν
1230 4041 1356 4094 νοῦν
1393 4042 1647 4112 ἐχόντων,
1671 4043 1750 4094 ὅτι

170 4137 218 4188 τί
257 4133 371 4188 τῶν
418 4133 639 4203 φαύλων
679 4134 1007 4206 ἀρχετύπων
1055 4136 1238 4207 ’φαῦλα
1278 4138 1347 4192 τά
1370 4139 1748 4208 είκονίσματα,

167 4227 232 4290 ἐξ
265 4226 513 4296 ἀνάγκης
535 4227 631 4280 καὶ
660 4226 728 4279 τὰ
752 4225 862 4279 τῶν
908 4226 1193 4298 ἱερῶνκαὶ
1225 4229 1394 4297 ἁγίων
1425 4228 1752 4298 ἀρχετύπων

169 4317 299 4388 ἱερά
355 4334 415 4370 τε
465 4319 558 4372 καὶ
615 4320 745 4388 am
799 4320 868 4374 τὰ
913 4321 1341 4392 ἀπεικάσματα;
1375 4316 1458 4386 είς
1499 4323 1606 4395 γὰρ
1663 4324 1750 4375 ἐπ’

167 4410 380 4478 ἀμφοῖν
408 4410 436 4462 ὁ
464 4409 642 4478 λόγος.
673 4410 814 4465 καθὸ
841 4412 1050 4476 εἰκόνες
1071 4429 1084 4442 ·
1118 4413 1167 4464 εί
1195 4413 1288 4465 καὶ
1329 4412 1502 4477 ἄλλως
1525 4414 1592 4466 τά
1647 4414 1740 4466 ἀπ’

1921 4034 2010 4089 (il.
2030 4034 2161 4102 Quis
2182 4034 2326 4089 enim
2347 4034 2565 4090 sobrius
2588 4050 2694 4091 nou
2719 4037 3009 4101 concedet,
3034 4038 3176 4106 quod
3197 4038 3239 4091 si
3261 4041 3416 4093 mala:

1849 4126 2022 4192 frugis
2057 4126 2477 4198 archetyporum
2526 4127 2683 4182 malae
2725 4141 2854 4182 sunt
2890 4129 3154 4198 imagines
3184 4169 3200 4194 ,
3235 4145 3424 4184 neces-

1851 4221 1998 4276 sario
2027 4229 2505 4274 sacrosanctorum
2531 4235 2746 4289 quoque
2784 4221 3204 4292 archetyporum
3230 4237 3422 4277 Sacro-

1848 4324 2051 4368 sanctae
2076 4313 2340 4384 imagines
2362 4313 2529 4367 sunt?
2556 4313 2698 4368 Idem
2721 4315 2866 4369 enim
2889 4316 2955 4369 de
2980 4317 3226 4384 utrisque
3241 4331 3422 4372 sermo

1852 4405 1992 4458 valet
2017 4413 2331 4474 ,'quatenus
2358 4405 2622 4475 imagines
2649 4415 2805 4469 sunt;
2835 4407 3049 4460 etiamsi
3080 4422 3198 4476 quae
3243 4409 3306 4461 iis
3339 4410 3422 4462 iu-

166 4500 355 4554 αὐτῶν
390 4502 656 4570 νοούμενα
724 4503 819 4556 καὶ
843 4504 1170 4575 δηλούμενα,
1227 4504 1429 4573 πολλὴν
1492 4505 1746 4572 ἐμφαίνει
1780 4498 1823 4552 D

1780 4498 1823 4552 D
1856 4497 2174 4566 telliguntur
2221 4510 2286 4551 ac
2331 4498 2678 4560 denotantur,
2733 4498 2958 4551 multam
3017 4499 3420 4568 innnanemque

168 4595 268 4646 aut
323 4593 670 4662 ἀσυγκρίτως
704 4594 804 4663 τὴν
858 4595 1122 4664 διαφοράν
1152 4613 1164 4626 ·
1196 4595 1332 4648 ἀλλὰ
1359 4595 1517 4664 δῆλον
1557 4596 1631 4658 ὡς
1682 4595 1751 4648 τά

167 4683 271 4736 τοῦ
301 4683 545 4754 Χριστοῦ
590 4684 777 4738 τέλεον
810 4686 1163 4757 ὴθετηκότες,
1194 4688 1286 4738 καὶ
1324 4686 1434 4738 τῶν
1462 4686 1750 4756 μακαρίων

168 4775 405 4828 ἐκείνων
435 4774 646 4844 ἀνδρῶν
684 4775 775 4828 τὸν
807 4776 921 4846 βίον
961 4778 1056 4830 καὶ
1100 4776 1198 4841 τὰς
1227 4779 1450 4847 ἀρετὰς,
1479 4779 1548 4831 τά
1569 4797 1627 4830 τε
1656 4780 1751 4830 ἀν-

169 4861 585 4932 δραγαθήματα
622 4863 1050 4934 βδελυττόμενοι,
1087 4866 1180 4918 καὶ
1209 4867 1301 4917 ἐπὶ
1349 4867 1486 4937 μόνῃ
1519 4869 1583 4935 τῇ
1617 4867 1752 4936 μνήο

175 4971 254 5023 μη
291 4951 480 5005 αὐτῶν
520 4953 932 5022 δυσχεραίνουσί
952 4971 1010 5007 τε
1042 4957 1138 5007 καὶ
1179 4957 1470 5031 ἄχθονται·
1505 4959 1627 5009 ἐπεὶ
1656 4959 1750 5009 καὶ

175 5047 290 5095 πᾶν
318 5042 527 5109 ἀγαθὸν
555 5045 788 5109 φευκτὸν
819 5044 1098 5112 ἡγοῦνται,
1127 5046 1221 5098 καὶ
1251 5047 1357 5098 πᾶν
1380 5045 1584 5114 φαῦλον
1605 5049 1752 5116 αἱρε-

171 5134 291 5194 τὸν,
334 5131 432 5183 καὶ
489 5131 782 5201 βαρύτατοι
821 5133 1002 5192 αὐτοῖς
1033 5135 1240 5185 εἰσινοὶ
1283 5134 1425 5200 ἅγιοι
1471 5136 1642 5186 καὶέν
1671 5137 1751 5186 εἰ·

172 5223 298 5274 κόνι
340 5220 682 5290 βλεπόμενοι.
714 5222 778 5272 Ὢ
798 5222 896 5290 τῆς
915 5223 1249 5291 ἀναλγησίας
1269 5226 1280 5276 ί
1303 5224 1348 5275 ὣ
1371 5226 1467 5293 τῆς
1493 5225 1751 5295 ἀναισθη-

176 5313 302 5374 σίας
331 5313 343 5364 !
381 5314 492 5365 πᾶν
526 5311 677 5375 έθνος
703 5314 770 5366 τὰ
801 5316 869 5382 τῇ
907 5313 1171 5384 θρησκείᾳ
1201 5316 1544 5383 προσήκοντα
1584 5333 1752 5386 προσ-

177 5406 426 5473 ηκόντως
459 5405 597 5475 τιμᾷ
643 5404 735 5457 καὶ
783 5405 1060 5475 περιέπει,
1086 5406 1284 5474 νόμους
1313 5423 1374 5458 τε
1409 5408 1501 5458 καὶ
1533 5409 1626 5477 ἔθη
1661 5409 1753 5460 καὶ

173 5495 278 5561 τὰς
311 5496 523 5550 ἀνωθεν
573 5497 754 5560 αὐτοῖς
795 5498 1238 5568 παραδεδομένας
1272 5501 1328 5550 ἐν
1357 5498 1434 5566 τῷ
1477 5499 1576 5568 βίῳ
1614 5502 1753 5569 μυή-

178 5605 319 5653 σεις,
373 5587 808 5660 ἀπαρατρώτους
877 5589 1163 5659 διατηρεῖ·
1229 5591 1376 5658 μόνοι
1427 5590 1482 5642 δὲ
1537 5593 1753 5643 πάντων

175 5680 522 5751 Χριστιανοὶ,
551 5683 651 5752 τῆς
682 5681 749 5734 δι’
783 5675 850 5754 ἧς
877 5680 1200 5752 σεσώσμεθα
1230 5682 1324 5735 τοῦ
1355 5683 1516 5749 λόγου
1552 5701 1754 5751 συγκα-

176 5771 486 5839 ταόἀσεως,
523 5774 588 5828 τὰ
619 5773 864 5845 ούμῦολά
888 5790 944 5828 τε
980 5775 1071 5828 καὶ
1101 5775 1472 5847 ὑπομνήματα
1499 5777 1753 5847 ἀνοηταί-

1855 4587 2220 4640 dill‘erentiam
2257 4587 2478 4642 habent.
2524 4585 2630 4642 Sed
2673 4589 3012 4642 notissimmn
3043 4599 3150 4654 est,
3186 4591 3284 4644 hos
3331 4595 3421 4659 qui

1852 4679 2073 4733 Christo
2126 4679 2344 4746 penitus
2388 4680 2505 4732 vale
2551 4681 2847 4744 dixerunt,
2883 4683 3170 4736 beatorum
3208 4700 3423 4752 quoque

1855 4767 2070 4821 illorum
2089 4768 2327 4822 virorum
2369 4770 2534 4822 vitam
2561 4769 2899 4839 virtutesque
2922 4783 2974 4824 ct
2997 4771 3154 4825 fortia
3183 4774 3423 4826 facinora

1854 4858 2148 4919 detestari.
2189 4874 2253 4914 ac
2279 4860 2364 4914 vel
2395 4861 2509 4914 sola
2549 4861 2785 4928 ipsorum
2818 4865 3077 4916 memoria
3113 4870 3426 4934 exasperari

1854 4961 1910 5004 et
1936 4951 2082 5020 angi.
2117 4949 2250 5004 Nam
2291 4951 2558 5020 quidquid
2589 4954 2745 5007 bona:
2781 4953 2949 5022 frugis
2982 4966 3067 5008 est
3094 4996 3106 5016 ,
3143 4959 3418 5008 vitandum

1858 5051 2112 5108 censent,
2153 5043 2350 5096 malmn
2382 5044 2542 5114 130
2571 5058 2760 5098 contra
2785 5047 3116 5116 eligendum,
3155 5051 3424 5104 molestis-

1859 5133 2089 5203 simique
2128 5137 2255 5203 ipsis
2277 5138 2449 5189 sancti
2478 5147 2605 5191 sunt
2639 5139 2801 5192 etiam
2835 5140 2884 5191 in
2913 5141 3146 5207 imagine
3175 5145 3424 5210 spectati.

1855 5228 1898 5278 0
1923 5227 2306 5281 stoliditatem!
2352 5243 2386 5282 ο
2413 5231 2722 5296 stuporem!
2781 5224 3166 5301 l'uu':qui.~que
3198 5237 3428 5302 populus

1857 5333 1942 5372 res
1993 5333 2152 5373 sacro
2204 5320 2372 5374 cultui
2405 5336 2672 5392 congruas
2709 5335 3072 5394 congruenter
3111 5327 3336 5380 honorat
3377 5344 3432 5382 et

1856 5411 1986 5464 colit
2012 5452 2026 5474 ,
2064 5411 2244 5480 leges,
2296 5412 2432 5467 ritus
2462 5453 2476 5476 ,
2513 5405 2741 5468 traditas
2777 5417 2906 5484 ipsis
2954 5418 3254 5486 antiquitus
3311 5421 3431 5474 \itze

1858 5503 2080 5568 agendae
2123 5502 2404 5574 doctrinas
2447 5504 2730 5559 inviolatas
2767 5508 3105 5564 custodiunt.
3156 5510 3268 5565 Soli
3319 5528 3434 5565 oru-

1859 5593 2004 5645 uium
2037 5592 2330 5647 Christiani
2368 5596 2584 5660 divitum,
2615 5614 2717 5668 qua
2747 5600 2878 5652 salvi
2902 5617 3110 5666 sumus,
3151 5604 3432 5674 indulgen-

1860 5685 1947 5738 tia:
1982 5685 2228 5753 symbola
2261 5696 2314 5740 et
2345 5702 2694 5745 monumenta
2729 5693 2893 5747 stulte
2917 5696 3219 5764 despiciunt
3247 5714 3260 5761 ;
3296 5715 3431 5765 quos

1859 5789 2128 5833 ouortcret
2169 5777 2540 5837 vehementius
2580 5783 2692 5838 haec
2722 5785 2920 5855 colere,
2959 5804 3117 5859 quam
3150 5806 3244 5844 sua
3276 5803 3432 5848 caste-
