4220 6442
214 388 314 452 489

900 388 1522 450 ANTIRRHETICUS
1563 388 1651 446 Ill
1695 387 1858 447 ADV.
1901 384 2488 446 CONSTANTINUM
2528 383 2740 443 COPR.

3342 378 3449 440 490

220 505 358 572 μέγα
387 519 436 553 τι
470 499 664 570 βλάϐος
702 500 1176 570 ἀποπεμπόμενοι,
1216 503 1311 553 καὶ
1351 500 1478 562 τοὺς
1516 500 1782 567 ἑντυγχά-
1815 508 1858 563 Α

1815 508 1858 563 Α
1886 499 2016 568 quid
2049 499 2267 552 noxium
2287 497 2570 565 abjiciunt,
2599 505 2653 551 et
2674 509 2766 548 eos
2793 492 2884 562 qui
2910 492 3010 548 hos
3034 490 3215 563 legunt
3239 506 3448 562 usuque

216 612 401 656 νοντας
428 595 518 646 καὶ
540 594 908 662 ἀσκουμένους
927 595 985 645 ὲν
1014 593 1228 655 αὑταῖς,
1255 593 1328 654 ὼς
1357 593 1490 658 ἄγος
1512 608 1563 643 τι
1597 593 1784 661 ἐκτρε-

221 686 444 753 πόμενοι
465 700 477 712 ·
503 686 684 736 πᾶσαν
710 683 998 736 εὐλάϐειαν
1018 686 1109 738 καὶ
1136 683 1424 736 εὐσέϐειαν
1448 682 1786 751 καταχλευά-

218 775 422 840 ζοντες,
447 767 514 828 ’τὸ
544 780 726 846 σχῆμα
746 775 806 828 τὸ
835 775 1193 829 ἀποστολικὸν
1228 774 1662 843 βδελυσσόμενοι,
1693 773 1786 825 καὶ

217 870 314 936 τὴν
370 869 670 937 ἱερωσύνην
718 866 1217 936 καταχλευάζοντες
1253 881 1264 895 '
1326 867 1436 917 πᾶν
1496 865 1785 918 σπουδαῖον

215 965 310 1014 καὶ
333 961 537 1028 ἀγαθὸν
558 960 934 1030 διωθούμενοι,
955 961 1048 1012 καὶ
1074 959 1181 1010 πᾶν
1206 958 1442 1025 φευκτὸν
1467 957 1559 1008 καὶ
1581 956 1788 1025 μοχθη-

218 1055 309 1121 ρὸν
346 1052 749 1122 ἀσπαζόμενοι·
805 1053 904 1104 οὑκ
958 1048 1264 1116 ἀναγνώσει
1307 1047 1688 1118 προσέχουσιν,
1723 1045 1783 1098 οὐ

217 1146 379 1199 θείων
410 1145 640 1216 Γραφῶν
673 1144 943 1214 ἀκροαταὶ
975 1145 1253 1212 γίνονται·
1286 1141 1405 1203 πῶς
1435 1141 1580 1210 γάρ;
1621 1140 1674 1191 οῖ
1723 1155 1788 1206 γε

219 1239 395 1290 πάντα
429 1235 603 1289 ταῦτα
654 1234 1222 1305 καταμυσαττόμενοι,
1283 1232 1376 1284 καὶ
1413 1232 1632 1282 πάντων
1681 1229 1789 1283 τῶν

224 1327 645 1381 λυσιτελούντων
686 1326 947 1395 ἀμύητοι,
982 1324 1162 1392 πάσης
1205 1322 1538 1391 πανουργίας
1566 1323 1791 1389 ἐφευρε-

215 1420 328 1479 sai,
379 1419 477 1469 οὐκ
537 1417 616 1478 είς
666 1417 828 1477 ναοὺς
875 1414 1009 1466 Θεοῦ
1047 1412 1416 1482 σχολάζουσιν,
1476 1411 1536 1462 ού
1605 1410 1790 1462 πίστιν

218 1509 473 1575 τιμῶσιν,
511 1508 609 1558 ούκ
644 1505 866 1574 ἀγάπην
916 1503 1404 1572 περιπτύσσονται,
1455 1501 1554 1552 οὐκ
1599 1498 1791 1552 ἐλπίδα

219 1599 540 1664 κέκτηνται,
596 1597 655 1650 ού
703 1596 981 1664 προσευχῇ
1017 1593 1113 1644 καὶ
1162 1592 1386 1661 νηστείᾳ
1449 1606 1789 1660 προσκαρτε-

222 1688 428 1758 ροῦσιν,
461 1687 521 1738 ού
575 1676 868 1754 παρθενίαν
906 1683 1283 1752 σεμνύνουσιν,
1315 1681 1376 1732 ού
1435 1679 1789 1750 σωφροσύνην

219 1778 502 1845 ἀγαπῶσι’
547 1777 724 1829 πάντα
756 1774 846 1827 τὸν
886 1774 999 1843 βίον
1032 1771 1274 1842 αἰσχρῶς
1330 1771 1786 1841 καταστρέφουσι,

1891 601 2090 653 terunt,
2115 604 2211 644 ceu
2246 589 2517 658 piaculum
2545 588 2760 656 aliquod
2788 595 3110 640 aversantur
3143 604 3155 639 :
3196 586 3451 656 pietatem

1885 697 2098 737 omnem
2139 681 2289 750 131
2323 690 2378 736 et
2402 679 2777 734 orthodoxiam
2816 678 3067 741 irrident,
3097 678 3452 745 apostolicum

1887 774 2263 827 vestimentum
2297 771 2412 842 (72)
2446 770 2808 841 vilipendunt,
2843 781 2895 823 et
2930 768 3299 825 sacerdotium
3329 770 3456 823 sub-

1888 875 2119 918 sannant
2148 885 2160 918 :
2186 878 2349 917 ontne
2379 864 2612 932 denique
2646 861 2787 930 frugi
2820 863 3131 930 bonumque
3181 868 3456 922 renuunt,

1887 971 2048 1011 omne
2095 956 2375 1009 vitandum
2424 965 2587 1022 atque
2644 954 2953 1020 improbum
2999 952 3394 1024 amplectuntur
3439 973 3453 1008 :

1890 1046 2102 1100 lectioni
2139 1061 2243 1100 non
2267 1055 2483 1108 vacant,
2507 1045 2718 1099 divinas
2747 1045 3063 1112 Scripturas
3091 1059 3198 1098 non
3237 1045 3457 1100 auscul-

1890 1145 2042 1202 tant;
2079 1139 2168 1206 qui
2205 1137 2350 1191 enim
2385 1136 2435 1190 id
2481 1135 2770 1189 facerent?
2799 1151 2918 1189 cum
2957 1137 3070 1188 haec
3113 1135 3298 1189 omnia
3335 1137 3460 1188 odio

1891 1229 2164 1290 habeant,
2202 1237 2256 1280 et
2294 1228 2470 1280 omnis
2519 1229 2595 1280 rei
2631 1224 2780 1279 utilis
2828 1226 2938 1278 sint
2971 1226 3184 1293 ignari,
3237 1224 3460 1278 malitiae

1889 1317 2071 1374 omnis
2104 1317 2487 1372 adinventores
2523 1334 2536 1370 :
2567 1316 2763 1385 templa
2811 1315 2902 1369 Dei
2936 1331 3041 1369 non
3073 1314 3454 1384 frequentant,

1893 1411 2052 1465 ﬁdem
2095 1426 2198 1465 non
2239 1411 2546 1475 honorant,
2601 1409 2929 1462 charitatem
2991 1422 3097 1461 non
3151 1418 3456 1468 sectantur,

1892 1517 2046 1572 spem
2088 1517 2192 1558 non
2243 1501 2479 1565 habent,
2537 1516 2712 1570 neque
2766 1502 3000 1556 orationi
3051 1515 3222 1569 neque
3253 1497 3458 1566 jejunio

1891 1594 2017 1647 dant
2066 1607 2326 1661 operam,
2378 1592 2742 1660 virginitatem
2793 1607 2896 1645 non
2954 1600 3272 1646 reverentur
3321 1590 3456 1658 (75).

1893 1685 2213 1739 modestiam
2251 1699 2355 1737 non
2386 1682 2622 1751 diligunt
2650 1699 2663 1735 :
2699 1683 2860 1736 vitam
2889 1684 3196 1736 universam
3227 1681 3459 1749 turpiter

1895 1775 2212 1837 decurrunt,
2246 1773 2502 1842 nequitia:
2526 1772 2708 1826 omnis
2735 1783 3078 1841 operatores,
3111 1771 3325 1824 virtutis
3359 1785 3458 1822 cu-

221 1869 402 1936 πάσης
424 1866 619 1927 κακίας
643 1867 871 1935 ἐργάται
902 1865 995 1917 καὶ
1028 1864 1209 1931 πάσης
1242 1863 1439 1933 ἀρετῆς
1461 1861 1788 1928 ὑπερόπται·
1823 1858 1865 1910 Β

1823 1858 2108 1936 Bjuslibet
2163 1873 2587 1934 contemptores.
2628 1863 2758 1918 Nam
2815 1863 3133 1933 praeclarum
3182 1862 3460 1932 quodlibet

220 1960 362 2012 ἅπαν
393 1958 493 2027 γὰρ
532 1956 696 2010 καλὸν
721 1956 813 2008 καὶ
833 1954 971 2007 θεῖον
1004 1955 1098 2006 καλ⁸
1121 1953 1321 2023 ἀρετῆς
1349 1949 1406 2006 εὖ
1436 1948 1592 2022 ἦχον,
1616 1952 1791 2022 σκηνὴ

221 2053 310 2104 καὶ
328 2052 516 2104 παιδιά
545 2068 618 2102 πα
630 2051 678 2119 ρ’
697 2049 877 2111 αὐτοῖς
901 2048 1228 2115 λελόγισται,
1257 2046 1513 2116 στυγητοὶ
1538 2046 1628 2099 καὶ
1651 2046 1794 2116 ἔχθι-

223 2165 335 2198 στοι
374 2146 524 2216 παρὰ
547 2145 663 2215 Θεῷ
705 2163 764 2197 τε
797 2145 888 2234 καξ
921 2143 1176 2212 ἀγγέλοις
1204 2143 1296 2194 καὶ
1341 2140 1647 2212 ἀνθρώποις
1680 2143 1794 2202 τοῖς

221 2237 625 2308 εύσεϐεστέροις
660 2237 752 2289 καὶ
781 2234 955 2306 ὀρθῶς
987 2233 1137 2303 βιοῦν
1171 2235 1470 2304 ᾑρημένοις
1496 2233 1791 2300 τυγχάνον-

220 2347 309 2391 τες
335 2345 347 2356 °
378 2328 580 2380 τούτων
603 2329 696 2380 καὶ
723 2329 750 2380 ὁ
783 2327 896 2394 βίος
944 2323 1192 2394 αἰσχρὸς.
1231 2325 1324 2375 καὶ
1357 2326 1384 2376 ὁ
1406 2323 1562 2390 λόγος
1593 2322 1793 2392 σαθρὸς

223 2423 314 2472 καὶ
349 2420 746 2483 κατάπτυστος,
776 2418 870 2471 καὶ
905 2418 1082 2485 πάσης
1116 2415 1638 2486 ἀνοίαςὲπίμεστος.

293 2554 357 2604 Τί
399 2553 562 2607 τᾶλλα
606 2553 815 2618 λέγεινς
872 2551 1056 2605 Πάντα
1100 2546 1180 2614 οἷς
1205 2551 1233 2601 ὁ
1267 2550 1558 2620 μισόκαλος
1601 2550 1796 2619 ἐχθρὸς

221 2643 425 2712 χαίρει,
473 2642 928 2712 διαπραττόμενοι
975 2639 1331 2709 βιοτεύουσιν,
1387 2637 1562 2700 οὐδεὶς
1615 2639 1798 2698 αὐτοῖς

221 2738 354 2805 περὶ
386 2736 619 2790 Θανάτου
670 2734 824 2801 λόγος
869 2733 1148 2796 οὐδέποτε,
1191 2731 1365 2793 οὐδεὶς
1397 2731 1524 2801 περὶ
1559 2730 1796 2782 ἀναστά-

228 2825 420 2894 σεωςῆ
455 2826 708 2894 κρίσεως,
733 2824 920 2895 κριτοῦ
936 2840 995 2876 τε
1016 2821 1464 2893 προσδοκωμένου
1486 2819 1626 2890 μετά
1640 2820 1796 2888 δόξης

220 2917 320 2987 τῆς
338 2915 613 2986 πατρικῆς
629 2932 642 2945 ο
661 2915 754 2983 τῆς
768 2915 1009 2987 ἀρρήτου
1023 2930 1079 2966 τε
1097 2915 1188 2966 καὶ
1202 2912 1503 2982 φρικώδους
1517 2912 1612 2966 καὶ
1626 2912 1801 2964 πάντα

221 3007 382 3071 λόγον
416 3005 845 3075 ὐπεραιρούσης,
872 3005 967 3058 καὶ
996 3005 1195 3066 παντὸς
1223 3004 1376 3065 δέους
1402 3001 1678 3074 γεμούσης
1707 3004 1802 3057 καὶ

223 3097 647 3166 καταπλήξεως,
684 3096 809 3148 ἔνθα
848 3097 943 3150 καὶ
967 3096 1191 3164 ἄγγελοι
1230 3097 1366 3165 μετὰ
1392 3094 1560 3164 φόϐου
1595 3095 1794 3147 πολλοῦ

223 3191 596 3258 παρίστανται
650 3187 743 3239 καὶ
793 3187 1152 3256 ἐκπλήξεως·

225 3282 399 3349 μέγα,
429 3279 522 3332 καὶ
545 3279 651 3332 τῶν
679 3278 1086 3348 πεπραγμένων
1110 3279 1143 3348 ἡ
1166 3278 1431 3340 ἀντίδοσις
1460 3278 1794 3348 πρυτανεύε-

221 3388 336 3434 ται,
371 3373 468 3423 καὶ
494 3371 720 3430 ἕκαστος
754 3370 908 3439 ἡμῶν
933 3368 1010 3438 τῷ
1039 3369 1247 3438 πλάστῃ
1269 3368 1622 3438 παρίσταται,
1655 3369 1798 3421 καθά

223 3464 439 3531 ἔπραξε
471 3462 559 3513 διὰ
595 3461 687 3514 τοῦ
727 3461 979 3529 σώματος
1032 3462 1142 3514 εἴτε
1192 3460 1396 3529 ἀγαθὸν
1428 3461 1538 3511 εἴτε
1593 3460 1799 3528 φαῦλον

220 3554 643 3621 ἀποληψόμενος
675 3569 686 3580 ·
720 3553 816 3620 οὐχ
869 3553 1280 3622 ἁμαρτημάτων
1318 3553 1396 3613 είς
1449 3553 1802 3619 συναίσθησιν

221 3647 512 3714 ἔρχονται,
563 3645 623 3696 οὑ
679 3645 828 3712 παρά
879 3645 1013 3695 Θεοῦ
1055 3645 1386 3712 συγγνώμην
1426 3644 1690 3707 αἰτοῦσιν,
1738 3645 1800 3696 οὐ

221 3737 556 3805 παραίνεσιν
593 3735 866 3806 σωτηρίας
913 3734 1149 3804 ψυχικῆς
1202 3735 1388 3786 ἕνεκεν
1432 3735 1700 3804 δέχονται.
1737 3736 1800 3787 Τί

219 3829 332 3897 γάρ
383 3829 496 3895 ἔχει
530 3827 760 3897 κακδνή
818 3827 962 3896 ψυχή
1020 3843 1143 3894 μου,
1204 3827 1281 3896 τῷ
1331 3826 1400 3878 τὰ
1453 3829 1799 3896 συμφέροντα

219 3919 623 3985 παραινοῦντι;
661 3917 1061 3986 ἀποκρίνονται.
1082 3917 1181 3968 Διά
1205 3917 1362 3968 τοῦτο
1379 3917 1498 3969 οὐδὲ
1524 3919 1800 3985 βασιλείας

217 4007 482 4077 οὐρανῶν
537 4007 714 4070 ἐλπὶς,
750 4006 872 4059 οὐδὲ
912 4007 1070 4072 λόγου
1105 4008 1486 4077 πνευματικοῦ
1515 4009 1798 4077 ἀνέχονται

217 4102 494 4152 πώποτεο
526 4099 694 4159 ὄντως
743 4099 800 4150 ἐν
841 4099 1054 4161 τούτοις
1106 4101 1226 4151 ἐστὶ
1276 4100 1693 4168 κεκαλυμμένον
1742 4100 1802 4150 τὸ

219 4191 600 4258 Ιίύαγγέλιον·
660 4189 757 4241 Ἐν
801 4184 890 4253 οἷς
932 4190 962 4240 ὀ
998 4189 1140 4253 Θεὸς
1185 4189 1290 4242 τοῦ
1329 4188 1542 4254 αἰῶνος
1584 4191 1801 4243 τούτου

215 4283 548 4348 ἐτύφλωσε
571 4279 642 4331 τὰ
663 4278 929 4346 νοήματα
947 4281 1035 4341 εἱς
1059 4279 1218 4347 τὸμὴ
1248 4279 1578 4348 ἑναυγάσαι
1602 4281 1805 4346 αὐτοῖς

217 4374 330 4424 τὸν
372 4369 690 4439 φωτισμὸν
711 4369 816 4424 τοῦ
852 4371 1238 4439 Εὑαγγελίου.
1283 4371 1471 4423 Αὐτῶν
1504 4371 1559 4423 δὲ
1602 4372 1806 4424 τούτων

289 4553 338 4580 ⁷⁸
375 4550 416 4602 ΙΙ
452 4549 575 4599 (lor.
617 4560 688 4613 Iv,
721 4551 772 4603 4.

1194 3186 1496 3256 σάλπιγγος
1555 3187 1690 3256 ἠχού
1701 3204 1796 3255 σης
1824 3200 1866 3256 (ι

1893 1971 1945 2014 et
1973 1960 2246 2030 egregium
2274 1969 2325 2013 et
2360 1975 2480 2014 cum
2513 1962 2710 2012 virtute
2736 1967 2916 2015 actum
2949 1997 2964 2021 ,
3004 1971 3220 2010 scenam
3256 1955 3356 2025 ipsi
3397 1970 3463 2008 ac

1895 2048 2182 2102 ludibrium
2216 2056 2497 2116 reputant;
2526 2049 2637 2102 Deo
2662 2048 2896 2100 maxime
2923 2046 3152 2100 odibiles
3180 2055 3235 2100 et
3263 2045 3458 2100 infensi

1897 2154 1994 2193 nec
2047 2154 2151 2193 non
2191 2140 2397 2209 angelis
2427 2149 2480 2194 et
2529 2141 2806 2193 hominum
2865 2138 3230 2208 pientioribus
3280 2147 3334 2190 et
3368 2139 3457 2205 qui

1898 2237 2044 2286 recte
2067 2233 2249 2285 vivere
2279 2231 2651 2284 instituerunt.
2695 2229 2898 2283 Horum
2933 2240 2986 2281 et
3022 2230 3127 2282 vita
3156 2229 3326 2298 turpis
3354 2238 3458 2293 εει,

1895 2334 1949 2379 et
2017 2341 2197 2380 sermo
2251 2323 2524 2380 marcidus
2577 2333 2739 2391 atque
2797 2321 3151 2389 aspernabilis
3204 2323 3461 2391 omnique

1900 2418 2116 2471 vesania
2148 2417 2357 2485 plenus.

1967 2552 2103 2618 Quid
2135 2551 2330 2620 plura?
2362 2551 2630 2618 Quidquid
2677 2552 2818 2606 hosu
2853 2561 3037 2606 nostro
3068 2554 3284 2607 virtutis
3315 2553 3461 2607 osori

1901 2643 2094 2712 placet,
2133 2645 2184 2697 hi
2224 2660 2320 2712 per
2349 2659 2562 2696 omnem
2599 2644 2763 2696 vitam
2801 2643 3044 2697 factitant
3103 2659 3120 2696 :
3159 2645 3303 2698 nulla
3335 2644 3465 2714 ipsis

1902 2733 2092 2786 mortis
2129 2734 2178 2786 in
2213 2747 2464 2787 sermone
2491 2735 2971 2797 commemoratio,
3010 2734 3152 2786 nulla
3188 2735 3251 2787 de
3288 2749 3467 2788 resur-

1901 2826 2140 2878 rectione
2192 2840 2253 2878 ac
2287 2824 2494 2892 judicio
2528 2823 2730 2877 mentio
2761 2862 2773 2886 ,
2808 2833 2967 2891 atque
2999 2834 3308 2891 exspectato
3340 2839 3463 2878 cum

1902 2924 2126 2985 paterna
2163 2916 2331 2984 gloria
2376 2915 2560 2983 judice
2586 2956 2600 2982 ,
2635 2916 2985 2970 inenarrabili
3021 2916 3264 2983 profecto
3308 2933 3364 2971 re
3403 2933 3467 2972 ac

1905 3008 2208 3071 tremenda,
2234 3017 2287 3060 et
2317 3008 2474 3062 nullis
2507 3007 2685 3062 verbis
2709 3008 3082 3076 exprimenda,
3115 3009 3269 3076 plena
3298 3025 3467 3076 pavo-

1907 3098 1982 3152 ris
2030 3104 2083 3150 et
2116 3099 2582 3152 consternationis
2608 3136 2624 3164 ,
2658 3100 2744 3152 cui
2778 3099 2878 3167 ipsi
2928 3099 3100 3168 angeli
3146 3100 3312 3154 multo
3340 3115 3463 3154 cum

1905 3198 2048 3241 metu
2103 3190 2358 3243 astabunt
2401 3199 2566 3258 atque
2611 3200 2840 3254 terrore,
2886 3193 3009 3244 tuba
3045 3191 3287 3260 graviter
3319 3208 3468 3249 reso-

1905 3289 2086 3343 nante,
2119 3295 2240 3333 cum
2274 3291 2408 3334 actae
2449 3281 2570 3334 vitae
2596 3285 2961 3336 remuneratio
2998 3285 3106 3348 fiet,
3143 3301 3263 3340 cum
3301 3303 3468 3354 unus:

1905 3370 2131 3439 quisque
2161 3370 2404 3424 Creatori
2432 3373 2732 3440 apparebit,
2768 3383 2926 3442 prout
2955 3375 3005 3427 in
3035 3391 3264 3445 corpore
3294 3381 3468 3447 egerit

1906 3463 2018 3514 sive
2049 3463 2248 3515 bonum
2277 3463 2392 3516 sive
2432 3465 2630 3518 malum
2665 3475 3002 3534 recepturus.
3043 3467 3133 3520 isti
3158 3507 3171 3530 ,
3207 3468 3425 3538 inquam
3451 3511 3467 3535 ,

1907 3565 2249 3618 peccatorum
2297 3569 2515 3608 suorum
2547 3559 2966 3626 compunctione
3005 3574 3108 3612 non
3149 3568 3466 3628 tanguntur,

1905 3648 2114 3700 veniam
2159 3662 2185 3700 a
2213 3647 2323 3700 Deo
2349 3663 2454 3701 non
2485 3659 2704 3717 petunt,
2737 3650 2937 3702 nullam
2969 3651 3036 3704 de
3065 3650 3242 3705 salute
3273 3653 3468 3705 anima:

1905 3738 2323 3791 admonitionem
2374 3741 2686 3793 admittunt.
2743 3739 2882 3805 Quid
2927 3743 3069 3793 enim
3129 3742 3252 3795 mali
3306 3745 3470 3798 habet

1903 3828 2082 3879 anima
2116 3842 2231 3879 mea
2259 3867 2273 3890 ,
2309 3829 2531 3881 meliora
2570 3829 2917 3897 suggerenti?
2947 3832 3293 3898 respondent.
3339 3831 3472 3885 Pro-

1904 3927 2082 3984 pterea
2111 3933 2282 3986 neque
2309 3933 2528 3985 regnum
2547 3919 2806 3973 ctelorum
2837 3931 3080 3988 sperant,
3113 3936 3212 3974 nec
3243 3923 3466 3990 spirita-

1905 4006 2004 4060 lem
2053 4008 2288 4077 aliquem
2336 4025 2640 4064 sermonem
2688 4012 2814 4064 boni
2866 4027 3098 4080 unquam
3155 4014 3465 4068 consulunt.

1909 4098 2043 4154 Vere
2079 4102 2162 4154 his
2197 4101 2572 4156 absconditum
2622 4114 2706 4157 est
2751 4105 3096 4173 Evangelium
3124 4144 3139 4170 ,
3177 4105 3238 4160 1η
3281 4109 3470 4176 quibus

1909 4188 2045 4244 Deus
2074 4192 2230 4259 hujus
2259 4191 2440 4245 surculi
2471 4195 2752 4247 exccecavit
2779 4206 2997 4258 mentes,
3031 4211 3093 4248 ne
3119 4198 3245 4263 ipsis
3271 4197 3471 4267 fulgeat

1910 4281 2232 4335 illuminatio
2265 4280 2538 4353 Evangelii
2585 4284 2653 4338 ⁷⁸.
2687 4284 2804 4339 Jam
2850 4301 2979 4340 vero
3009 4288 3151 4341 inter
3197 4289 3295 4343 hos
3327 4290 3475 4358 ipsos

1913 4373 2002 4442 qui
2042 4382 2166 4428 sunt
2205 4375 2378 4444 magis
2409 4376 2604 4444 plebeii
2631 4392 2693 4429 ac
2723 4378 3024 4446 pedestres,
3057 4389 3110 4433 ct
3138 4381 3215 4434 rei
3241 4380 3474 4436 familia-

289 4725 717 4803 (72)__Cltristus
764 4720 1248 4803 DominuslMarc.
1288 4736 1377 4803 vt,
1427 4721 1490 4803 9A)
1547 4723 1802 4803 prazcepit
1833 4725 1878 4785 D
1905 4737 2043 4778 certe
2081 4727 2377 4803 sterilitatis
2421 4748 2585 4785 causa
2619 4733 2795 4789 liberis
2838 4751 3048 4803 carere,
3081 4742 3224 4793 haud
3275 4754 3350 4794 est
3399 4761 3481 4797 re-

217 4791 496 4867 apbstblis
537 4805 594 4867 ut
621 4802 816 4867 essent
845 4794 1065 4867 calceati
1117 4791 1392 4855 sandaliis,
1428 4801 1480 4843 et
1507 4807 1574 4843 ne
1612 4791 1801 4846 indue-

220 4864 424 4922 rentur
463 4865 671 4916 duabus
707 4864 926 4915 tunicis.

291 4939 413 5004 (73)
452 4934 865 5004 Cantacuzenns
893 4932 957 5004 ad
991 4929 1227 5004 Sap._tv,
1262 4929 1315 5004 1ὲ
1341 4927 1436 4981 Gr.
1471 4931 1541 5004 ita
1578 4930 1803 5004 virgini-

219 4998 404 5060 tat‘etn'
433 5003 682 5057 dilautlat
715 5021 728 5055 :
762 5001 836 5052 Τὸ
865 5001 1004 5070 μέγα
1039 5002 1229 5070 χρῆμα.
1256 4999 1351 5060 τῆς
1392 4998 1690 5066 παρθενίας
1719 5000 1808 5052 διὰ

217 5078 438 5128 τούτων
475 5073 724 5139 ἐξυμνεί,
760 5068 1057 5138 καίφησιο
1096 5068 1376 5139 Κρείσσων
1425 5070 1650 5139 ἀτεκνία
1691 5085 1790 5137 μετ

219 5144 438 5215 ἀρετῆς
462 5159 475 5170 ·
517 5138 639 5192 οὐδὲ
676 5141 784 5210 γάρ
826 5142 855 5209 ἡ
900 5141 963 5190 ὲκ
995 5138 1331 5215 στειρώσ-εως
1364 5138 1592 5215 ἀτεκνία,
1631 5155 1806 5206 μακα-

222 5206 412 5282 pini},
455 5211 655 5282 dare
693 5206 815 5282 μετ’
845 5206 1061 5282 ’ἀρετῇς
1094 5209 1184 5259 καὶ
1222 5206 1486 5282 λογισμοῦ
1530 5207 1806 5282 σώφρονος

219 5276 332 5336 τών
355 5276 561 5334 παθῶν
585 5276 909 5350 ἐπικράτεια
927 5279 1022 5328 καὶ
1051 5277 1318 5350 παντελὴς
1349 5276 1644 5350 ἀμεθεξίαέο
1676 5277 1808 5350 ἀθα-

219 5354 387 5405 νασία
430 5352 549 5419 γάρ
581 5346 745 5419 ,ἐστιν
791 5349 848 5400 ὲν
897 5350 1086 5419 μνήμῃ
1138 5346 1516 5419 αύτῆςίτινὲς
1569 5348 1665 5414 μὲν
1709 5347 1808 5419 τάς

217 5415 489 5490 διαδοχάς
665 5419 868 5490 τέκνων
887 5415 1234 5490 gemmam
1266 5415 1366 5490 τοῦΔ
1387 5415 1575 5490 γένους
1607 5417 1806 5490 κεκλή-

220 5479 431 5545 κασινί
466 5479 499 5541 δ
527 5489 583 5539 δέ
608 5504 671 5555 γε
702 5488 864 5554 σοφὸς
887 5479 1042 5549 οὗτος
1069 5487 1237 5554 αὐτὴν
1272 5479 1474 5553 ταύτην
1506 5479 1808 5555 ἀθανασίαν

218 5565 450 5630 ἡγεῖται
507 5553 746 5630 μάλιστα
781 5553 898 5630 τῂν
941 5557 1011 5630 δι’
1061 5553 1315 5630 ἀτεκνίας
1366 5556 1461 5630 κα).
1510 5553 1813 5630 παρθενίας

218 5622 520 5684 πολιτείαν
566 5622 888 5694 θαυμαστῶς
933 5626 1072 5693 άγαν
1119 5622 1554 5693 κατορθωθεῖσαν
1601 5623 1815 5692 ἀνθρώ-

220 5718 346 5762 ποις
369 5718 383 5732 ·
426 5697 824 5766 Virginitatem,
853 5711 1062 5766 ntagna;
1088 5696 1258 5766 instar
1288 5694 1384 5757 rei,
1414 5695 1493 5766 Itis
1525 5694 1811 5766 verbisne;-

223 5772 362 5828 tallit
391 5784 408 5821 .·
447 5788 466 5818 α
516 5763 704 5818 Melius
739 5776 810 5817 est
843 5781 1018 5817 carere
1048 5765 1222 5818 liberis
1253 5780 1368 5816 cum
1399 5764 1634 5816 virtute.»
1675 5763 1814 5815 Nam

564 5859 832 5920 ΡΑτιιοι.
870 5858 980 5920 Gn.
1009 5859 1074 5921 C.

1909 4798 2145 4878 putanda
2183 4800 2448 4878 felicitas;
2492 4806 2582 4878 sed
2619 4804 2710 4857 illa
2745 4809 2937 4870 potius,
2983 4798 3234 4863 suadente
3265 4813 3473 4878 r-irtute,

1913 4867 2268 4946 cupiti-italum
2297 4871 2639 4946 continentia,
2670 4867 2773 4941 qua
2803 4867 2944 4946 caste
2975 4879 3321 4932 deliberamus
3353 4867 3480 4935 con1

1904 4937 2079 5006 jugali
2129 4940 2268 4989 omni
2310 4941 2555 4994 societate
2610 4937 2807 4996 carere.
2853 4945 3057 4998 Etenim
3105 4950 3477 5006 immortalitas

1913 5005 2169 5085 ex‘ltujns
2198 5009 2292 5085 ‘rei
2330 5013 2576 5085 memoria
2623 5013 2921 5085 conﬁcitur.
2966 5015 3028 5068 Et
3069 5021 3302 5084 quamvis
3347 5005 3479 5074 non;

1917 5075 2049 5153 nulli
2089 5076 2240 5126 titulo
2277 5077 2690 5153 immortalitatis
2735 5083 2995 5149 appellant
3036 5075 3314 5140 liberorum
3361 5107 3452 5142 suc

1919 5151 2233 5217 cessionem;
2281 5155 2514 5200 attamen
2551 5151 2634 5204 hic
2660 5154 2863 5217 sapiens
2894 5155 3341 5210 immortalitatem
3365 5177 3478 5212 cre-

1918 5215 2037 5264 dere
2069 5217 2258 5286 mavult
2293 5218 2544 5286 virginale
2583 5215 2861 5275 illudisine
2895 5223 3071 5280 liberis
3105 5231 3221 5280 vita:
3258 5229 3477 5282 institu-

1919 5291 2050 5345 tum,
2079 5285 2476 5361 quod__ltomines
2507 5307 2608 5343 non
2638 5293 2750 5344 sine
2782 5294 2919 5361 vulgi
2956 5297 3306 5349 admiratione
3343 5310 3479 5350 recte

1912 5365 2190 5435 peragunt.
2217 5354 2339 5435 llaec
2365 5369 2550 5435 tamen
2569 5376 2671 5435 non
2707 5362 2775 5414 ita
2802 5354 2924 5415 sunt
2957 5367 3286 5433 accipienda,
3323 5369 3478 5435 quasi

1914 5424 2194 5504 virginitas
2220 5424 2479 5504 humanas
2504 5430 2689 5504 gloriae
2719 5447 2882 5504 causa
2915 5435 2983 5487 sit
3015 5424 3299 5502 eligenda»;
3336 5424 3479 5504 quod

1914 5495 1957 5570 si
1993 5495 2165 5574 fieret,
2199 5509 2265 5549 ne
2286 5495 2573 5574 virginitas
2606 5501 2818 5574 quidem
2853 5503 2965 5574 ipsa
2996 5495 3312 5574 plerumque
3342 5495 3480 5560 foret

1917 5561 2219 5639 incolumis.
2284 5561 2417 5619 Nam
2472 5581 2577 5635 quo
2624 5561 2886 5637 'quisque'
2924 5561 3238 5639 humiliore;
3284 5575 3331 5628 id
3396 5584 3483 5629 est

1918 5631 2260 5752 giaqﬂestiore,
2297 5631 2612 5707 animo‘est,
2643 5631 2706 5696 eo
2744 5631 2914 5698 tutius
2968 5646 3090 5698 huic
3123 5631 3308 5698 virt'uti
3350 5658 3483 5699 cou-

3170 5865 3242 5927 16
