4220 6442
216 412 323 474 (93
808 472 815 478 .
913 417 1540 478 AV'I‘lIlRIIE'I‘ICUS
1583 417 1668 476 III
1711 417 1880 477 ADV.
1922 419 2528 483 CONSTANTINUM‘
2559 423 2769 483 COPR.
3359 426 3462 491 494

228 520 622 591 Ἰερουσαλήμ
652 541 665 554 ο
692 525 787 576 καὶ
818 525 1215 593 ἐπ.ίήο’οημεν
1259 527 1473 594 ἄρτων,
1519 527 1621 580 καὶ
1655 528 1781 596 ἐγε-
1815 538 1860 592 Α
1889 545 1894 581 ι

1815 538 1860 592 Α
1889 530 2074 582 bellant
2109 534 2371 597 patiemur
2397 571 2410 590 .
2461 534 2697 601 tubrrqtte
2753 534 2976 588 sonitum
3026 551 3128 589 non
3166 540 3454 604 audiemus,

213 614 433 679 ι’όμεθα
464 617 736 680 χρηστοί,
777 617 875 670 καὶ
929 617 1084 670 κακὰ
1130 620 1239 670 οὐκ
1271 618 1511 686 εῐδομεν
1537 635 1548 649 ·
1583 620 1682 672 καὶ
1703 620 1784 684 ὡς

1891 635 1980 671 ιιιέ
2023 623 2175 685 panis
2231 622 2506 688 penuriam
2557 624 2874 686 sentiemus,
2933 635 2979 677 et
3024 625 3136 679 illic
3191 628 3460 681 habitabi-

211 701 562 772 διελίπομεν
618 707 942 775 θυμιῶντες
980 708 1054 776 τῇ
1083 709 1433 780 βασιλίσσῃ
1463 709 1570 764 τοῦ
1607 711 1784 776 οὐρα-
1889 725 2002 761 ntus
2030 709 2094 762 ".
3280 770 3288 777 _

208 794 344 856 νοῦ,
377 797 797 866 ὴλαττώθημεν
819 801 1061 865 πάντες,
1093 801 1189 853 καὶ
1221 802 1291 854 ἐν
1310 803 1577 871 ῥομφαίᾳ
1611 802 1797 854 καὶέν
1833 800 1984 868 λιμῷ
2015 800 2374 870 ἐξελίπομεν
2394 819 2406 832 ·
2479 803 2564 857 ἔτι
2591 806 2738 874 πρὸς
2787 808 3018 873 τούτοις
3053 811 3124 862 οὐ
3185 810 3270 878 μὴ
3323 814 3463 866 καθ⁴

211 889 438 957 ίσωμεν
467 891 537 944 ἐν
575 891 651 959 τῇ
714 893 790 962 τῇ
829 897 1014 963 ταύτῃ
1079 895 1229 962 πρὸς
1292 895 1359 948 τὸ
1405 894 1492 965 μὴ
1538 895 1792 948 ἀκοῦσαι
1831 894 2037 963 φωνῆς
2103 898 2342 963 Κηίου,
2367 897 2454 950 ὅτι
2486 902 2573 964 εὶς
2611 899 2728 969 γῆν
2784 903 3084 970 Αἰγύπτου
3112 906 3462 960 εἰσελευσό-

204 985 382 1048 μεθα,
440 984 534 1035 καὶ
562 987 633 1038 οὺ
673 985 760 1053 μὴ
819 987 1039 1054 ἴδωμεν
1091 990 1381 1056 πόλεμον,
1441 988 1538 1040 καὶ
1579 987 1786 1056 φωνῆς
1823 987 2158 1058 σάλπιγγος
2227 991 2298 1044 οὺ
2331 990 2418 1059 μὴ
2479 992 2854 1063 ἀκούσωμεν,
2914 997 3010 1049 καὶ
3044 997 3114 1050 ἐν
3153 998 3353 1066 ἄρτοις
3389 1003 3463 1054 οὐ

204 1075 292 1142 μὴ
328 1074 706 1142 πεινὰσωμεν
734 1077 830 1130 καὶ
851 1077 978 1130 ἐκεῖ
1009 1080 1360 1147 οἰκήσομεν.

283 1187 376 1251 ξδ’.
409 1188 647 1242 Τοιαῦτα
670 1189 733 1259 δὴ
797 1191 891 1242 καὶ
945 1191 1015 1244 τὰ
1076 1193 1286 1254 τούτοις
1327 1191 1687 1262 παραπλήσια
1724 1192 1789 1243 ἐκ

205 1276 304 1328 τοῦ
341 1278 578 1348 πονηροῦ
609 1279 885 1350 θησαυροῦ
915 1281 1016 1350 τῆς
1063 1283 1292 1351 καρδίας
1322 1282 1784 1352 ἀπερευγόμενοι,

209 1367 698 1439 κατατιλυαροῦσιν
724 1373 898 1442 ’ἡμῶν
935 1374 1032 1441 τῆς
1087 1373 1258 1444 ὀρθῆς
1301 1375 1397 1425 καὶ
1457 1371 1783 1442 ἀδιαϐλήτου

206 1456 371 1527 δόξης
395 1475 408 1486 ·
480 1461 896 1531 φιλοτιμοῦνται
940 1465 996 1518 δὲ
1030 1466 1125 1517 ἐπὶ
1159 1468 1225 1535 τῇ
1255 1464 1351 1518 τοῦ
1388 1467 1642 1534 Μαμωνᾶ
1677 1465 1792 1516 θεο-

210 1553 402 1617 στυγεί
441 1554 654 1605 πίστει·
699 1557 1004 1625 εὐημερίαν
1032 1557 1130 1626 τὴν
1165 1559 1377 1610 ἐκείνου
1401 1559 1786 1627 ἀνοσιουργίαν

211 1641 587 1709 ἐπασκούντες
609 1661 625 1678 °
660 1645 850 1716 ὥσπερ
883 1649 939 1699 ὲν
975 1649 1148 1718 ταύτῃ
1183 1649 1656 1718 ἐνεύθηνούμενοι,
1696 1653 1790 1702 καὶ

207 1731 431 1803 ἀριθμῴ
467 1735 670 1788 πλείονι
726 1737 820 1789 τόν
850 1754 910 1790 τε
944 1741 1090 1792 σῖτον
1131 1741 1223 1792 καὶ
1262 1741 1429 1792 τᾶλλα
1457 1743 1627 1794 ὁπόσα
1675 1741 1784 1793 τῶν

207 1823 536 1893 ἐπιτηδείων
567 1827 928 1898 ἐξωνούμενοι
961 1848 975 1862 ·
1010 1831 1110 1883 οὐκ
1144 1833 1238 1884 ἐπὶ
1280 1832 1357 1902 τῷ
1395 1832 1515 1902 Θεῷ
1539 1833 1616 1903 τῷ
1646 1836 1778 1886 πάνυ

207 1931 316 1967 των
355 1917 574 1983 ἀγαθῶν
629 1920 968 1991 παρεκτικῷ,
1003 1924 1096 1976 καὶ
1131 1925 1230 1993 τῆς
1271 1924 1392 1977 καθ’
1448 1926 1601 1994 ἡμᾶς
1638 1924 1782 1994 ζωῆς

207 2013 484 2079 προνοητῇ
521 2012 614 2062 καὶ
648 2011 907 2082 κηδεμόνι
959 2014 1058 2082 τὴν
1089 2015 1249 2085 χάριν
1292 2016 1663 2079 ἀνατιθέντες.
1707 2017 1772 2070 Τί

205 2101 313 2167 χρὴ
340 2100 409 2152 τά
431 2101 602 2154 πολλά
628 2101 836 2170 λέγειν;
857 2104 1130 2174 ἐπιλείψει
1147 2106 1256 2176 γὰρ
1277 2109 1528 2177 ἡμᾶςκαὶ
1545 2109 1572 2158 ὁ
1592 2110 1783 2178 χρόνος

204 2191 300 2242 καὶ
328 2193 357 2243 ὁ
386 2191 546 2259 λόγος
565 2193 740 2248 ταῦτα
760 2195 1058 2262 διεξιόντας
1083 2214 1096 2228 ·
1132 2199 1296 2252 πόσαι
1325 2200 1432 2270 γὰρ
1457 2202 1521 2253 ἂν
1539 2201 1781 2268 γλῶσσαι

201 2280 303 2350 τὴν
349 2283 558 2336 τούτων
601 2285 908 2356 ἐξήρκεσαν
942 2288 1184 2351 ἐξειπεῖν
1209 2290 1544 2359 δυστροπίαν
1595 2309 1654 2344 τε
1687 2294 1782 2345 καὶ

203 2374 544 2442 κακοήθειαν
571 2393 584 2442 ;
616 2377 734 2441 ἐξὸν
760 2377 818 2430 ἒν
835 2379 957 2432 ἀντὶ
979 2379 1200 2433 πάντων
1226 2381 1402 2434 εἰπεῖν
1434 2383 1529 2434 καὶ
1576 2383 1638 2435 τὸ
1675 2384 1782 2436 πᾶν

201 2467 576 2536 παραστῆσαι,
626 2470 706 2520 ὅτι
763 2488 782 2520 ι
855 2470 1062 2523 Κακῶν
1110 2473 1450 2526 διδασκάλων
1511 2475 1659 2527 κακά
1712 2477 1780 2530 τά

203 2557 532 2628 μαθήματα,
565 2560 764 2629 μᾶλλον
802 2561 858 2614 δὲ
888 2564 1141 2634 πονηρῶν
1182 2568 1522 2636 σπερμάτων
1562 2569 1776 2638 πονηρὰ

198 2648 272 2698 τά
321 2648 609 2716 γεώργιαο
662 2669 681 2700 ι
742 2650 777 2704 ἃ.
830 2652 940 2724 γὰρ
980 2655 1178 2717 αὐτοὺς
1225 2656 1254 2706 ὁ
1291 2656 1383 2708 τοῦ
1443 2659 1778 2726 Εὐαγγελίου

200 2735 509 2804 ἀντίθετος,
532 2742 625 2793 καὶ
647 2742 743 2811 τῆς
773 2743 1054 2805 εὐσεϐείας
1077 2744 1272 2814 ἐχθρὸς
1306 2748 1399 2799 καὶ
1438 2747 1774 2819 ἀποστάτης,

200 2827 228 2878 ὁ
255 2831 500 2896 σπορεὺς
540 2832 648 2884 τῶν
679 2833 936 2898 ζιζανίων
979 2833 1244 2907 ἐμύησεν.
1279 2837 1336 2888 ὲν
1374 2840 1487 2900 τοῖς
1528 2841 1777 2910 ἀποῤῥή-

197 2935 317 2982 τοις
340 2921 552 2973 ἐκείνου
576 2925 668 2976 καὶ
687 2926 924 2987 ἀνοσίοις
941 2927 1360 2996 τελισκομένους
1380 2929 1774 2998 τελεστηρίοις,

197 3009 381 3061 ταῦτα
436 3013 530 3063 καὶ
594 3015 925 3083 φρονοῦσινθ
987 3018 1078 3070 ἐπὶ
1156 3019 1366 3081 τούτοις
1417 3022 1467 3072 oi
1525 3020 1776 3089 δύστηνοι

199 3101 527 3171 στέργουσιν
615 3106 1005 3178 ὲναυεηθὲντες
1079 3109 1176 3162 καὶ
1247 3111 1772 3181 τελεσφορηθέντεςο

1955 1188 2043 1242 64.
2093 1188 2216 1244 Ilaec
2259 1199 2312 1244 et
2360 1191 2444 1246 his
2475 1193 2672 1248 similia
2703 1211 2768 1250 ex
2806 1197 2948 1252 malo
2978 1199 3159 1256 cordis
3207 1201 3460 1260 thesauro

1885 1287 2233 1342 eruetantes,
2299 1291 2504 1334 rectum
2565 1292 2808 1338 nostrum
2867 1296 2921 1340 et
2981 1288 3459 1358 irreprehensibile

1883 1367 2073 1435 dogma
2110 1368 2358 1433 irrident,
2390 1373 2658 1442 simulque
2683 1374 2792 1429 Deo
2817 1378 3035 1434 odibilis
3063 1379 3323 1437 Montanae
3353 1384 3458 1439 ﬁde

1894 1459 2228 1527 gloriantur:
2283 1461 2598 1520 felicitatem
2651 1467 2922 1535 jactantes
2979 1485 3101 1526 esse
3156 1476 3456 1543 nequitiam

1889 1550 2006 1617 ejus
2031 1589 2044 1613 ,
2077 1562 2258 1620 utpote
2289 1569 2353 1608 ex
2390 1554 2492 1610 hac
2529 1559 2664 1612 bene
2698 1559 2888 1614 nutriti
2919 1600 2934 1624 ,
2971 1571 3026 1615 et
3061 1563 3458 1623 abundantiore

1888 1644 2039 1710 copia
2073 1655 2182 1697 tum
2218 1646 2456 1700 triticum
2488 1657 2595 1702 ttnn
2627 1654 2934 1706 necessaria
2963 1655 3065 1708 alia
3095 1657 3456 1730 redimentes;

1888 1749 2062 1802 neque
2107 1735 2158 1788 id
2191 1748 2470 1808 acceptum
2519 1741 2783 1796 bonorum
2816 1747 3059 1800 omnium
3105 1753 3314 1806 auctori
3347 1752 3455 1807 Deo

1892 1827 2206 1891 referentes,
2243 1844 2418 1897 neque
2451 1831 2570 1884 vita:
2605 1844 2801 1888 nostra:
2833 1838 3096 1902 provisori
3129 1850 3181 1894 et
3211 1845 3451 1899 curatori

1886 1917 2113 1984 gratiam
2147 1919 2458 1973 reddentes.
2505 1923 2729 1979 Deﬁciet
2761 1943 2857 1982 nos
2892 1937 3103 1998 tempus
3131 1943 3293 2001 atque
3319 1949 3448 1988 ora-

1887 2008 1963 2060 tio
2001 2009 2046 2062 si
2081 2010 2205 2063 talia
2238 2026 2650 2082 persequentur.
2681 2017 2811 2071 Nam
2849 2036 2969 2090 qua:
3009 2023 3204 2094 lingua:
3234 2038 3455 2094 possent

1887 2099 2079 2152 horum
2115 2104 2527 2168 perversitatem
2573 2107 2944 2179 malitiamque
2970 2117 3274 2170 enarrare?
3305 2117 3453 2172 Satis

1884 2199 1966 2242 est
1997 2207 2158 2244 unum
2191 2194 2364 2248 instar
2393 2197 2635 2251 omnium
2677 2199 2743 2252 ad
2775 2201 3080 2258 universam
3124 2220 3234 2260 rem
3268 2209 3450 2263 deri..-

1887 2281 2108 2334 randam
2140 2283 2322 2337 dicere
2356 2306 2367 2338 :
2398 2302 2416 2335 ι
2457 2284 2715 2341 Malorum
2742 2291 3023 2347 ductorum
3060 2297 3216 2351 mala:
3245 2299 3451 2355 doctri«

1884 2383 2001 2433 me;
2030 2369 2110 2421 vel
2145 2370 2408 2425 malorum
2440 2375 2708 2430 seminum
2743 2379 2881 2431 mala
2905 2394 3080 2451 seges.
3122 2402 3140 2435 ι
3177 2383 3309 2440 Nam
3333 2405 3453 2458 qum

1884 2459 2006 2514 illos
2041 2460 2317 2531 Evangelii
2349 2467 2699 2522 adversarius
2728 2511 2740 2535 ,
2780 2485 2923 2526 Verte
2969 2475 3248 2544 religionis
3279 2479 3452 2535 hostis

1881 2560 1934 2605 et
1965 2563 2209 2621 apostata
2234 2596 2248 2620 ,
2282 2556 2616 2611 zizaniorum
2646 2571 2814 2628 sator,
2850 2563 2900 2615 in
2935 2568 3148 2622 areanis
3187 2572 3299 2624 suis
3328 2585 3450 2626 sce-

1880 2643 2141 2713 lestisque
2161 2647 2558 2704 initiationibus
2573 2653 2772 2718 docuit,
2790 2656 2902 2710 haec
2927 2668 3106 2714 mente
3125 2663 3381 2733 retinent,
3398 2667 3449 2720 in

1882 2735 1965 2789 his
2017 2736 2268 2791 lat-tantur
2324 2741 2504 2796 miseri
2558 2759 2617 2798 se
2665 2757 3060 2805 consectaneus
3119 2754 3446 2812 adolevisse.

1879 2827 2104 2884 Acerba:
2146 2831 2493 2899 exitiosazqtte
2541 2835 2711 2903 spina:
2754 2848 2945 2894 contra
3002 2841 3302 2899 Ecclesiam
3357 2849 3447 2904 Dei

1879 2931 2306 2986 succreverunt,
2343 2939 2537 2992 purum
2573 2927 2958 3000 sincerumque
3010 2934 3227 3002 pietatis
3260 2953 3447 2995 semen

1879 3011 2226 3068 snlI‘ocantes.
2261 3015 2411 3071 Ilanc
2434 3021 2578 3072 enim
2613 3019 2682 3074 ob
2719 3036 2938 3076 causam
2963 3040 3059 3080 eos
3081 3027 3327 3084 diabolus
3353 3047 3450 3086 ex-

1877 3106 2064 3159 citavit
2091 3107 2372 3175 subulcos,
2404 3110 2702 3180 opiliones,
2731 3114 3027 3181 bubuleos,
3061 3120 3227 3187 harae,
3265 3123 3446 3179 stabu-

199 3195 404 3263 πικραὶ
448 3196 542 3247 καὶ
584 3197 867 3266 λοιμιῦδεις
917 3199 1153 3252 ἄκανθαι
1186 3204 1251 3270 τῇ
1315 3201 1613 3273 Ἐκκλησία
1671 3202 1765 3255 τοῦ
1797 3212 1839 3270 c

1797 3212 1839 3270 ε
1876 3196 2046 3250 lorum
2071 3239 2088 3264 ,
2115 3201 2400 3267 capriliunt
2427 3243 2442 3268 ,
2477 3213 2532 3257 et
2566 3205 2858 3273 cujuslibet
2888 3209 3046 3278 hujus
3086 3212 3243 3284 133
3274 3231 3443 3284 gene-

196 3283 340 3336 Θεοῦ
389 3287 845 3356 παραπεφύκασι,
885 3291 978 3342 τὸν
1021 3291 1264 3361 καθαρὸν
1294 3293 1391 3345 καὶ
1437 3294 1622 3346 ἄδολον
1673 3296 1773 3365 τῆς

196 3372 492 3437 εὐσεϐείας
565 3377 1093 3449 καταλυμαινόμενοι
1147 3381 1390 3451 σπόρον·
1441 3385 1529 3452 ἐφ’
1578 3378 1623 3450 ᾧ
1664 3386 1772 3456 γὰρ

197 3459 404 3523 αὐτοὺς
460 3465 816 3535 συοφορόοὺς,
877 3469 1180 3539 μηλοὸότας
1216 3489 1275 3525 τε
1327 3474 1422 3525 καὶ
1458 3473 1768 3545 βοονόμους,

196 3555 300 3623 τῆς
355 3555 645 3620 συοόοσίας
699 3562 790 3611 καὶ
834 3560 945 3613 τῶν
984 3561 1316 3629 βοοστασίων
1350 3567 1443 3616 καὶ
1478 3565 1764 3629 αἰπολίων,

198 3642 298 3696 καὶ
337 3644 442 3714 τῆς
477 3647 646 3718 ἄλλης
696 3651 1022 3722 συνήγειρεν
1062 3652 1286 3720 ἀλογίας
1332 3655 1428 3707 καὶ
1459 3655 1765 3726 ἀκοσμίας·

193 3735 342 3789 ὥστε
398 3740 598 3801 αὐτοὺς
650 3741 947 3810 κτηνὼδεις
991 3759 1053 3810 γε
1104 3744 1266 3808 ὄντας
1329 3748 1423 3799 καὶ
1479 3747 1770 3816 ἀγροικίας

199 3827 414 3890 ίκανῶς
469 3829 718 3898 ἔχοντας,
773 3832 866 3884 καὶ
919 3831 1070 3894 θείας
1116 3835 1318 3903 ἥκιστα
1363 3837 1768 3904 μετεσχηκότας

192 3916 484 3983 γνώσεως,
529 3920 904 3991 ὑπηρετήσειν
929 3923 1094 3976 αὑτοῦ
1125 3925 1234 3986 τοῖς
1266 3923 1447 3986 ἀθέοις
1478 3927 1570 3978 καὶ
1596 3943 1764 3997 πονη-

193 4009 313 4076 ροῖς
338 4010 740 4079 ἐπιτηδεύμασι
765 4013 860 4065 καὶ
887 4011 1210 4082 θελήμασιν.
1237 4015 1294 4065 ἑν
1328 4014 1502 4083 τούτῳ
1533 4016 1680 4086 αὐτῷ
1707 4018 1767 4069 τὸ

189 4102 474 4170 χρήσιμον
501 4104 883 4173 ἀπηνέγκαντο
902 4105 1115 4167 ’ὅπλοις
1131 4105 1240 4174 γὰρ
1273 4107 1456 4170 αὐτοῖς
1475 4109 1568 4159 καὶ
1595 4109 1765 4178 ὀργά-

190 4208 304 4254 νοις
338 4194 638 4263 ἐχρήσατο,
667 4195 727 4246 οὑ
753 4195 1061 4265 βαρϐάρους
1081 4195 1487 4264 τροπώσασθαι,
1513 4198 1612 4250 οὐκ
1637 4199 1761 4269 ἔθνη

191 4284 590 4354 χειρώσασθαι,
624 4287 682 4338 οὐ
700 4285 882 4354 χώραν
899 4286 994 4356 τὴν
1018 4287 1286 4354 πολεμίαν
1314 4287 1591 4358 ὐπόφορον
1609 4291 1765 4360 ποιή-

193 4373 420 4434 σασθαι.
450 4374 550 4427 οὐκ
567 4374 696 4428 ἄλλο
721 4376 873 4429 οὐδὲν
903 4379 1040 4430 κατά
1066 4377 1175 4429 τῶν
1196 4377 1514 4431 ἀντιπάλων
1544 4395 1759 4448 κατωρ-

191 4466 431 4520 θωκέναι
453 4484 467 4497 ·
492 4467 628 4520 ἀλλά
664 4469 772 4520 πᾶν
800 4468 862 4520 τὸ
896 4469 1134 4530 εὐσεϐὲς,
1159 4469 1282 4522 καθ’
1309 4463 1384 4523 ὧν
1445 4471 1647 4534 αὐτοὺς
1679 4471 1763 4535 ἐξ·

1876 3290 1952 3344 ris
1981 3290 2225 3346 colluviei
2251 3296 2806 3362 atqueimmunditiae,
2832 3309 2884 3354 ιιι
2913 3301 2964 3355 Ιιί
2997 3305 3202 3360 scilicet
3223 3308 3443 3364 belluini

1873 3382 2275 3451 plurimumque
2329 3388 2580 3441 ruditatis
2628 3390 2929 3457 habentes,
2990 3392 3195 3465 Deique
3247 3403 3440 3455 netitia

1873 3475 2103 3527 maxime
2129 3476 2311 3540 alieni,
2347 3479 2526 3544 pravis
2551 3481 2670 3548 ejus
2698 3493 2751 3538 et
2793 3485 3118 3556 irreligiosis
3154 3491 3350 3546 studiis
3378 3510 3442 3547 ac

1872 3563 2237 3619 voluntatibus
2273 3567 2674 3636 subservirent,
2708 3571 2759 3625 in
2803 3574 2905 3628 hoc
2948 3575 2995 3628 ei
3050 3579 3442 3646 gratiﬁcantes.

1870 3652 2046 3713 Instar
2073 3656 2277 3726 quippe
2299 3672 2575 3714 armorum
2617 3672 2669 3716 et
2705 3662 3193 3724 instrumentorum
3226 3671 3310 3726 his
3341 3674 3438 3727 ho-

1869 3745 2104 3802 minibus
2147 3749 2351 3804 abusus
2401 3760 2516 3815 est,
2560 3768 2667 3808 ιιοιι
2710 3755 2776 3809 ad
2831 3757 3093 3816 barbaros
3140 3761 3440 3833 lugandos,

1869 3849 2058 3905 gentes
2085 3840 2412 3906 domandas,
2443 3843 2721 3911 regionem
2761 3846 3009 3903 hostilem
3041 3853 3140 3906 sub
3178 3854 3440 3910 tributum

1870 3930 2236 4000 redigendam,
2262 3932 2475 3989 aliudve
2497 3938 2790 4007 quidquam
2817 3940 3078 3998 adversus
3100 3943 3282 3999 hostes
3305 3945 3442 4002 bene

1867 4022 2161 4085 gerendum
2183 4061 2196 4082 ,
2228 4022 2322 4075 sed
2350 4023 2416 4074 ad
2446 4024 2704 4090 pietatem
2735 4041 2948 4082 omnem
2981 4069 2996 4093 ,
3049 4040 3240 4086 contra
3274 4048 3436 4102 quam

1865 4108 1987 4162 Illos
2015 4113 2245 4165 armavit
2275 4153 2289 4176 ,
2333 4117 2748 4183 expugnandam
2795 4134 2812 4172 :
2839 4127 2920 4182 ut,
2951 4129 3204 4191 tauquam
3235 4125 3436 4180 arietes

1865 4202 2099 4256 murales
2131 4203 2444 4268 admovens,
2475 4205 2677 4261 Christi
2715 4208 3007 4266 Ecclesiam
3043 4228 3138 4283 per
3182 4230 3274 4269 eos
3303 4233 3438 4286 qua-

1869 4301 2036 4354 teret,
2073 4300 2126 4344 et
2163 4295 2404 4363 symbola
2445 4309 2508 4349 ac
2540 4310 2885 4353 monumenta
2928 4302 3187 4358 salutaris
3222 4305 3435 4360 Domini

1865 4381 2285 4446 incarnationis,
2320 4387 2483 4455 impie
2517 4397 2566 4442 et
2602 4389 2806 4445 luriose
2835 4393 3125 4448 admodum
3157 4398 3436 4453 subverte-

1868 4485 1964 4528 ret.
2014 4473 2308 4544 Propterea
2354 4481 2672 4548 templornm
2721 4484 3100 4552 spoliationem
3148 4503 3212 4542 ac
3246 4490 3432 4558 profa-

187 4555 397 4610 ὥπλισε
423 4559 882 4628 παραστήσασθαι
901 4560 1020 4612 ’καὶ
1043 4560 1290 4629 καθάπερ
1315 4562 1558 4630 μηχανὰς
1581 4561 1764 4615 ἑλεπό-
1794 4542 1840 4602 θ

1763 4542 1840 4602 κθ
1869 4542 2143 4620 nationem
2191 4565 2468 4622 Matnonas
2506 4586 2669 4624 ausos
2715 4583 2830 4637 est,
2871 4584 2926 4628 et
2967 4575 3272 4631 habitacula
3320 4581 3429 4634 da:-

187 4646 300 4709 λεις
326 4647 672 4715 ἑπαγόμενος
721 4649 820 4716 τὴν
856 4648 1092 4716 Χριστοῦ
1133 4649 1459 4720 Ἐκκλησίαν
1482 4651 1546 4702 δι’
1583 4651 1763 4704 αὐτῶν

185 4737 566 4807 ἑκπορθῆσαι,
603 4738 670 4791 τά
716 4755 774 4790 τε
807 4738 1051 4807 σύμϐολα
1107 4742 1200 4793 καὶ
1245 4743 1612 4810 ὑπομνήματα
1664 4742 1762 4810 τῆς

188 4831 470 4898 σωτηρίου
513 4829 679 4881 αὐτοῦ
709 4831 1044 4899 οἰκονομίας,
1081 4832 1257 4894 ἀθέως
1296 4834 1388 4885 καὶ
1422 4834 1561 4901 ἄγαν
1600 4851 1757 4902 μανι-

183 4921 295 4982 κῶς
347 4921 864 4990 καταστρέψασθαι·
929 4922 1132 4975 τούτων
1195 4925 1401 4987 ἕνεκεν,
1487 4924 1758 4993 ίεροσυλία

183 5013 385 5082 ἐκείνῳ
419 5013 748 5084 τετόλμηται
789 5013 884 5065 καὶ
919 5014 1026 5066 τῶν
1061 5013 1220 5068 θείων
1246 5015 1388 5070 ναῶν
1413 5017 1713 5086 βεϐήλωσις
1741 5033 1754 5046 ·

183 5105 487 5174 οἱκητήρια
539 5105 647 5176 γὰρ
696 5108 880 5160 αὐτῶν
919 5109 986 5161 τὰ
1028 5109 1363 5179 μοναστήρια
1422 5108 1754 5178 πεποίηκεν

1869 4673 2085 4711 montnn
2126 4673 2190 4712 ex
2236 4663 2578 4716 monasteriis
2609 4663 2826 4729 ell'eeit;
2858 4666 3070 4721 stabula
3108 4677 3268 4740 atque
3293 4679 3434 4726 ster-

1866 4749 2088 4816 quilinia
2121 4751 2171 4803 in
2212 4752 2454 4807 ecclesiis
2488 4754 2578 4807 Dei
2613 4757 2830 4820 statuit;
2867 4773 3095 4826 quorum
3132 4759 3430 4814 facinorum

1869 4853 1996 4906 pars
2025 4850 2212 4895 nostro
2245 4842 2421 4897 adhuc
2457 4853 2694 4914 tempore
2728 4850 2985 4914 perdurat
3013 4851 3258 4906 visibilis.
3291 4852 3432 4906 Non-

1867 4927 2009 4980 nulla
2048 4928 2282 4997 dcniqne
2317 4946 2472 4984 sacra
2517 4935 2633 4986 loca
2682 4937 2845 4988 etiam
2883 4952 3015 4992 auro
3065 4950 3252 4994 contra
3300 4957 3430 4996 ven-

1865 5017 2031 5082 didit;
2069 5019 2229 5088 idqne
2253 5036 2580 5091 magnopere
2611 5025 2847 5080 clamant
2875 5027 3016 5082 Flori
3051 5037 3105 5084 et
3133 5029 3428 5087 Callistrati

1864 5111 2129 5180 appellata
2158 5114 2489 5168 monasteria
2526 5116 2577 5183 (7
2596 5118 2663 5185 ί).

187 5197 529 5250 ἱπποπάσια
569 5197 625 5252 δὲ
666 5199 760 5251 καὶ
828 5199 1118 5268 κοπρῶνας
1163 5200 1260 5261 τάς
1296 5198 1589 5269 ἐκκλησίας
1651 5199 1747 5252 τοῦ
1787 5200 1921 5254 Θεοῦ
1981 5205 2356 5271 κατεστήσατο
2386 5221 2400 5234 ·
2454 5200 2528 5263 ὧν
2591 5209 2658 5261 τὰ
2733 5212 3145 5282 περιττώματα,
3199 5215 3294 5266 καὶ
3343 5214 3426 5281 ἐφ’

184 5291 341 5360 ἡμῶν
377 5290 562 5344 αὐτῶν
585 5293 872 5363 διήρκεσεν
897 5295 1348 5365 ἐπιχρονίσανταο
1369 5292 1482 5346 ἔστι
1514 5293 1569 5348 δὲ
1599 5293 1634 5349 ἃ
1656 5297 1747 5349 καὶ
1785 5297 2008 5367 χρυσίου
2073 5298 2302 5354 ἀπέδοτο
2335 5304 2574 5371 σεμνεῖα,
2610 5304 2702 5355 καὶ
2763 5303 2925 5372 βοῶσι
2961 5307 3102 5378 μέγα
3125 5306 3190 5359 τὰ
3222 5303 3428 5358 ἐπώνυ-

188 5400 262 5454 μα
287 5383 517 5455 Φλώρου
556 5384 652 5437 καὶ
677 5385 1086 5457 Καλλιστράτου
1125 5386 1484 5457 μοναστήρια.

254 5540 303 5572 ’³
333 5539 541 5596 Jerem.
576 5555 717 5605 suv,
754 5539 939 5596 lii-l9.

259 5719 370 5784 (τι)
420 5716 624 5774 Horum
677 5719 1124 5774 monasteriorum
1168 5717 1354 5772 notitia
1424 5726 1506 5771 est
1545 5718 1596 5771 in
1643 5717 2092 5788 Constantinopoli
2161 5721 2501 5787 Christiana,
2554 5723 2646 5777 lib.
2702 5740 2773 5787 tv,
2845 5727 2929 5780 ed.
2975 5726 3145 5780 I’aris.
3184 5741 3236 5796 ρ.
3286 5727 3405 5799 155,

185 5800 234 5844 et
272 5786 369 5843 t56
