4220 6442
228 390 331 456 497

937 408 1561 497 ΑΝΤΙΒΒΗΕΤΙΟΗδ
1602 413 1691 473 ΙΙΙ
1732 415 1898 475 ADV.
1940 414 2530 476 CONS'I‘ANTINUM
2568 414 2780 477 COPR.
2830 469 2834 475 .

3383 414 3488 476 49‘?

260 478 280 497 .,
1062 481 1077 497 .

229 510 340 563 τῶν
386 513 915 586 κεκαλλωπισμένων
947 511 1204 586 σαλπίζει
1234 525 1376 593 μέγα
1417 526 1483 578 τὰ
1515 526 1803 595 πτώματα,

1909 526 2111 586 divina'.
2143 531 2321 599 Atque
2367 530 2478 584 haec
2511 530 2852 598 potissimum
2899 528 3183 587 calamitas
3235 531 3486 587 incubuit

228 604 265 656 ἃ
296 602 403 655 τῶν
437 606 748 661 ὑποδύντων
779 611 873 661 καὶ
905 615 1291 682 πεπιεσμένων
1332 617 1551 683 ἐγένετο
1580 617 1811 671 πολυάν-

227 694 353 761 δρια
375 713 389 726 ·
422 696 625 764 τάφους
654 700 764 779 γάρ
790 702 968 754 αὑτῶν
1000 707 1031 773 ἡ
1072 705 1354 776 θεόκριτος
1381 708 1503 777 δίκη
1540 709 1809 763 ἐπικατα-

1883 611 2064 675 “οἰι·οε
2098 622 2262 676 colles
2291 630 2345 677 et
2372 623 2675 675 eminentes
2704 622 2880 686 locos,
2918 637 3037 692 qua:
3078 639 3223 679 nunc
3266 641 3484 695 quoque

1920 710 2062 762 circa
2106 710 2307 780 regiam
2346 710 2530 765 urbem
2562 710 2751 764 rudera
2778 710 2980 778 jacent.
3017 753 3028 772 .

228 788 513 842 σεισθέντα
548 792 616 843 τὰ
660 793 951 863 δομήματα
989 794 1267 868 ἐσχεδίασε
1291 818 1303 831 ο
1335 802 1429 853 καὶ
1462 802 1624 855 τοῦτο
1697 803 1829 857 πολὺ
1874 803 2109 872 μάλιστα
2150 804 2213 856 τὸ
2252 803 2422 867 πάθος
2462 805 2778 875 κατέσκηψε
2862 808 3006 859 κατὰ
3046 794 3141 871 τὰς
3172 808 3364 877 λοφιᾶς
3396 804 3487 862 καὶ

226 879 296 930 τὰ
328 878 701 950 ὑπερκείμὲνα
723 886 918 953 χωρία,
955 887 990 939 ἃ
1013 887 1074 956 δὴ
1106 890 1246 941 κατὰ
1275 894 1333 941 τιὸ
1367 891 1636 960 βασίλειον
1666 893 1798 945 ἄστυ
1842 893 2002 963 μέχρι
2034 896 2272 964 σήμερον
2300 894 2516 963 ἐρείπια
2550 895 2859 965 βέϐληνται.
2888 879 2899 892 “

306 969 407 1033 ξεῖ.
448 975 520 1024 Οὑ
563 974 666 1043 μὴν
695 976 815 1027 οὐδὲ
852 978 919 1029 τὰ
949 980 1007 1042 ἐξ
1033 982 1201 1051 ἀέρος
1244 984 1473 1053 δείματα
1506 988 1822 1056 ὲπηρεμεῖν⁸

227 1063 260 1129 ἦ
297 1065 658 1133 Ξφησυχάζειν
708 1069 1067 1139 ὑϐριζομένου
1114 1074 1207 1126 τοῦ
1243 1078 1477 1130 Κτίστου
1520 1081 1801 1149 ἠνείχετο·

226 1152 406 1204 ἐδόκει
448 1154 555 1223 γὰρ
584 1160 698 1218 τοῖς
750 1159 808 1209 τὸ
848 1162 1101 1227 τηνικάδε
1151 1164 1479 1234 ἀνθρώποις,
1520 1170 1645 1230 τοὺς
1681 1170 1800 1221 κατ’

223 1244 456 1309 οὐρανὸν
500 1247 733 1317 ἀστέρας
788 1251 878 1302 ἐπὶ
924 1254 1027 1321 γῆς
1074 1255 1330 1325 ὲρῤίιρθαι
1374 1258 1619 1320 ἅπαντας
1667 1262 1803 1326 ῥαγ-

224 1333 427 1397 δαίωςς
477 1336 619 1390 οὕτω
650 1342 742 1393 καὶ
791 1340 1157 1411 συνεχέστατα
1204 1347 1299 1398 τοῦ
1335 1350 1520 1417 ἀερίου
1565 1350 1803 1413 πάθους,

222 1426 329 1477 ἀνὰ
370 1427 467 1496 τῆς
500 1431 828 1500 οἰκουμένης
858 1431 1012 1502 οἶμαι
1061 1437 1129 1488 τὰ
1174 1438 1386 1509 πέρατα
1421 1440 1618 1509 ἀθρόον
1651 1442 1805 1494 ἐκκε-

224 1520 461 1587 χυμένον
491 1538 502 1550 ·
528 1522 662 1589 ὁμοῦ
694 1525 802 1592 γὰρ
842 1527 928 1577 καὶ
962 1528 1102 1579 κατὰ
1126 1531 1320 1582 ταυτὸν
1344 1531 1398 1583 οἶ
1424 1548 1480 1582 τε
1503 1532 1601 1599 τὴν
1634 1533 1809 1603 Ἐῴαν

221 1611 279 1660 οῖ
306 1627 366 1661 τε
394 1610 492 1680 τὴν
529 1612 821 1685 Ἑσπερίαν
856 1618 1194 1689 διειληφότες
1230 1624 1471 1684 ἅπαντες
1500 1622 1680 1691 λῆξιν,
1715 1626 1810 1677 καὶ

220 1698 403 1754 ταῦτα
439 1704 707 1771 χειμῶνος
739 1706 857 1779 ῶρα
880 1712 972 1762 καὶ
997 1713 1190 1775 νυκτὸς
1217 1714 1607 1784 ἐπιγενομένης
1635 1716 1810 1784 ἑωρά-

1968 983 2066 1041 ’66.
2107 987 2210 1049 Sed
2260 1001 2433 1057 neque
2467 988 2607 1042 aeris
2638 998 2906 1053 terrores,
2942 990 3207 1044 Creatore
3241 992 3445 1050 olTensn
3469 1036 3485 1059 ,

1857 1074 1861 1079 ’
1911 1068 2194 1147 quiescere
2226 1093 2290 1131 ac
2312 1080 2473 1132 silere
2500 1088 2769 1147 poterant.
2808 1079 3145 1135 Videbantur
3176 1082 3322 1135 enim
3353 1093 3480 1140 tunc
3525 1102 3527 1105 '

1914 1170 2222 1224 hominibus
2257 1171 2330 1224 'de
2384 1171 2524 1225 cmlo
2567 1171 2744 1224 sidera
2790 1170 2840 1223 in
2876 1182 3073 1226 terram
3115 1189 3236 1226 eum
3281 1174 3482 1243 impetu

1912 1263 2091 1316 omnia
2126 1277 2313 1326 ruere,
2359 1257 2442 1316 'ita
2486 1264 2836 1317 continenter
2866 1257 3025 1317 aerea
3079 1266 3485 1331 perturbatione

1916 1368 2010 1422 per
2042 1354 2278 1407 universi
2328 1355 2475 1407 orbis
2510 1355 2773 1409 terminos
2820 1356 3001 1415 subito
3055 1356 3248 1410 diﬂ'usa
3282 1376 3297 1412 :
3328 1360 3484 1412 simul

1914 1443 2059 1495 enim
2123 1445 2421 1512 eodemque
2469 1453 2709 1513 tempore
2767 1455 2878 1498 tmn
2933 1446 3314 1509 Orientalium,
3373 1460 3484 1504 tum

1916 1535 2330 1602 llcspericarnm
2366 1536 2642 1604 regionum
2678 1537 2883 1602 inculte,
2920 1546 2973 1591 et
3006 1539 3184 1593 hieme
3216 1549 3269 1593 et
3298 1550 3482 1604 noctu,

1917 1626 2030 1679 haec
2063 1627 2178 1680 ﬁeri
2226 1626 2503 1680 videbant.
2548 1625 2657 1681 Nec
2712 1643 2840 1681 vero
2874 1628 3188 1697 quisquam,
3235 1640 3394 1698 prout
3430 1632 3482 1686 bi

1914 1720 2156 1787 praeclari
2190 1718 2395 1772 faciunt
2416 1760 2429 1783 ,
2461 1720 2702 1773 ccelestia
2738 1721 2872 1785 haec,
2901 1722 3189 1777 nebulosus
3220 1725 3483 1791 quosdam

224 1808 429 1845 κεσαν·
467 1798 560 1848 καὶ
598 1800 669 1868 μή
704 1816 785 1861 τις
829 1803 960 1870 ἡμῖν
1001 1805 1237 1857 ἐνταῦθα
1268 1806 1409 1858 κατὰ
1440 1808 1566 1870 τοὺς
1599 1808 1804 1871 δεινοὺς

1914 1813 2221 1880 densosque
2245 1827 2473 1880 vapores
2507 1811 2673 1866 fuisse
2700 1813 2938 1881 objiciat,
2969 1815 3163 1882 quibus
3198 1816 3343 1869 circa
3377 1824 3486 1869 ter.

220 1882 292 1932 τὰ
320 1885 599 1955 μετέωρα,
635 1890 943 1955 καπνώδεις
968 1894 1117 1957 τινὰς
1149 1896 1543 1966 ἀναθυμιάσεις
1574 1899 1667 1950 καὶ
1698 1917 1803 1951 πα-

195 1973 383 2041 -χείας
418 1976 864 2049 ἀντιπαρατιθεὶς
917 1985 1269 2053 προβαλέσθω
1292 2028 1308 2051 ,
1361 1989 1453 2057 ὑφ’
1488 1983 1563 2042 ὧν
1589 1992 1617 2043 ὁ
1646 1991 1805 2062 περί-

221 2082 379 2133 γειος
423 2069 917 2143 ὑποπιμπλάμενος
970 2075 1107 2146 ἀὴρ,
1139 2073 1257 2131 εἷτα
1287 2080 1426 2133 κατὰ
1457 2082 1555 2149 τὴν
1595 2082 1805 2137 οἰκείαν

160 2172 167 2181 ·
220 2161 403 2229 φορὰν
432 2162 597 2230 ὑψόσε
618 2164 977 2235 διαιρόμενος,
1006 2170 1099 2222 καὶ
1121 2172 1202 2233 εἰς
1239 2172 1332 2224 τὸν
1362 2170 1602 2243 αἰθέριον
1635 2174 1804 2245 ὑπερ·

218 2254 554 2322 εκχεόμενος
600 2257 780 2329 χῶρον
807 2302 821 2324 ,
881 2260 988 2313 ὑπό
1031 2279 1090 2314 τε
1125 2264 1225 2333 τῆς
1268 2264 1585 2327 ὲκκαύσεως
1637 2284 1807 2336 μετα-

218 2343 459 2412 ϐάλλων,
490 2350 616 2410 τοὺς
666 2349 992 2421 λεγομένους
1036 2354 1274 2424 ἀστέρας
1318 2356 1668 2427 διᾴττοντας,
1705 2358 1804 2421 τάς

215 2454 278 2489 τε
312 2438 539 2506 φλόγας,
573 2443 820 2505 καὶτοὺς
852 2444 1045 2509 δαλοὺς
1087 2448 1460 2519 καλουμένους
1494 2453 1802 2522 συνίστησι,

217 2528 473 2595 κομήτας
519 2547 576 2581 τε
616 2527 683 2583 αὖ
709 2569 725 2591 ,
766 2534 860 2584 καὶ
908 2534 1234 2601 πωγωνίας,
1283 2538 1378 2591 καὶ
1426 2540 1547 2592 ὅσα
1578 2539 1806 2596 τοιαῦτα.

218 2614 546 2685 ὑποφαίνειν
580 2619 788 2688 πέφυκε
826 2624 1083 2692 σχήματα
1104 2642 1117 2656 ο
1147 2625 1261 2679 ἀλλ’
1299 2622 1357 2680 εὗ
1395 2629 1529 2682 ίστω
1562 2631 1638 2694 ὡς
1680 2649 1803 2684 και-

216 2707 447 2775 νοτομία
478 2708 596 2760 τότε
628 2712 759 2781 περὶ
794 2713 863 2766 τά
898 2718 1139 2785 στοιχεῖα
1165 2718 1488 2787 γεγένηται·
1516 2723 1584 2774 τά
1609 2740 1668 2775 τε
1696 2726 1805 2794 γὰρ

220 2798 404 2867 μέτρα
434 2800 529 2850 καὶ
556 2800 652 2871 τὴν
674 2804 889 2856 ἑαυτῶν
912 2807 1068 2871 τάξιν
1098 2808 1395 2878 ὲκὸέὸηκε,
1422 2812 1481 2865 τὸ
1514 2815 1641 2884 περὶ
1668 2816 1804 2867 αὐτὰ

217 2889 398 2951 πάθος
435 2891 857 2967 ἐνδεικνύμενα,
890 2897 984 2950 καί
1018 2914 1136 2961 πως
1180 2900 1381 2971 ἑαυτὴν
1416 2904 1448 2971 ἠ
1491 2904 1668 2968 κτίσις
1712 2925 1805 2977 μι-

220 2981 408 3049 μεῖται
436 3026 448 3044 ,
484 2983 561 3046 ὡς
612 2985 681 3037 ἂν
721 2988 857 3056 μηδὲ
908 2989 1143 3043 ἐνταῦθα
1188 2992 1285 3043 τοῦ
1342 2995 1541 3046 παθεῖν
1589 2998 1806 3049 ἀπολεί-

218 3088 400 3136 ποιτο,
438 3076 472 3143 ἣ
503 3076 597 3128 καὶ
626 3076 767 3129 κατὰ
793 3078 856 3131 τὸ
886 3080 1057 3143 πάθος
1090 3066 1330 3151 Χριστοῦ
1362 3084 1419 3135 τὸ
1447 3084 1534 3138 διὰ
1564 3087 1801 3157 σταυροῦ

1914 1919 2028 1958 ram
2054 1919 2147 1958 aer
2172 1903 2422 1967 refertus,
2449 1904 2641 1957 deinde
2667 1920 2766 1958 suo
2794 1906 3010 1973 preprio
3036 1922 3198 1960 cursu
3234 1909 3285 1959 in
3313 1908 3480 1961 altum

1913 1995 2112 2063 elatus,
2160 2005 2215 2050 et
2269 1996 2323 2049 in
2380 1996 2601 2050 aetheris
2642 1990 2933 2065 permistns
2994 1997 3248 2067 regione,
3304 2000 3485 2054 calore

1912 2099 2191 2156 concepto,
2244 2087 2315 2141 ita
2352 2087 2495 2141 dicta
2526 2097 2671 2140 astra
2715 2087 3073 2140 discnrrentia
3122 2087 3386 2153 ellecerit,
3428 2102 3483 2143 et

1914 2178 2120 2232 faculas
2169 2187 2221 2230 et
2250 2178 2466 2231 titiones
2512 2176 2838 2245 appellatos,
2885 2186 3126 2231 cometas
3160 2192 3395 2244 quoque,
3429 2187 3483 2231 et

1914 2270 2170 2324 barbatos
2237 2268 2593 2338 globulos,_et
2642 2282 2976 2336 qurecnnqne
3027 2266 3127 2321 alia
3181 2268 3481 2337 bujusmodi

1913 2360 2090 2416 solent
2155 2359 2502 2427 phamomena
2565 2371 2860 2424 apparere;
2937 2356 3031 2410 sed
3103 2358 3270 2424 probe
3346 2358 3482 2411 sciat

1913 2468 2110 2506 novum
2145 2466 2332 2504 revera
2385 2448 2588 2514 aliquid
2625 2458 2751 2501 tmte
2787 2448 2837 2500 in
2868 2446 3148 2501 elementis
3182 2449 3482 2507 exstitisse.

1913 2544 2122 2599 Etenim
2158 2542 2375 2597 modulo
2421 2541 2581 2595 solito
2628 2551 2791 2609 atque
2843 2540 3036 2594 ordine
3092 2552 3480 2605 excesserunt,

1911 2633 2153 2687 dolerent
2200 2646 2355 2685 suum
2400 2631 2468 2684 ob
2503 2644 2595 2683 eas
2644 2645 2731 2683 res
2764 2629 3126 2683 ostendentia.
3159 2630 3338 2699 Seque
3364 2632 3483 2699 ipsa

1911 2722 2312 2794 quodammodo
2341 2730 2532 2775 natura
2565 2721 2895 2783 innitebatur,
2926 2730 2984 2774 ut
3015 2736 3083 2775 ne
3121 2730 3230 2774 tum
3259 2722 3478 2790 quidem

1912 2815 2021 2883 pati
2055 2814 2367 2874 omitteret,
2416 2826 2534 2881 quae
2581 2811 2799 2866 Christo
2839 2812 3133 2866 salutarem
3169 2815 3479 2883 passionem

1915 2906 1966 2958 in
1997 2919 2156 2958 cruce
2203 2904 2460 2967 obeunte,
2496 2902 2742 2957 Creatori
2772 2918 2868 2957 suo
2901 2919 2964 2957 ac
2997 2903 3223 2959 Domino
3252 2905 3479 2972 patienti
3563 2948 3567 2951 .

1914 3009 2193 3059 compassa
2229 2993 2437 3057 fuerat;
2485 3007 2592 3063 quo
2636 3001 2878 3062 tempore
2912 2994 3199 3049 luminaria
3236 2994 3477 3049 coelestia

1914 3082 2145 3135 invicem
2196 3091 2629 3148 concurrerunt,
2672 3084 3015 3152 tenebraeque
3048 3085 3276 3140 insolita:
3302 3095 3355 3138 et
3399 3085 3482 3138 iu-

216 3164 277 3214 τὸ
309 3167 581 3234 σωτήριον
602 3209 617 3231 ,
654 3167 730 3237 τῷ
751 3170 958 3240 Κτίστῃ
981 3172 1074 3223 καὶ
1099 3174 1344 3245 Δεσπότῃ
1373 3176 1678 3247 συνέπασχε
1704 3180 1804 3234 πά-

1916 3174 2280 3241 ιειηιροειίναι,
2327 3173 2502 3227 diurni
2544 3173 2766 3228 luminis
2802 3175 2998 3229 seriem
3045 3177 3477 3246 interrnperunt,

218 3267 405 3321 σχοντι
436 3296 449 3316 ,
487 3256 647 3325 ἡνίκα
680 3258 970 3327 φωστῆρες
1006 3262 1321 3330 παραδόξοις
1387 3266 1641 3335 ἀλλήλοις
1676 3286 1800 3321 συν-

216 3344 467 3414 έτρεχον,
493 3348 587 3401 καὶ
622 3349 808 3412 σκότος
838 3350 986 3414 ξένον
1019 3353 1111 3403 καὶ
1135 3352 1337 3421 ἄωρον,
1371 3354 1431 3405 τὸ
1460 3357 1681 3425 συνεχὲς
1708 3356 1801 3410 τοῦ

218 3437 402 3503 φωτὸς
436 3439 535 3509 τῆς
572 3441 791 3510 ἡμέρας
827 3441 1119 3506 διέκοπτε,
1171 3445 1264 3495 καὶ
1298 3444 1495 3513 πέτραι
1539 3445 1799 3517 διερρήγ-

1908 3275 1964 3320 et
2015 3275 2180 3334 petra
2227 3264 2411 3319 scissa:
2457 3272 2618 3329 sunt,
2670 3274 2724 3317 et
2756 3264 3025 3331 patefacta
3083 3266 3366 3335 sepulcra,
3425 3277 3481 3321 et

1911 3357 2109 3412 mortui
2144 3356 2495 3421 revixerunt,
2528 3365 2582 3410 et
2614 3368 2881 3425 quorquot
2911 3358 3015 3411 alia
3069 3367 3198 3413 tunc
3236 3358 3479 3427 contige—

1910 3456 2057 3514 runt,
2085 3455 2284 3501 statum
2313 3461 2467 3499 suum
2500 3457 2747 3501 creatura
2782 3457 3037 3502 novante.

214 3544 397 3591 νυντο,
427 3528 522 3580 καὶ
558 3528 720 3595 τάφοι
744 3529 1043 3599 ὴνοίγοντο,
1076 3536 1167 3585 καὶ
1204 3534 1388 3604 νεκροὶ
1418 3532 1784 3602 ἐξανίσταντο,
1828 3536 1924 3591 καὶ
1959 3536 2130 3591 τᾶλλα
2197 3538 2301 3592 ὅσα
2339 3536 2622 3592 συνέϐαινε
2657 3540 3162 3610 καινοτομουμένης
3223 3541 3323 3611 τῆς
3355 3542 3475 3595 κτί-

216 3635 377 3678 σεως.

284 3708 529 3762 Τοιαῦτα
577 3711 826 3782 ἔγνωμεν
877 3717 970 3769 καὶ
1025 3719 1192 3772 πάλαι
1244 3722 1384 3775 κατὰ
1428 3722 1538 3775 τῶν
1583 3723 1795 3776 ἀσεϐῶν

212 3800 594 3869 ἀπειλούμενα
642 3804 736 3855 καὶ
775 3805 1107 3875 τελούμενα,
1152 3810 1392 3879 ὁπηνίκα
1438 3813 1507 3866 τὰ
1559 3816 1796 3884 στοιχεῖα

213 3890 486 3962 ὑπερόρια
526 3893 756 3959 γίνοιτο,
818 3899 930 3959 τοῖς
979 3897 1146 3962 θείοις
1210 3902 1628 3972 ὑπηρετοὺμενα
1677 3904 1796 3956 νεύ-

216 3996 422 4047 μασιν·
482 3982 775 4052 ἀπιστήσει
821 3984 867 4037 δ⁹
914 3986 1112 4050 οὐδεὶς,
1152 3988 1187 4058 ἢ
1230 3990 1377 4054 ὅστις
1437 3994 1536 4058 τὴν
1572 3994 1795 4060 ἄγνοιαν

210 4067 319 4120 τῶν
370 4068 467 4121 τοῦ
520 4069 653 4123 Θεοῦ
700 4074 988 4142 κριμάτων
1044 4078 1438 4149 ἡῤῥώστηκεν·
1503 4084 1632 4152 ἡμῖν
1683 4085 1792 4155 γὰρ

211 4161 471 4211 πειστέον
526 4164 643 4224 τοῖς
679 4167 1093 4235 γεγραμμένοις
1130 4170 1282 4239 παρὰ
1317 4171 1409 4224 τοῦ
1454 4174 1791 4243 Πνευματος,

209 4250 291 4303 ὅτι
336 4252 603 4317 amem
656 4256 1115 4325 πλησθήσογται
1153 4261 1370 4316 κακῶν.
1418 4264 1559 4316 Καί·
1591 4265 1795 4333 Ἀμαρ-

210 4340 506 4407 τάνοντας
534 4344 804 4407 διώξει-ται
857 4349 1032 4403 κακά.
1065 4353 1173 4403 Καὶ
1196 4394 1209 4417 ,
1265 4354 1363 4406 Ἐν
1394 4358 1572 4422 κακίᾳ
1606 4358 1792 4411 αὐτοῦ

208 4430 521 4486 ἀπολεῖται
550 4438 583 4489 ὁ
611 4437 857 4505 ἀσεϐής.
890 4441 997 4493 Καί
1020 4459 1033 4471 ·
1068 4443 1453 4499 Φυλάσσεται
1495 4452 1526 4501 ὀ
1566 4450 1793 4517 ἀσεϐὴς

210 4524 297 4587 εὶς
342 4522 576 4591 ἡμέραν
632 4502 844 4595 muniri.
885 4531 1027 4583 Καί·
1056 4535 1160 4599 Είς
1207 4536 1440 4590 κόλπον
1488 4502 1796 4609 ἐπέρχεται
1827 4502 1873 4556 D

210 4615 409 4669 πάντα
441 4618 565 4683 τοῖς
612 4620 864 4689 ἀδίκοις.
921 4627 1031 4679 Καὶ
1074 4629 1361 4697 πρόκειταί
1391 4634 1517 4702 γεή
1562 4634 1789 4702 Σοδομι-

211 4707 320 4760 τῶν
340 4749 356 4774 ,
383 4709 487 4775 τῆς
515 4710 663 4773 θείας
692 4715 862 4785 ὀργῆς
890 4716 1089 4787 δεῖγμα
1131 4722 1228 4773 καὶ⁴
1261 4722 1557 4792 παίδευμα,
1600 4725 1687 4791 ἐφ’
1721 4725 1789 4795 ἢν

210 4797 270 4850 τὸ
296 4798 637 4853 καταϐάσιον
659 4803 768 4872 πῦρ
795 4807 1210 4878 κατομὸρῆσαν,
1240 4812 1307 4864 τὰ
1328 4812 1543 4882 ἐκείνης
1574 4814 1789 4869 ἅπαντα

122 4932 125 4937 ,
214 4890 271 4938 ὲν
313 4888 505 4958 κύκλῳ
547 4892 1029 4965 καταὸοσκόμενον
1066 4898 1457 4971 ἀπετέφρωσεν
1482 4944 1495 4967 ,
1535 4898 1617 4966 οἷς
1652 4904 1787 4974 ὁμοῦ

213 4978 307 5031 καὶ
338 4980 449 5031 τῶν
487 4982 701 5053 ὁμόρων
760 4988 913 5050 τινὰς
956 4991 1019 5041 ὲκ
1068 4990 1285 5062 βάθρων
1327 4993 1506 5047 αὑτῶν
1546 5011 1787 5064 συγκατ-

214 5071 432 5141 ιδήδοκε
469 5074 675 5138 πόλεις,
694 5069 767 5130 ῶν
807 5080 975 5133 είσέτι
1013 5083 1105 5134 καὶ
1134 5082 1228 5135 νῦν
1255 5085 1328 5147 ῶς
1356 5102 1487 5154 φασι
1514 5088 1789 5158 τεκμήρια

209 5160 536 5225 διασώζεται
563 5181 577 5195 ·
612 5169 702 5219 καὶ
731 5168 933 5222 τούτων
964 5189 1027 5240 γε
1067 5173 1329 5243 πρότερον
1371 5178 1404 5247 ἡ
1439 5179 1785 5250 γεγενημένη

210 5251 285 5319 τῷ
321 5254 516 5325 κόσμῳ
556 5257 615 5322 ἐξ
654 5259 862 5314 ὑδάτων
896 5263 1200 5328 ἑπίκλυσις,
1231 5267 1355 5319 καθ’
1389 5268 1455 5338 ἢν
1492 5269 1520 5320 ὁ
1554 5269 1784 5332 ὑετίζων

212 5340 442 5407 ἐξαίσια,
478 5343 706 5399 ἄπλετον
730 5349 883 5418 ἠφίει
914 5352 1055 5405 κατὰ
1080 5353 1190 5408 τῶν
1211 5357 1610 5427 ἡμαρτηκότων
1629 5400 1642 5422 ,
1672 5359 1782 5410 τῶν

209 5429 373 5495 ξένων
405 5434 632 5489 ἐκείνων
662 5440 757 5491 καὶ
791 5443 1113 5511 παραδόξων
1141 5445 1365 5515 ὄμϐρων
1391 5448 1488 5520 τὴν
1518 5449 1740 5519 ἔκχυσιν
1766 5468 1779 5483 ο

210 5522 293 5575 δίε
328 5525 579 5578 κάτωθεν
626 5530 723 5597 μὲν
767 5532 822 5585 αἱ
869 5535 1040 5603 πηγαὶ
1071 5536 1169 5606 τῆς
1204 5537 1445 5592 ἀϐύσσου
1487 5542 1781 5611 περιερῤή-

211 5626 436 5680 γνυντο,
485 5615 719 5689 ὕπερθεν
764 5622 821 5675 δὲ
863 5623 970 5677 τῶν
1011 5626 1259 5696 οὐρανῶν
1300 5632 1347 5681 οί
1402 5632 1781 5703 καταρράκται

1977 3721 2101 3777 Haec
2131 3722 2335 3777 scimus
2359 3721 2487 3777 olim
2522 3736 2737 3792 quoque
2769 3725 2945 3791 impiis
2976 3725 3139 3779 Deum
3169 3728 3477 3783 commina-

1905 3822 2017 3866 tum
2042 3852 2057 3878 ,
2090 3822 2145 3867 et
2178 3826 2365 3881 reapse
2399 3812 2484 3867 his
2519 3814 2753 3882 impacta
2807 3814 2994 3879 fuisse,
3026 3831 3149 3870 cum
3201 3816 3480 3875 elementa.

1902 3904 2037 3959 lines
2062 3919 2190 3960 suos
2215 3914 2588 3968 excesserunt,
2619 3905 2819 3959 divinis
2843 3906 3195 3974 obsequentia
3228 3913 3470 3968 nutibus.

1902 3994 2181 4050 Dlscredet
2231 4006 2410 4049 autem
2466 4011 2645 4061 nemo,
2686 3997 2787 4050 nisi
2823 3997 2960 4051 forte
3010 3996 3105 4052 Dei
3137 3999 3474 4068 judiciorum

1900 4084 2206 4154 ignorantia
2235 4083 2465 4139 laborat.
2498 4084 2612 4139 Nos
2643 4086 2856 4154 quidem
2885 4087 3183 4155 Scripturis
3222 4104 3251 4143 a
3283 4102 3477 4146 sancto

1903 4176 2108 4244 Spiritu
2142 4176 2361 4231 dictatis
2409 4185 2622 4244 oportet
2655 4178 2897 4232 credere.
2934 4177 3098 4246 [mpii
3129 4180 3470 4247 replebunlur

1901 4266 2135 4321 malis".
2179 4265 2242 4319 Et
2285 4266 2606 4320 :Peccanles
2640 4280 3014 4337 persequentur
3066 4271 3210 4324 mala
3236 4271 3302 4329 ⁷⁷.
3356 4271 3421 4327 Ει
3452 4293 3466 4329 :

1900 4354 2101 4424 Impius
2144 4358 2197 4409 in
2231 4356 2437 4410 malitia
2477 4374 2572 4411 sua
2605 4359 2794 4424 peribit
2813 4360 2878 4413 ⁷⁸.
2918 4358 3028 4413 Et:
3066 4359 3380 4416 Reservalur
3400 4366 3484 4419 ad.
3561 4395 3567 4401 -

1900 4449 2035 4500 diem
2073 4448 2353 4501 malam".
2380 4449 2443 4503 Et
2484 4468 2496 4503 :
2536 4448 2603 4504 In
2649 4452 2824 4504 sinunt
2870 4462 3240 4508 convertentur
3279 4466 3469 4511 cuncta

1901 4539 2093 4607 iniquis
2114 4538 2181 4591 ⁸⁸.
2213 4538 2397 4593 Palam
2445 4550 2531 4594 est
2574 4552 2764 4595 contra
2800 4541 3111 4598 Sodomitas
3141 4546 3337 4600 divinae
3375 4549 3469 4602 ira:

1899 4630 2291 4686 demonstratio
2316 4642 2370 4686 et
2385 4634 2678 4703 correptio,
2704 4641 2826 4688 cum
2856 4636 3009 4703 ignea
3040 4636 3220 4705 pluvia
3244 4640 3466 4693 descen-

1896 4721 2068 4784 dens,
2105 4724 2289 4777 omnia
2342 4724 2579 4793 regionis
2639 4726 2755 4792 eius
2809 4726 3113 4782 circulatim
3168 4729 3464 4800 depascens
3552 4802 3553 4805 η

1895 4814 2102 4880 redegit
2132 4815 2185 4868 in
2214 4815 2487 4880 cinerem;
2509 4817 2834 4884 quibuscum
2862 4819 3219 4877 ﬁnitimorum
3246 4840 3465 4895 quoque

1895 4904 2179 4958 nonnullas
2236 4906 2397 4960 urbes
2453 4907 2593 4977 ignis
2649 4910 2983 4979 absumpsit,
3032 4928 3265 4981 quarum
3320 4932 3465 4972 nunc

1894 4996 2093 5059 adhuc,
2130 5004 2187 5050 ut
2213 4998 2387 5063 aiunt,
2435 4998 2633 5053 indicia
2667 5011 2985 5069 supersunt.
3023 5002 3164 5070 Quin
3212 5017 3267 5061 et
3299 5019 3459 5063 antea

1892 5101 2152 5154 aquarum
2181 5087 2440 5141 diluvium
2487 5092 2687 5145 mundo
2718 5105 3142 5166 supervenerat;
3179 5114 3287 5166 quo
3321 5110 3460 5152 tem-

1886 5192 2016 5248 pore
2061 5177 2295 5246 pluviale
2340 5181 2459 5234 sine
2500 5180 2605 5235 line
2650 5182 2871 5248 cmlum,
2914 5184 3234 5240 immensam
3294 5203 3457 5258 supra

1887 5280 2202 5336 peccatores
2227 5270 2563 5325 insolitarum
2586 5283 2747 5339 atque
2766 5274 3164 5331 incredibilium
3191 5294 3455 5347 aquarum

1888 5360 2096 5429 e0piam
2150 5359 2382 5415 elfndit:
2420 5377 2541 5417 cum
2586 5362 2798 5419 inferne
2848 5368 3030 5437 abyssi
3084 5369 3263 5425 fontes
3328 5385 3457 5427 sunt

1888 5450 2123 5519 dirupti,
2170 5465 2402 5519 superne
2469 5462 2650 5507 autem
2689 5455 2812 5510 caeli
2850 5468 3136 5514 cataracta
3171 5461 3454 5529 patefactae
3510 5528 3512 5531 τ

1888 5552 2051 5608 sunt,
2115 5543 2386 5598 universis
2434 5546 2662 5620 omnino
2701 5548 3078 5614 pereuntibus.
3131 5562 3187 5606 et
3237 5555 3453 5607 cunctis

1889 5642 2046 5688 terra:
2076 5635 2448 5690 cacuminibus
2483 5636 2693 5692 obrutis
2722 5654 2733 5690 :
2774 5652 2912 5692 unus
2947 5650 3125 5694 autem
3153 5642 3334 5710 justus
3370 5646 3452 5702 vir

278 5768 320 5797 "‘
358 5769 523 5824 Prov.
556 5786 652 5829 xtl.
676 5774 785 5827 2i.
845 5777 883 5807 ⁷⁷
919 5779 1079 5832 Prov.
1114 5795 1232 5845 ειη,
1258 5780 1345 5835 ει.
1424 5784 1466 5813 ⁷³
1499 5784 1655 5839 Prov.
1690 5801 1796 5852 MV,

1889 5827 1908 5842 η.
1988 5789 2029 5819 ’ν
2074 5789 2234 5843 Prov.
2266 5804 2374 5857 xw,
2408 5792 2489 5845 10.
2569 5792 2615 5824 ⁸⁸
2643 5791 2800 5847 Prov.
2839 5809 2949 5862 χιιι,
2984 5796 3077 5866 55,
3097 5797 3190 5853 Gr.
3286 5769 3290 5773 ’
