4220 6442
777 388 881 447 tua

1897 388 2306 447 NlCEi'llURl
2346 390 2850 450 l‘.\Tiil.-\l{tlll.'E
2890 392 3000 451 Cl’.

3915 403 4020 461 sua

777 511 896 545 ruta
945 492 1128 545 li'tet‘is
1160 502 1321 561 atque
1353 494 1665 547 mulieribus
1691 509 1811 544 :lt(‘.‘t
1858 495 2029 563 lignea
2062 509 2223 559 supra
2255 495 2319 547 de

2446 494 2740 563 διῴγνυντο
2758 535 2772 559 ,
2804 496 2976 566 ἄρδην
3004 496 3262 552 ἀπάντων
3292 499 3717 572 ἀπολλυμένων,
3760 508 3855 560 καὶ
3883 525 4019 561 παν-

775 586 913 638 latus
948 585 1235 640 incolumis
1264 585 1387 649 fuit,
1428 585 1563 639 alter
1596 585 1755 638 veluti
1793 586 2052 651 Adamns,
2094 584 2204 637 Deo
2233 586 2337 637 mi-

775 688 1028 739 serante,
1078 692 1142 729 ne
1179 677 1492 730 universum
1543 678 1592 729 in
1626 686 1769 729 terra
1819 675 2111 729 humanmn
2168 690 2339 743 genus

776 772 1053 821 (eliceret.
1090 770 1224 834 Quia
1276 769 1436 838 igitur
1488 768 1627 821 ltaud
1679 766 1829 834 juxta
1883 778 2087 819 natura!
2120 781 2338 819 cursum

778 859 863 912 illa
897 870 1219 921 evenerunt,
1270 875 1373 913 non
1425 860 1565 913 enim
1600 859 1734 911 lines
1775 873 1901 911 suos
1942 856 2186 911 cmlestia
2219 870 2336 909 ser-

774 961 1001 1015 \arunt,
1058 952 1189 1006 nihil
1232 951 1396 1005 vetuit
1442 950 1572 1019 quin
1626 960 1811 1018 postea
1861 950 1912 1000 in
1946 956 2145 1000 terram
2200 947 2340 1014 ignis

775 1042 1062 1112 snll‘urque
1135 1060 1164 1097 a
1234 1042 1460 1095 Domino
1512 1042 1751 1110 plueret,
1812 1039 2099 1106 subitoque
2153 1039 2338 1090 omnia

774 1144 1155 1186 exurerentur.
1213 1132 1408 1201 Utique
1439 1134 1751 1185 imminebat
1786 1128 2068 1183 manifeste
2112 1129 2205 1181 ira:
2241 1126 2340 1180 ful-

776 1240 922 1281 men.
956 1224 1056 1277 nisi
1110 1225 1199 1278 Dei
1258 1234 1381 1278 nota
1413 1225 1781 1292 prtevaluiSSet
1820 1220 1976 1291 135
2016 1220 2300 1272 cletnentia
2325 1258 2338 1281 ,

775 1328 895 1382 qua:
931 1316 1270 1383 peccantium
1304 1331 1516 1384 poenam
1551 1315 1666 1368 sine
1701 1315 1865 1366 dubio
1908 1311 2151 1371 distulit,
2195 1312 2340 1377 ipso-

776 1420 892 1458 rum
927 1406 1301 1473 pt'enitentiam
1351 1414 1697 1475 exspectans.
1744 1404 1848 1457 Sed
1895 1403 2039 1457 enim
2079 1401 2207 1454 mihi
2240 1402 2338 1454 bo-

706 1536 707 1539 η
775 1495 964 1548 dierna
1014 1507 1232 1564 peccata
1263 1497 1465 1564 majora
1499 1497 1669 1549 multo
1693 1496 1969 1549 sidentur.
2003 1493 2138 1559 Quia
2178 1491 2337 1561 prisci

776 1582 852 1636 illi
884 1584 1143 1637 adversus
1176 1595 1489 1639 creaturam
1533 1586 1895 1644 insanierunt,
1931 1583 1982 1635 hi
2015 1593 2203 1634 contra
2239 1581 2340 1633 Do-

777 1675 981 1726 minum
1034 1684 1295 1730 creatura:
1351 1678 1552 1730 rabiem
1594 1692 1747 1729 suatn
1804 1672 2188 1728 contumeliose
2241 1685 2341 1724 εχει

779 1778 1191 1831 prompserunt;
1228 1767 1406 1833 printo
1454 1764 1670 1833 quidem
1724 1765 1962 1817 divinum
2003 1776 2199 1832 corpus
2230 1776 2341 1817 ex-

2447 586 2537 648 τδς
2559 585 2842 655 οἰχομένου
2882 587 2974 640 τοῦ
3002 589 3144 659 ὑπὲρ
3171 591 3272 660 γῆν
3294 592 3747 665 ὲπαναστήματος
3767 613 3780 626 ·
3808 598 4018 663 δίκαιος

2447 675 2502 727 δὲ
2541 676 2698 744 μόνος
2750 677 2889 748 ἀνὴρ
2924 680 3113 732 παισὶν
3166 681 3284 745 ἄμα
3322 683 3418 735 καὶ
3462 685 3740 751 γυναιξὶν,
3780 689 3839 740 ἐν
3880 688 4022 759 ξύλῳ

2449 764 2586 833 ὑπὲρ
2639 765 2847 818 ὑδάτων
2892 768 3192 837 φερόμενος
3224 770 3549 838 διεσώζετο,
3593 770 3683 827 οἷά
3712 793 3796 841 τις
3850 768 4023 849 Ἆδάμ

2446 858 2802 925 χρηματίζων
2839 858 3112 931 δεύτερος,
3142 862 3277 915 Θεοῦ
3322 868 3811 941 κατοικτείραντος,
3846 870 3924 934 ὡς
3956 873 4023 925 ἂν

2451 948 2524 1015 μὴ
2573 948 2807 1015 πάμπαν
2840 949 3096 1004 ἀπολίποι
3147 952 3208 1004 τὸ
3253 954 3414 1021 γένος
3463 957 3527 1010 ὲκ
3560 959 3661 1027 γῆς
3702 960 3763 1011 τὸ
3803 961 4021 1028 ἀνθρὼ-

2446 1053 2621 1089 πειον.
2670 1037 2819 1090 Ἐπεὶ
2870 1036 2963 1092 οῦν
3000 1041 3061 1092 ού
3108 1042 3253 1094 κατά
3297 1043 3511 1111 φύσεως
3554 1048 3880 1101 ἀκολουθίαν
3923 1053 4019 1102 κά-

2447 1130 2600 1179 κεῖνα
2632 1129 2933 1198 ἐπράττετο
2970 1132 3064 1200 (οὐ
3093 1132 3202 1200 γὰρ
3235 1133 3405 1202 δήπου
3439 1137 3567 1198 τοὺς
3596 1139 3832 1201 οἰκείους
3864 1143 4023 1210 ὅρους

2445 1220 2714 1288 τετήρηκε
2734 1221 2797 1272 τά
2825 1222 3136 1292 μετάρσια),
3161 1223 3314 1275 οὐδὲν
3340 1224 3549 1277 ἐκώλυε
3581 1227 3675 1279 καὶ
3700 1224 3854 1291 αὖθις
3882 1230 4027 1282 κατά

2446 1307 2551 1376 γῆς
2584 1308 2773 1376 βρέξαι
2802 1310 3005 1378 Κύριον
3033 1310 3143 1380 πῦρ
3176 1314 3268 1365 καὶ
3299 1312 3441 1366 θεῖον
3468 1316 3618 1387 παρά
3648 1319 3854 1388 Κυρίου
3881 1362 3894 1379 ,
3929 1323 4023 1374 καὶ

2446 1398 2640 1466 ἀθρόον
2679 1400 2742 1450 ἂν
2785 1400 3145 1469 ἁπῃθάλωσεν
3186 1403 3403 1455 ἅπαντα
3429 1421 3442 1434 ·
3481 1409 3574 1458 καὶ
3607 1409 3714 1477 γὰρ
3745 1410 4024 1477 ἠπειλεῖτο

2449 1488 2635 1557 σαφῶς
2664 1488 2763 1557 τῆς
2797 1489 2968 1558 ὀργῆς
3014 1490 3074 1542 τὸ
3118 1495 3499 1564 πρηστήριον,
3548 1499 3596 1548 εί
3635 1498 3710 1568 μὴ
3739 1498 3831 1551 τοῦ
3882 1502 4023 1553 θεοῦ

2446 1580 2728 1649 νενίκηκεν
2763 1581 3022 1649 ἐμφανῶς
3059 1581 3120 1633 τὺ
3166 1583 3580 1653 φιλάνθρωπον,
3618 1583 3675 1650 ὃς
3714 1588 3810 1658 τὴν
3848 1608 4021 1660 τιμωρ

2450 1669 2569 1738 ρίαν
2617 1669 2713 1737 τὴν
2764 1672 2904 1722 κατά
2936 1670 3045 1724 τῶν
3094 1672 3445 1741 ἀνομούντων
3490 1678 3740 1745 ἐναργῶς
3791 1680 4024 1732 ἀνεϐάλ-

2445 1756 2596 1822 λετο,
2653 1759 3087 1827 ἀπεκδεχόμενος
3120 1761 3299 1812 αὐτῶν
3348 1763 3445 1832 τὴν
3497 1766 3806 1832 μετάνοιαν.
3862 1767 4024 1827 Ἀλλά

776 1858 1081 1910 cruciantes
1104 1858 1390 1926 crucisquc
1413 1859 1620 1911 acerba:
1644 1856 1761 1910 neci
1784 1855 2119 1922 addicentes,
2150 1853 2337 1906 deinde

2448 1864 2538 1916 μοι
2580 1847 2731 1900 δοκεῖ
2779 1847 2962 1918 πολλῷ
3005 1848 3178 1919 μείζω
3217 1850 3454 1904 ἐνταῦθα
3494 1854 3561 1906 τά
3604 1857 4020 1926 ἁμαρτήματα,

779 1946 1043 2001 adversus
1072 1947 1310 2013 ejusdem
1363 1949 1606 2016 corporis
1639 1962 1822 2002 sacras
1859 1946 2116 2016 imagines
2146 1944 2342 1999 debac—

778 2039 1027 2094 chantes.
1088 2041 1449 2107 Quamobrem
1512 2044 1651 2097 haud
1707 2058 1765 2096 se
1817 2044 2103 2097 continere
2157 2041 2341 2111 quieta

778 2131 1046 2186 elementa
1080 2145 1372 2203 potuerunt
1424 2136 1690 2192 Creatore
1733 2152 1832 2191 suo
1863 2134 2088 2200 oﬁ‘enso,
2118 2135 2210 2189 sed
2247 2135 2345 2187 do-

778 2223 947 2277 lorem
1000 2225 1273 2280 insolitum
1336 2229 1406 2283 ob
1462 2244 1581 2284 eam
1636 2229 1927 2282 novitatem
1978 2242 2137 2298 passa
2194 2234 2343 2279 sunt.

778 2313 1054 2372 Mittamus
1094 2319 1278 2373 dicere
1309 2330 1437 2390 quot
1470 2321 1647 2375 civilia
1693 2320 1827 2375 bella
1868 2321 1949 2374 lue
1985 2334 2162 2373 rerum
2197 2318 2343 2370 vices

778 2404 1039 2462 adversus
1064 2406 1403 2465 Christianos
1430 2413 1776 2477 concitarint,
1801 2428 1921 2483 qua:
1955 2412 2170 2480 longum
2198 2416 2343 2463 esset

778 2502 831 2547 et
860 2497 1306 2563 operosiSsimum
1341 2512 1622 2553 enarrare.

2447 1939 2676 2010 ἐπείπερ
2706 1941 2907 1992 ἐκεῖνοι
2940 1941 3038 2009 μὲν
3087 1944 3167 2005 είς
3209 1942 3309 2009 τὴν
3345 1944 3527 1997 κτίσιν
3573 1947 3881 2017 μεμηνότες
3922 1965 4025 2000 πεν

2447 2033 2844 2101 παρῳνήκασιν
2864 2073 2878 2098 ,
2909 2028 3055 2085 οὗτοι
3086 2033 3143 2086 δὲ
3175 2035 3317 2087 κατά
3347 2035 3439 2088 τοῦ
3472 2038 3743 2090 Δεσπότου
3770 2040 3870 2108 τῆς
3904 2042 4023 2091 κτί-

2449 2140 2586 2185 σεως
2612 2122 2999 2192 λελυττηκότες
3029 2124 3344 2197 ἐξύϐρισαν,
3374 2128 3640 2200 πρότερον
3666 2130 3763 2197 μὲν
3792 2132 3852 2182 το
3880 2130 4025 2183 θεῖον

2449 2215 2611 2284 σῶμα
2655 2216 2991 2285 αἰκιζόμενοι
3037 2218 3130 2270 καὶ
3183 2219 3404 2288 σταυρῷ
3452 2221 3664 2290 πικρῶς
3721 2222 4024 2277 καταδικά-

2451 2307 2635 2372 ζοντες
2656 2350 2667 2369 ,
2701 2307 2890 2360 ἔπειτα
2928 2307 2983 2360 δὲ
3013 2310 3090 2369 εἰς
3118 2311 3244 2371 τοὺς
3288 2310 3383 2363 τοῦ
3429 2311 3679 2381 σώματος
3715 2314 3893 2382 ἱεροὺς
3926 2316 4027 2383 ἐμ-

2449 2394 2834 2465 παροινοῦντες
2874 2395 3112 2459 τύπους·
3163 2396 3243 2449 διὸ
3305 2400 3407 2451 οῦκ
3453 2400 3638 2454 ἔσθενε
3672 2402 3739 2454 τὰ
3786 2406 4026 2471 στοιχεῖα

2449 2491 2533 2558 ἐφ’
2567 2489 2776 2542 ἑαυτῶν
2801 2493 3137 2561 κατηρεμεῖν
3170 2493 3527 2564 ὑϐριζομένου
3554 2496 3647 2549 τοῦ
3687 2497 3991 2561 κτίσαντος
4012 2538 4027 2559 ,

779 2587 950 2651 πάθος
986 2590 1043 2643 δὲ
1090 2593 1216 2661 περὶ
1262 2592 1401 2645 αὐτὰ
1447 2590 1920 2661 καινοτομούμενα
1965 2591 2229 2658 ὑφίστατο
2281 2586 2341 2639 τδ
2376 2581 2715 2653 παράδοξον·
2751 2582 2929 2652 ἐῶμεν
2994 2583 3175 2651 λέγειν
3210 2586 3357 2649 οἴους
3424 2588 3695 2657 πολέμους
3725 2592 4027 2658 ἐμφυλίους

778 2679 804 2729 6
838 2680 1034 2748 τρόπος
1089 2677 1241 2746 οὗτος
1289 2683 1431 2737 κατά
1474 2683 1813 2754 Χριστιανῶν
1860 2682 2216 2755 ἀνερρίπισε,
2253 2678 2346 2731 καὶ
2383 2672 2551 2728 τᾶλλα
2580 2673 2615 2726 ὃ.
2645 2676 2824 2741 λέγειν
2895 2676 3105 2746 μακρὸν
3131 2676 3196 2729 ἂν
3228 2675 3313 2745 εἴη
3347 2678 3441 2729 καὶ
3506 2678 3936 2746 ἐργωδέστατον.

849 2773 938 2824 67.
976 2773 1082 2828 Sed
1130 2776 1282 2830 valde
1322 2777 1593 2831 exsultant
1641 2778 1695 2831 hi
1750 2777 1973 2832 helluini
2025 2790 2090 2829 ac
2137 2772 2340 2834 stolidi,

781 2863 935 2930 quasi
992 2865 1273 2932 prosperis
1324 2868 1669 2922 successibus
1721 2866 2004 2930 ﬂorentes,
2061 2873 2116 2919 et
2160 2878 2348 2932 super-

781 2953 954 3007 bittnt.
988 2955 1058 3007 At
1094 2956 1237 3009 enim
1271 2970 1389 3025 quas
1431 2958 1610 3027 lingua
1664 2967 1964 3027 temporum
2003 2958 2214 3011 illorum
2252 2970 2344 3021 pe-

785 3047 1024 3110 nuriam,
1050 3056 1105 3103 et
1128 3063 1193 3102 ex
1220 3050 1440 3118 penuria
1470 3050 1807 3105 calamitates
1835 3051 2038 3119 tragice
2071 3047 2348 3102 narrabit?

2522 2765 2619 2831 ξζ’.
2688 2766 2847 2818 Ἀλλά
2895 2767 3037 2835 μέγα
3090 2770 3465 2839 κομπάζουσιν
3510 2771 3559 2822 oi
3606 2771 3901 2841 κτηνὼδεις
3937 2775 4031 2828 καὶ

2453 2856 2623 2920 ὄντως
2658 2857 2907 2927 ἀνόητοι,
2963 2859 3039 2921 ὡς
3076 2861 3140 2929 δὴ
3180 2862 3299 2923 ταῖς
3344 2862 3667 2931 εὐημερίαις
3707 2864 4031 2935 ὲνευθηνού-

2458 2964 2629 3017 μενοι,
2664 2951 2757 3001 καὶ
2814 2948 3201 3018 βρενθύονται·
3252 2952 3378 3004 ποία
3424 2952 3649 3018 γλῶσσα
3710 2956 4030 3027 10%;:qu-

2455 3039 2630 3092 καῦτα
2682 3040 2896 3110 λιμοὺς,
2952 3041 3045 3094 καὶ
3091 3044 3189 3105 τὰς
3242 3045 3305 3096 ὲκ
3356 3044 3464 3096 τῶν
3514 3045 3691 3114 λιμῶν
3739 3050 4030 3118 συμφορὰς

785 3134 908 3189 Fuit
964 3138 1105 3189 enim
1160 3152 1351 3205 reapse
1402 3138 1572 3193 fames
1624 3140 1865 3193 omnium
1922 3139 2243 3209 gravissima
2293 3147 2337 3189 et

2451 3129 2915 3200 ὲκτραγῳδήσειε;
2950 3132 3135 3200 Λιμῶν
3164 3132 3271 3201 γὰρ
3314 3130 3379 3203 ἦν
3417 3136 3445 3186 6
3475 3135 3778 3199 δεινότατος
3815 3139 3912 3190 καὶ
3943 3158 4030 3190 πι-

786 3228 1173 3293 acerhissima,
1224 3245 1344 3298 qum
1393 3245 1566 3299 neque
1608 3240 1874 3299 praesente
1923 3231 2020 3283 hac
2060 3229 2170 3299 jam
2214 3228 2349 3280 inci-

785 3319 989 3386 piente,
1036 3333 1210 3387 neque
1254 3320 1487 3387 antiquis
1515 3320 1654 3388 apud
1694 3320 1982 3373 historicos
2013 3318 2348 3381 memoratis,

788 3410 965 3463 minor
1004 3410 1242 3476 exstitit;
1282 3422 1444 3479 atque
1477 3413 1622 3466 illam
1663 3428 1785 3481 quae
1830 3411 2352 3482 llierosolymitanos

786 3501 1039 3555 obsessos
1077 3502 1370 3569 corripuit,
1406 3517 1569 3571 prope
1593 3504 1915 3572 exmquavit.
1950 3502 2080 3556 Nam
2116 3513 2168 3555 et
2203 3502 2311 3554 illic
2336 3542 2353 3567 ,

787 3597 847 3641 ttt
894 3601 1147 3653 narrant,
1190 3593 1333 3645 l'ame
1381 3607 1581 3661 pressm
1631 3594 2059 3661 excruciatrque
2114 3592 2355 3646 infelices

790 3691 993 3733 matres
1044 3692 1227 3749 partus
1264 3684 1464 3752 proprii
1511 3698 1704 3737 carnes
1755 3685 2140 3737 miserabiliter
2168 3698 2353 3752 gusta-

788 3784 915 3826 runt
937 3811 952 3836 ,
983 3783 1172 3826 natura
1221 3775 1303 3828 sui
1336 3776 1720 3844 propemodunt
1749 3777 1938 3831 oblita.
1983 3777 2046 3830 Et
2081 3777 2220 3839 apud
2257 3793 2356 3831 nos

787 3863 1332 3918 eadem-calatttilate
1403 3866 1608 3920 adactae
1670 3868 1875 3921 ventris
1930 3870 2012 3920 sui
2060 3867 2203 3921 fetus
2237 3883 2356 3920 tnu-

789 3950 950 4006 liercs
989 3968 1307 4007 il‘l‘tllllllOSil:
1352 3956 1684 4021 vendentes,
1719 3957 1897 4010 cibmn
1931 3958 2032 4010 sibi
2066 3972 2131 4010 ex
2185 3960 2357 4011 visce-

789 4059 908 4096 rum
958 4060 1178 4098 suurunt
1233 4047 1589 4101 distractione
1649 4050 1933 4100 curabant.
1990 4048 2157 4100 Aiunt
2208 4050 2353 4102 enim

789 4138 875 4189 vix
939 4137 1327 4205 quinquaginta
1375 4138 1557 4191 aureis
1610 4139 1775 4191 tritici
1837 4140 2074 4191 modium
2129 4141 2354 4206 penuria

789 4237 1066 4296 premente
1094 4227 1264 4280 coetui
1307 4229 1566 4294 potuisse.
1618 4228 1680 4282 Et
1709 4230 1818 4282 illic
1852 4231 2070 4298 quidem
2121 4230 2353 4283 hostium

794 4316 1055 4377 incursio,
1089 4315 1357 4368 diuturna:
1390 4317 1687 4370 obsidionis
1709 4320 1938 4386 spatium
1964 4361 1977 4384 ,
2033 4320 2181 4374 urbis
2226 4335 2355 4373 con-

789 4406 993 4468 clusio,
1051 4414 1305 4473 tanqnant
1353 4411 1484 4471 reti,
1520 4411 1585 4462 ab
1624 4413 1861 4464 exercitu
1903 4420 2105 4481 captae,
2136 4412 2355 4467 Calami-

2452 3220 2716 3288 κρότατος
2735 3262 2747 3283 ,
2784 3218 2905 3272 οὔτε
2944 3220 3037 3273 τοῦ
3066 3220 3159 3273 νῦν
3190 3222 3441 3275 ἐντεῦθεν
3468 3225 3839 3293 ἐναρξαμένου
3861 3269 3875 3288 ,
3903 3229 4025 3281 οὔτε

2452 3309 2561 3362 τῶν
2599 3311 2764 3363 πάλαι
2812 3314 3305 3382 μνημονευομένων
3349 3314 3381 3384 ἢ
3432 3316 3828 3386 ἱστορουμένων
3870 3320 4031 3372 ἐλατ-

2451 3400 2711 3471 τούμενος
2734 3442 2747 3464 ,
2783 3403 2877 3454 καὶ
2917 3403 3117 3473 μικροῦ
3151 3403 3225 3472 τῷ
3263 3404 3403 3457 κατὰ
3436 3405 3531 3476 τὴν
3579 3406 4032 3476 Ἱεροσολυμιτῶν

2456 3494 2824 3562 συνενεχθέντι
2855 3496 2985 3547 ποτὲ
3017 3496 3451 3566 παρισούμενος·
3486 3500 3645 3550 κάκεῖ
3673 3500 3772 3567 μὲν
3799 3501 3932 3568 γὰρ,
3956 3502 4031 3563 ὡς

2455 3582 2905 3653 ἀναγέγραπται,
2954 3585 3030 3651 τῷ
3073 3586 3216 3654 λιμῷ
3250 3584 3578 3656 πιεζόμεναι
3628 3590 3721 3639 καὶ
3776 3589 4033 3657 στροὸοὐι

2459 3688 2615 3742 μεναι
2649 3674 2896 3743 μητέρων
2927 3677 2982 3727 αἱ
3020 3675 3308 3745 δύστηνοι,
3345 3678 3510 3743 γονῆς
3561 3679 3767 3740 οίκείας
3806 3681 4033 3749 σαρκῶν

2456 3764 2705 3826 ἐλεεινῶς
2736 3766 3130 3833 ἁπεγεύσαντο,
3165 3767 3569 3837 ὲκλελησμένης
3600 3769 3797 3837 ἑαυτὴν
3839 3770 4033 3841 ῶσπερ

2454 3854 2555 3922 τῆς
2588 3854 2805 3922 φύσεως
2828 3872 2841 3886 ο
2873 3856 3149 3909 κάνταῦθα
3183 3860 3248 3926 τῇ
3288 3859 3421 3927 αὐτῇ
3469 3857 3899 3926 στρεϐλούμεναι
3935 3864 4033 3927 μα·

2458 3962 2631 4013 στιγι,
2674 3946 2739 3998 τὰ
2779 3947 2974 4013 ἔκγονα
3014 3950 3109 4016 τῆς
3152 3948 3356 4010 κοιλίας
3388 3952 3648 4016 γυναῖκες
3678 3950 4036 4017 ἀπεμποὶοῦο

2458 4052 2546 4088 σαι
2592 4036 2793 4099 ἄθλιαι,
2826 4040 3029 4108 τροφὴν
3073 4039 3207 4091 ἰδίαν
3251 4041 3355 4091 τῶν
3394 4042 3715 4109 σπλάγχνων
3747 4041 4035 4095 ἐποιοῦντο

2455 4127 2553 4197 τὴν
2579 4128 2970 4198 ἀλλοτρίωσιν·
3015 4132 3148 4198 φασὶ
3196 4133 3305 4203 γάρ
3365 4134 3517 4201 μάλις
3553 4135 3639 4185 καί
3698 4137 3776 4194 εἰς
3826 4138 4031 4204 πεντή-

2457 4233 2620 4269 κοντα
2665 4217 2900 4287 χρυσοῦς
2941 4219 3033 4270 τον
3059 4218 3150 4270 τοῦ
3204 4220 3352 4271 σίτου
3393 4220 3712 4284 ἐξωνεῖσθαι
3761 4222 3949 4289 μόδιον
4003 4226 4033 4289 ἡ

2456 4309 2659 4377 ἀπορία
2710 4310 3197 4378 συγκατηνάγκαςε
3224 4328 3236 4343 ·
3275 4314 3435 4364 κάκεῖ
3476 4314 3572 4381 μὲν
3600 4312 3707 4363 τῶν
3752 4312 4034 4382 πολεμίων

2455 4400 2488 4468 ἡ
2544 4398 2760 4467 ἔψοδος,
2809 4402 2902 4454 καὶ
2944 4401 3037 4453 τοῦ
3082 4404 3273 4472 χρόνου
3310 4405 3405 4473 τῆς
3450 4404 3805 4473 προσεδρείας
3832 4409 3861 4473 ἡ
3893 4424 4036 4475 παρ-

792 4500 920 4551 tatis
949 4499 1067 4565 ejus
1102 4510 1156 4552 et
1190 4500 1632 4553 inenarrabilium
1672 4503 1933 4556 malorunt
1968 4520 2147 4558 Causa:
2176 4517 2324 4558 erant

2456 4490 2620 4560 ολκὴ,
2655 4494 2747 4543 καὶ
2795 4494 2822 4543 6
2864 4494 3227 4561 συγκλεισμὸς
3280 4495 3377 4562 τῆς
3438 4495 3643 4556 πῦλεως
3699 4497 3776 4557 ὡς
3817 4497 3925 4547 ὑπὸ
3956 4498 4035 4548 δτ-

791 4591 945 4658 Apud
996 4606 1093 4643 nos
1148 4600 1325 4643 autem
1380 4605 1485 4644 non
1538 4589 1900 4647 Barbarorutn
1951 4595 2211 4659 incursio,
2252 4612 2355 4649 non

792 4681 1029 4733 hostium
1065 4679 1349 4742 adventus,
1398 4696 1501 4733 non
1568 4680 1702 4733 valla
1754 4683 1822 4734 ab
1870 4685 2201 4738 adversariis
2252 4686 2359 4740 cir-

792 4769 1090 4835 rtnnjccta,
1129 4784 1300 4837 neque
1333 4768 1477 4823 aliud
1516 4772 1795 4837 quodlibet
1824 4774 2089 4839 exterius,
2132 4774 2224 4827 sed
2276 4773 2357 4826 of-

794 4862 945 4915 fensa
981 4862 1135 4923 Iitles,
1182 4862 1468 4915 manifeste
1515 4863 1565 4915 id
1596 4863 1878 4916 efﬁciebat.
1928 4864 2059 4917 Nam
2094 4866 2183 4934 qui
2218 4867 2357 4932 apud

796 4968 894 5008 nos
927 4953 1190 5024 regnabat
1222 4962 1464 5022 apostata
1509 4965 1562 5007 ct
1595 4964 1875 5025 tyrannus,
1912 4957 2103 5025 quovis
2139 4958 2373 5013 inimico

792 5057 886 5100 aut
932 5049 1083 5101 hoste
1135 5063 1229 5115 per
1278 5064 1428 5102 suam
1467 5051 1793 5118 apostasiam
1846 5050 2106 5102 infensior
2150 5059 2268 5101 erat
2306 5059 2359 5103 et

792 5139 1053 5205 asperior.
1109 5137 1213 5191 Sed
1258 5137 1332 5190 illi
1370 5139 1586 5205 quidem
1628 5154 1848 5191 suorum
1887 5138 2152 5190 adversus
2186 5137 2341 5189 Chri-

793 5240 935 5284 stum
962 5229 1260 5283 facinorum
1287 5246 1474 5301 poenas
1505 5232 1744 5296 luerunt;
1774 5239 1828 5283 et
1857 5231 1909 5283 lti
1943 5231 2109 5283 nostri
2141 5231 2357 5297 paribus

794 5321 952 5375 tnalis
1010 5322 1205 5375 irretiti
1256 5322 1473 5375 fuerunt
1507 5341 1519 5375 :
1559 5335 1696 5375 unus
1756 5323 1950 5390 quippe
1995 5322 2244 5389 idemque
2293 5322 2358 5374 ab

795 5414 1061 5467 ambobus
1102 5411 1340 5466 olfensns
1389 5411 1586 5467 fuerat.
1624 5412 1749 5467 Ilaec
1797 5413 1993 5466 diVintP.
2025 5412 2245 5481 iustitiae
2281 5412 2356 5464 ira

796 5508 932 5569 fuit;
965 5505 1103 5558 itane
1134 5505 1225 5558 Dei
1254 5504 1555 5559 oﬂensores
1584 5504 1885 5558 mercedem
1920 5503 2067 5557 illinc
2098 5503 2355 5555 referunt.

795 5597 927 5664 Qua:
958 5594 1091 5649 nihil
1124 5596 1533 5650 considerantes
1562 5596 1761 5650 Christi
1801 5596 1984 5648 hostes
2005 5635 2020 5658 ,
2052 5596 2240 5648 nolunt
2280 5595 2359 5647 in-

797 5683 1060 5752 telligere,
1105 5684 1249 5753 quod
1300 5688 1444 5739 sicut
1487 5685 1616 5739 olim
1668 5683 1923 5738 Judaiens
1973 5686 2239 5754 populus,
2291 5686 2361 5739 ob

806 5775 1067 5833 Manassis
1100 5777 1409 5833 Judaaurum
1446 5770 1588 5847 regis
1613 5778 1872 5832 adversus
1905 5776 2068 5832 Deum
2102 5775 2355 5841 offensas,

2462 4583 2626 4635 κτύου
2652 4583 3065 4653 περισχεθείσης
3098 4587 3210 4645 τοῖς
3234 4584 3593 4653 π>.ἠοεσι,τῆς
3624 4590 3912 4654 συμςορᾶς
3943 4590 4035 4638 καὶ

2460 4671 2567 4723 τῶν
2606 4671 2793 4724 παθῶν
2826 4672 2933 4723 τῶν
2976 4673 3225 4743 ἀρρήτων
3264 4674 3321 4725 τὸ
3358 4674 3529 4725 αἴτιον
3555 4670 3656 4744 ἦν·
3689 4676 3934 4728 ἐνταῦθα
3981 4678 4035 4729 δὲ

2459 4761 2521 4813 οὐ
2571 4761 2861 4833 βαρϐάρων
2899 4763 3118 4830 ἔφοδος,
3162 4765 3221 4816 οὐ
3268 4765 3543 4834 πολεμίων
3596 4769 3887 4819 ἐπιστασία
3915 4809 3927 4828 ,
3976 4770 4036 4819 0‘.

2461 4852 2703 4922 χάρακες
2736 4854 2841 4906 ὑπὸ
2882 4854 3159 4922 δυσμενῶν
3192 4858 3249 4907 ὲν
3286 4854 3470 4924 κύκλῳ
3518 4858 3997 4925 περιπηγνύςιενοι
4022 4900 4035 4917 ,

2459 4943 2581 4995 οὐδὲ
2620 4944 2750 4996 ἄλλο
2778 4944 2883 4996 τῶν
2925 4945 3121 5009 ἔξωθεν
3161 4946 3424 4998 ἐπιόντων
3472 4947 3656 5006 οὐδὲν.
3693 4947 3751 4999 τὸ
3781 4949 3841 4999 δὲ
3887 4952 4032 5002 κατᾶ

2460 5037 2558 5104 τὴν
2589 5037 2771 5089 πίστιν
2821 5038 3058 5108 ἀδίκημα
3097 5041 3414 5109 περιφανῶς
3458 5039 3817 5092 διεδείκνυ-αο·
3855 5044 3881 5093 ὁ
3928 5045 4037 5113 γέρ

2462 5128 2810 5195 ἡγεμονεύων
2842 5130 2992 5193 ἐντὸς
3038 5132 3349 5200 ἀποστάτης
3382 5132 3476 5183 καὶ
3513 5131 3791 5201 τύραννος,
3827 5135 4035 5196 παντὸς

2459 5220 2657 5289 ἐχθροῦ
2694 5221 2786 5272 καὶ
2828 5222 3092 5290 πολεμίου
3131 5223 3215 5274 διὰ
3255 5222 3355 5292 τὴν
3393 5223 3731 5274 ἀποστασίαν
3767 5224 3794 5275 6
3837 5224 4037 5293 δυσμε-

2461 5311 2718 5375 νέστατος
2768 5308 2834 5382 ἦν
2866 5314 3281 5383 χαλεπώτατος·
3321 5314 3458 5367 ἀλλὰ
3494 5314 3736 5367 κάκεῖνοι
3786 5316 3902 5367 τῶν
3958 5321 4036 5380 εἰς

2461 5403 2695 5470 Χριστὸν
2730 5405 3096 5474 τολμημάτων
3142 5406 3239 5467 τὰς
3277 5404 3431 5466 δίκας
3460 5406 3717 5466 ὲτίννυον,
3747 5407 3841 5457 καὶ
3884 5402 4035 5460 οὗτοι

2461 5499 2546 5567 ἐφ’
2575 5501 2781 5567 ὁμοίοις
2825 5504 3015 5564 κακοίς
3055 5502 3299 5555 ἑάλωσαν
3326 5518 3339 5531 ·
3378 5496 3456 5564 εἷς
3490 5503 3597 5570 γαρ
3638 5496 3706 5571 ἦν
3743 5503 3800 5553 ὲν
3853 5505 4037 5573 ἀμφο-

2462 5590 2639 5658 τέροις
2670 5591 2698 5641 ὁ
2733 5590 3085 5660 ὑϐριζόμενος
3108 5608 3120 5620 ·
3157 5591 3381 5644 τοιαῦτα
3420 5592 3518 5660 μὲν
3542 5592 3608 5643 τὰ
3645 5593 3706 5643 ἐκ
3737 5593 3838 5661 τῆς
3879 5593 4037 5655 θείας

2462 5682 2617 5751 δίκης
2651 5684 2931 5752 μηνίματα
2952 5700 2967 5715 ’
3002 5681 3221 5736 τοιαῦτα
3265 5683 3320 5735 δὲ
3349 5684 3397 5735 oi
3428 5685 3504 5744 είς
3540 5682 3672 5734 Θεὸν
3698 5684 4038 5751 ἀνθμοῦντες

2465 5774 2530 5826 τὰ
2573 5773 2822 5845 ἐπίχειρα
2867 5775 3072 5828 ἐκεῖθεν
3101 5775 3446 5842 κομίζονται·
3491 5768 3565 5827 ῶν
3603 5774 3756 5826 οὐδὲν
3785 5773 4023 5829 inﬁmo
