4220 6442
216 373 315 438 501

903 391 1531 459 ANTIRRHETICUS
1567 399 1659 460 Ill
1699 401 1864 462 ADV.
1904 402 2501 467 CONSTANTINUM
2540 353 2751 467 COPR.

3361 406 3466 469 502

217 485 439 585 ροῦντες
465 487 514 540 oi
538 496 1058 565 χριστομαχοῦντες.
1095 505 1330 557 συνιδεῖν
1359 507 1459 560 οὐκ
1484 508 1786 575 ἐθέλουσιν,

1892 525 2078 580 pinnas
2118 515 2247 568 totis
2293 516 2645 585 quadraginta
2675 514 2836 570 annis
2884 513 3057 577 dedit,
3101 523 3157 568 et
3206 513 3468 584 plurimas

211 577 299 630 δτι
340 578 594 652 καθάπερ
647 585 819 639 πάλαι
856 590 886 641 ό
957 591 1249 659 Ἰουδαϊκδς
1276 597 1450 667 δῆμος
1472 636 1490 662 ,
1526 601 1635 654 τῶν
1669 603 1787 655 Μα-

214 673 385 741 νασσῇ
421 673 499 740 τῷ
548 673 816 732 Ἰουδαίων
853 681 1060 750 βασιλεῖ
1087 687 1169 749 είς
1213 687 1349 741 Θεὸν
1377 692 1785 761 πεπραγμένων

211 768 701 835 παρανομημάτων
738 771 895 835 δίκας
934 775 1020 843 ἐφ’
1051 777 1194 840 ὅλοις
1237 782 1652 852 τεσσαράκοντα
1684 783 1790 835 ἐδί-

209 853 374 906 δοσαν
417 857 595 923 ἐτεσι,
638 863 736 914 καὶ
767 864 1004 919 πλεῖστα
1035 868 1135 920 ὅσα
1186 870 1335 924 δεινά
1377 875 1472 927 καὶ
1514 873 1789 945 δυσφορώο

209 960 379 1007 τατα.
411 950 505 1000 κα)⁸
543 949 719 1004 ταῦτα
768 955 892 1008 καθ’
939 957 1033 1021 οὒς
1072 961 1299 1029 χρόνους
1324 963 1376 1015 oi
1412 965 1498 1017 ἐπ’
1539 965 1790 1036 εὐσεϐείᾳ

210 1037 309 1088 καὶ
347 1038 666 1114 δικαιοσύνῃ
726 1052 1216 1119 μεμαρτυρημένοι
1249 1055 1607 1123 ἡγεμόνευον,
1655 1054 1789 1109 ἑπα-

213 1140 344 1194 σχον
365 1144 378 1157 ·
412 1127 557 1182 οὓτω
579 1130 643 1202 δὴ
669 1136 764 1188 καὶ
793 1135 902 1188 τῶν
930 1137 1360 1210 δυσσεϐημάτων
1389 1143 1484 1195 καὶ
1508 1143 1791 1214 ἀνοσιουρ-
1850 1139 1854 1142 ⁴

210 1217 482 1286 νημάτων
515 1222 609 1275 τοῦ
643 1225 728 1293 ἐφ’
767 1227 925 1296 ήμῶν
965 1231 1234 1300 Μανασσῆ
1273 1232 1483 1294 ἕνεκεν,
1519 1235 1614 1287 καὶ
1659 1234 1790 1304 πρὶν

215 1305 318 1373 μὲν
373 1306 686 1382 βαρυτάτην
736 1316 977 1386 ἧνεγκαν
1023 1319 1344 1390 Χριστιανοὶ
1392 1323 1492 1394 τὴν
1543 1324 1792 1377 παιδείαν

211 1397 441 1464 ἀνωθεν,
473 1401 573 1472 ήδη
603 1405 660 1458 δέ
689 1408 784 1460 καὶ
811 1412 891 1472 είς
921 1410 1000 1464 ἐτι
1036 1413 1127 1465 καὶ
1157 1413 1252 1466 νῦν
1286 1418 1543 1485 φέρομεν,
1570 1418 1664 1468 καὶ
1692 1417 1791 1470 οὐκ

213 1486 283 1538 ἂν
339 1489 720 1561 ἀπολήξαιμεν
777 1499 1190 1568 παιδευόμενοι,
1233 1502 1338 1566 ἐως
1383 1505 1414 1574 ή
1466 1505 1656 1574 μνήμη
1696 1504 1788 1556 τοῦ

210 1574 510 1642 δυσσεϐοῦς
555 1585 648 1636 ἐπὶ
698 1586 952 1657 γλώσσης
997 1590 1108 1643 τῶν
1153 1594 1478 1665 ὁμοτρόπων
1528 1595 1743 1647 ἵσταται
1771 1609 1786 1624 °

211 1665 294 1718 διὸ
323 1670 420 1722 καὶ
449 1672 544 1725 νῦν
572 1675 830 1748 εὔκαιρον
860 1682 1036 1734 εἰπεῖν
1054 1699 1068 1713 ⁸
1091 1685 1200 1737 Καὶ
1238 1688 1270 1738 ό
1331 1685 1482 1751 λαὸς
1521 1687 1632 1751 οὐκ
1672 1687 1787 1741 ἁπ-

1890 601 2362 672 intolerandasque
2429 604 2765 658 calamitates
2833 605 3093 674 pertulit;
3163 615 3218 659 et
3280 620 3470 676 postea

1889 691 2090 754 etiam,
2137 694 2485 760 regnantibus
2520 695 2720 762 pietate
2769 695 3069 765 acjustitia
3118 695 3456 765 principibus

1890 782 2138 851 inclytis;
2188 783 2260 835 ita
2312 784 2516 851 pariter
2558 786 2628 840 ob
2663 786 3124 854 irreligiositatem
3159 796 3323 856 atque
3376 804 3463 842 ne-

1890 871 2114 938 quitiam
2175 871 2434 928 Manassis
2497 877 2702 941 nostri,
2753 886 2809 931 et
2874 886 3031 930 antea
3103 879 3462 946 gravissimas

1891 957 2187 1013 Christiani
2237 964 2445 1030 experti
2500 978 2625 1018 sunt
2658 967 3037 1034 correptiones
3060 1007 3075 1030 ,
3105 978 3159 1020 et
3204 985 3344 1022 nunc
3373 984 3471 1023 nos

1891 1051 2251 1117 perferimus,
2283 1067 2457 1122 neque
2499 1057 2623 1108 finis
2677 1057 3009 1126 corripiendi
3061 1060 3197 1123 erit‘,
3231 1063 3469 1127 quandiu

1892 1140 2036 1194 iulius
2069 1142 2217 1209 impii
2267 1145 2468 1198 mentio
2515 1146 2566 1198 in
2608 1157 3090 1201 consectaneorum
3119 1149 3298 1218 lingua
3342 1165 3462 1216 per-

1892 1231 2078 1285 stabit.
2124 1233 2302 1298 Quare
2333 1250 2473 1288 nunc
2519 1251 2734 1304 quoque
2763 1240 3082 1304 tempestive
3111 1239 3324 1293 dicetur
3353 1257 3365 1292 :
3405 1249 3460 1292 et

1895 1321 2124 1391 populus
2173 1340 2275 1377 non
2325 1335 2408 1379 est
2445 1343 2754 1392 conversus,
2791 1330 2954 1381 donec
3000 1329 3149 1382 clade
3181 1345 3461 1396 percussus

1893 1413 2028 1480 fuit;
2059 1422 2110 1466 et
2160 1414 2438 1466 Dominum
2490 1433 2590 1469 non
2642 1419 3110 1485 requisiverunt".
3148 1418 3287 1473 Ecce
3322 1420 3469 1473 enim

1892 1506 1959 1558 ab
1991 1506 2308 1558 orthodoxia
2352 1515 2656 1560 nostrorum
2679 1508 3008 1578 dogmatum,
3056 1518 3111 1562 et
3143 1510 3232 1563 Dei
3257 1509 3475 1578 iudiciis

1891 1597 2234 1650 damnantur.
2288 1597 2351 1650 Et
2401 1599 2776 1666 percutiuntur
2836 1599 3084 1670 quidem,
3123 1614 3229 1653 non
3286 1608 3467 1653 tamen

1891 1699 2302 1742 COIIVCHUIIIUI‘.

209 1763 484 1834 εστράςρη
518 1768 630 1835 ἕως
662 1772 921 1843 ἐπλήγη,
947 1778 1176 1832 καὶτὸν
1204 1783 1424 1848 Κύριον
1452 1784 1562 1835 οὐκ
1633 1781 2033 1849 ἐξεζτήτησανο
2054 1767 2058 1769 λ
2081 1783 2218 1836 ἀλλὰ
2285 1783 2384 1854 τῆς
2421 1785 2716 1857 εὐθύτητος
2785 1787 2894 1841 τῶν
2956 1789 3242 1859 ἡμετέρων
3266 1785 3476 1858 δογμά-

211 1873 346 1920 των,
377 1863 472 1914 καὶ
510 1865 620 1916 τῶν
663 1868 760 1922 τοῦ
789 1870 926 1925 Θεοῦ
958 1875 1247 1944 χριμάτων
1285 1877 1782 1950 καταψηφίζονται,
1826 1879 1921 1931 καὶ
1949 1879 2278 1948 πλήττονται
2316 1882 2414 1951 μὲν
2435 1921 2449 1945 ,
2485 1883 2586 1936 οὐκ
2613 1883 3023 1955 ἀποστρέφουσι
3050 1885 3129 1940 δέ.

287 1971 388 2042 ξτγ.
449 1976 516 2029 Ὀ
559 1977 616 2030 δὲ
663 1981 900 2049 μάλιστα
943 1984 1270 2057 θριαμϐεύει
1319 1991 1501 2043 αὐτῶν
1535 1991 1634 2061 τὴν
1667 1992 1794 2044 ἀσέ-

1967 1989 2056 2044 68.
2094 1990 2333 2061 Denique
2372 1994 2513 2062 quod
2546 1994 2626 2048 vel
2663 1995 2895 2048 maxime
2945 1995 3177 2050 istorum
3222 1996 3473 2064 impieta-

211 2061 403 2132 ϐειαν,
436 2065 636 2124 οὔκουν
669 2073 810 2128 ἑκών
848 2094 910 2144 γε
950 2078 1363 2152 ὑπερϐήσομαι.
1417 2081 1638 2153 Ἐπειδὴ
1687 2082 1796 2153 γὰρ

211 2157 272 2207 ἐν
293 2157 500 2227 ὀλίγοις
540 2165 654 2228 τοῖς
703 2167 940 2236 πρόσθεν
987 2173 1237 2245 χρόνοις,
1273 2175 1375 2245 τῆς
1421 2175 1507 2228 ἐπ’
1543 2175 1797 2247 εὐσεϐείᾳ

213 2252 662 2324 γνωριζομένης,
700 2261 795 2313 καὶ
825 2260 924 2332 τὴν
955 2265 1130 2337 ἀρχὴν
1152 2267 1253 2336 τὴν
1286 2267 1558 2338 βασίλειον
1587 2269 1800 2324 διεπού-

215 2356 318 2408 σης
355 2343 454 2412 (fi,
496 2346 862 2421 ἀξιοζήλωτόν
888 2347 960 2406 ’τε
1016 2357 1112 2409 καὶ
1149 2356 1330 2412 ἔνθεον
1383 2359 1622 2431 σπουδὴν
1669 2364 1800 2430 περὶ

213 2433 316 2507 τὴν
352 2437 475 2492 καθ’
515 2443 666 2510 ήμᾶς
714 2445 899 2499 πίστιν
944 2448 1398 2519 ἐπιδειξαμένης,
1441 2452 1727 2522 ἐξήγειρεν
1771 2453 1799 2506 ό

215 2529 354 2592 Θεὸς
397 2531 459 2584 τὸ
504 2533 741 2605 πνεῦμα,
789 2538 884 2591 καὶ
919 2538 1187 2612 θεοκρίτῳ
1228 2542 1425 2613 ψήφῳ,
1451 2544 1552 2614 τῆς
1587 2544 1800 2609 πόλεως

215 2626 385 2695 τῆσδε
419 2629 504 2698 ἐφ’
551 2624 620 2701 ἦς
656 2632 844 2697 κακῶς
882 2637 978 2688 καὶ
1011 2637 1188 2702 ἀθέως
1235 2638 1389 2708 παρά
1419 2639 1512 2692 τοῦ
1546 2639 1802 2710 ἠθροικό-

217 2735 316 2782 τος
345 2719 640 2791 ἐνίδρυντο,
671 2725 851 2789 καλῶς
879 2730 976 2779 καὶ
1008 2729 1204 2792 αἰσίως
1262 2729 1583 2802 ἐξώσθησαν
1603 2749 1616 2763 ·
1640 2751 1800 2803 περι-

223 2811 499 2882 αλώμενοι
528 2809 617 2868 οἷα
651 2817 924 2889 πλανῆτες
950 2821 1310 2891 περιεζήτουν
1342 2823 1658 2894 θρησκείαν,
1678 2826 1802 2879 καθ’

223 2905 292 2973 ἢν
319 2905 526 2969 είκόνες
558 2906 655 2961 καὶ
688 2909 1064 2981 ὑπομνήματα
1092 2913 1189 2982 τῆς
1217 2913 1456 2984 Χριστοῦ
1487 2914 1803 2984 οἰκονομίας

222 2995 327 3048 οὐκ
373 2997 795 3067 ἐμφανίζονται*
833 3002 1186 3074 εὑρίσκουσιν
1231 3004 1324 3058 οῦν
1357 3005 1420 3077 δή
1445 3005 1544 3078 τὴν
1589 3006 1802 3077 ἐρωμέ-

223 3105 328 3154 νην
362 3089 426 3142 ἐκ
469 3091 714 3156 πλείονος
757 3095 859 3165 τὴν
897 3096 1215 3166 Μανιχαίων
1257 3097 1322 3168 δὴ
1363 3098 1510 3168 λέγω
1545 3099 1804 3153 ἀπιστίαν

228 3177 326 3229 καὶ
361 3176 585 3245 ἀθεῖαν,
631 3182 726 3234 καὶ
770 3185 836 3253 τῇ
883 3183 1009 3256 δόξῃ
1056 3187 1122 3255 τῇ
1171 3185 1396 3237 ἐκείνων
1435 3185 1802 3255 συνᾴδουσαν,

229 3269 326 3321 καὶ
386 3268 454 3322 τά
503 3272 646 3326 κατά
693 3273 922 3344 γνώμην
975 3276 1161 3339 αὐτοῖς
1218 3276 1652 3347 ἐπιτρέπουσαν,
1711 3277 1805 3329 καὶ

1905 2092 2011 2136 tem
2041 2083 2211 2152 palam
2244 2085 2391 2149 facit,
2428 2086 2479 2140 id
2521 2102 2617 2156 ego
2651 2087 2774 2141 nolo
2806 2097 2998 2154 sponte
3027 2089 3302 2142 omittere.
3340 2088 3471 2141 Nam

1904 2175 2027 2242 quia
2074 2191 2276 2243 paucos
2313 2188 2439 2232 ante
2474 2194 2665 2241 annos,
2712 2179 2975 2248 principis
3005 2177 3217 2232 feminae
3239 2218 3254 2244 ,
3286 2180 3473 2233 ortho-

1904 2269 2076 2323 doxize
2108 2279 2433 2324 ornamento
2476 2272 2710 2342 inclytm,
2745 2271 2923 2340 regale
2954 2272 3228 2340 fastigium
3283 2281 3471 2325 tenen-

1906 2360 1994 2426 tis,
2057 2360 2255 2413 mirum
2311 2369 2363 2414 et
2421 2361 2662 2415 divinum
2732 2365 2970 2416 studium
3023 2378 3120 2430 pro
3153 2364 3256 2417 [ide
3287 2373 3471 2418 nostra

1904 2453 2227 2516 exserentis,
2263 2454 2513 2522 spiritum
2559 2454 2698 2508 Deus
2728 2456 3037 2517 suscitavit,
3075 2466 3238 2524 atque
3271 2456 3324 2510 hi
3357 2471 3476 2510 sce-

1905 2544 2053 2608 lesti,
2100 2545 2246 2600 edito
2289 2545 2551 2599 divinitus
2591 2547 2828 2610 decreto,
2882 2544 3041 2616 136
3071 2562 3134 2599 ex
3172 2549 3273 2602 hac
3314 2550 3474 2613 urbe,

1905 2651 2070 2706 quam
2123 2635 2259 2691 male
2307 2636 2716 2706 irreligioseque
2756 2637 3090 2700 insederant,
3127 2639 3264 2692 bene
3295 2638 3470 2691 felici-

1908 2735 2096 2796 terque
2133 2728 2274 2798 pulsi
2332 2725 2576 2794 fuerunt;
2632 2737 2878 2784 errantes
2933 2730 3276 2798 planetarum
3327 2746 3479 2785 more

1909 2829 2113 2873 sectam
2171 2819 2479 2887 religiosam
2546 2803 2895 2887 quaerebant,
2951 2823 3004 2875 in
3055 2836 3160 2887 qua
3217 2822 3482 2891 imagines

1909 2919 2366 2979 monumentaque
2410 2909 2614 2964 Christi
2649 2911 3042 2965 incarnationis
3086 2928 3192 2964 non
3246 2927 3476 2981 appare-

1910 3011 2049 3055 rent.
2086 2999 2412 3054 Invenerunt
2445 3011 2622 3054 autem
2657 3003 2905 3056 dilectam
2938 3002 3041 3056 sibi
3068 3000 3276 3070 jamdiu
3306 3002 3476 3056 Mani-

1909 3094 2180 3147 chaeorum
2244 3091 2677 3146 incredulitatem
2737 3100 2792 3146 et
2839 3091 3206 3158 atheismum,
3261 3107 3482 3161 suaeque

1909 3182 2192 3237 sententia:
2230 3195 2558 3245 consonam,
2607 3180 2925 3250 placitisque
2955 3182 3253 3248 faventem,
3303 3197 3478 3251 eaque

1913 3275 2195 3328 docentem
2243 3288 2470 3343 quorum
2513 3274 2610 3342 ipsi
2653 3274 2857 3342 jamdiu
2910 3273 3183 3330 desiderio
3210 3283 3263 3329 et
3292 3290 3481 3328 amore

227 3359 405 3414 ταῦτα
464 3363 905 3434 ἐπαγγέλλουσαν
959 3362 1155 3438 οἷσπερ
1201 3367 1392 3437 ἥδοντο
1448 3368 1540 3421 καὶ
1591 3368 1805 3438 ἔχαιρον

1916 3367 2253 3418 tenebantur.
2303 3364 2592 3432 Propterea
2644 3366 2887 3434 plerique
2932 3366 3162 3419 istorum
3196 3377 3482 3434 postquam

231 3453 518 3524 πόρρωθεν
542 3472 555 3486 ·
598 3455 685 3509 διά
721 3456 785 3527 δὴ
810 3458 985 3511 ταῦτα
1024 3459 1072 3511 oi
1110 3459 1328 3522 πλείους
1350 3460 1530 3512 αὐτῶν
1558 3459 1657 3529 τὴν
1687 3459 1809 3514 καθ’

229 3550 382 3617 ἡμᾶς
428 3548 719 3616 ὁμολογίαν
751 3548 1060 3617 όλοτρόπως
1093 3549 1388 3620 ἀπώμοτον
1425 3551 1808 3622 ποιησάμενοι,

1912 3456 2311 3511 confessionem
2348 3457 2679 3511 adamussim
2727 3468 2968 3511 nostram
3001 3456 3168 3525 jurati
3201 3456 3474 3522 fecerant,

1912 3557 2184 3615 postremo
2234 3549 2467 3602 vesaniae
2500 3549 2576 3602 illi
2627 3549 3010 3603 adhaeserunt:
3056 3549 3108 3601 in
3142 3563 3244 3616 qua
3291 3550 3484 3617 depre-

233 3638 420 3708 ἐκείνῃ
477 3641 542 3709 τῇ
597 3639 768 3710 λύσσῃ
823 3640 1152 3708 προσέθεντο
1201 3640 1425 3694 τέλεον·
1462 3643 1556 3712 ἀφ’
1604 3636 1678 3697 ὧν
1717 3642 1805 3697 καί

1915 3637 2070 3693 bensi
2102 3638 2338 3692 nonnulli
2382 3654 2693 3708 supremqu
2744 3640 3088 3708 supplicium,
3144 3649 3304 3709 prout
3341 3640 3486 3710 leges

232 3745 384 3792 τινες
433 3728 814 3798 φωραθέντες,
876 3729 1148 3799 τιμωρίας
1189 3730 1288 3794 τὰς
1339 3732 1616 3802 ἐσχάτας,
1653 3732 1720 3795 ἃς
1763 3733 1805 3785 ol

1909 3729 2123 3801 jubent,
2158 3730 2332 3802 gladio
2365 3732 2723 3789 animadversi
2756 3733 3058 3788 subierunt.

237 3819 394 3888 νόμοι
429 3819 765 3882 κελεύουσιν,
807 3819 992 3874 ἔτισαν
1019 3821 1096 3891 τῷ
1128 3820 1268 3890 ξίφει
1300 3823 1739 3892 παραδιδόμενοι.

311 3910 409 3976 ξθ’.
435 3911 654 3964 Τούτων
682 3911 710 3964 ὂ
737 3912 799 3981 δὴ
826 3912 1042 3966 πάντων
1063 3912 1447 3978 ἐλεεινότατον,
1474 3915 1571 3967 καὶ
1598 3913 1815 3985 θρήνων

239 4005 335 4057 καὶ
377 4003 636 4072 οἰμωγῶν
684 4006 780 4058 καὶ
818 4003 1071 4075 δακρύων
1117 4005 1268 4071 ἀξιον
1293 4021 1307 4036 ο
1358 4009 1472 4070 τοῖς
1501 4009 1817 4077 φρονήμασι

240 4094 472 4154 καὶτοῖς
501 4091 681 4159 λόγοις
709 4093 758 4144 oi.
782 4090 879 4146 νῦν
905 4093 1072 4163 ἱερεῖς
1108 4094 1411 4161 ὑπάγονται
1456 4097 1552 4149 καὶ
1590 4095 1816 4150 ἐπίσκο-

243 4199 338 4237 ποι
356 4183 451 4251 (g),
484 4183 581 4235 καὶ
607 4181 699 4246 οὒς
728 4182 831 4236 ἔδει
879 4182 955 4246 ὡς
997 4185 1316 4239 ἀπολωλότα
1375 4185 1623 4257 πρόϐατα
1693 4189 1818 4239 ἐπι-

247 4273 506 4342 στρέφειν
538 4272 632 4324 καὶ
657 4272 1110 4336 ἐπισκέπτεσθαι,
1144 4275 1328 4338 δεξιᾶς
1383 4278 1477 4329 καὶ
1519 4277 1820 4348 ἀριστερᾶς

243 4363 621 4436 ήμοιρηκὸτας
651 4363 928 4432 γνώσεως,
953 4366 1048 4419 καὶ
1079 4366 1177 4436 τῆς
1212 4366 1306 4419 τοῦ
1348 4366 1593 4439 Πονηροῦ
1648 4368 1822 4439 θήρας

246 4455 676 4524 ἁνθυπεξάγειν,
717 4458 861 4511 κατά
887 4457 1152 4528 κρημνῶν
1172 4476 1229 4510 τε
1263 4460 1357 4510 καὶ
1384 4457 1674 4529 βαράθρων
1722 4461 1822 4530 τῆς

247 4548 507 4609 ἀπιστίας
535 4547 902 4617 ὠθουμένους,
933 4548 1026 4616 ἀφ’
1050 4541 1125 4601 ὧν
1144 4547 1252 4612 καὶ,
1274 4547 1732 4617 παρακερδαίνειν
1755 4549 1805 4602 τέ

1928 4558 2108 4612 rathra
2175 4556 2507 4610 infidelitatis
2580 4554 2949 4624 propellunt;

1989 3923 2076 3978 69.
2117 3922 2212 3976 Est
2259 3931 2437 3975 autem
2478 3922 2716 3976 omnium
2772 3920 3170 3982 miserrimum,
3227 3927 3282 3973 et
3318 3917 3484 3982 luctu,

1917 4017 2140 4086 gemitu,
2172 4013 2532 4082 lacrymisque
2564 4012 2808 4083 dignum,
2857 4013 2998 4082 quod
3048 4015 3114 4066 ab
3146 4015 3339 4065 horum
3371 4013 3488 4078 opi-

1919 4110 2170 4164 nionibus
2224 4120 2386 4177 atque
2439 4106 2617 4161 verbis
2677 4107 2971 4161 transversi
3039 4115 3272 4175 aguntur
3327 4105 3485 4172 hujus

1921 4201 2182 4271 temporis
2210 4199 2518 4254 sacerdotes
2550 4209 2710 4266 atque
2738 4198 2973 4266 episcopi
3025 4196 3235 4266 (76-77)
3262 4215 3273 4249 :
3309 4204 3361 4251 et
3394 4196 3487 4264 qui

1921 4293 2180 4350 deberent
2213 4291 2449 4360 perditas
2487 4305 2615 4344 oves
2648 4303 2900 4343 revocare
2921 4296 2975 4342 et
2998 4288 3286 4354 inspicere,
3307 4295 3492 4352 utpote

1923 4392 2070 4438 recta
2119 4382 2417 4446 dextraque
2471 4377 2741 4432 sententia
2777 4378 3124 4440 deerrantes,
3180 4383 3235 4453 et
3283 4392 3310 4429 a
3350 4375 3492 4428 mala

1923 4469 2094 4524 bestia
2132 4469 2444 4529 retrahere,
2478 4466 2576 4521 has
2615 4475 2802 4520 contra
2839 4480 2934 4533 per
2965 4465 3259 4535 praecipitia
3290 4475 3345 4519 et
3393 4465 3492 4518 ba-

3018 4568 3140 4606 cuu.
3217 4557 3498 4621 oporteret

251 4639 489 4708 μέγιστα
518 4639 617 4707 τῆς
645 4638 919 4710 σωτηρίας
951 4639 1048 4708 τῆς
1083 4639 1308 4692 ἐκείνων
1339 4639 1524 4692 ἕνεκεν
1554 4638 1719 4708 ἐξῆν·
1769 4657 1798 4691 τ

253 4731 517 4754 _l.-_-.._-
544 4732 632 4754 ---ἱ
672 4731 723 4754 -ι
760 4730 1038 4754 --.ηε-9..--
1070 4749 1082 4754 -
1112 4733 1436 4754 η’-.ογ.-..γν-ι---
1476 4733 1618 4754 1—-..
1644 4747 1657 4754 -
1697 4730 1784 4754 ιλ-

1892 4710 1898 4743 ,
1929 4648 2106 4718 potius
2137 4647 2370 4700 maxima
2396 4645 2587 4700 salutis
2610 4643 2919 4712 adiumenta
2951 4643 3018 4698 ab
3044 4644 3127 4698 his
3153 4652 3494 4710 exspectare.

1934 4736 2029 4754 n,,!
2055 4737 2068 4754 ι
2104 4751 2126 4754 _
2153 4750 2252 4754 A,_-A
2310 4751 2418 4754 _-_,__
2456 4735 2520 4754 εξ-
2571 4733 2747 4754 --2.---
2799 4733 2878 4754 -.-1
2931 4732 3015 4754 ---2
3042 4734 3053 4754 Ι
3092 4733 3201 4754 .--με
3230 4732 3280 4754 Ιῐι
3302 4730 3325 4754 ⁸)
3353 4732 3463 4754 Ι“Α..

247 4731 523 4800 πάσχουσι
544 4732 637 4783 καὶ
670 4731 724 4784 τί
756 4730 1041 4800 συμϐαίνει
1069 4749 1084 4797 ;
1112 4733 1437 4786 Τοὺναντίον
1473 4733 1619 4786 ἆπαν
1644 4747 1657 4760 ·
1691 4730 1823 4785 ἁλο-

249 4822 488 4892 γώτεροι
509 4821 641 4892 περὶ
669 4822 846 4876 πάντα
867 4823 961 4875 καὶ
988 4823 1418 4893 κτηνωδέστεροι
1445 4822 1823 4892 καταληφθέν-

249 4932 346 4976 τες
375 4914 468 4967 ύπ⁹
519 4915 744 4968 ἐκείνων
797 4916 1267 4987 ἀντιθηρεύονται,
1303 4918 1397 4971 καὶ
1458 4916 1724 4988 μυοῦνται
1757 4917 1828 4970 τὰ

252 5005 613 5074 ἀθεσμα,καὶ
640 5009 706 5076 τῇ
754 5006 958 5076 χείρονι
1006 5008 1172 5078 μοίρᾳ
1221 5007 1714 5078 μεθαρμοζόμενοι,
1748 5009 1828 5070 είς

251 5094 346 5147 τὸν
376 5094 568 5163 ὅμοιον
596 5095 825 5160 ἐκείνοις
849 5096 944 5150 τοῦ
968 5096 1229 5168 βορϐόρου
1252 5099 1454 5152 λάκκον
1485 5101 1585 5170 τῆς
1620 5101 1826 5172 πλάνης

330 5269 376 5303 ⁸⁸
402 5268 503 5324 Isa.
536 5278 615 5334 ιι,
648 5271 736 5325 15.

333 5429 402 5499 (Γ)
435 5427 761 5498 lntelligitur
791 5429 882 5485 hic
914 5429 1088 5493 lrene,
1122 5445 1244 5500 quae
1276 5431 1436 5499 paulo
1467 5442 1589 5501 post
1621 5433 1835 5501 Cnprn-

260 5514 488 5572 nymum
530 5501 796 5572 regnavit,
842 5509 896 5554 et
943 5502 1173 5569 septima
1208 5501 1410 5554 indicta
1469 5504 1705 5570 generali
1749 5518 1840 5572 sy-

262 5569 410 5625 nodo
460 5569 920 5624 lconoclastarum
983 5572 1236 5625 baresim
1298 5569 1662 5626 damnandam
1743 5569 1839 5626 cu-

263 5638 429 5694 ravit.

1931 4736 2069 4802 Quid
2103 4750 2261 4805 porro
2302 4751 2424 4789 cum
2456 4735 2524 4789 iis
2569 4733 2769 4803 agitur,
2799 4733 2881 4786 vel
2926 4732 3054 4801 quid
3090 4730 3325 4784 accidit?
3353 4732 3497 4784 (Jon-

1933 4828 2156 4881 trarium
2209 4827 2441 4896 penitus.
2500 4824 2634 4880 Cum
2694 4823 3004 4878 hebetiores
3063 4823 3173 4877 sint
3221 4823 3498 4890 magisque

1932 4919 2206 4988 magistris
2233 4917 2346 4972 suis
2385 4916 2605 4984 pecudei
2627 4954 2642 4980 ,
2674 4916 2740 4970 ab
2790 4915 2876 4969 his
2915 4915 3094 4984 potius
3125 4915 3496 4983 decipiuntur,

1930 5020 1984 5064 et
2029 5010 2214 5064 illicita
2257 5009 2540 5071 docentur,
2578 5007 2834 5061 deteriori
2869 5006 3010 5076 parti
3057 5021 3115 5060 se
3159 5007 3496 5067 addicentes,

1932 5115 2082 5171 eque
2120 5115 2184 5154 ac
2230 5099 2304 5153 illi
2341 5099 2392 5152 in
2436 5099 2577 5156 caeni
2639 5100 2903 5170 gurgitem
2952 5098 3255 5166 praecipites
3316 5105 3504 5158 ruunt,

1941 5430 2108 5484 fuisse
2141 5430 2486 5498 iiopronymo
2516 5426 2881 5490 lconoclastze,
2916 5429 3043 5496 quin
3073 5428 3233 5498 etiam
3269 5427 3504 5496 pseudo-

1938 5503 2140 5571 synodo
2173 5497 2475 5571 Byzantina
2520 5513 2638 5551 eam
2694 5499 2940 5571 lugeri-sim
2984 5497 3504 5571 con_f_irntasse,_per-

1939 5566 2121 5638 spirue
2147 5566 2332 5622 narrat
2372 5568 2647 5621 Cedrenus
2676 5569 2761 5622 ed.
2796 5566 2970 5638 Paris.
3007 5579 3043 5621 t.
3075 5566 3139 5632 ll,
3181 5582 3232 5632 p.
3267 5566 3394 5620 465.

2011 5640 2218 5709 (76-77)
2252 5638 2490 5707 lntellige
2529 5639 2701 5709 potius
2740 5637 3022 5709 cpiscopus
3061 5638 3365 5709 suchoue
3405 5636 3507 5709 Ar-

341 5709 418 5776 (g)
448 5707 741 5777 Episcopo:
772 5708 1102 5777 complures,
1125 5710 1366 5779 duosque
1399 5711 1558 5764 etiam
1585 5712 1841 5764 ohlrusos
1942 5707 2097 5762 meno
2137 5710 2330 5779 iterum
2354 5709 2522 5760 factos
2544 5707 2926 5779 Iconoclastas,
2949 5724 3106 5776 quam
3133 5708 3249 5779 illos
3278 5708 3506 5772 pseudo-

267 5779 613 5850 patriarchas
637 5779 987 5836 Anastasium
1028 5790 1082 5836 et
1108 5777 1557 5847 Constantinum,
1596 5783 1842 5838 adulatos
1940 5782 2128 5847 synodi
2155 5781 2252 5834 sub
2290 5778 2652 5847 Copronymo,
2681 5777 2747 5831 de
2776 5779 2972 5846 quibus
3000 5779 3157 5832 modo
3176 5777 3428 5831 diximus.
