4220 6442
774 397 877 457 503

1802 392 1863 451 S.
1908 391 2319 450 NlCEl‘llORl
2360 387 2789 449 PATRIARCH
2822 387 2862 445 Ε
2901 387 3007 446 CP.

3917 376 4018 439 504

776 522 956 560 secum
1004 518 1226 574 cperunt
1268 502 1441 557 socios
1485 499 1777 563 abducunt,
1831 511 1882 555 et
1914 511 2188 570 tanquam-
2222 503 2336 555 esi-
2373 510 2413 563 Α

2373 497 3111 569 Ασυγκατακρημνίζονται,
3180 496 3267 548 καὶ
3322 495 3619 564 συνεργοὺς
3688 493 4015 561 ἐπάγονται.

780 598 992 652 Iialibns
1041 595 1411 648 instrumentis
1455 607 1671 645 suarum
1707 592 1967 646 adversus
2011 596 2343 647 orthodovos

776 684 1226 740 contumeliarum
1275 693 1434 749 atque
1484 681 1801 750 iniuriarum
1857 692 2098 734 utuntur.
2136 681 2345 750 Quippe

778 775 904 829 doni
954 774 1190 841 Spiritus
1244 771 1549 825 unctionem
1602 769 1817 837 penitus
1871 770 2233 837 abnegantes,
2291 780 2344 824 et

778 881 988 921 sacram
1041 863 1336 931 quamlibet
1399 864 1827 930 Canoniramque
1881 862 2119 930 regulam
2183 863 2344 916 abro-

779 961 1001 1020 gantes,
1060 959 1222 1019 atque
1271 949 1650 1003 ecclesiastica:
1701 952 1877 1003 omnis
1940 951 2342 1006 constitutionis

778 1042 1239 1110 urdinationisque
1281 1040 1467 1106 obliti,
1508 1042 1756 1094 civilibus
1791 1042 1994 1110 legibus
2026 1042 2343 1109 actibusque

779 1133 1004 1199 vivunt,
1036 1142 1089 1187 et
1135 1132 1421 1186 mundanis
1480 1132 1879 1201 magistratibus
1928 1142 2053 1185 sunt
2084 1132 2340 1195 obnoxii,

778 1232 834 1276 et
864 1224 1004 1275 victu
1027 1261 1043 1285 ,
1072 1224 1310 1275 moribus
1332 1261 1347 1286 ,
1380 1222 1823 1283 conversatione,
1849 1221 2099 1289 judieiis,
2136 1231 2344 1275 cunctis

780 1314 1010 1380 denique
1046 1313 1168 1366 vita:
1215 1312 1461 1374 actibus,
1515 1312 1599 1365 his
1643 1310 2018 1377 obtemperant
2061 1310 2128 1363 ab
2169 1310 2344 1377 iisque

783 1413 1059 1471 reguntur.
1106 1401 1213 1455 Sed
1264 1417 1369 1457 non
1418 1410 1500 1455 est
1536 1402 1650 1453 hzec
1699 1399 1884 1454 Jacobi
1925 1400 2134 1467 portio,
2168 1415 2344 1470 neque

782 1493 1082 1561 huiusmodi
1128 1503 1255 1545 sunt
1296 1492 1721 1545 orthodoxorum
1755 1492 2006 1559 dogmata
2038 1505 2101 1544 ac
2126 1501 2344 1545 senten-

782 1591 869 1638 tia:
899 1626 914 1649 ,
969 1599 1146 1653 neque
1197 1584 1300 1636 tale
1346 1584 1468 1637 vita:
1518 1583 1755 1649 ipsorum
1815 1582 2180 1651 propositum;
2236 1582 2346 1636 imo

783 1678 1052 1731 contraria
1100 1676 1354 1737 omnino,
1390 1689 1452 1727 ac
1486 1674 1560 1726 illi
1595 1673 1771 1727 solent
1810 1673 2131 1742 perditionis
2159 1686 2345 1737 opera-

785 1779 947 1827 tores,
980 1765 1022 1817 si
1054 1772 1201 1820 certe
1246 1764 1475 1817 invicem
1501 1762 1747 1817 conferre
1781 1761 1925 1826 licet,
1964 1763 2044 1815 via
2089 1771 2340 1832 pergunt.

2444 592 2537 643 καὶ
2560 590 2752 660 ὥσπερ
2786 591 3037 658 ὀργάνοις
3065 589 3163 655 τῆς
3191 587 3467 651 ἀπωλείας
3513 587 3693 640 αὐτῶν
3726 586 3870 638 κατά
3924 589 4018 654 τῆς

2441 680 2549 731 τῶν
2570 680 2939 733 εὐσεϐούντων
2967 678 3313 748 συγχρῶνται
3340 678 3551 746 ὕϐρεως
3575 678 3670 730 καὶ
3694 675 4015 737 κακώσεως·

2442 767 2631 839 ὥσπερ
2655 770 2762 839 γὰρ
2796 770 2899 837 τῆς
2926 769 3134 835 δωρεᾶς
3187 768 3281 821 τοῦ
3331 769 3651 838 Πνεύρατος
3678 767 3777 837 τὴν
3837 769 4021 836 κρίσιν

2441 861 2622 913 τέλεον
2654 861 2977 930 ἠρνημένοι,
3008 860 3106 912 καὶ
3157 863 3339 911 πᾶσαν
3389 860 3540 929 ίεράν
3573 860 3670 912 καὶ
3725 858 4021 924 κανονικὴν

2443 948 2800 1017 θεσμοθεσίαν
2828 948 3181 1018 ὴθετηκότες,
3216 950 3309 1001 καὶ
3349 949 3533 1018 πάσης
3585 949 3681 1017 τῆς
3714 947 4020 1017 ἐκκλησια-

2445 1042 2633 1109 πικῆς
2664 1040 2963 1109 εὐκοσμίας
2993 1042 3087 1093 καί
3132 1041 3339 1104 τάξεως
3396 1039 3832 1110 ἐπιλελησμένοι,
3869 1039 4017 1091 πολι-

2441 1129 2613 1189 τικοῖς
2639 1128 2823 1195 νόμοις
2854 1129 2948 1181 καὶ
2994 1129 3287 1199 πράγμασι
3336 1128 3592 1198 χρῶνται,
3644 1130 3738 1181 καὶ
3786 1128 4021 1198 ἄρχουσι

2441 1221 2555 1281 τοῖς
2608 1221 2893 1287 κοσμικαῖς
2927 1220 3413 1282 ὑποπεπτώκασιν,
3466 1220 3556 1271 ἐπί
3592 1236 3650 1272 τε
3697 1218 3881 1289 διαίτῃ
3926 1218 4020 1270 καὶ

2445 1310 2546 1380 βίῳ
2574 1312 2669 1364 καὶ
2712 1311 2960 1382 πολιτείᾳ
2992 1314 3087 1365 καὶ
3118 1312 3403 1381 κρίμασιν,
3440 1314 3497 1362 ὲν
3551 1314 3686 1365 πᾶσι
3731 1314 3847 1372 τοῖς
3874 1312 4019 1362 κατά

2440 1401 2533 1454 τὸν
2560 1401 2674 1470 βίον
2702 1403 3087 1473 ἐγχειρήμασι,
3120 1403 3331 1464 τούτοις
3385 1403 3705 1465 ὑπείκοντες
3735 1404 3829 1454 καὶ
3887 1403 4017 1453 litat-

2443 1490 2716 1561 κούμενοι.
2757 1491 2894 1544 Ἀλλ’
2923 1492 3019 1561 οὐχ
3064 1492 3201 1562 αὓτη
3228 1496 3262 1565 ἡ
3286 1497 3447 1563 μερὶς
3493 1492 3587 1546 τοῦ
3632 1492 3829 1545 Ἰακώϐ
3853 1507 3867 1519 ·
3895 1493 4019 1544 οὐδὶ

2441 1581 2672 1636 τοιαῦτα
2702 1581 2810 1634 τῶν
2842 1583 3094 1652 εὐσεϐείᾳ
3122 1585 3518 1653 κοσμουμένων
3550 1584 3614 1637 τὰ
3635 1584 3885 1652 δόγματα
3912 1584 4017 1635 καὶ

2444 1674 2767 1744 φρονήματα
2784 1690 2797 1704 ·
2817 1672 2940 1726 οὐδὲ
2962 1674 3187 1745 τοιαύτη
3208 1676 3316 1728 τῶν
3334 1692 3399 1727 πε
3413 1675 3808 1743 πολιτευμένων
3830 1676 4017 1737 αὐτοῖς

2443 1768 2477 1834 ἡ
2498 1765 2707 1834 αἵρεσις
2728 1780 2741 1793 ⁵
2765 1765 3091 1828 ἀπεναντίας
3110 1765 3220 1837 γάρ
3238 1766 3411 1819 ἃπασι
3437 1768 3547 1829 τοῖς
3570 1766 3700 1833 περὶ
3721 1765 3828 1819 τῶν
3848 1769 4019 1833 ἔργα·

781 1861 955 1924 Atque
986 1868 1042 1910 ut
1085 1855 1391 1910 summatim
1425 1855 1620 1918 dicam,
1670 1852 1723 1907 hi
1753 1853 2084 1922 iniquitatem
2121 1867 2335 1905 omnem
2370 1856 2410 1912 Β
2439 1873 2447 1888 ι

2370 1856 2410 1912 Β
2439 1855 2544 1907 τῶν
2566 1855 2664 1923 τῆς
2688 1856 2962 1917 ἀπωλείας
2984 1856 3553 1925 προκατειλεγμένοις,
3578 1856 3631 1907 εῖ
3662 1871 3724 1921 γε
3755 1857 3926 1923 ἐχρῆν
3954 1854 4017 1905 hx

782 1950 1044 2009 uderttnt,
1093 1947 1346 1998 virtutem
1378 1958 1592 1997 omnem
1628 1942 1908 2006 ambiunt,
1944 1941 2202 2012 quidquid
2250 1941 2343 1995 bo-

783 2055 908 2089 nmn
939 2048 1019 2091 est
1050 2037 1335 2101 honorant,
1366 2035 1577 2104 egregia
1611 2034 1788 2088 omnia
1824 2034 2099 2099 adamant,
2129 2048 2342 2088 omnem

784 2130 892 2185 Deo
940 2129 1193 2198 placitam
1224 2128 1693 2183 conversationem
1742 2136 2023 2180 sectantur
2054 2144 2066 2179 :
2099 2136 2342 2181 sanetam

780 2234 993 2273 omnem
1050 2229 1359 2287 rectamque
1405 2218 1706 2273 doctrinam
1760 2218 2344 2287 recipiunt,quidquid

782 2312 846 2362 ad
878 2324 1087 2364 sacram
1118 2309 1411 2363 Eeclesiam
1443 2312 1640 2364 attinet
1668 2310 1907 2363 studiose
1938 2309 2218 2377 recolunt;
2249 2325 2346 2379 per

780 2418 900 2467 qua:
934 2400 1043 2456 Deo
1074 2402 1544 2470 appropinquant,
1594 2402 1887 2469 aeternique
1921 2402 2067 2470 regni
2103 2402 2345 2457 lia-redes

784 2496 949 2555 tiunt,
976 2493 1290 2560 angelorqu
1317 2501 1625 2555 consortes,
1662 2501 1969 2545 sanctorum
2007 2491 2251 2557 sodales;
2291 2492 2343 2546 in

782 2585 927 2636 omni
974 2585 1185 2635 demum
1232 2598 1323 2645 re,
1353 2583 1493 2651 quod
1524 2582 1791 2637 laudabile
1832 2592 1914 2636 est
1956 2593 2011 2636 et
2041 2586 2341 2653 egregium,

785 2672 1008 2728 faciunt.
1036 2672 1272 2738 Quorum
1303 2670 1435 2724 nihil
1465 2670 1760 2724 adversarii
1784 2679 2026 2739 agentes,
2048 2670 2343 2736 ignominia

784 2763 1088 2832 replentur,
1126 2762 1428 2831 divinisque
1453 2761 1671 2829 iudiciis
1705 2762 1944 2815 dauntati
1989 2762 2039 2815 iu
2076 2772 2337 2815 aeternum

782 2861 963 2906 erunt.

853 3050 940 3106 70.
980 3050 1111 3118 Quia
1146 3050 1257 3121 (78)
1301 3063 1426 3105 vero
1471 3063 1499 3102 a
1546 3047 1745 3103 Christi
1794 3046 2038 3101 hostibus
2083 3045 2342 3101 nonnulla

776 3143 1076 3213 jactantur.
1112 3155 1232 3210 qua:
1280 3139 1547 3194 mendacii
1578 3152 1771 3206 parens
1815 3136 1926 3191 illis
1956 3136 2123 3201 alllat,
2160 3136 2340 3205 agesis

783 3233 1079 3300 rujusmodi
1110 3232 1225 3284 hzec
1265 3244 1478 3299 quoque
1510 3229 1617 3281 sint
1642 3227 2066 3282 consideremus.
2092 3224 2343 3280 Glorian-

785 3334 871 3376 tur
894 3324 1060 3386 enim,
1098 3328 1318 3390 propter
1354 3320 1555 3372 illatam
1584 3317 1805 3372 Christo
1835 3316 2195 3384 Eeelesimque
2217 3329 2345 3370 cun-

783 3410 1083 3473 tumeliam,
1113 3411 1379 3463 diuturna:
1405 3409 1527 3461 vita;
1553 3407 1721 3476 spatia
1757 3421 1879 3460 eum
1906 3406 2156 3459 maximis
2187 3404 2343 3475 137

784 3500 1152 3568 voluptatibus
1180 3497 1443 3552 Mamona:
1469 3496 1632 3550 fuisse
1660 3510 1938 3559 concessa,
1988 3497 2346 3562 eumdemque

784 3594 1061 3647 felicitatis
1090 3591 1301 3645 culmen
1331 3590 1593 3658 attigisse.
1627 3586 1731 3642 Sed
1758 3599 1813 3642 et
1838 3587 2091 3641 victorias
2122 3588 2187 3641 de
2214 3586 2344 3639 Bar-

784 3684 928 3737 haris
954 3693 1007 3737 et
1032 3682 1245 3753 egregia
1279 3681 1507 3750 plurima
1537 3680 1775 3733 facinora
1807 3679 1856 3733 ei
1893 3678 2200 3743 ascribunt,
2228 3692 2345 3746 quae

780 3772 989 3825 sobrios
1010 3770 1259 3824 homines
1290 3786 1355 3823 ne
1390 3768 1577 3822 audire
1606 3768 1823 3836 quidem
1855 3782 2067 3836 aequum
2098 3776 2201 3821 est.
2239 3766 2344 3821 Sed

782 3876 851 3914 ne
883 3859 1021 3913 forte
1060 3859 1326 3928 aliquibus
1361 3857 1779 3926 simplicioribus
1822 3856 2232 3925 rudioribusque
2282 3871 2343 3911 ea

784 3950 1060 4003 utemlaeia
1104 3948 1276 4001 fraudi
1309 3949 1437 4009 sint,
1482 3947 1821 4016 coarguenda
1864 3948 2070 4014 singula
2121 3961 2149 3999 a
2188 3946 2345 4002 nobis

777 4051 958 4103 erunt,
1014 4050 1072 4093 ut
1121 4051 1451 4109 quantopere
1481 4040 1629 4093 stulti
1677 4054 1738 4093 se
1765 4040 1913 4108 ipsos
1958 4041 2212 4093 inanibus
2260 4040 2344 4093 his

779 4132 1121 4186 sermonibus
1163 4131 1527 4195 ludiliceutur,
1576 4130 1900 4201 intelligant.
1952 4129 2119 4200 Igitur
2148 4139 2343 4185 cuncta

779 4224 927 4277 illius
955 4238 1211 4292 perquam
1259 4224 1434 4292 turpia
1480 4222 1667 4285 fuisse,
1703 4235 1935 4289 eumque
1971 4221 2102 4286 Deo,
2136 4220 2341 4289 angelis

780 4332 845 4369 ac
900 4315 1166 4383 religiosis
1224 4314 1528 4369 hominibus
1587 4311 1975 4366 exsecrabilem
2030 4312 2340 4375 exstitisse,

780 4406 1002 4459 minime
1026 4415 1106 4459 est
1134 4406 1447 4458 obscurum.
1482 4401 1616 4455 Nam
1649 4414 1770 4453 eum
1803 4401 1855 4454 in
1886 4401 2031 4454 omni
2079 4414 2138 4455 se
2164 4399 2341 4453 libidi-

2446 1947 2797 2017 παραθέσεως
2823 1946 2992 1999 ταῦτα
3010 1946 3324 2017 συμϐαλεῖν,
3355 1946 3465 1999 ἴασι
3484 1964 3497 1974 ·
3521 1946 3615 1998 καί⁵
3631 1946 3717 1997 ῐνα
3737 1941 4021 1997 συλλαϐὼν

2446 2038 2677 2105 εἴποιμι,
2712 2037 2895 2089 πᾶσαν
2921 2037 3018 2106 μὲν
3053 2037 3252 2090 κακίαν
3272 2036 3799 2106 καταμυσάττονται,
3836 2035 4022 2084 πᾶσαν

2444 2126 2501 2179 δὲ
2528 2127 2726 2198 ἀρετὴν
2750 2126 3077 2197 προτιμῶσι,
3114 2129 3222 2181 πᾶν
3251 2127 3458 2195 ἀγαθὸν
3488 2126 3830 2195 γεραίρουσι,
3872 2138 4021 2174 παν-

2443 2218 2534 2281 τὸς
2560 2219 2729 2272 καλοῦ
2760 2219 2985 2291 ἐρασταί
3016 2222 3145 2284 είσι,
3174 2221 3357 2273 πᾶσαν
3389 2219 3684 2289 θεάρεστον
3731 2216 4020 2269 πολιτείαν

2444 2313 2846 2383 ἀσπαζόμενοι,
2875 2314 3052 2367 πάντα
3098 2313 3257 2380 λόγον
3289 2313 3436 2365 ὅσιον
3466 2310 3562 2364 καὶ
3623 2308 3756 2379 εὐθῆ
3790 2306 4020 2377 προσιέ-

2447 2421 2617 2475 μενοι,
2650 2405 2827 2458 πάντα
2846 2406 2914 2459 τὰ
2936 2405 3037 2474 τῆς
3067 2407 3219 2475 ίερᾶς
3249 2403 3575 2472 Ἐκκλησίας
3609 2401 3976 2468 περιέποντες
4000 2414 4012 2427 ·

2443 2494 2511 2547 δι’
2543 2488 2618 2547 ὧν
2641 2495 2918 2563 ἐγγίζουσι
2950 2495 3093 2566 Θεῷ,
3129 2496 3222 2548 καὶ
3272 2494 3553 2563 βασιλείας
3584 2493 3757 2545 ἀῖδίου
3812 2492 4020 2560 κληροο

2443 2585 2595 2655 νόμοι
2632 2588 3039 2640 ἀναδείκνυνται
3066 2603 3079 2617 ·
3116 2587 3366 2655 ἀγγέλων
3420 2584 3777 2654 συμμέτοχοι,
3836 2583 4015 2648 ἁγίων

2447 2677 2811 2747 συνάριθμοι·
2871 2680 2929 2731 ὲν
2985 2680 3155 2733 ἅπασι
3201 2680 3263 2730 τὸ
3315 2677 3631 2740 ἀξιέπαινον
3687 2676 3779 2728 καὶ
3833 2673 4019 2725 ἔνθεον

2447 2770 2882 2841 ἀποφερόμενον
2940 2765 3015 2826 ὧν
3073 2771 3227 2824 οὐδὲν
3283 2772 3479 2823 ἐκεῖνοι
3549 2767 4020 2838 περιπτυξάμενοι

2445 2861 2702 2931 αἰσχύνης
2736 2860 3192 2932 ἐμπίμπλανται,
3246 2861 3340 2913 καὶ
3406 2860 3653 2914 ὑπόδικοι
3704 2858 3812 2910 τῶν
3850 2857 4020 2911 θείων

2446 2954 2725 3023 κριμάτων
2754 2955 2833 3015 είς
2862 2954 3034 3006 αίῶνα
3058 2954 3402 3022 γενήσονται.

2512 3051 2573 3098 o'.
2626 3043 2841 3114 Ἐπειδὴ
2869 3044 2925 3096 δὲ
2957 3045 3049 3097 καί
3082 3060 3201 3097 τινα
3250 3044 3399 3114 παρά
3447 3044 3560 3104 τοῖς
3602 3040 4019 3111 Χριστομαχοις

2445 3134 3043 3206 περιθρυλλεῖται,ἀπερ
3084 3136 3268 3198 αὐτοῖς
3324 3137 3352 3189 ὁ
3395 3134 3490 3187 τοῦ
3532 3132 3763 3203 ψεύδους
3817 3132 4012 3201 πατὴρ

2447 3224 2791 3294 ἔμπνεύσειε,
2832 3224 2964 3294 φέρε
2997 3224 3092 3276 καὶ
3124 3222 3296 3275 ταῦτα
3332 3220 3781 3289 ἐπισκεψώμεθα.
3821 3220 4017 3271 Κατα-

2446 3316 2807 3385 κομψεύονται
2842 3315 2948 3385 γὰρ
2973 3315 3061 3366 διὰ
3082 3314 3179 3383 τὴν
3220 3315 3297 3375 είς
3332 3313 3568 3380 Χριστὸν
3602 3311 3693 3363 καὶ
3743 3308 3842 3377 τὴν
3887 3308 4020 3360 Ἐκ-

2446 3405 2675 3475 κλησίαν
2709 3404 2886 3475 ὓϐριν,
2945 3406 3170 3473 χρόνους
3212 3403 3512 3471 μηκίστους
3541 3399 3634 3453 καὶ
3687 3413 4013 3467 παρατετα-

2448 3496 2615 3565 μένην
2647 3493 2810 3565 ζωὴν,
2867 3495 2959 3547 καὶ
2992 3493 3104 3562 βίον
3166 3493 3378 3561 εὐπαθῆ
3435 3488 3886 3561 ὲκμεμετρῆσθαι
3939 3486 4020 3555 τῷ

2444 3587 2716 3656 Μαμωνᾷ,
2769 3576 2862 3638 καὶ
2914 3585 3213 3655 εὐημερίας
3267 3586 3345 3646 είς
3382 3584 3550 3652 ἀκρον
3595 3579 3807 3640 ἐλάσαι,
3855 3578 4019 3639 νίκας

2445 3676 2593 3746 αὐτῷ
2662 3677 2805 3729 κατά
2880 3676 3171 3746 βαρϐάρων
3232 3675 3327 3726 καὶ
3400 3670 3874 3742 ἀνδραγαθήματα
3937 3666 4018 3728 ώς

2444 3769 2671 3822 πλεῖστα
2703 3770 3120 3837 ἐπιγράφοντες,
3175 3768 3210 3822 ἃ.
3259 3767 3373 3829 τοῖς
3408 3766 3506 3836 μὲν
3558 3764 3834 3832 σώφροσιν
3886 3760 4016 3813 οὐδὲ

2445 3861 2524 3922 είς
2552 3859 2812 3928 ἀκρόασιν
2834 3860 3087 3929 ἔρχεσθαι
3116 3858 3324 3911 δίκαιον
3342 3874 3355 3887 ·
3378 3857 3452 3919 ώς
3480 3856 3525 3908 δ’
3560 3854 3625 3909 ἂν
3656 3854 3767 3907 τῶν
3798 3854 4016 3907 ἀπλου-

2446 3950 2649 4018 στέρων
2665 3951 2697 4021 ἢ
2712 3950 3098 4020 ἀμαθεστέρων
3121 3951 3294 4015 τινάς,
3316 3951 3428 4012 τοῖς
3446 3951 3510 4001 ὲκ
3525 3949 3622 4017 τῆς
3639 3947 3855 4015 ἀπάτης
3878 3947 4018 3998 ἀνα-

2445 4042 2712 4111 πλασμοίς
2758 4041 2830 4111 μὴ
2876 4042 3338 4112 παραϐλάπτοιεν,
3388 4040 3596 4093 τούτων
3632 4037 4016 4098 διευθύνοντες

2443 4130 2666 4196 ἕκαστα,
2680 4134 2853 4195 κενοῖς
2870 4132 3045 4201 λόγοις
3064 4132 3290 4194 ἑαυτοὺς
3304 4130 3744 4201 φαινακίξοντας,
3763 4130 3888 4189 τοὺς
3909 4146 4017 4196 μα-

2442 4223 2768 4293 ταιόφρονας
2797 4225 3181 4293 ἀποφήνωμεν.
3211 4224 3333 4275 Ὀτι
3359 4223 3456 4294 μὲν
3479 4222 3588 4291 γὰρ
3619 4222 3645 4273 ὁ
3671 4219 3785 4289 βίος
3815 4218 4018 4286 ἐκείνῳ

2446 4312 2775 4382 πάναισχρος
2806 4312 3066 4382 γεγονὼς,
3086 4313 3372 4383 βδελυκτὸν
3393 4313 3486 4365 καὶ
3498 4311 3613 4380 Θεῷ
3630 4312 3721 4363 καὶ
3734 4308 4015 4376 ἀγγέλοις,

2442 4404 2747 4475 ἀνθρώποις
2758 4423 2816 4459 τε
2833 4410 2943 4470 τοῖς
2963 4406 3249 4460 εὐσεϐοῦσι
3266 4406 3522 4475 καθίστη,
3544 4405 3645 4457 οὐκ
3668 4404 4014 4473 ἀσυμςξανὲς·

778 4510 908 4549 num
965 4508 1162 4564 genere
1208 4494 1375 4547 miser
1432 4492 1519 4546 hic
1564 4493 1864 4555 volutaret,
1921 4490 2096 4560 iisque
2142 4507 2339 4561 corpus
2371 4513 2416 4572 υ

2371 4513 2416 4572 D
2444 4496 2673 4565 καὶγὰρ
2725 4498 2803 4558 είς
2855 4498 2923 4550 τά
2963 4496 3162 4566 σαρκὸς
3216 4496 3362 4566 πάθη
3415 4493 3879 4562 κατασυρόμενος.
3913 4492 4014 4561 τὴν

777 4601 936 4638 suum
976 4595 1030 4638 et
1061 4584 1296 4637 animam
1324 4591 1743 4651 eonspurcaret,
1773 4596 1893 4650 qua:
1920 4582 2171 4637 Barbaris
2204 4598 2338 4652 quo-

774 4691 881 4743 que
907 4684 961 4729 et
1009 4673 1242 4727 ethnicis
1293 4673 1456 4726 vetita
1506 4681 1661 4737 sunt,
1719 4671 1875 4741 longe
1926 4672 2157 4741 pecudes
2193 4676 2335 4742 ipsas

778 4770 1017 4821 nuditate
1061 4765 1355 4834 superavit.
1406 4763 1582 4832 Atque
1627 4763 1740 4817 hmo
1793 4777 1899 4817 non
1948 4764 2101 4831 pauci
2158 4767 2249 4834 qui
2284 4766 2332 4820 ei

775 4859 1077 4911 administri
1126 4856 1341 4909 luerunt
1387 4864 1443 4910 et
1495 4854 1667 4909 adhuc
1702 4854 1916 4917 vivunt,
1954 4855 2134 4908 testari
2185 4861 2335 4923 pote-

777 4959 937 5011 runt;
969 4963 1066 4999 nec
1104 4963 1205 4999 nou
1240 4956 1293 4999 et
1324 4946 1471 4999 varia
1506 4945 1748 5013 corporis
1780 4945 2115 4998 incommoda
2142 4947 2337 5015 quibus

780 5042 920 5092 idem
958 5040 1059 5091 fuit
1107 5038 1393 5091 obnoxius.
1431 5036 1713 5091 Doloribus
1753 5034 1897 5089 enim
1934 5044 2096 5105 atque
2128 5037 2342 5092 crucia-

848 5194 962 5263 (78)
1012 5192 1333 5263 Sequentem
1373 5190 1761 5263 sesquipagiute
1801 5197 2041 5263 traetum
2080 5189 2153 5242 ait
2183 5188 2337 5263 Peta-

776 5259 896 5317 mi.-
928 5259 984 5315 εκ
1024 5264 1073 5315 iu
1109 5261 1379 5313 l‘arisiaeo
1434 5259 1765 5327 l‘heuphanis
1806 5260 1993 5311 codice
2031 5259 2335 5323 invenisse,

779 5347 1033 5401 tauquam
1069 5346 1131 5384 et
1169 5328 1469 5401 t_\l_icep;mro
1508 5336 1851 5401 excerptum,
1880 5328 2257 5401 quoduideirco
2284 5331 2337 5385 in

775 5396 925 5459 calce
960 5402 1137 5471 posuit
1175 5396 1533 5471 Historiarum
1568 5398 1856 5471 Nicepho_ri_
1887 5396 1939 5448 iu
1974 5396 2345 5471 editioneiLu.

776 5465 973 5544 parua:
1001 5469 1302 5544 (ἐξείποιιυὶ
1336 5470 1423 5521 hie
1464 5478 1668 5544 tractus
1702 5469 1763 5544 in
1797 5465 2141 5544 Theophanis
2172 5468 2344 5523 Chro-

779 5536 904 5597 itico
964 5556 1067 5592 non
1103 5536 1315 5609 legitug.
1370 5554 1543 5604 neque
1590 5539 1656 5589 ad
1712 5536 1765 5609 id
1816 5536 2085 5609 pertinere
2131 5547 2341 5609 potest,

778 5606 1213 5681 quandoquidem
1245 5606 1622 5681 Theophanes
1642 5677 1652 5681 _
1676 5606 1831 5671 plene
1865 5606 2104 5681 satisque
2127 5608 2342 5681 _de_Co-

776 5676 1042 5754 pronytuo
1075 5678 1293 5754 proprio
1324 5679 1374 5730 in
1420 5680 1535 5730 loco
1574 5677 1792 5743 suisque
1824 5676 2000 5754 verbis
2033 5676 2183 5754 dixit.
2222 5676 2341 5731 Fuit

782 5746 959 5820 itaque
1005 5746 1104 5804 hoc
1161 5746 1338 5820 petius
1381 5759 1736 5813 extravagans
1789 5746 2001 5813 .lllllltod
2064 5746 2339 5817 πάρεργον

2444 4587 2552 4640 τῶν
2577 4587 2786 4654 ἀλόγων
2844 4586 2999 4651 ζώων
3056 4587 3340 4658 παρήλασε
3384 4583 3713 4654 κτηνωδίαν·
3746 4584 3859 4643 τοῖς
3908 4582 4016 4633 ἀπ-

2442 4679 2829 4748 ηγορευμένοις
2861 4679 2956 4731 καὶ
2988 4678 3279 4749 βαρϐάροις
3328 4677 3421 4729 καί
3440 4676 3688 4743 Ἕλλησι,
3723 4673 3816 4725 καὶ
3854 4672 4018 4740 σῶμα

2443 4772 2541 4824 καὶ
2566 4770 2743 4841 ψυχὴν
2761 4773 2789 4824 ὁ
2817 4771 3049 4835 δείλαιος
3079 4770 3539 4841 ὲμμολυνόμενος,
3570 4768 3681 4821 Καὶ
3711 4765 3885 4818 ταῦτα
3909 4767 4013 4817 οὐκ

2444 4861 2706 4930 ὀλίγιστοι
2754 4864 2864 4916 τῶν
2925 4863 3450 4935 ὐπηρετησαμένων⁸
3478 4860 3628 4929 αὐτῷ
3684 4860 3849 4927 μέχρι
3913 4856 4009 4909 τοῦ

2448 4950 2611 5021 δεῦρο
2638 4955 2921 5024 περιόντες
2951 4954 3466 5023 ἀπαγγελλέτωσαν,
3490 4951 3604 5021 μεθ’
3632 4943 3707 5003 ὧν
3728 4950 3820 5001 καὶ
3842 4948 4011 5001 τᾶλλα

2447 5038 2484 5093 ἃ
2529 5044 2660 5110 περὶ
2691 5043 2751 5095 τὸ
2811 5044 2972 5115 σῶμα
3030 5043 3180 5113 αὐτῴ
3225 5045 3478 5113 ἀπήντα’
3524 5041 3625 5109 ἤδη
3661 5040 3771 5107 γὰρ
3826 5040 4011 5102 πόνοις

2445 5194 2645 5249 codicis
2674 5196 2955 5252 Parisiaci.
2990 5194 3097 5251 Nos
3120 5210 3248 5250 vero
3273 5197 3485 5249 demum
3520 5194 3883 5261 comperimus
3911 5194 4012 5247 hoc

2446 5264 2805 5333 fragmentum
2858 5266 2910 5319 in
2962 5268 3172 5320 duobus
3214 5266 3431 5319 ineditis
3476 5264 3751 5333 chronicis
3804 5264 4009 5321 \‘atic..

2446 5332 2663 5401 (ἔθου-είί
2719 5348 2908 5405 nempe
2949 5335 3277 5397 Hamartoli,
3324 5350 3377 5403 p.
3428 5333 3564 5397 l89,
3593 5344 3647 5405 et
3670 5332 3897 5387 Joannis
3915 5334 4014 5405 Si-

2449 5407 2589 5466 culi,
2619 5420 2669 5471 p.
2728 5403 2859 5457 336.
2904 5405 2972 5459 Et
3015 5407 3188 5458 variat
3246 5405 3462 5470 quidem
3514 5403 4011 5471 mediocriterﬂhuc

2446 5470 2758 5545 egeri-ptum
2813 5474 2865 5527 in
2918 5474 3197 5545 praedictis
3231 5473 3513 5545 Chronicis
3546 5487 3573 5525 a
3620 5481 3805 5545 nostro
3856 5470 4015 5525 Nice-

2446 5542 2599 5609 phori
2647 5544 2810 5597 totius
2855 5541 3034 5610 operis
3083 5544 3306 5606 codice,
3343 5542 3428 5597 cui
3479 5553 3654 5595 tamen
3706 5541 3866 5593 unice
3917 5555 4011 5610 nos

2445 5608 2828 5666 adhaerendmn
2886 5608 3225 5681 putavimus,
3279 5621 3460 5681 utpote
3512 5612 3725 5680 integro
3762 5621 3817 5664 et
3867 5608 4010 5664 nulla

2445 5682 2761 5751 cujusquam
2797 5699 2954 5738 manu
2988 5683 3327 5751 interpolato.
