4220 6442
210 384 312 447 505

892 386 1518 449 ANTIRRHETICUS
1556 390 1647 449 III
1691 390 1857 454 ADV.
1897 390 2487 457 CONSTANTINUM
2528 395 2720 457 COPR

3337 388 3441 455 506

212 501 305 550 καὶ
338 498 627 566 σλγηδόσιν
658 496 940 568 ἀρρήτοις,
978 494 1067 552 οἷα
1087 500 1237 563 είκδς
1270 501 1398 563 τοὺς
1426 502 1779 573 ήλκωμένους
1808 509 1851 564 Α

1883 506 2055 573 tibus,
2086 510 2175 577 qui
2206 509 2458 575 explicari
2510 507 2741 563 dicendo
2772 513 3042 575 nequeunt
3076 505 3440 559 excarnifica-

212 589 465 657 πάσχειν,
518 588 863 657 βαλλόμενος,
894 592 1147 659 πονήρως
1200 592 1296 643 καλ⁵
1353 593 1591 662 ἀνιαρῶς
1638 594 1776 661 ἄγαν

209 678 472 731 διέκειτο·
500 676 595 730 καί
624 693 747 731 τινα
776 679 886 731 τῶν
920 679 1100 748 μελῶν
1144 680 1251 733 ὑπὸ
1296 681 1405 733 τῶν
1456 682 1629 735 ἑλκῶν
1673 684 1777 736 ἀπ-

210 767 501 836 ηχρείωτ-δ,
519 767 611 819 καί
634 783 748 828 πως
779 769 871 821 καὶ
904 768 1146 837 σαρκίων
1171 769 1334 823 τινῶν
1348 773 1777 842 ἀπερῤυηκότων

212 857 397 928 αὐτῷ’
433 860 798 928 συνεχέστατα
833 860 889 913 δὲ
921 860 1026 913 ὑπὸ
1056 861 1166 914 τῶν
1212 863 1476 933 ὲριννύων
1522 864 1776 933 ἐκδειμα-

213 951 495 1020 τούμενος.
568 952 782 1020 πικρῶς
848 954 941 1008 καὶ
992 954 1242 1016 ἐλεεινῶς
1295 954 1388 1007 τὸν
1466 955 1779 1023 νυκτερινὸν

214 1043 404 1110 χρόνον
427 1043 657 1110 διήνυεν.
688 1045 817 1106 ἴσως
836 1046 949 1107 τοῖς
973 1046 1354 1115 συγκειμένοις
1383 1047 1777 1117 ὲφυστερίζων,

212 1134 687 1202 ἀντεπεξαγούσης
741 1135 840 1203 τῆς
892 1134 1023 1205 παρ’
1066 1135 1232 1189 αύτοῦ
1288 1137 1627 1206 διωκομένης
1684 1138 1779 1189 πί-

215 1238 407 1285 στεως.
450 1222 819 1290 Παρείσθωτὰ
850 1223 944 1276 νῦν
968 1222 1150 1291 λέγειν
1174 1224 1239 1277 τδ
1266 1228 1365 1293 τῆς
1383 1225 1592 1293 διαίτης
1617 1225 1781 1294 ἀηδές

212 1329 272 1366 τε
293 1316 385 1365 καὶ
420 1314 693 1383 αἴσχιστον
712 1330 725 1343 ο
744 1315 880 1383 ὅπερ
899 1315 1011 1385 γὰρ
1035 1316 1102 1368 ἂν
1127 1316 1466 1386 προσάραιτο
1501 1315 1779 1386 βρώσεως,

214 1406 279 1456 οὺ
308 1406 494 1457 τέλεον
527 1407 857 1471 καταποθὲν,
910 1407 1062 1477 παρά
1106 1408 1230 1469 τοὺς
1282 1408 1511 1477 ἐμέτους
1553 1407 1782 1475 ἔφθανεν

219 1497 641 1565 ὲκκρινόμενον’
677 1497 737 1548 τὸ
762 1497 816 1549 δὲ
850 1498 977 1567 περὶ
1010 1498 1135 1560 τοὺς
1156 1497 1631 1567 ὑπηρετουμένους
1664 1499 1781 1549 ιτα-

220 1588 324 1654 μὸν
345 1589 439 1641 καὶ
469 1588 733 1658 θηριῶδες
757 1588 848 1640 τοῦ
883 1589 1109 1658 τρόπου,
1140 1590 1234 1642 καὶ
1259 1590 1357 1659 τῆς
1393 1589 1699 1659 ὑπηρεσίας
1722 1587 1782 1640 τὸ

215 1678 671 1746 δυσαχθέστατον,
701 1681 858 1732 ὁποῖα
892 1680 958 1731 ἄν
988 1697 1071 1742 τις
1110 1679 1253 1732 εἴποι
1283 1680 1352 1731 τὰ
1394 1678 1631 1749 φέροντα
1674 1678 1781 1731 σώ-

218 1785 401 1836 ματας
459 1769 697 1833 Μαστιξι
746 1770 854 1839 γὰρ
887 1771 1127 1840 ἑκάστης
1158 1770 1386 1831 πολλαῖς
1436 1769 1780 1834 καταξαίνων

216 1859 398 1912 αὑτῶν
432 1860 498 1913 τὰ
533 1859 678 1913 νῶτα
702 1864 795 1913 καὶ
822 1862 917 1924 τὰς
940 1860 1166 1925 ὠλένας,
1196 1861 1346 1914 οὐδὲν
1375 1861 1483 1914 τῶν
1517 1860 1783 1930 σαρκοῦό-
1818 1839 1857 1894 Β

218 1971 330 2025 ρων
356 1954 562 2025 θηρίων
595 1954 1111 2025 φιλανθρωπότερον
1139 1954 1428 2022 ἔπραττεν,
1462 1953 1701 2020 ἐκτομὰς
1727 1952 1783 2004 δὲ

221 2046 405 2115 μελῶν
445 2048 538 2099 καὶ
568 2046 863 2116 ὀφθαλμῶν
904 2046 1204 2117 πηρώσεις,
1240 2045 1333 2099 καὶ
1381 2044 1450 2097 τὰ
1496 2045 1629 2097 ἄλλα
1685 2045 1783 2096 ὅσα

216 2138 370 2190 δεινὰ
422 2138 781 2209 κολαστήρια,
839 2142 935 2192 καὶ
1000 2138 1218 2207 σφαγὰς
1288 2138 1510 2201 ἀδίκους
1573 2138 1785 2207 ἀνδρῶν

218 2228 439 2291 ἀθώων,
471 2231 563 2282 καὶ
605 2233 728 2293 τοὺς
766 2231 852 2283 διὰ
880 2230 1053 2300 πυρὸς
1101 2231 1466 2299 πικροτάτους
1494 2230 1782 2292 θανάτους,

217 2322 270 2374 τί
311 2322 419 2391 χρὴ
442 2323 535 2374 καὶ
565 2321 741 2388 λέγειν
765 2338 778 2384 ς
801 2316 896 2385 Οἷς
928 2323 1027 2390 μὲν
1056 2321 1389 2390 βασκαίνων,
1423 2321 1671 2391 ἀνδρείας
1695 2320 1788 2373 καὶ

216 2413 424 2483 ἀρετῆς
461 2410 519 2467 εὖ
553 2414 761 2484 ἔχουσιν
785 2430 798 2443 ο
834 2409 915 2476 οἷς
964 2414 1020 2467 δὲ
1073 2414 1168 2467 τοῦ
1220 2413 1533 2484 ἐκπρεποῦς
1575 2414 1666 2465 καὶ
1694 2414 1787 2464 ἐπὶ

219 2508 388 2559 ποσὸν
442 2507 808 2577 προηγμένοις
862 2507 956 2558 ἐπὶ
993 2508 1056 2560 τὸ
1112 2504 1456 2574 εὔχρηστονο
1505 2505 1635 2573 περὶ
1680 2503 1786 2573 γὰρ

217 2596 329 2649 τῶν
357 2596 453 2665 τῆς
473 2596 751 2658 εύσεῦείας
785 2597 991 2649 εἵνεκεν
1039 2596 1267 2649 τοιαῦτα
1298 2597 1393 2648 καὶ
1436 2595 1641 2648 τούτων
1673 2594 1786 2663 χεί-

222 2701 353 2754 ρονα
382 2686 712 2754 πασχόντων,
741 2687 932 2756 ἑτέρας
967 2685 1149 2755 δεήσει
1182 2685 1508 2755 συγγραφῆς
1540 2685 1631 2737 καὶ
1683 2683 1786 2752 τῆς

224 2778 534 2845 κρείττονος
562 2776 661 2845 (Ii).

294 2872 399 2919 οα’.
451 2862 585 2920 Εἶτα
618 2865 753 2936 πρὸς
803 2866 880 2936 τῷ
920 2867 1063 2920 τέλει
1115 2867 1224 2920 τῶν
1264 2866 1447 2919 κακῶν
1478 2867 1787 2935 γενόμενος,

226 2958 326 3009 καὶ
352 2956 603 3025 πυρετῶν
628 2955 851 3025 ὀξύτησι
882 2957 974 3009 καὶ
997 2956 1296 3023 φλογώσεσι
1321 2957 1790 3027 καταπιμπράμε-

227 3066 341 3111 νος.
374 3052 470 3118 τῆς
507 3048 861 3117 ὲκδεξομένης
911 3047 1072 3100 αὑτὸν
1099 3048 1323 3117 γεέννης
1353 3048 1450 3116 τὴν
1489 3048 1664 3116 φλόγα
1691 3050 1791 3117 ἐμ-

1879 606 1983 661 tus,
2036 598 2332 666 cuiusmodi
2369 600 2612 652 ulcerosa
2647 611 2873 665 corpora
2919 594 3122 664 perpeti
3153 603 3442 649 consentao

1878 704 2036 742 neum
2062 698 2167 755 est,
2200 690 2340 742 male
2369 704 2777 757 :erunmoseque
2800 697 2919 740 erat
2939 686 3179 742 affectus.
3217 686 3434 740 Etenim

1878 780 2131 833 nonnulla
2166 781 2403 834 membra
2439 781 2708 834 ulceribus
2740 783 2901 834 adesa
2934 788 3110 841 erant,
3144 775 3441 831 dilﬂuenti-

1878 873 1977 924 bus
2008 874 2249 926 carnium
2285 874 2550 942 partibus.
2587 872 2690 926 Sed
2718 881 2773 925 et
2816 883 3075 941 perpetuo
3117 872 3271 926 furiis
3317 887 3442 939 per-

1881 963 2130 1027 territus,
2189 965 2416 1019 moleste
2475 974 2799 1018 nocturnum
2867 973 3075 1031 tempus
3135 962 3442 1029 misereque

1881 1055 2230 1118 traducebat,
2272 1055 2563 1109 deliberata
2596 1056 2823 1109 fortasse
2864 1054 3088 1108 consilia
3119 1054 3436 1117 demorans,

1880 1146 2005 1200 dum
2060 1147 2109 1200 ei
2172 1155 2360 1201 vexata
2426 1146 2609 1214 religio
2669 1160 2733 1200 ex
2798 1147 3026 1200 adverso
3084 1147 3436 1199 consisteret.

1880 1238 2082 1292 Omitto
2114 1239 2286 1293 victus
2317 1238 2689 1292 insuavitatem
2720 1253 2782 1292 ac
2826 1237 3210 1307 turpitudinem
3236 1255 3249 1289 :
3276 1236 3439 1303 quid-

1880 1330 2007 1399 quid
2040 1330 2183 1383 enim
2214 1331 2317 1385 cibi
2353 1344 2447 1399 per
2484 1331 2665 1383 fauces
2695 1329 3002 1396 traiecerat,
3038 1330 3088 1383 i.l
3121 1329 3304 1383 statim
3341 1343 3442 1381 vo-

1881 1420 2100 1473 mitibus
2146 1422 2490 1474 excernebat.
2530 1419 2771 1488 Namque
2804 1420 2945 1473 illam
2979 1422 3029 1472 in
3075 1418 3305 1472 famulos
3341 1432 3445 1471 sae-

1882 1509 2069 1562 vitiam
2103 1523 2165 1563 ac
2213 1508 2506 1575 feritatem,
2536 1520 2699 1579 atque
2746 1510 2799 1563 in
2846 1510 3121 1578 exigendis
3166 1508 3444 1577 obsequiis

1883 1600 2261 1663 acerbitatem,
2324 1614 2569 1667 munitam
2642 1614 2899 1667 oppressa
2963 1612 3194 1665 corpora
3260 1598 3445 1650 dicere
3502 1651 3507 1657 ,

1883 1689 2118 1757 queant?
2148 1688 2507 1743 Ctedebantur
2532 1688 2773 1758 quotidie
2806 1688 2976 1757 plagis
3010 1687 3190 1740 multis
3224 1686 3443 1740 illorum

1886 1790 2033 1850 terga
2080 1782 2323 1849 ulna’que
2359 1797 2373 1834 :
2415 1794 2587 1848 neque
2631 1779 2763 1835 feris
2815 1780 3116 1833 caruivoris
3151 1779 3443 1833 humanius

1887 1872 1939 1927 in
1987 1886 2080 1925 eos
2112 1871 2293 1926 fiebat.
2334 1870 2451 1925 lam
2495 1872 2861 1926 membrorum
2909 1870 3447 1935 mutilationes,ocu-

1887 1961 2061 2015 lorum
2093 1962 2484 2015 exctecationes
2506 2001 2521 2025 ,
2551 1976 2615 2015 ac
2650 1961 2855 2028 reliqua
2887 1960 2937 2014 id
2978 1975 3148 2029 genus
3175 1960 3445 2014 horrenda

1888 2053 2166 2122 supplicia,
2195 2053 2513 2121 iniquasque
2535 2052 2929 2107 immerentium
2949 2051 3224 2105 hominum
3249 2053 3445 2115 credes,

1886 2156 1941 2198 et
1988 2145 2367 2197 acerbissimas
2421 2144 2471 2197 in
2521 2142 2751 2196 flammis
2788 2152 3017 2203 mortes,
3063 2141 3193 2210 quid
3253 2144 3448 2196 attinet

1887 2235 2180 2290 enarrare?
2204 2249 2430 2303 quorum
2467 2234 2661 2301 partim
2707 2233 3007 2286 fortitudini
3039 2232 3329 2299 virtutique
3363 2231 3446 2283 in-

1887 2327 2122 2389 videbat,
2152 2327 2343 2394 partim
2375 2326 2558 2395 gloria:
2589 2340 2651 2379 ae
2687 2323 3002 2378 dexteritati
3036 2323 3171 2392 (79).
3202 2321 3445 2389 Namque

1891 2420 1926 2472 ii
1961 2419 2073 2487 qui,
2122 2419 2394 2489 religionis
2427 2434 2587 2472 causa
2609 2459 2623 2481 ,
2666 2418 2779 2471 haec
2815 2426 2870 2470 et
2900 2415 3082 2485 pejora
3116 2416 3259 2483 passi
3299 2422 3448 2479 sunt,

1889 2511 2051 2564 aliam
2100 2511 2370 2579 postulant
2415 2516 2469 2565 et
2516 2510 2733 2579 quidem
2771 2508 3085 2579 ampliorem
3133 2507 3452 2575 descriptio-

1891 2616 2011 2656 nem
2043 2600 2176 2671 (80).

1963 2875 2052 2927 7i.
2091 2872 2373 2929 Postremo
2438 2888 2560 2927 cum
2608 2875 2869 2928 scelerum
2894 2888 3112 2927 suorum
3159 2870 3449 2925 terminum

1893 2965 2177 3033 attigisset,
2200 2975 2479 3017 acutarum
2516 2963 2745 3018 febrium
2776 2964 3060 3017 ardoribus
3120 2972 3447 3025 exaestuans,

1893 3056 2148 3124 gebeunze
2195 3053 2458 3116 ﬂauamas.
2494 3069 2614 3123 qua?
2663 3068 2720 3109 se
2758 3069 2877 3107 mox
2932 3062 3236 3120 exceptura»
3274 3060 3449 3113 erant,

227 3137 416 3207 φανῶς
436 3136 811 3207 προορώμενος
831 3134 1263 3205 κατωπτρίζετο,
1280 3133 1371 3185 καὶ
1391 3133 1485 3186 τοῦ
1514 3133 1791 3202 σκώληκος
1819 3182 1857 3241 c

1899 3146 2215 3214 praevisione
2240 3146 2726 3211 contemplabatur,
2758 3160 2819 3197 ac
2845 3144 3120 3210 pervigilis
3147 3143 3289 3195 illius
3324 3156 3446 3194 ver-

222 3232 320 3284 τοῦ
354 3233 655 3301 ἀκοιμήτου
680 3230 745 3283 τὰ
769 3229 1045 3298 δήγματα,
1078 3227 1330 3279 σύντσνόν
1357 3244 1412 3278 τε
1440 3229 1532 3278 καὶ
1554 3226 1793 3294 γεγωνὸς

224 3323 437 3378 ἐκϐοῶν
463 3322 879 3391 ὲνδελεχὲστατα
903 3337 915 3349 ·
947 3321 1043 3388 τῆς
1062 3319 1287 3387 γεέννης
1312 3316 1482 3370 ταῦτα
1505 3314 1793 3386 προαύλια·

226 3416 484 3469 ἐντεῦθεν
515 3416 686 3486 μικρὰ
706 3416 803 3481 τῆς
831 3412 1088 3474 ἀσεϐείας
1128 3411 1573 3479 συναισθόμενος,
1605 3412 1702 3477 τῆς
1735 3410 1798 3461 ὲκ

226 3508 329 3577 τῆς
364 3509 495 3577 παρ’
519 3506 678 3576 ήμῶν
710 3506 943 3566 πίστεως
1000 3504 1172 3555 ἐδεῖτο
1231 3500 1550 3569 ἐπικουρίας
1575 3502 1668 3569 (ἱ)’
1699 3501 1797 3551 sn-

229 3598 434 3666 έτρεπέ
464 3614 523 3649 τε
574 3597 685 3658 τοῖς
713 3594 1119 3663 παρεπομένοις
1153 3592 1259 3645 τῶν
1301 3592 1517 3660 ίερέων,
1576 3592 1644 3643 τά
1686 3591 1795 3642 τῶν

229 3687 580 3760 Χριστιανῶν
647 3687 936 3758 προσᾴδειν
993 3685 1112 3754 ἱερὰ
1170 3684 1574 3753 μελῳδήματα·
1631 3682 1679 3731 οἱ
1739 3680 1797 3733 δὲ

230 3780 505 3852 πρόθυμοι
534 3776 953 3836 ἀπαναίνεσθαι,
990 3775 1064 3836 ὡς
1099 3774 1240 3842 μήτε
1267 3772 1467 3825 εἰδέναι
1497 3772 1637 3840 μήτε
1672 3765 1800 3840 ᾆσαι

232 3870 605 3932 πὼπστε,εῑτε
633 3870 750 3929 ταῖς
784 3864 1065 3936 ἀληθείαις
1092 3862 1266 3924 οὕτως
1293 3862 1535 3931 ἔχοντες,
1572 3861 1681 3912 εἴτε
1703 3859 1800 3929 τὴν

228 3964 443 4017 ἐκείνου
465 3957 929 4031 κατορῤωδοῦντες
945 3956 1202 4026 ὠμότητα
1219 3956 1308 4006 καὶ
1324 3952 1661 4022 δυσμένειαν.
1680 3950 1802 4002 Τοι-

229 4056 428 4116 αύταις
462 4051 803 4124 εὐημερίαις,
826 4050 1104 4110 τοιαύταις
1138 4044 1450 4107 εὐπαθείαις
1472 4042 1804 4095 ἐναναπαυὸ-

234 4163 419 4217 μενος,
450 4146 539 4215 ὑφ’
569 4139 645 4197 ῶν
672 4144 737 4213 δὴ
782 4140 1161 4208 Διοκλητιανόν
1207 4154 1267 4189 τε
1327 4137 1420 4189 καὶ
1463 4135 1805 4204 Μαξιμιανδν

234 4236 688 4299 συντελεσθέντας
726 4232 1020 4301 ἀκούομεν,
1062 4229 1205 4283 οὕτω
1248 4228 1413 4290 κακὸς
1486 4225 1668 4288 κακῶς
1714 4227 1806 4277 καὶ

234 4328 442 4388 ἀθλίως
470 4325 859 4393 ἀπολλύμενος,
892 4321 1149 4375 καταλύει
1175 4320 1265 4372 τὸν
1296 4317 1406 4387 βίον
1430 4332 1442 4345 ·
1468 4315 1723 4387 τεθνήκει
1749 4316 1806 4369 δὲ

236 4418 594 4486 πλοῐξόμενος
627 4414 872 4484 σημείοις
914 4413 1053 4464 τισὶν
1114 4410 1265 4471 ἐκτὸς
1299 4407 1399 4475 τῆς
1432 4406 1697 4476 βασιλίδος
1726 4405 1806 4456 δι-

1897 3239 2000 3291 mis
2040 3250 2252 3290 morsus
2293 3238 2691 3303 praesentiebat,
2741 3249 2931 3303 graves
2971 3235 3089 3287 siue
3126 3234 3313 3301 requie
3339 3233 3454 3284 ela-

1897 3344 2073 3383 mores
2105 3330 2299 3391 edens;
2338 3343 2456 3395 qu:e
2509 3337 2660 3379 erant
2696 3328 2952 3394 gebeuna:
2995 3326 3239 3393 qumdam
3277 3324 3453 3377 initia.

1897 3418 2028 3472 Tum
2059 3420 2269 3472 demum
2301 3419 2590 3486 impietatis
2621 3432 2729 3471 sua:
2758 3432 2918 3471 sensu
2942 3418 3216 3485 paulisper
3246 3422 3451 3478 tactus,

1898 3509 2172 3578 religionis
2202 3516 2397 3561 nostra:
2433 3508 2737 3577 adjumeuta
2779 3509 3033 3573 petebat;
3066 3519 3118 3559 et
3144 3504 3458 3558 comitanti-

1902 3602 2001 3653 bus
2028 3616 2084 3655 se
2114 3600 2485 3654 sacerdotibus
2534 3612 2725 3651 sacros
2758 3597 3190 3650 Christianarum
3228 3596 3461 3665 hymnos

1901 3706 2096 3745 canere
2150 3689 2487 3742 mandabat:
2534 3688 2624 3756 qui
2674 3697 2852 3739 tamen
2906 3686 3054 3740 illico
3110 3690 3456 3745 recusabant,

1902 3793 2173 3846 nunquam
2210 3793 2266 3830 se
2291 3791 2486 3830 canere
2515 3777 2707 3829 solitos
2747 3776 2978 3833 aieutcs.
3026 3775 3140 3827 sive
3169 3788 3253 3825 res
3281 3773 3352 3825 ita
3402 3786 3462 3825 se

1904 3871 2144 3933 haberet,
2177 3870 2289 3922 sive
2342 3869 2465 3936 quia
2507 3868 2648 3920 illius
2689 3869 3141 3918 exliorrescereut
3168 3862 3460 3917 crudelita-

1906 3971 2011 4016 tem
2048 3971 2103 4015 et
2151 3961 2506 4013 iracundiam.
2563 3959 2619 4011 In
2658 3959 2741 4012 bis
2770 3972 2898 4025 ergo
2929 3956 3200 4023 tantisque
3255 3954 3463 4007 deliciis

1904 4052 2250 4113 constitutus,
2305 4051 2501 4118 quibus
2535 4050 2699 4103 etiam
2755 4046 3144 4100 Diocletianum
3183 4061 3243 4100 ac
3293 4043 3464 4098 Maxi-

1907 4145 2147 4197 mianmn
2206 4143 2528 4195 immortuos
2557 4140 2886 4207 accepimus,
2922 4137 3093 4191 malus
3133 4138 3293 4190 boqu
3324 4136 3465 4189 male

1906 4244 2067 4301 atque
2115 4230 2405 4285 infeliciter
2437 4230 2673 4299 perieus,
2721 4228 2841 4280 vita:
2893 4227 3053 4279 linem
3117 4235 3309 4278 nactus
3356 4232 3461 4277 est.

1907 4324 2147 4378 Mortuus
2176 4333 2259 4377 cst
2294 4331 2474 4374 autem
2534 4319 2796 4389 navigans
2848 4318 3052 4382 aliquot
3089 4328 3244 4369 extra
3276 4316 3462 4368 urbem

1910 4430 2162 4485 passuum
2214 4413 2470 4476 millibus,
2503 4412 2628 4464 dum
2675 4426 2705 4464 e
2759 4409 3005 4463 Thraciae
3038 4409 3346 4475 regionibus
3378 4422 3466 4461 re-

236 4516 450 4579 έχουσι,
472 4510 579 4561 τῶν
597 4510 659 4560 ὲκ
679 4507 777 4571 τῆς
802 4507 1021 4576 Θρᾴκης
1044 4503 1257 4573 χωρίων
1280 4499 1633 4561 παλινοστῶν,
1650 4502 1705 4551 ὲν
1729 4492 1809 4558 οἷς
1839 4516 1857 4574 ι

1883 4511 2237 4561 ›ν(ει·ιθι·θιυι·,
2287 4501 2339 4552 in
2397 4501 2591 4565 quibus
2622 4513 2742 4550 cum
2785 4498 3028 4550 exercitu
3086 4495 3276 4547 fuerat.
3335 4492 3466 4546 Nam

238 4600 623 4669 ὲκστρατεύων
647 4597 905 4666 ἐτύγχανε
928 4611 940 4623 °
967 4596 1036 4664 γῆ
1076 4595 1184 4662 γὰρ
1209 4595 1240 4662 ἡ
1268 4593 1485 4646 πάντων
1510 4591 1693 4660 μήτηρ
1715 4588 1808 4639 τὸν

242 4694 552 4764 μιαιφόνον,
597 4691 820 4758 αἶμασιν
869 4687 1039 4752 αὐτὴν
1079 4682 1275 4743 ἀθώοις
1312 4682 1665 4749 ὲκπλήσαντα
1715 4678 1810 4729 καὶ

245 4785 593 4855 μολύνειντα.
658 4780 740 4849 ἐφ’
791 4780 990 4846 ἑαυτῆς
1038 4775 1293 4844 θνήσκειν
1342 4772 1401 4822 οὐ
1460 4768 1808 4839 παρεδέξατο.

238 4876 411 4936 Ποίας
443 4868 538 4925 οὖν
563 4872 670 4940 ἄρα
697 4868 1029 4937 κατηγορίας
1053 4865 1148 4917 καὶ
1188 4860 1525 4931 ταλανισμοῦ
1569 4861 1667 4912 οὐκ
1699 4855 1809 4912 εἷεν

236 4964 405 5029 ἄξιοι,
438 4964 488 5014 οξ
526 4963 735 5013 ἐκεῖνον
793 4954 1116 5028 μακαρίζειν
1147 4953 1389 5022 ἀνοήτως
1428 4952 1527 5004 οὑκ
1560 4950 1806 5019 αἰσχυνό-

240 5071 399 5124 μενοι
431 5055 444 5104 l
491 5050 549 5102 Ὀ
577 5051 632 5104 δὶ
663 5051 759 5118 τῆς
818 5048 963 5115 ζωῆς
1015 5042 1180 5097 αὑτοῦ
1216 5044 1321 5103 πᾶς
1378 5041 1561 5110 χρόνος
1604 5040 1702 5092 οὐκ
1732 5040 1809 5100 εἰς

242 5145 463 5215 μακρόν
503 5160 553 5194 τι
594 5142 734 5195 πάνυ
771 5141 1054 5206 διήλασενο
1101 5139 1160 5188 οὐ
1195 5134 1405 5187 πλείοσι
1440 5134 1548 5203 γὰρ
1594 5133 1626 5201 ἦ
1670 5131 1813 5184 ὀκτὼ

240 5238 381 5306 πρὸς
422 5236 533 5295 τοῖς
564 5235 901 5299 πεντήκοντα
941 5227 1086 5280 ἔτεσι
1135 5226 1281 5295 βιοὺς
1301 5224 1388 5294 (j),
1424 5222 1571 5293 ψυχῇ
1613 5238 1672 5273 τε
1720 5223 1812 5273 καὶ

311 5419 395 5488 (Ιι)
432 5411 988 5488 Morumgoprouymi
1022 5419 1384 5488 portentosarn
1425 5410 1807 5488 itupuritatrm,

239 5480 487 5554 itemque
526 5480 1063 5554 stevitiam,_narrant
1093 5480 1308 5554 passim
1336 5480 1613 5549 Byzantini
1645 5481 1812 5533 lusu)-

243 5557 365 5619 rici.
395 5550 564 5615 atque
601 5553 651 5604 in
686 5552 770 5604 bis
792 5552 1070 5605 Cedrenus
1104 5561 1232 5605 tom.
1264 5550 1359 5604 cit.

315 5616 379 5695 (ii)
435 5622 620 5676 Dirum
660 5621 987 5695 Cupronymi
1039 5620 1247 5674 obitum
1273 5658 1287 5677 ,
1322 5632 1481 5695 anno
1505 5616 1711 5695 imperii
1744 5617 1813 5668 35

240 5688 602 5762 ejusdemque
645 5688 921 5745 morientis
969 5704 1155 5762 seram
1175 5688 1560 5762 paenitentiam
1586 5728 1600 5749 ,
1640 5688 1813 5756 legere

243 5757 372 5822 licet
397 5757 539 5833 apud
564 5759 883 5822 Ccdreuum,
914 5774 963 5827 p.
1000 5757 1253 5813 467468.

1913 4604 2055 4646 terra
2090 4591 2330 4645 omnium
2363 4600 2541 4641 mater
2593 4588 2918 4641 homicidam
2976 4587 3139 4647 hunc,
3176 4585 3266 4652 qui
3296 4585 3466 4652 ipsam

1911 4683 2155 4737 innocuis
2212 4681 2568 4748 sanguiuibus
2644 4680 2999 4732 inundaverat
3060 4693 3124 4731 ac
3186 4676 3467 4746 polluerat,

1910 4770 2049 4839 apud
2079 4785 2135 4824 se
2160 4773 2291 4823 mori
2314 4785 2420 4835 non
2449 4780 2529 4823 est
2554 4785 2733 4839 passa.
2761 4769 2928 4835 Quam
2963 4779 3088 4822 sunt
3126 4782 3255 4837 ergo
3288 4782 3468 4835 repre-

1920 4862 2186 4915 bendendi
2216 4878 2278 4915 ac
2322 4862 2528 4926 miseri,
2551 4862 2639 4928 qui
2665 4862 2975 4930 insipienter
3002 4862 3148 4913 illum
3180 4860 3473 4927 praedicare

1911 4954 2125 5007 beatum
2160 4967 2262 5006 u0u
2295 4953 2614 5005 erubescunt
2644 4954 2657 5006 l
2697 4951 2759 5005 Et
2794 4953 3012 5021 quidem
3043 4953 3165 5005 vita:
3200 4951 3473 5020 ejustem-

1913 5061 2011 5113 pus
2055 5060 2159 5097 non
2208 5046 2493 5097 admodum
2548 5044 2815 5113 prolixum
2871 5046 3004 5110 fuit;
3059 5055 3259 5099 etemm
3300 5058 3474 5098 annos

1917 5136 2057 5190 baud
2084 5135 2204 5203 plus
2234 5152 2362 5189 ιιίιι
2400 5146 2579 5199 natus,
2607 5139 2841 5190 animam
2871 5137 3099 5190 simulet
3132 5151 3330 5205 corpus
3356 5152 3479 5205 per-

1915 5226 2087 5290 didit;
2126 5235 2179 5280 et
2213 5227 2310 5279 bos
2347 5227 2512 5297 ipsos,
2574 5229 2680 5282 Ileo
2718 5227 2878 5296 138
2925 5230 3292 5296 permittente,
3327 5227 3471 5280 haud

1990 5411 2052 5480 (j)
2113 5409 2353 5462 Mortuus
2404 5407 2775 5477 Copmnymus
2837 5422 2977 5460 anno
3021 5406 3196 5461 aetatis
3241 5420 3351 5459 sua:
3385 5405 3474 5464 58.

1919 5480 2127 5546 imperii
2157 5480 2244 5533 55.

1991 5545 2103 5618 (79)
2158 5549 2228 5600 De
2290 5546 2475 5599 aulicis
2526 5548 2840 5618 proceribus
2891 5563 2916 5598 a
2972 5549 3311 5618 (lupi-onynio
3362 5545 3478 5599 neci

1920 5616 2146 5672 addictis
2176 5618 2510 5679 Nicephorus
2543 5619 2591 5669 in
2624 5616 2898 5669 Breviario
2936 5620 3000 5669 :nl
3035 5636 3123 5670 an.
3153 5616 3277 5672 766.
3378 5634 3381 5635 ν

1991 5688 2100 5756 (80)
2138 5687 2278 5742 Idem
2317 5686 2644 5755 Nicepburtts
2675 5704 2758 5754 up.
2794 5689 2885 5741 cit.
2919 5692 2982 5740 ad
3019 5702 3103 5740 ait.
3143 5685 3267 5740 765.
