4220 6442
748 374 849 437 507

1765 382 1827 442 S.
1869 381 2291 444 NICEPHORI
2324 384 2833 446 PATRIARCHAE
2871 387 2981 447 (ΣΡ.

3908 393 4012 456 508

720 488 981 547 ,Μὴ-ἰείη·
1001 487 1203 556 exegit,
1229 488 1353 558 quia
1384 487 1581 543 divinis
1611 488 1893 546 beneficiis
1917 493 2018 546 fttit
2046 496 2320 565 indignus.
2352 504 2386 557 Α

2352 504 2399 557 Α
2428 496 2641 567 σώματι
2672 494 2900 566 τέθνηκε
2948 512 2963 528 ο
3001 494 3097 548 καὶ
3134 491 3276 550 αύτά
3330 511 3395 563 γε
3451 495 3627 549 ταῦτα
3683 495 3823 550 Θεοῦ
3874 516 4009 569 συγ.

750 580 869 647 Vel,
908 590 965 633 ut
997 581 1168 650 magis
1216 580 1432 649 proprie
1480 570 1750 647 dicamus,
1810 584 1919 638 Deo
1952 595 2164 655 tempus
2192 604 2320 657 pro-

752 674 984 737 ferente,
1010 674 1264 742 justeque
1315 674 1658 739 consulente,
1707 687 1765 729 ut
1795 675 1882 729 hic
1911 677 2075 730 etiam
2097 695 2321 734 suorum

753 764 1053 817 facinorum
1082 778 1271 832 poenas
1316 765 1513 833 partim
1572 767 1900 833 degustaret,
1959 783 2190 838 moxque
2216 785 2324 823 non

752 862 873 911 sine
907 859 1160 927 gravibus
1190 858 1467 914 doloribus
1504 861 1871 927 turpissimam
1908 862 2074 916 vitam
2101 865 2325 933 abrum-

754 958 925 1016 peret,
980 960 1168 1017 parata
1228 951 1330 1005 sibi
1382 969 1411 1007 a
1465 954 1642 1006 divina
1691 955 1899 1022 ultione
1962 957 2230 1025 sultplicia
2272 957 2325 1011 in

754 1050 1030 1107 posterum
1064 1042 1388 1096 immortalia
1418 1055 1472 1097 et
1497 1046 1612 1099 sine
1642 1046 1749 1101 line
1783 1049 1950 1103 miser
1984 1059 2322 1118 recepturus,

754 1133 1065 1187 acerbiores
1095 1136 1304 1188 scilicet
1354 1151 1416 1189 ac
1449 1139 1842 1204 diuturniores,
1877 1154 1999 1196 cum
2030 1153 2183 1210 patre
2222 1158 2324 1196 suo

756 1237 1032 1292 pinnasque
1072 1226 1372 1293 cohaerede,
1408 1228 1460 1281 in
1489 1230 1730 1297 gehenua
1780 1233 2055 1287 cruciatus
2107 1248 2329 1301 perpes-

755 1331 934 1369 SUI'IIS.

829 1600 917 1655 72.
954 1599 1102 1667 Quas
1129 1617 1260 1658 vero
1283 1603 1599 1675 contingunt
1646 1605 1763 1676 ejus
1795 1610 2075 1677 victorias,
2112 1627 2189 1668 ea:
2220 1613 2324 1668 hu-

753 1692 992 1760 jusmodi
1055 1705 1200 1760 sunt,
1251 1705 1305 1750 et
1359 1712 1520 1752 unam
1553 1715 1585 1755 e
1628 1702 1882 1757 maximis
1940 1716 2325 1761 memoremus.

758 1786 1048 1856 Postquam
1080 1789 1479 1857 expeditionem
1515 1794 1753 1861 suscepit
1784 1795 2046 1850 adversus
2068 1798 2327 1853 occiden-

758 1879 921 1933 talem
972 1880 1128 1934 noois
1163 1879 1480 1950 Scythicum
1533 1885 1787 1952 populum
1822 1886 1958 1955 (81),
2013 1889 2326 1944 universum

756 1986 913 2025 sumu
951 1973 1220 2026 contraxit
1255 1975 1355 2027 sub
1382 1973 1532 2040 signa
1562 1976 1890 2040 exercitum,
1925 1980 2327 2049 commis<oque

757 2077 878 2115 cum
922 2062 1168 2116 hostibus
1200 2062 1410 2131 praelia,
1436 2079 1597 2134 quam
1627 2066 1753 2120 felix
1782 2069 1943 2124 fuerit
1976 2071 2095 2125 belli
2128 2073 2328 2139 exitus,

756 2153 968 2220 publica
1005 2163 1128 2207 sunt
1172 2155 1504 2210 testimonia.
1544 2157 1676 2211 Nam
1702 2175 1872 2229 usque
1912 2165 1979 2215 ad
2016 2164 2155 2219 hanc
2184 2166 2325 2220 diem

758 2246 901 2299 circa
930 2245 1246 2300 Anchialum
1268 2247 1381 2317 (8‘2)
1415 2249 1630 2316 urbem,
1660 2251 1828 2305 valles
1850 2254 2135 2323 campique
2160 2258 2331 2313 inter-

761 2337 1025 2391 fectormn
1081 2341 1319 2419 membra
1391 2341 1790 2398 demonstrant.
1862 2344 1995 2399 Nam
2062 2346 2332 2419 Scythicis

759 2428 952 2498 gladiis
987 2440 1215 2485 cunctus
1247 2446 1382 2499 pene
1440 2432 1803 2489 Romanorum
1834 2437 2108 2493 exercitus
2144 2442 2333 2494 conci-

762 2535 854 2573 sus
881 2519 1001 2573 fuit.
1056 2518 1211 2586 Quod
1247 2521 1292 2576 si
1346 2522 1602 2591 exiguum
1657 2525 1878 2594 aliquod
1935 2543 2034 2583 nec
2066 2532 2333 2599 gravioris

765 2610 924 2677 plane
959 2614 1217 2667 momenti
1251 2614 1382 2681 egit,
1418 2616 1467 2668 id
1491 2616 1709 2685 quidem
1752 2618 1981 2688 legimus
2010 2621 2063 2675 in
2094 2623 2213 2691 ejus
2250 2624 2335 2678 lit-

767 2705 896 2759 teris
928 2705 994 2758 ad
1057 2706 1217 2773 regina
1252 2706 1403 2759 urbis
1461 2707 1665 2762 incolas
1710 2711 1970 2778 scriptis;
2018 2713 2072 2767 in
2136 2715 2334 2783 quibus

767 2796 920 2849 valde
948 2811 1008 2850 se
1052 2796 1222 2865 jactat
1262 2797 1349 2850 hic
1391 2800 1661 2853 mendacii
1718 2802 1955 2857 famulus
2001 2815 2057 2859 et
2113 2807 2332 2871 sodalis,

768 2886 995 2940 multum
1028 2902 1244 2955 quoque
1278 2887 1369 2942 Dei
1420 2890 1607 2945 odium
1652 2893 1880 2948 inlinitis
1914 2894 2241 2963 iuramentis
2271 2899 2337 2952 ad

771 2976 1051 3032 Creatoris
1084 2981 1466 3034 contumeliam
1524 2981 1776 3050 prolatis,
1810 2997 1923 3053 pne
1949 3001 2008 3040 se
2045 2987 2179 3052 fert;
2214 3003 2337 3043 cum

770 3069 1023 3122 videlicet
1052 3080 1262 3139 gentem
1293 3071 1440 3125 illam
1489 3073 1750 3129 adversus
1803 3076 1969 3131 duces
2002 3094 2131 3134 suos
2166 3082 2340 3135 rebel-

2427 591 2799 660 χωρήσαντος,
2849 588 2951 641 οὐκ
2999 587 3394 659 εύδοκήσαντος
3425 605 3441 622 ο
3488 589 3709 653 ἀνάξιος
3751 592 3862 663 γάρ
3911 594 4010 664 τῆς

2427 676 2583 746 παρά
2609 676 2746 730 Θεοῦ
2777 675 3096 747 εὐεργεσίας
3122 692 3138 707 ⁸
3165 676 3197 747 ἢ
3232 678 3565 746 οἰκειότερον
3608 680 3804 742 εἰπεῖν,
3873 682 4011 735 ἀνα-

2427 767 2759 837 ϐαλλομένου
2815 768 2907 821 τὸν
2954 769 3145 839 χρόνον
3198 770 3294 823 καὶ
3347 770 3513 833 ἀξίως
3544 770 3889 839 δικάζοντος,
3925 774 4011 828 ἶνα

2427 859 2708 915 κάνταῦθα
2759 859 2868 913 τῶν
2911 860 3334 932 τετολμημένων
3383 862 3508 914 ὅσον
3579 863 4002 931 ἀπογεύσασθαι

2426 950 2582 1013 δίκας
2625 950 3115 1021 είσπραττόμενος,
3166 952 3385 1021 πικρῶς
3444 953 3541 1004 καὶ
3596 953 3876 1024 ὀδυνηρῶς
3913 957 4013 1026 τὴν

2428 1041 2714 1113 αἰσχίστην
2737 1040 3020 1114 ἀπορρήξῃ
3047 1042 3213 1113 ζωὴν,
3243 1042 3312 1095 τὰ
3337 1042 3819 1114 τεθησαυρισμένα
3856 1047 4012 1115 αύτῷ

2430 1132 2581 1201 παρά
2605 1135 2703 1204 τῆς
2733 1134 2879 1196 θείας
2904 1134 3062 1205 δίκης
3090 1134 3509 1203 ἀποληψόμενος
3538 1137 3597 1187 ἐν
3629 1135 3706 1205 τῷ
3754 1137 4008 1204 μέλλοντι

2427 1223 2670 1276 ἀθάνατα
2693 1222 2790 1275 καὶ
2811 1223 3091 1293 ἀπέραντα
3127 1226 3155 1277 ό
3182 1223 3443 1293 δύστηνος
3480 1224 3963 1295 κολασθησόμενος
3996 1241 4008 1254 ·

2430 1313 2759 1384 πικροτέρας
2786 1313 2937 1384 αὐτῷ
2960 1314 3055 1366 καὶ
3082 1315 3425 1385 μακροτέρας
3459 1312 3575 1382 ἅμα
3599 1314 3678 1384 τῷ
3703 1315 3883 1385 -πατρδ
3916 1316 4014 1369 καὶ

2432 1404 2855 1476 συγκληρονόμῳ
2883 1406 3069 1468 αὑτοῦ,
3122 1404 3421 1476 θεοκρίτως
3469 1408 3527 1459 ἐν
3556 1408 3621 1477 τῇ
3652 1407 3847 1477 γεέννῃ
3908 1407 4011 1476 τῆς

2430 1496 2699 1567 τιμωρίας
2734 1496 3171 1567 ἐτοιμασθείσης.

2501 1605 2598 1677 οβ’.
2639 1607 2738 1670 ‘Ac
2774 1606 2830 1661 δὲ
2890 1606 3315 1661 ἐπιπλάττουσιν
3358 1608 3508 1679 αύτῷ
3542 1608 3719 1673 νίκας,
3758 1608 4013 1663 τοιαῦταί

2429 1698 2574 1763 τινές
2609 1699 2770 1761 εἰσιν,
2805 1697 2893 1751 ἵνα
2942 1698 3073 1769 μιᾶς
3127 1697 3235 1751 τῶν
3287 1699 3598 1768 κρατίστων
3646 1701 4009 1771 ἐπιμνησθῶ-

2436 1806 2536 1860 μεν
2553 1789 2650 1859 (k).
2680 1788 2899 1861 Ἐπειδὴ
2928 1790 3347 1862 παρεσκεύαστο
3366 1791 3429 1845 τὺ
3456 1790 3597 1861 πρὸς
3619 1791 3857 1860 δυσμαῖς
3882 1792 4014 1860 ἡμῖν

2431 1877 2738 1949 ᾠκισμένον
2765 1878 3028 1934 Σκυθικὸν
3060 1880 3215 1945 ἔθνος
3264 1882 3599 1952 ἀμύνασθαι,
3664 1884 4013 1954 συναθροίζει

2431 1968 2497 2040 δὴ
2528 1969 2675 2024 ἅπαν
2702 1969 2763 2024 τὸ
2789 1970 2880 2026 ὑπ’
2902 1969 3052 2042 αύτῷ
3084 1971 3401 2043 στράτευμα
3422 1990 3438 2007 ο
3466 1975 3548 2038 είς
3576 1975 3768 2045 χεῖράς
3804 1991 3866 2027 τε
3899 1976 4016 2036 τοῖς

2430 2061 2714 2132 πολεμίοις
2745 2060 2858 2130 ἰὼν,
2906 2064 3091 2117 ὁποῖον
3128 2063 3278 2136 αὐτῷ
3324 2065 3388 2118 τὸ
3431 2065 3527 2119 τοῦ
3559 2066 3802 2136 πολέμου
3850 2065 4012 2129 τέλος

2431 2150 2785 2223 κατώρθωτο,
2822 2155 3094 2224 μαρτυρεῖ
3124 2152 3193 2207 τά
3214 2152 3515 2225 φαινόμενα
3535 2172 3550 2186 ο
3584 2155 3747 2226 μέχρι
3775 2155 3891 2225 γὰρ
3919 2155 4015 2208 καὶ

2434 2248 2674 2317 σήμερον
2705 2244 2774 2298 τὰ
2802 2245 2947 2300 κατὰ
2978 2247 3075 2318 τὴν
3115 2246 3403 2316 Ἀγχίαλον
3431 2247 3783 2318 καλουμένην
3831 2247 4013 2312 πόλιν,

2433 2336 2587 2389 κοῖλα
2611 2337 2704 2389 καὶ
2729 2334 3030 2406 πεδιάσιμα
3055 2338 3253 2407 χωρία,
3292 2337 3328 2392 ἃ
3384 2337 3495 2391 τῶν
3548 2338 3917 2411 ἀνῃρημένων
3948 2338 4017 2391 τὰ

2432 2427 2584 2481 κῶλα
2612 2425 2829 2490 ἐδέξατο
2847 2426 3228 2481 ὑποδείκνυσιν
3248 2444 3262 2458 ·
3290 2427 3452 2499 ἔργον
3478 2429 3586 2498 γὰρ
3610 2427 3711 2498 τῆς
3738 2426 4017 2497 Σκυθικῆς

2437 2516 2733 2588 μαχαίρας,
2786 2516 2932 2569 ἀπαν
2964 2516 3153 2586 σχεδὸν
3202 2517 3266 2570 τὸ
3311 2518 3423 2571 τῶν
3465 2516 3755 2589 Ῥωμαίων
3786 2518 4015 2587 ἐγένετο

2437 2611 2778 2680 στράτευμα.
2806 2610 2871 2663 El
2900 2610 2955 2664 δέ
2993 2627 3047 2663 τι
3082 2610 3280 2681 μικρὸν
3308 2612 3403 2664 καὶ
3435 2611 3497 2663 οὐ
3537 2612 3678 2665 πάνυ
3728 2611 4015 2680 ἀξιόλογον

2436 2702 2651 2773 ἔδρασε,
2688 2701 2831 2756 καθά
2859 2719 2924 2770 γε
2966 2704 3098 2772 ἡμῖν
3134 2703 3200 2756 ἐκ
3247 2702 3358 2756 τῶν
3407 2703 3813 2774 γεγραμμένων
3867 2702 4019 2773 αὐτῷ

2436 2794 2575 2864 πρὸς
2616 2793 2744 2856 τοὺς
2800 2792 3219 2864 ἐνηυλισμένους
3266 2794 3409 2848 κατά
3437 2794 3537 2866 τὴν
3598 2794 4017 2864 βασιλεύουσαν,

2438 2885 2865 2954 ἀναλεξαμένοις
2894 2885 3166 2953 ἔγνωσται
3186 2903 3201 2917 ·
3232 2888 3291 2939 ἐν
3320 2882 3403 2950 οἷς
3445 2887 3616 2940 πολλά
3651 2888 4021 2957 κατακομπά-

2442 2995 2536 3043 σας
2570 2980 2599 3033 ὁ
2630 2978 2725 3032 τοῦ
2756 2976 2985 3047 ψεύδους
3014 2977 3297 3049 ὑπηρέτης
3331 2978 3426 3031 καὶ
3463 2977 3784 3050 σύντροφος,
3815 2978 4022 3047 πολλὴν

2439 3070 2627 3142 δὲτὴν
2673 3069 2974 3140 θεομαχίαν
3024 3070 3090 3123 ἐκ
3143 3072 3240 3139 τῆς
3284 3069 3516 3141 ἀπείρου
3562 3071 3895 3141 πολυορκῐας
3938 3074 4022 3141 ἐφ’

771 3158 970 3251 [autem
1028 3161 1384 3229 deprehendit
1435 3164 1710 3236 (namque
1750 3166 1854 3225 hoc
1927 3184 2070 3239 saepe
2134 3172 2411 3251 faciuntc

2368 3194 2411 3251 ο
2444 3162 2599 3233 ὕϐρει
2630 3161 2724 3216 τοῦ
2748 3162 3050 3225 κτίσαντος
3098 3160 3531 3233 προϐαλόμενος,
3558 3163 3723 3231 ἡνίκα
3763 3163 3826 3216 τὸ
3872 3163 4024 3227 ἔθνος

772 3248 1010 3320 Scythae,
1045 3262 1229 3319 utpote
1252 3255 1540 3310 barbarico
1575 3274 1725 3312 more
1784 3260 1998 3327 imbuti,
2027 3272 2085 3317 et
2120 3265 2253 3318 duas
2285 3265 2337 3319 in
2380 3248 2398 3251 ⁷

2380 3248 2398 3251 ⁷
2443 3254 2572 3323 περὶ
2600 3254 2728 3317 τοὺς
2748 3253 2983 3315 οἰκείους
3017 3252 3294 3322 ἡγεμόνας
3320 3253 3706 3314 διαστασιάζον
3728 3252 4019 3307 κατέλαϐεν

772 3352 955 3409 partes
1004 3342 1321 3411 plerumque
1345 3345 1527 3412 divisi,
1561 3346 1607 3399 si
1643 3347 1781 3402 forte
1822 3349 1943 3403 illos
1976 3351 2342 3409 voluntatibus

769 3433 884 3487 suis
939 3433 1272 3489 obsistentes
1314 3438 1734 3508 cognoverint).
1789 3441 1920 3506 Qua:
1975 3443 2171 3498 seditio
2214 3455 2343 3501 tunc

768 3524 966 3578 accidit
1020 3541 1141 3579 cum
1200 3527 1454 3582 dominus
1522 3529 1742 3584 illorum
1796 3529 2053 3599 Sabinus,
2110 3536 2176 3588 ad
2232 3536 2339 3589 Ro-

769 3627 958 3667 manos
994 3616 1254 3683 profugus
1314 3617 1513 3672 defecit
1539 3618 1673 3690 (85).
1734 3620 1888 3676 Tunc
1938 3622 2102 3689 igitur
2165 3626 2342 3694 gentis

768 3705 928 3761 civile
961 3702 1248 3762 dissidium
1286 3718 1339 3764 et
1395 3709 1611 3775 seditio,
1668 3712 1884 3767 brevem
1936 3715 2200 3771 Mantonae
2267 3721 2340 3773 rei

770 3799 908 3852 bene
978 3800 1228 3868 gerendae
1298 3803 1640 3858 occasionem
1703 3805 1870 3861 dedit.
1938 3808 2159 3861 Interim
2220 3825 2345 3863 vero

769 3890 1126 3947 Orientalium
1169 3893 1532 3949 Barharorum
1565 3895 1646 3949 vel
1671 3897 1841 3949 solam
1879 3899 2212 3952 mentionem
2263 3916 2347 3953 re-

772 3984 1131 4049 l‘ormidabat;
1196 3985 1270 4038 ita
1331 3996 1389 4038 nt
1442 3987 1495 4039 in
1551 3988 1819 4041 concione
1871 3988 2095 4051 dixerit,
2152 4004 2346 4042 senon

771 4076 972 4128 audere
1026 4074 1111 4127 vel
1170 4085 1360 4129 contra
1394 4091 1595 4144 paucos
1644 4078 1860 4131 illorttm
1912 4096 2033 4133 cum
2093 4082 2347 4134 universo

771 4167 1009 4218 etercitu
1069 4180 1169 4219 suo
1216 4180 1445 4234 pugnam
1484 4181 1796 4223 conserere.
1858 4166 1964 4222 Sed
2024 4185 2145 4222 eum
2207 4171 2348 4238 apud

773 4257 920 4324 ipsos
971 4271 1121 4310 more
1180 4258 1344 4312 solito
1396 4258 1573 4312 civilis
1617 4270 1924 4314 commotus
1981 4267 2064 4314 est
2114 4260 2345 4328 gladius,

777 4352 1094 4417 ferrumque
1122 4350 1187 4404 de
1205 4351 1440 4418 partium
1479 4352 1792 4406 diversitate
1815 4352 2158 4415 decernebat,
2192 4362 2353 4421 atque

776 4442 830 4494 in
870 4453 1111 4495 mutumn
1166 4444 1397 4497 ruebant
1471 4444 1724 4509 exitium,
1792 4443 2101 4497 latrocinali
2163 4446 2346 4513 potius

2440 3347 2537 3399 καὶ
2566 3345 2674 3416 γὰρ
2710 3345 2871 3399 τοῦτο
2924 3344 3191 3408 πολλάκις
3220 3346 3397 3397 ποιεῖν
3429 3346 3613 3407 αὐτοῖς
3652 3345 3900 3408 εὐπετὲς.
3929 3346 4026 3399 an

2444 3438 2799 3509 βαρϐαρικοῖς
2855 3437 3043 3509 ἡθεσιν
3089 3436 3530 3507 ἐντρεφομένοις,
3586 3438 3683 3491 καὶ
3736 3437 3862 3507 διχῆ
3913 3439 4028 3500 τοῖς

2445 3530 2670 3598 μέρεσιν
2695 3529 2771 3592 ὡς
2802 3527 2871 3581 τά
2904 3527 3073 3581 πολλά
3096 3528 3519 3598 διαιρουμένοις,
3543 3529 3670 3582 ὅταν
3693 3527 3874 3581 αὐτῶν
3905 3530 4028 3590 ταῖς

2415 3693 2419 3696 γ
2446 3618 2662 3689 βουλαῖς
2712 3617 3277 3687 ἀντικαθισταμένους
3306 3618 3488 3671 ἴδωσιν
3509 3635 3522 3648 ·
3554 3618 3583 3671 ὃ
3632 3619 3697 3689 δὴ
3752 3618 3848 3671 καὶ
3876 3636 4030 3688 τηνι-

2444 3711 2621 3765 καῦτα
2673 3712 2702 3763 ὁ
2733 3711 2942 3764 τούτων
2972 3709 3162 3780 κύριος
3214 3710 3705 3780 ἐπιϐουλευόμενος
3758 3710 4025 3773 πέπονθε,

2445 3800 2671 3863 Σαϐῖνος
2700 3801 2761 3871 (Ι)
2789 3800 2960 3870 ὄνομα
2997 3796 3066 3870 ἦν
3117 3799 3284 3869 αὐτῷ,
3338 3801 3434 3853 καὶ
3482 3800 3658 3868 φυγὰς
3706 3800 3843 3870 πρὸς
3896 3801 4029 3852 Ῥω-

2450 3891 2641 3960 μαίους
2674 3891 2944 3961 ἀπῴχετο.
2993 3892 3128 3944 Τότε
3176 3890 3271 3945 οὖν
3311 3890 3460 3961 αὐτῷ
3492 3893 3525 3961 η
3558 3891 3654 3944 τοῦ
3678 3891 3865 3954 ἔθνους
3902 3893 4028 3944 καθ’

2448 3983 2608 4037 ἐαυτὺ
2638 3982 2874 4053 διαφορά
2900 3984 2994 4036 καὶ
3024 3983 3237 4047 στάσις,
3274 3983 3417 4057 κατά
3444 3983 3617 4053 βραχῦ
3650 3982 3781 4049 γοῦν
3814 3983 4032 4035 εὐδοκι-

2452 4075 2624 4145 μῆσαι
2662 4074 3005 4144 παρέσχετο·
3058 4076 3185 4135 τοὺς
3238 4074 3295 4126 δέ
3348 4075 3485 4143 πρὸς
3536 4074 3689 4144 ἣλιον
3737 4074 4032 4143 ἀνίσχοντι

2452 4166 2763 4238 βαρϐάρους
2805 4166 2901 4219 καὶ
2945 4167 3024 4228 εἰς
3054 4167 3278 4236 μνήμην
3319 4165 3500 4229 ἰόντας
3532 4166 3719 4219 ἐδεδίει
3756 4167 4031 4234 μάλιστα·

2452 4258 2528 4321 ὡς
2566 4259 2663 4311 καὶ
2686 4258 2772 4310 ἐπ’
2808 4257 3111 4325 ἐκκλησίας
3164 4258 3486 4328 κηρύσσειν,
3523 4258 3600 4329 μὴ
3647 4259 3876 4329 θαρρεῖν
3911 4262 4035 4313 κατ’

2452 4351 2666 4418 ὀλίγους
2696 4349 2900 4411 αὐτῶν,
2930 4350 3007 4419 τῷ
3039 4351 3130 4403 ὑπ’
3178 4351 3328 4419 αὐτῷ
3374 4351 3489 4421 ἅμα
3534 4351 3698 4403 παντὶ
3739 4350 4035 4419 ὁπλιτικῷ,

2456 4444 2535 4505 είς
2556 4441 2751 4494 ταυτὸν
2784 4441 2963 4510 μάχης
3008 4441 3143 4493 ἰέναι
3174 4439 3395 4492 πώποτε
3419 4456 3432 4470 ·
3475 4441 3678 4493 ὁπόταν
3705 4440 3761 4493 δὲ
3805 4442 4037 4502 αὐτοὺς,

776 4551 940 4601 quam
974 4535 1196 4589 militari
1245 4550 1397 4590 more
1447 4552 1545 4591 ceu
1580 4536 1889 4606 incognitus
1935 4537 2186 4589 Armenze
2226 4550 2349 4603 pro-
2385 4544 2426 4599 ι)

2385 4544 2426 4599 ι)
2454 4531 2597 4586 οὕτω
2622 4532 2962 4601 συνενεχθὲν,
2982 4532 3248 4603 ἐμφύλιος
3274 4533 3490 4585 διέλαϐε
3536 4533 3801 4603 μάχαιρα,
3838 4535 3937 4587 καὶ
3966 4533 4040 4585 σξ-

779 4626 989 4679 vincias
1031 4626 1311 4691 invadens,
1362 4628 1581 4681 castella
1638 4628 1747 4680 illic
1783 4616 1928 4694 cepit
1957 4627 2355 4680 consentienti-

780 4718 879 4769 hus
900 4719 1107 4771 incolis.
1129 4719 1372 4772 Armenii
1392 4730 1571 4771 autem
1595 4718 1824 4791 Syrique
1843 4717 2139 4772 Christiani
2156 4728 2311 4771 erant
2335 4735 2352 4784 ;

783 4824 959 4877 neque
994 4810 1137 4863 enim
1195 4812 1335 4865 hosti
1386 4826 1595 4881 pagano
1649 4826 1885 4879 unquam
1936 4809 2049 4878 ipse
2075 4810 2352 4863 occurris-

783 4909 906 4962 set;
947 4914 1083 4966 quos
1109 4899 1274 4953 etiam
1297 4898 1433 4969 (84),
1462 4909 1652 4952 contra
1687 4900 1866 4953 datam
1899 4898 2253 4966 jurejurando
2290 4897 2356 4951 fi-

782 4991 927 5056 dein,
953 4989 1169 5044 exsules
1225 4992 1502 5046 transtulit
1549 4991 1615 5046 ad
1652 4990 1901 5046 Thracias
1958 4991 2135 5044 lines:
2198 4989 2355 5059 cujus

859 5148 971 5221 (8t)
1002 5147 1264 5217 Bulgaros
1288 5158 1343 5203 et
1374 5148 1618 5214 Hunnos,
1652 5158 1711 5203 ut
1745 5149 1821 5204 ait
1843 5149 1985 5204 idem
2030 5146 2363 5218 Ntcephorus

785 5220 842 5273 in
868 5220 1170 5273 llréviario.

861 5289 973 5359 (b2)
1011 5289 1164 5359 Apud
1202 5286 1479 5342 Petavium
1511 5290 1564 5343 in
1602 5288 1748 5343 dicto
1779 5287 2080 5357 Nicephoro
2105 5297 2363 5359 excerpta

786 5357 981 5430 omne
997 5357 1250 5430 Ἀχελὼν,
1281 5362 1555 5430 mendose,
1580 5359 1824 5430 itemque
1847 5360 2068 5411 Omnino
2088 5358 2226 5430 apud
2256 5357 2363 5410 Ha-

793 5425 1091 5483 tuartolum'
1142 5441 1196 5482 et
1248 5429 1516 5483 Siculum.
1577 5425 1831 5483 Petavius
1890 5425 2133 5493 scripsit
2172 5425 2362 5482 Latine

794 5499 1102 5560 Acheloum,
1127 5499 1447 5553 existimans
1470 5500 1541 5553 ita
1568 5500 1895 5561 emendare;
1921 5498 2015 5551 sed
2046 5511 2169 5549 vera
2204 5498 2361 5551 lectio

794 5580 879 5640 est
924 5569 1133 5626 codicis
1175 5571 1342 5622 nostri
1384 5568 1631 5624 Vaticani
1695 5566 2361 5640 ‘Ayxiakov,Auchiq!_um.

799 5639 865 5694 Et
892 5639 1109 5706 quidem
1141 5640 1379 5694 vocabuli
1421 5652 1622 5694 rectam
1659 5636 1979 5705 scripturam
2016 5638 2180 5690 habet
2214 5636 2365 5706 Nice-

798 5705 1004 5777 phorus
1032 5712 1083 5763 itt
1124 5710 1408 5764 Breviario
1450 5712 1514 5763 ad
1544 5724 1630 5762 an.
1671 5709 1795 5771 705,
1828 5711 1914 5762 ubi
1954 5708 2220 5775 infelicem
2260 5705 2364 5760 Co-

800 5781 1046 5851 prunymi
1098 5782 1164 5835 ad
1217 5781 1538 5835 Anchialum
1587 5795 1817 5849 pugnant
1883 5778 2171 5845 describit;
2231 5793 2364 5846 prte-

2459 4624 2621 4695 δηρος
2651 4619 2719 4694 ἦν
2750 4625 2777 4676 ὁ
2798 4622 3035 4687 δικάζων
3057 4623 3165 4676 τῶν
3188 4623 3421 4693 γνωμῶν
3438 4625 3496 4676 τὸ
3525 4624 3680 4691 ἀμψή
3692 4640 3899 4693 ριστον.
3932 4625 4037 4674 καὶ

2460 4714 2559 4784 τὴν
2579 4716 2663 4767 ἐπ’
2686 4714 2936 4784 ἀλλήλοις
2964 4714 3349 4784 ὲχειρούργουν
3378 4714 3781 4783 πανωλεθρίαν,
3811 4714 4041 4785 λῃστρι-

2461 4803 2700 4873 κώτερόν
2727 4820 2844 4866 πως
2878 4802 3130 4875 μᾶλλονῆ
3164 4801 3676 4874 στρατηγικώτερον
3734 4803 3811 4866 ὡς
3857 4804 4043 4873 λησων

2463 4895 2636 4948 ἐπιὼν
2697 4895 2811 4957 τοῖς
2835 4895 2934 4962 τῆς
2976 4894 3268 4965 ’Δρμενίας
3333 4894 3586 4965 χωρίοις,
3638 4896 3747 4947 τῶν

2462 4988 2740 5061 φρουρίων
2799 4988 2947 5057 αἱρεῖ
3014 4985 3279 5057 ὁμολογίᾳ
3362 4985 3469 5039 τῶν
3554 4988 4039 5057 προσοικούντων·

3821 4894 4043 4961 ἐκείνης

2472 5156 2553 5201 ter
2601 5145 2762 5199 aliam
2818 5145 3180 5200 calamitatem
3239 5144 3378 5211 apud
3424 5144 3669 5198 eamdem
3720 5145 4044 5200 Anchialum

2468 5232 2557 5271 an.
2592 5216 2717 5271 766.

2540 5286 2651 5356 (85)
2679 5285 2868 5340 Sabini
2897 5284 3251 5356 Bulgarorum
3277 5284 3431 5337 duris
3455 5283 3815 5356 defectionem
3843 5299 3871 5335 a
3904 5286 4043 5348 suis,

2469 5364 2524 5410 et
2550 5353 2629 5409 'atl
2659 5353 3061 5423 Copronymuin
3098 5353 3398 5423 perfugium
3427 5393 3442 5414 ,
3475 5366 3658 5407 narrat
3705 5353 3848 5405 inter
3881 5369 4047 5408 ra-te-

2470 5440 2591 5485 ros.
2626 5422 2809 5479 noster
2835 5424 3168 5493 Nicephorus
3203 5427 3254 5477 in
3292 5422 3588 5484 Breviario.
3622 5424 3688 5476 ad
3716 5436 3807 5478 an.
3843 5423 3971 5478 763.

2540 5494 2651 5563 (84)
2688 5493 2885 5549 Noster
2920 5495 2971 5547 in
3008 5494 3309 5553 Breviario,
3342 5494 3406 5546 ad
3442 5511 3531 5547 an.
3563 5494 3687 5547 753.

2539 5564 2611 5635 υς)
2650 5564 2724 5617 De
2757 5563 3083 5635 Copronymi
3117 5564 3278 5635 modo
3314 5564 3580 5628 victoriis,
3617 5566 3777 5620 modo
3804 5565 4047 5619 \‘iciSaittt

2467 5634 2711 5689 cladibus
2744 5634 3022 5689 Cedrenus
3050 5645 3180 5688 tom.
3212 5634 3302 5685 rit.

2539 5705 2602 5768 (Ι)
2637 5705 2708 5757 De
2744 5705 2844 5757 hoc
2876 5704 3080 5758 Sabino
3128 5705 3336 5771 legatur
3366 5700 3727 5769 TlteOphanes
3760 5705 3813 5759 iu
3846 5704 4047 5760 Chron.

2470 5774 2535 5828 ad
2570 5774 2901 5845 Copronymi
2958 5789 3156 5828 annum
3205 5773 3296 5837 2i,
3324 5773 3523 5827 Christi
3558 5774 3660 5828 756
