4220 6442
743 423 836 485 521

746 628 1007 694 regnique
1043 635 1252 691 tempus
1281 637 1386 680 tam
1410 629 1459 682 ei
1495 631 1760 697 prolixum
1796 632 1918 695 fuit,
1955 650 2116 702 quam
2151 648 2318 701 prope

745 720 1060 773 universum
1142 717 1242 772 fuit
1320 721 1532 776 vivendi
1614 723 1953 777 intervallum
2034 724 2314 780 Mamurius.

749 810 875 863 Scio
907 811 1156 876 equidem
1219 811 1421 865 Christi
1474 813 1868 880 professionem
1913 818 2004 870 tibi
2066 818 2318 872 ruborem

749 917 855 953 non
911 903 1070 955 esse'
1113 901 1406 967 illaturatn,
1466 906 1761 973 quominus
1833 919 2044 975 gratum
2117 909 2320 964 habeas

750 989 979 1043 Ilerodis
1054 1007 1270 1060 quoque
1343 991 1746 1048 infanticitlium
1828 997 2070 1062 laudari;
2158 999 2322 1065 idque

752 1096 912 1134 unum
974 1081 1196 1147 dolere,
1279 1083 1421 1151 quod
1495 1086 1754 1154 quaesitus
1820 1087 1947 1152 ille,
2017 1091 2319 1144 occisorum

751 1188 978 1225 numero
1049 1188 1153 1227 non
1187 1175 1258 1229 sit
1297 1177 1742 1246 comprehensus,
1777 1181 1870 1233 sed
1910 1178 2034 1249 fuga
2077 1181 2128 1233 in
2155 1180 2323 1251 Egy-

752 1271 900 1329 ptmn
951 1265 1207 1316 evaserit.
1257 1263 1396 1318 Ecce
1440 1267 1584 1320 enim
1626 1277 1831 1335 septem
1893 1284 2055 1336 supra
2100 1272 2320 1339 triginta

753 1353 911 1407 annis
943 1370 1166 1423 regnum
1191 1356 1445 1422 Herodis,
1481 1370 1534 1412 ιιι
1563 1362 1736 1422 aiunt,
1764 1361 2098 1427 perduravit.
2130 1364 2325 1418 Mirare

756 1443 884 1496 mihi
916 1447 1076 1497 etiam
1108 1449 1496 1502 Atheniensem
1526 1448 1870 1504 Timotheum
1909 1453 2023 1521 (8(3)
2057 1455 2148 1521 qui
2191 1456 2322 1508 bea-

756 1543 842 1586 tus
879 1535 1150 1591 fortunam
1226 1539 1410 1592 habuit
1463 1539 1514 1592 in
1563 1541 1670 1594 vita
1717 1547 2075 1612 gerendarum
2143 1562 2322 1601 rerum

756 1626 1030 1679 comitem.
1051 1627 1162 1683 Cur
1196 1629 1320 1683 item
1345 1627 1790 1684 Seuacherimum
1823 1633 2125 1702 uonjactas
2156 1637 2316 1691 alios-

757 1732 862 1784 que
915 1718 1258 1788 Assyriorum
1323 1722 1541 1788 reges?
1598 1730 1655 1774 ut
1699 1723 1863 1776 etiam
1909 1727 1974 1776 ad
2028 1725 2327 1780 vetustiora

759 1809 886 1864 hinc
925 1825 1308 1866 convertamur
1330 1832 1343 1878 ;
1367 1824 1421 1868 et
1450 1798 1568 1884 post
1619 1816 1738 1871 illos
1765 1818 1846 1872 vel
1874 1828 2002 1874 ante
2031 1820 2189 1886 illos;
2223 1819 2329 1876 Na-

759 1900 1269 1957 buchodonosorum
1299 1904 1523 1974 ejusque
1557 1921 1781 1975 regnum
1805 1925 1982 1963 nonne
2017 1913 2327 1968 admirahe-
2361 1878 2403 1932 Β

763 1991 883 2045 ris?
914 1997 1264 2060 quamobrem
1298 1997 1462 2050 etiam
1490 1996 1716 2051 malleus
1751 2000 2022 2054 universae
2050 2013 2206 2056 terra:
2263 2004 2332 2057 ab

759 2083 998 2136 oraculis
1021 2084 1258 2151 Spiritus
1285 2088 1664 2142 denominatus
1689 2089 1792 2143 fuit
1811 2091 1877 2154 ⁸³,
1913 2094 1978 2145 ad
2000 2097 2330 2148 conterenda

760 2174 1142 2244 perdcudaque
1177 2177 1358 2230 omnia
1401 2179 1600 2248 quibus
1629 2181 1924 2248 ingrueret.
1951 2181 2088 2236 Medi
2124 2199 2249 2237 vero
2281 2193 2334 2237 et

764 2265 964 2328 l'ersm,
1037 2281 1307 2336 quatenus
1341 2285 1368 2322 a
1412 2272 1518 2323 Deo
1575 2273 1965 2328 sanctificati“
1992 2285 2045 2329 et
2091 2277 2331 2340 deducti,

761 2356 1119 2425 gigantesque
1153 2358 1506 2414 advenientes
1543 2377 1665 2415 cum
1700 2365 1898 2430 gaudio
1923 2365 2081 2418 simul
2113 2376 2169 2419 et
2196 2382 2327 2420 con-

765 2449 1004 2510 tumelia,
1031 2463 1221 2516 nempe
1239 2459 1294 2501 ut
1312 2450 1447 2504 iram
1462 2455 1849 2508 sauctitieamis
1867 2471 1960 2509 eos
1978 2457 2330 2525 complerent.

764 2533 828 2588 Et
857 2536 1101 2591 christus
1143 2537 1231 2592 |)ci
1252 2537 1450 2609 Cyrus,
1487 2542 1576 2610 qui
1599 2543 1812 2596 illorum
1837 2547 1944 2598 dux
1975 2556 2114 2609 crat,
2149 2548 2326 2615 appel-

764 2626 904 2680 Iatur
927 2629 1010 2693 ⁸⁵;
1048 2629 1154 2694 hic,
1213 2630 1460 2700 iuqttatn,
1497 2649 1674 2688 nonne
1711 2645 1762 2688 te
1809 2635 2040 2690 celerius
2069 2639 2135 2691 ad
2174 2639 2331 2694 fidem

764 2721 1061 2787 perducet?
1094 2720 1246 2774 Mitto
1271 2723 1448 2792 plura,
1496 2739 1562 2778 ne
1602 2727 1891 2780 verborqu
1935 2729 2186 2783 cumulus
2217 2730 2330 2783 fiat.

767 2811 875 2864 Sed
907 2811 1073 2873 dices,
1109 2811 1409 2866 Mamuuam
1444 2813 1688 2868 Thrarize
1719 2817 1936 2869 castella
1969 2821 2140 2872 muris
2182 2836 2332 2874 com-

765 2903 1008 2956 munisse
1040 2903 1175 2972 (87).
1209 2906 1279 2957 At
1323 2906 1578 2972 quoniam
1624 2907 1717 2960 tibi
1768 2909 1868 2962 hoc
1912 2909 1978 2962 ad
2016 2911 2173 2963 fidem
2217 2913 2334 2966 reli-

763 2997 970 3062 giosam
1031 2996 1208 3061 magni
1247 3000 1502 3050 momenti
1545 3010 1650 3061 est,
1684 3001 1862 3052 tribue
1903 3001 2130 3068 gloriam
2177 3003 2336 3071 hujus

769 3085 891 3138 fidei
923 3085 1166 3141 Romulis
1188 3097 1350 3156 atque
1376 3089 1576 3152 Remis,
1617 3089 1774 3160 140
1797 3102 1848 3142 et
1879 3092 2058 3146 linunt:
2086 3097 2336 3148 maxima:

766 3179 943 3246 cogita
981 3179 1375 3245 celebritatem,
1432 3190 1486 3235 et
1522 3183 1791 3236 excelsum
1836 3183 2170 3239 fundationis
2222 3187 2336 3254 ejus

769 3269 958 3322 decus.
1019 3269 1301 3324 Ᾰζιιιιιιιιιε
1359 3273 1674 3339 religionem
1713 3275 1882 3336 illius,
1944 3277 2034 3344 qui
2088 3294 2336 3348 magnam

773 3361 1012 3413 t'nndidit
1035 3361 1440 3429 Alexandriam,
1471 3365 1573 3419 loci
1607 3367 1935 3434 ohstupesce
1963 3371 2343 3437 opportunita-

773 3460 904 3512 tem,
954 3449 1167 3519 Nilique
1225 3468 1354 3505 arva
1414 3455 1695 3522 irrigantis
1753 3454 2088 3510 incrementa
2141 3475 2342 3524 annua,

771 3559 1004 3611 eumque
1034 3553 1089 3594 ut
1131 3543 1468 3598 fructiferum
1531 3547 1735 3601 honore
1781 3563 2130 3618 prosequere,
2184 3559 2346 3620 atque

775 3636 847 3688 ita
882 3653 908 3686 ει
934 3639 1137 3690 veteris
1166 3636 1550 3707 Egyptiorum
1580 3641 1990 3708 superstitionis
2017 3658 2205 3698 errore
2237 3659 2343 3698 non

781 3728 980 3780 aberis.
1035 3727 1204 3782 Ninus
1239 3730 1335 3782 tibi
1364 3741 1528 3798 caput
1571 3731 1931 3799 professionis
1959 3744 2098 3799 esto,
2129 3736 2219 3804 qui
2251 3752 2350 3790 suo

779 3819 1196 3872 nomineurhem
1244 3819 1473 3875 Niniven
1526 3823 1806 3885 excitavit.
1870 3824 2025 3892 cujus
2085 3828 2350 3883 transitus

781 3913 940 3962 triutn
966 3912 1175 3966 dierum
1217 3911 1416 3968 itinere
1448 3913 1663 3968 demum
1696 3915 2106 3985 perficiebatur.

853 4170 940 4225 74.
978 4170 1173 4226 Transi
1206 4173 1357 4238 hinc,
1405 4174 1451 4228 si
1489 4175 1584 4229 tibi
1625 4175 1828 4230 volenti
1870 4185 1976 4240 est,
2019 4178 2086 4231 ad
2131 4179 2346 4234 Israeli-

784 4263 905 4316 tit-ze
935 4263 1111 4330 gentis
1135 4279 1308 4332 rcges,
1341 4279 1638 4333 eorumque
1664 4265 1977 4322 felicitatem
2007 4277 2062 4322 et
2095 4271 2353 4338 regnandi

782 4355 1014 4420 spatium
1090 4357 1395 4410 considera.
1469 4357 1618 4414 Unus
1683 4360 1780 4413 tibi
1851 4361 2024 4415 instar
2103 4363 2354 4417 oumium

784 4443 1037 4512 sufﬁciet,
1101 4447 1268 4501 decus
1303 4449 1582 4503 enimvero
1623 4452 1817 4519 ingens
1852 4462 1906 4508 et
1935 4453 2164 4521 gloriam
2218 4457 2352 4510 reli-

1769 428 1826 486 S.
1857 416 2280 488 'NICEPHOBI
2326 427 2829 488 PATRMRCHAS
2864 425 2972 485 (ΣΡ.
3901 409 3962 475 Si

744 549 944 590 unnum
1005 535 1246 605 potentia
1305 537 1481 591 minor
1520 555 1683 608 quam
1753 541 2122 596 Romanorum
2177 543 2309 606 fuit;
2347 548 2388 603 Α

2436 562 2524 595 ρων
2575 545 2688 603 τοῖς
2733 539 3024 608 Ῥωμαίων
3070 537 3388 604 ἠλάττωτο·
3439 531 3533 588 καί
3564 532 3631 586 τά
3675 532 3773 601 τῆς
3826 531 4014 601 ἀρχῆς

3979 411 4016 472 Ξ

2421 631 2569 697 αὐτῷ
2599 629 2956 700 παρετέτατο,
2989 629 3067 691 εἰς
3087 627 3213 680 ὅσον
3231 627 3291 680 τὸ
3313 629 3423 680 πᾶν
3443 626 3542 694 τῆς
3579 624 3833 692 Μαμωνᾶ
3860 621 4014 688 ζωῆς

2423 723 2630 792 σχεδὸν,
2665 720 3247 790 συμπαρατεινόμενον
3273 718 3399 787 ἔσχε
3435 717 3496 769 τὸ
3528 716 3808 784 διάστημα
3833 732 3846 744 ⁸
3887 709 4016 765 οἶδα

2420 813 2528 881 γὰρ
2562 811 2636 872 ὡς
2664 811 2763 864 οὐκ
2795 812 2858 865 ἄν
2896 826 2954 861 σε
2993 809 3083 862 τὸν
3109 809 3372 879 ὑϐριστὴν
3403 810 3436 876 ἡ
3465 805 3560 859 τοῦ
3605 804 3843 876 Χριστοῦ
3878 805 4019 855 ἀπο-

2420 902 2604 972 γραφὴ
2633 903 3008 972 δυσωπήσειεν
3029 918 3042 930 ·
3074 901 3148 962 ὡς
3175 899 3368 970 χάριέν
3395 910 3474 951 σοι
3507 898 3600 950 καὶ
3631 897 3728 966 τὴν
3766 894 4017 966 Ἡρώδου

2423 993 2806 1046 παιδοκτονίαν
2833 991 3180 1053 ἀσπάζεσθαι
3207 1007 3219 1021 ο
3367 990 3448 1042 ἐνὶ
3472 989 3528 1041 δέ
3563 1005 3618 1039 σε
3653 991 3816 1057 μόνον
3852 986 4018 1053 χαλεο

2424 1086 2636 1139 παίνειν
2665 1085 2758 1137 καὶ
2806 1084 3113 1154 ἄχθεσθαι,
3149 1084 3231 1136 ὅτι
3269 1084 3343 1153 μὴ
3383 1085 3476 1136 καὶ
3510 1084 3537 1134 ό
3569 1081 3911 1151 ζητούμενος
3957 1079 4022 1129 ἐν

2423 1179 2537 1240 τοίς
2566 1176 2937 1246 ἀνῃρημένοις
2959 1175 3454 1246 συμπεριείληπτο,
3480 1175 3656 1241 φυγὰς
3681 1172 3736 1224 δέ
3758 1169 4022 1239 ἁπῲχετο

2424 1269 2561 1339 πρὸς
2588 1269 2686 1334 τὴν
2715 1268 3011 1334 Αἴγυπτον,
3039 1267 3229 1336 ἐπειδὴ
3251 1268 3391 1319 ἐπτά
3421 1266 3558 1335 πρὸς
3578 1268 3692 1328 τοῖς
3709 1266 4020 1336 τριάκοντα

2425 1359 2570 1410 ἔτεσι
2599 1359 2742 1411 κατά
2775 1358 2874 1428 τὴν
2902 1357 3068 1410 αὑτοῦ
3104 1356 3404 1427 βασιλείαν,
3425 1355 3500 1418 ὦς
3528 1372 3715 1423 φασιν,
3763 1351 4021 1422 Ἡρώδης

2423 1449 2704 1519 διήρκεσε.
2741 1448 3002 1518 Θαύμαζέ
3028 1465 3118 1517 μοι
3146 1447 3242 1501 καὶ
3268 1448 3359 1500 τὸν
3395 1447 3687 1516 Ἀθηναῖον
3722 1443 4020 1513 Τιμόθεον,

2426 1541 2487 1604 ὃς
2521 1541 2622 1612 τὴν
2651 1541 2820 1610 τύχην
2851 1539 3108 1593 εύπαθῶν
3129 1543 3186 1593 ἐν
3211 1539 3290 1607 τῷ
3325 1539 3426 1608 βίῳ
3451 1538 3576 1607 ἔσχε
3616 1536 4017 1607 συμπράττου-

2431 1648 2556 1685 σαν⁶
2589 1633 2641 1684 τί
2693 1631 2750 1684 δέ
2790 1633 2912 1700 οὐχὶ
2963 1630 3040 1701 τῷ
3074 1631 3419 1700 Σεναχηρεὶμ
3458 1628 3847 1697 ἐγκαλλωπίζῃ
3873 1666 3890 1688 ,
3923 1626 4020 1678 καὶ

2429 1725 2540 1785 τοῖς
2571 1722 2750 1786 ἄλλοις
2790 1723 2837 1774 οἳ
2872 1724 2980 1774 τῶν
3029 1723 3333 1792 Ἀσσυρίων
3381 1719 3841 1790 βεϐασιλεύκασιν
3877 1735 3892 1782 ;
3926 1719 4020 1770 ἵνα

2431 1816 2568 1886 πρὸς
2614 1814 2685 1868 τὰ
2733 1814 3068 1884 παλαιότερα
3100 1812 3353 1866 ἐντεῦθεν
3403 1813 3844 1882 ἀναδράμωμεν·
3895 1812 4020 1879 μετ’

2433 1909 2676 1969 ἐκείνους
2726 1907 2780 1959 δέ
2819 1907 2909 1958 καὶ
2941 1907 3082 1973 ὑπὲρ
3110 1904 3352 1964 ἐκείνους
3374 1947 3387 1969 ,
3417 1904 3508 1956 τὸν
3537 1902 4020 1972 Ναϐουχοδονόσορ

2434 2000 2526 2052 καὶ
2580 2000 2678 2066 τὴν
2731 1998 2942 2050 ἐκείνου
2998 1997 3320 2050 δυναστείαν
3373 1997 3470 2065 ούχ
3543 1993 4018 2064 ύπερεκπλήττῃς

2432 2089 2554 2140 ὅθεν
2591 2089 2683 2139 καὶ
2726 2087 2907 2156 σφύρα
2951 2087 3130 2156 πασης
3167 2089 3265 2155 τῆς
3320 2085 3422 2153 γῆς
3455 2084 3609 2154 παρά
3659 2083 3766 2135 τῶν
3803 2082 4015 2148 λογίων

2433 2177 2524 2230 τοῦ
2574 2179 2895 2244 Πνεύματπς
2940 2177 3331 2246 ἐπωνόμασται
3359 2217 3371 2234 ,
3402 2176 3479 2242 τῷ
3528 2175 3870 2244 διαφθείρειν
3927 2174 4023 2226 καὶ

2435 2269 2726 2321 ἀπολλύειν
2760 2268 3004 2329 ἅπαντας
3037 2266 3160 2320 καθ’
3193 2261 3268 2318 ὧν
3301 2269 3366 2318 3w
3417 2266 3722 2318 ἐπετίθετο.
3759 2265 3939 2332 Μῆδοι
3964 2263 4020 2316 δέ

2435 2359 2529 2410 καὶ
2575 2359 2780 2427 ιΙὲρσαι
2808 2400 2821 2422 ,
2852 2359 2974 2410 ἐπεὶ
3013 2357 3108 2409 καὶ
3159 2358 3485 2427 ἡγιασμένοι
3538 2356 3690 2425 παρά
3739 2354 3879 2406 Θεοῦ
3929 2355 4024 2407 καί

2435 2449 2733 2517 ἀγόμενοι,
2775 2449 2871 2502 καὶ
2919 2448 3180 2515 γίγαντες
3229 2449 3516 2519 ἐρχόμενοι
3566 2446 3850 2515 χαίροντες
3903 2445 4022 2513 ἃμα

2435 2542 2527 2594 καὶ
2559 2541 2894 2612 ὑϐρίζοντες,
2929 2540 3003 2602 ὡς
3040 2541 3131 2594 τὸν
3177 2539 3350 2608 θυμὸν
3400 2538 3494 2590 τοῦ
3524 2537 3844 2604 ἀγιάζοντος
3880 2538 4024 2588 ἀπο-

2437 2634 2756 2704 πλήσοντες,
2789 2633 2884 2684 καὶ
2911 2631 3092 2701 Κύρος
3123 2631 3346 2700 χριστός
3375 2633 3403 2683 ὀ
3426 2629 3518 2682 τοῦ
3550 2628 3708 2692 Θεοῦ,
3731 2628 3790 2688 ὃς
3814 2628 4026 2680 τούτων

2435 2718 2536 2794 ἦγε
2564 2722 2624 2774 τὸ
2654 2723 2883 2792 ὅρμημα
2915 2721 3377 2790 προσηγόρευται,
3409 2721 3509 2772 οὐκ
3537 2720 3601 2773 ἀν
3639 2735 3698 2770 σε
3721 2717 3917 2770 θᾶττον
3947 2721 4024 2780 εἰς

2438 2819 2624 2868 πίστιν
2657 2815 3065 2881 ἐπαγάγοι-κω
3119 2813 3366 2882 Παρίημι
3407 2811 3463 2864 δέ
3496 2812 3564 2862 τὰ
3603 2811 3776 2863 πολλὰ
3807 2810 3900 2863 διὰ
3935 2813 4025 2863 τὸν

2436 2904 2591 2974 ὄχλον
2620 2905 2727 2956 τῶν
2758 2906 3038 2974 ῥημάτων.
3077 2904 3239 2956 Ἀλλὰ
3282 2905 3496 2972 φήσεις,
3530 2903 3610 2955 ὅτι
3656 2903 3722 2954 τὰ
3754 2903 3848 2954 ἐπὶ
3878 2903 4027 2972 Θρᾲ-

2437 3013 2540 3064 κης
2561 2997 2863 3065 ἐπετείχισε
2891 2995 3145 3066 φρούρια,
3171 2994 3265 3047 καὶ
3288 2997 3335 3046 εί
3373 2995 3513 3063 μέγα
3545 3012 3624 3046 σοι
3642 2992 3800 3046 τοῦτο
3824 2995 3904 3056 είς
3935 2995 4025 3046 πί-

2443 3102 2578 3149 στιν,
2603 3087 2746 3138 δίδου
2773 3089 2831 3139 τὸ
2854 3088 3008 3147 κλέος
3038 3086 3139 3152 τῆς
3163 3086 3400 3146 πίστεως
3437 3083 3669 3152 Ῥώμοις
3701 3083 3811 3134 τισί
3836 3099 3895 3134 τε
3931 3085 4025 3135 καὶ

2453 3179 2695 3246 Ῥήμοις,
2730 3181 2823 3231 καὶ
2855 3179 2953 3248 τῆς
2997 3179 3262 3246 μεγίστης
3305 3175 3524 3244 Ῥώμης
3561 3176 3731 3228 ἐννόει
3768 3177 3830 3228 τὸ
3861 3193 4025 3246 περι-

2447 3268 2613 3336 φανὲς
2642 3270 2737 3322 καλ
2767 3268 3078 3338 ἐπῃρμένον
3110 3267 3208 3336 τῆς
3242 3271 3506 3329 κτίσεως·
3556 3266 3717 3336 ζήλου
3754 3268 3854 3335 τὴν
3886 3267 4024 3338 θρη-

2448 3361 2636 3412 σκείαν
2671 3360 2877 3412 ἐκείνου
2900 3403 2917 3426 ,
2946 3359 3003 3422 ὃς
3037 3360 3135 3428 τὴν
3188 3358 3436 3425 μεγάλην
3469 3357 3723 3426 ἐδείματο
3768 3358 4028 3424 Ἀλεξάν-

2445 3452 2656 3520 δρειαν,
2689 3452 2785 3503 καὶ
2823 3452 2884 3503 τὸ
2915 3451 3008 3504 τοῦ
3060 3450 3261 3520 χωρίου
3297 3449 3595 3518 θαυμάζων
3638 3450 3884 3513 εὔθετον,
3934 3452 4032 3503 καὶ

2445 3543 2539 3595 τοῦ
2569 3543 2956 3607 ἐπικλύζοντος
3011 3542 3205 3596 Νείλου
3251 3542 3358 3595 τῶν
3395 3543 3579 3612 ἐκείνῃ
3610 3543 3678 3594 τα
3723 3543 3850 3612 ὅρια
3882 3583 3895 3604 ,
3929 3543 4031 3604 τὰς

2448 3635 2744 3698 ἀναϐάσεις
2761 3636 2858 3697 τὰς
2884 3633 3155 3703 ἐτησίους,
3181 3635 3275 3687 καὶ
3294 3634 3368 3696 ὠς
3399 3633 3744 3702 καρποδότην
3762 3633 4032 3698 δοξάζων,

2449 3727 2547 3796 τῆς
2575 3727 2815 3788 παλαιᾶς
2847 3726 2941 3778 καὶ
2972 3725 3370 3793 δεισιδαίμονος
3411 3724 3521 3777 τῶν
3552 3722 3872 3790 Αἰγυπτίων
3927 3724 4033 3775 οὐκ

2451 3817 2750 3887 ἀποσταίης
2811 3817 3042 3884 πλάνης.
3114 3816 3171 3866 Ὀ
3240 3816 3400 3877 Nm;
3457 3831 3542 3867 σοι
3580 3814 3682 3882 τῆς
3740 3814 4036 3883 ὁμολογίας

2450 3908 2720 3976 ἡγείσθω,
2753 3907 2810 3970 ὃς
2841 3906 3135 3975 ἐπώνυμον
3165 3905 3344 3973 ἐαυτῷ
3371 3905 3472 3975 τὴν
3503 3904 3660 3958 πόλιν
3705 3905 3900 3975 ἤγειρε
3933 3905 4037 3974 τὴν

2451 4000 2680 4068 Νινευῆ,
2703 3995 2770 4068 ἧς
2802 3999 2836 4068 ἡ
2856 3998 2973 4061 ὁδὸς
3002 3997 3228 4068 ἡμερῶν
3257 3996 3425 4066 τριῶν
3446 3995 3522 4066 τῷ
3550 3997 3817 4067 περιιόντι
3843 3996 4038 4051 διανυ-

2455 4089 2738 4159 σθήσεται.

2525 4181 2616 4234 οϐ’.
2648 4179 2935 4246 Μετάϐηθι
2963 4179 3234 4242 ἐντεῦθεν,
3255 4179 3307 4232 εἴ
3333 4196 3414 4232 σοι
3433 4179 3602 4246 δοκεῖ,
3628 4179 3722 4232 ἐπὶ
3739 4180 3869 4242 τοὺς
3896 4178 4042 4231 κατά

2455 4271 2546 4324 τὸν
2587 4271 2930 4342 Ἰσραηλίτην
2961 4270 3088 4323 λαὸν
3117 4271 3463 4340 ὑπάρξαντας
3487 4271 3740 4342 βασιλέας
3760 4312 3773 4334 ,
3804 4273 3902 4324 καὶ
3940 4273 4041 4339 τὴν

2461 4363 2546 4414 ἐπ’
2577 4364 2761 4424 αὐτοῖς
2806 4363 3109 4432 εὐημερίαν
3142 4367 3234 4414 καὶ
3262 4364 3354 4415 τὸν
3385 4364 3577 4433 χρόνον
3621 4361 3996 4432 περιεργάζει-δ
4018 4379 4034 4392 ·

2460 4447 2538 4516 εἷς
2561 4454 2616 4506 δέ
2653 4471 2735 4505 σοι
2768 4453 2890 4506 ἀντὶ
2920 4454 3139 4506 πάντων
3169 4455 3478 4524 ἀποχρήσει
3510 4495 3524 4517 ,
3561 4455 3714 4514 κλέος
3753 4456 3896 4522 μέγα
3945 4455 4040 4506 καὶ

784 4537 962 4604 giouis
994 4539 1233 4593 habens!
1275 4538 1366 4594 Est
1401 4541 1485 4594 hic
1537 4540 1895 4598 .Ierohoamus
1945 4559 2138 4600 servus
2183 4557 2235 4600 et
2272 4565 2358 4602 re-
2391 4562 2403 4617 ι

2460 4545 2685 4616 αύχημα
2719 4545 3082 4614 προκείμενος
3117 4546 3376 4608 πίστεως.
3397 4545 3677 4616 Ἰεροϐοὰμ
3700 4539 3855 4608 οὗτός
3892 4548 4039 4598 ἐστιν

785 4627 956 4681 hellis.
991 4626 1282 4698 Postquam
1314 4631 1456 4684 enim
1511 4631 1767 4687 Salomon
1825 4637 2101 4704 prophetae
2137 4638 2355 4694 Davidis

788 4718 928 4771 illius
952 4734 1015 4771 ex
1052 4719 1151 4772 hac
1192 4720 1298 4773 vita
1338 4721 1611 4789 migravit,
1664 4722 1752 4776 ille
1794 4736 1856 4776 ex
1891 4721 2126 4794 Egypto
2169 4727 2348 4790 rediit,

788 4809 877 4862 ubi
915 4810 1172 4880 profugus
1197 4824 1352 4866 antea
1398 4813 1650 4868 latuerat.
1693 4815 1864 4869 Tanta
1891 4830 2022 4870 vero
2045 4815 2259 4872 fortuna
2294 4835 2359 4874 ac

788 4905 1048 4957 felicitate
1085 4920 1211 4957 usus
1248 4915 1349 4973 est,
1381 4915 1436 4958 ut
1460 4916 1674 4975 gentem
1712 4909 1763 4960 iu
1794 4909 1929 4962 duas
1959 4920 2144 4976 partes
2167 4925 2358 4966 secare

789 4995 1047 5062 potuerit,
1074 5004 1124 5049 et
1149 4996 1441 5063 plurimum
1473 4999 1707 5051 tribuum
1745 5014 2033 5052 numerum
2061 5001 2357 5069 abducere,

790 5086 1176 5154 propriamque
1210 5087 1470 5140 ditionem
1493 5104 1555 5142 ac
1585 5105 1807 5158 regnum
1838 5089 1943 5143 sibi
1969 5105 2277 5160 segregare,
2307 5102 2363 5146 et

795 5177 938 5246 regia
961 5179 1209 5242 praetoria
1254 5187 1516 5243 statuere,
1551 5189 1710 5249 atque
1734 5196 1761 5232 a
1795 5179 1887 5234 Dei
1920 5181 2063 5236 cultu
2099 5185 2358 5254 populum

793 5266 1134 5331 abstrahere,
1202 5270 1647 5339 (temonibusque
1713 5272 1964 5325 exitiosis
2045 5276 2361 5339 admovere,

795 5374 988 5414 aureas
1047 5359 1264 5425 vitulas,
1321 5360 1439 5417 loco
1489 5376 1662 5417 sacrae
1717 5364 2016 5434 religionis,
2072 5366 2362 5420 stultorum

867 5512 1135 5568 '-Jercm.
1165 5533 1216 5579 ι,
1250 5514 1340 5569 25.
1417 5517 1462 5547 ’τ’
1485 5514 1686 5572 Jerem.
1727 5534 1862 5584 χχιι,
1893 5519 1949 5574 7.

820 5647 831 5744 ξ
874 5672 986 5739 (86)
1026 5671 1100 5725 lle
1163 5673 1362 5744 celebri
1413 5673 1512 5727 hoc
1551 5670 2186 5744 Timotheo._discipu|o
2229 5689 2362 5734 suo.

800 5740 892 5796 diu
923 5745 1157 5812 loquitur
1201 5741 1464 5798 Isocrates
1507 5744 1560 5796 itt
1585 5744 1844 5797 orationis
1878 5742 1951 5796 De
1976 5740 2362 5811 permutatione

807 5828 958 5884 parte
983 5832 1146 5877 nova,
1171 5831 1328 5882 quam
1363 5833 1457 5868 nos
1488 5812 1770 5869 Mediolani
1799 5815 1925 5868 ulittt
1961 5815 2201 5869 Latinam
2229 5815 2357 5870 feci.

2460 4645 2488 4695 ό
2515 4641 2701 4704 δοῦλος
2741 4641 2833 4693 καὶ
2863 4640 3206 4708 ἀποστάτης·
3235 4638 3426 4706 ἐπειδὴ
3460 4639 3570 4709 γὰρ
3596 4637 3851 4706 Σολομὼν
3885 4639 3914 4690 ὁ
3949 4638 4042 4690 τού

2464 4735 2743 4806 προφήτου
2773 4733 2937 4786 Δαϐὶδ
2983 4735 3110 4795 παῖς
3151 4735 3250 4801 τῆς
3301 4730 3538 4786 ἐνταῦθα
3576 4729 3722 4798 ζωῆς
3753 4731 4041 4783 ἀπαλλάτ·

2463 4843 2621 4878 τεται
2645 4866 2660 4890 ,
2692 4825 2750 4891 ἐξ
2791 4824 3066 4891 Αἰγύπτου
3097 4823 3367 4885 ἐπάνεισι,
3399 4822 3575 4889 φυγὰς
3604 4823 3780 4874 ἐκεῖσε
3811 4822 3880 4873 τὸ
3908 4823 4044 4890 πρὶν

2465 4915 2705 4986 ἀποδράς
2735 4931 2748 4944 ·
2779 4916 2858 4975 είς
2889 4913 3146 4967 τοσοῦτον
3169 4913 3224 4966 δέ
3257 4915 3326 4966 τὰ
3360 4913 3458 4980 τῆς
3489 4911 3657 4980 τύχης
3685 4912 3778 4963 καὶ
3804 4912 3914 4980 τῆς
3960 4914 4049 4964 εῂ-

2466 5003 2703 5074 ημερίας
2737 5002 2886 5074 αὑτῷ
2925 5003 3248 5063 ἐπιδέδοται,
3277 5001 3352 5065 ὡς
3395 5001 3594 5064 ἱκανῶς
3625 5001 3772 5070 ἔχειν
3801 5003 3895 5054 τὸν
3917 5004 4050 5055 λαὸν

2476 5094 2745 5148 διελέσθαι
2784 5095 2910 5165 διχῆ
2935 5135 2950 5159 ,
2979 5095 3075 5148 καὶ
3139 5095 3236 5152 τὰς
3291 5093 3548 5156 πλείστας
3579 5093 3687 5145 τῶν
3729 5093 3917 5160 φυλῶν
3953 5097 4052 5146 Er:-

2469 5186 2811 5255 ἀγαγέσθαι,
2845 5186 2938 5239 καὶ
2977 5184 3151 5255 ἀρχὴν
3179 5184 3389 5238 οἰκείαν
3433 5185 3528 5236 καί⁸
3581 5181 3863 5251 βασιλείαν
3907 5184 4050 5236 ἀπο-

2470 5274 2772 5344 τεμέσθαι,
2814 5275 2902 5328 καὶ
2942 5275 3190 5344 βασίλεια
3250 5271 3732 5342 καταστήσασθαι,
3791 5275 3888 5325 καὶ
3947 5275 4049 5342 τῆς

2475 5367 2603 5436 περὶ
2669 5367 2804 5419 Θεὸν
2854 5366 3109 5435 λατρείας
3175 5365 3266 5417 τὸν
3319 5365 3446 5416 λαὸν
3511 5365 3822 5430 ἀπαγαγεῖν
3861 5405 3875 5428 ,
3951 5365 4051 5418 καὶ

2025 5519 2069 5552 ⁸⁸
2101 5519 2352 5585 lsa.x1.v,
2394 5519 2443 5573 t.

2471 5690 2591 5727 mus
2637 5681 2798 5741 atque
2853 5673 3279 5732 illustravimus.
3334 5690 3442 5742 quo
3498 5685 3740 5742 tempore
3796 5675 4050 5730 litterarii

2472 5760 2664 5796 rursus
2699 5747 2868 5797 nostri
2901 5745 3206 5798 tirocinium
3243 5748 3541 5810 posuimus.

2547 5815 2659 5882 (87)
2695 5813 3026 5886 Nieephorus
3057 5817 3109 5869 iit
3149 5814 3442 5877 Htctiario,
3478 5817 3541 5868 a-l
3576 5833 3662 5868 an.
3703 5814 3824 5870 7.33.
