4220 6442
754 368 856 429 529

1774 369 1833 426 S.
1879 368 2289 427 NICEPIIORI
2334 368 2837 427 P.\TlllARCll.E
2878 368 2987 427 ΕΡ.
3896 373 4013 433 520

754 494 835 527 ua
890 475 1101 528 illorum
1138 485 1190 527 et
1226 473 1554 525 iinitationcs
1621 472 1847 525 omnino
1912 472 2321 536 exterminavit,
2354 478 2398 532 Α

2354 478 2398 532 Α
2426 488 2485 523 τε
2526 467 2591 525 αὖ
2628 472 2722 523 καὶ
2774 473 3001 540 τεμένη,
3038 471 3093 523 ἐν
3130 464 3209 533 οἷς
3246 471 3351 522 τῶν
3396 472 3666 542 βδελυρῶν
3705 472 4007 543 δαιμονίων

756 564 961 632 Deique
993 565 1253 615 roliorans
1272 563 1695 625 confeSsionem,
1723 578 1880 615 sacra
1913 562 2111 630 templa
2138 572 2324 616 nostra

752 657 998 709 condidit
1078 667 1130 707 et
1190 658 1447 720 ornavit,
1495 654 1876 707 liberalitatem
1931 653 2222 722 plurimam
2273 663 2329 707 et

755 744 1255 813 magnanimitatem
1290 760 1415 811 erga
1471 758 1533 796 ea
1615 756 1959 809 expromens,
1990 740 2323 793 libertatem-

752 853 858 906 que
880 846 933 887 et
958 835 1209 887 ﬁduciam
1240 834 1569 889 Christianis
1608 833 1839 901 largitus
1865 841 1967 885 est.
1996 830 2135 895 Quin
2160 831 2324 883 etiam

757 933 807 982 iu
845 930 1115 999 religiosis
1164 944 1192 982 a
1232 943 1290 981 se
1327 926 1572 980 finiditus
1606 927 1895 980 :edilicatis
1942 926 2051 978 Deo
2114 926 2326 993 templis

752 1040 860 1074 Sac:
876 1039 905 1075 a
926 1023 1164 1091 symbolo
1192 1038 1396 1089 magna:
1425 1021 1514 1073 Dei
1539 1023 1876 1083 oeconomiae,
1898 1019 2253 1089 prodigiaqne
2272 1028 2327 1072 et

751 1113 935 1165 divina
971 1115 1121 1180 signa
1158 1122 1213 1164 et
1266 1112 1469 1164 Christi
1513 1122 1937 1178 sanctorumque
1975 1110 2090 1178 ejus
2117 1110 2323 1178 passio-

753 1219 849 1257 nes
876 1208 1153 1273 peispicue
1185 1205 1507 1273 magnisque
1540 1204 1802 1270 impensis
1834 1203 2205 1273 depingendas
2231 1218 2326 1256 co-

752 1298 910 1355 raiit.
947 1298 1104 1364 idque
1134 1298 1296 1350 etiam
1330 1298 1380 1347 in
1422 1296 1598 1348 sacris
1627 1296 1772 1347 vasis
1810 1294 2051 1363 alibique
2090 1296 2326 1348 honora-

752 1388 933 1439 biliter
964 1387 1161 1441 ellecit.
1197 1389 1371 1455 Atque
1406 1389 1530 1439 hinc
1558 1388 1732 1439 sacris
1756 1388 1965 1440 :edibus
1994 1397 2246 1439 ornatum
2273 1396 2327 1440 et

752 1480 1218 1546 pulchritudinem
1274 1478 1608 1539 conciliavit,
1647 1478 1813 1530 divini
1868 1476 2030 1530 simul
2079 1478 2326 1546 mysterii

751 1573 1029 1639 explicans
1060 1574 1471 1637 etlisserenSque
1504 1571 1631 1633 vini,
1668 1581 1722 1624 et
1768 1580 2101 1639 spectatores
2136 1571 2203 1624 ad
2236 1586 2325 1623 re—

756 1663 970 1733 ligionis
1018 1666 1334 1718 memoriam
1382 1666 1649 1724 excitans,
1693 1677 1759 1716 eo
1809 1664 1966 1731 plane
2007 1663 2169 1715 modo
2219 1676 2327 1729 quo

754 1766 1041 1808 narrantur
1068 1758 1135 1809 ab
1186 1755 1515 1823 Evangeliis,
1543 1770 1662 1823 qua:
1698 1763 1825 1806 sunt
1889 1753 2081 1806 harum
2139 1767 2324 1805 rerum

2429 562 2736 614 ἐπετελείτο
2763 564 2797 631 η
2820 561 3109 631 θεραπεία,
3148 564 3208 613 ἐκ
3242 561 3459 631 βάθρων
3490 560 3673 615 αὐτῶν
3704 580 4015 634 καταστρεο

2427 652 2690 721 ψάμενος,
2729 652 2925 714 θυσίας
2953 669 3009 704 τε
3052 652 3232 705 αύτῶν
3281 655 3377 705 καὶ
3416 653 3642 716 τελετὰς
3674 656 3907 723 πάμπαν
3954 658 4015 708 ὲκ

2433 743 2610 795 ποδῶν
2662 744 3058 813 ἐργαζόμενος,
3108 744 3207 806 τὰς
3251 744 3309 795 δὲ
3358 745 3495 815 πρὸς
3536 745 3669 798 Θεὸν
3721 748 4014 817 κρατύνων

2428 834 2743 903 ὁμολογίας,
2778 836 2909 898 τοὺς
2940 834 3061 887 καθ’
3088 837 3237 904 ἡμᾶς
3280 838 3460 906 ἱεροὺς
3488 840 3649 900 ναοὺς
3672 839 4013 909 ἁνεστήσατο

2428 929 2522 978 καὶ
2559 927 2852 995 ὲφαίδρυνε
2877 967 2892 990 ,
2926 928 3261 997 φιλοτιμίαις
3294 930 3369 991 ὼς
3402 929 3685 994 πλείσταις
3712 934 3805 983 καὶ
3838 949 4012 1001 μεγα-

2426 1015 2710 1085 λοψυχίαις
2742 1018 2819 1078 εἰς
2854 1018 3051 1076 αύτούς
3076 1018 3157 1069 ὅτι
3189 1018 3424 1086 μαλιστα
3447 1019 3752 1088 χρώμενος,
3785 1022 3883 1072 καὶ
3911 1022 4013 1090 τήν

2426 1125 2483 1161 τε
2514 1108 2829 1179 ἐλευθερίαν
2852 1110 2945 1162 καὶ
2972 1112 3281 1181 παρρησίαν
3307 1112 3654 1179 Χριστιανοίς
3680 1112 4009 1182 ἐχαρίσατο·

2426 1202 2486 1253 ού
2536 1201 2643 1271 μὴν
2673 1201 2729 1253 δὲ
2761 1202 2896 1255 ἀλλὰ
2928 1202 3021 1253 καὶ
3074 1204 3218 1253 κατᾶ
3245 1203 3374 1264 τοὺς
3424 1202 3759 1270 σεϐασμίους
3798 1204 4009 1267 οἴκους,

2427 1290 2519 1353 οὓς
2574 1291 2735 1355 αὐτὸς
2772 1290 2848 1360 τῷ
2892 1291 3009 1359 Θεῷ
3054 1291 3117 1343 ἐκ
3166 1289 3435 1359 θεμελίων
3483 1291 3710 1358 ἀνίστη·
3760 1290 3829 1342 τὰ
3892 1291 4012 1361 ἱερὰ

2431 1383 2678 1452 σύμϐολα
2726 1383 2825 1451 τῆς
2870 1384 3115 1452 μεγάλης
3154 1382 3244 1435 τοῦ
3281 1382 3416 1435 θεοῦ
3465 1383 3819 1452 οἰκονομίας,
3874 1383 4011 1435 θαύ-

2430 1476 2578 1544 ματὰ
2600 1492 2659 1527 τε
2712 1476 2806 1528 καὶ
2836 1474 3139 1543 θεοσημίας
3172 1476 3267 1527 καὶ
3300 1474 3637 1544 παθήματα,
3669 1476 3811 1544 πρὸς
3847 1474 3909 1527 δέ
3945 1492 4010 1541 γε

2429 1567 2524 1619 καὶ
2552 1566 2617 1619 τὰ
2643 1569 2751 1619 τῶν
2780 1568 2949 1633 ἁγίων
2974 1567 3162 1629 αὑτοῦ,
3196 1567 3383 1634 σαφῶς
3409 1572 3503 1619 καὶ
3531 1566 3836 1629 πολυτελῶς
3866 1568 4011 1630 ἐξει-

2431 1659 2657 1722 κονίζων
2705 1658 3020 1729 διέγραφεν,
3072 1659 3127 1711 ἔν
3172 1675 3231 1709 τε
3278 1660 3390 1719 τοῖς
3434 1661 3600 1727 ἱεροῖς
3649 1658 3871 1711 σκεύεσι
3917 1660 4013 1711 καὶ

2430 1749 2655 1817 ἑτέρωθι
2690 1750 2941 1817 πράττων
2973 1748 3292 1817 τετίμηκεν,
3327 1748 3581 1801 ἐντεῦθέν
3612 1767 3671 1801 τε
3714 1751 3883 1803 οῐκων
3918 1752 4011 1804 τὸν

759 1849 1073 1901 testimonia
1120 1848 1444 1902 indelebilis.
1496 1848 1613 1915 Ipsa
1659 1847 1841 1914 itaque
1885 1846 2080 1913 templa
2132 1859 2323 1913 magna
2360 1826 2401 1885 Β

2360 1826 2401 1885 Β
2432 1837 2817 1907 καλλωπισμὸν
2849 1839 2944 1891 καὶ
2971 1839 3068 1909 τὴν
3096 1839 3413 1909 ὡραιότητα
3438 1841 3831 1910 ἐργαζόμενος,
3869 1843 4009 1913 ὁμοῦ

751 1943 1127 2007 immensaque
1168 1954 1300 1994 voce
1349 1940 1728 1992 orthodoxiam
1772 1937 1889 2006 ejus
1912 1937 2152 1990 clamant
2184 1936 2321 2007 (9t).

756 2028 943 2095 Neque
989 2044 1179 2090 secus,
1230 2028 1323 2096 qui
1374 2035 1768 2080 conservantur
1846 2027 2022 2079 adhuc
2070 2041 2322 2079 cusorum

756 2120 912 2191 143
946 2122 1012 2171 ab
1046 2135 1111 2174 eo
1167 2119 1557 2172 nutnismatunt
1597 2119 1705 2187 typi
1749 2118 1887 2187 (95).
1913 2116 2049 2170 Hinc
2087 2133 2173 2170 res
2204 2117 2323 2169 feli-

754 2224 889 2264 citer
942 2222 1123 2280 gestas
1174 2224 1483 2277 cognosce,
1548 2211 1849 2277 qualesque
1892 2218 1947 2262 et
1996 2218 2229 2277 quantas
2261 2209 2326 2262 de

754 2308 1027 2357 extraneis
1062 2302 1316 2354 vii-turias
1352 2302 1618 2364 retulerit,
1652 2313 1707 2354 et
1741 2302 2011 2370 quomodo
2039 2302 2110 2355 illi
2152 2303 2327 2370 impc-

757 2396 892 2445 rium
924 2392 1249 2460 excrcve'rit,
1280 2402 1334 2446 et
1382 2393 1487 2445 vita
1528 2408 1781 2461 prospera
1834 2392 2016 2457 fuerit,
2063 2402 2116 2447 et
2150 2393 2326 2447 artatis

756 2497 983 2552 spatium
1020 2494 1279 2553 quantum
1330 2485 1577 2538 ltutnante
1631 2486 1754 2538 vita:
1788 2486 1998 2538 abunde
2046 2485 2325 2551 convenit,

756 2579 1071 2645 expleverit.
1094 2576 1231 2642 Quid
1260 2592 1395 2644 opus
1418 2588 1500 2630 est
1522 2579 1703 2631 dicere
1720 2592 1880 2644 quam
1912 2575 2143 2631 illustris
2166 2586 2327 2645 atque

756 2669 1026 2738 gloriosus
1066 2671 1242 2737 quoad
1292 2669 1429 2721 vixit
1478 2671 1796 2722 castiterit‘!
1830 2669 1982 2734 Quod
2015 2670 2059 2723 si
2087 2670 2325 2723 :edilica-

759 2764 963 2810 tiontun
993 2774 1155 2827 opera
1181 2758 1435 2811 admirari
1465 2759 1557 2811 tibi
1586 2758 1781 2827 placet,
1820 2773 1982 2812 cerne
2007 2759 2058 2812 in
2093 2760 2326 2813 transitu

760 2850 1078 2921 Byzantium
1138 2850 1189 2903 in
1230 2862 1488 2917 quantam
1547 2850 1771 2917 gloriam
1822 2863 2184 2920 ornatumque
2229 2867 2326 2906 ex-

762 2943 981 3005 tulerit,
1030 2951 1313 3010 tantOpere
1351 2957 1575 3009 augens,
1622 2942 1867 3010 pulchris
1918 2942 2191 2997 luminibus
2238 2958 2326 2997 se-

761 3040 993 3107 ptisque,
1033 3047 1190 3104 prout
1237 3036 1485 3089 idoneum
1514 3045 1632 3089 erat
1668 3038 1996 3105 recipienda:
2029 3039 2189 3107 regia:
2216 3037 2327 3092 Ro-

761 3142 1044 3180 manorum
1115 3126 1355 3179 stationi.
1428 3126 1538 3179 Cur
1597 3141 1906 3180 enumerem
1973 3130 2321 3182 tediliciorutn

764 3215 1161 3268 multitudinem
1210 3230 1273 3267 ac
1320 3215 1768 3283 magnitudinem,
1803 3216 1998 3283 quibus
2049 3230 2115 3270 ex
2146 3218 2323 3270 omni-

765 3306 865 3359 bus
900 3321 1166 3359 summam
1206 3316 1289 3358 est
1324 3306 1553 3374 gloriam
1584 3307 1831 3374 adeptus,
1867 3322 1986 3374 qua:
2045 3322 2218 3376 neque
2251 3308 2331 3361 vi-

765 3397 1011 3451 sentibus
1048 3396 1206 3447 facile
1233 3406 1316 3448 est
1364 3397 1845 3463 comprehendere,
1878 3412 2052 3466 neque
2092 3399 2324 3452 scriben-

766 3487 909 3539 tibus
961 3485 1220 3552 poSsibsle
1270 3497 1355 3538 est
1409 3501 1703 3554 exponere.
1752 3484 1921 3555 Perge
1949 3502 2132 3553 porro,
2176 3497 2231 3539 et
2268 3486 2333 3539 ad

765 3579 1019 3645 sequiora
1070 3586 1311 3643 tempora
1351 3577 1609 3641 veniens,
1644 3577 1792 3630 disce
1844 3592 1965 3645 qua:
2018 3586 2138 3646 post
2186 3578 2334 3632 illum

770 3685 922 3738 reges
987 3669 1310 3721 rettitudine
1378 3670 1685 3736 dogmattnu
1759 3669 1965 3735 praediti
2030 3668 2331 3723 elleccrint.

769 3760 963 3827 Specta
999 3761 1152 3825 mihi,
1210 3760 1254 3812 si
1310 3760 1421 3833 vis,
1466 3758 1850 3823 Theodosium,
1901 3768 1957 3811 ut
1986 3760 2053 3813 de
2091 3760 2335 3815 aediliciis

768 3867 1075 3905 sermonem
1107 3852 1440 3913 continuem,
1477 3862 1737 3919 quantum
1786 3850 2034 3903 eamdem
2070 3852 2337 3905 Constan-

770 3945 866 3996 tini
904 3945 1090 3996 urbem
1128 3942 1467 4013 ampliaverit
1493 3958 1554 3994 ac
1580 3941 2028 4011 inaguilicaverit,
2064 3940 2116 3995 et
2150 3944 2335 4012 qualia

773 4031 992 4099 templa,
1030 4041 1213 4099 utpote
1237 4033 1480 4084 eaunlcui
1506 4044 1569 4083 ac
1601 4030 1833 4096 majores
1871 4032 1952 4085 sui
1989 4033 2329 4089 orthodoxia:

772 4123 1032 4175 rationem
1068 4122 1327 4182 retinens,
1359 4121 1637 4174 Struxerit.
1683 4120 1890 4189 llcputa
1925 4136 2188 4175 annorum
2235 4140 2336 4177 uu-

768 4228 999 4275 meruni,
1055 4214 1146 4280 qui
1210 4212 1304 4264 tibi
1366 4213 1599 4265 maxime
1648 4213 1796 4265 cordi
1836 4221 2007 4266 estet
2055 4216 2332 4281 Optabilis,

770 4307 921 4375 regni
954 4306 1070 4374 ejus
1096 4304 1487 4374 prolixitatem,
1515 4315 1566 4358 tu
1594 4306 1682 4374 qui
1711 4307 2119 4360 diuturnitatem
2153 4308 2205 4360 in
2232 4309 2334 4363 hoc

770 4397 968 4449 innndo
990 4408 1235 4465 emptas,
1262 4405 1316 4449 et
1342 4394 1514 4449 lluan
1540 4412 1626 4449 res
1667 4395 2055 4449 absurdissime
2092 4398 2333 4451 adamas.

2430 1930 2520 1981 καὶ
2552 1928 2649 1999 τὴν
2688 1930 2782 1981 τοῦ
2819 1930 2965 1982 θείου
3002 1932 3309 2001 μυστηρίου
3361 1930 3612 1995 ὲξαπλῶν
3655 1934 3750 1985 καὶ
3780 1932 4009 2004 διατρα-

2428 2020 2536 2071 νῶν
2579 2021 2810 2089 δύναμιν
2834 2062 2848 2085 ,
2881 2022 2974 2074 καὶ
3024 2023 3150 2085 τοὺς
3188 2021 3500 2091 θεωμένους
3549 2022 3685 2095 πρὸς
3724 2024 4012 2087 εὐσεϐείας

2428 2112 2640 2178 ἐνάγων
2680 2112 3027 2181 ὑπόμνησιν·
3062 2113 3315 2183 καθάπερ
3352 2113 3688 2182 ὑπαγορεύει
3713 2113 3783 2166 τὰ
3831 2114 4013 2182 Εὐαγ-

2425 2202 2607 2270 γέλια.
2637 2204 2729 2255 καὶ
2764 2205 3039 2274 μάρτυρες
3076 2204 3281 2257 τούτων
3324 2205 3761 2275 ἀπαράγραπτοι
3794 2247 3809 2271 ,
3852 2208 4009 2258 αύτοί

2426 2312 2481 2346 τε
2512 2296 2559 2347 οἱ
2587 2296 2704 2347 ναοὶ
2734 2297 2874 2365 μέγα
2906 2298 3000 2350 καὶ
3038 2297 3363 2368 διαπρύσιον
3387 2299 3488 2367 τὴν
3516 2298 3729 2350 ἐκείνου
3762 2299 4010 2367 βοῶντες

2427 2386 2737 2457 ὀρθοδοξίαν
2762 2430 2777 2455 ,
2818 2390 2971 2442 οὐδὲν
3006 2390 3063 2443 δὲ
3103 2386 3266 2463 ἦττον
3293 2391 3385 2444 καὶ
3437 2394 3604 2444 είσέτι
3648 2392 3745 2445 καὶ
3770 2392 3867 2445 νῦν
3897 2394 4013 2447 δια-

2431 2482 2747 2549 σωζόμενοι,
2776 2482 2866 2534 τὸν
2900 2482 3035 2553 πρὸς
3076 2482 3239 2535 αὑτοῦ
3272 2484 3705 2552 κεχαραγμένων
3737 2486 4011 2554 νομισμά-

2430 2590 2535 2625 των
2556 2576 2603 2625 οἱ
2639 2574 2798 2626 τύποι
2839 2576 2942 2644 (r)-
2992 2574 3242 2627 ἐντεῦθεν
3291 2571 3383 2627 οὖν
3421 2576 3579 2644 δέχου
3623 2576 3692 2629 τὰ
3722 2576 4013 2647 κατορθώ-

2435 2684 2579 2733 ματα
2611 2661 2700 2720 οἷα
2736 2669 2833 2719 καὶ⁵
2866 2668 2995 2730 ὅσας
3024 2667 3167 2721 κατὰ
3209 2668 3408 2730 παντὸς
3450 2667 3659 2719 ὀθνείου
3705 2668 4015 2739 ἀνεδήσατο

2432 2759 2585 2821 νίκας
2607 2776 2619 2789 ο
2656 2760 2804 2822 ὅπως
2833 2777 2893 2810 τε
2920 2760 3071 2830 αύτῷ
3097 2761 3164 2812 τὰ
3194 2761 3293 2829 τῆς
3323 2761 3497 2830 ἀρχῆς
3528 2761 3886 2830 ὲπευρύνετο,
3914 2763 4014 2815 καὶ

2429 2853 2499 2904 τὰ
2529 2855 2627 2922 τῆς
2660 2852 2801 2919 ζωῆς
2829 2848 2887 2904 εὖ
2919 2852 3067 2921 ἔσχε,
3106 2852 3199 2904 καὶ
3241 2855 3269 2904 ό
3299 2854 3491 2921 χρόνος
3522 2854 3646 2905 ὅσον
3678 2857 3759 2916 εἰς
3796 2855 4014 2926 ἀνθρω-

2432 2940 2595 3010 πίνης
2640 2939 2785 3009 ζωῆς
2824 2940 3021 3009 μέτρον
3060 2940 3427 3004 ἱκανώτατος’
3462 2944 3557 2994 καὶ
3591 2942 3645 2994 τί
3677 2945 3784 3013 χρὴ
3829 2945 4016 3013 λέγειν

2433 3026 2543 3094 οἷος
2571 3032 2819 3101 λαμπρὸς
2856 3033 2949 3083 καὶ
2980 3033 3341 3102 περίϐλεπτος
3369 3034 3427 3084 ὲν
3465 3034 3542 3102 τῷ
3578 3033 3680 3104 βίῳ
3706 3037 4017 3106 ἐχρημάτι-

2436 3142 2562 3190 σεν;
2610 3126 2669 3175 Εἰ
2711 3124 2767 3176 δὲ
2814 3125 3043 3176 κτίσεων
3084 3124 3221 3195 ἔργα
3253 3125 3557 3194 θαυμάζειν
3607 3143 3688 3179 σοι
3721 3128 4017 3199 πάρεστιν,

2435 3216 2536 3284 ὅρα
2580 3215 2868 3286 παρελθὼν
2922 3216 2983 3269 τὺ
3018 3217 3312 3279 Βυζάντιον
3378 3219 3458 3281 είς
3509 3219 3633 3271 ὅσον
3665 3221 3799 3273 αύτὸ
3836 3222 4015 3292 ἐπῆρε

2441 3309 2600 3376 δόξης
2630 3312 2717 3361 zu"
2758 3308 3055 3377 εὐκοσμίας
3080 3348 3094 3372 ,
3139 3309 3396 3361 τοσοῦτον
3437 3309 3679 3379 αύξήσας
3725 3316 3820 3365 καὶ
3884 3315 4019 3367 καλ-

2435 3400 2681 3462 λωπίσας
2726 3400 2929 3469 τείχεσί
2969 3418 3025 3452 τε
3063 3401 3158 3453 καὶ
3188 3401 3497 3469 περιϐόλοις
3516 3442 3529 3464 ,
3555 3406 3679 3455 ὅσον
3708 3406 4023 3475 ἐπιτήδειον

2435 3489 2687 3552 δέξασθαι
2717 3487 2785 3539 τὰ
2829 3489 3116 3558 Ῥωμαίων
3151 3488 3397 3558 βασίλεια
3421 3508 3433 3519 ·
3468 3492 3519 3542 τί
3557 3493 3640 3545 δεῖ
3668 3495 4017 3565 ἀπαριθμεῖ-

2439 3580 2562 3632 σθαι
2590 3583 2909 3649 κτισμάτων
2944 3581 3149 3651 πλῆθος
3185 3586 3276 3636 καὶ
3305 3584 3559 3653 μέγεθος,
3595 3587 3653 3651 ἐξ
3686 3585 3761 3639 ὧν
3795 3590 4023 3641 πάντων

2437 3670 2848 3739 ὑπερηνεγκεν,
2900 3671 2934 3724 ἃ
2981 3674 3117 3741 μήτε
3186 3677 3297 3736 τοῖς
3371 3675 3541 3744 ὁρῶσι
3601 3678 4023 3746 καταλήᾷεσθαι

2439 3763 2596 3831 ῥᾴδια
2620 3803 2634 3825 ,
2665 3763 2800 3830 μηδὲ
2836 3764 3110 3833 γραςουσι
3141 3764 3363 3817 δυνατὸν
3385 3768 3788 3831 ἀνατάξασθαις
3823 3770 4024 3823 Καίτοι

2436 3854 2541 3923 6δῷ
2574 3854 2802 3922 βαδίζων
2836 3856 2927 3906 ἐπὶ
2974 3857 3042 3907 τὰ
3072 3857 3242 3917 κάτω,
3280 3859 3374 3908 καὶ
3409 3858 3643 3927 μάνθανε
3688 3854 3775 3911 οἷα
3818 3861 3869 3912 οἱ
3902 3863 4025 3931 μετ’

2437 3947 2643 3998 ἐκεῖνον
2692 3947 2948 4015 εύυύτητι
2991 3947 3277 4015 δογμάτων
3313 3949 3691 4018 ἐμπρέψαντες
3736 3951 3977 4021 ἔδρασαν
4004 3964 4024 3985 ⁶

2439 4035 2535 4088 θέα
2560 4054 2670 4104 μοι,
2690 4039 2736 4089 εί
2774 4036 2971 4106 βούλει,
2998 4038 3089 4090 τὸν
3126 4038 3426 4103 Θεοδόσιον,
3467 4041 3551 4092 ἵνα
3586 4041 3644 4093 τὸ
3670 4043 3895 4112 συνεχὲς
3923 4043 4024 4097 τοῦ

2437 4128 2596 4195 λόγου
2630 4129 3043 4199 συμφυλαχθείη
3077 4131 3175 4197 τῆς
3217 4131 3451 4192 κτίσεως
3476 4171 3489 4195 ,
3515 4132 3600 4200 ἐφ’
3632 4132 3754 4185 ὅσον
3794 4133 3897 4204 τὴν
3926 4136 4031 4188 αύ.

2436 4222 2536 4292 τὴν
2589 4222 2744 4273 πόλιν
2787 4221 3199 4272 Κωνσταντίνου
3246 4219 3497 4283 ὲξαπλιῖιν
3550 4224 3645 4275 καὶ
3684 4225 4022 4295 ἀπευρύνων

2436 4314 2709 4384 διάστημα
2732 4314 3057 4383 ὲμεγάλυνε,
3082 4314 3177 4366 καὶ
3200 4308 3286 4365 οἷα
3309 4314 3376 4367 τὰ
3408 4313 3550 4384 ἱερὰ,
3570 4315 3713 4383 ἅπερ
3736 4317 3830 4368 τὸν
3853 4318 4025 4370 αὐτὸν

2438 4410 2552 4469 τοῖς
2622 4406 2958 4478 προλαϐοῦσι
3004 4406 3102 4476 τῆς
3157 4405 3467 4475 όρθοδοξίας
3508 4406 3760 4478 ζηλώσας
3813 4410 4027 4478 τρόπον

767 4488 980 4543 Etenim
1013 4490 1223 4541 duobus
1279 4501 1441 4555 supra
1495 4487 1853 4555 quadraginta
1885 4486 2043 4542 annis
2093 4489 2146 4542 in
2184 4489 2329 4558 regio
2366 4502 2410 4558 ι)

2366 4502 2410 4558 ι)
2436 4497 2717 4566 ὲδείματο’
2749 4496 2964 4563 λογίζου
3009 4495 3099 4546 τὸν
3130 4494 3364 4565 ἀριθμὸν
3415 4495 3523 4547 τῶν
3565 4498 3773 4565 χρόνων
3797 4536 3813 4560 ,
3845 4498 3903 4559 ὃς
3938 4514 4026 4550 σοι

769 4582 963 4632 throno
996 4578 1228 4635 refulsit.

2443 4585 2595 4653 φίλος
2627 4586 2723 4637 καὶ
2746 4583 3233 4653 περισπούδαστος,
3271 4585 3369 4653 τῆς
3400 4585 3611 4637 ἐκείνου
3643 4584 3928 4653 βασιλείας
3961 4588 4024 4638 τὸ

770 4673 1057 4740 μήκιστον,
1106 4666 1150 4722 ὦ
1187 4671 1468 4740 φιλόχρονε
1494 4673 1557 4724 σὺ
1598 4674 1692 4725 καὶ
1731 4672 2058 4742 φιλόκοσμε,
2103 4672 2333 4726 καὶτῶν
2375 4676 2606 4744 ῥεόντων
2633 4677 2771 4746 ἐρῶν
2834 4676 3190 4730 ἐκτοπώτατα
3215 4694 3227 4706 ’
3254 4677 3375 4729 δυσὶ
3440 4676 3547 4747 γὰρ
3580 4678 3717 4747 πρὸς
3746 4679 3862 4740 τοῖς
3889 4694 4023 4730 τεσ-

768 4763 1075 4833 σαράκοντα
1103 4764 1281 4815 ἔτεσιν
1322 4764 1400 4825 εἰς
1430 4762 1521 4814 τὸν
1557 4762 1744 4832 θρόνον
1775 4763 2035 4833 διέπρεψε
2063 4764 2151 4818 τὸν
2178 4764 2447 4833 βασίλειον
2479 4769 2567 4836 (δ).

838 4900 927 4953 79.
962 4900 1067 4953 Sed
1091 4914 1188 4954 cur
1214 4900 1325 4969 jam
1358 4902 1509 4955 lucc?
1557 4900 1774 4965 Mirare,
1818 4901 1861 4955 si
1888 4911 2038 4955 certe
2087 4904 2331 4958 melioris

768 4992 841 5044 rei
869 4990 1202 5046 discretione
1256 4993 1445 5060 polles,
1496 4994 1579 5046 avi
1646 4994 1764 5060 ejus
1815 4992 2107 5049 Theodosii
2157 4994 2335 5065 Magni

764 5097 891 5150 erga
921 5082 1083 5134 Deum
1115 5082 1315 5151 Deique
1340 5080 1576 5137 famulos
1602 5084 1979 5137 reverentiam.
2007 5084 2157 5150 Quod
2192 5086 2336 5138 enim

766 5175 911 5227 circa
978 5172 1287 5229 Servatoris
1360 5176 1528 5227 nostri
1596 5174 2028 5228 incarnationem
2094 5175 2334 5230 studium

767 5268 1032 5337 lidcnique
1063 5268 1317 5335 habebat,
1355 5280 1465 5321 tum
1502 5284 1670 5324 sacrae
1698 5269 1836 5337 apud
1874 5284 1968 5323 nos
2005 5272 2147 5324 aedes
2175 5272 2242 5325 ab
2266 5287 2330 5325 eo

831 5476 946 5547 (94)
982 5476 1053 5547 lie
1078 5472 1416 5527 Constantini
1450 5471 1623 5541 itlagui
1655 5470 1829 5525 sacris
1859 5470 2103 5525 aediliciis
2158 5474 2333 5528 recole

763 5546 946 5603 mlunt.
986 5546 1075 5608 Ην,
1103 5560 1131 5609 ιι
1192 5546 1279 5598 66.

834 5620 902 5683 ir)
934 5620 1062 5670 l’uta
1092 5614 1264 5683 Magni
1294 5612 1938 5683 Constantini,gnununos
1971 5631 2092 5667 cum
2125 5613 2332 5667 Labaro

763 5704 856 5739 st-u
888 5682 1097 5739 Citriin
1130 5682 1609 5754 moiiogranuuale.
1644 5682 1904 5737 Nummos
1941 5695 2050 5738 toto
2072 5688 2201 5736 orbe
2229 5685 2334 5735 llu-

764 5774 923 5811 tnano
949 5757 1195 5822 dilfttsos,
1252 5757 1302 5809 in
1336 5757 1530 5825 quibus
1574 5768 1798 5825 magnos
1821 5754 2209 5809 Constantinus
2244 5757 2337 5808 lia-

2504 4906 2599 4958 00'.
2643 4907 2709 4957 Τί
2739 4904 2943 4971 mina;
2994 4905 3264 4975 θαύμαζε,
3303 4907 3355 4957 εἴ
3385 4922 3465 4957 σοι
3512 4904 3873 4956 πεπίστευται
3909 4905 4025 4957 τῶν

2435 4999 2737 5067 ἀμεινόνων
2769 5000 2801 5067 ἡ
2837 5000 3016 5069 κρίσις
3039 5038 3052 5060 ,
3082 4998 3180 5068 τὴν
3210 4997 3303 5050 τοῦ
3339 4998 3564 5050 πάππου
3592 4996 3781 5048 τούτου
3816 4997 4021 5050 Θεοδο-

2438 5092 2551 5143 σίου
2591 5090 2682 5142 105
2720 5090 3011 5157 Μεγάλου,
3056 5090 3180 5157 περί
3208 5107 3266 5141 τε
3305 5090 3367 5141 τὸ
3403 5090 3556 5141 Θεῖον
3601 5089 3693 5140 καὶ
3744 5090 3872 5150 τοὺς
3919 5090 4022 5141 τοῦ

2439 5184 2591 5236 Θείου
2629 5183 2965 5249 θεράποντας
3000 5182 3305 5234 εύλαὸειαν·
3351 5181 3416 5252 ἣν
3464 5181 3571 5250 γὰρ
3608 5180 3736 5250 περὶ
3768 5182 3869 5250 τὴν
3920 5181 4022 5233 τοῦ

2440 5274 2689 5343 Σωτῆρος
2718 5273 2874 5342 ἡμῶν
2901 5272 3233 5340 οἰκονομίαν,
3265 5271 3502 5340 σπουδὴν
3545 5272 3639 5324 καὶ
3674 5270 3856 5324 πίστιν
3889 5271 4026 5322 sxt-

2437 5474 2548 5528 bitu
2580 5476 2787 5529 orantis
2834 5476 2954 5530 cudi
2993 5490 3050 5529 se
3088 5476 3359 5541 iusserat,
3414 5485 3681 5531 memorat
3720 5472 4019 5531 Eusebius.

2447 5544 2551 5599 Vit.
2581 5546 2762 5599 Const.
2797 5548 2888 5600 lib.
2922 5562 2993 5607 tv,
3031 5547 3110 5598 l5.

2509 5618 2573 5685 (ε)
2628 5616 2891 5683 Loquitur
2930 5619 2994 5667 de
3030 5615 3337 5685 Theodosio
3395 5614 3623 5685 “inore,
3670 5612 3763 5681 qui
3821 5628 4025 5685 reapse

2442 5684 2599 5739 anuis
2628 5686 2696 5738 4‘2
2744 5687 3046 5753 imperavit,
3089 5695 3141 5737 et
3170 5684 3692 5753 Cotistanttnopolitn
3737 5684 4025 5741 moenibus

2442 5756 2790 5824 aediﬁciisque
2819 5758 3063 5825 plurimis
3098 5756 3465 5825 ampliﬁcavit.
