  <div class='ocr_page' id='page_1' title='image "/cluster/home/n/w/nwhite01/storage/ocr_20150623/100/nnc1.0046980229/275.png"; bbox 0 0 4220 6442; ppageno 0'>
   <div class='ocr_carea' id='block_1_1' title="bbox 770 379 872 442">
    <p class='ocr_par' dir='ltr' id='par_1_1' title="bbox 770 379 872 442">
     <span class='ocr_line' id='line_1_1' title="bbox 770 379 872 442; baseline -0.02 0"><span class='ocrx_word' id='word_1_1' title='bbox 770 379 872 442; x_wconf 64' lang='grc'><strong>539</strong></span> 
     </span>
    </p>
   </div>
   <div class='ocr_carea' id='block_1_2' title="bbox 1796 371 3012 437">
    <p class='ocr_par' dir='ltr' id='par_1_2' title="bbox 1796 371 3012 437">
     <span class='ocr_line' id='line_1_2' title="bbox 1796 371 3012 437; baseline -0.001 -3"><span class='ocrx_word' id='word_1_2' title='bbox 1796 375 1857 435; x_wconf 91' lang='lat' dir='ltr'><strong>S.</strong></span> <span class='ocrx_word' id='word_1_3' title='bbox 1897 374 2317 436; x_wconf 78' lang='lat' dir='ltr'><strong>NICEPHORI</strong></span> <span class='ocrx_word' id='word_1_4' title='bbox 2359 374 2866 437; x_wconf 59' lang='lat' dir='ltr'><strong>PATRIARCHZE</strong></span> <span class='ocrx_word' id='word_1_5' title='bbox 2901 371 3012 435; x_wconf 76' lang='grc' dir='ltr'><strong>(ΣΡ.</strong></span> 
     </span>
    </p>
   </div>
   <div class='ocr_carea' id='block_1_3' title="bbox 3925 364 4028 430">
    <p class='ocr_par' dir='ltr' id='par_1_3' title="bbox 3925 364 4028 430">
     <span class='ocr_line' id='line_1_3' title="bbox 3925 364 4028 430; baseline -0.01 0"><span class='ocrx_word' id='word_1_6' title='bbox 3925 364 4028 430; x_wconf 76' lang='grc'><strong>540</strong></span> 
     </span>
    </p>
   </div>
   <div class='ocr_carea' id='block_1_4' title="bbox 771 483 2420 559">
    <p class='ocr_par' dir='ltr' id='par_1_4' title="bbox 771 485 2418 558">
     <span class='ocr_line' id='line_1_4' title="bbox 771 485 2418 558; baseline -0.001 -13"><span class='ocrx_word' id='word_1_7' title='bbox 771 489 1175 545; x_wconf 81' lang='lat' dir='ltr'><strong>beatiﬁcarctnr</strong></span> <span class='ocrx_word' id='word_1_8' title='bbox 1212 485 1471 552; x_wconf 81' lang='lat' dir='ltr'><strong>audiit”,</strong></span> <span class='ocrx_word' id='word_1_9' title='bbox 1510 485 1644 556; x_wconf 87' lang='lat' dir='ltr'><strong>lapis</strong></span> <span class='ocrx_word' id='word_1_10' title='bbox 1674 498 1756 542; x_wconf 87' lang='lat' dir='ltr'><strong>est</strong></span> <span class='ocrx_word' id='word_1_11' title='bbox 1791 489 2087 557; x_wconf 75' lang='lat' dir='ltr'><strong>angularia,</strong></span> <span class='ocrx_word' id='word_1_12' title='bbox 2137 488 2341 558; x_wconf 87' lang='lat' dir='ltr'><strong>pretio-</strong></span> <span class='ocrx_word' id='word_1_13' title='bbox 2374 501 2418 555; x_wconf 76' lang='grc' dir='ltr'>Α</span> 
     </span>
    </p>
   </div>
   <div class='ocr_carea' id='block_1_5' title="bbox 2454 483 4029 559">
    <p class='ocr_par' dir='ltr' id='par_1_5' title="bbox 2454 483 4029 559">
     <span class='ocr_line' id='line_1_5' title="bbox 2454 483 4029 559; baseline -0.004 -17"><span class='ocrx_word' id='word_1_14' title='bbox 2454 490 2552 542; x_wconf 84' lang='grc' dir='ltr'>τῶν</span> <span class='ocrx_word' id='word_1_15' title='bbox 2588 488 2846 559; x_wconf 79' lang='grc' dir='ltr'><strong>μαθητῶν</strong></span> <span class='ocrx_word' id='word_1_16' title='bbox 2888 486 2981 540; x_wconf 78' lang='grc' dir='ltr'>τοῦ</span> <span class='ocrx_word' id='word_1_17' title='bbox 3012 485 3171 554; x_wconf 83' lang='grc' dir='ltr'>λόγου</span> <span class='ocrx_word' id='word_1_18' title='bbox 3206 484 3233 539; x_wconf 90' lang='grc' dir='ltr'><strong>ό</strong></span> <span class='ocrx_word' id='word_1_19' title='bbox 3258 483 3555 556; x_wconf 74' lang='grc' dir='ltr'>κορυφαῖος</span> <span class='ocrx_word' id='word_1_20' title='bbox 3583 483 4029 556; x_wconf 79' lang='grc' dir='ltr'><strong>μακαριζόμενος</strong></span> 
     </span>
    </p>
   </div>
   <div class='ocr_carea' id='block_1_6' title="bbox 771 578 2337 650">
    <p class='ocr_par' dir='ltr' id='par_1_6' title="bbox 771 578 2337 650">
     <span class='ocr_line' id='line_1_6' title="bbox 771 578 2337 650; baseline -0.001 -14"><span class='ocrx_word' id='word_1_21' title='bbox 771 598 899 642; x_wconf 86' lang='lat' dir='ltr'><strong>sas,</strong></span> <span class='ocrx_word' id='word_1_22' title='bbox 932 582 985 635; x_wconf 91' lang='lat' dir='ltr'><strong>in</strong></span> <span class='ocrx_word' id='word_1_23' title='bbox 1018 595 1175 650; x_wconf 85' lang='lat' dir='ltr'><strong>quem</strong></span> <span class='ocrx_word' id='word_1_24' title='bbox 1220 578 1505 634; x_wconf 86' lang='lat' dir='ltr'><strong>credentes</strong></span> <span class='ocrx_word' id='word_1_25' title='bbox 1546 594 1817 649; x_wconf 83' lang='lat' dir='ltr'><strong>nunquam</strong></span> <span class='ocrx_word' id='word_1_26' title='bbox 1856 579 2337 635; x_wconf 81' lang='lat' dir='ltr'><strong>confundemur”.</strong></span> 
     </span>
    </p>
   </div>
   <div class='ocr_carea' id='block_1_7' title="bbox 769 668 2340 739">
    <p class='ocr_par' dir='ltr' id='par_1_7' title="bbox 769 668 2340 739">
     <span class='ocr_line' id='line_1_7' title="bbox 769 668 2340 739; baseline -0.001 -14"><span class='ocrx_word' id='word_1_27' title='bbox 769 668 1060 725; x_wconf 66' lang='lat' dir='ltr'><strong>Ediﬁeata</strong></span> <span class='ocrx_word' id='word_1_28' title='bbox 1127 678 1210 722; x_wconf 80' lang='lat' dir='ltr'><strong>cst</strong></span> <span class='ocrx_word' id='word_1_29' title='bbox 1260 679 1441 723; x_wconf 87' lang='lat' dir='ltr'><strong>autem</strong></span> <span class='ocrx_word' id='word_1_30' title='bbox 1494 670 1775 737; x_wconf 76' lang='lat' dir='ltr'><strong>sapientia:</strong></span> <span class='ocrx_word' id='word_1_31' title='bbox 1835 670 2028 724; x_wconf 90' lang='lat' dir='ltr'><strong>domus</strong></span> <span class='ocrx_word' id='word_1_32' title='bbox 2082 679 2340 739; x_wconf 88' lang='lat' dir='ltr'><strong>tanquam</strong></span> 
     </span>
    </p>
   </div>
   <div class='ocr_carea' id='block_1_8' title="bbox 771 760 2340 830">
    <p class='ocr_par' dir='ltr' id='par_1_8' title="bbox 771 760 2340 830">
     <span class='ocr_line' id='line_1_8' title="bbox 771 760 2340 830; baseline 0.001 -16"><span class='ocrx_word' id='word_1_33' title='bbox 771 780 904 815; x_wconf 87' lang='lat' dir='ltr'><strong>auro</strong></span> <span class='ocrx_word' id='word_1_34' title='bbox 935 773 988 814; x_wconf 92' lang='lat' dir='ltr'><strong>et</strong></span> <span class='ocrx_word' id='word_1_35' title='bbox 1041 760 1307 830; x_wconf 90' lang='lat' dir='ltr'><strong>lapidibus</strong></span> <span class='ocrx_word' id='word_1_36' title='bbox 1351 761 1626 829; x_wconf 88' lang='lat' dir='ltr'><strong>pretiosis,</strong></span> <span class='ocrx_word' id='word_1_37' title='bbox 1662 761 1836 814; x_wconf 85' lang='lat' dir='ltr'><strong>sacris</strong></span> <span class='ocrx_word' id='word_1_38' title='bbox 1865 762 2175 828; x_wconf 77' lang='lat' dir='ltr'><strong>divinisque</strong></span> <span class='ocrx_word' id='word_1_39' title='bbox 2210 764 2340 829; x_wconf 77' lang='lat' dir='ltr'><strong>dog-</strong></span> 
     </span>
    </p>
   </div>
   <div class='ocr_carea' id='block_1_9' title="bbox 773 852 2342 922">
    <p class='ocr_par' dir='ltr' id='par_1_9' title="bbox 773 852 2342 922">
     <span class='ocr_line' id='line_1_9' title="bbox 773 852 2342 922; baseline 0 -16"><span class='ocrx_word' id='word_1_40' title='bbox 773 854 1044 920; x_wconf 83' lang='lat' dir='ltr'><strong>matibus,</strong></span> <span class='ocrx_word' id='word_1_41' title='bbox 1110 868 1231 921; x_wconf 70' lang='lat' dir='ltr'><strong>qua:</strong></span> <span class='ocrx_word' id='word_1_42' title='bbox 1290 854 1356 905; x_wconf 89' lang='lat' dir='ltr'><strong>ab</strong></span> <span class='ocrx_word' id='word_1_43' title='bbox 1415 852 1628 922; x_wconf 79' lang='lat' dir='ltr'><strong>inclytis</strong></span> <span class='ocrx_word' id='word_1_44' title='bbox 1688 854 2014 921; x_wconf 63' lang='lat' dir='ltr'><strong>corlitusque</strong></span> <span class='ocrx_word' id='word_1_45' title='bbox 2064 854 2342 919; x_wconf 84' lang='lat' dir='ltr'><strong>inspiratis</strong></span> 
     </span>
    </p>
   </div>
   <div class='ocr_carea' id='block_1_10' title="bbox 770 942 2340 1010">
    <p class='ocr_par' dir='ltr' id='par_1_10' title="bbox 770 942 2340 1010">
     <span class='ocr_line' id='line_1_10' title="bbox 770 942 2340 1010; baseline -0.001 -13"><span class='ocrx_word' id='word_1_46' title='bbox 770 942 1023 997; x_wconf 75' lang='lat' dir='ltr'><strong>Patribus</strong></span> <span class='ocrx_word' id='word_1_47' title='bbox 1067 946 1268 997; x_wconf 79' lang='lat' dir='ltr'><strong>nostris</strong></span> <span class='ocrx_word' id='word_1_48' title='bbox 1311 943 1588 996; x_wconf 88' lang='lat' dir='ltr'><strong>elaborata</strong></span> <span class='ocrx_word' id='word_1_49' title='bbox 1642 943 1860 997; x_wconf 88' lang='lat' dir='ltr'><strong>fuerunt</strong></span> <span class='ocrx_word' id='word_1_50' title='bbox 1910 954 1961 996; x_wconf 88' lang='lat' dir='ltr'><strong>et</strong></span> <span class='ocrx_word' id='word_1_51' title='bbox 2012 946 2340 1010; x_wconf 70' lang='lat' dir='ltr'><strong>prtedicala,</strong></span> 
     </span>
    </p>
   </div>
   <div class='ocr_carea' id='block_1_11' title="bbox 773 1034 2343 1106">
    <p class='ocr_par' dir='ltr' id='par_1_11' title="bbox 773 1034 2343 1106">
     <span class='ocr_line' id='line_1_11' title="bbox 773 1034 2343 1106; baseline 0.001 -21"><span class='ocrx_word' id='word_1_52' title='bbox 773 1035 888 1087; x_wconf 77' lang='lat' dir='ltr'><strong>sive</strong></span> <span class='ocrx_word' id='word_1_53' title='bbox 914 1036 1005 1101; x_wconf 91' lang='lat' dir='ltr'><strong>qni</strong></span> <span class='ocrx_word' id='word_1_54' title='bbox 1036 1035 1086 1086; x_wconf 92' lang='lat' dir='ltr'><strong>in</strong></span> <span class='ocrx_word' id='word_1_55' title='bbox 1116 1035 1289 1088; x_wconf 82' lang='lat' dir='ltr'><strong>sacris</strong></span> <span class='ocrx_word' id='word_1_56' title='bbox 1319 1034 1422 1086; x_wconf 86' lang='lat' dir='ltr'><strong>illis</strong></span> <span class='ocrx_word' id='word_1_57' title='bbox 1449 1049 1479 1086; x_wconf 91' lang='lat' dir='ltr'><strong>a</strong></span> <span class='ocrx_word' id='word_1_58' title='bbox 1507 1035 1763 1089; x_wconf 92' lang='lat' dir='ltr'><strong>divinitus</strong></span> <span class='ocrx_word' id='word_1_59' title='bbox 1797 1036 2138 1104; x_wconf 73' lang='lat' dir='ltr'><strong>congregatis</strong></span> <span class='ocrx_word' id='word_1_60' title='bbox 2178 1051 2343 1106; x_wconf 88' lang='lat' dir='ltr'><strong>syno-</strong></span> 
     </span>
    </p>
   </div>
   <div class='ocr_carea' id='block_1_12' title="bbox 771 1124 2341 1192">
    <p class='ocr_par' dir='ltr' id='par_1_12' title="bbox 771 1124 2341 1192">
     <span class='ocr_line' id='line_1_12' title="bbox 771 1124 2341 1192; baseline 0.002 -16"><span class='ocrx_word' id='word_1_61' title='bbox 771 1124 856 1177; x_wconf 89' lang='lat' dir='ltr'><strong>dis</strong></span> <span class='ocrx_word' id='word_1_62' title='bbox 888 1124 1191 1176; x_wconf 78' lang='lat' dir='ltr'><strong>admirandi</strong></span> <span class='ocrx_word' id='word_1_63' title='bbox 1250 1124 1467 1192; x_wconf 85' lang='lat' dir='ltr'><strong>Deoque</strong></span> <span class='ocrx_word' id='word_1_64' title='bbox 1518 1126 1667 1178; x_wconf 89' lang='lat' dir='ltr'><strong>chari</strong></span> <span class='ocrx_word' id='word_1_65' title='bbox 1705 1126 1986 1189; x_wconf 75' lang='lat' dir='ltr'><strong>homines,</strong></span> <span class='ocrx_word' id='word_1_66' title='bbox 2022 1126 2203 1178; x_wconf 89' lang='lat' dir='ltr'><strong>divino</strong></span> <span class='ocrx_word' id='word_1_67' title='bbox 2234 1127 2341 1179; x_wconf 90' lang='lat' dir='ltr'><strong>acti</strong></span> 
     </span>
    </p>
   </div>
   <div class='ocr_carea' id='block_1_13' title="bbox 772 1210 2341 1283">
    <p class='ocr_par' dir='ltr' id='par_1_13' title="bbox 772 1210 2341 1283">
     <span class='ocr_line' id='line_1_13' title="bbox 772 1210 2341 1283; baseline 0.001 -17"><span class='ocrx_word' id='word_1_68' title='bbox 772 1221 826 1266; x_wconf 92' lang='lat' dir='ltr'><strong>et</strong></span> <span class='ocrx_word' id='word_1_69' title='bbox 860 1212 1138 1265; x_wconf 76' lang='lat' dir='ltr'><strong>convocati</strong></span> <span class='ocrx_word' id='word_1_70' title='bbox 1174 1210 1377 1279; x_wconf 89' lang='lat' dir='ltr'><strong>Spiritu</strong></span> <span class='ocrx_word' id='word_1_71' title='bbox 1416 1213 1816 1278; x_wconf 88' lang='lat' dir='ltr'><strong>inclaruerunt;</strong></span> <span class='ocrx_word' id='word_1_72' title='bbox 1861 1216 1976 1268; x_wconf 85' lang='lat' dir='ltr'><strong>sive</strong></span> <span class='ocrx_word' id='word_1_73' title='bbox 2010 1217 2102 1283; x_wconf 90' lang='lat' dir='ltr'><strong>qui</strong></span> <span class='ocrx_word' id='word_1_74' title='bbox 2136 1216 2341 1282; x_wconf 79' lang='lat' dir='ltr'><strong>sigilla-</strong></span> 
     </span>
    </p>
   </div>
   <div class='ocr_carea' id='block_1_14' title="bbox 775 1304 2342 1375">
    <p class='ocr_par' dir='ltr' id='par_1_14' title="bbox 775 1304 2342 1375">
     <span class='ocr_line' id='line_1_14' title="bbox 775 1304 2342 1375; baseline 0.004 -20"><span class='ocrx_word' id='word_1_75' title='bbox 775 1304 867 1355; x_wconf 93' lang='lat' dir='ltr'><strong>tim</strong></span> <span class='ocrx_word' id='word_1_76' title='bbox 905 1304 1055 1370; x_wconf 89' lang='lat' dir='ltr'><strong>puris</strong></span> <span class='ocrx_word' id='word_1_77' title='bbox 1093 1304 1501 1372; x_wconf 85' lang='lat' dir='ltr'><strong>splendidisque</strong></span> <span class='ocrx_word' id='word_1_78' title='bbox 1542 1305 1813 1370; x_wconf 90' lang='lat' dir='ltr'><strong>moribus,</strong></span> <span class='ocrx_word' id='word_1_79' title='bbox 1853 1306 2251 1375; x_wconf 79' lang='lat' dir='ltr'><strong>verborumque</strong></span> <span class='ocrx_word' id='word_1_80' title='bbox 2289 1320 2342 1361; x_wconf 89' lang='lat' dir='ltr'><strong>et</strong></span> 
     </span>
    </p>
   </div>
   <div class='ocr_carea' id='block_1_15' title="bbox 774 1394 2343 1467">
    <p class='ocr_par' dir='ltr' id='par_1_15' title="bbox 774 1394 2343 1467">
     <span class='ocr_line' id='line_1_15' title="bbox 774 1394 2343 1467; baseline 0.004 -23"><span class='ocrx_word' id='word_1_81' title='bbox 774 1394 969 1445; x_wconf 78' lang='lat' dir='ltr'><strong>tuentis</strong></span> <span class='ocrx_word' id='word_1_82' title='bbox 1003 1396 1322 1448; x_wconf 70' lang='lat' dir='ltr'><strong>excelsitate</strong></span> <span class='ocrx_word' id='word_1_83' title='bbox 1352 1396 1599 1463; x_wconf 81' lang='lat' dir='ltr'><strong>praediti,</strong></span> <span class='ocrx_word' id='word_1_84' title='bbox 1634 1412 1823 1452; x_wconf 88' lang='lat' dir='ltr'><strong>sacras</strong></span> <span class='ocrx_word' id='word_1_85' title='bbox 1854 1398 2008 1451; x_wconf 90' lang='lat' dir='ltr'><strong>sedes</strong></span> <span class='ocrx_word' id='word_1_86' title='bbox 2039 1412 2343 1467; x_wconf 86' lang='lat' dir='ltr'><strong>occupave—</strong></span> 
     </span>
    </p>
   </div>
   <div class='ocr_carea' id='block_1_16' title="bbox 775 1488 2347 1557">
    <p class='ocr_par' dir='ltr' id='par_1_16' title="bbox 775 1488 2347 1557">
     <span class='ocr_line' id='line_1_16' title="bbox 775 1488 2347 1557; baseline 0.006 -21"><span class='ocrx_word' id='word_1_87' title='bbox 775 1494 931 1547; x_wconf 86' lang='lat' dir='ltr'><strong>runt,</strong></span> <span class='ocrx_word' id='word_1_88' title='bbox 969 1495 1023 1539; x_wconf 88' lang='lat' dir='ltr'><strong>et</strong></span> <span class='ocrx_word' id='word_1_89' title='bbox 1067 1495 1272 1539; x_wconf 89' lang='lat' dir='ltr'><strong>rectum</strong></span> <span class='ocrx_word' id='word_1_90' title='bbox 1303 1488 1552 1541; x_wconf 84' lang='lat' dir='ltr'><strong>veritatis</strong></span> <span class='ocrx_word' id='word_1_91' title='bbox 1581 1489 1774 1557; x_wconf 81' lang='lat' dir='ltr'><strong>dogma</strong></span> <span class='ocrx_word' id='word_1_92' title='bbox 1809 1493 2052 1557; x_wconf 88' lang='lat' dir='ltr'><strong>apprime</strong></span> <span class='ocrx_word' id='word_1_93' title='bbox 2104 1499 2347 1545; x_wconf 87' lang='lat' dir='ltr'><strong>tenentes</strong></span> 
     </span>
    </p>
   </div>
   <div class='ocr_carea' id='block_1_17' title="bbox 778 1575 2347 1650">
    <p class='ocr_par' dir='ltr' id='par_1_17' title="bbox 778 1575 2347 1650">
     <span class='ocr_line' id='line_1_17' title="bbox 778 1575 2347 1650; baseline 0.004 -22"><span class='ocrx_word' id='word_1_94' title='bbox 778 1575 999 1643; x_wconf 81' lang='lat' dir='ltr'><strong>gloriosi</strong></span> <span class='ocrx_word' id='word_1_95' title='bbox 1049 1580 1378 1631; x_wconf 81' lang='lat' dir='ltr'><strong>exstiterunt</strong></span> <span class='ocrx_word' id='word_1_96' title='bbox 1438 1579 1702 1646; x_wconf 84' lang='lat' dir='ltr'><strong>simulque</strong></span> <span class='ocrx_word' id='word_1_97' title='bbox 1758 1578 1878 1633; x_wconf 84' lang='lat' dir='ltr'><strong>falsi</strong></span> <span class='ocrx_word' id='word_1_98' title='bbox 1934 1581 2112 1635; x_wconf 89' lang='lat' dir='ltr'><strong>cultus</strong></span> <span class='ocrx_word' id='word_1_99' title='bbox 2163 1583 2347 1650; x_wconf 88' lang='lat' dir='ltr'><strong>spinas</strong></span> 
     </span>
    </p>
   </div>
   <div class='ocr_carea' id='block_1_18' title="bbox 780 1666 2348 1738">
    <p class='ocr_par' dir='ltr' id='par_1_18' title="bbox 780 1666 2348 1738">
     <span class='ocr_line' id='line_1_18' title="bbox 780 1666 2348 1738; baseline 0.004 -21"><span class='ocrx_word' id='word_1_100' title='bbox 780 1666 1044 1719; x_wconf 75' lang='lat' dir='ltr'><strong>radicitus</strong></span> <span class='ocrx_word' id='word_1_101' title='bbox 1067 1667 1404 1731; x_wconf 87' lang='lat' dir='ltr'><strong>evulseruut,</strong></span> <span class='ocrx_word' id='word_1_102' title='bbox 1430 1679 1594 1735; x_wconf 84' lang='lat' dir='ltr'><strong>atque</strong></span> <span class='ocrx_word' id='word_1_103' title='bbox 1622 1669 1997 1722; x_wconf 77' lang='lat' dir='ltr'><strong>ha-reticorum</strong></span> <span class='ocrx_word' id='word_1_104' title='bbox 2022 1685 2142 1731; x_wconf 91' lang='lat' dir='ltr'><strong>ora,</strong></span> <span class='ocrx_word' id='word_1_105' title='bbox 2164 1679 2348 1738; x_wconf 85' lang='lat' dir='ltr'><strong>utpote</strong></span> 
     </span>
    </p>
   </div>
   <div class='ocr_carea' id='block_1_19' title="bbox 775 1753 2345 1824">
    <p class='ocr_par' dir='ltr' id='par_1_19' title="bbox 775 1753 2345 1824">
     <span class='ocr_line' id='line_1_19' title="bbox 775 1753 2345 1824; baseline 0.004 -18"><span class='ocrx_word' id='word_1_106' title='bbox 775 1753 958 1821; x_wconf 89' lang='lat' dir='ltr'><strong>inique</strong></span> <span class='ocrx_word' id='word_1_107' title='bbox 989 1764 1173 1810; x_wconf 89' lang='lat' dir='ltr'><strong>contra</strong></span> <span class='ocrx_word' id='word_1_108' title='bbox 1218 1756 1414 1810; x_wconf 66' lang='lat' dir='ltr'><strong>caelum</strong></span> <span class='ocrx_word' id='word_1_109' title='bbox 1452 1756 1783 1824; x_wconf 88' lang='lat' dir='ltr'><strong>loquentium</strong></span> <span class='ocrx_word' id='word_1_110' title='bbox 1827 1774 1887 1812; x_wconf 87' lang='lat' dir='ltr'><strong>ac</strong></span> <span class='ocrx_word' id='word_1_111' title='bbox 1929 1760 2306 1813; x_wconf 85' lang='lat' dir='ltr'><strong>meditantium</strong></span> <span class='ocrx_word' id='word_1_112' title='bbox 2332 1800 2345 1822; x_wconf 90' lang='lat'><strong>,</strong></span> 
     </span>
    </p>
   </div>
   <div class='ocr_carea' id='block_1_20' title="bbox 774 1839 2420 1914">
    <p class='ocr_par' dir='ltr' id='par_1_20' title="bbox 774 1839 2420 1914">
     <span class='ocr_line' id='line_1_20' title="bbox 774 1839 2420 1914; baseline 0.006 -20"><span class='ocrx_word' id='word_1_113' title='bbox 774 1854 1001 1897; x_wconf 83' lang='lat' dir='ltr'><strong>consula</strong></span> <span class='ocrx_word' id='word_1_114' title='bbox 1076 1844 1242 1899; x_wconf 85' lang='lat' dir='ltr'><strong>veluti</strong></span> <span class='ocrx_word' id='word_1_115' title='bbox 1308 1845 1718 1901; x_wconf 79' lang='lat' dir='ltr'><strong>obstruxerunt.</strong></span> <span class='ocrx_word' id='word_1_116' title='bbox 1793 1849 1930 1902; x_wconf 90' lang='lat' dir='ltr'><strong>lline</strong></span> <span class='ocrx_word' id='word_1_117' title='bbox 1996 1865 2101 1902; x_wconf 90' lang='lat' dir='ltr'><strong>una</strong></span> <span class='ocrx_word' id='word_1_118' title='bbox 2173 1850 2342 1914; x_wconf 90' lang='lat' dir='ltr'><strong>ﬁdes,</strong></span> <span class='ocrx_word' id='word_1_119' title='bbox 2381 1839 2420 1896; x_wconf 78' lang='grc' dir='ltr'><strong><em>Β</em></strong></span> 
     </span>
    </p>
   </div>
   <div class='ocr_carea' id='block_1_21' title="bbox 775 1936 2347 2006">
    <p class='ocr_par' dir='ltr' id='par_1_21' title="bbox 775 1936 2347 2006">
     <span class='ocr_line' id='line_1_21' title="bbox 775 1936 2347 2006; baseline 0.005 -19"><span class='ocrx_word' id='word_1_120' title='bbox 775 1936 1077 2005; x_wconf 87' lang='lat' dir='ltr'><strong>eademque</strong></span> <span class='ocrx_word' id='word_1_121' title='bbox 1122 1940 1263 2006; x_wconf 86' lang='lat' dir='ltr'><strong>apud</strong></span> <span class='ocrx_word' id='word_1_122' title='bbox 1304 1955 1495 1993; x_wconf 90' lang='lat' dir='ltr'><strong>omnes</strong></span> <span class='ocrx_word' id='word_1_123' title='bbox 1545 1940 1885 1996; x_wconf 80' lang='lat' dir='ltr'><strong>Christianos</strong></span> <span class='ocrx_word' id='word_1_124' title='bbox 1918 1942 2187 1998; x_wconf 80' lang='lat' dir='ltr'><strong>confessio</strong></span> <span class='ocrx_word' id='word_1_125' title='bbox 2219 1959 2347 1996; x_wconf 86' lang='lat' dir='ltr'><strong>con-</strong></span> 
     </span>
    </p>
   </div>
   <div class='ocr_carea' id='block_1_22' title="bbox 775 2027 2345 2101">
    <p class='ocr_par' dir='ltr' id='par_1_22' title="bbox 775 2027 2345 2101">
     <span class='ocr_line' id='line_1_22' title="bbox 775 2027 2345 2101; baseline 0.006 -22"><span class='ocrx_word' id='word_1_126' title='bbox 775 2027 1017 2093; x_wconf 89' lang='lat' dir='ltr'><strong>corditer</strong></span> <span class='ocrx_word' id='word_1_127' title='bbox 1066 2030 1428 2084; x_wconf 85' lang='lat' dir='ltr'><strong>retinebatur.</strong></span> <span class='ocrx_word' id='word_1_128' title='bbox 1469 2032 1604 2097; x_wconf 88' lang='lat' dir='ltr'><strong>Quid</strong></span> <span class='ocrx_word' id='word_1_129' title='bbox 1656 2034 1799 2086; x_wconf 88' lang='lat' dir='ltr'><strong>enim</strong></span> <span class='ocrx_word' id='word_1_130' title='bbox 1846 2049 1947 2101; x_wconf 89' lang='lat' dir='ltr'><strong>per</strong></span> <span class='ocrx_word' id='word_1_131' title='bbox 1995 2046 2345 2089; x_wconf 88' lang='lat' dir='ltr'><strong>consecutum</strong></span> 
     </span>
    </p>
   </div>
   <div class='ocr_carea' id='block_1_23' title="bbox 776 2118 2349 2196">
    <p class='ocr_par' dir='ltr' id='par_1_23' title="bbox 776 2118 2349 2196">
     <span class='ocr_line' id='line_1_23' title="bbox 776 2118 2349 2196; baseline 0.007 -27"><span class='ocrx_word' id='word_1_132' title='bbox 776 2132 937 2171; x_wconf 85' lang='lat' dir='ltr'><strong>omne</strong></span> <span class='ocrx_word' id='word_1_133' title='bbox 972 2118 1137 2187; x_wconf 81' lang='lat' dir='ltr'><strong>elapsi</strong></span> <span class='ocrx_word' id='word_1_134' title='bbox 1167 2123 1426 2190; x_wconf 89' lang='lat' dir='ltr'><strong>temporis</strong></span> <span class='ocrx_word' id='word_1_135' title='bbox 1451 2124 1708 2192; x_wconf 80' lang='lat' dir='ltr'><strong>spatium,</strong></span> <span class='ocrx_word' id='word_1_136' title='bbox 1741 2135 2001 2193; x_wconf 88' lang='lat' dir='ltr'><strong>quantum</strong></span> <span class='ocrx_word' id='word_1_137' title='bbox 2036 2128 2253 2196; x_wconf 86' lang='lat' dir='ltr'><strong>quidem</strong></span> <span class='ocrx_word' id='word_1_138' title='bbox 2283 2129 2349 2181; x_wconf 90' lang='lat' dir='ltr'><strong>ad</strong></span> 
     </span>
    </p>
   </div>
   <div class='ocr_carea' id='block_1_24' title="bbox 779 2207 2351 2288">
    <p class='ocr_par' dir='ltr' id='par_1_24' title="bbox 779 2207 2351 2288">
     <span class='ocr_line' id='line_1_24' title="bbox 779 2207 2351 2288; baseline 0.008 -29"><span class='ocrx_word' id='word_1_139' title='bbox 779 2207 979 2261; x_wconf 90' lang='lat' dir='ltr'><strong>bonum</strong></span> <span class='ocrx_word' id='word_1_140' title='bbox 1018 2210 1343 2281; x_wconf 88' lang='lat' dir='ltr'><strong>ﬁrmumque</strong></span> <span class='ocrx_word' id='word_1_141' title='bbox 1372 2216 1623 2270; x_wconf 72' lang='lat' dir='ltr'><strong>humanm</strong></span> <span class='ocrx_word' id='word_1_142' title='bbox 1659 2218 1780 2270; x_wconf 71' lang='lat' dir='ltr'><strong>vita:</strong></span> <span class='ocrx_word' id='word_1_143' title='bbox 1806 2226 2028 2283; x_wconf 88' lang='lat' dir='ltr'><strong>statum,</strong></span> <span class='ocrx_word' id='word_1_144' title='bbox 2069 2220 2183 2272; x_wconf 86' lang='lat' dir='ltr'><strong>sive</strong></span> <span class='ocrx_word' id='word_1_145' title='bbox 2216 2219 2351 2288; x_wconf 86' lang='lat' dir='ltr'><strong>dog-</strong></span> 
     </span>
    </p>
   </div>
   <div class='ocr_carea' id='block_1_25' title="bbox 780 2305 2353 2377">
    <p class='ocr_par' dir='ltr' id='par_1_25' title="bbox 780 2305 2353 2377">
     <span class='ocr_line' id='line_1_25' title="bbox 780 2305 2353 2377; baseline 0.006 -24"><span class='ocrx_word' id='word_1_146' title='bbox 780 2310 924 2354; x_wconf 86' lang='lat' dir='ltr'><strong>mata</strong></span> <span class='ocrx_word' id='word_1_147' title='bbox 957 2312 1165 2371; x_wconf 83' lang='lat' dir='ltr'><strong>spectes</strong></span> <span class='ocrx_word' id='word_1_148' title='bbox 1199 2305 1313 2360; x_wconf 88' lang='lat' dir='ltr'><strong>sive</strong></span> <span class='ocrx_word' id='word_1_149' title='bbox 1343 2316 1495 2360; x_wconf 89' lang='lat' dir='ltr'><strong>actus</strong></span> <span class='ocrx_word' id='word_1_150' title='bbox 1516 2350 1529 2373; x_wconf 89' lang='lat'><strong>,</strong></span> <span class='ocrx_word' id='word_1_151' title='bbox 1562 2308 1715 2376; x_wconf 87' lang='lat' dir='ltr'><strong>quid,</strong></span> <span class='ocrx_word' id='word_1_152' title='bbox 1766 2310 2006 2377; x_wconf 85' lang='lat' dir='ltr'><strong>inquam,</strong></span> <span class='ocrx_word' id='word_1_153' title='bbox 2048 2310 2353 2376; x_wconf 82' lang='lat' dir='ltr'><strong>inexplora-</strong></span> 
     </span>
    </p>
   </div>
   <div class='ocr_carea' id='block_1_26' title="bbox 782 2386 2353 2472">
    <p class='ocr_par' dir='ltr' id='par_1_26' title="bbox 782 2386 2353 2472">
     <span class='ocr_line' id='line_1_26' title="bbox 782 2386 2353 2472; baseline 0.007 -27"><span class='ocrx_word' id='word_1_154' title='bbox 782 2402 891 2445; x_wconf 88' lang='lat' dir='ltr'><strong>tum</strong></span> <span class='ocrx_word' id='word_1_155' title='bbox 921 2404 1015 2449; x_wconf 90' lang='lat' dir='ltr'><strong>aut</strong></span> <span class='ocrx_word' id='word_1_156' title='bbox 1066 2386 1430 2452; x_wconf 80' lang='lat' dir='ltr'><strong>indiscussum</strong></span> <span class='ocrx_word' id='word_1_157' title='bbox 1492 2402 1811 2467; x_wconf 81' lang='lat' dir='ltr'><strong>supererat?</strong></span> <span class='ocrx_word' id='word_1_158' title='bbox 1862 2400 1940 2455; x_wconf 88' lang='lat' dir='ltr'><strong>Ita</strong></span> <span class='ocrx_word' id='word_1_159' title='bbox 1985 2404 2262 2472; x_wconf 84' lang='lat' dir='ltr'><strong>sapienter</strong></span> <span class='ocrx_word' id='word_1_160' title='bbox 2300 2412 2353 2457; x_wconf 90' lang='lat' dir='ltr'><strong>et</strong></span> 
     </span>
    </p>
   </div>
   <div class='ocr_carea' id='block_1_27' title="bbox 778 2484 2352 2565">
    <p class='ocr_par' dir='ltr' id='par_1_27' title="bbox 778 2484 2352 2565">
     <span class='ocr_line' id='line_1_27' title="bbox 778 2484 2352 2565; baseline 0.008 -28"><span class='ocrx_word' id='word_1_161' title='bbox 778 2484 1026 2540; x_wconf 89' lang='lat' dir='ltr'><strong>benivole</strong></span> <span class='ocrx_word' id='word_1_162' title='bbox 1067 2499 1250 2544; x_wconf 88' lang='lat' dir='ltr'><strong>nostra</strong></span> <span class='ocrx_word' id='word_1_163' title='bbox 1299 2492 1481 2545; x_wconf 89' lang='lat' dir='ltr'><strong>omnia</strong></span> <span class='ocrx_word' id='word_1_164' title='bbox 1529 2492 1789 2560; x_wconf 90' lang='lat' dir='ltr'><strong>disposita</strong></span> <span class='ocrx_word' id='word_1_165' title='bbox 1825 2492 2040 2548; x_wconf 89' lang='lat' dir='ltr'><strong>fuerant</strong></span> <span class='ocrx_word' id='word_1_166' title='bbox 2071 2511 2169 2565; x_wconf 90' lang='lat' dir='ltr'><strong>per</strong></span> <span class='ocrx_word' id='word_1_167' title='bbox 2211 2506 2352 2550; x_wconf 87' lang='lat' dir='ltr'><strong>tem-</strong></span> 
     </span>
    </p>
   </div>
   <div class='ocr_carea' id='block_1_28' title="bbox 781 2581 2352 2652">
    <p class='ocr_par' dir='ltr' id='par_1_28' title="bbox 781 2581 2352 2652">
     <span class='ocr_line' id='line_1_28' title="bbox 781 2581 2352 2652; baseline 0.009 -23"><span class='ocrx_word' id='word_1_168' title='bbox 781 2592 912 2643; x_wconf 89' lang='lat' dir='ltr'><strong>pora</strong></span> <span class='ocrx_word' id='word_1_169' title='bbox 942 2581 1256 2647; x_wconf 85' lang='lat' dir='ltr'><strong>providente</strong></span> <span class='ocrx_word' id='word_1_170' title='bbox 1288 2581 1430 2647; x_wconf 86' lang='lat' dir='ltr'><strong>Deo;</strong></span> <span class='ocrx_word' id='word_1_171' title='bbox 1462 2584 1533 2636; x_wconf 92' lang='lat' dir='ltr'><strong>ita</strong></span> <span class='ocrx_word' id='word_1_172' title='bbox 1570 2584 1651 2637; x_wconf 83' lang='lat' dir='ltr'><strong>lex</strong></span> <span class='ocrx_word' id='word_1_173' title='bbox 1685 2585 1880 2652; x_wconf 80' lang='lat' dir='ltr'><strong>priscis</strong></span> <span class='ocrx_word' id='word_1_174' title='bbox 1920 2587 2028 2641; x_wconf 92' lang='lat' dir='ltr'><strong>illis</strong></span> <span class='ocrx_word' id='word_1_175' title='bbox 2062 2589 2185 2641; x_wconf 87' lang='lat' dir='ltr'><strong>data</strong></span> <span class='ocrx_word' id='word_1_176' title='bbox 2221 2590 2352 2643; x_wconf 90' lang='lat' dir='ltr'><strong>olim</strong></span> 
     </span>
    </p>
   </div>
   <div class='ocr_carea' id='block_1_29' title="bbox 781 2667 2351 2749">
    <p class='ocr_par' dir='ltr' id='par_1_29' title="bbox 781 2667 2351 2749">
     <span class='ocr_line' id='line_1_29' title="bbox 781 2667 2351 2749; baseline 0.01 -31"><span class='ocrx_word' id='word_1_177' title='bbox 781 2667 1021 2721; x_wconf 81' lang='lat' dir='ltr'><strong>subsidio</strong></span> <span class='ocrx_word' id='word_1_178' title='bbox 1073 2667 1286 2736; x_wconf 87' lang='lat' dir='ltr'><strong>fuerat,</strong></span> <span class='ocrx_word' id='word_1_179' title='bbox 1319 2686 1417 2725; x_wconf 88' lang='lat' dir='ltr'><strong>ceu</strong></span> <span class='ocrx_word' id='word_1_180' title='bbox 1451 2674 1670 2741; x_wconf 85' lang='lat' dir='ltr'><strong>quidam</strong></span> <span class='ocrx_word' id='word_1_181' title='bbox 1709 2679 1949 2745; x_wconf 84' lang='lat' dir='ltr'><strong>Optimus</strong></span> <span class='ocrx_word' id='word_1_182' title='bbox 1991 2680 2313 2749; x_wconf 68' lang='lat' dir='ltr'><strong>predagogns</strong></span> <span class='ocrx_word' id='word_1_183' title='bbox 2335 2721 2351 2744; x_wconf 89' lang='lat'><strong>,</strong></span> 
     </span>
    </p>
   </div>
   <div class='ocr_carea' id='block_1_30' title="bbox 781 2760 2355 2836">
    <p class='ocr_par' dir='ltr' id='par_1_30' title="bbox 781 2760 2355 2836">
     <span class='ocr_line' id='line_1_30' title="bbox 781 2760 2355 2836; baseline 0.011 -27"><span class='ocrx_word' id='word_1_184' title='bbox 781 2771 878 2823; x_wconf 87' lang='lat' dir='ltr'><strong>per</strong></span> <span class='ocrx_word' id='word_1_185' title='bbox 918 2760 1221 2815; x_wconf 88' lang='lat' dir='ltr'><strong>rudimenta</strong></span> <span class='ocrx_word' id='word_1_186' title='bbox 1266 2768 1510 2832; x_wconf 77' lang='lat' dir='ltr'><strong>qumdam</strong></span> <span class='ocrx_word' id='word_1_187' title='bbox 1564 2765 1866 2821; x_wconf 89' lang='lat' dir='ltr'><strong>informans</strong></span> <span class='ocrx_word' id='word_1_188' title='bbox 1909 2770 2145 2836; x_wconf 88' lang='lat' dir='ltr'><strong>pueriles</strong></span> <span class='ocrx_word' id='word_1_189' title='bbox 2175 2772 2355 2825; x_wconf 87' lang='lat' dir='ltr'><strong>adhuc</strong></span> 
     </span>
    </p>
   </div>
   <div class='ocr_carea' id='block_1_31' title="bbox 781 2849 2353 2930">
    <p class='ocr_par' dir='ltr' id='par_1_31' title="bbox 781 2849 2353 2930">
     <span class='ocr_line' id='line_1_31' title="bbox 781 2849 2353 2930; baseline 0.01 -31"><span class='ocrx_word' id='word_1_190' title='bbox 781 2856 830 2900; x_wconf 90' lang='lat' dir='ltr'><strong>et</strong></span> <span class='ocrx_word' id='word_1_191' title='bbox 867 2849 1069 2904; x_wconf 87' lang='lat' dir='ltr'><strong>viribus</strong></span> <span class='ocrx_word' id='word_1_192' title='bbox 1100 2852 1548 2923; x_wconf 85' lang='lat' dir='ltr'><strong>imperfectiores,</strong></span> <span class='ocrx_word' id='word_1_193' title='bbox 1578 2866 1741 2927; x_wconf 88' lang='lat' dir='ltr'><strong>atque</strong></span> <span class='ocrx_word' id='word_1_194' title='bbox 1765 2859 1833 2913; x_wconf 85' lang='lat' dir='ltr'><strong>ad</strong></span> <span class='ocrx_word' id='word_1_195' title='bbox 1863 2860 1955 2913; x_wconf 90' lang='lat' dir='ltr'><strong>Dei</strong></span> <span class='ocrx_word' id='word_1_196' title='bbox 1986 2861 2353 2930; x_wconf 87' lang='lat' dir='ltr'><strong>cognitionem</strong></span> 
     </span>
    </p>
   </div>
   <div class='ocr_carea' id='block_1_32' title="bbox 781 2940 2357 3022">
    <p class='ocr_par' dir='ltr' id='par_1_32' title="bbox 781 2940 2357 3022">
     <span class='ocr_line' id='line_1_32' title="bbox 781 2940 2357 3022; baseline 0.01 -31"><span class='ocrx_word' id='word_1_197' title='bbox 781 2940 1087 3006; x_wconf 82' lang='lat' dir='ltr'><strong>deducens;</strong></span> <span class='ocrx_word' id='word_1_198' title='bbox 1124 2948 1247 3014; x_wconf 90' lang='lat' dir='ltr'><strong>quia</strong></span> <span class='ocrx_word' id='word_1_199' title='bbox 1289 2948 1581 3015; x_wconf 85' lang='lat' dir='ltr'><strong>perfectior</strong></span> <span class='ocrx_word' id='word_1_200' title='bbox 1606 2949 1856 3006; x_wconf 87' lang='lat' dir='ltr'><strong>doctrina</strong></span> <span class='ocrx_word' id='word_1_201' title='bbox 1896 2953 2213 3007; x_wconf 86' lang='lat' dir='ltr'><strong>hominibus</strong></span> <span class='ocrx_word' id='word_1_202' title='bbox 2241 2953 2357 3022; x_wconf 83' lang='lat' dir='ltr'><strong>ejus</strong></span> 
     </span>
    </p>
   </div>
   <div class='ocr_carea' id='block_1_33' title="bbox 781 3031 2354 3113">
    <p class='ocr_par' dir='ltr' id='par_1_33' title="bbox 781 3031 2354 3113">
     <span class='ocr_line' id='line_1_33' title="bbox 781 3031 2354 3113; baseline 0.01 -31"><span class='ocrx_word' id='word_1_203' title='bbox 781 3031 877 3084; x_wconf 72' lang='lat' dir='ltr'><strong>azvi</strong></span> <span class='ocrx_word' id='word_1_204' title='bbox 928 3035 1163 3089; x_wconf 88' lang='lat' dir='ltr'><strong>nondum</strong></span> <span class='ocrx_word' id='word_1_205' title='bbox 1213 3050 1332 3091; x_wconf 85' lang='lat' dir='ltr'><strong>erat</strong></span> <span class='ocrx_word' id='word_1_206' title='bbox 1381 3040 1592 3097; x_wconf 88' lang='lat' dir='ltr'><strong>idonea.</strong></span> <span class='ocrx_word' id='word_1_207' title='bbox 1646 3040 1781 3096; x_wconf 86' lang='lat' dir='ltr'><strong>Tum</strong></span> <span class='ocrx_word' id='word_1_208' title='bbox 1840 3058 1970 3099; x_wconf 87' lang='lat' dir='ltr'><strong>vero</strong></span> <span class='ocrx_word' id='word_1_209' title='bbox 2014 3056 2134 3112; x_wconf 90' lang='lat' dir='ltr'><strong>post</strong></span> <span class='ocrx_word' id='word_1_210' title='bbox 2182 3044 2354 3113; x_wconf 77' lang='lat' dir='ltr'><strong>legem</strong></span> 
     </span>
    </p>
   </div>
   <div class='ocr_carea' id='block_1_34' title="bbox 781 3123 2354 3205">
    <p class='ocr_par' dir='ltr' id='par_1_34' title="bbox 781 3123 2354 3205">
     <span class='ocr_line' id='line_1_34' title="bbox 781 3123 2354 3205; baseline 0.011 -31"><span class='ocrx_word' id='word_1_211' title='bbox 781 3123 982 3187; x_wconf 86' lang='lat' dir='ltr'><strong>datam,</strong></span> <span class='ocrx_word' id='word_1_212' title='bbox 1026 3138 1215 3183; x_wconf 86' lang='lat' dir='ltr'><strong>sancto</strong></span> <span class='ocrx_word' id='word_1_213' title='bbox 1252 3129 1458 3199; x_wconf 85' lang='lat' dir='ltr'><strong>Spiritu</strong></span> <span class='ocrx_word' id='word_1_214' title='bbox 1494 3133 1635 3201; x_wconf 87' lang='lat' dir='ltr'><strong>pleni</strong></span> <span class='ocrx_word' id='word_1_215' title='bbox 1672 3134 1951 3204; x_wconf 67' lang='lat' dir='ltr'><strong>propheta:</strong></span> <span class='ocrx_word' id='word_1_216' title='bbox 1987 3137 2200 3205; x_wconf 83' lang='lat' dir='ltr'><strong>virique</strong></span> <span class='ocrx_word' id='word_1_217' title='bbox 2244 3137 2354 3192; x_wconf 91' lang='lat' dir='ltr'><strong>Deo</strong></span> 
     </span>
    </p>
   </div>
   <div class='ocr_carea' id='block_1_35' title="bbox 781 3213 2348 3297">
    <p class='ocr_par' dir='ltr' id='par_1_35' title="bbox 781 3213 2348 3297">
     <span class='ocr_line' id='line_1_35' title="bbox 781 3213 2348 3297; baseline 0.013 -32"><span class='ocrx_word' id='word_1_218' title='bbox 781 3213 945 3270; x_wconf 83' lang='lat' dir='ltr'><strong>amati</strong></span> <span class='ocrx_word' id='word_1_219' title='bbox 988 3219 1154 3272; x_wconf 87' lang='lat' dir='ltr'><strong>multa</strong></span> <span class='ocrx_word' id='word_1_220' title='bbox 1191 3236 1255 3276; x_wconf 91' lang='lat' dir='ltr'><strong>ac</strong></span> <span class='ocrx_word' id='word_1_221' title='bbox 1288 3222 1434 3277; x_wconf 88' lang='lat' dir='ltr'><strong>varia</strong></span> <span class='ocrx_word' id='word_1_222' title='bbox 1476 3240 1687 3279; x_wconf 89' lang='lat' dir='ltr'><strong>morum</strong></span> <span class='ocrx_word' id='word_1_223' title='bbox 1733 3239 2000 3297; x_wconf 61' lang='lat' dir='ltr'><strong>praecepta</strong></span> <span class='ocrx_word' id='word_1_224' title='bbox 2047 3228 2348 3295; x_wconf 84' lang='lat' dir='ltr'><strong>dederant,</strong></span> 
     </span>
    </p>
   </div>
   <div class='ocr_carea' id='block_1_36' title="bbox 780 3311 2347 3391">
    <p class='ocr_par' dir='ltr' id='par_1_36' title="bbox 780 3311 2347 3391">
     <span class='ocr_line' id='line_1_36' title="bbox 780 3311 2347 3391; baseline 0.014 -35"><span class='ocrx_word' id='word_1_225' title='bbox 780 3320 936 3373; x_wconf 88' lang='lat' dir='ltr'><strong>prout</strong></span> <span class='ocrx_word' id='word_1_226' title='bbox 960 3311 1194 3379; x_wconf 85' lang='lat' dir='ltr'><strong>Spiritus</strong></span> <span class='ocrx_word' id='word_1_227' title='bbox 1232 3317 1365 3383; x_wconf 88' lang='lat' dir='ltr'><strong>ipsis</strong></span> <span class='ocrx_word' id='word_1_228' title='bbox 1402 3319 1698 3383; x_wconf 79' lang='lat' dir='ltr'><strong>revelabat,</strong></span> <span class='ocrx_word' id='word_1_229' title='bbox 1745 3321 1810 3375; x_wconf 88' lang='lat' dir='ltr'><strong>ad</strong></span> <span class='ocrx_word' id='word_1_230' title='bbox 1847 3324 2181 3377; x_wconf 88' lang='lat' dir='ltr'><strong>audientimn</strong></span> <span class='ocrx_word' id='word_1_231' title='bbox 2223 3340 2347 3391; x_wconf 87' lang='lat' dir='ltr'><strong>pro-</strong></span> 
     </span>
    </p>
   </div>
   <div class='ocr_carea' id='block_1_37' title="bbox 779 3398 2348 3483">
    <p class='ocr_par' dir='ltr' id='par_1_37' title="bbox 779 3398 2348 3483">
     <span class='ocr_line' id='line_1_37' title="bbox 779 3398 2348 3483; baseline 0.01 -32"><span class='ocrx_word' id='word_1_232' title='bbox 779 3398 1001 3455; x_wconf 83' lang='lat' dir='ltr'><strong>fectum.</strong></span> <span class='ocrx_word' id='word_1_233' title='bbox 1042 3403 1146 3457; x_wconf 91' lang='lat' dir='ltr'><strong>Sed</strong></span> <span class='ocrx_word' id='word_1_234' title='bbox 1178 3409 1303 3475; x_wconf 87' lang='lat' dir='ltr'><strong>quia</strong></span> <span class='ocrx_word' id='word_1_235' title='bbox 1338 3409 1451 3466; x_wconf 70' lang='lat' dir='ltr'><strong>hate</strong></span> <span class='ocrx_word' id='word_1_236' title='bbox 1483 3411 1743 3479; x_wconf 80' lang='lat' dir='ltr'><strong>perlicere</strong></span> <span class='ocrx_word' id='word_1_237' title='bbox 1775 3413 1934 3467; x_wconf 90' lang='lat' dir='ltr'><strong>homo</strong></span> <span class='ocrx_word' id='word_1_238' title='bbox 1973 3430 2078 3467; x_wconf 88' lang='lat' dir='ltr'><strong>non</strong></span> <span class='ocrx_word' id='word_1_239' title='bbox 2118 3426 2348 3483; x_wconf 78' lang='lat' dir='ltr'><strong>poterat,</strong></span> 
     </span>
    </p>
   </div>
   <div class='ocr_carea' id='block_1_38' title="bbox 779 3491 2349 3577">
    <p class='ocr_par' dir='ltr' id='par_1_38' title="bbox 779 3491 2349 3577">
     <span class='ocr_line' id='line_1_38' title="bbox 779 3491 2349 3577; baseline 0.015 -39"><span class='ocrx_word' id='word_1_240' title='bbox 779 3501 829 3539; x_wconf 76' lang='lat' dir='ltr'><strong>et</strong></span> <span class='ocrx_word' id='word_1_241' title='bbox 870 3491 1071 3558; x_wconf 81' lang='lat' dir='ltr'><strong>majore</strong></span> <span class='ocrx_word' id='word_1_242' title='bbox 1102 3498 1306 3552; x_wconf 83' lang='lat' dir='ltr'><strong>auxilio</strong></span> <span class='ocrx_word' id='word_1_243' title='bbox 1343 3499 1640 3571; x_wconf 82' lang='lat' dir='ltr'><strong>indigebat,</strong></span> <span class='ocrx_word' id='word_1_244' title='bbox 1685 3504 1994 3571; x_wconf 83' lang='lat' dir='ltr'><strong>impetravit</strong></span> <span class='ocrx_word' id='word_1_245' title='bbox 2024 3518 2080 3560; x_wconf 91' lang='lat' dir='ltr'><strong>ut</strong></span> <span class='ocrx_word' id='word_1_246' title='bbox 2125 3508 2257 3577; x_wconf 73' lang='lat' dir='ltr'><strong>legis</strong></span> <span class='ocrx_word' id='word_1_247' title='bbox 2290 3525 2349 3561; x_wconf 88' lang='lat' dir='ltr'><strong>ac</strong></span> 
     </span>
    </p>
   </div>
   <div class='ocr_carea' id='block_1_39' title="bbox 778 3586 2349 3665">
    <p class='ocr_par' dir='ltr' id='par_1_39' title="bbox 778 3586 2349 3665">
     <span class='ocr_line' id='line_1_39' title="bbox 778 3586 2349 3665; baseline 0.014 -36"><span class='ocrx_word' id='word_1_248' title='bbox 778 3586 1160 3649; x_wconf 84' lang='lat' dir='ltr'><strong>prophetarqu</strong></span> <span class='ocrx_word' id='word_1_249' title='bbox 1194 3589 1445 3659; x_wconf 89' lang='lat' dir='ltr'><strong>princeps</strong></span> <span class='ocrx_word' id='word_1_250' title='bbox 1484 3593 1717 3647; x_wconf 82' lang='lat' dir='ltr'><strong>veniret.</strong></span> <span class='ocrx_word' id='word_1_251' title='bbox 1751 3596 1905 3657; x_wconf 79' lang='lat' dir='ltr'><strong>Quod</strong></span> <span class='ocrx_word' id='word_1_252' title='bbox 1933 3597 2072 3648; x_wconf 83' lang='lat' dir='ltr'><strong>enim</strong></span> <span class='ocrx_word' id='word_1_253' title='bbox 2110 3599 2349 3665; x_wconf 75' lang='lat' dir='ltr'><strong>impossi-</strong></span> 
     </span>
    </p>
   </div>
   <div class='ocr_carea' id='block_1_40' title="bbox 778 3673 2349 3757">
    <p class='ocr_par' dir='ltr' id='par_1_40' title="bbox 778 3673 2349 3757">
     <span class='ocr_line' id='line_1_40' title="bbox 778 3673 2349 3757; baseline 0.013 -35"><span class='ocrx_word' id='word_1_254' title='bbox 778 3673 879 3725; x_wconf 77' lang='lat' dir='ltr'><strong>bile</strong></span> <span class='ocrx_word' id='word_1_255' title='bbox 902 3686 1013 3727; x_wconf 77' lang='lat' dir='ltr'><strong>erat</strong></span> <span class='ocrx_word' id='word_1_256' title='bbox 1051 3678 1106 3731; x_wconf 85' lang='lat' dir='ltr'><strong>iu</strong></span> <span class='ocrx_word' id='word_1_257' title='bbox 1140 3680 1276 3748; x_wconf 83' lang='lat' dir='ltr'><strong>lege,</strong></span> <span class='ocrx_word' id='word_1_258' title='bbox 1310 3682 1483 3749; x_wconf 90' lang='lat' dir='ltr'><strong>inquit</strong></span> <span class='ocrx_word' id='word_1_259' title='bbox 1519 3684 1845 3753; x_wconf 74' lang='lat' dir='ltr'><strong>Apustolus,</strong></span> <span class='ocrx_word' id='word_1_260' title='bbox 1887 3688 1939 3738; x_wconf 85' lang='lat' dir='ltr'><strong>in</strong></span> <span class='ocrx_word' id='word_1_261' title='bbox 1964 3704 2066 3756; x_wconf 89' lang='lat' dir='ltr'><strong>quo</strong></span> <span class='ocrx_word' id='word_1_262' title='bbox 2101 3705 2192 3757; x_wconf 85' lang='lat' dir='ltr'><strong>per</strong></span> <span class='ocrx_word' id='word_1_263' title='bbox 2233 3705 2349 3741; x_wconf 81' lang='lat' dir='ltr'><strong>cur-</strong></span> 
     </span>
    </p>
   </div>
   <div class='ocr_carea' id='block_1_41' title="bbox 779 3768 2348 3837">
    <p class='ocr_par' dir='ltr' id='par_1_41' title="bbox 779 3768 2348 3837">
     <span class='ocr_line' id='line_1_41' title="bbox 779 3768 2348 3837; baseline 0.013 -23"><span class='ocrx_word' id='word_1_264' title='bbox 779 3780 891 3816; x_wconf 85' lang='lat' dir='ltr'><strong>nem</strong></span> <span class='ocrx_word' id='word_1_265' title='bbox 946 3768 1338 3837; x_wconf 77' lang='lat' dir='ltr'><strong>inﬁrmabalur,</strong></span> <span class='ocrx_word' id='word_1_266' title='bbox 1378 3772 1518 3829; x_wconf 81' lang='lat' dir='ltr'><strong>Deus</strong></span> <span class='ocrx_word' id='word_1_267' title='bbox 1576 3773 1781 3830; x_wconf 81' lang='lat' dir='ltr'><strong>Filium</strong></span> <span class='ocrx_word' id='word_1_268' title='bbox 1835 3795 1986 3835; x_wconf 80' lang='lat' dir='ltr'><strong>suum</strong></span> <span class='ocrx_word' id='word_1_269' title='bbox 2036 3784 2246 3834; x_wconf 76' lang='lat' dir='ltr'><strong>mittens</strong></span> <span class='ocrx_word' id='word_1_270' title='bbox 2296 3782 2348 3834; x_wconf 81' lang='lat' dir='ltr'><strong>in</strong></span> 
     </span>
    </p>
   </div>
   <div class='ocr_carea' id='block_1_42' title="bbox 777 3857 2349 3939">
    <p class='ocr_par' dir='ltr' id='par_1_42' title="bbox 777 3857 2349 3939">
     <span class='ocr_line' id='line_1_42' title="bbox 777 3857 2349 3939; baseline 0.013 -33"><span class='ocrx_word' id='word_1_271' title='bbox 777 3857 1171 3914; x_wconf 79' lang='lat' dir='ltr'><strong>similitudinem</strong></span> <span class='ocrx_word' id='word_1_272' title='bbox 1207 3866 1383 3918; x_wconf 76' lang='lat' dir='ltr'><strong>carnis</strong></span> <span class='ocrx_word' id='word_1_273' title='bbox 1432 3869 1669 3933; x_wconf 77' lang='lat' dir='ltr'><strong>peccati,</strong></span> <span class='ocrx_word' id='word_1_274' title='bbox 1708 3881 1753 3922; x_wconf 86' lang='lat' dir='ltr'><strong>et</strong></span> <span class='ocrx_word' id='word_1_275' title='bbox 1796 3887 1892 3938; x_wconf 86' lang='lat' dir='ltr'><strong>pro</strong></span> <span class='ocrx_word' id='word_1_276' title='bbox 1920 3882 2131 3939; x_wconf 84' lang='lat' dir='ltr'><strong>peccato</strong></span> <span class='ocrx_word' id='word_1_277' title='bbox 2153 3912 2167 3936; x_wconf 94' lang='lat'><strong>,</strong></span> <span class='ocrx_word' id='word_1_278' title='bbox 2200 3873 2349 3926; x_wconf 80' lang='lat' dir='ltr'><strong>dam-</strong></span> 
     </span>
    </p>
   </div>
   <div class='ocr_carea' id='block_1_43' title="bbox 778 3949 2352 4032">
    <p class='ocr_par' dir='ltr' id='par_1_43' title="bbox 778 3949 2352 4032">
     <span class='ocr_line' id='line_1_43' title="bbox 778 3949 2352 4032; baseline 0.013 -35"><span class='ocrx_word' id='word_1_279' title='bbox 778 3949 917 4001; x_wconf 80' lang='lat' dir='ltr'><strong>navit</strong></span> <span class='ocrx_word' id='word_1_280' title='bbox 950 3951 1002 4002; x_wconf 85' lang='lat' dir='ltr'><strong>in</strong></span> <span class='ocrx_word' id='word_1_281' title='bbox 1032 3964 1192 4009; x_wconf 77' lang='lat' dir='ltr'><strong>carne</strong></span> <span class='ocrx_word' id='word_1_282' title='bbox 1224 3967 1514 4023; x_wconf 81' lang='lat' dir='ltr'><strong>peccatum,</strong></span> <span class='ocrx_word' id='word_1_283' title='bbox 1547 3969 1602 4010; x_wconf 89' lang='lat' dir='ltr'><strong>ut</strong></span> <span class='ocrx_word' id='word_1_284' title='bbox 1639 3959 1770 4028; x_wconf 81' lang='lat' dir='ltr'><strong>legis</strong></span> <span class='ocrx_word' id='word_1_285' title='bbox 1812 3961 2131 4030; x_wconf 75' lang='lat' dir='ltr'><strong>justiﬁeatio</strong></span> <span class='ocrx_word' id='word_1_286' title='bbox 2167 3964 2352 4032; x_wconf 83' lang='lat' dir='ltr'><strong>imple-</strong></span> 
     </span>
    </p>
   </div>
   <div class='ocr_carea' id='block_1_44' title="bbox 779 4043 2338 4121">
    <p class='ocr_par' dir='ltr' id='par_1_44' title="bbox 779 4043 2338 4121">
     <span class='ocr_line' id='line_1_44' title="bbox 779 4043 2338 4121; baseline 0.014 -32"><span class='ocrx_word' id='word_1_287' title='bbox 779 4043 987 4093; x_wconf 82' lang='lat' dir='ltr'><strong>returiu</strong></span> <span class='ocrx_word' id='word_1_288' title='bbox 1012 4046 1179 4111; x_wconf 83' lang='lat' dir='ltr'><strong>nobis,</strong></span> <span class='ocrx_word' id='word_1_289' title='bbox 1205 4049 1291 4116; x_wconf 83' lang='lat' dir='ltr'><strong>qui</strong></span> <span class='ocrx_word' id='word_1_290' title='bbox 1317 4065 1419 4101; x_wconf 84' lang='lat' dir='ltr'><strong>non</strong></span> <span class='ocrx_word' id='word_1_291' title='bbox 1436 4052 1722 4103; x_wconf 74' lang='lat' dir='ltr'><strong>secundum</strong></span> <span class='ocrx_word' id='word_1_292' title='bbox 1744 4069 1955 4106; x_wconf 84' lang='lat' dir='ltr'><strong>carnem</strong></span> <span class='ocrx_word' id='word_1_293' title='bbox 1984 4056 2338 4121; x_wconf 72' lang='lat' dir='ltr'><strong>ambulamus,</strong></span> 
     </span>
    </p>
   </div>
   <div class='ocr_carea' id='block_1_45' title="bbox 776 4135 2353 4214">
    <p class='ocr_par' dir='ltr' id='par_1_45' title="bbox 776 4135 2353 4214">
     <span class='ocr_line' id='line_1_45' title="bbox 776 4135 2353 4214; baseline 0.013 -33"><span class='ocrx_word' id='word_1_294' title='bbox 776 4135 865 4183; x_wconf 62' lang='lat' dir='ltr'><strong>sed</strong></span> <span class='ocrx_word' id='word_1_295' title='bbox 884 4139 1169 4188; x_wconf 80' lang='lat' dir='ltr'><strong>secundum</strong></span> <span class='ocrx_word' id='word_1_296' title='bbox 1194 4139 1438 4205; x_wconf 71' lang='lat' dir='ltr'><strong>spiritum</strong></span> <span class='ocrx_word' id='word_1_297' title='bbox 1457 4141 1592 4193; x_wconf 77' lang='lat'><strong>&quot;°”.</strong></span> <span class='ocrx_word' id='word_1_298' title='bbox 1609 4141 1823 4198; x_wconf 89' lang='lat' dir='ltr'><strong>Peccati</strong></span> <span class='ocrx_word' id='word_1_299' title='bbox 1849 4157 2024 4200; x_wconf 87' lang='lat' dir='ltr'><strong>autent</strong></span> <span class='ocrx_word' id='word_1_300' title='bbox 2048 4149 2218 4214; x_wconf 86' lang='lat' dir='ltr'><strong>prima</strong></span> <span class='ocrx_word' id='word_1_301' title='bbox 2243 4165 2353 4201; x_wconf 87' lang='lat' dir='ltr'><strong>ma-</strong></span> 
     </span>
    </p>
   </div>
   <div class='ocr_carea' id='block_1_46' title="bbox 778 4215 2355 4296">
    <p class='ocr_par' dir='ltr' id='par_1_46' title="bbox 778 4215 2355 4296">
     <span class='ocr_line' id='line_1_46' title="bbox 778 4215 2355 4296; baseline 0.018 -31"><span class='ocrx_word' id='word_1_302' title='bbox 778 4215 933 4284; x_wconf 81' lang='lat' dir='ltr'><strong>laque</strong></span> <span class='ocrx_word' id='word_1_303' title='bbox 982 4224 1159 4288; x_wconf 86' lang='lat' dir='ltr'><strong>proles</strong></span> <span class='ocrx_word' id='word_1_304' title='bbox 1205 4228 1504 4282; x_wconf 82' lang='lat' dir='ltr'><strong>idololatria</strong></span> <span class='ocrx_word' id='word_1_305' title='bbox 1532 4229 1670 4296; x_wconf 83' lang='lat' dir='ltr'><strong>fuit,</strong></span> <span class='ocrx_word' id='word_1_306' title='bbox 1712 4242 1768 4287; x_wconf 85' lang='lat' dir='ltr'><strong>et</strong></span> <span class='ocrx_word' id='word_1_307' title='bbox 1805 4234 1981 4289; x_wconf 88' lang='lat' dir='ltr'><strong>cultus</strong></span> <span class='ocrx_word' id='word_1_308' title='bbox 2029 4252 2058 4289; x_wconf 87' lang='lat' dir='ltr'><strong>a</strong></span> <span class='ocrx_word' id='word_1_309' title='bbox 2095 4238 2355 4293; x_wconf 79' lang='lat' dir='ltr'><strong>Creatore</strong></span> 
     </span>
    </p>
   </div>
   <div class='ocr_carea' id='block_1_47' title="bbox 777 4310 1485 4376">
    <p class='ocr_par' dir='ltr' id='par_1_47' title="bbox 777 4310 1485 4376">
     <span class='ocr_line' id='line_1_47' title="bbox 777 4310 1485 4376; baseline 0.023 -15"><span class='ocrx_word' id='word_1_310' title='bbox 777 4310 846 4361; x_wconf 88' lang='lat' dir='ltr'><strong>ad</strong></span> <span class='ocrx_word' id='word_1_311' title='bbox 875 4322 1152 4369; x_wconf 84' lang='lat' dir='ltr'><strong>creaturas</strong></span> <span class='ocrx_word' id='word_1_312' title='bbox 1181 4320 1485 4376; x_wconf 85' lang='lat' dir='ltr'><strong>translatio.</strong></span> 
     </span>
    </p>
   </div>
   <div class='ocr_carea' id='block_1_48' title="bbox 2442 571 4023 651">
    <p class='ocr_par' dir='ltr' id='par_1_48' title="bbox 2442 571 4023 651">
     <span class='ocr_line' id='line_1_48' title="bbox 2442 571 4023 651; baseline -0.004 -18"><span class='ocrx_word' id='word_1_313' title='bbox 2442 582 2629 651; x_wconf 68' lang='grc' dir='ltr'>ἤκουε,</span> <span class='ocrx_word' id='word_1_314' title='bbox 2658 580 2804 641; x_wconf 80' lang='grc' dir='ltr'>λίθος</span> <span class='ocrx_word' id='word_1_315' title='bbox 2836 580 3233 648; x_wconf 82' lang='grc' dir='ltr'>ἀκρογωνιαίος</span> <span class='ocrx_word' id='word_1_316' title='bbox 3261 576 3501 645; x_wconf 77' lang='grc' dir='ltr'><strong>ἔντιμος,</strong></span> <span class='ocrx_word' id='word_1_317' title='bbox 3534 577 3621 643; x_wconf 73' lang='grc' dir='ltr'><strong>ἐφ’</strong></span> <span class='ocrx_word' id='word_1_318' title='bbox 3732 574 4023 629; x_wconf 72' lang='grc' dir='ltr'>πιστεύον-</span> 
     </span>
    </p>
   </div>
   <div class='ocr_carea' id='block_1_49' title="bbox 2443 667 4025 738">
    <p class='ocr_par' dir='ltr' id='par_1_49' title="bbox 2443 667 4025 738">
     <span class='ocr_line' id='line_1_49' title="bbox 2443 667 4025 738; baseline -0.002 -15"><span class='ocrx_word' id='word_1_319' title='bbox 2443 687 2563 733; x_wconf 75' lang='grc' dir='ltr'>τες,</span> <span class='ocrx_word' id='word_1_320' title='bbox 2606 670 2801 722; x_wconf 74' lang='grc' dir='ltr'>οὔποτε</span> <span class='ocrx_word' id='word_1_321' title='bbox 2853 667 3470 738; x_wconf 72' lang='grc' dir='ltr'><strong>καιταισχυνθησόμεθα⁸</strong></span> <span class='ocrx_word' id='word_1_322' title='bbox 3511 668 3935 738; x_wconf 73' lang='grc' dir='ltr'><strong>ἐπῳκοδόμηται</strong></span> <span class='ocrx_word' id='word_1_323' title='bbox 3968 667 4025 720; x_wconf 72' lang='grc' dir='ltr'>δὲ</span> 
     </span>
    </p>
   </div>
   <div class='ocr_carea' id='block_1_50' title="bbox 2442 757 4031 830">
    <p class='ocr_par' dir='ltr' id='par_1_50' title="bbox 2442 757 4031 830">
     <span class='ocr_line' id='line_1_50' title="bbox 2442 757 4031 830; baseline -0.002 -16"><span class='ocrx_word' id='word_1_324' title='bbox 2442 762 2542 830; x_wconf 79' lang='grc' dir='ltr'>τῆς</span> <span class='ocrx_word' id='word_1_325' title='bbox 2593 761 2782 829; x_wconf 79' lang='grc' dir='ltr'>σοφίας</span> <span class='ocrx_word' id='word_1_326' title='bbox 2833 762 2862 813; x_wconf 85' lang='grc' dir='ltr'><strong>ό</strong></span> <span class='ocrx_word' id='word_1_327' title='bbox 2904 757 3087 827; x_wconf 73' lang='grc' dir='ltr'>οἶκος,</span> <span class='ocrx_word' id='word_1_328' title='bbox 3136 760 3328 830; x_wconf 71' lang='grc' dir='ltr'>ὥσπερ</span> <span class='ocrx_word' id='word_1_329' title='bbox 3376 761 3440 813; x_wconf 79' lang='grc' dir='ltr'>ὲκ</span> <span class='ocrx_word' id='word_1_330' title='bbox 3484 758 3687 829; x_wconf 87' lang='grc' dir='ltr'>χρυσοῦ</span> <span class='ocrx_word' id='word_1_331' title='bbox 3722 760 3821 811; x_wconf 70' lang='grc' dir='ltr'>καὶ</span> <span class='ocrx_word' id='word_1_332' title='bbox 3862 760 4031 811; x_wconf 79' lang='grc' dir='ltr'>λίθων</span> 
     </span>
    </p>
   </div>
   <div class='ocr_carea' id='block_1_51' title="bbox 2443 850 4031 922">
    <p class='ocr_par' dir='ltr' id='par_1_51' title="bbox 2443 850 4031 922">
     <span class='ocr_line' id='line_1_51' title="bbox 2443 850 4031 922; baseline -0.003 -16"><span class='ocrx_word' id='word_1_333' title='bbox 2443 853 2661 922; x_wconf 86' lang='grc' dir='ltr'>τιμίων,</span> <span class='ocrx_word' id='word_1_334' title='bbox 2688 853 2795 904; x_wconf 80' lang='grc' dir='ltr'>τῶν</span> <span class='ocrx_word' id='word_1_335' title='bbox 2827 852 2989 922; x_wconf 80' lang='grc' dir='ltr'>ἱερῶν</span> <span class='ocrx_word' id='word_1_336' title='bbox 3014 852 3110 904; x_wconf 72' lang='grc' dir='ltr'><strong>καὶ</strong></span> <span class='ocrx_word' id='word_1_337' title='bbox 3144 852 3306 903; x_wconf 81' lang='grc' dir='ltr'>θείων</span> <span class='ocrx_word' id='word_1_338' title='bbox 3330 852 3640 920; x_wconf 77' lang='grc' dir='ltr'><strong>δογμάτων,</strong></span> <span class='ocrx_word' id='word_1_339' title='bbox 3668 850 3705 907; x_wconf 74' lang='grc' dir='ltr'>ἃ</span> <span class='ocrx_word' id='word_1_340' title='bbox 3734 852 3891 922; x_wconf 67' lang='grc' dir='ltr'>παρὰ</span> <span class='ocrx_word' id='word_1_341' title='bbox 3922 851 4031 902; x_wconf 70' lang='grc' dir='ltr'>τῶν</span> 
     </span>
    </p>
   </div>
   <div class='ocr_carea' id='block_1_52' title="bbox 2445 942 4032 1013">
    <p class='ocr_par' dir='ltr' id='par_1_52' title="bbox 2445 942 4032 1013">
     <span class='ocr_line' id='line_1_52' title="bbox 2445 942 4032 1013; baseline -0.002 -17"><span class='ocrx_word' id='word_1_342' title='bbox 2445 942 2705 1012; x_wconf 80' lang='grc' dir='ltr'><strong>ἀοιδίμων</strong></span> <span class='ocrx_word' id='word_1_343' title='bbox 2731 945 2822 995; x_wconf 71' lang='grc' dir='ltr'>καὶ</span> <span class='ocrx_word' id='word_1_344' title='bbox 2856 943 3131 1013; x_wconf 65' lang='grc' dir='ltr'>θεοφόρων</span> <span class='ocrx_word' id='word_1_345' title='bbox 3163 942 3321 1012; x_wconf 84' lang='grc' dir='ltr'>ἡμῶν</span> <span class='ocrx_word' id='word_1_346' title='bbox 3365 943 3623 1011; x_wconf 78' lang='grc' dir='ltr'>Πατέρων</span> <span class='ocrx_word' id='word_1_347' title='bbox 3652 942 4032 1007; x_wconf 47' lang='grc' dir='ltr'>ἐκπεπόῃταί</span> 
     </span>
    </p>
   </div>
   <div class='ocr_carea' id='block_1_53' title="bbox 2444 1032 4031 1104">
    <p class='ocr_par' dir='ltr' id='par_1_53' title="bbox 2444 1032 4031 1104">
     <span class='ocr_line' id='line_1_53' title="bbox 2444 1032 4031 1104; baseline -0.003 -16"><span class='ocrx_word' id='word_1_348' title='bbox 2444 1054 2503 1089; x_wconf 88' lang='grc' dir='ltr'><strong>τε</strong></span> <span class='ocrx_word' id='word_1_349' title='bbox 2538 1036 2631 1088; x_wconf 73' lang='grc' dir='ltr'>καὶ</span> <span class='ocrx_word' id='word_1_350' title='bbox 2665 1037 3048 1104; x_wconf 82' lang='grc' dir='ltr'>ὲκπεφὼνηται</span> <span class='ocrx_word' id='word_1_351' title='bbox 3068 1074 3082 1099; x_wconf 95' lang='grc'><strong>,</strong></span> <span class='ocrx_word' id='word_1_352' title='bbox 3109 1035 3224 1086; x_wconf 84' lang='grc' dir='ltr'>ὅσοι</span> <span class='ocrx_word' id='word_1_353' title='bbox 3253 1052 3311 1085; x_wconf 91' lang='grc' dir='ltr'><strong>τε</strong></span> <span class='ocrx_word' id='word_1_354' title='bbox 3345 1034 3489 1085; x_wconf 72' lang='grc' dir='ltr'>κατὰ</span> <span class='ocrx_word' id='word_1_355' title='bbox 3509 1035 3638 1094; x_wconf 69' lang='grc' dir='ltr'>τοὺς</span> <span class='ocrx_word' id='word_1_356' title='bbox 3671 1035 3855 1100; x_wconf 52' lang='lat' dir='ltr'><strong>lagois;</strong></span> <span class='ocrx_word' id='word_1_357' title='bbox 3881 1032 4031 1083; x_wconf 76' lang='grc' dir='ltr'>εκεί-</span> 
     </span>
    </p>
   </div>
   <div class='ocr_carea' id='block_1_54' title="bbox 2446 1122 4027 1192">
    <p class='ocr_par' dir='ltr' id='par_1_54' title="bbox 2446 1122 4027 1192">
     <span class='ocr_line' id='line_1_54' title="bbox 2446 1122 4027 1192; baseline -0.004 -12"><span class='ocrx_word' id='word_1_358' title='bbox 2446 1145 2569 1191; x_wconf 86' lang='grc' dir='ltr'>νους</span> <span class='ocrx_word' id='word_1_359' title='bbox 2598 1128 2694 1180; x_wconf 76' lang='grc' dir='ltr'>καὶ</span> <span class='ocrx_word' id='word_1_360' title='bbox 2730 1126 3047 1188; x_wconf 80' lang='grc' dir='ltr'>θεολέκτους</span> <span class='ocrx_word' id='word_1_361' title='bbox 3094 1125 3407 1192; x_wconf 72' lang='grc' dir='ltr'><strong>συλλόγους,</strong></span> <span class='ocrx_word' id='word_1_362' title='bbox 3450 1126 3748 1192; x_wconf 85' lang='grc' dir='ltr'>θαυμάσιοι</span> <span class='ocrx_word' id='word_1_363' title='bbox 3780 1124 3876 1175; x_wconf 73' lang='grc' dir='ltr'>καὶ</span> <span class='ocrx_word' id='word_1_364' title='bbox 3904 1122 4027 1174; x_wconf 84' lang='grc' dir='ltr'>θεο-</span> 
     </span>
    </p>
   </div>
   <div class='ocr_carea' id='block_1_55' title="bbox 2447 1216 4030 1288">
    <p class='ocr_par' dir='ltr' id='par_1_55' title="bbox 2447 1216 4030 1288">
     <span class='ocr_line' id='line_1_55' title="bbox 2447 1216 4030 1288; baseline -0.004 -17"><span class='ocrx_word' id='word_1_365' title='bbox 2447 1221 2619 1287; x_wconf 81' lang='grc' dir='ltr'>φιλεῖς</span> <span class='ocrx_word' id='word_1_366' title='bbox 2665 1218 2878 1288; x_wconf 84' lang='grc' dir='ltr'>ἀνδρες,</span> <span class='ocrx_word' id='word_1_367' title='bbox 2925 1218 3055 1288; x_wconf 84' lang='grc' dir='ltr'>θείῳ</span> <span class='ocrx_word' id='word_1_368' title='bbox 3103 1219 3362 1286; x_wconf 81' lang='grc' dir='ltr'>ἀγόμενοι</span> <span class='ocrx_word' id='word_1_369' title='bbox 3404 1216 3684 1285; x_wconf 79' lang='grc' dir='ltr'>Πνεύματι</span> <span class='ocrx_word' id='word_1_370' title='bbox 3736 1216 4030 1282; x_wconf 74' lang='grc' dir='ltr'>συναθροι-</span> 
     </span>
    </p>
   </div>
   <div class='ocr_carea' id='block_1_56' title="bbox 2449 1308 4030 1377">
    <p class='ocr_par' dir='ltr' id='par_1_56' title="bbox 2449 1308 4030 1377">
     <span class='ocr_line' id='line_1_56' title="bbox 2449 1308 4030 1377; baseline -0.003 -15"><span class='ocrx_word' id='word_1_371' title='bbox 2449 1310 2670 1371; x_wconf 86' lang='grc' dir='ltr'>σθέντες</span> <span class='ocrx_word' id='word_1_372' title='bbox 2713 1308 3034 1377; x_wconf 67' lang='grc' dir='ltr'>διέλαμψαν,</span> <span class='ocrx_word' id='word_1_373' title='bbox 3067 1310 3182 1360; x_wconf 82' lang='grc' dir='ltr'>ὅσοι</span> <span class='ocrx_word' id='word_1_374' title='bbox 3222 1325 3281 1360; x_wconf 89' lang='grc' dir='ltr'><strong>τε</strong></span> <span class='ocrx_word' id='word_1_375' title='bbox 3318 1308 3439 1360; x_wconf 81' lang='grc' dir='ltr'>καθ’</span> <span class='ocrx_word' id='word_1_376' title='bbox 3468 1309 3699 1369; x_wconf 65' lang='grc' dir='ltr'>ἑαυτοὺς</span> <span class='ocrx_word' id='word_1_377' title='bbox 3743 1308 4030 1375; x_wconf 79' lang='grc' dir='ltr'>κεκαθαρ-</span> 
     </span>
    </p>
   </div>
   <div class='ocr_carea' id='block_1_57' title="bbox 2452 1398 4030 1471">
    <p class='ocr_par' dir='ltr' id='par_1_57' title="bbox 2452 1398 4030 1471">
     <span class='ocr_line' id='line_1_57' title="bbox 2452 1398 4030 1471; baseline -0.005 -17"><span class='ocrx_word' id='word_1_378' title='bbox 2452 1402 2621 1468; x_wconf 82' lang='grc' dir='ltr'>μένοι,</span> <span class='ocrx_word' id='word_1_379' title='bbox 2662 1403 2756 1453; x_wconf 65' lang='grc' dir='ltr'>καὶ</span> <span class='ocrx_word' id='word_1_380' title='bbox 2799 1401 3044 1471; x_wconf 76' lang='grc' dir='ltr'>λαμπροὶ</span> <span class='ocrx_word' id='word_1_381' title='bbox 3081 1401 3172 1453; x_wconf 72' lang='grc' dir='ltr'><strong>τὸν</strong></span> <span class='ocrx_word' id='word_1_382' title='bbox 3218 1400 3351 1469; x_wconf 80' lang='grc' dir='ltr'>βίον,</span> <span class='ocrx_word' id='word_1_383' title='bbox 3394 1400 3488 1453; x_wconf 73' lang='grc' dir='ltr'>καὶ</span> <span class='ocrx_word' id='word_1_384' title='bbox 3516 1398 3714 1468; x_wconf 65' lang='grc' dir='ltr'>ὑψηλοὶ</span> <span class='ocrx_word' id='word_1_385' title='bbox 3742 1400 3837 1450; x_wconf 68' lang='grc' dir='ltr'><strong>τόν</strong></span> <span class='ocrx_word' id='word_1_386' title='bbox 3872 1399 4030 1463; x_wconf 79' lang='grc' dir='ltr'>λόγον</span> 
     </span>
    </p>
   </div>
   <div class='ocr_carea' id='block_1_58' title="bbox 2449 1487 4028 1561">
    <p class='ocr_par' dir='ltr' id='par_1_58' title="bbox 2449 1487 4028 1561">
     <span class='ocr_line' id='line_1_58' title="bbox 2449 1487 4028 1561; baseline -0.004 -18"><span class='ocrx_word' id='word_1_387' title='bbox 2449 1493 2543 1544; x_wconf 77' lang='grc' dir='ltr'>καὶ</span> <span class='ocrx_word' id='word_1_388' title='bbox 2593 1492 2690 1561; x_wconf 83' lang='grc' dir='ltr'>τὴν</span> <span class='ocrx_word' id='word_1_389' title='bbox 2732 1491 2992 1554; x_wconf 80' lang='grc' dir='ltr'>διάνοιαν,</span> <span class='ocrx_word' id='word_1_390' title='bbox 3045 1490 3249 1560; x_wconf 82' lang='grc' dir='ltr'>θρόνων</span> <span class='ocrx_word' id='word_1_391' title='bbox 3298 1488 3458 1559; x_wconf 85' lang='grc' dir='ltr'>ἱερῶν</span> <span class='ocrx_word' id='word_1_392' title='bbox 3524 1487 4028 1558; x_wconf 75' lang='grc' dir='ltr'>προκαθεζόμενοι,</span> 
     </span>
    </p>
   </div>
   <div class='ocr_carea' id='block_1_59' title="bbox 2451 1578 4034 1653">
    <p class='ocr_par' dir='ltr' id='par_1_59' title="bbox 2451 1578 4034 1653">
     <span class='ocr_line' id='line_1_59' title="bbox 2451 1578 4034 1653; baseline -0.006 -16"><span class='ocrx_word' id='word_1_393' title='bbox 2451 1586 2545 1637; x_wconf 74' lang='grc' dir='ltr'>καὶ</span> <span class='ocrx_word' id='word_1_394' title='bbox 2584 1583 2679 1635; x_wconf 79' lang='grc' dir='ltr'>τοῦ</span> <span class='ocrx_word' id='word_1_395' title='bbox 2714 1583 2874 1653; x_wconf 75' lang='grc' dir='ltr'>ὀρθοῦ</span> <span class='ocrx_word' id='word_1_396' title='bbox 2902 1584 3064 1650; x_wconf 88' lang='grc' dir='ltr'>λόγου</span> <span class='ocrx_word' id='word_1_397' title='bbox 3092 1582 3194 1650; x_wconf 81' lang='grc' dir='ltr'>τῆς</span> <span class='ocrx_word' id='word_1_398' title='bbox 3228 1581 3511 1651; x_wconf 81' lang='grc' dir='ltr'>ἀληθείας,</span> <span class='ocrx_word' id='word_1_399' title='bbox 3543 1581 3618 1641; x_wconf 82' lang='grc' dir='ltr'>ὡς</span> <span class='ocrx_word' id='word_1_400' title='bbox 3644 1580 3747 1643; x_wconf 77' lang='grc' dir='ltr'>ἔνι,</span> <span class='ocrx_word' id='word_1_401' title='bbox 3790 1578 4034 1648; x_wconf 81' lang='grc' dir='ltr'>μάλιστα</span> 
     </span>
    </p>
   </div>
   <div class='ocr_carea' id='block_1_60' title="bbox 2452 1672 4038 1746">
    <p class='ocr_par' dir='ltr' id='par_1_60' title="bbox 2452 1672 4038 1746">
     <span class='ocr_line' id='line_1_60' title="bbox 2452 1672 4038 1746; baseline -0.003 -18"><span class='ocrx_word' id='word_1_402' title='bbox 2452 1677 2800 1744; x_wconf 84' lang='grc' dir='ltr'>ἀντεχόμενοι</span> <span class='ocrx_word' id='word_1_403' title='bbox 2826 1676 3143 1746; x_wconf 69' lang='grc' dir='ltr'>ὲπέπρεψάν</span> <span class='ocrx_word' id='word_1_404' title='bbox 3168 1692 3249 1738; x_wconf 88' lang='grc' dir='ltr'><strong>τε,</strong></span> <span class='ocrx_word' id='word_1_405' title='bbox 3279 1675 3376 1726; x_wconf 79' lang='grc' dir='ltr'>καὶ</span> <span class='ocrx_word' id='word_1_406' title='bbox 3415 1672 3693 1742; x_wconf 77' lang='grc' dir='ltr'>πανταχοῦ</span> <span class='ocrx_word' id='word_1_407' title='bbox 3723 1672 3824 1741; x_wconf 79' lang='grc' dir='ltr'>τῆς</span> <span class='ocrx_word' id='word_1_408' title='bbox 3851 1673 4038 1724; x_wconf 76' lang='grc' dir='ltr'>οἰκου-</span> 
     </span>
    </p>
   </div>
   <div class='ocr_carea' id='block_1_61' title="bbox 2456 1761 4035 1837">
    <p class='ocr_par' dir='ltr' id='par_1_61' title="bbox 2456 1761 4035 1837">
     <span class='ocr_line' id='line_1_61' title="bbox 2456 1761 4035 1837; baseline -0.005 -18"><span class='ocrx_word' id='word_1_409' title='bbox 2456 1767 2622 1837; x_wconf 80' lang='grc' dir='ltr'>μένης</span> <span class='ocrx_word' id='word_1_410' title='bbox 2652 1768 2749 1834; x_wconf 83' lang='grc' dir='ltr'>τῆς</span> <span class='ocrx_word' id='word_1_411' title='bbox 2796 1767 3085 1829; x_wconf 76' lang='grc' dir='ltr'>εὐσεϐείας</span> <span class='ocrx_word' id='word_1_412' title='bbox 3128 1765 3198 1818; x_wconf 88' lang='grc' dir='ltr'><strong>τά</strong></span> <span class='ocrx_word' id='word_1_413' title='bbox 3233 1765 3540 1833; x_wconf 74' lang='grc' dir='ltr'>διδάγματα</span> <span class='ocrx_word' id='word_1_414' title='bbox 3590 1761 4035 1830; x_wconf 75' lang='grc' dir='ltr'>ὲγκατέσπειράι</span> 
     </span>
    </p>
   </div>
   <div class='ocr_carea' id='block_1_62' title="bbox 2449 1852 4036 1925">
    <p class='ocr_par' dir='ltr' id='par_1_62' title="bbox 2449 1852 4036 1925">
     <span class='ocr_line' id='line_1_62' title="bbox 2449 1852 4036 1925; baseline -0.004 -16"><span class='ocrx_word' id='word_1_415' title='bbox 2449 1875 2508 1909; x_wconf 85' lang='grc' dir='ltr'><strong>τε</strong></span> <span class='ocrx_word' id='word_1_416' title='bbox 2554 1859 2647 1909; x_wconf 77' lang='grc' dir='ltr'>καὶ</span> <span class='ocrx_word' id='word_1_417' title='bbox 2679 1857 3066 1925; x_wconf 81' lang='grc' dir='ltr'>διετράνωσαν,</span> <span class='ocrx_word' id='word_1_418' title='bbox 3106 1858 3206 1925; x_wconf 79' lang='grc' dir='ltr'>τῆς</span> <span class='ocrx_word' id='word_1_419' title='bbox 3240 1853 3496 1916; x_wconf 74' lang='grc' dir='ltr'>ἀσεϐείας</span> <span class='ocrx_word' id='word_1_420' title='bbox 3538 1853 3596 1906; x_wconf 78' lang='grc' dir='ltr'><strong>δε</strong></span> <span class='ocrx_word' id='word_1_421' title='bbox 3636 1855 3739 1915; x_wconf 79' lang='grc' dir='ltr'><strong>τάς</strong></span> <span class='ocrx_word' id='word_1_422' title='bbox 3789 1852 4036 1912; x_wconf 81' lang='grc' dir='ltr'>ἀκάνθας</span> 
     </span>
    </p>
   </div>
   <div class='ocr_carea' id='block_1_63' title="bbox 2450 1942 4034 2019">
    <p class='ocr_par' dir='ltr' id='par_1_63' title="bbox 2450 1942 4034 2019">
     <span class='ocr_line' id='line_1_63' title="bbox 2450 1942 4034 2019; baseline -0.003 -20"><span class='ocrx_word' id='word_1_423' title='bbox 2450 1947 2783 2019; x_wconf 73' lang='grc' dir='ltr'>προρρίζους</span> <span class='ocrx_word' id='word_1_424' title='bbox 2821 1947 3097 2016; x_wconf 73' lang='grc' dir='ltr'>ἐξέτεμον,</span> <span class='ocrx_word' id='word_1_425' title='bbox 3142 1948 3236 1998; x_wconf 71' lang='grc' dir='ltr'>καὶ</span> <span class='ocrx_word' id='word_1_426' title='bbox 3267 1944 3375 1997; x_wconf 87' lang='grc' dir='ltr'><strong>τῶν</strong></span> <span class='ocrx_word' id='word_1_427' title='bbox 3398 1942 3787 2014; x_wconf 78' lang='grc' dir='ltr'>αἱρετιζόντων</span> <span class='ocrx_word' id='word_1_428' title='bbox 3812 1945 3883 1995; x_wconf 76' lang='grc' dir='ltr'><strong>τά</strong></span> <span class='ocrx_word' id='word_1_429' title='bbox 3913 1942 4034 1995; x_wconf 87' lang='grc' dir='ltr'>στό-</span> 
     </span>
    </p>
   </div>
   <div class='ocr_carea' id='block_1_64' title="bbox 2456 2036 4040 2109">
    <p class='ocr_par' dir='ltr' id='par_1_64' title="bbox 2456 2036 4040 2109">
     <span class='ocr_line' id='line_1_64' title="bbox 2456 2036 4040 2109; baseline -0.004 -17"><span class='ocrx_word' id='word_1_430' title='bbox 2456 2056 2620 2109; x_wconf 87' lang='grc' dir='ltr'>ματα,</span> <span class='ocrx_word' id='word_1_431' title='bbox 2650 2040 2723 2102; x_wconf 89' lang='grc' dir='ltr'>ὼς</span> <span class='ocrx_word' id='word_1_432' title='bbox 2744 2039 2958 2092; x_wconf 77' lang='grc' dir='ltr'>ἀδικίαν</span> <span class='ocrx_word' id='word_1_433' title='bbox 2980 2038 3119 2091; x_wconf 86' lang='grc' dir='ltr'><strong>κατά</strong></span> <span class='ocrx_word' id='word_1_434' title='bbox 3144 2038 3238 2091; x_wconf 76' lang='grc' dir='ltr'>τοῦ</span> <span class='ocrx_word' id='word_1_435' title='bbox 3276 2036 3444 2105; x_wconf 70' lang='grc' dir='ltr'>ὕψους</span> <span class='ocrx_word' id='word_1_436' title='bbox 3473 2037 3782 2089; x_wconf 71' lang='grc' dir='ltr'>λαλούντων</span> <span class='ocrx_word' id='word_1_437' title='bbox 3811 2036 3909 2088; x_wconf 69' lang='grc' dir='ltr'><strong>καὶ</strong></span> <span class='ocrx_word' id='word_1_438' title='bbox 3947 2052 4040 2103; x_wconf 85' lang='grc' dir='ltr'>με-</span> 
     </span>
    </p>
   </div>
   <div class='ocr_carea' id='block_1_65' title="bbox 2452 2126 4040 2202">
    <p class='ocr_par' dir='ltr' id='par_1_65' title="bbox 2452 2126 4040 2202">
     <span class='ocr_line' id='line_1_65' title="bbox 2452 2126 4040 2202; baseline -0.003 -19"><span class='ocrx_word' id='word_1_439' title='bbox 2452 2133 2749 2195; x_wconf 86' lang='grc' dir='ltr'>λετώντων,</span> <span class='ocrx_word' id='word_1_440' title='bbox 2775 2131 3103 2202; x_wconf 80' lang='grc' dir='ltr'>ἀπέφραξαν</span> <span class='ocrx_word' id='word_1_441' title='bbox 3132 2133 3225 2183; x_wconf 72' lang='grc' dir='ltr'><strong>καὶ</strong></span> <span class='ocrx_word' id='word_1_442' title='bbox 3254 2128 3583 2200; x_wconf 60' lang='grc' dir='ltr'>ἀπέρῤαψαν</span> <span class='ocrx_word' id='word_1_443' title='bbox 3605 2146 3617 2159; x_wconf 87' lang='grc'>·</span> <span class='ocrx_word' id='word_1_444' title='bbox 3651 2126 3909 2180; x_wconf 75' lang='grc' dir='ltr'>ἐντεῦθεν</span> <span class='ocrx_word' id='word_1_445' title='bbox 3940 2128 4040 2195; x_wconf 81' lang='grc' dir='ltr'><strong>μία</strong></span> 
     </span>
    </p>
   </div>
   <div class='ocr_carea' id='block_1_66' title="bbox 2454 2221 4058 2294">
    <p class='ocr_par' dir='ltr' id='par_1_66' title="bbox 2454 2221 4058 2294">
     <span class='ocr_line' id='line_1_66' title="bbox 2454 2221 4058 2294; baseline -0.006 -18"><span class='ocrx_word' id='word_1_446' title='bbox 2454 2226 2636 2286; x_wconf 82' lang='grc' dir='ltr'>πίστις</span> <span class='ocrx_word' id='word_1_447' title='bbox 2667 2225 2761 2277; x_wconf 76' lang='grc' dir='ltr'>καὶ</span> <span class='ocrx_word' id='word_1_448' title='bbox 2801 2224 3059 2294; x_wconf 81' lang='grc' dir='ltr'>ὁμολογία</span> <span class='ocrx_word' id='word_1_449' title='bbox 3087 2225 3120 2291; x_wconf 79' lang='grc' dir='ltr'><strong>ἡ</strong></span> <span class='ocrx_word' id='word_1_450' title='bbox 3153 2222 3292 2292; x_wconf 81' lang='grc' dir='ltr'>αὑτὴ</span> <span class='ocrx_word' id='word_1_451' title='bbox 3319 2222 3474 2291; x_wconf 83' lang='grc' dir='ltr'><strong>παρά</strong></span> <span class='ocrx_word' id='word_1_452' title='bbox 3512 2222 3648 2273; x_wconf 77' lang='grc' dir='ltr'>πᾶσι</span> <span class='ocrx_word' id='word_1_453' title='bbox 3678 2221 4058 2288; x_wconf 73' lang='grc' dir='ltr'>Χριστιανοίς.</span> 
     </span>
    </p>
   </div>
   <div class='ocr_carea' id='block_1_67' title="bbox 2458 2310 4041 2388">
    <p class='ocr_par' dir='ltr' id='par_1_67' title="bbox 2458 2310 4041 2388">
     <span class='ocr_line' id='line_1_67' title="bbox 2458 2310 4041 2388; baseline -0.006 -17"><span class='ocrx_word' id='word_1_454' title='bbox 2458 2321 2837 2388; x_wconf 83' lang='grc' dir='ltr'><strong>συνεκροτεῖτο</strong></span> <span class='ocrx_word' id='word_1_455' title='bbox 2889 2318 2984 2371; x_wconf 70' lang='grc' dir='ltr'>καὶ</span> <span class='ocrx_word' id='word_1_456' title='bbox 3028 2317 3404 2385; x_wconf 77' lang='grc' dir='ltr'>ὲφυλάσσετο’</span> <span class='ocrx_word' id='word_1_457' title='bbox 3457 2316 3553 2368; x_wconf 74' lang='grc' dir='ltr'>καὶ</span> <span class='ocrx_word' id='word_1_458' title='bbox 3596 2315 3648 2366; x_wconf 83' lang='grc' dir='ltr'><strong>τί</strong></span> <span class='ocrx_word' id='word_1_459' title='bbox 3702 2313 3813 2382; x_wconf 74' lang='grc' dir='ltr'><strong>γὰρ</strong></span> <span class='ocrx_word' id='word_1_460' title='bbox 3854 2314 3911 2362; x_wconf 79' lang='grc' dir='ltr'>ἐν</span> <span class='ocrx_word' id='word_1_461' title='bbox 3966 2310 4041 2379; x_wconf 80' lang='grc' dir='ltr'>τῷ</span> 
     </span>
    </p>
   </div>
   <div class='ocr_carea' id='block_1_68' title="bbox 2459 2402 4039 2478">
    <p class='ocr_par' dir='ltr' id='par_1_68' title="bbox 2459 2402 4039 2478">
     <span class='ocr_line' id='line_1_68' title="bbox 2459 2402 4039 2478; baseline -0.007 -17"><span class='ocrx_word' id='word_1_462' title='bbox 2459 2408 2655 2478; x_wconf 80' lang='grc' dir='ltr'>μακρῷ</span> <span class='ocrx_word' id='word_1_463' title='bbox 2697 2408 2793 2461; x_wconf 75' lang='grc' dir='ltr'>καὶ</span> <span class='ocrx_word' id='word_1_464' title='bbox 2840 2407 3055 2477; x_wconf 80' lang='grc' dir='ltr'>ἀπείρῳ</span> <span class='ocrx_word' id='word_1_465' title='bbox 3107 2408 3201 2458; x_wconf 76' lang='grc' dir='ltr'><strong>τοῦ</strong></span> <span class='ocrx_word' id='word_1_466' title='bbox 3253 2405 3603 2465; x_wconf 85' lang='grc' dir='ltr'>διελάσαντος</span> <span class='ocrx_word' id='word_1_467' title='bbox 3657 2402 3881 2471; x_wconf 85' lang='grc' dir='ltr'>χρόνου,</span> <span class='ocrx_word' id='word_1_468' title='bbox 3918 2403 4039 2453; x_wconf 72' lang='grc' dir='ltr'>ὅσον</span> 
     </span>
    </p>
   </div>
   <div class='ocr_carea' id='block_1_69' title="bbox 2454 2496 4041 2571">
    <p class='ocr_par' dir='ltr' id='par_1_69' title="bbox 2454 2496 4041 2571">
     <span class='ocr_line' id='line_1_69' title="bbox 2454 2496 4041 2571; baseline -0.006 -17"><span class='ocrx_word' id='word_1_469' title='bbox 2454 2497 2589 2571; x_wconf 83' lang='grc' dir='ltr'>ἧκεν</span> <span class='ocrx_word' id='word_1_470' title='bbox 2620 2503 2697 2562; x_wconf 81' lang='grc' dir='ltr'><strong>εἰς</strong></span> <span class='ocrx_word' id='word_1_471' title='bbox 2722 2501 3041 2571; x_wconf 80' lang='grc' dir='ltr'>εὐεργεσίαν</span> <span class='ocrx_word' id='word_1_472' title='bbox 3062 2500 3155 2551; x_wconf 71' lang='grc' dir='ltr'><strong>καὶ</strong></span> <span class='ocrx_word' id='word_1_473' title='bbox 3188 2500 3519 2569; x_wconf 82' lang='grc' dir='ltr'>συντήρησιν</span> <span class='ocrx_word' id='word_1_474' title='bbox 3554 2497 3651 2564; x_wconf 71' lang='grc' dir='ltr'>τῆς</span> <span class='ocrx_word' id='word_1_475' title='bbox 3684 2496 4041 2564; x_wconf 74' lang='grc' dir='ltr'>ἀνθρωπίνης</span> 
     </span>
    </p>
   </div>
   <div class='ocr_carea' id='block_1_70' title="bbox 2454 2586 4041 2661">
    <p class='ocr_par' dir='ltr' id='par_1_70' title="bbox 2454 2586 4041 2661">
     <span class='ocr_line' id='line_1_70' title="bbox 2454 2586 4041 2661; baseline -0.006 -16"><span class='ocrx_word' id='word_1_476' title='bbox 2454 2593 2623 2661; x_wconf 79' lang='grc' dir='ltr'>ζωῆς,</span> <span class='ocrx_word' id='word_1_477' title='bbox 2672 2594 2729 2644; x_wconf 75' lang='grc' dir='ltr'>ἐν</span> <span class='ocrx_word' id='word_1_478' title='bbox 2767 2609 2824 2643; x_wconf 85' lang='grc' dir='ltr'><strong>τε</strong></span> <span class='ocrx_word' id='word_1_479' title='bbox 2855 2593 3123 2659; x_wconf 83' lang='grc' dir='ltr'>δόγμασιν</span> <span class='ocrx_word' id='word_1_480' title='bbox 3174 2591 3231 2643; x_wconf 76' lang='grc' dir='ltr'>ἐν</span> <span class='ocrx_word' id='word_1_481' title='bbox 3256 2607 3313 2643; x_wconf 82' lang='grc' dir='ltr'><strong>τε</strong></span> <span class='ocrx_word' id='word_1_482' title='bbox 3347 2588 3635 2658; x_wconf 77' lang='grc' dir='ltr'>πράξεσιν,</span> <span class='ocrx_word' id='word_1_483' title='bbox 3680 2586 4041 2650; x_wconf 74' lang='grc' dir='ltr'>ἀνεξέταστον</span> 
     </span>
    </p>
   </div>
   <div class='ocr_carea' id='block_1_71' title="bbox 2455 2677 4040 2750">
    <p class='ocr_par' dir='ltr' id='par_1_71' title="bbox 2455 2677 4040 2750">
     <span class='ocr_line' id='line_1_71' title="bbox 2455 2677 4040 2750; baseline -0.005 -15"><span class='ocrx_word' id='word_1_484' title='bbox 2455 2683 2547 2735; x_wconf 70' lang='grc' dir='ltr'>καὶ</span> <span class='ocrx_word' id='word_1_485' title='bbox 2578 2682 2938 2750; x_wconf 82' lang='grc' dir='ltr'>ἀδοκίμαστον</span> <span class='ocrx_word' id='word_1_486' title='bbox 2966 2678 3547 2741; x_wconf 74' lang='grc' dir='ltr'>ὑπολέλειπταιςοΰτω</span> <span class='ocrx_word' id='word_1_487' title='bbox 3570 2678 3751 2746; x_wconf 70' lang='grc' dir='ltr'>σοφῶς</span> <span class='ocrx_word' id='word_1_488' title='bbox 3783 2677 3885 2729; x_wconf 73' lang='grc' dir='ltr'>καὶ</span> <span class='ocrx_word' id='word_1_489' title='bbox 3918 2678 4040 2744; x_wconf 74' lang='grc' dir='ltr'>φιλ-</span> 
     </span>
    </p>
   </div>
   <div class='ocr_carea' id='block_1_72' title="bbox 2458 2769 4044 2843">
    <p class='ocr_par' dir='ltr' id='par_1_72' title="bbox 2458 2769 4044 2843">
     <span class='ocr_line' id='line_1_72' title="bbox 2458 2769 4044 2843; baseline -0.004 -17"><span class='ocrx_word' id='word_1_490' title='bbox 2458 2772 2757 2843; x_wconf 81' lang='grc' dir='ltr'>ανθρώπως</span> <span class='ocrx_word' id='word_1_491' title='bbox 2817 2773 2889 2825; x_wconf 69' lang='grc' dir='ltr'><strong>τὰ</strong></span> <span class='ocrx_word' id='word_1_492' title='bbox 2934 2772 3063 2842; x_wconf 74' lang='grc' dir='ltr'>περὶ</span> <span class='ocrx_word' id='word_1_493' title='bbox 3089 2772 3240 2840; x_wconf 78' lang='grc' dir='ltr'>ἡμᾶς</span> <span class='ocrx_word' id='word_1_494' title='bbox 3262 2811 3276 2835; x_wconf 93' lang='grc'><strong>,</strong></span> <span class='ocrx_word' id='word_1_495' title='bbox 3310 2770 3454 2823; x_wconf 82' lang='grc' dir='ltr'><strong>κατά</strong></span> <span class='ocrx_word' id='word_1_496' title='bbox 3488 2770 3712 2838; x_wconf 73' lang='grc' dir='ltr'>καιροὺς</span> <span class='ocrx_word' id='word_1_497' title='bbox 3763 2769 3866 2838; x_wconf 76' lang='grc' dir='ltr'>τῆς</span> <span class='ocrx_word' id='word_1_498' title='bbox 3896 2769 4044 2829; x_wconf 80' lang='grc' dir='ltr'>θείας</span> 
     </span>
    </p>
   </div>
   <div class='ocr_carea' id='block_1_73' title="bbox 2457 2859 4045 2934">
    <p class='ocr_par' dir='ltr' id='par_1_73' title="bbox 2457 2859 4045 2934">
     <span class='ocr_line' id='line_1_73' title="bbox 2457 2859 4045 2934; baseline -0.004 -17"><span class='ocrx_word' id='word_1_499' title='bbox 2457 2863 2849 2934; x_wconf 78' lang='grc' dir='ltr'>οίκονομούσης</span> <span class='ocrx_word' id='word_1_500' title='bbox 2883 2863 3165 2933; x_wconf 78' lang='grc' dir='ltr'>προνοίας,</span> <span class='ocrx_word' id='word_1_501' title='bbox 3194 2862 3366 2923; x_wconf 75' lang='grc' dir='ltr'>οὕτως</span> <span class='ocrx_word' id='word_1_502' title='bbox 3404 2862 3432 2913; x_wconf 84' lang='grc' dir='ltr'>ὁ</span> <span class='ocrx_word' id='word_1_503' title='bbox 3477 2860 3640 2930; x_wconf 87' lang='grc' dir='ltr'>νόμος</span> <span class='ocrx_word' id='word_1_504' title='bbox 3666 2861 3748 2921; x_wconf 78' lang='lat' dir='ltr'><strong>si;</strong></span> <span class='ocrx_word' id='word_1_505' title='bbox 3790 2859 4045 2929; x_wconf 76' lang='grc' dir='ltr'>βοήθειαν</span> 
     </span>
    </p>
   </div>
   <div class='ocr_carea' id='block_1_74' title="bbox 2460 2946 4044 3024">
    <p class='ocr_par' dir='ltr' id='par_1_74' title="bbox 2460 2946 4044 3024">
     <span class='ocr_line' id='line_1_74' title="bbox 2460 2946 4044 3024; baseline -0.004 -15"><span class='ocrx_word' id='word_1_506' title='bbox 2460 2956 2628 3011; x_wconf 89' lang='grc' dir='ltr'>πάλαι</span> <span class='ocrx_word' id='word_1_507' title='bbox 2651 2958 2762 3017; x_wconf 84' lang='grc' dir='ltr'>τοῖς</span> <span class='ocrx_word' id='word_1_508' title='bbox 2793 2956 3169 3024; x_wconf 73' lang='grc' dir='ltr'>ἀρχαιοτέροις</span> <span class='ocrx_word' id='word_1_509' title='bbox 3204 2954 3402 3006; x_wconf 66' lang='grc' dir='ltr'>ἐδίδοτο</span> <span class='ocrx_word' id='word_1_510' title='bbox 3421 2992 3434 3015; x_wconf 95' lang='grc'><strong>,</strong></span> <span class='ocrx_word' id='word_1_511' title='bbox 3462 2946 3550 3006; x_wconf 80' lang='grc' dir='ltr'><strong>οἷά</strong></span> <span class='ocrx_word' id='word_1_512' title='bbox 3589 2969 3673 3015; x_wconf 89' lang='grc' dir='ltr'><strong>τις</strong></span> <span class='ocrx_word' id='word_1_513' title='bbox 3706 2952 4044 3020; x_wconf 79' lang='grc' dir='ltr'>παιδοκόμος</span> 
     </span>
    </p>
   </div>
   <div class='ocr_carea' id='block_1_75' title="bbox 2459 3045 4046 3120">
    <p class='ocr_par' dir='ltr' id='par_1_75' title="bbox 2459 3045 4046 3120">
     <span class='ocr_line' id='line_1_75' title="bbox 2459 3045 4046 3120; baseline -0.004 -18"><span class='ocrx_word' id='word_1_514' title='bbox 2459 3050 2699 3120; x_wconf 87' lang='grc' dir='ltr'>ἀριστος,</span> <span class='ocrx_word' id='word_1_515' title='bbox 2729 3049 2805 3111; x_wconf 84' lang='grc' dir='ltr'>ὡς</span> <span class='ocrx_word' id='word_1_516' title='bbox 2833 3048 2923 3099; x_wconf 81' lang='grc' dir='ltr'>διὰ</span> <span class='ocrx_word' id='word_1_517' title='bbox 2960 3047 3240 3115; x_wconf 81' lang='grc' dir='ltr'>στοιχείων</span> <span class='ocrx_word' id='word_1_518' title='bbox 3268 3045 3432 3097; x_wconf 85' lang='grc' dir='ltr'>τινῶν</span> <span class='ocrx_word' id='word_1_519' title='bbox 3467 3046 3762 3115; x_wconf 76' lang='grc' dir='ltr'>προσάγων</span> <span class='ocrx_word' id='word_1_520' title='bbox 3793 3047 3927 3107; x_wconf 59' lang='grc' dir='ltr'>τοις</span> <span class='ocrx_word' id='word_1_521' title='bbox 3955 3060 4046 3111; x_wconf 76' lang='grc' dir='ltr'>νη-</span> 
     </span>
    </p>
   </div>
   <div class='ocr_carea' id='block_1_76' title="bbox 2461 3136 4047 3206">
    <p class='ocr_par' dir='ltr' id='par_1_76' title="bbox 2461 3136 4047 3206">
     <span class='ocr_line' id='line_1_76' title="bbox 2461 3136 4047 3206; baseline -0.004 -15"><span class='ocrx_word' id='word_1_522' title='bbox 2461 3138 2680 3201; x_wconf 85' lang='grc' dir='ltr'>πιώδεις</span> <span class='ocrx_word' id='word_1_523' title='bbox 2711 3138 2793 3190; x_wconf 78' lang='grc' dir='ltr'>ἔτι</span> <span class='ocrx_word' id='word_1_524' title='bbox 2824 3138 2920 3191; x_wconf 74' lang='grc' dir='ltr'>καὶ</span> <span class='ocrx_word' id='word_1_525' title='bbox 2949 3139 3047 3206; x_wconf 72' lang='grc' dir='ltr'>τὴν</span> <span class='ocrx_word' id='word_1_526' title='bbox 3080 3136 3192 3200; x_wconf 75' lang='grc' dir='ltr'>ἕξιν</span> <span class='ocrx_word' id='word_1_527' title='bbox 3224 3136 3638 3206; x_wconf 81' lang='grc' dir='ltr'>ἀτελεστὲρους,</span> <span class='ocrx_word' id='word_1_528' title='bbox 3669 3136 3763 3188; x_wconf 77' lang='grc' dir='ltr'>καὶ</span> <span class='ocrx_word' id='word_1_529' title='bbox 3788 3136 4047 3206; x_wconf 66' lang='grc' dir='ltr'>ποδηγᾶνδ</span> 
     </span>
    </p>
   </div>
   <div class='ocr_carea' id='block_1_77' title="bbox 2458 3225 4045 3300">
    <p class='ocr_par' dir='ltr' id='par_1_77' title="bbox 2458 3225 4045 3300">
     <span class='ocr_line' id='line_1_77' title="bbox 2458 3225 4045 3300; baseline -0.004 -17"><span class='ocrx_word' id='word_1_530' title='bbox 2458 3230 2594 3300; x_wconf 78' lang='grc' dir='ltr'>πρὸς</span> <span class='ocrx_word' id='word_1_531' title='bbox 2622 3229 2719 3300; x_wconf 83' lang='grc' dir='ltr'>τὴν</span> <span class='ocrx_word' id='word_1_532' title='bbox 2747 3229 2899 3281; x_wconf 83' lang='grc' dir='ltr'>θείαν</span> <span class='ocrx_word' id='word_1_533' title='bbox 2931 3228 3248 3295; x_wconf 69' lang='grc' dir='ltr'>ἐπίγνωσιν,</span> <span class='ocrx_word' id='word_1_534' title='bbox 3286 3227 3361 3288; x_wconf 84' lang='grc' dir='ltr'>ὼς</span> <span class='ocrx_word' id='word_1_535' title='bbox 3388 3226 3483 3278; x_wconf 74' lang='grc' dir='ltr'>τοῦ</span> <span class='ocrx_word' id='word_1_536' title='bbox 3514 3225 3853 3295; x_wconf 83' lang='grc' dir='ltr'>τελεωτέρου</span> <span class='ocrx_word' id='word_1_537' title='bbox 3888 3225 4045 3291; x_wconf 80' lang='grc' dir='ltr'>λόγου</span> 
     </span>
    </p>
   </div>
   <div class='ocr_carea' id='block_1_78' title="bbox 2457 3319 4043 3390">
    <p class='ocr_par' dir='ltr' id='par_1_78' title="bbox 2457 3319 4043 3390">
     <span class='ocr_line' id='line_1_78' title="bbox 2457 3319 4043 3390; baseline -0.001 -17"><span class='ocrx_word' id='word_1_538' title='bbox 2457 3324 2566 3381; x_wconf 85' lang='grc' dir='ltr'>τοῖς</span> <span class='ocrx_word' id='word_1_539' title='bbox 2601 3322 2663 3372; x_wconf 78' lang='grc' dir='ltr'>τὸ</span> <span class='ocrx_word' id='word_1_540' title='bbox 2688 3320 2942 3390; x_wconf 73' lang='grc' dir='ltr'>τηνικάδε</span> <span class='ocrx_word' id='word_1_541' title='bbox 2974 3320 3035 3371; x_wconf 68' lang='grc' dir='ltr'>τὸ</span> <span class='ocrx_word' id='word_1_542' title='bbox 3061 3319 3473 3389; x_wconf 75' lang='grc' dir='ltr'>εὐπαράδεκτον</span> <span class='ocrx_word' id='word_1_543' title='bbox 3498 3321 3635 3381; x_wconf 82' lang='grc' dir='ltr'>τέως</span> <span class='ocrx_word' id='word_1_544' title='bbox 3662 3321 3762 3370; x_wconf 75' lang='grc' dir='ltr'>οὐκ</span> <span class='ocrx_word' id='word_1_545' title='bbox 3790 3320 4010 3389; x_wconf 78' lang='grc' dir='ltr'>ἔχοντος</span> <span class='ocrx_word' id='word_1_546' title='bbox 4032 3338 4043 3348; x_wconf 94' lang='grc'><strong>·</strong></span> 
     </span>
    </p>
   </div>
   <div class='ocr_carea' id='block_1_79' title="bbox 2456 3412 4047 3484">
    <p class='ocr_par' dir='ltr' id='par_1_79' title="bbox 2456 3412 4047 3484">
     <span class='ocr_line' id='line_1_79' title="bbox 2456 3412 4047 3484; baseline -0.003 -16"><span class='ocrx_word' id='word_1_547' title='bbox 2456 3416 2626 3479; x_wconf 64' lang='grc' dir='ltr'>οὕτως</span> <span class='ocrx_word' id='word_1_548' title='bbox 2652 3417 2700 3467; x_wconf 78' lang='grc' dir='ltr'>οἱ</span> <span class='ocrx_word' id='word_1_549' title='bbox 2734 3415 2867 3484; x_wconf 75' lang='grc' dir='ltr'>μετά</span> <span class='ocrx_word' id='word_1_550' title='bbox 2904 3415 2994 3466; x_wconf 69' lang='grc' dir='ltr'>τὸν</span> <span class='ocrx_word' id='word_1_551' title='bbox 3020 3415 3183 3484; x_wconf 85' lang='grc' dir='ltr'>νόμον</span> <span class='ocrx_word' id='word_1_552' title='bbox 3214 3413 3307 3466; x_wconf 79' lang='grc' dir='ltr'>τοῦ</span> <span class='ocrx_word' id='word_1_553' title='bbox 3341 3414 3488 3466; x_wconf 81' lang='grc' dir='ltr'>θείου</span> <span class='ocrx_word' id='word_1_554' title='bbox 3556 3412 3884 3482; x_wconf 75' lang='grc' dir='ltr'>ΙΙνεύματος</span> <span class='ocrx_word' id='word_1_555' title='bbox 3918 3414 4047 3466; x_wconf 80' lang='grc' dir='ltr'>κάτο</span> 
     </span>
    </p>
   </div>
   <div class='ocr_carea' id='block_1_80' title="bbox 2456 3505 4048 3577">
    <p class='ocr_par' dir='ltr' id='par_1_80' title="bbox 2456 3505 4048 3577">
     <span class='ocr_line' id='line_1_80' title="bbox 2456 3505 4048 3577; baseline -0.001 -18"><span class='ocrx_word' id='word_1_556' title='bbox 2456 3525 2569 3577; x_wconf 84' lang='grc' dir='ltr'>οχοι</span> <span class='ocrx_word' id='word_1_557' title='bbox 2602 3509 2988 3577; x_wconf 73' lang='grc' dir='ltr'>προφῆταικαὶ</span> <span class='ocrx_word' id='word_1_558' title='bbox 3019 3506 3209 3574; x_wconf 83' lang='grc' dir='ltr'>ἄνδρες</span> <span class='ocrx_word' id='word_1_559' title='bbox 3236 3505 3547 3575; x_wconf 84' lang='grc' dir='ltr'>θεόληπτοι,</span> <span class='ocrx_word' id='word_1_560' title='bbox 3583 3506 3924 3574; x_wconf 81' lang='grc' dir='ltr'>πολυμερεῖς</span> <span class='ocrx_word' id='word_1_561' title='bbox 3957 3510 4048 3559; x_wconf 76' lang='grc' dir='ltr'>καὶ</span> 
     </span>
    </p>
   </div>
   <div class='ocr_carea' id='block_1_81' title="bbox 2458 3596 4047 3668">
    <p class='ocr_par' dir='ltr' id='par_1_81' title="bbox 2458 3596 4047 3668">
     <span class='ocr_line' id='line_1_81' title="bbox 2458 3596 4047 3668; baseline -0.001 -18"><span class='ocrx_word' id='word_1_562' title='bbox 2458 3598 2828 3668; x_wconf 82' lang='grc' dir='ltr'>πολυτρόπους</span> <span class='ocrx_word' id='word_1_563' title='bbox 2867 3598 2975 3649; x_wconf 82' lang='grc' dir='ltr'>τῶν</span> <span class='ocrx_word' id='word_1_564' title='bbox 3008 3598 3294 3666; x_wconf 76' lang='grc' dir='ltr'>πρακτέων</span> <span class='ocrx_word' id='word_1_565' title='bbox 3347 3596 3631 3649; x_wconf 74' lang='grc' dir='ltr'>ἐποιοῦντο</span> <span class='ocrx_word' id='word_1_566' title='bbox 3676 3598 3777 3659; x_wconf 75' lang='grc' dir='ltr'><strong>τάς</strong></span> <span class='ocrx_word' id='word_1_567' title='bbox 3810 3599 4047 3667; x_wconf 81' lang='grc' dir='ltr'>εἰσηγή-</span> 
     </span>
    </p>
   </div>
   <div class='ocr_carea' id='block_1_82' title="bbox 2460 3692 4048 3763">
    <p class='ocr_par' dir='ltr' id='par_1_82' title="bbox 2460 3692 4048 3763">
     <span class='ocr_line' id='line_1_82' title="bbox 2460 3692 4048 3763; baseline -0.004 -16"><span class='ocrx_word' id='word_1_568' title='bbox 2460 3712 2594 3757; x_wconf 86' lang='grc' dir='ltr'>σεις,</span> <span class='ocrx_word' id='word_1_569' title='bbox 2616 3693 2761 3747; x_wconf 86' lang='grc' dir='ltr'><strong>καθά</strong></span> <span class='ocrx_word' id='word_1_570' title='bbox 2788 3694 2849 3746; x_wconf 79' lang='grc' dir='ltr'>τὸ</span> <span class='ocrx_word' id='word_1_571' title='bbox 2868 3694 3091 3763; x_wconf 70' lang='grc' dir='ltr'>Πνεῦμα</span> <span class='ocrx_word' id='word_1_572' title='bbox 3119 3692 3374 3763; x_wconf 73' lang='grc' dir='ltr'>ἐνεργοῦν</span> <span class='ocrx_word' id='word_1_573' title='bbox 3400 3694 3753 3746; x_wconf 76' lang='grc' dir='ltr'>ἀπεκάλυπτε</span> <span class='ocrx_word' id='word_1_574' title='bbox 3786 3694 3929 3762; x_wconf 63' lang='grc' dir='ltr'>πρὶς</span> <span class='ocrx_word' id='word_1_575' title='bbox 3952 3694 4048 3760; x_wconf 77' lang='grc' dir='ltr'>τὴν</span> 
     </span>
    </p>
   </div>
   <div class='ocr_carea' id='block_1_83' title="bbox 2456 3785 4047 3856">
    <p class='ocr_par' dir='ltr' id='par_1_83' title="bbox 2456 3785 4047 3856">
     <span class='ocr_line' id='line_1_83' title="bbox 2456 3785 4047 3856; baseline -0.001 -17"><span class='ocrx_word' id='word_1_576' title='bbox 2456 3786 2565 3839; x_wconf 79' lang='grc' dir='ltr'>τῶν</span> <span class='ocrx_word' id='word_1_577' title='bbox 2594 3785 2896 3839; x_wconf 86' lang='grc' dir='ltr'>ἀκουόντων</span> <span class='ocrx_word' id='word_1_578' title='bbox 2937 3786 3252 3856; x_wconf 79' lang='grc' dir='ltr'>βελτίωσιν·</span> <span class='ocrx_word' id='word_1_579' title='bbox 3301 3786 3413 3839; x_wconf 83' lang='grc' dir='ltr'>ἀλλ’</span> <span class='ocrx_word' id='word_1_580' title='bbox 3466 3787 3700 3855; x_wconf 76' lang='grc' dir='ltr'>ἐπείπερ</span> <span class='ocrx_word' id='word_1_581' title='bbox 3729 3785 3832 3837; x_wconf 82' lang='grc' dir='ltr'>οὐκ</span> <span class='ocrx_word' id='word_1_582' title='bbox 3891 3786 4047 3854; x_wconf 77' lang='grc' dir='ltr'>ἴσχυε</span> 
     </span>
    </p>
   </div>
   <div class='ocr_carea' id='block_1_84' title="bbox 2456 3875 4047 3947">
    <p class='ocr_par' dir='ltr' id='par_1_84' title="bbox 2456 3875 4047 3947">
     <span class='ocr_line' id='line_1_84' title="bbox 2456 3875 4047 3947; baseline -0.001 -17"><span class='ocrx_word' id='word_1_583' title='bbox 2456 3876 2626 3930; x_wconf 82' lang='grc' dir='ltr'>ταῦτα</span> <span class='ocrx_word' id='word_1_584' title='bbox 2664 3877 2946 3929; x_wconf 83' lang='grc' dir='ltr'>τελειῶσαι</span> <span class='ocrx_word' id='word_1_585' title='bbox 2980 3877 3069 3929; x_wconf 70' lang='grc' dir='ltr'>τὸν</span> <span class='ocrx_word' id='word_1_586' title='bbox 3122 3876 3426 3947; x_wconf 82' lang='grc' dir='ltr'>ἄνθρωπον,</span> <span class='ocrx_word' id='word_1_587' title='bbox 3462 3876 3634 3928; x_wconf 78' lang='grc' dir='ltr'>ἐδεῖτο</span> <span class='ocrx_word' id='word_1_588' title='bbox 3678 3876 3735 3928; x_wconf 78' lang='grc' dir='ltr'>δὲ</span> <span class='ocrx_word' id='word_1_589' title='bbox 3783 3875 4047 3946; x_wconf 73' lang='grc' dir='ltr'>βοηθείας</span> 
     </span>
    </p>
   </div>
   <div class='ocr_carea' id='block_1_85' title="bbox 2457 3966 4047 4037">
    <p class='ocr_par' dir='ltr' id='par_1_85' title="bbox 2457 3966 4047 4037">
     <span class='ocr_line' id='line_1_85' title="bbox 2457 3966 4047 4037; baseline -0.001 -17"><span class='ocrx_word' id='word_1_590' title='bbox 2457 3970 2554 4037; x_wconf 85' lang='grc' dir='ltr'>τῆς</span> <span class='ocrx_word' id='word_1_591' title='bbox 2592 3966 2859 4036; x_wconf 80' lang='grc' dir='ltr'>μείζονος,</span> <span class='ocrx_word' id='word_1_592' title='bbox 2910 3971 3101 4036; x_wconf 74' lang='grc' dir='ltr'>ἔτυχεν</span> <span class='ocrx_word' id='word_1_593' title='bbox 3145 3969 3376 4037; x_wconf 73' lang='grc' dir='ltr'>ἀφῖχθαι</span> <span class='ocrx_word' id='word_1_594' title='bbox 3439 3967 3532 4021; x_wconf 80' lang='grc' dir='ltr'>τοῦ</span> <span class='ocrx_word' id='word_1_595' title='bbox 3582 3969 3751 4036; x_wconf 86' lang='grc' dir='ltr'>νόμου</span> <span class='ocrx_word' id='word_1_596' title='bbox 3788 3971 3892 4020; x_wconf 75' lang='grc' dir='ltr'>καὶ</span> <span class='ocrx_word' id='word_1_597' title='bbox 3938 3969 4047 4020; x_wconf 74' lang='grc' dir='ltr'>τῶν</span> 
     </span>
    </p>
   </div>
   <div class='ocr_carea' id='block_1_86' title="bbox 2457 4059 4045 4131">
    <p class='ocr_par' dir='ltr' id='par_1_86' title="bbox 2457 4059 4045 4131">
     <span class='ocr_line' id='line_1_86' title="bbox 2457 4059 4045 4131; baseline 0 -19"><span class='ocrx_word' id='word_1_598' title='bbox 2457 4060 2754 4129; x_wconf 81' lang='grc' dir='ltr'>προφητῶν</span> <span class='ocrx_word' id='word_1_599' title='bbox 2783 4059 2842 4112; x_wconf 80' lang='grc' dir='ltr'>τὸ</span> <span class='ocrx_word' id='word_1_600' title='bbox 2884 4060 3195 4127; x_wconf 79' lang='grc' dir='ltr'>κεφάλαιον.</span> <span class='ocrx_word' id='word_1_601' title='bbox 3243 4060 3319 4113; x_wconf 85' lang='grc' dir='ltr'><strong>Τὸ</strong></span> <span class='ocrx_word' id='word_1_602' title='bbox 3360 4061 3469 4127; x_wconf 75' lang='grc' dir='ltr'>γὰρ</span> <span class='ocrx_word' id='word_1_603' title='bbox 3501 4060 3829 4126; x_wconf 75' lang='grc' dir='ltr'>ἀδύνατον,</span> <span class='ocrx_word' id='word_1_604' title='bbox 3869 4063 4045 4131; x_wconf 66' lang='grc' dir='ltr'>φησὶ,</span> 
     </span>
    </p>
   </div>
   <div class='ocr_carea' id='block_1_87' title="bbox 2458 4144 4051 4217">
    <p class='ocr_par' dir='ltr' id='par_1_87' title="bbox 2458 4144 4051 4217">
     <span class='ocr_line' id='line_1_87' title="bbox 2458 4144 4051 4217; baseline 0 -16"><span class='ocrx_word' id='word_1_605' title='bbox 2458 4149 2561 4202; x_wconf 85' lang='grc' dir='ltr'>τοῦ</span> <span class='ocrx_word' id='word_1_606' title='bbox 2592 4150 2778 4215; x_wconf 76' lang='grc' dir='ltr'>νόμου</span> <span class='ocrx_word' id='word_1_607' title='bbox 2806 4150 2875 4201; x_wconf 84' lang='grc' dir='ltr'><strong>ἐν</strong></span> <span class='ocrx_word' id='word_1_608' title='bbox 2900 4144 2948 4215; x_wconf 86' lang='grc' dir='ltr'>ᾦ</span> <span class='ocrx_word' id='word_1_609' title='bbox 2995 4150 3235 4217; x_wconf 71' lang='grc' dir='ltr'>ἠσθένει</span> <span class='ocrx_word' id='word_1_610' title='bbox 3282 4150 3379 4203; x_wconf 81' lang='grc' dir='ltr'>διὰ</span> <span class='ocrx_word' id='word_1_611' title='bbox 3409 4149 3521 4216; x_wconf 84' lang='grc' dir='ltr'>τῆς</span> <span class='ocrx_word' id='word_1_612' title='bbox 3552 4149 3803 4216; x_wconf 80' lang='grc' dir='ltr'>σαρκὸς,</span> <span class='ocrx_word' id='word_1_613' title='bbox 3840 4153 3874 4203; x_wconf 80' lang='grc' dir='ltr'><strong>ό</strong></span> <span class='ocrx_word' id='word_1_614' title='bbox 3907 4152 4051 4216; x_wconf 60' lang='grc' dir='ltr'>Θεΐς</span> 
     </span>
    </p>
   </div>
   <div class='ocr_carea' id='block_1_88' title="bbox 2456 4240 4050 4310">
    <p class='ocr_par' dir='ltr' id='par_1_88' title="bbox 2456 4240 4050 4310">
     <span class='ocr_line' id='line_1_88' title="bbox 2456 4240 4050 4310; baseline 0.001 -17"><span class='ocrx_word' id='word_1_615' title='bbox 2456 4241 2566 4293; x_wconf 77' lang='grc' dir='ltr'><strong>τὸν</strong></span> <span class='ocrx_word' id='word_1_616' title='bbox 2609 4240 2825 4295; x_wconf 74' lang='grc' dir='ltr'>ἑαυτοῦ</span> <span class='ocrx_word' id='word_1_617' title='bbox 2860 4242 2993 4294; x_wconf 78' lang='grc' dir='ltr'><em>Υἱὸν</em></span> <span class='ocrx_word' id='word_1_618' title='bbox 3046 4243 3290 4310; x_wconf 68' lang='grc' dir='ltr'>πέμψας</span> <span class='ocrx_word' id='word_1_619' title='bbox 3330 4241 3400 4294; x_wconf 80' lang='grc' dir='ltr'><strong>ἐν</strong></span> <span class='ocrx_word' id='word_1_620' title='bbox 3439 4241 3758 4310; x_wconf 76' lang='grc' dir='ltr'>ὁμοιώματι</span> <span class='ocrx_word' id='word_1_621' title='bbox 3814 4242 4050 4309; x_wconf 71' lang='grc' dir='ltr'>σαρκὸς</span> 
     </span>
    </p>
   </div>
   <div class='ocr_carea' id='block_1_89' title="bbox 2457 4332 4053 4401">
    <p class='ocr_par' dir='ltr' id='par_1_89' title="bbox 2457 4332 4053 4401">
     <span class='ocr_line' id='line_1_89' title="bbox 2457 4332 4053 4401; baseline 0.002 -18"><span class='ocrx_word' id='word_1_622' title='bbox 2457 4332 2748 4401; x_wconf 76' lang='grc' dir='ltr'>ἁμαρτίας</span> <span class='ocrx_word' id='word_1_623' title='bbox 2805 4336 2900 4386; x_wconf 80' lang='grc' dir='ltr'>καὶ</span> <span class='ocrx_word' id='word_1_624' title='bbox 2967 4334 3100 4400; x_wconf 71' lang='grc' dir='ltr'>περὶ</span> <span class='ocrx_word' id='word_1_625' title='bbox 3168 4334 3491 4401; x_wconf 75' lang='grc' dir='ltr'>ἁμαρτίας,</span> <span class='ocrx_word' id='word_1_626' title='bbox 3558 4333 3875 4400; x_wconf 72' lang='grc' dir='ltr'>κατέκρινε</span> <span class='ocrx_word' id='word_1_627' title='bbox 3938 4334 4053 4399; x_wconf 76' lang='grc' dir='ltr'><strong>τὴν</strong></span> 
     </span>
    </p>
   </div>
   <div class='ocr_carea' id='block_1_90' title="bbox 774 4404 4051 4495">
    <p class='ocr_par' dir='ltr' id='par_1_90' title="bbox 774 4404 4051 4495">
     <span class='ocr_line' id='line_1_90' title="bbox 774 4404 4051 4495; baseline 0.009 -39"><span class='ocrx_word' id='word_1_628' title='bbox 774 4404 1066 4471; x_wconf 80' lang='grc' dir='ltr'>ἁμαρτίαν</span> <span class='ocrx_word' id='word_1_629' title='bbox 1089 4408 1157 4460; x_wconf 81' lang='grc' dir='ltr'><strong>ἐν</strong></span> <span class='ocrx_word' id='word_1_630' title='bbox 1176 4409 1253 4475; x_wconf 77' lang='grc' dir='ltr'>τῇ</span> <span class='ocrx_word' id='word_1_631' title='bbox 1274 4412 1474 4479; x_wconf 78' lang='grc' dir='ltr'>σαρκὶ,</span> <span class='ocrx_word' id='word_1_632' title='bbox 1499 4415 1598 4467; x_wconf 78' lang='grc' dir='ltr'><strong>ἵνα</strong></span> <span class='ocrx_word' id='word_1_633' title='bbox 1623 4414 1689 4468; x_wconf 81' lang='grc' dir='ltr'>τὸ</span> <span class='ocrx_word' id='word_1_634' title='bbox 1714 4416 2006 4488; x_wconf 75' lang='grc' dir='ltr'>δικαίωμα</span> <span class='ocrx_word' id='word_1_635' title='bbox 2063 4423 2171 4475; x_wconf 88' lang='grc' dir='ltr'>τοῦ</span> <span class='ocrx_word' id='word_1_636' title='bbox 2197 4424 2384 4491; x_wconf 81' lang='grc' dir='ltr'>νόμου</span> <span class='ocrx_word' id='word_1_637' title='bbox 2426 4424 2715 4493; x_wconf 70' lang='grc' dir='ltr'>πληρωθῇ</span> <span class='ocrx_word' id='word_1_638' title='bbox 2759 4427 2826 4478; x_wconf 87' lang='grc' dir='ltr'><strong>ἐν</strong></span> <span class='ocrx_word' id='word_1_639' title='bbox 2858 4427 3003 4493; x_wconf 70' lang='grc' dir='ltr'><strong>ἡμῖν</strong></span> <span class='ocrx_word' id='word_1_640' title='bbox 3062 4427 3177 4493; x_wconf 77' lang='grc' dir='ltr'>τοῖς</span> <span class='ocrx_word' id='word_1_641' title='bbox 3219 4428 3306 4495; x_wconf 76' lang='grc' dir='ltr'>μὴ</span> <span class='ocrx_word' id='word_1_642' title='bbox 3360 4429 3508 4479; x_wconf 81' lang='grc' dir='ltr'>κατὰ</span> <span class='ocrx_word' id='word_1_643' title='bbox 3557 4426 3757 4494; x_wconf 65' lang='grc' dir='ltr'>σάρκα</span> <span class='ocrx_word' id='word_1_644' title='bbox 3794 4446 4051 4495; x_wconf 71' lang='grc' dir='ltr'>περιπα-</span> 
     </span>
    </p>
   </div>
   <div class='ocr_carea' id='block_1_91' title="bbox 778 4497 4051 4593">
    <p class='ocr_par' dir='ltr' id='par_1_91' title="bbox 778 4497 4051 4593">
     <span class='ocr_line' id='line_1_91' title="bbox 778 4497 4051 4593; baseline 0.009 -46"><span class='ocrx_word' id='word_1_645' title='bbox 778 4497 1011 4563; x_wconf 80' lang='grc' dir='ltr'>τοῦσιν,</span> <span class='ocrx_word' id='word_1_646' title='bbox 1041 4501 1202 4554; x_wconf 71' lang='grc' dir='ltr'><em>ἀλλὰ</em></span> <span class='ocrx_word' id='word_1_647' title='bbox 1229 4505 1379 4557; x_wconf 75' lang='grc' dir='ltr'>κατὰ</span> <span class='ocrx_word' id='word_1_648' title='bbox 1407 4508 1664 4577; x_wconf 81' lang='grc' dir='ltr'>πνεῦμα.</span> <span class='ocrx_word' id='word_1_649' title='bbox 1714 4509 2012 4581; x_wconf 82' lang='grc' dir='ltr'>Ἀμαρτίας</span> <span class='ocrx_word' id='word_1_650' title='bbox 2068 4513 2124 4567; x_wconf 83' lang='grc' dir='ltr'>δὲ</span> <span class='ocrx_word' id='word_1_651' title='bbox 2194 4516 2413 4585; x_wconf 77' lang='grc' dir='ltr'>ἔκγονον</span> <span class='ocrx_word' id='word_1_652' title='bbox 2456 4517 2669 4588; x_wconf 80' lang='grc' dir='ltr'>πρῶτον</span> <span class='ocrx_word' id='word_1_653' title='bbox 2714 4519 2882 4571; x_wconf 67' lang='grc' dir='ltr'>κακὸν</span> <span class='ocrx_word' id='word_1_654' title='bbox 2937 4521 3030 4571; x_wconf 75' lang='grc' dir='ltr'>καὶ</span> <span class='ocrx_word' id='word_1_655' title='bbox 3080 4519 3308 4589; x_wconf 72' lang='grc' dir='ltr'>ἔσχατον</span> <span class='ocrx_word' id='word_1_656' title='bbox 3350 4519 3759 4589; x_wconf 77' lang='grc' dir='ltr'>εἰδωλολατρία,</span> <span class='ocrx_word' id='word_1_657' title='bbox 3814 4524 3915 4574; x_wconf 73' lang='grc' dir='ltr'>καὶ</span> <span class='ocrx_word' id='word_1_658' title='bbox 3951 4525 4051 4593; x_wconf 71' lang='grc' dir='ltr'>τῆς</span> 
     </span>
    </p>
   </div>
   <div class='ocr_carea' id='block_1_92' title="bbox 778 4593 2779 4679">
    <p class='ocr_par' dir='ltr' id='par_1_92' title="bbox 778 4593 2779 4679">
     <span class='ocr_line' id='line_1_92' title="bbox 778 4593 2779 4679; baseline 0.013 -40"><span class='ocrx_word' id='word_1_659' title='bbox 778 4593 1202 4661; x_wconf 85' lang='grc' dir='ltr'>προσκυνήσεως</span> <span class='ocrx_word' id='word_1_660' title='bbox 1231 4598 1262 4665; x_wconf 83' lang='grc' dir='ltr'><strong>ή</strong></span> <span class='ocrx_word' id='word_1_661' title='bbox 1303 4598 1593 4665; x_wconf 81' lang='grc' dir='ltr'>μετάθεσις</span> <span class='ocrx_word' id='word_1_662' title='bbox 1618 4602 1725 4654; x_wconf 82' lang='grc' dir='ltr'>ἀπὸ</span> <span class='ocrx_word' id='word_1_663' title='bbox 1746 4603 1836 4656; x_wconf 80' lang='grc' dir='ltr'>τοῦ</span> <span class='ocrx_word' id='word_1_664' title='bbox 1872 4608 2237 4677; x_wconf 83' lang='grc' dir='ltr'>πεποιηκότος</span> <span class='ocrx_word' id='word_1_665' title='bbox 2262 4610 2355 4661; x_wconf 76' lang='grc' dir='ltr'><strong>ἐπὶ</strong></span> <span class='ocrx_word' id='word_1_666' title='bbox 2388 4610 2454 4663; x_wconf 72' lang='grc' dir='ltr'>τὰ</span> <span class='ocrx_word' id='word_1_667' title='bbox 2484 4610 2779 4679; x_wconf 83' lang='grc' dir='ltr'>κτίσματα.</span> 
     </span>
    </p>
   </div>
   <div class='ocr_carea' id='block_1_93' title="bbox 850 4680 2428 4763">
    <p class='ocr_par' dir='ltr' id='par_1_93' title="bbox 850 4680 2428 4763">
     <span class='ocr_line' id='line_1_93' title="bbox 850 4680 2428 4763; baseline 0.013 -28"><span class='ocrx_word' id='word_1_668' title='bbox 850 4680 943 4735; x_wconf 82' lang='lat' dir='ltr'><strong>Sic</strong></span> <span class='ocrx_word' id='word_1_669' title='bbox 974 4682 1068 4737; x_wconf 88' lang='lat' dir='ltr'><strong>Dei</strong></span> <span class='ocrx_word' id='word_1_670' title='bbox 1108 4682 1368 4755; x_wconf 83' lang='lat' dir='ltr'><strong>Verbum,</strong></span> <span class='ocrx_word' id='word_1_671' title='bbox 1402 4700 1643 4758; x_wconf 65' lang='lat' dir='ltr'><strong>paternae</strong></span> <span class='ocrx_word' id='word_1_672' title='bbox 1678 4694 1862 4763; x_wconf 71' lang='lat' dir='ltr'><strong>gloria:</strong></span> <span class='ocrx_word' id='word_1_673' title='bbox 1893 4696 2172 4763; x_wconf 87' lang='lat' dir='ltr'><strong>splendor,</strong></span> <span class='ocrx_word' id='word_1_674' title='bbox 2214 4714 2347 4753; x_wconf 86' lang='lat' dir='ltr'><strong>con—</strong></span> <span class='ocrx_word' id='word_1_675' title='bbox 2388 4702 2428 4756; x_wconf 90' lang='lat' dir='ltr'>D</span> 
     </span>
    </p>
   </div>
   <div class='ocr_carea' id='block_1_94' title="bbox 778 4772 2350 4853">
    <p class='ocr_par' dir='ltr' id='par_1_94' title="bbox 778 4772 2350 4853">
     <span class='ocr_line' id='line_1_94' title="bbox 778 4772 2350 4853; baseline 0.017 -34"><span class='ocrx_word' id='word_1_676' title='bbox 778 4772 1131 4828; x_wconf 80' lang='lat' dir='ltr'><strong>descensione</strong></span> <span class='ocrx_word' id='word_1_677' title='bbox 1186 4792 1353 4843; x_wconf 89' lang='lat' dir='ltr'><strong>usus,</strong></span> <span class='ocrx_word' id='word_1_678' title='bbox 1398 4782 1742 4852; x_wconf 87' lang='lat' dir='ltr'><strong>beneplacito</strong></span> <span class='ocrx_word' id='word_1_679' title='bbox 1800 4786 2014 4853; x_wconf 85' lang='lat' dir='ltr'><strong>Patris,</strong></span> <span class='ocrx_word' id='word_1_680' title='bbox 2050 4799 2105 4844; x_wconf 90' lang='lat' dir='ltr'><strong>et</strong></span> <span class='ocrx_word' id='word_1_681' title='bbox 2152 4792 2350 4847; x_wconf 81' lang='lat' dir='ltr'><strong>viviﬁci</strong></span> 
     </span>
    </p>
   </div>
   <div class='ocr_carea' id='block_1_95' title="bbox 782 4862 2352 4944">
    <p class='ocr_par' dir='ltr' id='par_1_95' title="bbox 782 4862 2352 4944">
     <span class='ocr_line' id='line_1_95' title="bbox 782 4862 2352 4944; baseline 0.016 -30"><span class='ocrx_word' id='word_1_682' title='bbox 782 4862 1017 4931; x_wconf 78' lang='lat' dir='ltr'><strong>Spiritus</strong></span> <span class='ocrx_word' id='word_1_683' title='bbox 1068 4871 1491 4936; x_wconf 85' lang='lat' dir='ltr'><strong>cooperatione,</strong></span> <span class='ocrx_word' id='word_1_684' title='bbox 1529 4889 1847 4944; x_wconf 89' lang='lat' dir='ltr'><strong>paupertate</strong></span> <span class='ocrx_word' id='word_1_685' title='bbox 1903 4892 2091 4936; x_wconf 82' lang='lat' dir='ltr'><strong>nostra</strong></span> <span class='ocrx_word' id='word_1_686' title='bbox 2135 4883 2352 4939; x_wconf 88' lang='lat' dir='ltr'><strong>indutus</strong></span> 
     </span>
    </p>
   </div>
   <div class='ocr_carea' id='block_1_96' title="bbox 779 4956 2349 5043">
    <p class='ocr_par' dir='ltr' id='par_1_96' title="bbox 779 4956 2349 5043">
     <span class='ocr_line' id='line_1_96' title="bbox 779 4956 2349 5043; baseline 0.016 -37"><span class='ocrx_word' id='word_1_687' title='bbox 779 4956 976 5025; x_wconf 85' lang='lat' dir='ltr'><strong>(neque</strong></span> <span class='ocrx_word' id='word_1_688' title='bbox 1006 4959 1150 5012; x_wconf 83' lang='lat' dir='ltr'><strong>enim</strong></span> <span class='ocrx_word' id='word_1_689' title='bbox 1185 4962 1254 5015; x_wconf 91' lang='lat' dir='ltr'><strong>ob</strong></span> <span class='ocrx_word' id='word_1_690' title='bbox 1278 4962 1604 5021; x_wconf 71' lang='lat' dir='ltr'><strong>ineffabilem</strong></span> <span class='ocrx_word' id='word_1_691' title='bbox 1632 4967 1931 5025; x_wconf 88' lang='lat' dir='ltr'><strong>bonitatem</strong></span> <span class='ocrx_word' id='word_1_692' title='bbox 1967 4974 2075 5042; x_wconf 90' lang='lat' dir='ltr'><strong>pati</strong></span> <span class='ocrx_word' id='word_1_693' title='bbox 2104 4987 2349 5043; x_wconf 89' lang='lat' dir='ltr'><strong>poterat,</strong></span> 
     </span>
    </p>
   </div>
   <div class='ocr_carea' id='block_1_97' title="bbox 780 5051 2350 5135">
    <p class='ocr_par' dir='ltr' id='par_1_97' title="bbox 780 5051 2350 5135">
     <span class='ocr_line' id='line_1_97' title="bbox 780 5051 2350 5135; baseline 0.015 -36"><span class='ocrx_word' id='word_1_694' title='bbox 780 5060 837 5099; x_wconf 90' lang='lat' dir='ltr'><strong>ttl</strong></span> <span class='ocrx_word' id='word_1_695' title='bbox 864 5064 1052 5101; x_wconf 74' lang='lat' dir='ltr'><strong>manus</strong></span> <span class='ocrx_word' id='word_1_696' title='bbox 1080 5066 1191 5104; x_wconf 66' lang='lat' dir='ltr'><strong>suae</strong></span> <span class='ocrx_word' id='word_1_697' title='bbox 1218 5051 1425 5107; x_wconf 86' lang='lat' dir='ltr'><strong>factura</strong></span> <span class='ocrx_word' id='word_1_698' title='bbox 1468 5057 1854 5115; x_wconf 88' lang='lat' dir='ltr'><strong>detrimentum</strong></span> <span class='ocrx_word' id='word_1_699' title='bbox 1889 5066 2154 5135; x_wconf 88' lang='lat' dir='ltr'><strong>caperet),</strong></span> <span class='ocrx_word' id='word_1_700' title='bbox 2191 5082 2350 5123; x_wconf 90' lang='lat' dir='ltr'><strong>verus</strong></span> 
     </span>
    </p>
   </div>
   <div class='ocr_carea' id='block_1_98' title="bbox 779 5137 2347 5224">
    <p class='ocr_par' dir='ltr' id='par_1_98' title="bbox 779 5137 2347 5224">
     <span class='ocr_line' id='line_1_98' title="bbox 779 5137 2347 5224; baseline 0.014 -36"><span class='ocrx_word' id='word_1_701' title='bbox 779 5137 939 5192; x_wconf 87' lang='lat' dir='ltr'><strong>homo</strong></span> <span class='ocrx_word' id='word_1_702' title='bbox 979 5140 1178 5206; x_wconf 88' lang='lat' dir='ltr'><strong>factus,</strong></span> <span class='ocrx_word' id='word_1_703' title='bbox 1211 5145 1311 5199; x_wconf 89' lang='lat' dir='ltr'><strong>etsi</strong></span> <span class='ocrx_word' id='word_1_704' title='bbox 1341 5146 1543 5201; x_wconf 84' lang='lat' dir='ltr'><strong>Christi</strong></span> <span class='ocrx_word' id='word_1_705' title='bbox 1576 5149 1761 5205; x_wconf 83' lang='lat' dir='ltr'><strong>hostes</strong></span> <span class='ocrx_word' id='word_1_706' title='bbox 1802 5154 2021 5209; x_wconf 90' lang='lat' dir='ltr'><strong>minime</strong></span> <span class='ocrx_word' id='word_1_707' title='bbox 2051 5157 2103 5208; x_wconf 82' lang='lat' dir='ltr'><strong>i:l</strong></span> <span class='ocrx_word' id='word_1_708' title='bbox 2144 5158 2347 5224; x_wconf 63' lang='lat' dir='ltr'><strong>volam,</strong></span> 
     </span>
    </p>
   </div>
   <div class='ocr_carea' id='block_1_99' title="bbox 779 5235 2347 5319">
    <p class='ocr_par' dir='ltr' id='par_1_99' title="bbox 779 5235 2347 5319">
     <span class='ocr_line' id='line_1_99' title="bbox 779 5235 2347 5319; baseline 0.015 -38"><span class='ocrx_word' id='word_1_709' title='bbox 779 5246 1045 5301; x_wconf 80' lang='lat' dir='ltr'><strong>verusqne</strong></span> <span class='ocrx_word' id='word_1_710' title='bbox 1097 5236 1234 5289; x_wconf 91' lang='lat' dir='ltr'><strong>idem</strong></span> <span class='ocrx_word' id='word_1_711' title='bbox 1282 5235 1422 5292; x_wconf 86' lang='lat' dir='ltr'><strong>Dens</strong></span> <span class='ocrx_word' id='word_1_712' title='bbox 1461 5240 1809 5309; x_wconf 89' lang='lat' dir='ltr'><strong>plenissime,</strong></span> <span class='ocrx_word' id='word_1_713' title='bbox 1852 5246 2054 5316; x_wconf 87' lang='lat' dir='ltr'><strong>absque</strong></span> <span class='ocrx_word' id='word_1_714' title='bbox 2090 5263 2347 5319; x_wconf 85' lang='lat' dir='ltr'><strong>peccato,</strong></span> 
     </span>
    </p>
   </div>
   <div class='ocr_carea' id='block_1_100' title="bbox 780 5329 2351 5405">
    <p class='ocr_par' dir='ltr' id='par_1_100' title="bbox 780 5329 2351 5405">
     <span class='ocr_line' id='line_1_100' title="bbox 780 5329 2351 5405; baseline 0.015 -31"><span class='ocrx_word' id='word_1_715' title='bbox 780 5339 874 5388; x_wconf 88' lang='lat' dir='ltr'><strong>per</strong></span> <span class='ocrx_word' id='word_1_716' title='bbox 911 5340 1150 5390; x_wconf 68' lang='lat' dir='ltr'><strong>crucmn,</strong></span> <span class='ocrx_word' id='word_1_717' title='bbox 1189 5329 1516 5396; x_wconf 87' lang='lat' dir='ltr'><strong>passionem,</strong></span> <span class='ocrx_word' id='word_1_718' title='bbox 1549 5342 1603 5386; x_wconf 87' lang='lat' dir='ltr'><strong>et</strong></span> <span class='ocrx_word' id='word_1_719' title='bbox 1637 5340 2121 5405; x_wconf 88' lang='lat' dir='ltr'><strong>resurrectionem,</strong></span> <span class='ocrx_word' id='word_1_720' title='bbox 2164 5345 2351 5399; x_wconf 88' lang='lat' dir='ltr'><strong>mortis</strong></span> 
     </span>
    </p>
   </div>
   <div class='ocr_carea' id='block_1_101' title="bbox 780 5416 2350 5498">
    <p class='ocr_par' dir='ltr' id='par_1_101' title="bbox 780 5416 2350 5498">
     <span class='ocr_line' id='line_1_101' title="bbox 780 5416 2350 5498; baseline 0.015 -31"><span class='ocrx_word' id='word_1_721' title='bbox 780 5430 879 5469; x_wconf 93' lang='lat' dir='ltr'><strong>nos</strong></span> <span class='ocrx_word' id='word_1_722' title='bbox 913 5416 1139 5471; x_wconf 82' lang='lat' dir='ltr'><strong>vinculis</strong></span> <span class='ocrx_word' id='word_1_723' title='bbox 1180 5420 1450 5487; x_wconf 88' lang='lat' dir='ltr'><strong>liberavit,</strong></span> <span class='ocrx_word' id='word_1_724' title='bbox 1491 5433 1545 5477; x_wconf 84' lang='lat' dir='ltr'><strong>ct</strong></span> <span class='ocrx_word' id='word_1_725' title='bbox 1570 5439 1597 5476; x_wconf 91' lang='lat' dir='ltr'><strong>a</strong></span> <span class='ocrx_word' id='word_1_726' title='bbox 1642 5430 1845 5494; x_wconf 85' lang='lat' dir='ltr'><strong>peceati</strong></span> <span class='ocrx_word' id='word_1_727' title='bbox 1882 5434 2227 5498; x_wconf 81' lang='lat' dir='ltr'><strong>p:.ssionibns</strong></span> <span class='ocrx_word' id='word_1_728' title='bbox 2262 5452 2350 5490; x_wconf 78' lang='lat' dir='ltr'><strong>ex-</strong></span> 
     </span>
    </p>
   </div>
   <div class='ocr_carea' id='block_1_102' title="bbox 780 5503 2351 5597">
    <p class='ocr_par' dir='ltr' id='par_1_102' title="bbox 780 5503 2351 5597">
     <span class='ocr_line' id='line_1_102' title="bbox 780 5503 2351 5597; baseline 0.015 -41"><span class='ocrx_word' id='word_1_729' title='bbox 780 5503 1022 5573; x_wconf 74' lang='lat' dir='ltr'><strong>pedivit,</strong></span> <span class='ocrx_word' id='word_1_730' title='bbox 1062 5509 1388 5566; x_wconf 84' lang='lat' dir='ltr'><strong>invisibilem</strong></span> <span class='ocrx_word' id='word_1_731' title='bbox 1422 5533 1449 5567; x_wconf 90' lang='lat' dir='ltr'><strong>a</strong></span> <span class='ocrx_word' id='word_1_732' title='bbox 1502 5517 1782 5573; x_wconf 87' lang='lat' dir='ltr'><strong>dominatu</strong></span> <span class='ocrx_word' id='word_1_733' title='bbox 1836 5535 2021 5577; x_wconf 89' lang='lat' dir='ltr'><strong>nostro</strong></span> <span class='ocrx_word' id='word_1_734' title='bbox 2063 5539 2351 5597; x_wconf 75' lang='lat' dir='ltr'><strong>tyrannum</strong></span> 
     </span>
    </p>
   </div>
   <div class='ocr_carea' id='block_1_103' title="bbox 782 5595 2351 5682">
    <p class='ocr_par' dir='ltr' id='par_1_103' title="bbox 782 5595 2351 5682">
     <span class='ocr_line' id='line_1_103' title="bbox 782 5595 2351 5682; baseline 0.015 -34"><span class='ocrx_word' id='word_1_735' title='bbox 782 5595 1022 5665; x_wconf 74' lang='lat' dir='ltr'><strong>pellens,</strong></span> <span class='ocrx_word' id='word_1_736' title='bbox 1062 5618 1267 5671; x_wconf 87' lang='lat' dir='ltr'><strong>nosque</strong></span> <span class='ocrx_word' id='word_1_737' title='bbox 1318 5606 1367 5658; x_wconf 92' lang='lat' dir='ltr'><strong>in</strong></span> <span class='ocrx_word' id='word_1_738' title='bbox 1408 5609 1686 5678; x_wconf 83' lang='lat' dir='ltr'><strong>antiquam</strong></span> <span class='ocrx_word' id='word_1_739' title='bbox 1741 5595 2153 5682; x_wconf 77' lang='lat' dir='ltr'><strong>prosperitatent</strong></span> <span class='ocrx_word' id='word_1_740' title='bbox 2193 5620 2351 5672; x_wconf 87' lang='lat' dir='ltr'><strong>resti-</strong></span> 
     </span>
    </p>
   </div>
   <div class='ocr_carea' id='block_1_104' title="bbox 2528 4700 4052 4780">
    <p class='ocr_par' dir='ltr' id='par_1_104' title="bbox 2528 4700 4052 4780">
     <span class='ocr_line' id='line_1_104' title="bbox 2528 4700 4052 4780; baseline 0.011 -28"><span class='ocrx_word' id='word_1_741' title='bbox 2528 4700 2713 4763; x_wconf 81' lang='grc' dir='ltr'>υῦτως</span> <span class='ocrx_word' id='word_1_742' title='bbox 2738 4704 2765 4754; x_wconf 87' lang='grc' dir='ltr'>ὁ</span> <span class='ocrx_word' id='word_1_743' title='bbox 2806 4702 2900 4754; x_wconf 68' lang='grc' dir='ltr'>τοῦ</span> <span class='ocrx_word' id='word_1_744' title='bbox 2946 4702 3082 4755; x_wconf 77' lang='grc' dir='ltr'>Θεοῦ</span> <span class='ocrx_word' id='word_1_745' title='bbox 3120 4704 3289 4770; x_wconf 74' lang='grc' dir='ltr'>Λόγος</span> <span class='ocrx_word' id='word_1_746' title='bbox 3323 4704 3383 4756; x_wconf 62' lang='grc' dir='ltr'><strong>τδ</strong></span> <span class='ocrx_word' id='word_1_747' title='bbox 3417 4704 3514 4774; x_wconf 78' lang='grc' dir='ltr'><strong>τῆς</strong></span> <span class='ocrx_word' id='word_1_748' title='bbox 3566 4706 3849 4774; x_wconf 67' lang='grc' dir='ltr'>πατρικῆς</span> <span class='ocrx_word' id='word_1_749' title='bbox 3890 4710 4052 4780; x_wconf 65' lang='grc' dir='ltr'>δόξης</span> 
     </span>
    </p>
   </div>
   <div class='ocr_carea' id='block_1_105' title="bbox 2453 4789 4051 4871">
    <p class='ocr_par' dir='ltr' id='par_1_105' title="bbox 2453 4789 4051 4871">
     <span class='ocr_line' id='line_1_105' title="bbox 2453 4789 4051 4871; baseline 0.008 -28"><span class='ocrx_word' id='word_1_750' title='bbox 2453 4789 2831 4861; x_wconf 77' lang='grc' dir='ltr'>ἀπαύγασμα,</span> <span class='ocrx_word' id='word_1_751' title='bbox 2873 4794 3282 4861; x_wconf 75' lang='grc' dir='ltr'>συγκαταὸάσει</span> <span class='ocrx_word' id='word_1_752' title='bbox 3318 4795 3686 4865; x_wconf 81' lang='grc' dir='ltr'>χρησάμενος.</span> <span class='ocrx_word' id='word_1_753' title='bbox 3722 4799 3960 4871; x_wconf 70' lang='grc' dir='ltr'>εὐδοκία</span> <span class='ocrx_word' id='word_1_754' title='bbox 3993 4820 4051 4855; x_wconf 86' lang='grc' dir='ltr'><strong>τε</strong></span> 
     </span>
    </p>
   </div>
   <div class='ocr_carea' id='block_1_106' title="bbox 2453 4885 4050 4960">
    <p class='ocr_par' dir='ltr' id='par_1_106' title="bbox 2453 4885 4050 4960">
     <span class='ocr_line' id='line_1_106' title="bbox 2453 4885 4050 4960; baseline 0.009 -26"><span class='ocrx_word' id='word_1_755' title='bbox 2453 4886 2694 4954; x_wconf 85' lang='grc' dir='ltr'>πατρικῇ</span> <span class='ocrx_word' id='word_1_756' title='bbox 2743 4885 2838 4937; x_wconf 73' lang='grc' dir='ltr'>καὶ</span> <span class='ocrx_word' id='word_1_757' title='bbox 2884 4887 3141 4957; x_wconf 71' lang='grc' dir='ltr'>συνεργία</span> <span class='ocrx_word' id='word_1_758' title='bbox 3180 4887 3275 4940; x_wconf 75' lang='grc' dir='ltr'>τοῦ</span> <span class='ocrx_word' id='word_1_759' title='bbox 3325 4886 3641 4959; x_wconf 80' lang='grc' dir='ltr'>ζωαρχικοῦ</span> <span class='ocrx_word' id='word_1_760' title='bbox 3676 4892 4050 4960; x_wconf 72' lang='grc' dir='ltr'>Πνεύματος,</span> 
     </span>
    </p>
   </div>
   <div class='ocr_carea' id='block_1_107' title="bbox 2449 4973 4051 5050">
    <p class='ocr_par' dir='ltr' id='par_1_107' title="bbox 2449 4973 4051 5050">
     <span class='ocr_line' id='line_1_107' title="bbox 2449 4973 4051 5050; baseline 0.007 -25"><span class='ocrx_word' id='word_1_761' title='bbox 2449 4973 2549 5043; x_wconf 80' lang='grc' dir='ltr'>τὴν</span> <span class='ocrx_word' id='word_1_762' title='bbox 2594 4973 2715 5027; x_wconf 88' lang='grc' dir='ltr'>καθ’</span> <span class='ocrx_word' id='word_1_763' title='bbox 2760 4976 2908 5044; x_wconf 75' lang='grc' dir='ltr'>ἡμᾶς</span> <span class='ocrx_word' id='word_1_764' title='bbox 2929 4976 3205 5046; x_wconf 81' lang='grc' dir='ltr'>πτωχείαν</span> <span class='ocrx_word' id='word_1_765' title='bbox 3232 4979 3436 5040; x_wconf 66' lang='grc' dir='ltr'>ὑποδὺς</span> <span class='ocrx_word' id='word_1_766' title='bbox 3458 5020 3473 5042; x_wconf 87' lang='grc'><strong>,</strong></span> <span class='ocrx_word' id='word_1_767' title='bbox 3513 4980 3594 5048; x_wconf 71' lang='grc' dir='ltr'>(οὗ</span> <span class='ocrx_word' id='word_1_768' title='bbox 3628 4978 3739 5048; x_wconf 78' lang='grc' dir='ltr'><strong>γάρ</strong></span> <span class='ocrx_word' id='word_1_769' title='bbox 3776 4980 3949 5050; x_wconf 59' lang='grc' dir='ltr'>ἓςερε</span> <span class='ocrx_word' id='word_1_770' title='bbox 3982 4985 4051 5037; x_wconf 83' lang='grc' dir='ltr'><strong>δι’</strong></span> 
     </span>
    </p>
   </div>
   <div class='ocr_carea' id='block_1_108' title="bbox 2455 5066 4050 5142">
    <p class='ocr_par' dir='ltr' id='par_1_108' title="bbox 2455 5066 4050 5142">
     <span class='ocr_line' id='line_1_108' title="bbox 2455 5066 4050 5142; baseline 0.007 -24"><span class='ocrx_word' id='word_1_771' title='bbox 2455 5066 2663 5132; x_wconf 69' lang='grc' dir='ltr'>ἄφατον</span> <span class='ocrx_word' id='word_1_772' title='bbox 2707 5067 3050 5140; x_wconf 83' lang='grc' dir='ltr'>ἀγαθότητα,</span> <span class='ocrx_word' id='word_1_773' title='bbox 3088 5071 3270 5141; x_wconf 69' lang='grc' dir='ltr'>χειρὸς</span> <span class='ocrx_word' id='word_1_774' title='bbox 3324 5071 3533 5134; x_wconf 82' lang='grc' dir='ltr'>οἰκείας</span> <span class='ocrx_word' id='word_1_775' title='bbox 3576 5071 4050 5142; x_wconf 67' lang='grc' dir='ltr'>ζημιωθήσεσθαι</span> 
     </span>
    </p>
   </div>
   <div class='ocr_carea' id='block_1_109' title="bbox 2459 5160 4053 5238">
    <p class='ocr_par' dir='ltr' id='par_1_109' title="bbox 2459 5160 4053 5238">
     <span class='ocr_line' id='line_1_109' title="bbox 2459 5160 4053 5238; baseline 0.006 -28"><span class='ocrx_word' id='word_1_776' title='bbox 2459 5160 2519 5211; x_wconf 82' lang='grc' dir='ltr'>τὸ</span> <span class='ocrx_word' id='word_1_777' title='bbox 2556 5160 2811 5230; x_wconf 84' lang='grc' dir='ltr'>ποίημα),</span> <span class='ocrx_word' id='word_1_778' title='bbox 2833 5161 2927 5213; x_wconf 73' lang='grc' dir='ltr'>καὶ</span> <span class='ocrx_word' id='word_1_779' title='bbox 2958 5162 3247 5232; x_wconf 82' lang='grc' dir='ltr'>ἄνθρωπος</span> <span class='ocrx_word' id='word_1_780' title='bbox 3277 5162 3421 5216; x_wconf 80' lang='grc' dir='ltr'>κατά</span> <span class='ocrx_word' id='word_1_781' title='bbox 3453 5165 3651 5229; x_wconf 82' lang='grc' dir='ltr'>πάντα,</span> <span class='ocrx_word' id='word_1_782' title='bbox 3687 5166 3795 5217; x_wconf 68' lang='grc' dir='ltr'><strong>κᾶν</strong></span> <span class='ocrx_word' id='word_1_783' title='bbox 3826 5169 3877 5219; x_wconf 71' lang='lat' dir='ltr'><strong>cl</strong></span> <span class='ocrx_word' id='word_1_784' title='bbox 3909 5168 4053 5238; x_wconf 75' lang='grc' dir='ltr'>Χρι-</span> 
     </span>
    </p>
   </div>
   <div class='ocr_carea' id='block_1_110' title="bbox 2462 5254 4054 5328">
    <p class='ocr_par' dir='ltr' id='par_1_110' title="bbox 2462 5254 4054 5328">
     <span class='ocr_line' id='line_1_110' title="bbox 2462 5254 4054 5328; baseline 0.006 -25"><span class='ocrx_word' id='word_1_785' title='bbox 2462 5254 2720 5323; x_wconf 85' lang='grc' dir='ltr'>στομάχοι</span> <span class='ocrx_word' id='word_1_786' title='bbox 2772 5255 2845 5324; x_wconf 81' lang='grc' dir='ltr'>μὴ</span> <span class='ocrx_word' id='word_1_787' title='bbox 2882 5254 3205 5324; x_wconf 75' lang='grc' dir='ltr'>βούλωνται,</span> <span class='ocrx_word' id='word_1_788' title='bbox 3256 5257 3445 5328; x_wconf 73' lang='grc' dir='ltr'>ὥσπερ</span> <span class='ocrx_word' id='word_1_789' title='bbox 3494 5256 3559 5327; x_wconf 73' lang='grc' dir='ltr'>δὴ</span> <span class='ocrx_word' id='word_1_790' title='bbox 3596 5259 3691 5310; x_wconf 72' lang='grc' dir='ltr'>καὶ</span> <span class='ocrx_word' id='word_1_791' title='bbox 3740 5256 3876 5322; x_wconf 68' lang='grc' dir='ltr'>Θεὸς</span> <span class='ocrx_word' id='word_1_792' title='bbox 3911 5260 3987 5312; x_wconf 76' lang='grc' dir='ltr'>ὢν</span> <span class='ocrx_word' id='word_1_793' title='bbox 4024 5263 4054 5314; x_wconf 83' lang='grc' dir='ltr'><strong>ό</strong></span> 
     </span>
    </p>
   </div>
   <div class='ocr_carea' id='block_1_111' title="bbox 2460 5346 4052 5421">
    <p class='ocr_par' dir='ltr' id='par_1_111' title="bbox 2460 5346 4052 5421">
     <span class='ocr_line' id='line_1_111' title="bbox 2460 5346 4052 5421; baseline 0.006 -24"><span class='ocrx_word' id='word_1_794' title='bbox 2460 5346 2622 5409; x_wconf 76' lang='grc' dir='ltr'>αὐτὸς</span> <span class='ocrx_word' id='word_1_795' title='bbox 2674 5347 3082 5417; x_wconf 84' lang='grc' dir='ltr'>πληρέστατος,</span> <span class='ocrx_word' id='word_1_796' title='bbox 3126 5351 3405 5421; x_wconf 83' lang='grc' dir='ltr'>ἁμαρτίας</span> <span class='ocrx_word' id='word_1_797' title='bbox 3448 5352 3619 5420; x_wconf 76' lang='grc' dir='ltr'>χωρἰς</span> <span class='ocrx_word' id='word_1_798' title='bbox 3660 5354 4052 5421; x_wconf 68' lang='grc' dir='ltr'>ἐχρημάτισε,</span> 
     </span>
    </p>
   </div>
   <div class='ocr_carea' id='block_1_112' title="bbox 2460 5437 4055 5511">
    <p class='ocr_par' dir='ltr' id='par_1_112' title="bbox 2460 5437 4055 5511">
     <span class='ocr_line' id='line_1_112' title="bbox 2460 5437 4055 5511; baseline 0.006 -23"><span class='ocrx_word' id='word_1_799' title='bbox 2460 5439 2553 5489; x_wconf 68' lang='grc' dir='ltr'>καὶ</span> <span class='ocrx_word' id='word_1_800' title='bbox 2586 5437 2672 5491; x_wconf 81' lang='grc' dir='ltr'><strong>διά</strong></span> <span class='ocrx_word' id='word_1_801' title='bbox 2717 5441 2949 5511; x_wconf 78' lang='grc' dir='ltr'>σταυροῦ</span> <span class='ocrx_word' id='word_1_802' title='bbox 2998 5442 3092 5494; x_wconf 71' lang='grc' dir='ltr'>καὶ</span> <span class='ocrx_word' id='word_1_803' title='bbox 3139 5442 3343 5506; x_wconf 77' lang='grc' dir='ltr'>πάθους</span> <span class='ocrx_word' id='word_1_804' title='bbox 3384 5444 3478 5495; x_wconf 73' lang='grc' dir='ltr'>καὶ</span> <span class='ocrx_word' id='word_1_805' title='bbox 3528 5445 3887 5505; x_wconf 81' lang='grc' dir='ltr'>ἀναστάσεως</span> <span class='ocrx_word' id='word_1_806' title='bbox 3938 5445 4055 5497; x_wconf 77' lang='grc' dir='ltr'>τῶν</span> 
     </span>
    </p>
   </div>
   <div class='ocr_carea' id='block_1_113' title="bbox 2459 5529 4052 5605">
    <p class='ocr_par' dir='ltr' id='par_1_113' title="bbox 2459 5529 4052 5605">
     <span class='ocr_line' id='line_1_113' title="bbox 2459 5529 4052 5605; baseline 0.006 -24"><span class='ocrx_word' id='word_1_807' title='bbox 2459 5529 2674 5600; x_wconf 81' lang='grc' dir='ltr'>δεσμῶν</span> <span class='ocrx_word' id='word_1_808' title='bbox 2700 5532 2800 5602; x_wconf 81' lang='grc' dir='ltr'>τῆς</span> <span class='ocrx_word' id='word_1_809' title='bbox 2824 5534 3201 5604; x_wconf 83' lang='grc' dir='ltr'>κατακρίσεως</span> <span class='ocrx_word' id='word_1_810' title='bbox 3226 5536 3372 5605; x_wconf 71' lang='grc' dir='ltr'>ἡμᾶς</span> <span class='ocrx_word' id='word_1_811' title='bbox 3400 5534 3769 5605; x_wconf 61' lang='grc' dir='ltr'>ἠλευθέρωσε,</span> <span class='ocrx_word' id='word_1_812' title='bbox 3804 5538 3901 5589; x_wconf 70' lang='grc' dir='ltr'>καὶ</span> <span class='ocrx_word' id='word_1_813' title='bbox 3935 5536 4052 5590; x_wconf 79' lang='grc' dir='ltr'>τῶν</span> 
     </span>
    </p>
   </div>
   <div class='ocr_carea' id='block_1_114' title="bbox 2462 5621 4053 5698">
    <p class='ocr_par' dir='ltr' id='par_1_114' title="bbox 2462 5621 4053 5698">
     <span class='ocr_line' id='line_1_114' title="bbox 2462 5621 4053 5698; baseline 0.004 -25"><span class='ocrx_word' id='word_1_814' title='bbox 2462 5621 2648 5675; x_wconf 84' lang='grc' dir='ltr'>παθῶν</span> <span class='ocrx_word' id='word_1_815' title='bbox 2698 5625 2797 5695; x_wconf 76' lang='grc' dir='ltr'>τῆς</span> <span class='ocrx_word' id='word_1_816' title='bbox 2850 5625 3123 5696; x_wconf 80' lang='grc' dir='ltr'>ἁμαρτίας</span> <span class='ocrx_word' id='word_1_817' title='bbox 3175 5626 3483 5697; x_wconf 66' lang='grc' dir='ltr'>ἀπήλλαξε*</span> <span class='ocrx_word' id='word_1_818' title='bbox 3541 5627 3638 5697; x_wconf 72' lang='grc' dir='ltr'><strong>τῆς</strong></span> <span class='ocrx_word' id='word_1_819' title='bbox 3699 5625 3825 5681; x_wconf 78' lang='grc' dir='ltr'>καθ’</span> <span class='ocrx_word' id='word_1_820' title='bbox 3887 5626 4053 5698; x_wconf 74' lang='grc' dir='ltr'>ἡμῶν</span> 
     </span>
    </p>
   </div>
   <div class='ocr_carea' id='block_1_115' title="bbox 856 5752 2618 5845">
    <p class='ocr_par' dir='ltr' id='par_1_115' title="bbox 856 5752 2618 5845">
     <span class='ocr_line' id='line_1_115' title="bbox 856 5752 2618 5845; baseline 0.014 -39"><span class='ocrx_word' id='word_1_821' title='bbox 856 5752 900 5784; x_wconf 63' lang='grc' dir='ltr'>ί)</span> <span class='ocrx_word' id='word_1_822' title='bbox 936 5755 1117 5811; x_wconf 65' lang='lat' dir='ltr'><strong>.lla&#39;tlt.</strong></span> <span class='ocrx_word' id='word_1_823' title='bbox 1154 5775 1260 5819; x_wconf 77' lang='lat' dir='ltr'><strong>xvi.</strong></span> <span class='ocrx_word' id='word_1_824' title='bbox 1294 5761 1371 5817; x_wconf 81' lang='lat' dir='ltr'><strong>l7.</strong></span> <span class='ocrx_word' id='word_1_825' title='bbox 1411 5765 1451 5793; x_wconf 64' lang='grc' dir='ltr'><strong>δ”</strong></span> <span class='ocrx_word' id='word_1_826' title='bbox 1487 5762 1639 5818; x_wconf 72' lang='lat' dir='ltr'><strong>“Olli.</strong></span> <span class='ocrx_word' id='word_1_827' title='bbox 1689 5783 1762 5831; x_wconf 74' lang='lat' dir='ltr'><strong>ix,</strong></span> <span class='ocrx_word' id='word_1_828' title='bbox 1808 5768 1896 5823; x_wconf 74' lang='grc'><strong>55.</strong></span> <span class='ocrx_word' id='word_1_829' title='bbox 1974 5773 2094 5805; x_wconf 70' lang='grc'><strong>’¹¹·⁹²</strong></span> <span class='ocrx_word' id='word_1_830' title='bbox 2134 5772 2287 5828; x_wconf 77' lang='lat' dir='ltr'><strong>Rom.</strong></span> <span class='ocrx_word' id='word_1_831' title='bbox 2324 5792 2441 5845; x_wconf 81' lang='lat' dir='ltr'><strong>vm,</strong></span> <span class='ocrx_word' id='word_1_832' title='bbox 2477 5777 2530 5845; x_wconf 80' lang='grc'>5,</span> <span class='ocrx_word' id='word_1_833' title='bbox 2565 5778 2618 5831; x_wconf 74' lang='grc'><strong>4.</strong></span> 
     </span>
    </p>
   </div>
  </div>
