4220 6442
223 381 329 448 541

1078 392 1643 455 APOLOGETICUS
1678 393 1824 452 PRO
1864 394 2127 452 S.\CRIS
2170 394 2641 454 IMAGIAIBUS.

3362 390 3473 461 542

218 494 537 559 πλεονεξίας
585 497 936 569 ὲκΰεδληκὼς
985 500 1077 553 τὸν
1109 503 1341 571 ἀόρατον
1389 508 1671 576 τύραννον,
1703 508 1795 558 καὶ
1826 511 1865 562 Α

1826 511 1865 562 Α
1900 517 2055 559 tuens
2093 525 2104 559 :
2142 521 2331 574 nempe
2373 518 2428 559 ut
2463 506 2552 575 qui
2589 507 2878 559 humanam
2914 512 3162 558 naturam
3196 503 3262 558 ad
3287 506 3462 561 exsis-

222 586 304 645 είς
334 588 392 636 τὸ
422 587 646 655 ἀρχαῖον
665 590 765 657 τῆς
794 591 1091 661 εὐκληρίας
1116 594 1462 664 ἐπανήγαγεν
1484 616 1497 627 ·
1528 599 1611 650 ἵνα
1644 602 1669 649 ὁ
1700 597 1796 663 τὴν

222 674 387 741 φύσιν
413 679 491 738 εἰς
513 677 571 728 τὸ
596 675 735 729 εἶναι
774 682 1132 750 παραγαγὼν,
1163 687 1254 737 καὶ
1282 686 1341 736 τὸ
1373 687 1432 738 εὖ
1460 683 1596 738 εἶναι
1627 689 1794 756 ὑπερ-

219 766 411 819 ὀλύσει
447 768 857 837 φιλανθρωπίας
901 774 1073 843 ταύτῃ
1106 777 1421 845 χαρίσηται,
1471 781 1564 830 καὶ
1593 780 1796 841 τέλειος

219 854 253 928 ᾖ
289 862 382 910 καὶ
427 860 611 927 ἄρτιος
666 863 692 913 ὀ
734 865 875 915 κατὰ
919 864 1051 917 Θεὸν
1099 867 1420 937 κτιζὸμενος
1474 871 1792 940 ἄνθρωπος⁹

219 951 397 1002 ταῦτα
452 956 727 1022 προφῆται
774 955 981 1007 ἄνωθεν
1030 961 1610 1028 προανακεκράγεσαν,
1660 961 1792 1013 ἀπό-

220 1040 403 1091 στολοι
433 1041 881 1107 εὐηγγελίσαντο,
911 1046 1187 1115 μάρτυρες
1206 1049 1590 1118 ἀνδρισάμενοι
1621 1052 1793 1119 ἐπαρ-

221 1132 581 1197 panicum,
643 1134 693 1184 οἱ
744 1134 951 1188 τούτων
990 1138 1182 1190 ὀπαδοὶ
1231 1141 1323 1192 καὶ
1382 1142 1639 1212 συνεργοὶ
1694 1143 1793 1210 τῆς

234 1224 277 1273 ’ίι
296 1224 565 1293 κκλησίας
594 1226 904 1281 διδάσκαλοι
930 1231 1007 1291 είς
1040 1232 1179 1298 μέγα
1210 1236 1634 1302 κατευρύνοντες
1667 1253 1792 1287 συν-

217 1316 615 1386 διηγωνίσαντο
636 1337 647 1347 ·
680 1320 767 1371 διὰ
793 1323 1001 1373 τούτων
1035 1324 1257 1376 πάντων
1287 1326 1381 1388 οὓς
1415 1329 1442 1379 ὁ
1474 1326 1606 1389 Θεὸς
1644 1329 1700 1379 ὲν
1724 1332 1786 1397 τῇ

232 1408 530 1478 Ἐκκλησία
559 1410 753 1462 ἑαυτοῦ
783 1410 957 1475 ἔθετο,
989 1414 1056 1465 τὰ
1080 1415 1184 1481 τῆς
1212 1417 1357 1485 ζωῆς
1387 1418 1543 1486 ἡμῶν
1567 1420 1625 1469 ἐν
1656 1422 1789 1472 πᾶσι

219 1497 786 1566 πραγματευσάμενος
816 1501 1173 1567 ἠσφαλίσατο,
1209 1504 1295 1557 ἵνα
1321 1499 1401 1567 οἷς
1428 1523 1481 1557 τι
1514 1508 1666 1575 μέλει
1690 1511 1789 1576 τῆς

218 1591 499 1655 σωτηρίας
530 1590 625 1658 τῆς
668 1591 903 1657 ἑαυτῶν,
956 1593 1207 1645 ἐντεῦθεν
1249 1596 1677 1665 ὲπιγινώσκηται
1723 1599 1791 1650 τὰ

215 1680 417 1746 βελτίω
468 1698 523 1731 τε
580 1682 674 1733 καὶ
725 1685 1105 1751 συμφέροντα·
1163 1685 1215 1736 τί
1261 1686 1369 1755 γὰρ
1398 1686 1462 1737 ἂν
1502 1686 1787 1756 ζητήσαις,

212 1770 509 1840 ἄνθρωπε,
561 1774 662 1825 κᾶν
719 1775 827 1825 τῶν
886 1774 1002 1828 λίαν
1052 1772 1117 1849 ᾗς
1178 1778 1540 1843 ὲξεταστικῶν
1595 1797 1653 1831 τε
1695 1784 1789 1833 καὶ

213 1860 571 1931 θεωρητικῶν
618 1864 717 1934 τὴν
762 1866 1020 1933 διάνοιαν,
1072 1870 1164 1920 καὶ
1198 1869 1296 1921 οὐκ
1325 1870 1484 1931 εὐθὺς
1522 1871 1586 1922 ἂν
1613 1888 1781 1922 κατα·
1821 1853 1859 1904 Β

213 1950 397 2015 λάὸοις
423 1956 749 2025 κεκριμένον
787 1958 880 2008 καὶ
903 1957 1252 2027 πεφασμένον
1291 1959 1349 2011 ὲν
1380 1958 1686 2025 πνεύματι;
1721 1960 1779 2011 οὐ

212 2040 490 2108 θεολογίας
515 2045 575 2095 τὸ
608 2046 809 2115 ὑψηλὸν
844 2048 936 2099 καὶ
967 2049 1279 2117 ἐπηρμένον
1313 2051 1370 2101 ὲν
1403 2049 1779 2118 δόγμασινςοὺ

211 2136 312 2200 τῆς
345 2135 497 2198 θείας
532 2140 845 2208 οἰκονομίας
871 2140 962 2192 τὸν
994 2141 1225 2195 πλοῦτον
1252 2143 1349 2211 τῆς
1380 2144 1780 2213 χρηστότητος;

211 2229 351 2281 ἀλλά
401 2230 509 2282 τῶν
565 2232 659 2283 τοῦ
710 2231 843 2283 Θεοῦ
886 2234 1168 2300 χριμάτων
1219 2232 1281 2285 τὸ
1329 2234 1781 2304 ἀνεξερεύνητον;

211 2320 350 2372 ἀλλὰ
386 2320 496 2371 τῶν
531 2322 791 2391 αίρετέων
836 2323 932 2385 τάς
992 2322 1304 2391 ὑποθήκας;
1358 2325 1475 2393 οὐχὶ
1527 2325 1625 2387 τάς
1675 2325 1783 2377 τῶν

210 2412 491 2477 φευκτέων
524 2412 953 2481 ἀπαγορεύσεις;
998 2413 1029 2481 ἦ
1064 2413 1171 2464 τῶν
1204 2415 1316 2473 τοῖς
1349 2412 1521 2477 ἀξίοις
1554 2415 1780 2483 ἡτοιμα-

210 2504 431 2570 σμένων
492 2504 714 2571 ἀγαθῶν
776 2506 872 2567 τὰς
933 2506 1330 2571 ἑπαγγέλσειςς
1390 2507 1485 2558 καὶ
1547 2507 1654 2558 τῶν
1722 2502 1780 2559 εὖ

211 2594 474 2665 βιούντων
516 2596 608 2647 καὶ
661 2598 720 2647 ὲν
768 2597 917 2665 φόϐῳ
948 2594 1082 2647 Θεοῦ
1133 2597 1226 2647 καὶ
1277 2597 1505 2649 ἐντολῶν
1552 2597 1776 2665 τηρήσει

209 2686 307 2758 τὴν
351 2688 651 2757 μέλλουσαν
696 2688 852 2751 δόξαν
881 2688 1400 2754 ἁποκαλύπτεσθαι;
1437 2689 1542 2740 τῶν
1599 2706 1656 2740 τε
1688 2691 1776 2742 al-

210 2779 391 2848 σχρῶς
461 2780 556 2831 καὶ
592 2781 820 2841 ἀνοσίως
882 2779 1213 2844 διαζὼντων,
1264 2781 1361 2849 τὴν
1406 2782 1777 2851 ἡπειλημὲνην

207 2871 482 2939 τιμωρίαν
499 2871 591 2921 καὶ
620 2871 878 2928 κόλασιν;
907 2872 1020 2922 Καὶ
1046 2872 1132 2922 ἵνα
1158 2871 1230 2940 μὴ
1259 2873 1372 2933 τοῖς
1397 2872 1519 2923 καθ’
1543 2872 1774 2925 ἕκαστον

210 2964 555 3026 ἐπεξιόντες,
615 2963 693 3033 τῷ
756 2963 897 3031 λόγῳ
963 2964 1415 3032 ὲνδιατρίϐοιμεν,
1479 2965 1539 3017 οὐ
1594 2967 1773 3035 πάσης

1901 600 2112 649 tendum
2150 599 2489 666 produxerat,
2526 598 2663 650 idem
2708 596 2755 650 ei
2807 594 3015 648 felicem
3049 604 3253 649 statum
3300 596 3466 649 bene-

1898 687 2144 740 volentia:
2177 702 2289 740 suae
2340 687 2693 741 exuberantia
2743 686 3053 755 largiretur,
3083 694 3137 740 et
3171 692 3391 740 creatus
3430 700 3462 741 α

1901 780 2007 831 Deo
2057 777 2212 831 homo
2266 776 2502 846 perfecta
2565 776 2935 830 incolumitate
2987 775 3277 829 frueretur.
3337 772 3467 829 Hac

1896 871 2021 923 olim
2092 870 2363 936 propheta:
2423 870 2924 937 proclamaverant,
2985 868 3209 934 apostoli
3271 874 3461 934 postea

1895 963 2422 1033 evangelizarernnt,
2456 970 2721 1029 martyres
2773 959 2987 1011 fortiter
3018 956 3249 1026 professi
3300 965 3460 1023 sunt,

1896 1064 2056 1119 atque
2088 1057 2276 1106 horum
2313 1053 2528 1106 asseclze
2556 1060 2611 1104 et
2639 1058 3017 1115 cooperatores
3052 1048 3306 1102 Ecclesia:
3340 1063 3459 1101 ma-

1896 1146 2048 1212 gistri
2109 1160 2431 1212 magnopere
2486 1141 2876 1211 adantplianles
2928 1140 3088 1195 simul
3146 1140 3262 1193 tuiti
3308 1149 3456 1193 sunt.

1895 1238 2000 1291 Per
2034 1239 2132 1290 hos
2165 1251 2355 1290 quirites
2400 1235 2538 1288 Deus
2559 1275 2573 1299 ,
2609 1248 2746 1302 quos
2796 1233 2850 1284 in
2890 1229 3129 1285 Ecclesia
3158 1245 3255 1283 sua
3286 1230 3459 1286 collo-

1895 1328 2072 1391 cavit,
2108 1326 2227 1378 vita:
2256 1326 2411 1378 nobis
2455 1322 2761 1390 adiumenta
2793 1320 2975 1375 omnia
3015 1319 3241 1372 firmiter
3291 1319 3463 1373 stabi-

1896 1419 2030 1478 livit,
2063 1428 2120 1470 ut
2143 1417 2385 1485 quisquis
2416 1415 2607 1470 salutis
2635 1429 2747 1468 suae
2773 1426 3062 1482 parumper
3082 1426 3268 1465 curam
3296 1412 3459 1481 gerit,

1895 1510 2019 1561 hinc
2079 1508 2205 1575 quid
2265 1507 2455 1560 melius
2507 1505 2800 1573 ntiliusque
2843 1503 2913 1556 sit
2956 1508 3270 1570 cegnoscat.
3320 1500 3461 1564 Quid

1893 1601 2037 1655 enim
2087 1613 2331 1666 quaeras,
2377 1613 2411 1650 ο
2461 1600 2638 1659 homo,
2678 1595 2894 1647 etiamsi
2933 1592 3169 1646 maxime
3206 1593 3458 1646 curiosus

1892 1704 2189 1757 acutosque
2228 1692 2293 1743 ad
2326 1688 2689 1742 meditandum
2727 1685 2928 1750 fueris,
2958 1686 3100 1755 quod
3151 1699 3255 1737 non
3300 1681 3460 1751 152

1894 1786 2034 1837 illico
2065 1784 2308 1836 invenias
2343 1782 2535 1850 spiritu
2581 1779 2942 1848 dijudicatum
2990 1787 3045 1832 et
3089 1771 3461 1845 patefactum!

1890 1891 2068 1929 nonne
2111 1874 2277 1927 habes
2334 1872 2613 1939 theologia:
2651 1871 2992 1924 altitudinem
3044 1877 3099 1922 et
3142 1867 3456 1935 dogmatum

1890 1966 2314 2022 sublimitatem?
2355 1980 2533 2018 nonne
2575 1963 2770 2017 divina:
2819 1961 3133 2015 teconotniae
3188 1970 3456 2014 summam

1889 2061 2220 2123 bonitatem,
2250 2056 2575 2121 iudiciorum
2621 2052 2713 2106 Dei
2751 2049 3205 2121 profunditatem,
3238 2046 3318 2101 rei
3358 2058 3456 2114 ge-

1889 2154 2067 2205 renda:
2095 2157 2384 2217 praecepta,
2424 2145 2690 2213 fugiendae
2730 2144 2919 2207 vetita,
2953 2152 3267 2211 paralorum
3326 2152 3454 2193 san—

1887 2237 1992 2290 ctis
2026 2236 2335 2290 hominibus
2356 2236 2619 2288 bonorum
2652 2232 3059 2300 promissiones,
3088 2231 3154 2284 iis
3180 2230 3271 2296 qui
3306 2236 3455 2282 recte

1887 2342 2006 2379 cum
2041 2327 2237 2380 timore
2280 2324 2372 2377 Dei
2412 2339 2475 2377 ac
2508 2323 2883 2377 mandatorum
2922 2320 3266 2376 observantia
3298 2317 3450 2371 vixe-

1886 2418 1996 2471 rint
2027 2417 2251 2485 gloriam
2284 2418 2336 2468 in
2377 2427 2652 2484 posterum
2680 2411 3047 2477 revelandam,
3084 2421 3275 2468 contra
3322 2424 3447 2463 vero

1886 2509 2115 2577 turpiter
2143 2508 2480 2575 scelesteqne
2511 2507 2816 2560 viventibus
2848 2519 3021 2574 pcena:
3050 2513 3213 2572 atque
3243 2501 3447 2572 suppli-

1884 2601 2090 2655 ciorum
2130 2601 2366 2655 intentas
2396 2600 2603 2653 minas?
2632 2598 2696 2651 Et
2728 2613 2796 2651 ne
2830 2597 3041 2666 singula
3079 2602 3447 2657 recensentes,

1887 2692 2067 2747 verbis
2106 2692 2308 2747 diutius
2340 2692 2732 2761 indulgeamus,
2770 2707 2949 2748 nonne
2977 2689 3276 2759 quamlibet
3305 2686 3440 2741 alio-

1886 2798 2004 2836 rum
2060 2785 2460 2841 meditationem
2506 2786 2587 2840 vel
2626 2799 2886 2853 operam,
2928 2783 3315 2852 inspiratorum
3361 2793 3449 2833 sa-

1882 2877 2143 2943 pientium
2183 2893 2463 2933 sermones
2485 2918 2499 2940 ,
2532 2879 2712 2932 divina
2747 2875 3086 2947 philosophia
3133 2871 3442 2928 redundan-

1884 2976 1994 3033 tes,
2027 2970 2327 3036 superant?

208 3059 446 3129 θεωρίας
496 3060 590 3112 καὶ
631 3059 880 3129 πράξεως
922 3059 992 3112 τὰ
1043 3061 1151 3112 τῶν
1193 3058 1466 3128 θεοσόκρων
1506 3060 1699 3130 λόγια,
1766 3062 1825 3115 τὺ
1878 3063 2174 3132 φιλόσοφόν
2244 3082 2302 3117 τε
2373 3067 2467 3117 καὶ
2530 3066 2712 3117 ἔνθεον
2782 3061 3037 3131 κομῶντα
3101 3057 3449 3130 ὑπεραστρά-

211 3168 406 3205 πτουσι
427 3170 444 3217 ;

276 3249 339 3302 δ’.
389 3248 484 3309 Τίς
536 3244 630 3299 οὖν
656 3248 735 3300 ἔτι
776 3249 933 3317 χρεία
965 3251 1054 3300 ἐπὶ
1091 3250 1444 3316 κενοφωνίαις
1492 3250 1585 3303 καὶ
1615 3250 1776 3317 ζητή-
1802 3255 1845 3312 C

210 3356 359 3392 σεσιν
402 3340 651 3401 ὲκτόποις
686 3342 911 3402 ἑαυτοὺς
942 3342 1309 3409 ἐπιρρίπτειν,
1344 3341 1439 3393 καὶ
1473 3340 1629 3403 δόξας
1656 3342 1779 3393 dva-

209 3436 386 3484 κινεῖν
435 3431 760 3499 τερατώδεις
795 3473 808 3491 ,
848 3434 943 3482 καὶ
974 3433 1108 3483 πολὺ
1139 3432 1200 3483 τὸ
1232 3432 1493 3501 βλαὸερὸν
1520 3431 1779 3497 νοσούσας

209 3530 300 3579 καὶ
348 3528 574 3595 μάταιον
622 3525 927 3594 ἀνθρώποις
978 3526 1349 3595 ἐξευρημένας
1374 3528 1484 3587 τοῖς
1513 3524 1663 3592 σφῶν
1683 3527 1778 3575 αὑ-

209 3617 314 3666 τῶν
358 3618 735 3684 δουλουμένοις
770 3615 963 3668 πάθεσι
1010 3617 1102 3667 καὶ
1143 3616 1432 3683 θελήμασι,
1473 3615 1778 3684 κατεφθαρ-

214 3710 393 3774 psam;
422 3713 481 3759 τὸ
514 3712 671 3778 σῶμα
709 3712 799 3761 καὶ
826 3710 920 3778 τὴν
945 3709 1121 3778 ψυχὴν
1143 3750 1156 3771 ,
1207 3711 1299 3761 καὶ
1330 3709 1778 3777 διεστραμμένοις

210 3798 303 3863 τὴν
358 3792 585 3866 γνιέιμήν
638 3800 726 3849 καὶ
780 3801 881 3866 τὴν
933 3799 1195 3859 διάνοιαν,
1248 3799 1340 3849 καὶ
1389 3797 1476 3848 διὰ
1528 3799 1687 3848 τοῦτο
1715 3799 1777 3848 ὲκ

210 3890 455 3950 πλείονος
489 3890 665 3950 καλῶς
710 3892 1107 3957 σεσιγημένας,
1149 3890 1241 3942 καὶ
1270 3892 1381 3950 τοῖς
1405 3890 1648 3957 δοκίμοις
1679 3889 1775 3956 τῆς

222 3982 548 4050 Ἐκκλησίας
591 3982 814 4039 ἐνδίκως
855 3982 1294 4050 ἀπεληλαμένας,
1343 3983 1435 4034 καὶ
1464 3981 1536 4042 ὼς
1576 3999 1775 4049 κονιορ-

209 4071 297 4121 τὸν
343 4072 450 4122 ὑπὸ
496 4071 757 4130 λαίλαπος
786 4072 984 4141 ῥᾳδίως
1029 4072 1487 4139 σκεδαννυμένας,
1518 4075 1609 4123 καὶ
1642 4071 1777 4141 λήθῃ

208 4165 316 4223 τοῖς
363 4165 623 4231 ἐρασταῖς
672 4163 765 4213 τοῦ
820 4162 983 4214 καλοῦ
1020 4164 1112 4213 καὶ
1162 4165 1257 4229 τῆς
1301 4164 1559 4224 ἀληθείας
1604 4180 1775 4231 παρα-

212 4254 571 4321 πεμφυείσας.
599 4256 671 4314 ὡς
698 4254 863 4322 λήθης
891 4254 1058 4314 ὅπως
1084 4255 1435 4321 ὗπκρχούσας
1472 4254 1663 4315 ἀξίαςς
1701 4256 1772 4303 (ιὺ

209 4346 287 4397 δεῖ
321 4347 500 4397 τοίνυν
559 4346 736 4410 ξέναις
787 4346 879 4396 καὶ
930 4345 1239 4413 ἀλλοτρίαις
1271 4348 1473 4410 φωναῖς
1524 4346 1775 4413 παρασύ-

213 4437 421 4504 ρεσθαι,
471 4437 565 4487 καὶ
594 4435 806 4502 ἀνδρῶν
833 4436 1044 4486 ἀσεϐῶν
1082 4435 1474 4499 διδασκαλίαις,
1510 4436 1617 4485 τῶν
1651 4437 1771 4502 χρό-

209 4546 314 4589 νοις
355 4528 571 4589 πολλοῖς
622 4530 886 4596 πρότερον
927 4527 1031 4578 ὑπὸ
1079 4527 1310 4578 συνόδων
1341 4527 1449 4577 τῶν
1480 4526 1773 4593 ἐκκλησια-

212 4621 405 4671 στικῶν
448 4620 525 4679 ὡς
563 4619 853 4688 αἱρετικῶν
895 4619 988 4669 καὶ
1016 4618 1330 4671 ἀντιπάλων
1353 4618 1452 4685 τῆς
1499 4617 1665 4686 ὀρθῆς
1688 4620 1774 4669 πί·
1811 4602 1850 4651 υ

1021 4618 1330 4671 ἀντιπάλων
1353 4618 1452 4685 τῆς
1499 4617 1665 4686 ὀρθῆς
1688 4620 1774 4669 πί·
1811 4602 1850 4651 υ
1880 4629 1933 4671 ct
1959 4616 2396 4669 anathctnatilms
2440 4613 2637 4666 subditi
2674 4630 2687 4666 :

211 4728 377 4773 στεως
417 4711 856 4778 ὲκῦεῦληειένιυν,
911 4712 1140 4771 καὶτοῖς
1166 4710 1470 4777 ἀναθέμασι
1512 4710 1639 4778 παρ’
1686 4709 1775 4761 αὑ-

209 4807 315 4865 τςῖς
360 4802 877 4870 παραπεμφθέντων
928 4800 1264 4867 ὑπάγεσθαιο
1314 4801 1435 4852 οὐδὲ
1484 4801 1773 4869 προσέχειν

209 4895 295 4946 τὸν
327 4896 453 4947 νοῦν
483 4896 595 4955 τοῖς
622 4892 940 4958 στρεϐλοῦσι
981 4893 1074 4953 τὰς
1105 4893 1253 4953 θείας
1288 4892 1508 4959 Γραφὰς
1546 4892 1683 4960 πρὸς
1715 4892 1774 4941 τὸ

211 4985 412 5037 ἑαυτῶν
452 4985 745 5050 θεοστυγὲς
790 4983 1077 5052 φρόνημα·
1135 4983 1273 5035 ἀλλὰ
1303 4984 1512 5051 χαίρειν
1539 4984 1775 5051 φράσαν-

210 5094 299 5138 τας
347 5079 471 5137 ταῖς
524 5075 731 5127 τούτων
763 5074 1075 5144 τερθρείαις
1119 5075 1517 5142 ἐκτρέπεσθαιο
1583 5075 1770 5143 μακρὰ

211 5166 311 5235 γὰρ
376 5165 642 5236 ληροῦσι,
701 5167 843 5233 σφᾶς
887 5181 945 5216 τε
992 5166 1221 5226 ἑαυτοὺς
1274 5165 1770 5234 παραλογιζόμενοι

216 5258 430 5322 μᾶλλον,
487 5260 521 5326 ἦ
553 5256 645 5310 οὓς
707 5256 1024 5323 φενακίζειν
1077 5255 1315 5317 οἴονται,
1371 5258 1463 5308 καὶ
1513 5256 1611 5319 τὰς
1664 5256 1773 5308 τῶν

212 5350 582 5418 πφσεχὸντων
614 5349 782 5410 ἀκοὰς
808 5350 887 5409 είς
928 5348 1107 5415 μάτην
1141 5348 1564 5409 ἀποκναίοντες·
1599 5349 1770 5411 ὅντως

210 5439 548 5505 κενολογοῦσι
595 5441 689 5491 καὶ
732 5437 1168 5504 ἀποσφάλλονται
1225 5442 1303 5500 εἰς
1354 5439 1420 5490 τὰ
1474 5440 1663 5508 καίρια
1719 5443 1768 5492 οἱ

210 5528 372 5581 tri-:1
415 5528 773 5597 ὲκζητοῦντες
795 5516 822 5559 θ’
850 5528 972 5581 οὐδὲ
1023 5528 1133 5598 γὰρ
1171 5529 1310 5597 ὑπὲρ
1348 5530 1446 5598 τῆς
1480 5528 1639 5597 δόξης
1672 5530 1766 5582 τοῦ

211 5618 335 5671 Θεοῦ
360 5620 817 5689 κατεργάζονται,
858 5620 1011 5673 αὐτοί
1045 5637 1101 5671 τε
1139 5621 1230 5671 καὶ
1260 5621 1306 5670 οἱ
1341 5622 1544 5671 τούτων
1578 5620 1767 5683 ἐξακο-

212 5706 515 5773 λουθοῦντες
572 5713 639 5780 τῇ
674 5710 848 5781 πλάνῃ
870 5727 882 5741 ο
935 5710 1032 5779 τὴν
1063 5709 1217 5774 δόξαν
1259 5710 1313 5761 δὲ
1351 5710 1446 5778 τὴν
1476 5709 1608 5761 ἰδίαν
1641 5728 1765 5761 συν-

216 5800 436 5852 ιστάνειν
462 5801 645 5863 κακῶς
700 5800 790 5852 καί
834 5800 1071 5869 ἀνοήτως
1121 5801 1173 5851 ἐν
1208 5802 1277 5869 τῇ
1302 5801 1505 5854 suum
1537 5802 1762 5876 αὲσχύνῃ

1951 3250 2005 3304 4.
2064 3251 2201 3315 Quid
2256 3266 2387 3318 ergo
2418 3248 2529 3317 jam
2575 3264 2710 3317 opus
2737 3257 2853 3301 erat
2884 3246 3037 3298 vanis
3081 3240 3356 3297 vocabulis
3392 3255 3449 3297 et

1880 3340 2131 3393 absurdis
2162 3338 2551 3408 quaestionibus
2593 3347 2764 3392 semet
2805 3336 3042 3399 tradere,
3074 3342 3445 3402 portentosas-

1879 3446 1983 3499 que
2014 3430 2294 3498 opiniones
2330 3444 2393 3483 ac
2424 3429 2579 3482 valde
2606 3429 2797 3482 noxias
2827 3428 3006 3490 ciere,
3034 3428 3101 3480 ab
3137 3424 3447 3479 hominibus

1878 3521 2208 3589 excogitatas
2243 3521 2499 3573 vitiorum
2533 3520 3004 3589 cupiditatumque
3040 3531 3259 3570 suarum
3293 3531 3448 3569 man-

1880 3612 2051 3679 cipiis,
2081 3612 2259 3664 animo
2290 3621 2343 3664 et
2365 3624 2592 3677 corpore
2620 3611 2912 3675 corruptis,
2943 3618 2995 3660 et
3032 3621 3249 3661 sensum
3282 3621 3441 3659 suum

1881 3703 2316 3770 intellectumque
2360 3702 2618 3754 distortos
2666 3698 3027 3753 habentibus?
3057 3696 3149 3751 “te
3184 3696 3440 3750 nimirum

1882 3796 2081 3847 idcirco
2103 3795 2385 3862 epiniones
2409 3792 2613 3859 jamdiu
2651 3792 2867 3845 silentio
2903 3804 3133 3857 pressae.
3158 3798 3211 3843 et
3248 3804 3277 3842 a
3311 3801 3442 3856 pro-

1882 3889 2023 3938 batis
2074 3886 2327 3938 Ecclesia:
2374 3884 2646 3950 magistris
2691 3883 2884 3936 merito
2918 3882 3152 3948 explosze
3198 3879 3441 3941 fuerant,

1879 3992 2037 4046 atque
2082 3990 2137 4030 ut
2179 3979 2360 4030 fenum
2417 3998 2442 4026 κ
2488 3977 2702 4028 turbine
2746 3974 2905 4027 facile
2941 3975 3238 4040 dissipatae,
3278 3982 3334 4026 et
3373 3975 3441 4023 ab

1881 4071 2083 4120 honesti
2129 4070 2347 4135 verique
2399 4066 2731 4119 amatoribus
2762 4064 3021 4118 oblivioni
3065 4062 3313 4123 traditae,
3341 4076 3441 4115 ceu

1882 4177 2066 4227 t'mpse
2100 4162 2371 4213 oblivione
2417 4160 2610 4227 dignae.
2652 4157 2763 4209 Non
2806 4167 2889 4209 est
2928 4171 3059 4223 ergo
3100 4153 3447 4207 committen-

1878 4253 2023 4312 tlttllt,
2051 4259 2108 4304 ut
2134 4250 2435 4318 peregrinis
2463 4249 2759 4315 alienisque
2788 4246 3064 4301 vocabulis
3084 4246 3442 4306 abducamur,

1876 4356 1926 4396 et
1986 4347 2245 4397 dot-trinis
2292 4344 2577 4410 impiorum
2612 4340 2889 4393 hominum
2943 4339 3309 4405 decipiantur,
3347 4336 3442 4404 qui

1879 4436 2071 4487 multos
2100 4436 2209 4500 jam
2241 4445 2366 4486 ante
2396 4448 2566 4485 annos
2591 4431 2659 4483 ab
2698 4429 3082 4483 ecclesiasticis
3120 4426 3341 4496 5yl|0tli3
3384 4440 3443 4478 ut

1880 4526 2114 4579 Innretici
2148 4534 2202 4577 et
2252 4534 2413 4578 recta:
2454 4522 2575 4575 lidei
2608 4522 2792 4575 hostes
2826 4520 3283 4574 excnminunicati
3315 4526 3442 4572 sunt

2732 4626 2910 4679 neque
2945 4610 3029 4664 bis
3063 4609 3439 4671 attendamus,

1874 4710 1964 4775 qui
1992 4708 2203 4760 divinas
2242 4707 2550 4773 Scripturas
2591 4704 2654 4757 ad
2686 4718 2839 4757 suam
2880 4703 2986 4757 Deo
3012 4701 3269 4755 odibilem
3314 4715 3441 4754 sen—

1877 4800 2094 4852 tentiam
2142 4800 2191 4851 vi
2234 4798 2556 4866 pertrahunt
2590 4798 2681 4850 sed
2743 4795 3067 4864 repellamus
3111 4792 3439 4850 insulsorum

1875 4893 2063 4944 horum
2123 4888 2423 4955 prmstigia;
2482 4888 2571 4940 diu
2619 4889 2764 4940 enim
2817 4896 3126 4953 nugantur,
3163 4900 3224 4940 se
3296 4885 3442 4953 ipsos

1876 4983 2045 5049 magis
2068 4980 2419 5048 thClplellles,
2455 4995 2613 5047 quam
2652 4978 2772 5032 illos
2811 4978 3010 5046 quibus
3048 4976 3228 5029 fucum
3260 4974 3443 5029 facere

1880 5084 2098 5141 putant.
2137 5082 2190 5124 et
2221 5069 2637 5124 auscultanliunt
2681 5084 2838 5122 aures
2881 5067 3079 5120 frustra
3112 5065 3438 5119 obtendunt.

1882 5166 1989 5220 Sed
2022 5179 2205 5218 revera
2250 5162 2516 5217 vanitates
2543 5160 2830 5221 effutiunt,
2868 5170 2922 5211 et
2954 5158 3007 5211 in
3035 5173 3095 5211 re
3120 5157 3440 5226 gravissima

1881 5268 2065 5311 errant
2121 5257 2212 5325 qui
2274 5256 2358 5309 his
2412 5252 2801 5323 quaestionibus
2852 5251 3194 5318 implicantur
3245 5268 3257 5301 :
3309 5247 3443 5302 nihil

1875 5349 2016 5400 enim
2041 5362 2135 5415 pro
2167 5345 2334 5411 gloria
2370 5343 2461 5397 Dei
2495 5351 2681 5411 agunt,
2714 5342 2825 5395 sive
2853 5342 2971 5409 ipsi,
3002 5341 3115 5394 sive
3137 5339 3315 5393 caeteri
3349 5338 3443 5405 qui

1880 5442 2066 5494 horum
2103 5452 2343 5491 errorem
2391 5444 2711 5502 sequuntur,
2752 5435 2843 5487 sed
2869 5434 3178 5501 Opinionem
3233 5439 3441 5484 tantum

1877 5532 2143 5599 propriam
2207 5529 2445 5594 improbe
2499 5526 2922 5592 insipientcrque
2973 5538 3094 5575 cum
3147 5520 3441 5589 ignominia

1877 5639 1971 5674 sna
2000 5620 2352 5687 comprobare
2380 5619 2645 5669 nituntur.
2688 5614 2933 5679 Quandiu
2981 5615 3161 5681 itaque
3194 5612 3442 5680 impietas

1878 5715 2011 5765 intra
2047 5727 2171 5765 suas
2206 5724 2399 5762 caveas
2425 5722 2481 5762 se
2519 5708 2805 5769 continuit,
2844 5708 2949 5759 alta
2981 5722 3081 5775 pax
3110 5706 3161 5757 in
3200 5702 3439 5757 Ecclesia

1877 5808 1963 5858 μοι
2004 5806 2352 5867 νι·ιέιι1›.ιιυι’;
2410 5799 2742 5869 ctquidqnid
2794 5800 3152 5854 orlhodoxum
3211 5799 3262 5850 iit
3311 5795 3442 5850 orbe
