4220 6442
223 455 330 519 555

1136 459 1701 520 APOLOGETICUS
1756 458 1907 520 PRO
1947 460 2048 521 SS.
2091 458 2570 521 IMAGINIBUS.

3363 454 3470 520 566

231 568 329 619 καὶ
358 568 539 641 πικρῷ
562 570 670 624 τῶν
700 569 1081 640 αἱρετιξόντων
1112 572 1367 643 ῥεύματι,
1389 572 1451 625 τὸ
1476 573 1647 640 γλυκὺ
1702 571 1797 625 καὶ

1937 588 2087 628 maro
2128 572 2508 627 hereticorum
2597 569 2791 633 rivulo,
2832 567 3045 634 dulcem
3100 567 3337 636 aliquam
3404 581 3469 620 ac

229 657 471 730 καθαρὸν
511 659 611 730 τῆς
650 662 906 731 ἀληθείας
950 663 1097 733 νᾶμα
1134 664 1630 735 παραμιγνύουσιν,
1660 666 1797 736 ὅπερ

228 747 399 801 πάλαι
430 750 480 803 oi
528 752 689 805 κακοὶ
724 752 957 819 κάπηλοι
998 750 1090 805 τὸν
1136 748 1277 806 οἶνον
1324 752 1476 806 ὕδατι
1511 753 1799 822 μίσγοντες

225 837 574 903 ὀνειδίζονται
608 854 623 871 ’
657 844 751 895 καὶ
797 844 904 895 τῶν
938 843 1203 912 θεολόγων
1262 845 1519 917 Πατέρων
1553 845 1729 914 ἡμῶν,
1750 845 1798 897 οἳ

223 929 307 999 τῷ
345 932 535 1002 κόσμῳ
564 933 626 987 τὸ
654 934 769 1003 φῶς
801 936 897 1005 τῆς
926 935 1183 1005 ἀληθείας
1221 935 1585 1007 ἐπύρσευσαν,
1615 938 1799 1006 ῥήσεις

222 1020 378 1083 τινάς
422 1023 516 1076 τοῦ
551 1025 675 1076 ὃλου
705 1026 960 1094 σώματος
1000 1026 1108 1078 τῶν
1143 1026 1344 1095 βίΰλων
1376 1026 1803 1095 άποσπαράξαν-
1838 1061 1842 1067 -

221 1125 341 1171 τες,
381 1113 448 1181 τῇ
495 1113 721 1166 ἐκείνων
760 1115 1285 1185 συγκατηρίομησαν
1339 1116 1516 1185 πλάνῃ
1551 1116 1625 1185 ’ἣ
1680 1114 1801 1168 οὐδὲ

224 1202 472 1253 συνεῖναι
492 1203 633 1272 τάχα
663 1204 986 1273 ἰσχύσαντες
998 1206 1097 1275 τὴν
1119 1208 1447 1275 ἐγκειμένην
1474 1210 1585 1270 τοῖς
1622 1206 1801 1273 λόγοις

220 1290 494 1355 διάνοιαν,
522 1294 684 1363 ἡνίκα
715 1298 813 1365 τὴν
843 1297 1023 1366 λήμην
1051 1299 1159 1349 τῶν
1190 1299 1288 1367 τῆς
1316 1298 1493 1368 ψυχῆς
1531 1296 1800 1367 ὀμμάτων

222 1384 685 1454 ἀποκαθήρασθαι
749 1388 809 1439 οὐ
868 1390 1266 1460 προείλοντο,ἦ
1315 1390 1456 1443 κατά
1494 1390 1556 1441 τὸ
1600 1388 1800 1442 δοκοῦν

225 1475 320 1527 ἐπ’
360 1476 607 1549 ἀπωλείᾳ
634 1480 841 1532 ἑαυτῶν
862 1499 919 1533 τε
950 1482 1044 1534 καὶ
1077 1482 1181 1534 τῶν
1208 1482 1608 1551 ἀπατωμένων,
1626 1482 1803 1535 ταῦτα

226 1570 618 1639 προϊσχόμενοι
646 1590 702 1625 τε
732 1574 826 1625 καὶ
858 1574 1352 1645 παρεξηγούμενοι,
1386 1575 1482 1628 τὸν
1524 1576 1682 1643 λόγον
1704 1577 1803 1645 τῆς

222 1661 486 1727 ἀληθείας
544 1664 753 1717 δολοῦσι
794 1666 888 1719 καὶ
934 1667 1342 1737 καπηλεύουσι,
1383 1668 1461 1737 τῷ
1510 1668 1695 1738 χαλκῷ
1737 1669 1802 1720 τὸ

222 1749 423 1822 δέλεαρ
489 1755 1001 1825 ἐνσκευασάμενοι,
1049 1760 1133 1810 ἵνα
1196 1758 1274 1826 τῷ
1332 1758 1629 1826 ἀξιοπίστῳ
1695 1759 1804 1810 τῶν

224 1844 578 1913 προσώπων,
626 1849 755 1909 τοὺς
806 1849 1211 1920 ἁπλουστέρους
1264 1851 1373 1902 τῶν
1438 1850 1803 1919 ἀκροωμένων

222 1932 612 2001 βουκολοῦντες
669 1940 715 1990 οξ
763 1940 1065 2009 βωμολοχοι
1116 1942 1530 2009 ἐπαγάγωνται,
1586 1941 1664 2011 τῷ
1712 1958 1803 1994 κε-

222 2030 533 2098 κρυμμένῳ
585 2029 722 2098 δόλῳ
765 2032 863 2101 τῆς
901 2034 1160 2096 ἀσεϐείας
1210 2034 1619 2105 περιπαρέντας
1657 2048 1670 2062 ⁸
1704 2036 1801 2100 τὰς

217 2116 279 2170 δὲ
316 2121 581 2188 ἐμφανῶς
621 2124 715 2176 καὶ
748 2126 1090 2196 ἀντιρῤήτως
1132 2129 1224 2180 καὶ
1255 2130 1333 2189 εἰς
1362 2128 1564 2195 γνῶσιν
1593 2127 1798 2181 ἅπασιν

218 2214 557 2281 ἐ.κκειμένας
622 2216 965 2284 περιξέοντες
1022 2221 1117 2271 καὶ
1168 2221 1601 2289 περιγράψαντες
1635 2262 1649 2284 ν
1701 2221 1798 2273 καὶ

215 2303 430 2364 τοῖςείς
450 2308 643 2373 πεῖραν
659 2306 839 2358 αὐτῶν
862 2308 1075 2378 ἀχθεῑσι
1090 2310 1276 2372 δολίως
1296 2312 1795 2379 ἀποκρυπτόμενοι,

214 2392 263 2444 ὦ
300 2394 406 2456 τῆς
436 2396 760 2463 τυφλώσεως
788 2400 801 2451 !
834 2399 877 2451 ὣ
906 2400 1003 2470 τῆς
1035 2402 1347 2470 πωριῖισεως
1374 2404 1385 2454 !
1416 2404 1515 2454 οὐκ
1553 2403 1798 2469 ἔγνωσαν

212 2484 345 2536 οὐδὲ
380 2486 623 2557 συνῆκαν
650 2505 664 2517 ·
695 2489 783 2542 διὰ
810 2491 967 2545 τοῦτο
987 2496 1045 2545 ἐν
1070 2492 1248 2563 σκότῳ
1280 2493 1432 2562 βαθεί
1452 2494 1798 2565 ὃιαπορεύον-

1900 676 2089 731 puram
2109 660 2355 716 veritatis
2382 674 2578 713 venam
2625 658 2946 723 admiscent,
2983 670 3143 724 quam
3190 671 3301 709 rem
3324 656 3470 726 jam-

1899 755 1991 807 diu
2054 752 2213 807 malis
2275 749 2607 819 cauponibus
2672 750 2852 802 vinum
2902 747 3472 816 aquze'miscentibus

1898 848 2327 913 exprobraturus,
2396 857 2587 910 nempe
2650 839 3024 909 theologorum
3082 838 3305 893 Patrum
3369 853 3472 890 no.

1901 946 2159 998 strorum,
2215 934 2308 1004 qui
2359 932 2565 987 mundo
2608 932 2781 985 larem
2838 931 3086 983 veritatis
3132 929 3467 990 extulerunt,

1900 1027 2164 1081 dictiones
2189 1024 2451 1093 quasdam
2485 1036 2550 1077 ex
2603 1033 2716 1076 toto
2746 1023 3010 1075 librorum
3044 1034 3273 1089 corpore
3304 1018 3470 1072 avul-

1901 1135 2011 1178 sas.
2032 1131 2131 1172 suo
2161 1117 2507 1169 inseruerunt
2530 1114 2726 1168 errori.
2759 1114 2825 1166 Et
2855 1114 2973 1167 sive
3023 1127 3128 1165 non
3160 1110 3466 1177 intelligen-

1902 1221 1984 1264 tes
2012 1206 2243 1261 fortasse
2272 1206 2604 1260 dictionibus
2634 1205 2740 1259 illis
2779 1204 3000 1257 insitum
3024 1217 3267 1266 sensum,
3293 1215 3473 1279 quan-

1901 1304 2189 1372 doquidem
2219 1299 2591 1371 lippitudinem
2609 1298 2784 1352 oculis
2807 1297 3122 1363 abstergere
3145 1294 3461 1355 uoluerunt,
3488 1338 3489 1341 η

1902 1400 2015 1453 sive
2033 1413 2183 1450 suam
2206 1406 2259 1450 et
2284 1395 2630 1462 deceptorum
2651 1410 2681 1447 a
2698 1407 2756 1446 se
2780 1391 3168 1459 discipulorum
3186 1388 3471 1444 exitiosam

1904 1488 2225 1543 sententiam
2259 1494 2576 1552 sequentes,
2613 1482 2727 1536 haec
2751 1481 3090 1534 insinuantes
3112 1487 3167 1533 et
3190 1479 3470 1534 docentes.

1905 1581 2063 1632 hamo
2088 1591 2267 1631 escam
2315 1575 2619 1641 imponunt,
2655 1579 2711 1623 ut
2745 1584 3098 1639 personarum
3153 1568 3475 1623 auctoritate

1904 1670 2262 1739 sinqdiciorcs
2280 1666 2470 1721 illusos
2485 1666 2537 1719 in
2563 1675 2933 1719 transversum
2953 1670 3113 1732 agant
3133 1662 3221 1716 isti
3243 1675 3470 1722 scurrae,

1903 1763 2116 1816 occulto
2179 1759 2473 1825 impietatis
2526 1756 2653 1810 dolo
2716 1754 2977 1808 conlisos.
3008 1752 3469 1819 lllasmaﬂeroqui

1906 1852 2124 1905 l'atrum
2168 1849 2487 1909 sententias,
2530 1862 2649 1915 quin
2673 1846 2841 1911 clare,
2872 1854 2926 1899 et
2966 1855 3119 1898 extra
3153 1856 3470 1897 controver-

1907 1941 2069 2001 siam,
2096 1948 2253 2005 atque
2283 1938 2522 1989 omnium
2556 1935 2845 1988 intellectui
2894 1944 3100 2001 patent,
3139 1942 3384 1987 reserant
3419 1946 3471 1984 et

1908 2029 2381 2091 circumscribunt,
2410 2037 2464 2082 ct
2490 2027 2556 2082 iis
2588 2028 2680 2096 qui
2707 2043 2891 2081 secum
2913 2036 3274 2080 consuescunt
3320 2022 3467 2077 l'rau-

1908 2121 2155 2176 dolenter
2206 2118 2501 2180 occultant,
2551 2135 2583 2169 o
2639 2117 2974 2171 cmcitatem!
3010 2132 3043 2169 ο
3089 2116 3284 2169 mentis
3346 2115 3470 2167 cali-

1905 2217 2081 2277 ginem
2109 2215 2122 2267 !
2159 2227 2332 2281 neque
2376 2213 2507 2279 quid
2555 2210 2987 2279 agant'seutiunt
3018 2218 3110 2261 aut
3141 2208 3464 2275 intelligunt.

1905 2308 2115 2362 Idcirco
2146 2309 2197 2361 iu
2227 2304 2513 2375 profundis
2552 2314 2839 2357 verSantur
2888 2300 3151 2362 tenebris,
3176 2315 3354 2368 neque
3403 2300 3471 2355 ad

1904 2400 2153 2455 veritatis
2180 2398 2519 2466 splendorem
2556 2397 2826 2465 respicere
2855 2396 3057 2448 volunt.
3088 2393 3141 2448 Si
3185 2394 3330 2447 enim
3376 2407 3473 2446 no-

1903 2494 2134 2556 vissent,
2166 2506 2437 2560 nunquam
2469 2489 2754 2542 Dominum
2788 2487 2970 2554 gloria:
2990 2485 3467 2551 contempsissent.

212 2590 332 2635 τπιν
357 2576 606 2648 καὶπρὸς
627 2581 726 2643 τὰς
756 2582 927 2649 αὐγάς
950 2584 1051 2652 τῆς
1081 2584 1339 2655 ἀληθείας
1393 2585 1693 2654 ἀναϐλέψαι
1739 2587 1800 2639 ού
1838 2584 2156 2657 βούλονται·
2192 2586 2241 2636 εί
2287 2582 2396 2652 γὰρ
2462 2580 2729 2649 ἔγνωσαν,
2786 2580 2886 2632 οὐκ
2920 2578 2984 2631 ἂν
3019 2578 3110 2630 τὸν
3142 2576 3475 2644 Κύριονιτῆς

210 2666 380 2736 δόξης
403 2670 779 2741 ἐξουθένησαν.

291 2761 378 2813 ιδ’.
413 2762 477 2813 Τί
508 2763 715 2816 τούτων
739 2765 846 2817 τῶν
894 2767 1315 2838 ἐγχειρημάτων
1345 2768 1726 2837 χαλεπώτερον
1757 2767 1791 2838 ἢ

213 2850 667 2924 βλαδερώτερον;
700 2856 764 2908 Τί
788 2856 990 2928 ταύτης
1018 2861 1118 2928 τῆς
1180 2860 1499 2929 διαιρέσεως
1530 2858 1792 2930 δυσαχοέο

212 2960 418 3012 στερον
464 2946 497 3016 ἢ
544 2947 960 3019 ἀπηχέστερον;
1003 2949 1176 3003 Πάλαι
1234 2951 1417 3013 καλῶς
1467 2951 1796 3020 τεθνηκυῖαν

211 3034 459 3104 αἵρεσιν,
496 3038 588 3089 καὶ
613 3038 844 3108 φροῦδον
877 3042 939 3091 ἐκ
973 3041 1071 3110 τῆς
1101 3041 1212 3093 τῶν
1241 3043 1590 3111 Χριστιανῶν
1616 3043 1795 3110 γλώσ-

214 3142 325 3196 σης
360 3130 733 3199 γεγενημένην
763 3130 857 3183 νῦν
883 3132 1266 3202 ἀναζωπυρεῖν
1312 3133 1406 3185 καὶ
1432 3132 1719 3203 τεθηλέναι
1747 3135 1797 3186 oi.

1974 2768 2059 2820 14.
2119 2765 2256 2832 Quid
2310 2764 2393 2817 his
2435 2763 2655 2817 ausibus
2709 2762 2946 2816 atrocius
2993 2770 3085 2815 aut
3152 2760 3474 2815 nocentius?
3547 2819 3567 2833 η

1901 2855 2038 2922 Quid
2065 2856 2166 2909 hac
2193 2854 2499 2908 secessione
2555 2852 2818 2922 ingratius
2857 2861 2949 2904 aut
2999 2848 3326 2905 absurdius?
3354 2849 3475 2904 lla:-

1904 2949 2065 3002 resim
2096 2948 2355 3017 prieclare
2395 2946 2521 2999 olim
2549 2946 2896 3006 exstinctam,
2923 2953 3085 3011 atque
3135 2957 3163 2996 a
3203 2942 3472 2997 Christia-

1902 3056 2095 3094 norum
2127 3040 2324 3105 linguis
2358 3051 2662 3099 excussam,
2701 3051 2842 3088 nunc
2890 3036 3085 3088 iterum
3146 3032 3471 3088 inﬂatmnari

1905 3148 1968 3187 ac
2005 3131 2271 3201 pullulare
2303 3140 2501 3199 cogunt
2527 3149 2540 3185 :
2572 3130 2622 3182 id
2654 3130 2797 3181 enim
2840 3128 2987 3182 omni
3029 3144 3134 3218 ope
3162 3139 3472 3200 conataque

214 3220 575 3289 παράφρονες
639 3220 1023 3284 ἐκϐιάζονται·
1074 3223 1235 3276 τοῦτο
1288 3224 1397 3295 γάρ
1458 3224 1630 3294 αὐτῆς
1686 3228 1799 3288 τοῖς

1937 3221 2204 3275 uoliuutur
2243 3221 2359 3288 ejus
2430 3221 2689 3285 studiosi;
2745 3230 2909 3288 atque
2966 3219 3188 3274 inimico
3243 3222 3473 3277 daemoni

215 3311 591 3374 amuﬁasrai;
647 3313 809 3382 ἔργον
872 3330 936 3366 τε
995 3315 1089 3368 καὶ
1170 3314 1499 3385 ἀγώνισμα’
1536 3318 1649 3369 ’καὶ
1721 3316 1800 3386 τῷ

213 3400 406 3472 ἐχθρῷ
450 3403 685 3472 πάροδον
732 3404 831 3471 τῆς
879 3405 1002 3458 καθ’
1042 3407 1199 3475 ἡμῶν
1239 3407 1501 3477 ἐπηρείας
1542 3406 1799 3472 διδόασιν,

216 3494 309 3546 ἴνα
378 3494 515 3564 ὅπερ
578 3496 748 3548 πάλαι
806 3497 1129 3567 συμμάχους
1205 3497 1300 3550 καὶ
1358 3498 1634 3567 ὑπηρέτας
1702 3502 1799 3568 τῆς

214 3585 422 3638 ἐαυτοῦ
470 3587 665 3649 κακίας
724 3588 973 3659 εὑρηκὼς
1032 3589 1356 3653 ἀπετέλεσε,
1391 3588 1495 3643 κᾶν
1547 3588 1637 3641 διὰ
1691 3589 1800 3641 τῶν

213 3675 666 3743 σταυρωσάντων
712 3678 807 3728 τὸν
864 3676 1070 3747 Κύριον
1130 3679 1355 3746 ποιῆσαι
1418 3683 1518 3731 οὑκ
1570 3680 1794 3747 ἴσχυσε,

212 3764 386 3815 τοῦτο
434 3763 519 3831 ἐφ’
552 3765 708 3834 ἡμῶν
749 3767 929 3819 αὐτῶν
959 3769 1344 3838 ἀπεργάσηται
1374 3783 1387 3796 °
1425 3769 1527 3838 ἤδη
1558 3770 1673 3839 γάρ
1706 3770 1798 3821 καὶ

214 3855 321 3906 νῦν
354 3858 382 3907 ὁ
406 3854 611 3908 ἀνωθεν
639 3858 731 3909 καὶ
757 3857 827 3909 δι’
858 3858 983 3909 ὅλου
1017 3859 1093 3927 τῷ
1123 3859 1289 3928 τιμίῳ
1314 3860 1508 3928 αἵματι
1559 3860 1797 3929 Χριστοῦ

214 3946 606 4016 ἐξυφασμένος
655 3949 819 4018 χιτὼν
849 3952 1287 4023 περιρρήγνυται
1344 3952 1440 4004 καὶ
1486 3952 1794 4021 μερίζεται,

214 4039 317 4089 καὶ
347 4037 417 4087 τὸν
453 4038 741 4105 κράτιστον
781 4040 888 4091 τῶν
924 4041 980 4090 ἐν
1014 4040 1146 4108 ἡμῖν
1176 4039 1381 4101 καλῶν,
1407 4042 1440 4111 ὴ
1466 4042 1657 4110 εἰρήνη
1707 4040 1799 4092 καὶ

211 4129 470 4196 ὁμόνοια,
505 4129 727 4181 λέλυται
768 4131 860 4181 καὶ
889 4130 1132 4183 διόλωλε.
1162 4131 1347 4183 Δεινδν
1380 4132 1478 4200 μὲν
1512 4132 1580 4183 τὰ
1631 4131 1797 4184 πάλαι

214 4218 591 4289 ἐπορούμενά
637 4238 694 4273 τε
742 4222 838 4274 καὶ
887 4222 1213 4290 ἀκουόμενα,
1246 4224 1278 4292 ἡ
1322 4221 1573 4291 βασιλεία
1632 4223 1799 4277 Δαόὶδ

211 4311 349 4364 καθ’
404 4312 607 4379 ἑαυτὴν
662 4312 990 4381 μεριζομένη
1035 4313 1130 4364 καὶ
1185 4312 1504 4383 σχιζομένη,
1544 4316 1640 4367 καὶ
1691 4315 1799 4367 τῶν

212 4403 410 4471 Ιφυλῶν
462 4402 830 4471 ηδιάστασις,
883 4401 1181 4473 θρασύτητι
1236 4404 1327 4456 καὶ
1389 4405 1661 4475 αὐστηρίᾳ
1701 4403 1797 4457 τοῦ

212 4493 457 4561 ἐκγόνου
506 4495 875 4563 γεγενημένη,
920 4495 1016 4546 καὶ
1070 4495 1287 4567 Ἰσραὴλ
1338 4497 1658 4566 ἀποτρέχων
1718 4499 1799 4560 είς

1909 3315 2047 3367 viam
2080 3315 2146 3365 ad
2174 3329 2271 3366 nos
2297 3312 2644 3381 decipiendos
2675 3311 2945 3379 imminut,
2967 3320 3024 3363 ut
3057 3311 3156 3364 hos
3190 3310 3282 3365 ille
3328 3312 3473 3367 sicut

1907 3406 2034 3460 olim
2064 3406 2340 3473 adjutores
2386 3404 2779 3472 titittistrnsque
2830 3404 3047 3457 malitiae
3096 3420 3211 3458 sua:
3260 3413 3471 3465 tractus,

1906 3500 2048 3570 quod
2083 3515 2178 3568 per
2208 3496 2415 3550 llumiui
2448 3496 2801 3550 crueilixores
2832 3496 3010 3550 facere
3059 3512 3163 3550 non
3203 3496 3399 3563 potuit,
3423 3495 3475 3547 id

1908 3589 2048 3659 apud
2082 3606 2179 3640 nos
2229 3598 2583 3654 exsequatur.
2633 3586 2771 3640 Ecce
2815 3587 2957 3638 enim
3016 3586 3476 3655 tunicapretioso

1904 3680 2103 3734 Christi
2131 3680 2392 3745 sanguine.
2443 3694 2471 3728 a
2506 3679 2708 3730 vertice
2737 3678 2801 3729 ad
2844 3679 3009 3729 imum
3036 3687 3287 3732 contexta
3324 3678 3473 3732 lace.

1909 3779 2057 3821 ratur
2095 3783 2156 3819 ac
2200 3766 2485 3827 svinditur,
2521 3767 2742 3833 etquod
2779 3764 3042 3831 optimum
3074 3764 3472 3817 bonornm.no~

1906 3867 2141 3910 strornm
2200 3864 2302 3913 est,
2348 3870 2445 3923 pax
2500 3864 2556 3908 et
2606 3854 2895 3908 concordia
2952 3854 3267 3909 dissolvitur
3313 3867 3476 3923 atque

1907 3951 2064 4017 perit.
2085 3949 2280 4003 Gravia
2311 3949 2526 4015 quidem
2561 3964 2624 4002 ea
2660 3958 2787 4002 sunt
2826 3964 2945 4017 quae
2976 3950 3027 4002 iu
3061 3951 3258 4018 priscis
3290 3949 3470 4003 ferun-

1909 4050 1995 4091 tnr
2058 4040 2577 4105 histm-iis.regumn
2630 4039 2880 4092 videlicet
2931 4040 3472 4097 Davidisincontra-

1905 4134 2013 4184 rias
2048 4143 2229 4197 partes
2273 4132 2522 4196 divisum,
2560 4132 2796 4185 tribuunt
2842 4133 3103 4199 secessio,
3148 4135 3303 4202 cujus
3339 4136 3472 4186 dura

1907 4225 2121 4289 nepotis
2145 4224 2435 4276 austeritas
2463 4238 2625 4277 causa
2659 4221 2762 4277 fuit
2801 4222 2965 4278 Israel
2997 4226 3062 4279 ad
3118 4241 3212 4279 sua
3243 4226 3476 4294 quisque

1908 4314 2250 4365 tabernacula
2306 4324 2451 4366 retro
2495 4313 3028 4377 eedens,Jeroboaur
3078 4330 3201 4369 cum
3257 4328 3475 4384 sceptro

1906 4400 2160 4467 (annulus,
2187 4402 2406 4458 rebellis
2428 4403 2707 4471 insperan
2726 4419 2945 4473 prorsus
2968 4404 3019 4458 in
3045 4404 3239 4459 throno
3256 4406 3472 4471 sedens,

1905 4496 2149 4563 opposita
2235 4494 2624 4565 Hierosolymis
2674 4494 2947 4560 Samaria,
3010 4498 3155 4551 unde
3208 4497 3471 4550 iiialtiruni

210 4586 284 4637 τά
352 4585 549 4637 ἐαυτοῦ
606 4586 945 4656 σκηνώματα
977 4627 992 4651 ,
1054 4589 1147 4640 καὶ
1218 4587 1499 4657 Ἰεροὸοάμ
1578 4590 1637 4640 ἐν
1667 4589 1799 4657 σκή-

1937 4586 2079 4655 τίεο,
2106 4596 2159 4638 et
2205 4586 2434 4654 populus
2464 4587 2694 4640 adorare
2721 4596 3031 4641 creaturam
3068 4602 3178 4655 pra:
3211 4586 3473 4641 Greatoro

212 4694 420 4747 πτροις
469 4680 496 4729 ὁ
532 4677 715 4741 δοῦλος
749 4678 841 4730 καὶ
876 4679 1190 4749 ἀποστάτης
1219 4678 1680 4749 ἐνθρονιζόμενος,
1735 4679 1798 4732 τὸ

212 4766 660 4837 παραδοξότατον
697 4786 711 4801 ο
779 4771 874 4821 καὶ
931 4771 1029 4840 τῆς
1104 4769 1460 4841 Ἰερουσαλὴμ
1528 4770 1792 4824 άντιδιαι-

214 4859 467 4927 ρουμένη
529 4859 856 4929 Σαμάρεια,
893 4859 1015 4913 ὃθεν
1076 4860 1185 4912 τῶν
1252 4860 1436 4913 κακῶν
1501 4862 1533 4932 ἡ
1591 4863 1796 4931 κρηπὶς

212 4948 648 5020 καταόέὸληται,
678 4952 772 5004 καὶ
808 4952 836 5003 ὀ
871 4951 997 5013 λαὸς
1042 4952 1518 5022 ἀναπεπεισμένος
1550 4969 1793 5022 προσκυ-

212 5044 329 5094 νεῖν
354 5044 420 5112 τῇ
459 5042 634 5094 κτίσει
664 5043 815 5113 παρά
841 5042 931 5095 τὸν
964 5043 1257 5109 κτίσαντα,
1291 5045 1384 5098 ἐπὶ
1431 5045 1529 5117 τὴν
1578 5045 1793 5099 εὲδωλο-

212 5136 427 5202 μανίαν
474 5133 649 5196 ἀθέως
709 5134 1396 5206 ἐξεκυλίσθηοδεινότερον
1452 5137 1508 5189 δὲ
1580 5140 1648 5192 τά
1698 5138 1794 5191 νῦν

210 5227 523 5293 τελούμενα
555 5225 649 5278 καὶ
670 5224 941 5296 ὁρώμενα,
962 5228 1193 5298 ἐπείπερ
1218 5230 1250 5297 ὴ
1286 5228 1521 5298 Χριστοῦ
1549 5228 1795 5298 βασιλεία

210 5321 482 5387 τέμνεται
512 5319 606 5371 καὶ
636 5318 925 5383 διίσταται,
955 5320 1140 5372 καὶτὰ
1174 5320 1311 5390 μέλη
1371 5318 1464 5372 τοῦ
1496 5320 1635 5373 κατά
1661 5321 1795 5390 Χρι-

212 5413 346 5464 στὸν
394 5408 645 5479 σώματος
672 5410 899 5479 καὶτῆς
942 5410 1110 5478 αὐτῆς
1162 5410 1424 5479 κεφαλῆς,
1450 5410 1569 5463 καθ’
1627 5411 1797 5464 ἐαυτά

208 5503 617 5567 διαστασιάζει,
654 5503 746 5555 καὶ
776 5503 834 5555 τὸ
882 5502 1056 5567 ἔθνος
1086 5502 1150 5556 τὸ
1174 5502 1362 5570 ἅγιον,
1394 5503 1454 5555 τὸ
1479 5503 1802 5567 ,ϐασίλειον

208 5596 345 5665 ἱερά
356 5610 560 5662 τευμα,
576 5593 604 5644 ὁ
621 5593 769 5659 λαὸς
789 5596 816 5646 ὁ
836 5597 921 5658 είς
936 5595 1321 5662 περιποίησιν
1341 5595 1684 5662 ἐξαγγέλλειν
1700 5594 1800 5657 τάς

211 5690 375 5750 εεῖας
392 5687 593 5755 ἀρετὰς
628 5686 964 5757 κατάχρεως,
998 5688 1086 5738 καὶ
1106 5686 1166 5739 τὸ
1203 5686 1489 5755 μεγαλεῖον
1513 5686 1609 5755 τῆς
1649 5685 1800 5748 Θείας

294 5851 335 5875 ιι
376 5838 393 5892 l
433 5838 579 5896 l’etr.
614 5855 673 5905 tt,
739 5841 786 5895 9.

1905 4679 2152 4742 edoctus,
2184 4687 2344 4747 atque
2377 4679 2441 4730 ad
2469 4692 2726 4730 vesanum
2769 4676 3031 4731 idolorum
3072 4693 3316 4733 amorem
3368 4679 3470 4731 im-

1900 4772 1987 4837 pie
2021 4771 2331 4823 devolutus.
2358 4771 2611 4822 Attamen
2635 4769 2884 4838 graviora
2914 4778 3039 4821 suut
3067 4784 3189 4837 quae
3214 4784 3353 4821 nunc
3373 4786 3469 4837 pa-

1903 4864 2032 4917 trari
2070 4864 2336 4916 videmus.
2373 4860 2503 4913 Nam
2554 4859 2757 4915 Christi
2785 4876 3009 4929 regnum
3046 4861 3096 4914 in
3147 4870 3328 4930 partes
3359 4862 3466 4915 abit

1899 4955 2226 5019 discissum;
2255 4954 2497 5006 membra
2534 4955 2793 5006 adversus
2822 4952 2978 5021 162
3006 4952 3204 5005 Christi
3252 4969 3467 5020 corpus,

1900 5044 2008 5099 imo
2040 5054 2226 5099 contra
2253 5045 2429 5112 ipsum
2481 5054 2640 5110 caput
2687 5044 3006 5095 seditionem
3043 5045 3218 5109 cient;
3246 5054 3299 5097 et
3342 5059 3467 5113 gens

1899 5148 2101 5203 sancta,
2129 5136 2302 5205 regule
2334 5137 2710 5198 sacerdotium,
2732 5136 2955 5203 papirius
3001 5135 3370 5205 acquisitiouis
3398 5134 3463 5200 “,

1900 5227 1991 5282 Dei
2025 5228 2380 5298 praedicanda:
2413 5227 2664 5295 potentia:
2689 5228 3010 5289 destinatus,
3040 5236 3093 5281 et
3139 5244 3332 5299 magno
3379 5230 3432 5281 di
3453 5259 3466 5269 -

1900 5322 2037 5371 vina:
2086 5315 2401 5368 ωεοιιοιιιίιιε
2452 5315 2599 5382 operi
2665 5313 2811 5368 clara
2897 5315 3278 5382 resonantique
3334 5329 3466 5368 voce

1902 5408 2308 5479 proclamando,
2334 5406 2704 5475 libertatisque
2741 5420 2805 5460 ac
2858 5405 3249 5473 redemptionis
3304 5405 3467 5459 bene-

1902 5503 2025 5556 ﬂcio
2053 5501 2379 5565 conlitendo,
2413 5517 2551 5556 nunc
2580 5502 2631 5555 in
2659 5500 2994 5558 contrarium
3030 5514 3217 5553 versus
3244 5514 3464 5565 inagna-

1900 5609 2001 5661 que
2033 5610 2095 5646 ett
2134 5602 2287 5662 parte
2312 5612 2339 5646 a
2371 5594 2586 5647 malitia.-
2614 5592 2876 5647 ministris
2910 5593 3143 5654 illectus,
3171 5591 3320 5645 nulla
3358 5593 3457 5647 ιιιὶ-

1900 5687 2048 5740 litate
2074 5696 2293 5751 auctus,
2329 5697 2379 5742 ct
2411 5696 2693 5755 postquam
2744 5683 2931 5739 Oriens
2968 5700 3033 5738 ex
3091 5682 3199 5737 alio
3220 5697 3345 5739 eum
3380 5683 3461 5736 vi-
