  <div class='ocr_page' id='page_1' title='image "/cluster/home/n/w/nwhite01/storage/ocr_20150623/100/nnc1.0046980229/314.png"; bbox 0 0 4198 6442; ppageno 0'>
   <div class='ocr_carea' id='block_1_1' title="bbox 254 382 354 451">
    <p class='ocr_par' dir='ltr' id='par_1_1' title="bbox 254 382 354 451">
     <span class='ocr_line' id='line_1_1' title="bbox 254 382 354 451; baseline 0.02 -3"><span class='ocrx_word' id='word_1_1' title='bbox 254 382 354 451; x_wconf 72' lang='lat'><strong>621</strong></span> 
     </span>
    </p>
   </div>
   <div class='ocr_carea' id='block_1_2' title="bbox 1085 388 2664 453">
    <p class='ocr_par' dir='ltr' id='par_1_2' title="bbox 1085 388 2664 453">
     <span class='ocr_line' id='line_1_2' title="bbox 1085 388 2664 453; baseline -0.001 -3"><span class='ocrx_word' id='word_1_2' title='bbox 1085 390 1656 453; x_wconf 70' lang='lat' dir='ltr'><strong>APOkOGETICUS</strong></span> <span class='ocrx_word' id='word_1_3' title='bbox 1692 390 1840 450; x_wconf 83' lang='lat' dir='ltr'><strong>PRO</strong></span> <span class='ocrx_word' id='word_1_4' title='bbox 1877 389 2143 450; x_wconf 75' lang='lat' dir='ltr'><strong>SACRIS</strong></span> <span class='ocrx_word' id='word_1_5' title='bbox 2186 388 2664 451; x_wconf 71' lang='lat' dir='ltr'><strong>IMAGlNlBUS.</strong></span> 
     </span>
    </p>
   </div>
   <div class='ocr_carea' id='block_1_3' title="bbox 3422 388 3531 456">
    <p class='ocr_par' dir='ltr' id='par_1_3' title="bbox 3422 388 3531 456">
     <span class='ocr_line' id='line_1_3' title="bbox 3422 388 3531 456; baseline 0.018 -2"><span class='ocrx_word' id='word_1_6' title='bbox 3422 388 3531 456; x_wconf 66' lang='lat'><strong>6‘22</strong></span> 
     </span>
    </p>
   </div>
   <div class='ocr_carea' id='block_1_4' title="bbox 255 498 1861 571">
    <p class='ocr_par' dir='ltr' id='par_1_4' title="bbox 255 498 1833 571">
     <span class='ocr_line' id='line_1_4' title="bbox 255 498 1833 571; baseline 0.001 -18"><span class='ocrx_word' id='word_1_7' title='bbox 255 499 469 553; x_wconf 76' lang='grc' dir='ltr'>Παύλου</span> <span class='ocrx_word' id='word_1_8' title='bbox 498 498 749 567; x_wconf 78' lang='grc' dir='ltr'>λέγοντος</span> <span class='ocrx_word' id='word_1_9' title='bbox 783 500 947 556; x_wconf 73' lang='grc' dir='ltr'>ἄκουε</span> <span class='ocrx_word' id='word_1_10' title='bbox 971 544 984 565; x_wconf 88' lang='grc'><strong>,</strong></span> <span class='ocrx_word' id='word_1_11' title='bbox 1021 503 1119 567; x_wconf 85' lang='grc' dir='ltr'><strong>’¹ος</strong></span> <span class='ocrx_word' id='word_1_12' title='bbox 1170 502 1427 571; x_wconf 74' lang='grc' dir='ltr'>ἐγενήθη</span> <span class='ocrx_word' id='word_1_13' title='bbox 1458 501 1604 570; x_wconf 76' lang='grc' dir='ltr'>ἡμῖν</span> <span class='ocrx_word' id='word_1_14' title='bbox 1645 502 1833 570; x_wconf 69' lang='grc' dir='ltr'>σοφία</span> 
     </span>
    </p>
   </div>
   <div class='ocr_carea' id='block_1_5' title="bbox 1939 498 3527 571">
    <p class='ocr_par' dir='ltr' id='par_1_5' title="bbox 1939 500 3527 569">
     <span class='ocr_line' id='line_1_5' title="bbox 1939 500 3527 569; baseline 0.001 -14"><span class='ocrx_word' id='word_1_15' title='bbox 1939 511 1983 555; x_wconf 85' lang='lat' dir='ltr'><strong>et</strong></span> <span class='ocrx_word' id='word_1_16' title='bbox 2026 501 2234 569; x_wconf 83' lang='lat' dir='ltr'><strong>justitia</strong></span> <span class='ocrx_word' id='word_1_17' title='bbox 2290 513 2337 555; x_wconf 86' lang='lat' dir='ltr'><strong>et</strong></span> <span class='ocrx_word' id='word_1_18' title='bbox 2385 500 2743 569; x_wconf 80' lang='lat' dir='ltr'><strong>sanctiﬁcatio</strong></span> <span class='ocrx_word' id='word_1_19' title='bbox 2772 509 2820 550; x_wconf 85' lang='lat' dir='ltr'><strong>et</strong></span> <span class='ocrx_word' id='word_1_20' title='bbox 2878 500 3161 567; x_wconf 71' lang='lat' dir='ltr'><strong>redemptio</strong></span> <span class='ocrx_word' id='word_1_21' title='bbox 3186 501 3225 554; x_wconf 86' lang='lat'><strong>&#39;.</strong></span> <span class='ocrx_word' id='word_1_22' title='bbox 3284 502 3376 557; x_wconf 65' lang='lat' dir='ltr'><strong>list</strong></span> <span class='ocrx_word' id='word_1_23' title='bbox 3425 518 3527 557; x_wconf 85' lang='lat' dir='ltr'><strong>au-</strong></span> 
     </span>
    </p>
   </div>
   <div class='ocr_carea' id='block_1_6' title="bbox 256 589 1833 661">
    <p class='ocr_par' dir='ltr' id='par_1_6' title="bbox 256 589 1833 661">
     <span class='ocr_line' id='line_1_6' title="bbox 256 589 1833 661; baseline 0 -18"><span class='ocrx_word' id='word_1_24' title='bbox 256 589 377 643; x_wconf 70' lang='grc' dir='ltr'><strong>ἀπὸ</strong></span> <span class='ocrx_word' id='word_1_25' title='bbox 417 590 566 645; x_wconf 79' lang='grc' dir='ltr'>Θεοῦ</span> <span class='ocrx_word' id='word_1_26' title='bbox 602 593 699 645; x_wconf 78' lang='grc' dir='ltr'><strong>καί</strong></span> <span class='ocrx_word' id='word_1_27' title='bbox 731 591 1089 658; x_wconf 77' lang='grc' dir='ltr'><strong>δικαιοσύνη</strong></span> <span class='ocrx_word' id='word_1_28' title='bbox 1114 594 1210 645; x_wconf 74' lang='grc' dir='ltr'>καὶ</span> <span class='ocrx_word' id='word_1_29' title='bbox 1239 592 1535 661; x_wconf 78' lang='grc' dir='ltr'><strong>ἁγιασμὸς</strong></span> <span class='ocrx_word' id='word_1_30' title='bbox 1556 592 1655 645; x_wconf 77' lang='grc' dir='ltr'>καὶ</span> <span class='ocrx_word' id='word_1_31' title='bbox 1684 591 1833 645; x_wconf 78' lang='grc' dir='ltr'>ἀπο-</span> 
     </span>
    </p>
   </div>
   <div class='ocr_carea' id='block_1_7' title="bbox 258 678 1838 754">
    <p class='ocr_par' dir='ltr' id='par_1_7' title="bbox 258 678 1838 754">
     <span class='ocr_line' id='line_1_7' title="bbox 258 678 1838 754; baseline 0.001 -21"><span class='ocrx_word' id='word_1_32' title='bbox 258 683 578 750; x_wconf 70' lang='grc' dir='ltr'>λύτρωσις.</span> <span class='ocrx_word' id='word_1_33' title='bbox 654 683 711 734; x_wconf 88' lang='lat'><strong>&#39;0</strong></span> <span class='ocrx_word' id='word_1_34' title='bbox 760 683 1110 754; x_wconf 73' lang='grc' dir='ltr'><strong>Ἐμμανουήλ</strong></span> <span class='ocrx_word' id='word_1_35' title='bbox 1141 684 1199 736; x_wconf 78' lang='grc' dir='ltr'><strong>δὲ</strong></span> <span class='ocrx_word' id='word_1_36' title='bbox 1228 678 1384 746; x_wconf 77' lang='grc' dir='ltr'>οὗτός</span> <span class='ocrx_word' id='word_1_37' title='bbox 1422 685 1593 737; x_wconf 85' lang='grc' dir='ltr'>ἐστιν.</span> <span class='ocrx_word' id='word_1_38' title='bbox 1633 682 1696 735; x_wconf 78' lang='grc' dir='ltr'>Εἰ</span> <span class='ocrx_word' id='word_1_39' title='bbox 1728 681 1838 735; x_wconf 82' lang='grc' dir='ltr'>τοί-</span> 
     </span>
    </p>
   </div>
   <div class='ocr_carea' id='block_1_8' title="bbox 261 774 1835 847">
    <p class='ocr_par' dir='ltr' id='par_1_8' title="bbox 261 774 1835 847">
     <span class='ocr_line' id='line_1_8' title="bbox 261 774 1835 847; baseline 0.001 -22"><span class='ocrx_word' id='word_1_40' title='bbox 261 792 357 826; x_wconf 89' lang='grc' dir='ltr'><strong>νυν</strong></span> <span class='ocrx_word' id='word_1_41' title='bbox 384 775 435 828; x_wconf 77' lang='lat' dir='ltr'><strong>oi</strong></span> <span class='ocrx_word' id='word_1_42' title='bbox 465 777 523 828; x_wconf 89' lang='grc' dir='ltr'><strong>ἐν</strong></span> <span class='ocrx_word' id='word_1_43' title='bbox 558 774 709 845; x_wconf 78' lang='grc' dir='ltr'>αὐτῷ</span> <span class='ocrx_word' id='word_1_44' title='bbox 753 776 810 827; x_wconf 76' lang='grc' dir='ltr'><strong>ἐν</strong></span> <span class='ocrx_word' id='word_1_45' title='bbox 842 777 1026 829; x_wconf 82' lang='grc' dir='ltr'>πίστει</span> <span class='ocrx_word' id='word_1_46' title='bbox 1058 776 1489 847; x_wconf 80' lang='grc' dir='ltr'>δικαιούμενοι,</span> <span class='ocrx_word' id='word_1_47' title='bbox 1543 776 1613 829; x_wconf 83' lang='grc' dir='ltr'><strong>δι’</strong></span> <span class='ocrx_word' id='word_1_48' title='bbox 1667 774 1835 828; x_wconf 83' lang='grc' dir='ltr'>αὐτοῦ</span> 
     </span>
    </p>
   </div>
   <div class='ocr_carea' id='block_1_9' title="bbox 256 865 1839 941">
    <p class='ocr_par' dir='ltr' id='par_1_9' title="bbox 256 865 1839 941">
     <span class='ocr_line' id='line_1_9' title="bbox 256 865 1839 941; baseline 0.001 -20"><span class='ocrx_word' id='word_1_49' title='bbox 256 867 668 939; x_wconf 71' lang='grc' dir='ltr'>λελυτρώμεθαο</span> <span class='ocrx_word' id='word_1_50' title='bbox 700 868 914 921; x_wconf 77' lang='grc' dir='ltr'>είὸοσαν</span> <span class='ocrx_word' id='word_1_51' title='bbox 931 868 1040 938; x_wconf 81' lang='grc' dir='ltr'>γὰρ</span> <span class='ocrx_word' id='word_1_52' title='bbox 1070 868 1249 922; x_wconf 82' lang='grc' dir='ltr'>πάντα</span> <span class='ocrx_word' id='word_1_53' title='bbox 1272 868 1342 922; x_wconf 87' lang='grc' dir='ltr'><strong>τά</strong></span> <span class='ocrx_word' id='word_1_54' title='bbox 1369 867 1588 941; x_wconf 80' lang='grc' dir='ltr'>πέρατα</span> <span class='ocrx_word' id='word_1_55' title='bbox 1609 867 1708 936; x_wconf 81' lang='grc' dir='ltr'><strong>τῆς</strong></span> <span class='ocrx_word' id='word_1_56' title='bbox 1732 865 1839 935; x_wconf 83' lang='grc' dir='ltr'><strong>γῆς</strong></span> 
     </span>
    </p>
   </div>
   <div class='ocr_carea' id='block_1_10' title="bbox 254 958 1840 1033">
    <p class='ocr_par' dir='ltr' id='par_1_10' title="bbox 254 958 1840 1033">
     <span class='ocr_line' id='line_1_10' title="bbox 254 958 1840 1033; baseline -0.001 -22"><span class='ocrx_word' id='word_1_57' title='bbox 254 960 317 1012; x_wconf 85' lang='grc' dir='ltr'><strong>τὸ</strong></span> <span class='ocrx_word' id='word_1_58' title='bbox 353 959 622 1028; x_wconf 77' lang='grc' dir='ltr'>σωτήριον</span> <span class='ocrx_word' id='word_1_59' title='bbox 645 958 739 1011; x_wconf 88' lang='grc' dir='ltr'><strong>τοῦ</strong></span> <span class='ocrx_word' id='word_1_60' title='bbox 768 958 904 1012; x_wconf 83' lang='grc' dir='ltr'><strong>Θεοῦ</strong></span> <span class='ocrx_word' id='word_1_61' title='bbox 932 960 1121 1029; x_wconf 75' lang='grc' dir='ltr'>ἡμῶν·</span> <span class='ocrx_word' id='word_1_62' title='bbox 1152 959 1385 1033; x_wconf 81' lang='grc' dir='ltr'>φανερὸν</span> <span class='ocrx_word' id='word_1_63' title='bbox 1402 960 1484 1012; x_wconf 83' lang='grc' dir='ltr'>ὅτι</span> <span class='ocrx_word' id='word_1_64' title='bbox 1505 960 1553 1012; x_wconf 85' lang='grc' dir='ltr'><strong>οί</strong></span> <span class='ocrx_word' id='word_1_65' title='bbox 1583 958 1693 1011; x_wconf 85' lang='grc' dir='ltr'><strong>ἀπὸ</strong></span> <span class='ocrx_word' id='word_1_66' title='bbox 1721 975 1840 1011; x_wconf 84' lang='grc' dir='ltr'>κοι-</span> 
     </span>
    </p>
   </div>
   <div class='ocr_carea' id='block_1_11' title="bbox 254 1049 1835 1121">
    <p class='ocr_par' dir='ltr' id='par_1_11' title="bbox 254 1049 1835 1121">
     <span class='ocr_line' id='line_1_11' title="bbox 254 1049 1835 1121; baseline 0.001 -21"><span class='ocrx_word' id='word_1_67' title='bbox 254 1050 375 1113; x_wconf 81' lang='grc' dir='ltr'>λίας</span> <span class='ocrx_word' id='word_1_68' title='bbox 406 1050 698 1114; x_wconf 74' lang='grc' dir='ltr'>λαλοῦντες</span> <span class='ocrx_word' id='word_1_69' title='bbox 732 1052 827 1103; x_wconf 78' lang='grc' dir='ltr'>καὶ</span> <span class='ocrx_word' id='word_1_70' title='bbox 857 1052 958 1103; x_wconf 85' lang='grc' dir='ltr'><strong>οὐκ</strong></span> <span class='ocrx_word' id='word_1_71' title='bbox 992 1050 1099 1104; x_wconf 74' lang='grc' dir='ltr'>ἀπὸ</span> <span class='ocrx_word' id='word_1_72' title='bbox 1127 1052 1401 1120; x_wconf 80' lang='grc' dir='ltr'>στόματος</span> <span class='ocrx_word' id='word_1_73' title='bbox 1429 1051 1661 1121; x_wconf 81' lang='grc' dir='ltr'>Κυρίου,</span> <span class='ocrx_word' id='word_1_74' title='bbox 1692 1049 1835 1103; x_wconf 81' lang='grc' dir='ltr'>ἀπόο</span> 
     </span>
    </p>
   </div>
   <div class='ocr_carea' id='block_1_12' title="bbox 255 1141 1839 1214">
    <p class='ocr_par' dir='ltr' id='par_1_12' title="bbox 255 1141 1839 1214">
     <span class='ocr_line' id='line_1_12' title="bbox 255 1141 1839 1214; baseline -0.002 -19"><span class='ocrx_word' id='word_1_75' title='bbox 255 1142 415 1195; x_wconf 83' lang='grc' dir='ltr'>λυτον</span> <span class='ocrx_word' id='word_1_76' title='bbox 434 1142 491 1196; x_wconf 86' lang='grc' dir='ltr'><strong>δέ</strong></span> <span class='ocrx_word' id='word_1_77' title='bbox 509 1144 631 1206; x_wconf 82' lang='grc' dir='ltr'>ταῖς</span> <span class='ocrx_word' id='word_1_78' title='bbox 651 1145 743 1196; x_wconf 74' lang='grc' dir='ltr'><strong>ἐπὶ</strong></span> <span class='ocrx_word' id='word_1_79' title='bbox 768 1141 844 1211; x_wconf 81' lang='grc' dir='ltr'><strong>τῷ</strong></span> <span class='ocrx_word' id='word_1_80' title='bbox 870 1144 1171 1211; x_wconf 83' lang='grc' dir='ltr'>Μονογενεῖ</span> <span class='ocrx_word' id='word_1_81' title='bbox 1192 1143 1529 1214; x_wconf 84' lang='grc' dir='ltr'>δυσφημίαις</span> <span class='ocrx_word' id='word_1_82' title='bbox 1558 1141 1839 1210; x_wconf 75' lang='grc' dir='ltr'>ἀνοιγνύνο</span> 
     </span>
    </p>
   </div>
   <div class='ocr_carea' id='block_1_13' title="bbox 257 1230 1839 1305">
    <p class='ocr_par' dir='ltr' id='par_1_13' title="bbox 257 1230 1839 1305">
     <span class='ocr_line' id='line_1_13' title="bbox 257 1230 1839 1305; baseline -0.002 -17"><span class='ocrx_word' id='word_1_83' title='bbox 257 1253 352 1297; x_wconf 88' lang='grc' dir='ltr'><strong>τες</strong></span> <span class='ocrx_word' id='word_1_84' title='bbox 397 1237 459 1288; x_wconf 83' lang='grc' dir='ltr'>τὸ</span> <span class='ocrx_word' id='word_1_85' title='bbox 490 1236 684 1305; x_wconf 81' lang='grc' dir='ltr'><strong>στόμα,</strong></span> <span class='ocrx_word' id='word_1_86' title='bbox 715 1236 779 1287; x_wconf 83' lang='grc' dir='ltr'><strong>ἐκ</strong></span> <span class='ocrx_word' id='word_1_87' title='bbox 805 1233 899 1287; x_wconf 91' lang='grc' dir='ltr'><strong>τοῦ</strong></span> <span class='ocrx_word' id='word_1_88' title='bbox 931 1235 1309 1304; x_wconf 81' lang='grc' dir='ltr'>Ἀντιχρίστου</span> <span class='ocrx_word' id='word_1_89' title='bbox 1339 1232 1621 1299; x_wconf 73' lang='grc' dir='ltr'>λαλοῦσιν,</span> <span class='ocrx_word' id='word_1_90' title='bbox 1650 1232 1728 1296; x_wconf 83' lang='grc' dir='ltr'>ὼς</span> <span class='ocrx_word' id='word_1_91' title='bbox 1758 1230 1839 1302; x_wconf 83' lang='grc' dir='ltr'>τῷ</span> 
     </span>
    </p>
   </div>
   <div class='ocr_carea' id='block_1_14' title="bbox 260 1324 1838 1398">
    <p class='ocr_par' dir='ltr' id='par_1_14' title="bbox 260 1324 1838 1398">
     <span class='ocr_line' id='line_1_14' title="bbox 260 1324 1838 1398; baseline -0.001 -19"><span class='ocrx_word' id='word_1_92' title='bbox 260 1327 486 1398; x_wconf 79' lang='grc' dir='ltr'>μεγαλῳ</span> <span class='ocrx_word' id='word_1_93' title='bbox 518 1328 742 1398; x_wconf 77' lang='grc' dir='ltr'>Ἰωάννῃ</span> <span class='ocrx_word' id='word_1_94' title='bbox 769 1326 865 1379; x_wconf 73' lang='grc' dir='ltr'><strong>καὶ</strong></span> <span class='ocrx_word' id='word_1_95' title='bbox 892 1328 958 1396; x_wconf 81' lang='grc' dir='ltr'>τῇ</span> <span class='ocrx_word' id='word_1_96' title='bbox 982 1324 1212 1395; x_wconf 79' lang='grc' dir='ltr'>ἀληθείᾳ</span> <span class='ocrx_word' id='word_1_97' title='bbox 1236 1326 1414 1379; x_wconf 81' lang='grc' dir='ltr'>δοκεῖ’</span> <span class='ocrx_word' id='word_1_98' title='bbox 1451 1326 1709 1395; x_wconf 87' lang='grc' dir='ltr'>ἐτεροίως</span> <span class='ocrx_word' id='word_1_99' title='bbox 1730 1325 1838 1394; x_wconf 91' lang='grc' dir='ltr'>γάρ</span> 
     </span>
    </p>
   </div>
   <div class='ocr_carea' id='block_1_15' title="bbox 256 1416 1837 1488">
    <p class='ocr_par' dir='ltr' id='par_1_15' title="bbox 256 1416 1837 1488">
     <span class='ocr_line' id='line_1_15' title="bbox 256 1416 1837 1488; baseline 0 -19"><span class='ocrx_word' id='word_1_100' title='bbox 256 1419 293 1487; x_wconf 68' lang='grc' dir='ltr'>ἢ</span> <span class='ocrx_word' id='word_1_101' title='bbox 329 1418 405 1479; x_wconf 84' lang='grc' dir='ltr'>ὡς</span> <span class='ocrx_word' id='word_1_102' title='bbox 442 1418 498 1471; x_wconf 82' lang='lat' dir='ltr'><strong>al</strong></span> <span class='ocrx_word' id='word_1_103' title='bbox 528 1418 620 1470; x_wconf 89' lang='grc' dir='ltr'><strong>τοῦ</strong></span> <span class='ocrx_word' id='word_1_104' title='bbox 655 1417 805 1470; x_wconf 89' lang='grc' dir='ltr'>θείου</span> <span class='ocrx_word' id='word_1_105' title='bbox 840 1416 1163 1487; x_wconf 86' lang='grc' dir='ltr'>Πνεύματος</span> <span class='ocrx_word' id='word_1_106' title='bbox 1196 1418 1389 1488; x_wconf 78' lang='grc' dir='ltr'><strong>ῥήσεις</strong></span> <span class='ocrx_word' id='word_1_107' title='bbox 1412 1456 1429 1481; x_wconf 89' lang='grc'><strong>,</strong></span> <span class='ocrx_word' id='word_1_108' title='bbox 1456 1417 1837 1487; x_wconf 80' lang='grc' dir='ltr'><strong>ἀφρονέστατα</strong></span> 
     </span>
    </p>
   </div>
   <div class='ocr_carea' id='block_1_16' title="bbox 258 1504 1838 1582">
    <p class='ocr_par' dir='ltr' id='par_1_16' title="bbox 258 1504 1838 1582">
     <span class='ocr_line' id='line_1_16' title="bbox 258 1504 1838 1582; baseline -0.001 -18"><span class='ocrx_word' id='word_1_109' title='bbox 258 1510 786 1582; x_wconf 76' lang='grc' dir='ltr'>παραφθέγγονταιο</span> <span class='ocrx_word' id='word_1_110' title='bbox 830 1504 978 1563; x_wconf 72' lang='grc' dir='ltr'>οὗτοι</span> <span class='ocrx_word' id='word_1_111' title='bbox 1009 1505 1104 1563; x_wconf 81' lang='grc' dir='ltr'>οὖν</span> <span class='ocrx_word' id='word_1_112' title='bbox 1150 1512 1201 1563; x_wconf 83' lang='grc' dir='ltr'><strong>εἱ</strong></span> <span class='ocrx_word' id='word_1_113' title='bbox 1244 1510 1344 1579; x_wconf 87' lang='grc' dir='ltr'><strong>μὲν</strong></span> <span class='ocrx_word' id='word_1_114' title='bbox 1375 1512 1477 1564; x_wconf 76' lang='grc' dir='ltr'><strong>οὐκ</strong></span> <span class='ocrx_word' id='word_1_115' title='bbox 1511 1506 1650 1581; x_wconf 80' lang='grc' dir='ltr'>ᾖσαν</span> <span class='ocrx_word' id='word_1_116' title='bbox 1692 1509 1838 1581; x_wconf 81' lang='grc' dir='ltr'>ᾠδὴν</span> 
     </span>
    </p>
   </div>
   <div class='ocr_carea' id='block_1_17' title="bbox 260 1600 1839 1672">
    <p class='ocr_par' dir='ltr' id='par_1_17' title="bbox 260 1600 1839 1672">
     <span class='ocr_line' id='line_1_17' title="bbox 260 1600 1839 1672; baseline 0 -18"><span class='ocrx_word' id='word_1_117' title='bbox 260 1602 470 1671; x_wconf 82' lang='grc' dir='ltr'><strong>Κυρίου</strong></span> <span class='ocrx_word' id='word_1_118' title='bbox 509 1602 749 1664; x_wconf 86' lang='grc' dir='ltr'>πώποτε,</span> <span class='ocrx_word' id='word_1_119' title='bbox 791 1600 827 1672; x_wconf 71' lang='grc' dir='ltr'>ἢ</span> <span class='ocrx_word' id='word_1_120' title='bbox 871 1602 962 1654; x_wconf 71' lang='grc' dir='ltr'>καὶ</span> <span class='ocrx_word' id='word_1_121' title='bbox 990 1602 1264 1671; x_wconf 81' lang='grc' dir='ltr'><strong>γεωργοῖς</strong></span> <span class='ocrx_word' id='word_1_122' title='bbox 1292 1603 1389 1654; x_wconf 82' lang='grc' dir='ltr'><strong>καὶ</strong></span> <span class='ocrx_word' id='word_1_123' title='bbox 1440 1602 1705 1671; x_wconf 80' lang='grc' dir='ltr'>ἐμπόροις</span> <span class='ocrx_word' id='word_1_124' title='bbox 1742 1602 1839 1655; x_wconf 78' lang='grc' dir='ltr'>καὶ</span> 
     </span>
    </p>
   </div>
   <div class='ocr_carea' id='block_1_18' title="bbox 261 1691 1836 1765">
    <p class='ocr_par' dir='ltr' id='par_1_18' title="bbox 261 1691 1836 1765">
     <span class='ocr_line' id='line_1_18' title="bbox 261 1691 1836 1765; baseline 0.001 -19"><span class='ocrx_word' id='word_1_125' title='bbox 261 1693 569 1764; x_wconf 83' lang='grc' dir='ltr'>πλωτῆρσι,</span> <span class='ocrx_word' id='word_1_126' title='bbox 619 1694 769 1765; x_wconf 78' lang='grc' dir='ltr'><strong>πάσῃ</strong></span> <span class='ocrx_word' id='word_1_127' title='bbox 797 1710 856 1747; x_wconf 85' lang='grc' dir='ltr'><strong>τε</strong></span> <span class='ocrx_word' id='word_1_128' title='bbox 888 1691 1015 1764; x_wconf 79' lang='grc' dir='ltr'>ἀξίᾳ</span> <span class='ocrx_word' id='word_1_129' title='bbox 1044 1693 1139 1745; x_wconf 77' lang='grc' dir='ltr'><strong>καὶ</strong></span> <span class='ocrx_word' id='word_1_130' title='bbox 1169 1691 1360 1763; x_wconf 74' lang='grc' dir='ltr'>ἡλικίᾳ</span> <span class='ocrx_word' id='word_1_131' title='bbox 1394 1691 1489 1747; x_wconf 74' lang='grc' dir='ltr'>καὶ</span> <span class='ocrx_word' id='word_1_132' title='bbox 1518 1692 1657 1764; x_wconf 78' lang='grc' dir='ltr'>τύχῃ</span> <span class='ocrx_word' id='word_1_133' title='bbox 1688 1695 1836 1747; x_wconf 87' lang='grc' dir='ltr'>ἀνεῖ-</span> 
     </span>
    </p>
   </div>
   <div class='ocr_carea' id='block_1_19' title="bbox 256 1783 1837 1855">
    <p class='ocr_par' dir='ltr' id='par_1_19' title="bbox 256 1783 1837 1855">
     <span class='ocr_line' id='line_1_19' title="bbox 256 1783 1837 1855; baseline 0.002 -19"><span class='ocrx_word' id='word_1_134' title='bbox 256 1785 352 1837; x_wconf 85' lang='grc' dir='ltr'><strong>ταί</strong></span> <span class='ocrx_word' id='word_1_135' title='bbox 388 1802 448 1838; x_wconf 84' lang='grc' dir='ltr'><strong>τε</strong></span> <span class='ocrx_word' id='word_1_136' title='bbox 506 1784 601 1837; x_wconf 76' lang='grc' dir='ltr'><strong>καὶ</strong></span> <span class='ocrx_word' id='word_1_137' title='bbox 654 1784 1001 1854; x_wconf 75' lang='grc' dir='ltr'>ἐξήπλωται,</span> <span class='ocrx_word' id='word_1_138' title='bbox 1054 1784 1273 1839; x_wconf 83' lang='grc' dir='ltr'>πάντων</span> <span class='ocrx_word' id='word_1_139' title='bbox 1324 1783 1695 1855; x_wconf 74' lang='grc' dir='ltr'><strong>ἀμαθέστεροι</strong></span> <span class='ocrx_word' id='word_1_140' title='bbox 1741 1784 1837 1839; x_wconf 76' lang='grc' dir='ltr'>καὶ</span> 
     </span>
    </p>
   </div>
   <div class='ocr_carea' id='block_1_20' title="bbox 1948 590 3521 661">
    <p class='ocr_par' dir='ltr' id='par_1_20' title="bbox 1948 590 3521 661">
     <span class='ocr_line' id='line_1_20' title="bbox 1948 590 3521 661; baseline 0.001 -14"><span class='ocrx_word' id='word_1_141' title='bbox 1948 602 2051 647; x_wconf 88' lang='lat' dir='ltr'><strong>tem</strong></span> <span class='ocrx_word' id='word_1_142' title='bbox 2083 595 2170 648; x_wconf 86' lang='lat' dir='ltr'><strong>bic</strong></span> <span class='ocrx_word' id='word_1_143' title='bbox 2200 594 2541 647; x_wconf 76' lang='lat' dir='ltr'><strong>Emmanuel.</strong></span> <span class='ocrx_word' id='word_1_144' title='bbox 2585 594 2640 645; x_wconf 81' lang='lat' dir='ltr'><strong>Si</strong></span> <span class='ocrx_word' id='word_1_145' title='bbox 2679 606 2811 660; x_wconf 77' lang='lat' dir='ltr'><strong>ergo</strong></span> <span class='ocrx_word' id='word_1_146' title='bbox 2848 595 2901 644; x_wconf 88' lang='lat' dir='ltr'><strong>iu</strong></span> <span class='ocrx_word' id='word_1_147' title='bbox 2930 590 3047 661; x_wconf 86' lang='lat' dir='ltr'><strong>ipso</strong></span> <span class='ocrx_word' id='word_1_148' title='bbox 3075 593 3358 661; x_wconf 62' lang='lat' dir='ltr'><strong>jnstilirati</strong></span> <span class='ocrx_word' id='word_1_149' title='bbox 3397 594 3521 659; x_wconf 73' lang='lat' dir='ltr'><strong>lida,</strong></span> 
     </span>
    </p>
   </div>
   <div class='ocr_carea' id='block_1_21' title="bbox 1945 683 3526 754">
    <p class='ocr_par' dir='ltr' id='par_1_21' title="bbox 1945 683 3526 754">
     <span class='ocr_line' id='line_1_21' title="bbox 1945 683 3526 754; baseline 0.003 -16"><span class='ocrx_word' id='word_1_150' title='bbox 1945 700 2039 754; x_wconf 85' lang='lat' dir='ltr'><strong>per</strong></span> <span class='ocrx_word' id='word_1_151' title='bbox 2067 685 2239 754; x_wconf 87' lang='lat' dir='ltr'><strong>ipsum</strong></span> <span class='ocrx_word' id='word_1_152' title='bbox 2291 684 2554 749; x_wconf 76' lang='lat' dir='ltr'><strong>redempti</strong></span> <span class='ocrx_word' id='word_1_153' title='bbox 2602 683 2830 745; x_wconf 82' lang='lat' dir='ltr'><strong>fuimus,</strong></span> <span class='ocrx_word' id='word_1_154' title='bbox 2870 683 3117 737; x_wconf 80' lang='lat' dir='ltr'><strong>viderunt</strong></span> <span class='ocrx_word' id='word_1_155' title='bbox 3148 687 3294 739; x_wconf 86' lang='lat' dir='ltr'><strong>enim</strong></span> <span class='ocrx_word' id='word_1_156' title='bbox 3337 701 3526 742; x_wconf 81' lang='lat' dir='ltr'><strong>omnes</strong></span> 
     </span>
    </p>
   </div>
   <div class='ocr_carea' id='block_1_22' title="bbox 1946 774 3528 845">
    <p class='ocr_par' dir='ltr' id='par_1_22' title="bbox 1946 774 3528 845">
     <span class='ocr_line' id='line_1_22' title="bbox 1946 774 3528 845; baseline 0.002 -18"><span class='ocrx_word' id='word_1_157' title='bbox 1946 777 2157 830; x_wconf 87' lang='lat' dir='ltr'><strong>termini</strong></span> <span class='ocrx_word' id='word_1_158' title='bbox 2203 786 2360 829; x_wconf 71' lang='lat' dir='ltr'><strong>terra:</strong></span> <span class='ocrx_word' id='word_1_159' title='bbox 2407 774 2645 828; x_wconf 83' lang='lat' dir='ltr'><strong>salutare</strong></span> <span class='ocrx_word' id='word_1_160' title='bbox 2670 775 2759 828; x_wconf 79' lang='lat' dir='ltr'><strong>Det</strong></span> <span class='ocrx_word' id='word_1_161' title='bbox 2798 775 2967 829; x_wconf 79' lang='lat' dir='ltr'><strong>nostri</strong></span> <span class='ocrx_word' id='word_1_162' title='bbox 2998 774 3039 836; x_wconf 80' lang='grc'>⁵,</span> <span class='ocrx_word' id='word_1_163' title='bbox 3064 776 3402 845; x_wconf 64' lang='lat' dir='ltr'><strong>exploratum</strong></span> <span class='ocrx_word' id='word_1_164' title='bbox 3442 792 3528 832; x_wconf 70' lang='lat' dir='ltr'><strong>cat</strong></span> 
     </span>
    </p>
   </div>
   <div class='ocr_carea' id='block_1_23' title="bbox 1943 863 3521 932">
    <p class='ocr_par' dir='ltr' id='par_1_23' title="bbox 1943 863 3521 932">
     <span class='ocr_line' id='line_1_23' title="bbox 1943 863 3521 932; baseline 0.001 -15"><span class='ocrx_word' id='word_1_165' title='bbox 1943 877 2036 917; x_wconf 88' lang='lat' dir='ltr'><strong>eos</strong></span> <span class='ocrx_word' id='word_1_166' title='bbox 2061 863 2151 932; x_wconf 88' lang='lat' dir='ltr'><strong>qui</strong></span> <span class='ocrx_word' id='word_1_167' title='bbox 2179 878 2207 915; x_wconf 76' lang='grc' dir='ltr'><strong>ει</strong></span> <span class='ocrx_word' id='word_1_168' title='bbox 2227 871 2418 917; x_wconf 84' lang='lat' dir='ltr'><strong>ventre</strong></span> <span class='ocrx_word' id='word_1_169' title='bbox 2449 878 2549 916; x_wconf 88' lang='lat' dir='ltr'><strong>suo</strong></span> <span class='ocrx_word' id='word_1_170' title='bbox 2593 863 2887 932; x_wconf 87' lang='lat' dir='ltr'><strong>loquuntur</strong></span> <span class='ocrx_word' id='word_1_171' title='bbox 2917 880 3021 918; x_wconf 89' lang='lat' dir='ltr'><strong>non</strong></span> <span class='ocrx_word' id='word_1_172' title='bbox 3056 865 3126 918; x_wconf 85' lang='lat' dir='ltr'><strong>ab</strong></span> <span class='ocrx_word' id='word_1_173' title='bbox 3165 882 3260 920; x_wconf 83' lang='lat' dir='ltr'><strong>ore</strong></span> <span class='ocrx_word' id='word_1_174' title='bbox 3290 868 3521 930; x_wconf 82' lang='lat' dir='ltr'><strong>Domini,</strong></span> 
     </span>
    </p>
   </div>
   <div class='ocr_carea' id='block_1_24' title="bbox 1942 956 3525 1029">
    <p class='ocr_par' dir='ltr' id='par_1_24' title="bbox 1942 956 3525 1029">
     <span class='ocr_line' id='line_1_24' title="bbox 1942 956 3525 1029; baseline 0.003 -20"><span class='ocrx_word' id='word_1_175' title='bbox 1942 957 2291 1022; x_wconf 90' lang='lat' dir='ltr'><strong>solutumque</strong></span> <span class='ocrx_word' id='word_1_176' title='bbox 2313 956 2510 1009; x_wconf 81' lang='lat' dir='ltr'><strong>habent</strong></span> <span class='ocrx_word' id='word_1_177' title='bbox 2540 958 2608 1009; x_wconf 82' lang='lat' dir='ltr'><strong>ad</strong></span> <span class='ocrx_word' id='word_1_178' title='bbox 2642 957 3008 1026; x_wconf 63' lang='lat' dir='ltr'><strong>blasplu&#39;tnias</strong></span> <span class='ocrx_word' id='word_1_179' title='bbox 3039 968 3225 1013; x_wconf 85' lang='lat' dir='ltr'><strong>contra</strong></span> <span class='ocrx_word' id='word_1_180' title='bbox 3271 958 3525 1029; x_wconf 75' lang='lat' dir='ltr'><strong>Unigeni-</strong></span> 
     </span>
    </p>
   </div>
   <div class='ocr_carea' id='block_1_25' title="bbox 1943 1048 3525 1121">
    <p class='ocr_par' dir='ltr' id='par_1_25' title="bbox 1943 1048 3525 1121">
     <span class='ocr_line' id='line_1_25' title="bbox 1943 1048 3525 1121; baseline 0.003 -21"><span class='ocrx_word' id='word_1_181' title='bbox 1943 1058 2055 1102; x_wconf 87' lang='lat' dir='ltr'><strong>tum</strong></span> <span class='ocrx_word' id='word_1_182' title='bbox 2094 1063 2180 1110; x_wconf 86' lang='lat' dir='ltr'><strong>ns,</strong></span> <span class='ocrx_word' id='word_1_183' title='bbox 2212 1058 2463 1114; x_wconf 82' lang='lat' dir='ltr'><strong>tanquam</strong></span> <span class='ocrx_word' id='word_1_184' title='bbox 2529 1050 2597 1101; x_wconf 89' lang='lat' dir='ltr'><strong>ab</strong></span> <span class='ocrx_word' id='word_1_185' title='bbox 2646 1048 2984 1105; x_wconf 73' lang='lat' dir='ltr'><strong>Antichristo</strong></span> <span class='ocrx_word' id='word_1_186' title='bbox 3032 1052 3175 1120; x_wconf 77' lang='lat' dir='ltr'><strong>loqui</strong></span> <span class='ocrx_word' id='word_1_187' title='bbox 3224 1065 3283 1103; x_wconf 85' lang='lat' dir='ltr'><strong>ut</strong></span> <span class='ocrx_word' id='word_1_188' title='bbox 3331 1071 3525 1121; x_wconf 77' lang='lat' dir='ltr'><strong>magno</strong></span> 
     </span>
    </p>
   </div>
   <div class='ocr_carea' id='block_1_26' title="bbox 1938 1139 3524 1209">
    <p class='ocr_par' dir='ltr' id='par_1_26' title="bbox 1938 1139 3524 1209">
     <span class='ocr_line' id='line_1_26' title="bbox 1938 1139 3524 1209; baseline 0.003 -15"><span class='ocrx_word' id='word_1_189' title='bbox 1938 1140 2130 1194; x_wconf 81' lang='lat' dir='ltr'><strong>Joanui</strong></span> <span class='ocrx_word' id='word_1_190' title='bbox 2183 1140 2204 1171; x_wconf 88' lang='lat'><strong><em>&quot;</em></strong></span> <span class='ocrx_word' id='word_1_191' title='bbox 2257 1139 2464 1209; x_wconf 75' lang='lat' dir='ltr'><strong>ipsique</strong></span> <span class='ocrx_word' id='word_1_192' title='bbox 2511 1140 2726 1194; x_wconf 85' lang='lat' dir='ltr'><strong>veritati</strong></span> <span class='ocrx_word' id='word_1_193' title='bbox 2780 1142 3011 1195; x_wconf 85' lang='lat' dir='ltr'><strong>videtur.</strong></span> <span class='ocrx_word' id='word_1_194' title='bbox 3048 1145 3222 1197; x_wconf 83' lang='lat' dir='ltr'><strong>Aliter</strong></span> <span class='ocrx_word' id='word_1_195' title='bbox 3263 1148 3409 1199; x_wconf 88' lang='lat' dir='ltr'><strong>enim</strong></span> <span class='ocrx_word' id='word_1_196' title='bbox 3460 1161 3524 1199; x_wconf 81' lang='lat' dir='ltr'><strong>ac</strong></span> 
     </span>
    </p>
   </div>
   <div class='ocr_carea' id='block_1_27' title="bbox 1940 1228 3521 1305">
    <p class='ocr_par' dir='ltr' id='par_1_27' title="bbox 1940 1228 3521 1305">
     <span class='ocr_line' id='line_1_27' title="bbox 1940 1228 3521 1305; baseline 0.004 -24"><span class='ocrx_word' id='word_1_197' title='bbox 1940 1229 2107 1282; x_wconf 83' lang='lat' dir='ltr'><strong>divini</strong></span> <span class='ocrx_word' id='word_1_198' title='bbox 2141 1228 2374 1296; x_wconf 75' lang='lat' dir='ltr'><strong>Spiritus</strong></span> <span class='ocrx_word' id='word_1_199' title='bbox 2412 1233 2573 1283; x_wconf 81' lang='lat' dir='ltr'><strong>verba</strong></span> <span class='ocrx_word' id='word_1_200' title='bbox 2600 1242 2746 1297; x_wconf 87' lang='lat' dir='ltr'><strong>sunt,</strong></span> <span class='ocrx_word' id='word_1_201' title='bbox 2772 1232 2823 1286; x_wconf 93' lang='lat' dir='ltr'><strong>lu</strong></span> <span class='ocrx_word' id='word_1_202' title='bbox 2858 1234 3181 1288; x_wconf 81' lang='lat' dir='ltr'><strong>stultissime</strong></span> <span class='ocrx_word' id='word_1_203' title='bbox 3214 1234 3521 1305; x_wconf 86' lang='lat' dir='ltr'><strong>blaterant;</strong></span> 
     </span>
    </p>
   </div>
   <div class='ocr_carea' id='block_1_28' title="bbox 1938 1319 3522 1397">
    <p class='ocr_par' dir='ltr' id='par_1_28' title="bbox 1938 1319 3522 1397">
     <span class='ocr_line' id='line_1_28' title="bbox 1938 1319 3522 1397; baseline 0.005 -26"><span class='ocrx_word' id='word_1_204' title='bbox 1938 1321 2031 1390; x_wconf 85' lang='lat' dir='ltr'><strong>qui</strong></span> <span class='ocrx_word' id='word_1_205' title='bbox 2060 1319 2303 1390; x_wconf 79' lang='lat' dir='ltr'><strong>profecto</strong></span> <span class='ocrx_word' id='word_1_206' title='bbox 2340 1339 2616 1392; x_wconf 75' lang='lat' dir='ltr'><strong>numquam</strong></span> <span class='ocrx_word' id='word_1_207' title='bbox 2642 1327 2913 1380; x_wconf 76' lang='lat' dir='ltr'><strong>canticum</strong></span> <span class='ocrx_word' id='word_1_208' title='bbox 2947 1326 3522 1397; x_wconf 71' lang='lat' dir='ltr'><strong>Dtnninicecini-runt,</strong></span> 
     </span>
    </p>
   </div>
   <div class='ocr_carea' id='block_1_29' title="bbox 1939 1411 3527 1484">
    <p class='ocr_par' dir='ltr' id='par_1_29' title="bbox 1939 1411 3527 1484">
     <span class='ocr_line' id='line_1_29' title="bbox 1939 1411 3527 1484; baseline 0.009 -22"><span class='ocrx_word' id='word_1_209' title='bbox 1939 1411 2082 1479; x_wconf 87' lang='lat' dir='ltr'><strong>quod</strong></span> <span class='ocrx_word' id='word_1_210' title='bbox 2125 1421 2304 1467; x_wconf 85' lang='lat' dir='ltr'><strong>tamen</strong></span> <span class='ocrx_word' id='word_1_211' title='bbox 2361 1414 2430 1466; x_wconf 86' lang='lat' dir='ltr'><strong>ab</strong></span> <span class='ocrx_word' id='word_1_212' title='bbox 2477 1414 2752 1482; x_wconf 76' lang='lat' dir='ltr'><strong>agricolis,</strong></span> <span class='ocrx_word' id='word_1_213' title='bbox 2782 1421 3193 1478; x_wconf 85' lang='lat' dir='ltr'><strong>mercatoribus.</strong></span> <span class='ocrx_word' id='word_1_214' title='bbox 3233 1421 3437 1484; x_wconf 85' lang='lat' dir='ltr'><strong>nautis,</strong></span> <span class='ocrx_word' id='word_1_215' title='bbox 3468 1429 3527 1477; x_wconf 80' lang='lat' dir='ltr'><strong>et</strong></span> 
     </span>
    </p>
   </div>
   <div class='ocr_carea' id='block_1_30' title="bbox 1941 1503 3521 1575">
    <p class='ocr_par' dir='ltr' id='par_1_30' title="bbox 1941 1503 3521 1575">
     <span class='ocr_line' id='line_1_30' title="bbox 1941 1503 3521 1575; baseline 0.005 -18"><span class='ocrx_word' id='word_1_216' title='bbox 1941 1503 2230 1572; x_wconf 73' lang='lat' dir='ltr'><strong>cujuslibet</strong></span> <span class='ocrx_word' id='word_1_217' title='bbox 2276 1505 2575 1575; x_wconf 72' lang='lat' dir='ltr'><strong>dignitatis,</strong></span> <span class='ocrx_word' id='word_1_218' title='bbox 2619 1505 2832 1572; x_wconf 66' lang='lat' dir='ltr'><strong>aetatis,</strong></span> <span class='ocrx_word' id='word_1_219' title='bbox 2863 1516 2915 1560; x_wconf 91' lang='lat' dir='ltr'><strong>et</strong></span> <span class='ocrx_word' id='word_1_220' title='bbox 2961 1509 3293 1563; x_wconf 78' lang='lat' dir='ltr'><strong>conditmnis</strong></span> <span class='ocrx_word' id='word_1_221' title='bbox 3348 1513 3521 1565; x_wconf 83' lang='lat' dir='ltr'><strong>Immi-</strong></span> 
     </span>
    </p>
   </div>
   <div class='ocr_carea' id='block_1_31' title="bbox 1941 1595 3524 1667">
    <p class='ocr_par' dir='ltr' id='par_1_31' title="bbox 1941 1595 3524 1667">
     <span class='ocr_line' id='line_1_31' title="bbox 1941 1595 3524 1667; baseline 0.006 -20"><span class='ocrx_word' id='word_1_222' title='bbox 1941 1595 2098 1649; x_wconf 89' lang='lat' dir='ltr'><strong>nibus</strong></span> <span class='ocrx_word' id='word_1_223' title='bbox 2122 1597 2334 1649; x_wconf 86' lang='lat' dir='ltr'><strong>canitur</strong></span> <span class='ocrx_word' id='word_1_224' title='bbox 2355 1611 2416 1650; x_wconf 90' lang='lat' dir='ltr'><strong>ac</strong></span> <span class='ocrx_word' id='word_1_225' title='bbox 2437 1596 2777 1663; x_wconf 85' lang='lat' dir='ltr'><strong>celebratur;</strong></span> <span class='ocrx_word' id='word_1_226' title='bbox 2808 1599 3039 1667; x_wconf 81' lang='lat' dir='ltr'><strong>ideoque</strong></span> <span class='ocrx_word' id='word_1_227' title='bbox 3070 1600 3143 1654; x_wconf 77' lang='lat' dir='ltr'><strong>illi</strong></span> <span class='ocrx_word' id='word_1_228' title='bbox 3172 1616 3281 1667; x_wconf 78' lang='lat' dir='ltr'><strong>pra:</strong></span> <span class='ocrx_word' id='word_1_229' title='bbox 3310 1604 3524 1657; x_wconf 64' lang='lat' dir='ltr'><strong>caeteris</strong></span> 
     </span>
    </p>
   </div>
   <div class='ocr_carea' id='block_1_32' title="bbox 1940 1687 3521 1758">
    <p class='ocr_par' dir='ltr' id='par_1_32' title="bbox 1940 1687 3521 1758">
     <span class='ocr_line' id='line_1_32' title="bbox 1940 1687 3521 1758; baseline 0.006 -19"><span class='ocrx_word' id='word_1_230' title='bbox 1940 1687 2102 1740; x_wconf 76' lang='lat' dir='ltr'><strong>rudes</strong></span> <span class='ocrx_word' id='word_1_231' title='bbox 2138 1696 2192 1741; x_wconf 90' lang='lat' dir='ltr'><strong>et</strong></span> <span class='ocrx_word' id='word_1_232' title='bbox 2222 1687 2539 1754; x_wconf 84' lang='lat' dir='ltr'><strong>insipientes</strong></span> <span class='ocrx_word' id='word_1_233' title='bbox 2581 1690 2779 1743; x_wconf 88' lang='lat' dir='ltr'><strong>merito</strong></span> <span class='ocrx_word' id='word_1_234' title='bbox 2809 1689 3121 1746; x_wconf 82' lang='lat' dir='ltr'><strong>credentur.</strong></span> <span class='ocrx_word' id='word_1_235' title='bbox 3158 1693 3521 1758; x_wconf 80' lang='lat' dir='ltr'><strong>Quamobrem</strong></span> 
     </span>
    </p>
   </div>
   <div class='ocr_carea' id='block_1_33' title="bbox 1939 1778 3525 1849">
    <p class='ocr_par' dir='ltr' id='par_1_33' title="bbox 1939 1778 3525 1849">
     <span class='ocr_line' id='line_1_33' title="bbox 1939 1778 3525 1849; baseline 0.005 -18"><span class='ocrx_word' id='word_1_236' title='bbox 1939 1792 2007 1831; x_wconf 88' lang='lat' dir='ltr'><strong>ne</strong></span> <span class='ocrx_word' id='word_1_237' title='bbox 2050 1778 2361 1832; x_wconf 80' lang='lat' dir='ltr'><strong>sacerdotes</strong></span> <span class='ocrx_word' id='word_1_238' title='bbox 2399 1778 2640 1847; x_wconf 85' lang='lat' dir='ltr'><strong>quidem,</strong></span> <span class='ocrx_word' id='word_1_239' title='bbox 2670 1790 2728 1832; x_wconf 90' lang='lat' dir='ltr'><strong>ut</strong></span> <span class='ocrx_word' id='word_1_240' title='bbox 2761 1794 2856 1849; x_wconf 84' lang='lat' dir='ltr'><strong>par</strong></span> <span class='ocrx_word' id='word_1_241' title='bbox 2881 1791 2985 1845; x_wconf 87' lang='lat' dir='ltr'><strong>est,</strong></span> <span class='ocrx_word' id='word_1_242' title='bbox 3030 1784 3399 1849; x_wconf 84' lang='lat' dir='ltr'><strong>vocabuntur;</strong></span> <span class='ocrx_word' id='word_1_243' title='bbox 3431 1798 3525 1839; x_wconf 82' lang='grc' dir='ltr'>ιιο·</span> 
     </span>
    </p>
   </div>
   <div class='ocr_carea' id='block_1_34' title="bbox 260 1868 1861 1960">
    <p class='ocr_par' dir='ltr' id='par_1_34' title="bbox 260 1871 1831 1945">
     <span class='ocr_line' id='line_1_34' title="bbox 260 1871 1831 1945; baseline 0.001 -20"><span class='ocrx_word' id='word_1_244' title='bbox 260 1872 609 1941; x_wconf 82' lang='grc' dir='ltr'>ἀνοητότεροι</span> <span class='ocrx_word' id='word_1_245' title='bbox 640 1873 699 1926; x_wconf 83' lang='grc' dir='ltr'><strong>ἐν</strong></span> <span class='ocrx_word' id='word_1_246' title='bbox 735 1873 865 1943; x_wconf 78' lang='grc' dir='ltr'>δίκῃ</span> <span class='ocrx_word' id='word_1_247' title='bbox 892 1871 1315 1943; x_wconf 82' lang='grc' dir='ltr'>νομισθήσονται</span> <span class='ocrx_word' id='word_1_248' title='bbox 1337 1888 1350 1902; x_wconf 74' lang='grc'><strong><em>⁸</em></strong></span> <span class='ocrx_word' id='word_1_249' title='bbox 1387 1874 1483 1927; x_wconf 79' lang='grc' dir='ltr'><strong>καὶ</strong></span> <span class='ocrx_word' id='word_1_250' title='bbox 1507 1873 1683 1945; x_wconf 75' lang='grc' dir='ltr'>ταύτῃ</span> <span class='ocrx_word' id='word_1_251' title='bbox 1709 1873 1831 1928; x_wconf 83' lang='grc' dir='ltr'><strong>ούδέ</strong></span> 
     </span>
    </p>
   </div>
   <div class='ocr_carea' id='block_1_35' title="bbox 1939 1868 3524 1960">
    <p class='ocr_par' dir='ltr' id='par_1_35' title="bbox 1939 1868 3524 1940">
     <span class='ocr_line' id='line_1_35' title="bbox 1939 1868 3524 1940; baseline 0.006 -20"><span class='ocrx_word' id='word_1_252' title='bbox 1939 1883 2041 1938; x_wconf 88' lang='lat' dir='ltr'><strong>que</strong></span> <span class='ocrx_word' id='word_1_253' title='bbox 2066 1868 2236 1922; x_wconf 90' lang='lat' dir='ltr'><strong>ullum</strong></span> <span class='ocrx_word' id='word_1_254' title='bbox 2261 1868 2314 1923; x_wconf 93' lang='lat' dir='ltr'><strong>in</strong></span> <span class='ocrx_word' id='word_1_255' title='bbox 2344 1870 2424 1924; x_wconf 92' lang='lat' dir='ltr'><strong>eis</strong></span> <span class='ocrx_word' id='word_1_256' title='bbox 2443 1870 2787 1925; x_wconf 76' lang='lat' dir='ltr'><strong>sacerdotale</strong></span> <span class='ocrx_word' id='word_1_257' title='bbox 2818 1871 3129 1940; x_wconf 72' lang='lat' dir='ltr'><strong>vestigium,</strong></span> <span class='ocrx_word' id='word_1_258' title='bbox 3156 1873 3250 1926; x_wconf 87' lang='lat' dir='ltr'><strong>sed</strong></span> <span class='ocrx_word' id='word_1_259' title='bbox 3291 1873 3524 1930; x_wconf 64' lang='lat' dir='ltr'><strong>inscitia</strong></span> 
     </span>
    </p>
   </div>
   <div class='ocr_carea' id='block_1_36' title="bbox 263 1963 1834 2035">
    <p class='ocr_par' dir='ltr' id='par_1_36' title="bbox 263 1963 1834 2035">
     <span class='ocr_line' id='line_1_36' title="bbox 263 1963 1834 2035; baseline 0.003 -19"><span class='ocrx_word' id='word_1_260' title='bbox 263 1964 430 2034; x_wconf 73' lang='grc' dir='ltr'>ἱερεῖς</span> <span class='ocrx_word' id='word_1_261' title='bbox 462 1965 687 2028; x_wconf 82' lang='grc' dir='ltr'>εἰκότως</span> <span class='ocrx_word' id='word_1_262' title='bbox 715 1964 1099 2035; x_wconf 84' lang='grc' dir='ltr'>κεκλήσονται,</span> <span class='ocrx_word' id='word_1_263' title='bbox 1139 1963 1261 2017; x_wconf 82' lang='grc' dir='ltr'><strong>ούδέ</strong></span> <span class='ocrx_word' id='word_1_264' title='bbox 1292 1964 1483 2035; x_wconf 83' lang='grc' dir='ltr'>ἱερέως</span> <span class='ocrx_word' id='word_1_265' title='bbox 1510 1965 1572 2018; x_wconf 81' lang='grc' dir='ltr'><strong>τὸ</strong></span> <span class='ocrx_word' id='word_1_266' title='bbox 1600 1965 1834 2021; x_wconf 78' lang='grc' dir='ltr'>ὕστατον</span> 
     </span>
    </p>
   </div>
   <div class='ocr_carea' id='block_1_37' title="bbox 259 2054 1836 2129">
    <p class='ocr_par' dir='ltr' id='par_1_37' title="bbox 259 2054 1836 2129">
     <span class='ocr_line' id='line_1_37' title="bbox 259 2054 1836 2129; baseline 0.001 -20"><span class='ocrx_word' id='word_1_267' title='bbox 259 2056 554 2126; x_wconf 70' lang='grc' dir='ltr'>ἀπήχημα,</span> <span class='ocrx_word' id='word_1_268' title='bbox 582 2054 807 2123; x_wconf 79' lang='grc' dir='ltr'>ἀγνοίας</span> <span class='ocrx_word' id='word_1_269' title='bbox 839 2055 896 2108; x_wconf 75' lang='grc' dir='ltr'><strong>δὲ</strong></span> <span class='ocrx_word' id='word_1_270' title='bbox 927 2057 1022 2108; x_wconf 78' lang='grc' dir='ltr'>καὶ</span> <span class='ocrx_word' id='word_1_271' title='bbox 1049 2055 1296 2122; x_wconf 84' lang='grc' dir='ltr'>ἀλογίας,</span> <span class='ocrx_word' id='word_1_272' title='bbox 1335 2056 1396 2108; x_wconf 80' lang='grc' dir='ltr'>οὐ</span> <span class='ocrx_word' id='word_1_273' title='bbox 1421 2056 1635 2124; x_wconf 87' lang='grc' dir='ltr'>γέλωτα</span> <span class='ocrx_word' id='word_1_274' title='bbox 1666 2056 1836 2129; x_wconf 79' lang='grc' dir='ltr'><strong>ὀφλή-</strong></span> 
     </span>
    </p>
   </div>
   <div class='ocr_carea' id='block_1_38' title="bbox 260 2144 1835 2216">
    <p class='ocr_par' dir='ltr' id='par_1_38' title="bbox 260 2144 1835 2216">
     <span class='ocr_line' id='line_1_38' title="bbox 260 2144 1835 2216; baseline 0.001 -17"><span class='ocrx_word' id='word_1_275' title='bbox 260 2162 471 2212; x_wconf 83' lang='grc' dir='ltr'>σουσιν,</span> <span class='ocrx_word' id='word_1_276' title='bbox 505 2146 747 2216; x_wconf 79' lang='grc' dir='ltr'>ἐσχάτην</span> <span class='ocrx_word' id='word_1_277' title='bbox 776 2144 834 2198; x_wconf 79' lang='grc' dir='ltr'><strong>δέ</strong></span> <span class='ocrx_word' id='word_1_278' title='bbox 860 2144 1017 2216; x_wconf 86' lang='grc' dir='ltr'>δίκην</span> <span class='ocrx_word' id='word_1_279' title='bbox 1043 2145 1402 2213; x_wconf 82' lang='grc' dir='ltr'>ἀποίσονται;</span> <span class='ocrx_word' id='word_1_280' title='bbox 1429 2149 1478 2201; x_wconf 87' lang='grc' dir='ltr'><strong>εί</strong></span> <span class='ocrx_word' id='word_1_281' title='bbox 1506 2147 1563 2200; x_wconf 77' lang='grc' dir='ltr'><strong>δὲ</strong></span> <span class='ocrx_word' id='word_1_282' title='bbox 1596 2146 1716 2200; x_wconf 87' lang='grc' dir='ltr'>θεῖα</span> <span class='ocrx_word' id='word_1_283' title='bbox 1745 2147 1835 2200; x_wconf 84' lang='grc' dir='ltr'><strong>λό-</strong></span> 
     </span>
    </p>
   </div>
   <div class='ocr_carea' id='block_1_39' title="bbox 260 2237 1835 2311">
    <p class='ocr_par' dir='ltr' id='par_1_39' title="bbox 260 2237 1835 2311">
     <span class='ocr_line' id='line_1_39' title="bbox 260 2237 1835 2311; baseline 0.003 -21"><span class='ocrx_word' id='word_1_284' title='bbox 260 2254 359 2305; x_wconf 87' lang='grc' dir='ltr'><strong>για</strong></span> <span class='ocrx_word' id='word_1_285' title='bbox 418 2238 516 2291; x_wconf 67' lang='lat' dir='ltr'><strong>an</strong></span> <span class='ocrx_word' id='word_1_286' title='bbox 569 2238 737 2308; x_wconf 66' lang='grc' dir='ltr'>ἱερεῖς</span> <span class='ocrx_word' id='word_1_287' title='bbox 791 2237 1231 2306; x_wconf 84' lang='grc' dir='ltr'>ἐπιστεύθησαν,</span> <span class='ocrx_word' id='word_1_288' title='bbox 1280 2239 1381 2293; x_wconf 82' lang='grc' dir='ltr'><strong>οὑκ</strong></span> <span class='ocrx_word' id='word_1_289' title='bbox 1420 2240 1729 2311; x_wconf 80' lang='grc' dir='ltr'>ἐφρόνησαν</span> <span class='ocrx_word' id='word_1_290' title='bbox 1778 2239 1835 2295; x_wconf 79' lang='grc' dir='ltr'><strong>δέ</strong></span> 
     </span>
    </p>
   </div>
   <div class='ocr_carea' id='block_1_40' title="bbox 261 2327 1833 2401">
    <p class='ocr_par' dir='ltr' id='par_1_40' title="bbox 261 2327 1833 2401">
     <span class='ocr_line' id='line_1_40' title="bbox 261 2327 1833 2401; baseline 0.001 -18"><span class='ocrx_word' id='word_1_291' title='bbox 261 2330 509 2383; x_wconf 76' lang='grc' dir='ltr'>συνιέναι</span> <span class='ocrx_word' id='word_1_292' title='bbox 554 2329 715 2383; x_wconf 78' lang='grc' dir='ltr'>αὐτά.</span> <span class='ocrx_word' id='word_1_293' title='bbox 782 2327 955 2398; x_wconf 79' lang='grc' dir='ltr'><strong>Ἀνὴρ</strong></span> <span class='ocrx_word' id='word_1_294' title='bbox 1001 2328 1111 2401; x_wconf 82' lang='grc' dir='ltr'>γὰρ</span> <span class='ocrx_word' id='word_1_295' title='bbox 1157 2330 1363 2399; x_wconf 68' lang='grc' dir='ltr'>ἄφρων</span> <span class='ocrx_word' id='word_1_296' title='bbox 1406 2332 1479 2385; x_wconf 88' lang='grc' dir='ltr'>οὐ</span> <span class='ocrx_word' id='word_1_297' title='bbox 1512 2329 1833 2401; x_wconf 74' lang='grc' dir='ltr'>γνώσεται,</span> 
     </span>
    </p>
   </div>
   <div class='ocr_carea' id='block_1_41' title="bbox 261 2420 1837 2490">
    <p class='ocr_par' dir='ltr' id='par_1_41' title="bbox 261 2420 1837 2490">
     <span class='ocr_line' id='line_1_41' title="bbox 261 2420 1837 2490; baseline -0.001 -13"><span class='ocrx_word' id='word_1_298' title='bbox 261 2421 362 2477; x_wconf 78' lang='grc' dir='ltr'><strong>καί</strong></span> <span class='ocrx_word' id='word_1_299' title='bbox 390 2421 690 2487; x_wconf 80' lang='grc' dir='ltr'>ἀσύνετος</span> <span class='ocrx_word' id='word_1_300' title='bbox 730 2424 804 2476; x_wconf 86' lang='grc' dir='ltr'>οὐ</span> <span class='ocrx_word' id='word_1_301' title='bbox 827 2420 1097 2490; x_wconf 82' lang='grc' dir='ltr'>συνήσει</span> <span class='ocrx_word' id='word_1_302' title='bbox 1128 2421 1337 2476; x_wconf 83' lang='grc' dir='ltr'>ταῦτα.</span> <span class='ocrx_word' id='word_1_303' title='bbox 1370 2424 1467 2475; x_wconf 82' lang='grc' dir='ltr'><strong>Διὰ</strong></span> <span class='ocrx_word' id='word_1_304' title='bbox 1498 2421 1657 2477; x_wconf 85' lang='grc' dir='ltr'>τοῦτο</span> <span class='ocrx_word' id='word_1_305' title='bbox 1686 2423 1837 2476; x_wconf 86' lang='grc' dir='ltr'>δοκι-</span> 
     </span>
    </p>
   </div>
   <div class='ocr_carea' id='block_1_42' title="bbox 265 2511 1834 2586">
    <p class='ocr_par' dir='ltr' id='par_1_42' title="bbox 265 2511 1834 2586">
     <span class='ocr_line' id='line_1_42' title="bbox 265 2511 1834 2586; baseline 0 -19"><span class='ocrx_word' id='word_1_306' title='bbox 265 2513 568 2586; x_wconf 87' lang='grc' dir='ltr'>μασθέντες</span> <span class='ocrx_word' id='word_1_307' title='bbox 593 2512 670 2575; x_wconf 84' lang='grc' dir='ltr'>ὡς</span> <span class='ocrx_word' id='word_1_308' title='bbox 701 2511 763 2565; x_wconf 72' lang='grc' dir='ltr'>οὐ</span> <span class='ocrx_word' id='word_1_309' title='bbox 795 2511 1051 2566; x_wconf 79' lang='grc' dir='ltr'>λαλοῦσιν</span> <span class='ocrx_word' id='word_1_310' title='bbox 1079 2515 1145 2567; x_wconf 86' lang='grc' dir='ltr'><strong>ἐκ</strong></span> <span class='ocrx_word' id='word_1_311' title='bbox 1174 2512 1268 2568; x_wconf 89' lang='grc' dir='ltr'><strong>τοῦ</strong></span> <span class='ocrx_word' id='word_1_312' title='bbox 1310 2513 1456 2567; x_wconf 80' lang='grc' dir='ltr'>θείου</span> <span class='ocrx_word' id='word_1_313' title='bbox 1495 2514 1834 2584; x_wconf 85' lang='grc' dir='ltr'>Πνεύματος,</span> 
     </span>
    </p>
   </div>
   <div class='ocr_carea' id='block_1_43' title="bbox 262 2602 1556 2674">
    <p class='ocr_par' dir='ltr' id='par_1_43' title="bbox 262 2602 1556 2674">
     <span class='ocr_line' id='line_1_43' title="bbox 262 2602 1556 2674; baseline -0.003 -15"><span class='ocrx_word' id='word_1_314' title='bbox 262 2609 329 2659; x_wconf 87' lang='grc' dir='ltr'><strong>ἐκ</strong></span> <span class='ocrx_word' id='word_1_315' title='bbox 356 2602 452 2658; x_wconf 91' lang='grc' dir='ltr'><strong>τοῦ</strong></span> <span class='ocrx_word' id='word_1_316' title='bbox 482 2602 727 2657; x_wconf 83' lang='grc' dir='ltr'>ἐναντίου</span> <span class='ocrx_word' id='word_1_317' title='bbox 756 2602 864 2673; x_wconf 77' lang='grc' dir='ltr'><strong>ἄρα</strong></span> <span class='ocrx_word' id='word_1_318' title='bbox 891 2602 1177 2666; x_wconf 85' lang='grc' dir='ltr'>λαλοῦντες</span> <span class='ocrx_word' id='word_1_319' title='bbox 1199 2602 1556 2674; x_wconf 82' lang='grc' dir='ltr'>ὀφθήσονται.</span> 
     </span>
    </p>
   </div>
   <div class='ocr_carea' id='block_1_44' title="bbox 334 2691 1837 2765">
    <p class='ocr_par' dir='ltr' id='par_1_44' title="bbox 334 2691 1837 2765">
     <span class='ocr_line' id='line_1_44' title="bbox 334 2691 1837 2765; baseline -0.001 -20"><span class='ocrx_word' id='word_1_320' title='bbox 334 2694 445 2758; x_wconf 82' lang='grc' dir='ltr'>λς’.</span> <span class='ocrx_word' id='word_1_321' title='bbox 490 2691 849 2764; x_wconf 72' lang='grc' dir='ltr'>Προσᾳδέσθω</span> <span class='ocrx_word' id='word_1_322' title='bbox 878 2692 933 2744; x_wconf 88' lang='grc' dir='ltr'><strong>δέ</strong></span> <span class='ocrx_word' id='word_1_323' title='bbox 979 2692 1055 2761; x_wconf 79' lang='grc' dir='ltr'>τῷ</span> <span class='ocrx_word' id='word_1_324' title='bbox 1099 2693 1353 2765; x_wconf 81' lang='grc' dir='ltr'><strong>προφήτῃ</strong></span> <span class='ocrx_word' id='word_1_325' title='bbox 1389 2694 1502 2755; x_wconf 88' lang='grc' dir='ltr'>τοῖς</span> <span class='ocrx_word' id='word_1_326' title='bbox 1527 2692 1837 2762; x_wconf 73' lang='grc' dir='ltr'>εἰρημένοις</span> 
     </span>
    </p>
   </div>
   <div class='ocr_carea' id='block_1_45' title="bbox 261 2782 1836 2857">
    <p class='ocr_par' dir='ltr' id='par_1_45' title="bbox 261 2782 1836 2857">
     <span class='ocr_line' id='line_1_45' title="bbox 261 2782 1836 2857; baseline -0.001 -18"><span class='ocrx_word' id='word_1_327' title='bbox 261 2784 535 2839; x_wconf 79' lang='grc' dir='ltr'>ἀκόλουθα</span> <span class='ocrx_word' id='word_1_328' title='bbox 554 2824 570 2848; x_wconf 93' lang='grc'><strong>,</strong></span> <span class='ocrx_word' id='word_1_329' title='bbox 599 2783 731 2837; x_wconf 74' lang='grc' dir='ltr'>αὐτὸ</span> <span class='ocrx_word' id='word_1_330' title='bbox 759 2782 823 2854; x_wconf 82' lang='grc' dir='ltr'><strong>δὴ</strong></span> <span class='ocrx_word' id='word_1_331' title='bbox 854 2783 915 2836; x_wconf 82' lang='grc' dir='ltr'><strong>τὸ</strong></span> <span class='ocrx_word' id='word_1_332' title='bbox 955 2785 1013 2835; x_wconf 84' lang='grc' dir='ltr'><strong>ἐν</strong></span> <span class='ocrx_word' id='word_1_333' title='bbox 1038 2784 1157 2854; x_wconf 88' lang='grc' dir='ltr'><strong>Θεῷ</strong></span> <span class='ocrx_word' id='word_1_334' title='bbox 1189 2784 1434 2857; x_wconf 73' lang='grc' dir='ltr'>ἱδρῦσθαι</span> <span class='ocrx_word' id='word_1_335' title='bbox 1466 2786 1565 2854; x_wconf 80' lang='grc' dir='ltr'>τὴν</span> <span class='ocrx_word' id='word_1_336' title='bbox 1604 2785 1836 2855; x_wconf 72' lang='grc' dir='ltr'>Ἐκκλη-</span> 
     </span>
    </p>
   </div>
   <div class='ocr_carea' id='block_1_46' title="bbox 263 2876 1839 2945">
    <p class='ocr_par' dir='ltr' id='par_1_46' title="bbox 263 2876 1839 2945">
     <span class='ocr_line' id='line_1_46' title="bbox 263 2876 1839 2945; baseline 0 -15"><span class='ocrx_word' id='word_1_337' title='bbox 263 2878 388 2930; x_wconf 88' lang='grc' dir='ltr'>σίαν</span> <span class='ocrx_word' id='word_1_338' title='bbox 416 2878 512 2930; x_wconf 78' lang='grc' dir='ltr'>καὶ</span> <span class='ocrx_word' id='word_1_339' title='bbox 540 2876 816 2943; x_wconf 83' lang='grc' dir='ltr'>διαμένειν</span> <span class='ocrx_word' id='word_1_340' title='bbox 858 2876 1217 2945; x_wconf 72' lang='grc' dir='ltr'>ἅκράδαντονο</span> <span class='ocrx_word' id='word_1_341' title='bbox 1272 2877 1336 2929; x_wconf 89' lang='lat'><strong>&#39;0</strong></span> <span class='ocrx_word' id='word_1_342' title='bbox 1380 2876 1526 2941; x_wconf 83' lang='grc' dir='ltr'>Θεὸς</span> <span class='ocrx_word' id='word_1_343' title='bbox 1565 2876 1636 2929; x_wconf 85' lang='grc' dir='ltr'><strong>ἐν</strong></span> <span class='ocrx_word' id='word_1_344' title='bbox 1674 2876 1839 2945; x_wconf 86' lang='grc' dir='ltr'><strong>μέσῳ</strong></span> 
     </span>
    </p>
   </div>
   <div class='ocr_carea' id='block_1_47' title="bbox 260 2966 1838 3035">
    <p class='ocr_par' dir='ltr' id='par_1_47' title="bbox 260 2966 1838 3035">
     <span class='ocr_line' id='line_1_47' title="bbox 260 2966 1838 3035; baseline -0.003 -12"><span class='ocrx_word' id='word_1_345' title='bbox 260 2967 455 3035; x_wconf 83' lang='grc' dir='ltr'>αὐτῆς</span> <span class='ocrx_word' id='word_1_346' title='bbox 487 2969 584 3020; x_wconf 76' lang='grc' dir='ltr'><strong>καί</strong></span> <span class='ocrx_word' id='word_1_347' title='bbox 624 2970 698 3021; x_wconf 82' lang='grc' dir='ltr'>οὐ</span> <span class='ocrx_word' id='word_1_348' title='bbox 744 2967 1226 3035; x_wconf 71' lang='grc' dir='ltr'>σαλευθήσεται,</span> <span class='ocrx_word' id='word_1_349' title='bbox 1268 2967 1571 3034; x_wconf 80' lang='grc' dir='ltr'>βοηθήσει</span> <span class='ocrx_word' id='word_1_350' title='bbox 1606 2966 1760 3034; x_wconf 85' lang='grc' dir='ltr'><strong>αὐτῇ</strong></span> <span class='ocrx_word' id='word_1_351' title='bbox 1805 2970 1838 3018; x_wconf 81' lang='grc' dir='ltr'><strong><em>ό</em></strong></span> 
     </span>
    </p>
   </div>
   <div class='ocr_carea' id='block_1_48' title="bbox 263 3056 1839 3128">
    <p class='ocr_par' dir='ltr' id='par_1_48' title="bbox 263 3056 1839 3128">
     <span class='ocr_line' id='line_1_48' title="bbox 263 3056 1839 3128; baseline -0.002 -16"><span class='ocrx_word' id='word_1_352' title='bbox 263 3058 413 3122; x_wconf 81' lang='grc' dir='ltr'>Θεὸς</span> <span class='ocrx_word' id='word_1_353' title='bbox 453 3056 519 3109; x_wconf 89' lang='grc' dir='ltr'>τὸ</span> <span class='ocrx_word' id='word_1_354' title='bbox 563 3056 874 3125; x_wconf 79' lang='grc' dir='ltr'>προσπρωτ</span> <span class='ocrx_word' id='word_1_355' title='bbox 905 3058 1077 3123; x_wconf 81' lang='grc' dir='ltr'><strong>πρωΐ.</strong></span> <span class='ocrx_word' id='word_1_356' title='bbox 1117 3057 1237 3109; x_wconf 82' lang='grc' dir='ltr'>Κᾶν</span> <span class='ocrx_word' id='word_1_357' title='bbox 1280 3058 1540 3128; x_wconf 69' lang='grc' dir='ltr'>μυριάκις</span> <span class='ocrx_word' id='word_1_358' title='bbox 1580 3057 1687 3109; x_wconf 84' lang='grc' dir='ltr'>τῶν</span> <span class='ocrx_word' id='word_1_359' title='bbox 1716 3058 1839 3109; x_wconf 70' lang='grc' dir='ltr'>ἀνοι</span> 
     </span>
    </p>
   </div>
   <div class='ocr_carea' id='block_1_49' title="bbox 265 3145 1838 3218">
    <p class='ocr_par' dir='ltr' id='par_1_49' title="bbox 265 3145 1838 3218">
     <span class='ocr_line' id='line_1_49' title="bbox 265 3145 1838 3218; baseline -0.002 -18"><span class='ocrx_word' id='word_1_360' title='bbox 265 3148 512 3218; x_wconf 84' lang='grc' dir='ltr'>μούντων</span> <span class='ocrx_word' id='word_1_361' title='bbox 554 3149 610 3199; x_wconf 90' lang='grc' dir='ltr'>αἱ</span> <span class='ocrx_word' id='word_1_362' title='bbox 662 3146 1057 3217; x_wconf 83' lang='grc' dir='ltr'>κακεργάτιδες</span> <span class='ocrx_word' id='word_1_363' title='bbox 1103 3147 1360 3213; x_wconf 80' lang='grc' dir='ltr'>ἀπειλαὶ,</span> <span class='ocrx_word' id='word_1_364' title='bbox 1405 3145 1730 3216; x_wconf 81' lang='grc' dir='ltr'>ἐπομὸρίαις</span> <span class='ocrx_word' id='word_1_365' title='bbox 1780 3148 1838 3198; x_wconf 87' lang='grc' dir='ltr'><strong>ἐν</strong></span> 
     </span>
    </p>
   </div>
   <div class='ocr_carea' id='block_1_50' title="bbox 1936 1959 3521 2035">
    <p class='ocr_par' dir='ltr' id='par_1_50' title="bbox 1936 1959 3521 2035">
     <span class='ocr_line' id='line_1_50' title="bbox 1936 1959 3521 2035; baseline 0.005 -22"><span class='ocrx_word' id='word_1_366' title='bbox 1936 1959 2117 2029; x_wconf 78' lang='lat' dir='ltr'><strong>potius</strong></span> <span class='ocrx_word' id='word_1_367' title='bbox 2159 1966 2322 2029; x_wconf 85' lang='lat' dir='ltr'><strong>atque</strong></span> <span class='ocrx_word' id='word_1_368' title='bbox 2356 1960 2617 2025; x_wconf 66' lang='lat' dir='ltr'><strong>insanias;</strong></span> <span class='ocrx_word' id='word_1_369' title='bbox 2647 1962 2719 2015; x_wconf 89' lang='lat' dir='ltr'><strong>ita</strong></span> <span class='ocrx_word' id='word_1_370' title='bbox 2775 1972 2830 2015; x_wconf 91' lang='lat' dir='ltr'><strong>ut</strong></span> <span class='ocrx_word' id='word_1_371' title='bbox 2862 1972 2917 2017; x_wconf 91' lang='lat' dir='ltr'><strong>et</strong></span> <span class='ocrx_word' id='word_1_372' title='bbox 2968 1965 3077 2018; x_wconf 85' lang='lat' dir='ltr'><strong>risu</strong></span> <span class='ocrx_word' id='word_1_373' title='bbox 3123 1963 3271 2035; x_wconf 77' lang='lat' dir='ltr'><strong>digni</strong></span> <span class='ocrx_word' id='word_1_374' title='bbox 3305 1967 3439 2031; x_wconf 85' lang='lat' dir='ltr'><strong>sint,</strong></span> <span class='ocrx_word' id='word_1_375' title='bbox 3466 1977 3521 2021; x_wconf 81' lang='lat' dir='ltr'><strong>et</strong></span> 
     </span>
    </p>
   </div>
   <div class='ocr_carea' id='block_1_51' title="bbox 1935 2054 3517 2123">
    <p class='ocr_par' dir='ltr' id='par_1_51' title="bbox 1935 2054 3517 2123">
     <span class='ocr_line' id='line_1_51' title="bbox 1935 2054 3517 2123; baseline 0.006 -19"><span class='ocrx_word' id='word_1_376' title='bbox 1935 2060 2209 2105; x_wconf 79' lang='lat' dir='ltr'><strong>extremas</strong></span> <span class='ocrx_word' id='word_1_377' title='bbox 2236 2065 2426 2121; x_wconf 66' lang='lat' dir='ltr'><strong>plenas</strong></span> <span class='ocrx_word' id='word_1_378' title='bbox 2469 2054 2679 2117; x_wconf 83' lang='lat' dir='ltr'><strong>daturi;</strong></span> <span class='ocrx_word' id='word_1_379' title='bbox 2746 2054 3017 2123; x_wconf 81' lang='lat' dir='ltr'><strong>siquidem</strong></span> <span class='ocrx_word' id='word_1_380' title='bbox 3046 2054 3228 2110; x_wconf 86' lang='lat' dir='ltr'><strong>divina</strong></span> <span class='ocrx_word' id='word_1_381' title='bbox 3274 2059 3517 2120; x_wconf 74' lang='lat' dir='ltr'><strong>oracula.</strong></span> 
     </span>
    </p>
   </div>
   <div class='ocr_carea' id='block_1_52' title="bbox 1937 2142 3520 2215">
    <p class='ocr_par' dir='ltr' id='par_1_52' title="bbox 1937 2142 3520 2215">
     <span class='ocr_line' id='line_1_52' title="bbox 1937 2142 3520 2215; baseline 0.003 -18"><span class='ocrx_word' id='word_1_382' title='bbox 1937 2142 2069 2211; x_wconf 87' lang='lat' dir='ltr'><strong>ipsis</strong></span> <span class='ocrx_word' id='word_1_383' title='bbox 2107 2156 2200 2195; x_wconf 83' lang='lat' dir='ltr'><strong>seu</strong></span> <span class='ocrx_word' id='word_1_384' title='bbox 2238 2142 2613 2197; x_wconf 77' lang='lat' dir='ltr'><strong>sacerdotibus</strong></span> <span class='ocrx_word' id='word_1_385' title='bbox 2646 2144 2964 2206; x_wconf 80' lang='lat' dir='ltr'><strong>commissa,</strong></span> <span class='ocrx_word' id='word_1_386' title='bbox 2991 2157 3129 2198; x_wconf 87' lang='lat' dir='ltr'><strong>sano</strong></span> <span class='ocrx_word' id='word_1_387' title='bbox 3159 2147 3381 2215; x_wconf 74' lang='lat' dir='ltr'><strong>ingenio</strong></span> <span class='ocrx_word' id='word_1_388' title='bbox 3412 2163 3520 2202; x_wconf 85' lang='lat' dir='ltr'><strong>non</strong></span> 
     </span>
    </p>
   </div>
   <div class='ocr_carea' id='block_1_53' title="bbox 1938 2234 3520 2303">
    <p class='ocr_par' dir='ltr' id='par_1_53' title="bbox 1938 2234 3520 2303">
     <span class='ocr_line' id='line_1_53' title="bbox 1938 2234 3520 2303; baseline 0.004 -16"><span class='ocrx_word' id='word_1_389' title='bbox 1938 2234 2224 2289; x_wconf 84' lang='lat' dir='ltr'><strong>valuerunt</strong></span> <span class='ocrx_word' id='word_1_390' title='bbox 2284 2234 2588 2303; x_wconf 84' lang='lat' dir='ltr'><strong>percipere.</strong></span> <span class='ocrx_word' id='word_1_391' title='bbox 2618 2234 2753 2289; x_wconf 82' lang='lat' dir='ltr'><strong>Nam</strong></span> <span class='ocrx_word' id='word_1_392' title='bbox 2818 2234 2913 2288; x_wconf 84' lang='lat' dir='ltr'><strong>Vir</strong></span> <span class='ocrx_word' id='word_1_393' title='bbox 2975 2236 3227 2302; x_wconf 75' lang='lat' dir='ltr'><strong>insipiens</strong></span> <span class='ocrx_word' id='word_1_394' title='bbox 3276 2254 3379 2291; x_wconf 83' lang='lat' dir='ltr'><strong>non</strong></span> <span class='ocrx_word' id='word_1_395' title='bbox 3426 2254 3520 2293; x_wconf 81' lang='lat' dir='ltr'><strong>co-</strong></span> 
     </span>
    </p>
   </div>
   <div class='ocr_carea' id='block_1_54' title="bbox 1935 2326 3516 2399">
    <p class='ocr_par' dir='ltr' id='par_1_54' title="bbox 1935 2326 3516 2399">
     <span class='ocr_line' id='line_1_54' title="bbox 1935 2326 3516 2399; baseline 0.003 -18"><span class='ocrx_word' id='word_1_396' title='bbox 1935 2337 2167 2397; x_wconf 79' lang='lat' dir='ltr'><strong>gnoscet,</strong></span> <span class='ocrx_word' id='word_1_397' title='bbox 2214 2338 2262 2381; x_wconf 88' lang='lat' dir='ltr'><strong>et</strong></span> <span class='ocrx_word' id='word_1_398' title='bbox 2291 2326 2485 2381; x_wconf 83' lang='lat' dir='ltr'><strong>stultus</strong></span> <span class='ocrx_word' id='word_1_399' title='bbox 2537 2343 2640 2381; x_wconf 88' lang='lat' dir='ltr'><strong>non</strong></span> <span class='ocrx_word' id='word_1_400' title='bbox 2670 2327 2929 2397; x_wconf 76' lang='lat' dir='ltr'><strong>intelliget</strong></span> <span class='ocrx_word' id='word_1_401' title='bbox 2989 2330 3101 2381; x_wconf 78' lang='lat' dir='ltr'><strong>Ita-c</strong></span> <span class='ocrx_word' id='word_1_402' title='bbox 3130 2329 3175 2381; x_wconf 83' lang='grc'><strong>⁸.</strong></span> <span class='ocrx_word' id='word_1_403' title='bbox 3207 2328 3349 2399; x_wconf 75' lang='lat' dir='ltr'><strong>Ergo</strong></span> <span class='ocrx_word' id='word_1_404' title='bbox 3393 2346 3516 2385; x_wconf 88' lang='lat' dir='ltr'><strong>cum</strong></span> 
     </span>
    </p>
   </div>
   <div class='ocr_carea' id='block_1_55' title="bbox 1943 2418 3517 2488">
    <p class='ocr_par' dir='ltr' id='par_1_55' title="bbox 1943 2418 3517 2488">
     <span class='ocr_line' id='line_1_55' title="bbox 1943 2418 3517 2488; baseline 0.002 -17"><span class='ocrx_word' id='word_1_405' title='bbox 1943 2418 2284 2488; x_wconf 77' lang='lat' dir='ltr'><strong>exploratum</strong></span> <span class='ocrx_word' id='word_1_406' title='bbox 2333 2419 2425 2482; x_wconf 86' lang='lat' dir='ltr'><strong>sit,</strong></span> <span class='ocrx_word' id='word_1_407' title='bbox 2451 2432 2547 2473; x_wconf 87' lang='lat' dir='ltr'><strong>eos</strong></span> <span class='ocrx_word' id='word_1_408' title='bbox 2572 2433 2601 2472; x_wconf 87' lang='lat' dir='ltr'><strong>a</strong></span> <span class='ocrx_word' id='word_1_409' title='bbox 2629 2419 2820 2473; x_wconf 85' lang='lat' dir='ltr'><strong>divino</strong></span> <span class='ocrx_word' id='word_1_410' title='bbox 2849 2418 3055 2488; x_wconf 80' lang='lat' dir='ltr'><strong>Spiritu</strong></span> <span class='ocrx_word' id='word_1_411' title='bbox 3090 2419 3375 2475; x_wconf 85' lang='lat' dir='ltr'><strong>instinctos</strong></span> <span class='ocrx_word' id='word_1_412' title='bbox 3409 2437 3517 2476; x_wconf 87' lang='lat' dir='ltr'><strong>non</strong></span> 
     </span>
    </p>
   </div>
   <div class='ocr_carea' id='block_1_56' title="bbox 1939 2510 3515 2581">
    <p class='ocr_par' dir='ltr' id='par_1_56' title="bbox 1939 2510 3515 2581">
     <span class='ocr_line' id='line_1_56' title="bbox 1939 2510 3515 2581; baseline 0.003 -17"><span class='ocrx_word' id='word_1_413' title='bbox 1939 2510 2106 2578; x_wconf 85' lang='lat' dir='ltr'><strong>loqui,</strong></span> <span class='ocrx_word' id='word_1_414' title='bbox 2144 2525 2174 2562; x_wconf 89' lang='lat' dir='ltr'><strong>a</strong></span> <span class='ocrx_word' id='word_1_415' title='bbox 2209 2511 2484 2565; x_wconf 87' lang='lat' dir='ltr'><strong>contrario</strong></span> <span class='ocrx_word' id='word_1_416' title='bbox 2528 2520 2803 2580; x_wconf 86' lang='lat' dir='ltr'><strong>permotos</strong></span> <span class='ocrx_word' id='word_1_417' title='bbox 2847 2511 2988 2580; x_wconf 86' lang='lat' dir='ltr'><strong>loqui</strong></span> <span class='ocrx_word' id='word_1_418' title='bbox 3017 2522 3356 2581; x_wconf 87' lang='lat' dir='ltr'><strong>compertum</strong></span> <span class='ocrx_word' id='word_1_419' title='bbox 3405 2523 3515 2571; x_wconf 90' lang='lat' dir='ltr'><strong>est.</strong></span> 
     </span>
    </p>
   </div>
   <div class='ocr_carea' id='block_1_57' title="bbox 2012 2684 3515 2754">
    <p class='ocr_par' dir='ltr' id='par_1_57' title="bbox 2012 2684 3515 2754">
     <span class='ocr_line' id='line_1_57' title="bbox 2012 2684 3515 2754; baseline 0 -16"><span class='ocrx_word' id='word_1_420' title='bbox 2012 2687 2098 2740; x_wconf 74' lang='lat'><strong>56.</strong></span> <span class='ocrx_word' id='word_1_421' title='bbox 2123 2687 2290 2739; x_wconf 68' lang='lat' dir='ltr'><strong>(lauat</strong></span> <span class='ocrx_word' id='word_1_422' title='bbox 2332 2696 2513 2739; x_wconf 82' lang='lat' dir='ltr'><strong>autem</strong></span> <span class='ocrx_word' id='word_1_423' title='bbox 2561 2684 2719 2739; x_wconf 87' lang='lat' dir='ltr'><strong>nobis</strong></span> <span class='ocrx_word' id='word_1_424' title='bbox 2769 2686 3033 2754; x_wconf 84' lang='lat' dir='ltr'><strong>pmpbeta</strong></span> <span class='ocrx_word' id='word_1_425' title='bbox 3068 2685 3345 2753; x_wconf 55' lang='lat' dir='ltr'><strong>pra’dictis</strong></span> <span class='ocrx_word' id='word_1_426' title='bbox 3379 2701 3515 2741; x_wconf 83' lang='lat' dir='ltr'><strong>con--</strong></span> 
     </span>
    </p>
   </div>
   <div class='ocr_carea' id='block_1_58' title="bbox 1939 2775 3516 2846">
    <p class='ocr_par' dir='ltr' id='par_1_58' title="bbox 1939 2775 3516 2846">
     <span class='ocr_line' id='line_1_58' title="bbox 1939 2775 3516 2846; baseline 0.001 -15"><span class='ocrx_word' id='word_1_427' title='bbox 1939 2792 2092 2842; x_wconf 72' lang='lat' dir='ltr'><strong>sons,</strong></span> <span class='ocrx_word' id='word_1_428' title='bbox 2136 2792 2331 2846; x_wconf 87' lang='lat' dir='ltr'><strong>nempe</strong></span> <span class='ocrx_word' id='word_1_429' title='bbox 2374 2778 2424 2829; x_wconf 91' lang='lat' dir='ltr'><strong>in</strong></span> <span class='ocrx_word' id='word_1_430' title='bbox 2474 2775 2584 2830; x_wconf 84' lang='lat' dir='ltr'><strong>Deo</strong></span> <span class='ocrx_word' id='word_1_431' title='bbox 2624 2778 2901 2830; x_wconf 79' lang='lat' dir='ltr'><strong>fundatam</strong></span> <span class='ocrx_word' id='word_1_432' title='bbox 2937 2776 3236 2831; x_wconf 67' lang='lat' dir='ltr'><strong>Ecl-lesiam</strong></span> <span class='ocrx_word' id='word_1_433' title='bbox 3295 2794 3516 2833; x_wconf 85' lang='lat' dir='ltr'><strong>manere</strong></span> 
     </span>
    </p>
   </div>
   <div class='ocr_carea' id='block_1_59' title="bbox 1942 2868 3516 2938">
    <p class='ocr_par' dir='ltr' id='par_1_59' title="bbox 1942 2868 3516 2938">
     <span class='ocr_line' id='line_1_59' title="bbox 1942 2868 3516 2938; baseline 0.001 -16"><span class='ocrx_word' id='word_1_434' title='bbox 1942 2870 2267 2923; x_wconf 87' lang='lat' dir='ltr'><strong>immobilem</strong></span> <span class='ocrx_word' id='word_1_435' title='bbox 2297 2886 2313 2923; x_wconf 89' lang='lat'><strong>:</strong></span> <span class='ocrx_word' id='word_1_436' title='bbox 2340 2869 2478 2921; x_wconf 83' lang='lat' dir='ltr'><strong>Deus</strong></span> <span class='ocrx_word' id='word_1_437' title='bbox 2523 2870 2577 2921; x_wconf 89' lang='lat' dir='ltr'><strong>iu</strong></span> <span class='ocrx_word' id='word_1_438' title='bbox 2626 2869 2796 2921; x_wconf 85' lang='lat' dir='ltr'><strong>medio</strong></span> <span class='ocrx_word' id='word_1_439' title='bbox 2847 2868 3047 2938; x_wconf 82' lang='lat' dir='ltr'><strong>ejus,et</strong></span> <span class='ocrx_word' id='word_1_440' title='bbox 3079 2886 3179 2923; x_wconf 87' lang='lat' dir='ltr'><strong>non</strong></span> <span class='ocrx_word' id='word_1_441' title='bbox 3227 2886 3516 2923; x_wconf 75' lang='lat' dir='ltr'><strong>commone-</strong></span> 
     </span>
    </p>
   </div>
   <div class='ocr_carea' id='block_1_60' title="bbox 1940 2960 3514 3030">
    <p class='ocr_par' dir='ltr' id='par_1_60' title="bbox 1940 2960 3514 3030">
     <span class='ocr_line' id='line_1_60' title="bbox 1940 2960 3514 3030; baseline 0.002 -17"><span class='ocrx_word' id='word_1_442' title='bbox 1940 2961 2108 3024; x_wconf 79' lang='lat' dir='ltr'><strong>bitur;</strong></span> <span class='ocrx_word' id='word_1_443' title='bbox 2150 2960 2424 3030; x_wconf 82' lang='lat' dir='ltr'><strong>adjuvabit</strong></span> <span class='ocrx_word' id='word_1_444' title='bbox 2461 2978 2576 3013; x_wconf 79' lang='lat' dir='ltr'><strong>eant</strong></span> <span class='ocrx_word' id='word_1_445' title='bbox 2625 2960 2763 3014; x_wconf 79' lang='lat' dir='ltr'><strong>Deus</strong></span> <span class='ocrx_word' id='word_1_446' title='bbox 2816 2977 2969 3014; x_wconf 84' lang='lat' dir='ltr'><strong>mane</strong></span> <span class='ocrx_word' id='word_1_447' title='bbox 3027 2963 3262 3016; x_wconf 83' lang='lat' dir='ltr'><strong>diluculo</strong></span> <span class='ocrx_word' id='word_1_448' title='bbox 3314 2963 3358 3017; x_wconf 83' lang='lat'><strong>&#39;.</strong></span> <span class='ocrx_word' id='word_1_449' title='bbox 3393 2964 3514 3016; x_wconf 85' lang='lat' dir='ltr'><strong>Mil-</strong></span> 
     </span>
    </p>
   </div>
   <div class='ocr_carea' id='block_1_61' title="bbox 1942 3052 3516 3121">
    <p class='ocr_par' dir='ltr' id='par_1_61' title="bbox 1942 3052 3516 3121">
     <span class='ocr_line' id='line_1_61' title="bbox 1942 3052 3516 3121; baseline 0.003 -16"><span class='ocrx_word' id='word_1_450' title='bbox 1942 3053 2040 3106; x_wconf 89' lang='lat' dir='ltr'><strong>lies</strong></span> <span class='ocrx_word' id='word_1_451' title='bbox 2070 3052 2195 3104; x_wconf 76' lang='lat' dir='ltr'><strong>licet</strong></span> <span class='ocrx_word' id='word_1_452' title='bbox 2236 3053 2527 3121; x_wconf 87' lang='lat' dir='ltr'><strong>impiorum</strong></span> <span class='ocrx_word' id='word_1_453' title='bbox 2566 3054 2821 3105; x_wconf 71' lang='lat' dir='ltr'><strong>maleﬁca:</strong></span> <span class='ocrx_word' id='word_1_454' title='bbox 2859 3054 3020 3107; x_wconf 64' lang='lat' dir='ltr'><strong>urina:</strong></span> <span class='ocrx_word' id='word_1_455' title='bbox 3051 3054 3301 3108; x_wconf 87' lang='lat' dir='ltr'><strong>imbriqu</strong></span> <span class='ocrx_word' id='word_1_456' title='bbox 3342 3056 3516 3109; x_wconf 79' lang='lat' dir='ltr'><strong>instar</strong></span> 
     </span>
    </p>
   </div>
   <div class='ocr_carea' id='block_1_62' title="bbox 1943 3144 3511 3214">
    <p class='ocr_par' dir='ltr' id='par_1_62' title="bbox 1943 3144 3511 3214">
     <span class='ocr_line' id='line_1_62' title="bbox 1943 3144 3511 3214; baseline -0.001 -17"><span class='ocrx_word' id='word_1_457' title='bbox 1943 3146 2172 3206; x_wconf 90' lang='lat' dir='ltr'><strong>irrnant,</strong></span> <span class='ocrx_word' id='word_1_458' title='bbox 2207 3144 2464 3212; x_wconf 89' lang='lat' dir='ltr'><strong>ventique</strong></span> <span class='ocrx_word' id='word_1_459' title='bbox 2493 3144 2748 3212; x_wconf 65' lang='lat' dir='ltr'><strong>nequitiae</strong></span> <span class='ocrx_word' id='word_1_460' title='bbox 2782 3146 3030 3213; x_wconf 72' lang='lat' dir='ltr'><strong>graviore</strong></span> <span class='ocrx_word' id='word_1_461' title='bbox 3055 3146 3253 3214; x_wconf 85' lang='lat' dir='ltr'><strong>impetu</strong></span> <span class='ocrx_word' id='word_1_462' title='bbox 3279 3146 3511 3214; x_wconf 76' lang='lat' dir='ltr'><strong>spirent,</strong></span> 
     </span>
    </p>
   </div>
   <div class='ocr_carea' id='block_1_63' title="bbox 264 3234 1861 3309">
    <p class='ocr_par' dir='ltr' id='par_1_63' title="bbox 264 3235 1836 3308">
     <span class='ocr_line' id='line_1_63' title="bbox 264 3235 1836 3308; baseline -0.002 -18"><span class='ocrx_word' id='word_1_463' title='bbox 264 3238 368 3308; x_wconf 84' lang='grc' dir='ltr'>ῐσῳ</span> <span class='ocrx_word' id='word_1_464' title='bbox 403 3237 833 3306; x_wconf 77' lang='grc' dir='ltr'>κατασκήψειαν,</span> <span class='ocrx_word' id='word_1_465' title='bbox 867 3237 964 3290; x_wconf 70' lang='grc' dir='ltr'><strong>καὶ</strong></span> <span class='ocrx_word' id='word_1_466' title='bbox 990 3236 1059 3288; x_wconf 85' lang='grc' dir='ltr'>τὰ</span> <span class='ocrx_word' id='word_1_467' title='bbox 1100 3236 1388 3307; x_wconf 85' lang='grc' dir='ltr'>πνεύματα</span> <span class='ocrx_word' id='word_1_468' title='bbox 1438 3237 1535 3305; x_wconf 84' lang='grc' dir='ltr'>τῆς</span> <span class='ocrx_word' id='word_1_469' title='bbox 1571 3235 1836 3306; x_wconf 83' lang='grc' dir='ltr'>πονηρίας</span> 
     </span>
    </p>
   </div>
   <div class='ocr_carea' id='block_1_64' title="bbox 1939 3234 3515 3309">
    <p class='ocr_par' dir='ltr' id='par_1_64' title="bbox 1943 3234 3515 3308">
     <span class='ocr_line' id='line_1_64' title="bbox 1943 3234 3515 3308; baseline 0.002 -20"><span class='ocrx_word' id='word_1_470' title='bbox 1943 3245 2320 3303; x_wconf 87' lang='lat' dir='ltr'><strong>torrentesque</strong></span> <span class='ocrx_word' id='word_1_471' title='bbox 2351 3234 2647 3304; x_wconf 77' lang='lat' dir='ltr'><strong>impietatis</strong></span> <span class='ocrx_word' id='word_1_472' title='bbox 2675 3245 2951 3301; x_wconf 73' lang='lat' dir='ltr'><strong>strepente</strong></span> <span class='ocrx_word' id='word_1_473' title='bbox 3000 3235 3164 3290; x_wconf 87' lang='lat' dir='ltr'><strong>ﬂuctu</strong></span> <span class='ocrx_word' id='word_1_474' title='bbox 3211 3254 3515 3308; x_wconf 77' lang='lat' dir='ltr'><strong>utagnoque</strong></span> 
     </span>
    </p>
   </div>
   <div class='ocr_carea' id='block_1_65' title="bbox 263 3326 1837 3399">
    <p class='ocr_par' dir='ltr' id='par_1_65' title="bbox 263 3326 1837 3399">
     <span class='ocr_line' id='line_1_65' title="bbox 263 3326 1837 3399; baseline -0.001 -19"><span class='ocrx_word' id='word_1_475' title='bbox 263 3330 704 3399; x_wconf 81' lang='grc' dir='ltr'>προσπνεύσειαν</span> <span class='ocrx_word' id='word_1_476' title='bbox 725 3328 1130 3397; x_wconf 66' lang='grc' dir='ltr'>ῥαγδαιρτερον,</span> <span class='ocrx_word' id='word_1_477' title='bbox 1160 3329 1211 3380; x_wconf 87' lang='grc' dir='ltr'><strong>οί</strong></span> <span class='ocrx_word' id='word_1_478' title='bbox 1238 3328 1525 3399; x_wconf 74' lang='grc' dir='ltr'>χείμαρῤοί</span> <span class='ocrx_word' id='word_1_479' title='bbox 1552 3344 1611 3379; x_wconf 88' lang='grc' dir='ltr'><strong>τε</strong></span> <span class='ocrx_word' id='word_1_480' title='bbox 1634 3326 1837 3396; x_wconf 80' lang='grc' dir='ltr'>καχλά-</span> 
     </span>
    </p>
   </div>
   <div class='ocr_carea' id='block_1_66' title="bbox 262 3418 1838 3489">
    <p class='ocr_par' dir='ltr' id='par_1_66' title="bbox 262 3418 1838 3489">
     <span class='ocr_line' id='line_1_66' title="bbox 262 3418 1838 3489; baseline -0.002 -16"><span class='ocrx_word' id='word_1_481' title='bbox 262 3422 451 3484; x_wconf 68' lang='grc' dir='ltr'>ζοντες</span> <span class='ocrx_word' id='word_1_482' title='bbox 483 3420 582 3488; x_wconf 83' lang='grc' dir='ltr'>τῆς</span> <span class='ocrx_word' id='word_1_483' title='bbox 611 3418 863 3482; x_wconf 74' lang='grc' dir='ltr'>ἀσεϐείας</span> <span class='ocrx_word' id='word_1_484' title='bbox 909 3419 986 3487; x_wconf 82' lang='grc' dir='ltr'><strong>τῷ</strong></span> <span class='ocrx_word' id='word_1_485' title='bbox 1019 3418 1250 3489; x_wconf 74' lang='grc' dir='ltr'>ῥεύματι</span> <span class='ocrx_word' id='word_1_486' title='bbox 1296 3420 1388 3471; x_wconf 72' lang='grc' dir='ltr'><strong>καὶ</strong></span> <span class='ocrx_word' id='word_1_487' title='bbox 1439 3419 1583 3488; x_wconf 84' lang='grc' dir='ltr'>μέγα</span> <span class='ocrx_word' id='word_1_488' title='bbox 1629 3418 1838 3488; x_wconf 84' lang='grc' dir='ltr'>μορμύ-</span> 
     </span>
    </p>
   </div>
   <div class='ocr_carea' id='block_1_67' title="bbox 264 3510 1839 3581">
    <p class='ocr_par' dir='ltr' id='par_1_67' title="bbox 264 3510 1839 3581">
     <span class='ocr_line' id='line_1_67' title="bbox 264 3510 1839 3581; baseline -0.001 -18"><span class='ocrx_word' id='word_1_489' title='bbox 264 3527 453 3581; x_wconf 79' lang='grc' dir='ltr'>ροντες</span> <span class='ocrx_word' id='word_1_490' title='bbox 500 3511 942 3580; x_wconf 77' lang='grc' dir='ltr'>ἐπικυμαίνοιεν·</span> <span class='ocrx_word' id='word_1_491' title='bbox 991 3510 1379 3581; x_wconf 85' lang='grc' dir='ltr'>τεθεμελίωται</span> <span class='ocrx_word' id='word_1_492' title='bbox 1432 3511 1539 3579; x_wconf 75' lang='grc' dir='ltr'>γὰρ</span> <span class='ocrx_word' id='word_1_493' title='bbox 1594 3510 1688 3563; x_wconf 75' lang='grc' dir='ltr'><strong>ἐπὶ</strong></span> <span class='ocrx_word' id='word_1_494' title='bbox 1739 3510 1839 3580; x_wconf 74' lang='grc' dir='ltr'><strong>τὴν</strong></span> 
     </span>
    </p>
   </div>
   <div class='ocr_carea' id='block_1_68' title="bbox 264 3600 1839 3671">
    <p class='ocr_par' dir='ltr' id='par_1_68' title="bbox 264 3600 1839 3671">
     <span class='ocr_line' id='line_1_68' title="bbox 264 3600 1839 3671; baseline -0.001 -18"><span class='ocrx_word' id='word_1_495' title='bbox 264 3602 476 3671; x_wconf 78' lang='grc' dir='ltr'>πέτραν</span> <span class='ocrx_word' id='word_1_496' title='bbox 501 3601 598 3671; x_wconf 80' lang='grc' dir='ltr'><strong>τὴν</strong></span> <span class='ocrx_word' id='word_1_497' title='bbox 636 3603 887 3654; x_wconf 80' lang='grc' dir='ltr'>ἄσειστον</span> <span class='ocrx_word' id='word_1_498' title='bbox 915 3640 928 3662; x_wconf 88' lang='grc'><strong>,</strong></span> <span class='ocrx_word' id='word_1_499' title='bbox 958 3601 1079 3670; x_wconf 73' lang='grc' dir='ltr'>ἥτις</span> <span class='ocrx_word' id='word_1_500' title='bbox 1106 3602 1254 3653; x_wconf 74' lang='grc' dir='ltr'>ἐστὶν</span> <span class='ocrx_word' id='word_1_501' title='bbox 1280 3603 1308 3653; x_wconf 98' lang='lat'><strong>6</strong></span> <span class='ocrx_word' id='word_1_502' title='bbox 1337 3602 1569 3670; x_wconf 78' lang='grc' dir='ltr'>Χριστός</span> <span class='ocrx_word' id='word_1_503' title='bbox 1589 3620 1602 3634; x_wconf 78' lang='grc' dir='ltr'><strong><em>ο</em></strong></span> <span class='ocrx_word' id='word_1_504' title='bbox 1635 3600 1839 3654; x_wconf 81' lang='grc' dir='ltr'>Πάντα</span> 
     </span>
    </p>
   </div>
   <div class='ocr_carea' id='block_1_69' title="bbox 265 3689 1836 3761">
    <p class='ocr_par' dir='ltr' id='par_1_69' title="bbox 265 3689 1836 3761">
     <span class='ocr_line' id='line_1_69' title="bbox 265 3689 1836 3761; baseline -0.013 0"><span class='ocrx_word' id='word_1_505' title='bbox 265 3690 379 3761; x_wconf 72' lang='grc' dir='ltr'><strong>τὰρ</strong></span> <span class='ocrx_word' id='word_1_506' title='bbox 414 3693 531 3743; x_wconf 76' lang='grc' dir='ltr'><strong>ὅσα</strong></span> <span class='ocrx_word' id='word_1_507' title='bbox 570 3690 875 3757; x_wconf 73' lang='grc' dir='ltr'>ἠθέλησεν</span> <span class='ocrx_word' id='word_1_508' title='bbox 901 3692 934 3743; x_wconf 83' lang='grc' dir='ltr'><strong><em>ό</em></strong></span> <span class='ocrx_word' id='word_1_509' title='bbox 973 3691 1185 3757; x_wconf 79' lang='grc' dir='ltr'>Κύριος</span> <span class='ocrx_word' id='word_1_510' title='bbox 1212 3690 1501 3755; x_wconf 75' lang='grc' dir='ltr'>ἐποίησεν</span> <span class='ocrx_word' id='word_1_511' title='bbox 1541 3689 1608 3741; x_wconf 78' lang='grc' dir='ltr'><strong>ἐν</strong></span> <span class='ocrx_word' id='word_1_512' title='bbox 1639 3706 1703 3741; x_wconf 83' lang='grc' dir='ltr'><strong>τε</strong></span> <span class='ocrx_word' id='word_1_513' title='bbox 1735 3692 1836 3741; x_wconf 83' lang='grc' dir='ltr'><strong>οὐ·</strong></span> 
     </span>
    </p>
   </div>
   <div class='ocr_carea' id='block_1_70' title="bbox 260 3778 1833 3851">
    <p class='ocr_par' dir='ltr' id='par_1_70' title="bbox 260 3778 1833 3851">
     <span class='ocr_line' id='line_1_70' title="bbox 260 3778 1833 3851; baseline -0.006 -14"><span class='ocrx_word' id='word_1_514' title='bbox 260 3781 427 3851; x_wconf 82' lang='grc' dir='ltr'><strong>ρανῷ</strong></span> <span class='ocrx_word' id='word_1_515' title='bbox 460 3781 558 3833; x_wconf 73' lang='grc' dir='ltr'>καὶ</span> <span class='ocrx_word' id='word_1_516' title='bbox 582 3782 679 3833; x_wconf 79' lang='grc' dir='ltr'><strong>ἐπὶ</strong></span> <span class='ocrx_word' id='word_1_517' title='bbox 711 3780 822 3847; x_wconf 80' lang='grc' dir='ltr'>τῆς</span> <span class='ocrx_word' id='word_1_518' title='bbox 850 3778 983 3847; x_wconf 78' lang='grc' dir='ltr'><strong>τῆς.</strong></span> <span class='ocrx_word' id='word_1_519' title='bbox 1021 3778 1469 3847; x_wconf 80' lang='grc' dir='ltr'>Αἰσχυνέσθωσαν</span> <span class='ocrx_word' id='word_1_520' title='bbox 1499 3780 1548 3831; x_wconf 90' lang='grc' dir='ltr'><strong>οἱ</strong></span> <span class='ocrx_word' id='word_1_521' title='bbox 1595 3781 1833 3849; x_wconf 82' lang='grc' dir='ltr'>παράνο-</span> 
     </span>
    </p>
   </div>
   <div class='ocr_carea' id='block_1_71' title="bbox 267 3865 1833 3938">
    <p class='ocr_par' dir='ltr' id='par_1_71' title="bbox 267 3865 1833 3938">
     <span class='ocr_line' id='line_1_71' title="bbox 267 3865 1833 3938; baseline 0 -19"><span class='ocrx_word' id='word_1_522' title='bbox 267 3884 382 3937; x_wconf 81' lang='grc' dir='ltr'>μοι.</span> <span class='ocrx_word' id='word_1_523' title='bbox 420 3867 576 3936; x_wconf 80' lang='grc' dir='ltr'>Ἑξῆς</span> <span class='ocrx_word' id='word_1_524' title='bbox 598 3868 644 3919; x_wconf 86' lang='grc' dir='ltr'><strong>δ’</strong></span> <span class='ocrx_word' id='word_1_525' title='bbox 669 3867 735 3920; x_wconf 80' lang='grc' dir='ltr'>ἂν</span> <span class='ocrx_word' id='word_1_526' title='bbox 759 3871 843 3936; x_wconf 77' lang='grc' dir='ltr'>εἴη</span> <span class='ocrx_word' id='word_1_527' title='bbox 874 3867 967 3920; x_wconf 73' lang='grc' dir='ltr'><strong>καὶ</strong></span> <span class='ocrx_word' id='word_1_528' title='bbox 995 3866 1101 3919; x_wconf 81' lang='grc' dir='ltr'>τῶν</span> <span class='ocrx_word' id='word_1_529' title='bbox 1122 3867 1297 3921; x_wconf 86' lang='grc' dir='ltr'>ἀλλων</span> <span class='ocrx_word' id='word_1_530' title='bbox 1327 3865 1600 3938; x_wconf 82' lang='grc' dir='ltr'>θεοφόρων</span> <span class='ocrx_word' id='word_1_531' title='bbox 1623 3868 1833 3937; x_wconf 85' lang='grc' dir='ltr'>ἀνδρῶν</span> 
     </span>
    </p>
   </div>
   <div class='ocr_carea' id='block_1_72' title="bbox 261 3958 1837 4032">
    <p class='ocr_par' dir='ltr' id='par_1_72' title="bbox 261 3958 1837 4032">
     <span class='ocr_line' id='line_1_72' title="bbox 261 3958 1837 4032; baseline 0.001 -21"><span class='ocrx_word' id='word_1_532' title='bbox 261 3960 365 4022; x_wconf 82' lang='grc' dir='ltr'><strong>τάς</strong></span> <span class='ocrx_word' id='word_1_533' title='bbox 409 3960 627 4028; x_wconf 75' lang='grc' dir='ltr'>φωνὰς,</span> <span class='ocrx_word' id='word_1_534' title='bbox 686 3960 887 4026; x_wconf 80' lang='grc' dir='ltr'>μᾶλλον</span> <span class='ocrx_word' id='word_1_535' title='bbox 933 3960 991 4012; x_wconf 84' lang='grc' dir='ltr'><strong>δέ</strong></span> <span class='ocrx_word' id='word_1_536' title='bbox 1028 3958 1123 4011; x_wconf 85' lang='grc' dir='ltr'><strong>τοῦ</strong></span> <span class='ocrx_word' id='word_1_537' title='bbox 1174 3961 1233 4013; x_wconf 88' lang='grc' dir='ltr'><strong>ἐν</strong></span> <span class='ocrx_word' id='word_1_538' title='bbox 1280 3960 1465 4023; x_wconf 77' lang='grc' dir='ltr'>αὐτοῖς</span> <span class='ocrx_word' id='word_1_539' title='bbox 1505 3960 1837 4032; x_wconf 84' lang='grc' dir='ltr'>λαλήσαντος</span> 
     </span>
    </p>
   </div>
   <div class='ocr_carea' id='block_1_73' title="bbox 264 4051 1836 4120">
    <p class='ocr_par' dir='ltr' id='par_1_73' title="bbox 264 4051 1836 4120">
     <span class='ocr_line' id='line_1_73' title="bbox 264 4051 1836 4120; baseline 0.001 -16"><span class='ocrx_word' id='word_1_540' title='bbox 264 4052 584 4120; x_wconf 87' lang='grc' dir='ltr'>Πνεύματος</span> <span class='ocrx_word' id='word_1_541' title='bbox 607 4092 621 4114; x_wconf 93' lang='grc'><strong>,</strong></span> <span class='ocrx_word' id='word_1_542' title='bbox 654 4053 731 4113; x_wconf 87' lang='grc' dir='ltr'>εἰς</span> <span class='ocrx_word' id='word_1_543' title='bbox 763 4052 962 4119; x_wconf 81' lang='grc' dir='ltr'>μέσους</span> <span class='ocrx_word' id='word_1_544' title='bbox 988 4052 1214 4116; x_wconf 83' lang='grc' dir='ltr'>ἀγαγεῖν</span> <span class='ocrx_word' id='word_1_545' title='bbox 1250 4051 1601 4118; x_wconf 77' lang='grc' dir='ltr'>ἐξετάζοντας</span> <span class='ocrx_word' id='word_1_546' title='bbox 1625 4070 1639 4084; x_wconf 79' lang='grc' dir='ltr'>ο</span> <span class='ocrx_word' id='word_1_547' title='bbox 1665 4052 1739 4115; x_wconf 83' lang='grc' dir='ltr'>ὡς</span> <span class='ocrx_word' id='word_1_548' title='bbox 1770 4053 1836 4106; x_wconf 84' lang='grc' dir='ltr'><strong>ἂν</strong></span> 
     </span>
    </p>
   </div>
   <div class='ocr_carea' id='block_1_74' title="bbox 261 4138 1835 4215">
    <p class='ocr_par' dir='ltr' id='par_1_74' title="bbox 261 4138 1835 4215">
     <span class='ocr_line' id='line_1_74' title="bbox 261 4138 1835 4215; baseline -0.001 -18"><span class='ocrx_word' id='word_1_549' title='bbox 261 4146 548 4213; x_wconf 78' lang='grc' dir='ltr'>γνοίημεν,</span> <span class='ocrx_word' id='word_1_550' title='bbox 576 4140 685 4206; x_wconf 80' lang='grc' dir='ltr'>οἶα,</span> <span class='ocrx_word' id='word_1_551' title='bbox 711 4143 841 4214; x_wconf 69' lang='grc' dir='ltr'>περὶ</span> <span class='ocrx_word' id='word_1_552' title='bbox 864 4138 937 4197; x_wconf 84' lang='grc' dir='ltr'>ὧν</span> <span class='ocrx_word' id='word_1_553' title='bbox 963 4146 1097 4213; x_wconf 79' lang='grc' dir='ltr'>ἡμῖν</span> <span class='ocrx_word' id='word_1_554' title='bbox 1127 4143 1305 4211; x_wconf 88' lang='grc' dir='ltr'>λέγειν</span> <span class='ocrx_word' id='word_1_555' title='bbox 1336 4146 1639 4215; x_wconf 84' lang='grc' dir='ltr'>πρόκειται,</span> <span class='ocrx_word' id='word_1_556' title='bbox 1668 4144 1835 4214; x_wconf 78' lang='grc' dir='ltr'>φθέγ-</span> 
     </span>
    </p>
   </div>
   <div class='ocr_carea' id='block_1_75' title="bbox 260 4235 1833 4307">
    <p class='ocr_par' dir='ltr' id='par_1_75' title="bbox 260 4235 1833 4307">
     <span class='ocr_line' id='line_1_75' title="bbox 260 4235 1833 4307; baseline 0.001 -19"><span class='ocrx_word' id='word_1_557' title='bbox 260 4254 472 4307; x_wconf 87' lang='grc' dir='ltr'>γονται,</span> <span class='ocrx_word' id='word_1_558' title='bbox 501 4237 594 4290; x_wconf 77' lang='grc' dir='ltr'>καὶ</span> <span class='ocrx_word' id='word_1_559' title='bbox 625 4237 672 4287; x_wconf 85' lang='grc' dir='ltr'>εἰ</span> <span class='ocrx_word' id='word_1_560' title='bbox 699 4236 762 4306; x_wconf 82' lang='grc' dir='ltr'><strong>δὴ</strong></span> <span class='ocrx_word' id='word_1_561' title='bbox 801 4235 1111 4287; x_wconf 80' lang='grc' dir='ltr'>συνθέουσιν</span> <span class='ocrx_word' id='word_1_562' title='bbox 1144 4235 1325 4297; x_wconf 83' lang='grc' dir='ltr'>αὐτοῖς</span> <span class='ocrx_word' id='word_1_563' title='bbox 1351 4236 1457 4288; x_wconf 83' lang='grc' dir='ltr'><strong>τῶν</strong></span> <span class='ocrx_word' id='word_1_564' title='bbox 1486 4237 1552 4288; x_wconf 79' lang='grc' dir='ltr'><strong>δι’</strong></span> <span class='ocrx_word' id='word_1_565' title='bbox 1588 4237 1833 4299; x_wconf 84' lang='grc' dir='ltr'>ἐναντίας</span> 
     </span>
    </p>
   </div>
   <div class='ocr_carea' id='block_1_76' title="bbox 258 4326 1835 4398">
    <p class='ocr_par' dir='ltr' id='par_1_76' title="bbox 258 4326 1835 4398">
     <span class='ocr_line' id='line_1_76' title="bbox 258 4326 1835 4398; baseline -0.001 -17"><span class='ocrx_word' id='word_1_566' title='bbox 258 4330 312 4381; x_wconf 83' lang='grc' dir='ltr'>οἱ</span> <span class='ocrx_word' id='word_1_567' title='bbox 336 4328 507 4395; x_wconf 81' lang='grc' dir='ltr'>λόγοι.</span> <span class='ocrx_word' id='word_1_568' title='bbox 540 4328 634 4381; x_wconf 80' lang='grc' dir='ltr'><strong>καὶ</strong></span> <span class='ocrx_word' id='word_1_569' title='bbox 670 4326 765 4379; x_wconf 87' lang='grc' dir='ltr'><strong>νῦν</strong></span> <span class='ocrx_word' id='word_1_570' title='bbox 798 4328 1036 4396; x_wconf 81' lang='grc' dir='ltr'>ἐμφανὲς</span> <span class='ocrx_word' id='word_1_571' title='bbox 1078 4327 1569 4394; x_wconf 80' lang='grc' dir='ltr'>κατασταθήσεται·</span> <span class='ocrx_word' id='word_1_572' title='bbox 1604 4329 1835 4398; x_wconf 80' lang='grc' dir='ltr'>ἀρκτέον</span> 
     </span>
    </p>
   </div>
   <div class='ocr_carea' id='block_1_77' title="bbox 258 4414 1831 4487">
    <p class='ocr_par' dir='ltr' id='par_1_77' title="bbox 258 4414 1831 4487">
     <span class='ocr_line' id='line_1_77' title="bbox 258 4414 1831 4487; baseline -0.001 -14"><span class='ocrx_word' id='word_1_573' title='bbox 258 4414 355 4473; x_wconf 79' lang='grc' dir='ltr'>οὖν</span> <span class='ocrx_word' id='word_1_574' title='bbox 382 4418 647 4471; x_wconf 80' lang='grc' dir='ltr'>ἐντεῦθεν.</span> <span class='ocrx_word' id='word_1_575' title='bbox 680 4420 914 4480; x_wconf 80' lang='grc' dir='ltr'>Ἔσται,</span> <span class='ocrx_word' id='word_1_576' title='bbox 933 4417 1119 4487; x_wconf 74' lang='grc' dir='ltr'>φησὶν,</span> <span class='ocrx_word' id='word_1_577' title='bbox 1141 4418 1211 4470; x_wconf 78' lang='grc' dir='ltr'>ἐν</span> <span class='ocrx_word' id='word_1_578' title='bbox 1231 4418 1310 4482; x_wconf 87' lang='grc' dir='ltr'>τῷ</span> <span class='ocrx_word' id='word_1_579' title='bbox 1337 4420 1496 4484; x_wconf 78' lang='grc' dir='ltr'><strong>τόπῳ</strong></span> <span class='ocrx_word' id='word_1_580' title='bbox 1525 4414 1596 4474; x_wconf 84' lang='grc' dir='ltr'>οὗ</span> <span class='ocrx_word' id='word_1_581' title='bbox 1622 4419 1831 4487; x_wconf 77' lang='grc' dir='ltr'>ἐρῤἐθη</span> 
     </span>
    </p>
   </div>
   <div class='ocr_carea' id='block_1_78' title="bbox 259 4508 1830 4577">
    <p class='ocr_par' dir='ltr' id='par_1_78' title="bbox 259 4508 1830 4577">
     <span class='ocr_line' id='line_1_78' title="bbox 259 4508 1830 4577; baseline -0.002 -14"><span class='ocrx_word' id='word_1_582' title='bbox 259 4511 489 4575; x_wconf 79' lang='grc' dir='ltr'>αὐτοῖς·</span> <span class='ocrx_word' id='word_1_583' title='bbox 514 4512 595 4562; x_wconf 84' lang='grc' dir='ltr'><strong>Οὐ</strong></span> <span class='ocrx_word' id='word_1_584' title='bbox 613 4511 759 4570; x_wconf 71' lang='grc' dir='ltr'><strong>λαός</strong></span> <span class='ocrx_word' id='word_1_585' title='bbox 779 4526 900 4577; x_wconf 82' lang='grc' dir='ltr'><strong>μου</strong></span> <span class='ocrx_word' id='word_1_586' title='bbox 923 4508 1112 4575; x_wconf 82' lang='grc' dir='ltr'>ὑμεῖς,</span> <span class='ocrx_word' id='word_1_587' title='bbox 1135 4508 1258 4560; x_wconf 71' lang='grc' dir='ltr'>ἐκεῖ</span> <span class='ocrx_word' id='word_1_588' title='bbox 1280 4508 1688 4575; x_wconf 74' lang='grc' dir='ltr'>κληθήσονται</span> <span class='ocrx_word' id='word_1_589' title='bbox 1716 4510 1830 4563; x_wconf 81' lang='grc' dir='ltr'>υίοί</span> 
     </span>
    </p>
   </div>
   <div class='ocr_carea' id='block_1_79' title="bbox 1941 3323 3510 3397">
    <p class='ocr_par' dir='ltr' id='par_1_79' title="bbox 1941 3323 3510 3397">
     <span class='ocr_line' id='line_1_79' title="bbox 1941 3323 3510 3397; baseline 0.004 -21"><span class='ocrx_word' id='word_1_590' title='bbox 1941 3339 2220 3377; x_wconf 88' lang='lat' dir='ltr'><strong>murmure</strong></span> <span class='ocrx_word' id='word_1_591' title='bbox 2249 3325 2550 3377; x_wconf 84' lang='lat' dir='ltr'><strong>volvantur.</strong></span> <span class='ocrx_word' id='word_1_592' title='bbox 2595 3323 2836 3377; x_wconf 83' lang='lat' dir='ltr'><strong>Fundata</strong></span> <span class='ocrx_word' id='word_1_593' title='bbox 2879 3335 2959 3379; x_wconf 85' lang='lat' dir='ltr'><strong>est</strong></span> <span class='ocrx_word' id='word_1_594' title='bbox 3010 3328 3153 3379; x_wconf 86' lang='lat' dir='ltr'><strong>enim</strong></span> <span class='ocrx_word' id='word_1_595' title='bbox 3209 3342 3371 3397; x_wconf 84' lang='lat' dir='ltr'><strong>supra</strong></span> <span class='ocrx_word' id='word_1_596' title='bbox 3415 3330 3510 3384; x_wconf 76' lang='grc' dir='ltr'>ἰιιιο</span> 
     </span>
    </p>
   </div>
   <div class='ocr_carea' id='block_1_80' title="bbox 1940 3415 3512 3488">
    <p class='ocr_par' dir='ltr' id='par_1_80' title="bbox 1940 3415 3512 3488">
     <span class='ocr_line' id='line_1_80' title="bbox 1940 3415 3512 3488; baseline 0.005 -23"><span class='ocrx_word' id='word_1_597' title='bbox 1940 3424 2141 3467; x_wconf 86' lang='lat' dir='ltr'><strong>motam</strong></span> <span class='ocrx_word' id='word_1_598' title='bbox 2176 3422 2406 3482; x_wconf 82' lang='lat' dir='ltr'><strong>petram,</strong></span> <span class='ocrx_word' id='word_1_599' title='bbox 2446 3415 2534 3481; x_wconf 92' lang='lat' dir='ltr'><strong>qui</strong></span> <span class='ocrx_word' id='word_1_600' title='bbox 2567 3424 2648 3467; x_wconf 86' lang='lat' dir='ltr'><strong>est</strong></span> <span class='ocrx_word' id='word_1_601' title='bbox 2685 3416 2954 3468; x_wconf 67' lang='lat' dir='ltr'><strong>Christus.</strong></span> <span class='ocrx_word' id='word_1_602' title='bbox 2986 3416 3176 3470; x_wconf 83' lang='lat' dir='ltr'><strong>Omnia</strong></span> <span class='ocrx_word' id='word_1_603' title='bbox 3206 3420 3340 3471; x_wconf 88' lang='lat' dir='ltr'><strong>enim</strong></span> <span class='ocrx_word' id='word_1_604' title='bbox 3364 3436 3512 3488; x_wconf 72' lang='lat' dir='ltr'><strong>qum-</strong></span> 
     </span>
    </p>
   </div>
   <div class='ocr_carea' id='block_1_81' title="bbox 1939 3505 3513 3574">
    <p class='ocr_par' dir='ltr' id='par_1_81' title="bbox 1939 3505 3513 3574">
     <span class='ocr_line' id='line_1_81' title="bbox 1939 3505 3513 3574; baseline 0.003 -16"><span class='ocrx_word' id='word_1_605' title='bbox 1939 3522 2137 3573; x_wconf 83' lang='lat' dir='ltr'><strong>cunque</strong></span> <span class='ocrx_word' id='word_1_606' title='bbox 2166 3507 2325 3560; x_wconf 80' lang='lat' dir='ltr'><strong>voluit</strong></span> <span class='ocrx_word' id='word_1_607' title='bbox 2383 3505 2636 3559; x_wconf 76' lang='lat' dir='ltr'><strong>Dominus</strong></span> <span class='ocrx_word' id='word_1_608' title='bbox 2677 3506 2795 3574; x_wconf 77' lang='lat' dir='ltr'><strong>fecit</strong></span> <span class='ocrx_word' id='word_1_609' title='bbox 2828 3509 2880 3559; x_wconf 87' lang='lat' dir='ltr'><strong>in</strong></span> <span class='ocrx_word' id='word_1_610' title='bbox 2914 3507 3039 3560; x_wconf 61' lang='lat' dir='ltr'><strong>ratio</strong></span> <span class='ocrx_word' id='word_1_611' title='bbox 3063 3520 3122 3561; x_wconf 75' lang='grc' dir='ltr'><strong>,ει</strong></span> <span class='ocrx_word' id='word_1_612' title='bbox 3159 3510 3211 3563; x_wconf 86' lang='lat' dir='ltr'><strong>in</strong></span> <span class='ocrx_word' id='word_1_613' title='bbox 3257 3519 3397 3564; x_wconf 84' lang='lat' dir='ltr'><strong>terra</strong></span> <span class='ocrx_word' id='word_1_614' title='bbox 3446 3512 3513 3563; x_wconf 80' lang='lat'><strong>&quot;.</strong></span> 
     </span>
    </p>
   </div>
   <div class='ocr_carea' id='block_1_82' title="bbox 1937 3596 3511 3669">
    <p class='ocr_par' dir='ltr' id='par_1_82' title="bbox 1937 3596 3511 3669">
     <span class='ocr_line' id='line_1_82' title="bbox 1937 3596 3511 3669; baseline 0.003 -19"><span class='ocrx_word' id='word_1_615' title='bbox 1937 3597 2349 3650; x_wconf 75' lang='lat' dir='ltr'><strong>Confuntlantnr</strong></span> <span class='ocrx_word' id='word_1_616' title='bbox 2380 3598 2547 3664; x_wconf 90' lang='lat' dir='ltr'><strong>impii.</strong></span> <span class='ocrx_word' id='word_1_617' title='bbox 2578 3596 2865 3665; x_wconf 79' lang='lat' dir='ltr'><strong>Reliquum</strong></span> <span class='ocrx_word' id='word_1_618' title='bbox 2895 3609 2978 3650; x_wconf 81' lang='lat' dir='ltr'><strong>est</strong></span> <span class='ocrx_word' id='word_1_619' title='bbox 3009 3609 3065 3651; x_wconf 93' lang='lat' dir='ltr'><strong>ut</strong></span> <span class='ocrx_word' id='word_1_620' title='bbox 3106 3601 3336 3653; x_wconf 88' lang='lat' dir='ltr'><strong>aliorum</strong></span> <span class='ocrx_word' id='word_1_621' title='bbox 3369 3618 3511 3669; x_wconf 85' lang='lat' dir='ltr'><strong>quo-</strong></span> 
     </span>
    </p>
   </div>
   <div class='ocr_carea' id='block_1_83' title="bbox 1938 3687 3511 3762">
    <p class='ocr_par' dir='ltr' id='par_1_83' title="bbox 1938 3687 3511 3762">
     <span class='ocr_line' id='line_1_83' title="bbox 1938 3687 3511 3762; baseline 0.006 -23"><span class='ocrx_word' id='word_1_622' title='bbox 1938 3702 2043 3757; x_wconf 85' lang='lat' dir='ltr'><strong>que</strong></span> <span class='ocrx_word' id='word_1_623' title='bbox 2071 3687 2395 3743; x_wconf 83' lang='lat' dir='ltr'><strong>deilerorum</strong></span> <span class='ocrx_word' id='word_1_624' title='bbox 2434 3690 2669 3741; x_wconf 86' lang='lat' dir='ltr'><strong>virorum</strong></span> <span class='ocrx_word' id='word_1_625' title='bbox 2708 3688 2891 3753; x_wconf 79' lang='lat' dir='ltr'><strong>eﬂata,</strong></span> <span class='ocrx_word' id='word_1_626' title='bbox 2929 3690 3009 3743; x_wconf 83' lang='lat' dir='ltr'><strong>vel</strong></span> <span class='ocrx_word' id='word_1_627' title='bbox 3036 3692 3213 3760; x_wconf 78' lang='lat' dir='ltr'><strong>potius</strong></span> <span class='ocrx_word' id='word_1_628' title='bbox 3242 3693 3511 3762; x_wconf 88' lang='lat' dir='ltr'><strong>loquentis</strong></span> 
     </span>
    </p>
   </div>
   <div class='ocr_carea' id='block_1_84' title="bbox 1941 3780 3510 3852">
    <p class='ocr_par' dir='ltr' id='par_1_84' title="bbox 1941 3780 3510 3852">
     <span class='ocr_line' id='line_1_84' title="bbox 1941 3780 3510 3852; baseline 0.004 -19"><span class='ocrx_word' id='word_1_629' title='bbox 1941 3797 2035 3850; x_wconf 85' lang='lat' dir='ltr'><strong>per</strong></span> <span class='ocrx_word' id='word_1_630' title='bbox 2060 3795 2153 3835; x_wconf 87' lang='lat' dir='ltr'><strong>eos</strong></span> <span class='ocrx_word' id='word_1_631' title='bbox 2180 3780 2435 3848; x_wconf 79' lang='lat' dir='ltr'><strong>Spiritus,</strong></span> <span class='ocrx_word' id='word_1_632' title='bbox 2480 3782 2529 3833; x_wconf 90' lang='lat' dir='ltr'><strong>in</strong></span> <span class='ocrx_word' id='word_1_633' title='bbox 2566 3781 2798 3834; x_wconf 88' lang='lat' dir='ltr'><strong>medium</strong></span> <span class='ocrx_word' id='word_1_634' title='bbox 2846 3782 3193 3852; x_wconf 79' lang='lat' dir='ltr'><strong>disquirenda</strong></span> <span class='ocrx_word' id='word_1_635' title='bbox 3233 3782 3510 3850; x_wconf 80' lang='lat' dir='ltr'><strong>feramus;</strong></span> 
     </span>
    </p>
   </div>
   <div class='ocr_carea' id='block_1_85' title="bbox 1942 3873 3513 3944">
    <p class='ocr_par' dir='ltr' id='par_1_85' title="bbox 1942 3873 3513 3944">
     <span class='ocr_line' id='line_1_85' title="bbox 1942 3873 3513 3944; baseline -0.002 -20"><span class='ocrx_word' id='word_1_636' title='bbox 1942 3882 1996 3925; x_wconf 93' lang='lat' dir='ltr'><strong>ut</strong></span> <span class='ocrx_word' id='word_1_637' title='bbox 2036 3873 2285 3927; x_wconf 85' lang='lat' dir='ltr'><strong>videlicet</strong></span> <span class='ocrx_word' id='word_1_638' title='bbox 2303 3887 2715 3941; x_wconf 76' lang='lat' dir='ltr'><strong>cognoscamus,</strong></span> <span class='ocrx_word' id='word_1_639' title='bbox 2746 3875 2875 3942; x_wconf 89' lang='lat' dir='ltr'><strong>quid</strong></span> <span class='ocrx_word' id='word_1_640' title='bbox 2908 3875 2973 3926; x_wconf 83' lang='lat' dir='ltr'><strong>de</strong></span> <span class='ocrx_word' id='word_1_641' title='bbox 3009 3886 3195 3928; x_wconf 88' lang='lat' dir='ltr'><strong>nostro</strong></span> <span class='ocrx_word' id='word_1_642' title='bbox 3232 3880 3513 3944; x_wconf 62' lang='lat' dir='ltr'><strong>Prtlpﬂslln</strong></span> 
     </span>
    </p>
   </div>
   <div class='ocr_carea' id='block_1_86' title="bbox 1938 3963 3510 4032">
    <p class='ocr_par' dir='ltr' id='par_1_86' title="bbox 1938 3963 3510 4032">
     <span class='ocr_line' id='line_1_86' title="bbox 1938 3963 3510 4032; baseline 0.001 -15"><span class='ocrx_word' id='word_1_643' title='bbox 1938 3965 2293 4032; x_wconf 76' lang='lat' dir='ltr'><strong>eloquamur;</strong></span> <span class='ocrx_word' id='word_1_644' title='bbox 2323 3974 2486 4029; x_wconf 84' lang='lat' dir='ltr'><strong>atque</strong></span> <span class='ocrx_word' id='word_1_645' title='bbox 2518 3972 2699 4017; x_wconf 84' lang='lat' dir='ltr'><strong>ulrtlln</strong></span> <span class='ocrx_word' id='word_1_646' title='bbox 2744 3963 3178 4018; x_wconf 65' lang='lat' dir='ltr'><strong>adversariorum</strong></span> <span class='ocrx_word' id='word_1_647' title='bbox 3230 3982 3510 4020; x_wconf 64' lang='lat' dir='ltr'><strong>sermmu-s</strong></span> 
     </span>
    </p>
   </div>
   <div class='ocr_carea' id='block_1_87' title="bbox 1937 4052 3507 4124">
    <p class='ocr_par' dir='ltr' id='par_1_87' title="bbox 1937 4052 3507 4124">
     <span class='ocr_line' id='line_1_87' title="bbox 1937 4052 3507 4124; baseline 0 -16"><span class='ocrx_word' id='word_1_648' title='bbox 1937 4071 2060 4108; x_wconf 90' lang='lat' dir='ltr'><strong>cum</strong></span> <span class='ocrx_word' id='word_1_649' title='bbox 2086 4054 2167 4107; x_wconf 87' lang='lat' dir='ltr'><strong>eis</strong></span> <span class='ocrx_word' id='word_1_650' title='bbox 2205 4055 2535 4122; x_wconf 85' lang='lat' dir='ltr'><strong>t-onspirent,</strong></span> <span class='ocrx_word' id='word_1_651' title='bbox 2568 4054 2741 4121; x_wconf 80' lang='lat' dir='ltr'><strong>palam</strong></span> <span class='ocrx_word' id='word_1_652' title='bbox 2783 4052 2898 4109; x_wconf 86' lang='lat' dir='ltr'><strong>ﬁat.</strong></span> <span class='ocrx_word' id='word_1_653' title='bbox 2953 4053 3091 4124; x_wconf 77' lang='lat' dir='ltr'><strong>Ergo</strong></span> <span class='ocrx_word' id='word_1_654' title='bbox 3131 4056 3255 4109; x_wconf 85' lang='lat' dir='ltr'><strong>hinc</strong></span> <span class='ocrx_word' id='word_1_655' title='bbox 3297 4058 3507 4110; x_wconf 86' lang='lat' dir='ltr'><strong>initium</strong></span> 
     </span>
    </p>
   </div>
   <div class='ocr_carea' id='block_1_88' title="bbox 1942 4149 3500 4222">
    <p class='ocr_par' dir='ltr' id='par_1_88' title="bbox 1942 4149 3500 4222">
     <span class='ocr_line' id='line_1_88' title="bbox 1942 4149 3500 4222; baseline -0.001 -18"><span class='ocrx_word' id='word_1_656' title='bbox 1942 4150 2102 4222; x_wconf 65' lang='lat'><strong>1“</strong></span> <span class='ocrx_word' id='word_1_657' title='bbox 2135 4153 2431 4217; x_wconf 82' lang='lat' dir='ltr'><strong>capiamus.</strong></span> <span class='ocrx_word' id='word_1_658' title='bbox 2468 4149 2531 4202; x_wconf 80' lang='lat' dir='ltr'><strong>Et</strong></span> <span class='ocrx_word' id='word_1_659' title='bbox 2561 4150 2685 4211; x_wconf 87' lang='lat' dir='ltr'><strong>erit,</strong></span> <span class='ocrx_word' id='word_1_660' title='bbox 2721 4150 2914 4216; x_wconf 86' lang='lat' dir='ltr'><strong>inquit,</strong></span> <span class='ocrx_word' id='word_1_661' title='bbox 2945 4152 2999 4202; x_wconf 88' lang='lat' dir='ltr'><strong>in</strong></span> <span class='ocrx_word' id='word_1_662' title='bbox 3037 4152 3149 4203; x_wconf 84' lang='lat' dir='ltr'><strong>loco</strong></span> <span class='ocrx_word' id='word_1_663' title='bbox 3175 4153 3262 4203; x_wconf 84' lang='lat' dir='ltr'><strong>ubi</strong></span> <span class='ocrx_word' id='word_1_664' title='bbox 3301 4153 3500 4205; x_wconf 73' lang='lat' dir='ltr'><strong>dictum</strong></span> 
     </span>
    </p>
   </div>
   <div class='ocr_carea' id='block_1_89' title="bbox 1937 4239 3505 4309">
    <p class='ocr_par' dir='ltr' id='par_1_89' title="bbox 1937 4239 3505 4309">
     <span class='ocr_line' id='line_1_89' title="bbox 1937 4239 3505 4309; baseline 0 -14"><span class='ocrx_word' id='word_1_665' title='bbox 1937 4253 2014 4295; x_wconf 77' lang='lat' dir='ltr'><strong>est</strong></span> <span class='ocrx_word' id='word_1_666' title='bbox 2044 4244 2117 4294; x_wconf 80' lang='lat' dir='ltr'><strong>eis</strong></span> <span class='ocrx_word' id='word_1_667' title='bbox 2146 4258 2164 4295; x_wconf 83' lang='lat'><strong>.&#39;</strong></span> <span class='ocrx_word' id='word_1_668' title='bbox 2197 4240 2300 4293; x_wconf 85' lang='lat' dir='ltr'><strong>Vos</strong></span> <span class='ocrx_word' id='word_1_669' title='bbox 2334 4256 2433 4292; x_wconf 90' lang='lat' dir='ltr'><strong>non</strong></span> <span class='ocrx_word' id='word_1_670' title='bbox 2452 4239 2676 4309; x_wconf 85' lang='lat' dir='ltr'><strong>populus</strong></span> <span class='ocrx_word' id='word_1_671' title='bbox 2707 4256 2872 4304; x_wconf 87' lang='lat' dir='ltr'><strong>meus,</strong></span> <span class='ocrx_word' id='word_1_672' title='bbox 2901 4240 2973 4293; x_wconf 85' lang='lat' dir='ltr'><strong>ibi</strong></span> <span class='ocrx_word' id='word_1_673' title='bbox 3028 4242 3129 4306; x_wconf 79' lang='lat' dir='ltr'><strong>ﬁlii</strong></span> <span class='ocrx_word' id='word_1_674' title='bbox 3163 4242 3257 4295; x_wconf 85' lang='lat' dir='ltr'><strong>Dei</strong></span> <span class='ocrx_word' id='word_1_675' title='bbox 3288 4244 3388 4297; x_wconf 76' lang='lat' dir='ltr'><strong>rivi</strong></span> <span class='ocrx_word' id='word_1_676' title='bbox 3414 4262 3505 4298; x_wconf 74' lang='lat' dir='ltr'><strong>ro-</strong></span> 
     </span>
    </p>
   </div>
   <div class='ocr_carea' id='block_1_90' title="bbox 1935 4331 3500 4402">
    <p class='ocr_par' dir='ltr' id='par_1_90' title="bbox 1935 4331 3500 4402">
     <span class='ocr_line' id='line_1_90' title="bbox 1935 4331 3500 4402; baseline 0.001 -17"><span class='ocrx_word' id='word_1_677' title='bbox 1935 4336 2192 4385; x_wconf 75' lang='lat' dir='ltr'><strong>cnbuntur</strong></span> <span class='ocrx_word' id='word_1_678' title='bbox 2222 4334 2285 4385; x_wconf 84' lang='lat'><strong>”.</strong></span> <span class='ocrx_word' id='word_1_679' title='bbox 2322 4332 2555 4398; x_wconf 83' lang='lat' dir='ltr'><strong>Quinam</strong></span> <span class='ocrx_word' id='word_1_680' title='bbox 2594 4347 2721 4385; x_wconf 85' lang='lat' dir='ltr'><strong>vero</strong></span> <span class='ocrx_word' id='word_1_681' title='bbox 2743 4331 2798 4385; x_wconf 90' lang='lat' dir='ltr'><strong>hi</strong></span> <span class='ocrx_word' id='word_1_682' title='bbox 2828 4334 2954 4396; x_wconf 87' lang='lat' dir='ltr'><strong>sint,</strong></span> <span class='ocrx_word' id='word_1_683' title='bbox 2981 4342 3034 4387; x_wconf 90' lang='lat' dir='ltr'><strong>et</strong></span> <span class='ocrx_word' id='word_1_684' title='bbox 3075 4334 3138 4387; x_wconf 87' lang='lat' dir='ltr'><strong>dc</strong></span> <span class='ocrx_word' id='word_1_685' title='bbox 3174 4337 3500 4402; x_wconf 68' lang='lat' dir='ltr'><strong>quibusnam</strong></span> 
     </span>
    </p>
   </div>
   <div class='ocr_carea' id='block_1_91' title="bbox 1936 4419 3502 4490">
    <p class='ocr_par' dir='ltr' id='par_1_91' title="bbox 1936 4419 3502 4490">
     <span class='ocr_line' id='line_1_91' title="bbox 1936 4419 3502 4490; baseline 0.005 -23"><span class='ocrx_word' id='word_1_686' title='bbox 1936 4420 2285 4485; x_wconf 71' lang='lat' dir='ltr'><strong>propheticus</strong></span> <span class='ocrx_word' id='word_1_687' title='bbox 2317 4419 2473 4473; x_wconf 88' lang='lat' dir='ltr'><strong>nobis</strong></span> <span class='ocrx_word' id='word_1_688' title='bbox 2504 4432 2684 4471; x_wconf 81' lang='lat' dir='ltr'><strong>sermo</strong></span> <span class='ocrx_word' id='word_1_689' title='bbox 2734 4419 3005 4487; x_wconf 87' lang='lat' dir='ltr'><strong>loquatur,</strong></span> <span class='ocrx_word' id='word_1_690' title='bbox 3028 4421 3110 4473; x_wconf 86' lang='lat' dir='ltr'><strong>vir</strong></span> <span class='ocrx_word' id='word_1_691' title='bbox 3140 4424 3230 4490; x_wconf 91' lang='lat' dir='ltr'><strong>qui</strong></span> <span class='ocrx_word' id='word_1_692' title='bbox 3272 4425 3502 4478; x_wconf 77' lang='lat' dir='ltr'><strong>beatitu-</strong></span> 
     </span>
    </p>
   </div>
   <div class='ocr_carea' id='block_1_92' title="bbox 1933 4506 3497 4581">
    <p class='ocr_par' dir='ltr' id='par_1_92' title="bbox 1933 4506 3497 4581">
     <span class='ocr_line' id='line_1_92' title="bbox 1933 4506 3497 4581; baseline 0.006 -22"><span class='ocrx_word' id='word_1_693' title='bbox 1933 4507 2148 4559; x_wconf 83' lang='lat' dir='ltr'><strong>diuibns</strong></span> <span class='ocrx_word' id='word_1_694' title='bbox 2179 4506 2282 4559; x_wconf 75' lang='lat' dir='ltr'><strong>illis</strong></span> <span class='ocrx_word' id='word_1_695' title='bbox 2328 4507 2522 4575; x_wconf 75' lang='lat' dir='ltr'><strong>dignus</strong></span> <span class='ocrx_word' id='word_1_696' title='bbox 2579 4517 2661 4562; x_wconf 88' lang='lat' dir='ltr'><strong>est</strong></span> <span class='ocrx_word' id='word_1_697' title='bbox 2722 4508 2957 4569; x_wconf 86' lang='lat' dir='ltr'><strong>habitus.</strong></span> <span class='ocrx_word' id='word_1_698' title='bbox 3000 4511 3083 4562; x_wconf 88' lang='lat' dir='ltr'><strong>cui</strong></span> <span class='ocrx_word' id='word_1_699' title='bbox 3124 4513 3304 4565; x_wconf 72' lang='lat' dir='ltr'><strong>claves</strong></span> <span class='ocrx_word' id='word_1_700' title='bbox 3350 4518 3497 4581; x_wconf 72' lang='lat' dir='ltr'><strong>regni</strong></span> 
     </span>
    </p>
   </div>
   <div class='ocr_carea' id='block_1_93' title="bbox 261 4591 1861 4670">
    <p class='ocr_par' dir='ltr' id='par_1_93' title="bbox 261 4591 1861 4670">
     <span class='ocr_line' id='line_1_93' title="bbox 261 4591 1861 4670; baseline -0.002 -17"><span class='ocrx_word' id='word_1_701' title='bbox 261 4598 414 4653; x_wconf 82' lang='grc' dir='ltr'>Θεοῦ</span> <span class='ocrx_word' id='word_1_702' title='bbox 438 4598 674 4665; x_wconf 80' lang='grc' dir='ltr'>ζῶντος.</span> <span class='ocrx_word' id='word_1_703' title='bbox 698 4598 852 4661; x_wconf 80' lang='grc' dir='ltr'>Τίνες</span> <span class='ocrx_word' id='word_1_704' title='bbox 875 4599 919 4652; x_wconf 81' lang='grc' dir='ltr'><strong>δ’</strong></span> <span class='ocrx_word' id='word_1_705' title='bbox 946 4599 1012 4652; x_wconf 81' lang='grc' dir='ltr'>ἂν</span> <span class='ocrx_word' id='word_1_706' title='bbox 1042 4594 1149 4651; x_wconf 81' lang='grc' dir='ltr'>εἷεν</span> <span class='ocrx_word' id='word_1_707' title='bbox 1172 4591 1340 4661; x_wconf 79' lang='grc' dir='ltr'>οῦτοι,</span> <span class='ocrx_word' id='word_1_708' title='bbox 1371 4599 1464 4651; x_wconf 68' lang='grc' dir='ltr'>καὶ</span> <span class='ocrx_word' id='word_1_709' title='bbox 1489 4601 1823 4670; x_wconf 77' lang='grc' dir='ltr'>περὶ-τίνων,</span> <span class='ocrx_word' id='word_1_710' title='bbox 1856 4610 1861 4667; x_wconf 64' lang='grc'>]</span> 
     </span>
    </p>
   </div>
   <div class='ocr_carea' id='block_1_94' title="bbox 1939 4591 3499 4670">
    <p class='ocr_par' dir='ltr' id='par_1_94' title="bbox 1939 4598 3499 4664">
     <span class='ocr_line' id='line_1_94' title="bbox 1939 4598 3499 4664; baseline 0.003 -14"><span class='ocrx_word' id='word_1_711' title='bbox 1939 4599 2189 4651; x_wconf 68' lang='lat' dir='ltr'><strong>malorum</strong></span> <span class='ocrx_word' id='word_1_712' title='bbox 2224 4598 2431 4651; x_wconf 71' lang='lat' dir='ltr'><strong>traditae</strong></span> <span class='ocrx_word' id='word_1_713' title='bbox 2479 4598 2719 4664; x_wconf 74' lang='lat' dir='ltr'><strong>luerunt,</strong></span> <span class='ocrx_word' id='word_1_714' title='bbox 2748 4598 2937 4652; x_wconf 81' lang='lat' dir='ltr'><strong>Petrus</strong></span> <span class='ocrx_word' id='word_1_715' title='bbox 2966 4599 3086 4653; x_wconf 87' lang='lat' dir='ltr'><strong>lidei</strong></span> <span class='ocrx_word' id='word_1_716' title='bbox 3135 4614 3335 4655; x_wconf 66' lang='grc' dir='ltr'>ηοω-ιε</span> <span class='ocrx_word' id='word_1_717' title='bbox 3380 4606 3499 4656; x_wconf 64' lang='lat' dir='ltr'><strong>tum</strong></span> 
     </span>
    </p>
   </div>
   <div class='ocr_carea' id='block_1_95' title="bbox 259 4691 1829 4765">
    <p class='ocr_par' dir='ltr' id='par_1_95' title="bbox 259 4691 1829 4765">
     <span class='ocr_line' id='line_1_95' title="bbox 259 4691 1829 4765; baseline -0.001 -20"><span class='ocrx_word' id='word_1_718' title='bbox 259 4696 393 4765; x_wconf 74' lang='grc' dir='ltr'>ἡμῖν</span> <span class='ocrx_word' id='word_1_719' title='bbox 416 4696 443 4747; x_wconf 90' lang='grc' dir='ltr'>ὀ</span> <span class='ocrx_word' id='word_1_720' title='bbox 465 4692 802 4765; x_wconf 71' lang='grc' dir='ltr'>προφητικὸς</span> <span class='ocrx_word' id='word_1_721' title='bbox 828 4692 1040 4760; x_wconf 81' lang='grc' dir='ltr'>πρόεισι</span> <span class='ocrx_word' id='word_1_722' title='bbox 1068 4693 1245 4760; x_wconf 85' lang='grc' dir='ltr'>λόγος,</span> <span class='ocrx_word' id='word_1_723' title='bbox 1275 4695 1301 4745; x_wconf 91' lang='lat'><strong>6</strong></span> <span class='ocrx_word' id='word_1_724' title='bbox 1330 4691 1437 4744; x_wconf 79' lang='grc' dir='ltr'><strong>τῶν</strong></span> <span class='ocrx_word' id='word_1_725' title='bbox 1464 4693 1829 4762; x_wconf 81' lang='grc' dir='ltr'>μακαρισμῶν</span> 
     </span>
    </p>
   </div>
   <div class='ocr_carea' id='block_1_96' title="bbox 258 4783 1828 4854">
    <p class='ocr_par' dir='ltr' id='par_1_96' title="bbox 258 4783 1828 4854">
     <span class='ocr_line' id='line_1_96' title="bbox 258 4783 1828 4854; baseline -0.001 -16"><span class='ocrx_word' id='word_1_726' title='bbox 258 4786 485 4839; x_wconf 85' lang='grc' dir='ltr'>ἐκείνων</span> <span class='ocrx_word' id='word_1_727' title='bbox 511 4784 843 4854; x_wconf 63' lang='grc' dir='ltr'>ἠξιωμένος,</span> <span class='ocrx_word' id='word_1_728' title='bbox 876 4784 971 4837; x_wconf 79' lang='grc' dir='ltr'><strong>καὶ</strong></span> <span class='ocrx_word' id='word_1_729' title='bbox 1004 4785 1102 4847; x_wconf 70' lang='grc' dir='ltr'><strong>τὰς</strong></span> <span class='ocrx_word' id='word_1_730' title='bbox 1132 4784 1280 4847; x_wconf 82' lang='grc' dir='ltr'>κλεῖς</span> <span class='ocrx_word' id='word_1_731' title='bbox 1317 4783 1416 4852; x_wconf 86' lang='grc' dir='ltr'>τῆς</span> <span class='ocrx_word' id='word_1_732' title='bbox 1449 4783 1696 4853; x_wconf 83' lang='grc' dir='ltr'>οὐρανῶν</span> <span class='ocrx_word' id='word_1_733' title='bbox 1729 4783 1828 4851; x_wconf 83' lang='grc' dir='ltr'><strong>βα-</strong></span> 
     </span>
    </p>
   </div>
   <div class='ocr_carea' id='block_1_97' title="bbox 257 4874 1830 4946">
    <p class='ocr_par' dir='ltr' id='par_1_97' title="bbox 257 4874 1830 4946">
     <span class='ocr_line' id='line_1_97' title="bbox 257 4874 1830 4946; baseline -0.002 -17"><span class='ocrx_word' id='word_1_734' title='bbox 257 4875 463 4937; x_wconf 86' lang='grc' dir='ltr'>σιλείας</span> <span class='ocrx_word' id='word_1_735' title='bbox 483 4874 983 4945; x_wconf 77' lang='grc' dir='ltr'>ἐγκεχειρισμένος,</span> <span class='ocrx_word' id='word_1_736' title='bbox 1024 4876 1226 4945; x_wconf 82' lang='grc' dir='ltr'>Πέτρος</span> <span class='ocrx_word' id='word_1_737' title='bbox 1267 4875 1366 4945; x_wconf 76' lang='grc' dir='ltr'><strong>τῆς</strong></span> <span class='ocrx_word' id='word_1_738' title='bbox 1397 4875 1635 4937; x_wconf 81' lang='grc' dir='ltr'>πίστεως</span> <span class='ocrx_word' id='word_1_739' title='bbox 1673 4874 1830 4946; x_wconf 82' lang='grc' dir='ltr'>ἡμῶν</span> 
     </span>
    </p>
   </div>
   <div class='ocr_carea' id='block_1_98' title="bbox 256 4966 1831 5036">
    <p class='ocr_par' dir='ltr' id='par_1_98' title="bbox 256 4966 1831 5036">
     <span class='ocr_line' id='line_1_98' title="bbox 256 4966 1831 5036; baseline -0.003 -15"><span class='ocrx_word' id='word_1_740' title='bbox 256 4966 321 5021; x_wconf 79' lang='grc' dir='ltr'>τὸ</span> <span class='ocrx_word' id='word_1_741' title='bbox 363 4966 644 5035; x_wconf 74' lang='grc' dir='ltr'>ἑδραίωμα</span> <span class='ocrx_word' id='word_1_742' title='bbox 677 4966 772 5019; x_wconf 82' lang='grc' dir='ltr'>καὶ</span> <span class='ocrx_word' id='word_1_743' title='bbox 806 4966 1082 5036; x_wconf 81' lang='grc' dir='ltr'>στήριγμα</span> <span class='ocrx_word' id='word_1_744' title='bbox 1105 5006 1120 5031; x_wconf 94' lang='grc'><strong>,</strong></span> <span class='ocrx_word' id='word_1_745' title='bbox 1154 4966 1353 5030; x_wconf 80' lang='grc' dir='ltr'>διδάξει</span> <span class='ocrx_word' id='word_1_746' title='bbox 1383 4966 1575 5034; x_wconf 78' lang='grc' dir='ltr'>λέγων·</span> <span class='ocrx_word' id='word_1_747' title='bbox 1636 4968 1831 5036; x_wconf 78' lang='grc' dir='ltr'>Ὑμεῖς</span> 
     </span>
    </p>
   </div>
   <div class='ocr_carea' id='block_1_99' title="bbox 253 5056 1831 5128">
    <p class='ocr_par' dir='ltr' id='par_1_99' title="bbox 253 5056 1831 5128">
     <span class='ocr_line' id='line_1_99' title="bbox 253 5056 1831 5128; baseline 0.003 -18"><span class='ocrx_word' id='word_1_748' title='bbox 253 5056 327 5110; x_wconf 77' lang='grc' dir='ltr'><strong><em>δὲ</em></strong></span> <span class='ocrx_word' id='word_1_749' title='bbox 358 5056 533 5126; x_wconf 78' lang='grc' dir='ltr'>γένος</span> <span class='ocrx_word' id='word_1_750' title='bbox 567 5056 874 5119; x_wconf 69' lang='grc' dir='ltr'>ἐκλεκτὸν,</span> <span class='ocrx_word' id='word_1_751' title='bbox 910 5058 1235 5122; x_wconf 77' lang='grc' dir='ltr'>,ϐασίλειον</span> <span class='ocrx_word' id='word_1_752' title='bbox 1282 5058 1623 5128; x_wconf 73' lang='grc' dir='ltr'>ἱεράτευμα,</span> <span class='ocrx_word' id='word_1_753' title='bbox 1657 5060 1831 5126; x_wconf 77' lang='grc' dir='ltr'>ἔθνος</span> 
     </span>
    </p>
   </div>
   <div class='ocr_carea' id='block_1_100' title="bbox 254 5146 1827 5219">
    <p class='ocr_par' dir='ltr' id='par_1_100' title="bbox 254 5146 1827 5219">
     <span class='ocr_line' id='line_1_100' title="bbox 254 5146 1827 5219; baseline 0 -16"><span class='ocrx_word' id='word_1_754' title='bbox 254 5148 450 5216; x_wconf 76' lang='grc' dir='ltr'>ἅγιον,</span> <span class='ocrx_word' id='word_1_755' title='bbox 484 5146 636 5211; x_wconf 70' lang='grc' dir='ltr'>λαὸς</span> <span class='ocrx_word' id='word_1_756' title='bbox 685 5150 773 5212; x_wconf 81' lang='grc' dir='ltr'>εις</span> <span class='ocrx_word' id='word_1_757' title='bbox 810 5149 1227 5215; x_wconf 71' lang='grc' dir='ltr'>περιποίησινο</span> <span class='ocrx_word' id='word_1_758' title='bbox 1274 5148 1433 5214; x_wconf 79' lang='grc' dir='ltr'>ὅπως</span> <span class='ocrx_word' id='word_1_759' title='bbox 1467 5149 1576 5215; x_wconf 76' lang='grc' dir='ltr'>τὰς</span> <span class='ocrx_word' id='word_1_760' title='bbox 1616 5151 1827 5219; x_wconf 62' lang='grc' dir='ltr'>ἀρετὰς</span> 
     </span>
    </p>
   </div>
   <div class='ocr_carea' id='block_1_101' title="bbox 250 5235 1832 5306">
    <p class='ocr_par' dir='ltr' id='par_1_101' title="bbox 250 5235 1832 5306">
     <span class='ocr_line' id='line_1_101' title="bbox 250 5235 1832 5306; baseline -0.001 -13"><span class='ocrx_word' id='word_1_761' title='bbox 250 5237 644 5306; x_wconf 66' lang='grc' dir='ltr'>ἐξαγγείλητε</span> <span class='ocrx_word' id='word_1_762' title='bbox 668 5235 775 5290; x_wconf 86' lang='grc' dir='ltr'><strong>τοῦ</strong></span> <span class='ocrx_word' id='word_1_763' title='bbox 798 5237 867 5290; x_wconf 75' lang='grc' dir='ltr'><strong>ἐκ</strong></span> <span class='ocrx_word' id='word_1_764' title='bbox 889 5238 1150 5303; x_wconf 80' lang='grc' dir='ltr'>σκότους</span> <span class='ocrx_word' id='word_1_765' title='bbox 1170 5236 1326 5303; x_wconf 83' lang='grc' dir='ltr'>ὑμᾶς</span> <span class='ocrx_word' id='word_1_766' title='bbox 1348 5237 1722 5305; x_wconf 68' lang='grc' dir='ltr'>καλέσαντος</span> <span class='ocrx_word' id='word_1_767' title='bbox 1744 5241 1832 5305; x_wconf 79' lang='grc' dir='ltr'>εἰς</span> 
     </span>
    </p>
   </div>
   <div class='ocr_carea' id='block_1_102' title="bbox 253 5327 1830 5398">
    <p class='ocr_par' dir='ltr' id='par_1_102' title="bbox 253 5327 1830 5398">
     <span class='ocr_line' id='line_1_102' title="bbox 253 5327 1830 5398; baseline -0.001 -15"><span class='ocrx_word' id='word_1_768' title='bbox 253 5330 326 5384; x_wconf 78' lang='grc' dir='ltr'>τὸ</span> <span class='ocrx_word' id='word_1_769' title='bbox 352 5327 700 5398; x_wconf 79' lang='grc' dir='ltr'>θαυμαστὸν</span> <span class='ocrx_word' id='word_1_770' title='bbox 722 5329 907 5383; x_wconf 81' lang='grc' dir='ltr'>αὑτοῦ</span> <span class='ocrx_word' id='word_1_771' title='bbox 942 5327 1087 5398; x_wconf 68' lang='grc' dir='ltr'><strong>φῶς·</strong></span> <span class='ocrx_word' id='word_1_772' title='bbox 1130 5332 1185 5382; x_wconf 86' lang='grc' dir='ltr'><strong>οί</strong></span> <span class='ocrx_word' id='word_1_773' title='bbox 1217 5328 1363 5382; x_wconf 79' lang='grc' dir='ltr'>ποτὲ</span> <span class='ocrx_word' id='word_1_774' title='bbox 1398 5331 1470 5382; x_wconf 86' lang='grc' dir='ltr'>οὐ</span> <span class='ocrx_word' id='word_1_775' title='bbox 1506 5329 1679 5395; x_wconf 71' lang='grc' dir='ltr'>λαὸς,</span> <span class='ocrx_word' id='word_1_776' title='bbox 1715 5330 1830 5383; x_wconf 82' lang='grc' dir='ltr'><strong>νῦν</strong></span> 
     </span>
    </p>
   </div>
   <div class='ocr_carea' id='block_1_103' title="bbox 248 5419 1832 5488">
    <p class='ocr_par' dir='ltr' id='par_1_103' title="bbox 248 5419 1832 5488">
     <span class='ocr_line' id='line_1_103' title="bbox 248 5419 1832 5488; baseline -0.001 -12"><span class='ocrx_word' id='word_1_777' title='bbox 248 5419 327 5476; x_wconf 72' lang='lat' dir='ltr'><strong>et</strong></span> <span class='ocrx_word' id='word_1_778' title='bbox 359 5420 508 5485; x_wconf 71' lang='grc' dir='ltr'><strong>λαός</strong></span> <span class='ocrx_word' id='word_1_779' title='bbox 540 5419 710 5473; x_wconf 86' lang='grc' dir='ltr'>Θεοῦ·</span> <span class='ocrx_word' id='word_1_780' title='bbox 759 5422 814 5473; x_wconf 90' lang='lat' dir='ltr'><strong>ol</strong></span> <span class='ocrx_word' id='word_1_781' title='bbox 864 5422 973 5473; x_wconf 80' lang='grc' dir='ltr'>οὐκ</span> <span class='ocrx_word' id='word_1_782' title='bbox 1007 5422 1361 5488; x_wconf 73' lang='grc' dir='ltr'>ἠλεημένοι,</span> <span class='ocrx_word' id='word_1_783' title='bbox 1402 5421 1518 5474; x_wconf 84' lang='grc' dir='ltr'><strong>νῦν</strong></span> <span class='ocrx_word' id='word_1_784' title='bbox 1551 5420 1619 5472; x_wconf 81' lang='grc' dir='ltr'><strong>δὲ</strong></span> <span class='ocrx_word' id='word_1_785' title='bbox 1661 5421 1832 5488; x_wconf 78' lang='grc' dir='ltr'>ἐλεη-</span> 
     </span>
    </p>
   </div>
   <div class='ocr_carea' id='block_1_104' title="bbox 248 5508 1828 5579">
    <p class='ocr_par' dir='ltr' id='par_1_104' title="bbox 248 5508 1828 5579">
     <span class='ocr_line' id='line_1_104' title="bbox 248 5508 1828 5579; baseline 0.001 -17"><span class='ocrx_word' id='word_1_786' title='bbox 248 5509 477 5575; x_wconf 71' lang='grc' dir='ltr'>θέντες.</span> <span class='ocrx_word' id='word_1_787' title='bbox 514 5527 532 5559; x_wconf 81' lang='grc' dir='ltr'><strong>ι</strong></span> <span class='ocrx_word' id='word_1_788' title='bbox 569 5509 843 5578; x_wconf 73' lang='grc' dir='ltr'>Σύμφωνα</span> <span class='ocrx_word' id='word_1_789' title='bbox 874 5509 930 5562; x_wconf 82' lang='grc' dir='ltr'>δὲ</span> <span class='ocrx_word' id='word_1_790' title='bbox 975 5508 1183 5572; x_wconf 85' lang='grc' dir='ltr'>τούτοις</span> <span class='ocrx_word' id='word_1_791' title='bbox 1232 5510 1328 5562; x_wconf 74' lang='grc' dir='ltr'><strong>καὶ</strong></span> <span class='ocrx_word' id='word_1_792' title='bbox 1374 5508 1618 5573; x_wconf 76' lang='grc' dir='ltr'>Παῦλος,</span> <span class='ocrx_word' id='word_1_793' title='bbox 1655 5513 1683 5563; x_wconf 88' lang='lat'><strong>6</strong></span> <span class='ocrx_word' id='word_1_794' title='bbox 1729 5512 1828 5579; x_wconf 78' lang='grc' dir='ltr'><strong>τῆς</strong></span> 
     </span>
    </p>
   </div>
   <div class='ocr_carea' id='block_1_105' title="bbox 253 5600 1827 5673">
    <p class='ocr_par' dir='ltr' id='par_1_105' title="bbox 253 5600 1827 5673">
     <span class='ocr_line' id='line_1_105' title="bbox 253 5600 1827 5673; baseline -0.001 -18"><span class='ocrx_word' id='word_1_795' title='bbox 253 5600 429 5669; x_wconf 70' lang='grc' dir='ltr'>αὐτῆς</span> <span class='ocrx_word' id='word_1_796' title='bbox 466 5600 689 5671; x_wconf 81' lang='grc' dir='ltr'>χάριτος</span> <span class='ocrx_word' id='word_1_797' title='bbox 719 5601 815 5653; x_wconf 72' lang='grc' dir='ltr'><strong>καὶ</strong></span> <span class='ocrx_word' id='word_1_798' title='bbox 858 5600 1019 5671; x_wconf 75' lang='grc' dir='ltr'>δόξης</span> <span class='ocrx_word' id='word_1_799' title='bbox 1057 5602 1282 5672; x_wconf 80' lang='grc' dir='ltr'>μέτοχος</span> <span class='ocrx_word' id='word_1_800' title='bbox 1317 5601 1409 5654; x_wconf 75' lang='grc' dir='ltr'><strong>καὶ</strong></span> <span class='ocrx_word' id='word_1_801' title='bbox 1451 5602 1558 5655; x_wconf 77' lang='grc' dir='ltr'><strong>τῶν</strong></span> <span class='ocrx_word' id='word_1_802' title='bbox 1592 5603 1827 5673; x_wconf 78' lang='grc' dir='ltr'>Χριστοῦ</span> 
     </span>
    </p>
   </div>
   <div class='ocr_carea' id='block_1_106' title="bbox 324 5735 1306 5799">
    <p class='ocr_par' dir='ltr' id='par_1_106' title="bbox 324 5735 1306 5799">
     <span class='ocr_line' id='line_1_106' title="bbox 324 5735 1306 5799; baseline -0.001 -10"><span class='ocrx_word' id='word_1_803' title='bbox 324 5735 347 5767; x_wconf 84' lang='grc'><strong><em>⁸</em></strong></span> <span class='ocrx_word' id='word_1_804' title='bbox 380 5736 393 5789; x_wconf 93' lang='grc' dir='ltr'><strong>Ι</strong></span> <span class='ocrx_word' id='word_1_805' title='bbox 424 5735 547 5791; x_wconf 88' lang='lat' dir='ltr'><strong>Cor.</strong></span> <span class='ocrx_word' id='word_1_806' title='bbox 586 5751 625 5799; x_wconf 86' lang='grc' dir='ltr'><strong>ι,</strong></span> <span class='ocrx_word' id='word_1_807' title='bbox 652 5737 740 5791; x_wconf 76' lang='lat'><strong>50.</strong></span> <span class='ocrx_word' id='word_1_808' title='bbox 818 5738 838 5769; x_wconf 82' lang='lat'>‘</span> <span class='ocrx_word' id='word_1_809' title='bbox 870 5736 1011 5791; x_wconf 85' lang='lat' dir='ltr'><strong>Psal.</strong></span> <span class='ocrx_word' id='word_1_810' title='bbox 1048 5753 1215 5796; x_wconf 81' lang='lat' dir='ltr'><strong>xcvtt.</strong></span> <span class='ocrx_word' id='word_1_811' title='bbox 1253 5738 1306 5790; x_wconf 78' lang='lat'><strong>5.</strong></span> 
     </span>
    </p>
   </div>
   <div class='ocr_carea' id='block_1_107' title="bbox 250 5800 697 5871">
    <p class='ocr_par' dir='ltr' id='par_1_107' title="bbox 250 5800 697 5871">
     <span class='ocr_line' id='line_1_107' title="bbox 250 5800 697 5871; baseline -0.007 -9"><span class='ocrx_word' id='word_1_812' title='bbox 250 5802 298 5840; x_wconf 83' lang='lat'>&quot;</span> <span class='ocrx_word' id='word_1_813' title='bbox 328 5800 485 5862; x_wconf 82' lang='lat' dir='ltr'><strong>Osce.</strong></span> <span class='ocrx_word' id='word_1_814' title='bbox 528 5822 566 5871; x_wconf 86' lang='grc' dir='ltr'><strong>ι,</strong></span> <span class='ocrx_word' id='word_1_815' title='bbox 612 5807 697 5861; x_wconf 74' lang='grc'><strong>10.</strong></span> 
     </span>
    </p>
   </div>
   <div class='ocr_carea' id='block_1_108' title="bbox 1380 5737 2356 5805">
    <p class='ocr_par' dir='ltr' id='par_1_108' title="bbox 1380 5737 2356 5805">
     <span class='ocr_line' id='line_1_108' title="bbox 1380 5737 2356 5805; baseline 0.007 -16"><span class='ocrx_word' id='word_1_816' title='bbox 1380 5738 1399 5768; x_wconf 69' lang='grc' dir='ltr'><strong>ν</strong></span> <span class='ocrx_word' id='word_1_817' title='bbox 1430 5737 1619 5791; x_wconf 80' lang='lat' dir='ltr'><strong>IJmu.</strong></span> <span class='ocrx_word' id='word_1_818' title='bbox 1652 5756 1710 5798; x_wconf 81' lang='lat' dir='ltr'><strong>tt,</strong></span> <span class='ocrx_word' id='word_1_819' title='bbox 1753 5741 1841 5791; x_wconf 67' lang='lat'><strong>‘2&#39;}.</strong></span> <span class='ocrx_word' id='word_1_820' title='bbox 1921 5739 1941 5767; x_wconf 70' lang='grc'><em>’⁸</em></span> <span class='ocrx_word' id='word_1_821' title='bbox 1970 5742 2113 5793; x_wconf 69' lang='lat' dir='ltr'><strong>Psal.</strong></span> <span class='ocrx_word' id='word_1_822' title='bbox 2155 5758 2259 5805; x_wconf 55' lang='grc' dir='ltr'>κει,</span> <span class='ocrx_word' id='word_1_823' title='bbox 2302 5741 2356 5796; x_wconf 88' lang='grc'><strong>7.</strong></span> 
     </span>
    </p>
   </div>
   <div class='ocr_carea' id='block_1_109' title="bbox 795 5806 1920 5875">
    <p class='ocr_par' dir='ltr' id='par_1_109' title="bbox 795 5806 1920 5875">
     <span class='ocr_line' id='line_1_109' title="bbox 795 5806 1920 5875; baseline 0.002 -14"><span class='ocrx_word' id='word_1_824' title='bbox 795 5809 838 5839; x_wconf 76' lang='grc'><strong>³⁸</strong></span> <span class='ocrx_word' id='word_1_825' title='bbox 874 5808 890 5861; x_wconf 83' lang='grc' dir='ltr'><strong>Ι</strong></span> <span class='ocrx_word' id='word_1_826' title='bbox 924 5806 1068 5862; x_wconf 73' lang='grc' dir='ltr'>ιὐιι.</span> <span class='ocrx_word' id='word_1_827' title='bbox 1104 5825 1162 5875; x_wconf 86' lang='grc' dir='ltr'><strong>ιι,</strong></span> <span class='ocrx_word' id='word_1_828' title='bbox 1193 5810 1248 5871; x_wconf 78' lang='grc'>9,</span> <span class='ocrx_word' id='word_1_829' title='bbox 1292 5809 1373 5861; x_wconf 79' lang='grc' dir='ltr'><strong>Η).</strong></span> <span class='ocrx_word' id='word_1_830' title='bbox 1456 5809 1498 5840; x_wconf 80' lang='grc'><strong><em>⁸³</em></strong></span> <span class='ocrx_word' id='word_1_831' title='bbox 1534 5809 1683 5861; x_wconf 66' lang='lat' dir='ltr'><strong>limit.</strong></span> <span class='ocrx_word' id='word_1_832' title='bbox 1723 5827 1795 5872; x_wconf 57' lang='lat' dir='ltr'><strong>lt,</strong></span> <span class='ocrx_word' id='word_1_833' title='bbox 1832 5810 1920 5863; x_wconf 57' lang='lat'><strong>‘25.</strong></span> 
     </span>
    </p>
   </div>
   <div class='ocr_carea' id='block_1_110' title="bbox 1938 4689 3499 4748">
    <p class='ocr_par' dir='ltr' id='par_1_110' title="bbox 1938 4689 3499 4748">
     <span class='ocr_line' id='line_1_110' title="bbox 1938 4689 3499 4748; baseline 0.006 -10"><span class='ocrx_word' id='word_1_834' title='bbox 1938 4691 2249 4742; x_wconf 81' lang='lat' dir='ltr'><strong>damenttuu</strong></span> <span class='ocrx_word' id='word_1_835' title='bbox 2305 4700 2359 4742; x_wconf 86' lang='lat' dir='ltr'><strong>et</strong></span> <span class='ocrx_word' id='word_1_836' title='bbox 2396 4689 2628 4743; x_wconf 78' lang='lat' dir='ltr'><strong>fult-rum</strong></span> <span class='ocrx_word' id='word_1_837' title='bbox 2676 4690 2888 4743; x_wconf 76' lang='lat' dir='ltr'><strong>docebit</strong></span> <span class='ocrx_word' id='word_1_838' title='bbox 2918 4691 3101 4743; x_wconf 83' lang='lat' dir='ltr'><strong>dicens</strong></span> <span class='ocrx_word' id='word_1_839' title='bbox 3135 4711 3147 4746; x_wconf 92' lang='lat'>:</span> <span class='ocrx_word' id='word_1_840' title='bbox 3194 4689 3293 4745; x_wconf 79' lang='lat' dir='ltr'><strong>Vos</strong></span> <span class='ocrx_word' id='word_1_841' title='bbox 3323 4702 3499 4748; x_wconf 89' lang='lat' dir='ltr'><strong>autem</strong></span> 
     </span>
    </p>
   </div>
   <div class='ocr_carea' id='block_1_111' title="bbox 1930 4782 3498 4855">
    <p class='ocr_par' dir='ltr' id='par_1_111' title="bbox 1930 4782 3498 4855">
     <span class='ocr_line' id='line_1_111' title="bbox 1930 4782 3498 4855; baseline 0.004 -24"><span class='ocrx_word' id='word_1_842' title='bbox 1930 4798 2089 4850; x_wconf 74' lang='lat' dir='ltr'><strong>genus</strong></span> <span class='ocrx_word' id='word_1_843' title='bbox 2133 4782 2373 4845; x_wconf 75' lang='lat' dir='ltr'><strong>electum,</strong></span> <span class='ocrx_word' id='word_1_844' title='bbox 2404 4782 2577 4849; x_wconf 86' lang='lat' dir='ltr'><strong>regale</strong></span> <span class='ocrx_word' id='word_1_845' title='bbox 2611 4782 2987 4846; x_wconf 80' lang='lat' dir='ltr'><strong>sacerdotium,</strong></span> <span class='ocrx_word' id='word_1_846' title='bbox 3010 4801 3131 4852; x_wconf 86' lang='lat' dir='ltr'><strong>gens</strong></span> <span class='ocrx_word' id='word_1_847' title='bbox 3172 4797 3379 4847; x_wconf 87' lang='lat' dir='ltr'><strong>sancta,</strong></span> <span class='ocrx_word' id='word_1_848' title='bbox 3406 4806 3498 4855; x_wconf 78' lang='lat' dir='ltr'><strong>po-</strong></span> 
     </span>
    </p>
   </div>
   <div class='ocr_carea' id='block_1_112' title="bbox 1931 4873 3496 4949">
    <p class='ocr_par' dir='ltr' id='par_1_112' title="bbox 1931 4873 3496 4949">
     <span class='ocr_line' id='line_1_112' title="bbox 1931 4873 3496 4949; baseline 0.008 -28"><span class='ocrx_word' id='word_1_849' title='bbox 1931 4874 2086 4940; x_wconf 75' lang='lat' dir='ltr'><strong>pulus</strong></span> <span class='ocrx_word' id='word_1_850' title='bbox 2114 4873 2484 4940; x_wconf 80' lang='lat' dir='ltr'><strong>acquisitionis</strong></span> <span class='ocrx_word' id='word_1_851' title='bbox 2512 4887 2530 4926; x_wconf 89' lang='lat'><strong><em>:</em></strong></span> <span class='ocrx_word' id='word_1_852' title='bbox 2559 4884 2612 4926; x_wconf 86' lang='lat' dir='ltr'><strong>ut</strong></span> <span class='ocrx_word' id='word_1_853' title='bbox 2640 4875 2851 4926; x_wconf 82' lang='lat' dir='ltr'><strong>rirtutes</strong></span> <span class='ocrx_word' id='word_1_854' title='bbox 2883 4877 3201 4928; x_wconf 86' lang='lat' dir='ltr'><strong>annuntietis</strong></span> <span class='ocrx_word' id='word_1_855' title='bbox 3230 4877 3367 4945; x_wconf 81' lang='lat' dir='ltr'><strong>ejus,</strong></span> <span class='ocrx_word' id='word_1_856' title='bbox 3405 4881 3496 4949; x_wconf 80' lang='lat' dir='ltr'><strong>qui</strong></span> 
     </span>
    </p>
   </div>
   <div class='ocr_carea' id='block_1_113' title="bbox 1931 4962 3490 5027">
    <p class='ocr_par' dir='ltr' id='par_1_113' title="bbox 1931 4962 3490 5027">
     <span class='ocr_line' id='line_1_113' title="bbox 1931 4962 3490 5027; baseline 0.008 -12"><span class='ocrx_word' id='word_1_857' title='bbox 1931 4965 1995 5016; x_wconf 85' lang='lat' dir='ltr'><strong>de</strong></span> <span class='ocrx_word' id='word_1_858' title='bbox 2029 4962 2252 5016; x_wconf 79' lang='lat' dir='ltr'><strong>tenebris</strong></span> <span class='ocrx_word' id='word_1_859' title='bbox 2296 4981 2379 5016; x_wconf 81' lang='lat' dir='ltr'><strong>vos</strong></span> <span class='ocrx_word' id='word_1_860' title='bbox 2414 4965 2610 5017; x_wconf 76' lang='lat' dir='ltr'><strong>vocavit</strong></span> <span class='ocrx_word' id='word_1_861' title='bbox 2647 4967 2703 5017; x_wconf 86' lang='lat' dir='ltr'><strong>in</strong></span> <span class='ocrx_word' id='word_1_862' title='bbox 2745 4964 3057 5021; x_wconf 81' lang='lat' dir='ltr'><strong>admirabile</strong></span> <span class='ocrx_word' id='word_1_863' title='bbox 3104 4969 3277 5023; x_wconf 84' lang='lat' dir='ltr'><strong>lumen</strong></span> <span class='ocrx_word' id='word_1_864' title='bbox 3317 4988 3490 5027; x_wconf 80' lang='lat' dir='ltr'><strong>suum.</strong></span> 
     </span>
    </p>
   </div>
   <div class='ocr_carea' id='block_1_114' title="bbox 1930 5053 3498 5129">
    <p class='ocr_par' dir='ltr' id='par_1_114' title="bbox 1930 5053 3498 5129">
     <span class='ocr_line' id='line_1_114' title="bbox 1930 5053 3498 5129; baseline 0.008 -25"><span class='ocrx_word' id='word_1_865' title='bbox 1930 5053 2031 5119; x_wconf 83' lang='lat' dir='ltr'><strong>Qui</strong></span> <span class='ocrx_word' id='word_1_866' title='bbox 2056 5054 2342 5124; x_wconf 83' lang='lat' dir='ltr'><strong>aliquando</strong></span> <span class='ocrx_word' id='word_1_867' title='bbox 2359 5071 2463 5108; x_wconf 88' lang='lat' dir='ltr'><strong>non</strong></span> <span class='ocrx_word' id='word_1_868' title='bbox 2482 5054 2733 5124; x_wconf 84' lang='lat' dir='ltr'><strong>populus.</strong></span> <span class='ocrx_word' id='word_1_869' title='bbox 2765 5073 2901 5110; x_wconf 86' lang='lat' dir='ltr'><strong>nunc</strong></span> <span class='ocrx_word' id='word_1_870' title='bbox 2922 5069 3094 5112; x_wconf 83' lang='lat' dir='ltr'><strong>autem</strong></span> <span class='ocrx_word' id='word_1_871' title='bbox 3110 5063 3330 5129; x_wconf 84' lang='lat' dir='ltr'><strong>populus</strong></span> <span class='ocrx_word' id='word_1_872' title='bbox 3360 5061 3456 5117; x_wconf 73' lang='lat' dir='ltr'><strong>Dei</strong></span> <span class='ocrx_word' id='word_1_873' title='bbox 3476 5081 3498 5129; x_wconf 84' lang='lat'><strong><em>;</em></strong></span> 
     </span>
    </p>
   </div>
   <div class='ocr_carea' id='block_1_115' title="bbox 1926 5147 3498 5214">
    <p class='ocr_par' dir='ltr' id='par_1_115' title="bbox 1926 5147 3498 5214">
     <span class='ocr_line' id='line_1_115' title="bbox 1926 5147 3498 5214; baseline 0.008 -17"><span class='ocrx_word' id='word_1_874' title='bbox 1926 5148 2014 5214; x_wconf 84' lang='lat' dir='ltr'><strong>qui</strong></span> <span class='ocrx_word' id='word_1_875' title='bbox 2039 5162 2143 5200; x_wconf 87' lang='lat' dir='ltr'><strong>non</strong></span> <span class='ocrx_word' id='word_1_876' title='bbox 2171 5148 2432 5201; x_wconf 83' lang='lat' dir='ltr'><strong>consecuti</strong></span> <span class='ocrx_word' id='word_1_877' title='bbox 2462 5147 2904 5212; x_wconf 79' lang='lat' dir='ltr'><strong>misericordiam,</strong></span> <span class='ocrx_word' id='word_1_878' title='bbox 2936 5166 3073 5203; x_wconf 83' lang='lat' dir='ltr'><strong>nunc</strong></span> <span class='ocrx_word' id='word_1_879' title='bbox 3100 5164 3269 5206; x_wconf 86' lang='lat' dir='ltr'><strong>autem</strong></span> <span class='ocrx_word' id='word_1_880' title='bbox 3291 5157 3498 5209; x_wconf 79' lang='lat' dir='ltr'><strong>miseri-</strong></span> 
     </span>
    </p>
   </div>
   <div class='ocr_carea' id='block_1_116' title="bbox 1928 5240 3489 5318">
    <p class='ocr_par' dir='ltr' id='par_1_116' title="bbox 1928 5240 3489 5318">
     <span class='ocr_line' id='line_1_116' title="bbox 1928 5240 3489 5318; baseline 0.008 -28"><span class='ocrx_word' id='word_1_881' title='bbox 1928 5240 2166 5292; x_wconf 77' lang='lat' dir='ltr'><strong>cordiam</strong></span> <span class='ocrx_word' id='word_1_882' title='bbox 2188 5241 2454 5295; x_wconf 81' lang='lat' dir='ltr'><strong>consecuti</strong></span> <span class='ocrx_word' id='word_1_883' title='bbox 2480 5241 2545 5292; x_wconf 86' lang='lat'><strong>“.</strong></span> <span class='ocrx_word' id='word_1_884' title='bbox 2581 5242 2829 5296; x_wconf 72' lang='grc' dir='ltr'>(ὶυιιειιιιιι</span> <span class='ocrx_word' id='word_1_885' title='bbox 2878 5244 2961 5296; x_wconf 89' lang='lat' dir='ltr'><strong>bis</strong></span> <span class='ocrx_word' id='word_1_886' title='bbox 3006 5242 3204 5299; x_wconf 81' lang='lat' dir='ltr'><strong>Paulus</strong></span> <span class='ocrx_word' id='word_1_887' title='bbox 3248 5262 3489 5318; x_wconf 81' lang='lat' dir='ltr'><strong>quoque,</strong></span> 
     </span>
    </p>
   </div>
   <div class='ocr_carea' id='block_1_117' title="bbox 1933 5331 3495 5408">
    <p class='ocr_par' dir='ltr' id='par_1_117' title="bbox 1933 5331 3495 5408">
     <span class='ocr_line' id='line_1_117' title="bbox 1933 5331 3495 5408; baseline 0.01 -28"><span class='ocrx_word' id='word_1_888' title='bbox 1933 5331 2122 5396; x_wconf 68' lang='lat' dir='ltr'><strong>gratiae</strong></span> <span class='ocrx_word' id='word_1_889' title='bbox 2168 5331 2408 5400; x_wconf 81' lang='lat' dir='ltr'><strong>ejusdetu</strong></span> <span class='ocrx_word' id='word_1_890' title='bbox 2464 5333 2754 5402; x_wconf 67' lang='lat' dir='ltr'><strong>gloria&#39;que</strong></span> <span class='ocrx_word' id='word_1_891' title='bbox 2822 5336 3135 5405; x_wconf 67' lang='lat' dir='ltr'><strong>nautici-ps,</strong></span> <span class='ocrx_word' id='word_1_892' title='bbox 3182 5338 3495 5408; x_wconf 79' lang='lat' dir='ltr'><strong>Christique</strong></span> 
     </span>
    </p>
   </div>
   <div class='ocr_carea' id='block_1_118' title="bbox 1934 5422 3497 5491">
    <p class='ocr_par' dir='ltr' id='par_1_118' title="bbox 1934 5422 3497 5491">
     <span class='ocr_line' id='line_1_118' title="bbox 1934 5422 3497 5491; baseline 0.009 -19"><span class='ocrx_word' id='word_1_893' title='bbox 1934 5422 2311 5491; x_wconf 49' lang='lat' dir='ltr'><strong>mysteriorum</strong></span> <span class='ocrx_word' id='word_1_894' title='bbox 2346 5434 2550 5484; x_wconf 80' lang='lat' dir='ltr'><strong>custos.</strong></span> <span class='ocrx_word' id='word_1_895' title='bbox 2580 5424 2831 5491; x_wconf 84' lang='lat' dir='ltr'><strong>loquatur</strong></span> <span class='ocrx_word' id='word_1_896' title='bbox 2871 5443 2884 5480; x_wconf 92' lang='lat'>:</span> <span class='ocrx_word' id='word_1_897' title='bbox 2922 5424 2987 5479; x_wconf 84' lang='lat' dir='ltr'><strong>Ut</strong></span> <span class='ocrx_word' id='word_1_898' title='bbox 3026 5436 3319 5484; x_wconf 72' lang='lat' dir='ltr'><strong>ostenderet</strong></span> <span class='ocrx_word' id='word_1_899' title='bbox 3360 5434 3497 5486; x_wconf 72' lang='lat' dir='ltr'><strong>divt-</strong></span> 
     </span>
    </p>
   </div>
   <div class='ocr_carea' id='block_1_119' title="bbox 1932 5514 3498 5593">
    <p class='ocr_par' dir='ltr' id='par_1_119' title="bbox 1932 5514 3498 5593">
     <span class='ocr_line' id='line_1_119' title="bbox 1932 5514 3498 5593; baseline 0.011 -32"><span class='ocrx_word' id='word_1_900' title='bbox 1932 5516 2032 5565; x_wconf 81' lang='lat' dir='ltr'><strong>tias</strong></span> <span class='ocrx_word' id='word_1_901' title='bbox 2075 5514 2259 5581; x_wconf 78' lang='lat' dir='ltr'><strong>gloria:</strong></span> <span class='ocrx_word' id='word_1_902' title='bbox 2296 5532 2406 5569; x_wconf 82' lang='lat' dir='ltr'><strong>sate</strong></span> <span class='ocrx_word' id='word_1_903' title='bbox 2447 5518 2499 5570; x_wconf 87' lang='lat' dir='ltr'><strong>in</strong></span> <span class='ocrx_word' id='word_1_904' title='bbox 2530 5517 2665 5571; x_wconf 77' lang='lat' dir='ltr'><strong>vasis</strong></span> <span class='ocrx_word' id='word_1_905' title='bbox 2711 5520 3243 5589; x_wconf 77' lang='lat' dir='ltr'><strong>inisericordite.qnw</strong></span> <span class='ocrx_word' id='word_1_906' title='bbox 3294 5540 3498 5593; x_wconf 70' lang='grc' dir='ltr'><strong>υνοερα-</strong></span> 
     </span>
    </p>
   </div>
   <div class='ocr_carea' id='block_1_120' title="bbox 1933 5606 3493 5677">
    <p class='ocr_par' dir='ltr' id='par_1_120' title="bbox 1933 5606 3493 5677">
     <span class='ocr_line' id='line_1_120' title="bbox 1933 5606 3493 5677; baseline 0.007 -21"><span class='ocrx_word' id='word_1_907' title='bbox 1933 5608 2064 5659; x_wconf 82' lang='lat' dir='ltr'><strong>ruvit</strong></span> <span class='ocrx_word' id='word_1_908' title='bbox 2091 5607 2143 5659; x_wconf 92' lang='lat' dir='ltr'><strong>in</strong></span> <span class='ocrx_word' id='word_1_909' title='bbox 2166 5606 2388 5675; x_wconf 77' lang='lat' dir='ltr'><strong>gloriam</strong></span> <span class='ocrx_word' id='word_1_910' title='bbox 2411 5625 2562 5660; x_wconf 78' lang='lat' dir='ltr'><strong>suam</strong></span> <span class='ocrx_word' id='word_1_911' title='bbox 2597 5609 2662 5662; x_wconf 89' lang='grc'><strong>¹³.</strong></span> <span class='ocrx_word' id='word_1_912' title='bbox 2692 5607 2841 5677; x_wconf 78' lang='lat' dir='ltr'><strong>Quos</strong></span> <span class='ocrx_word' id='word_1_913' title='bbox 2871 5620 2924 5665; x_wconf 79' lang='lat' dir='ltr'><strong>et</strong></span> <span class='ocrx_word' id='word_1_914' title='bbox 2946 5618 3155 5667; x_wconf 78' lang='lat' dir='ltr'><strong>vocavit</strong></span> <span class='ocrx_word' id='word_1_915' title='bbox 3187 5632 3287 5668; x_wconf 79' lang='lat' dir='ltr'><strong>non</strong></span> <span class='ocrx_word' id='word_1_916' title='bbox 3319 5617 3493 5669; x_wconf 85' lang='lat' dir='ltr'><strong>solum</strong></span> 
     </span>
    </p>
   </div>
   <div class='ocr_carea' id='block_1_121' title="bbox 2473 5743 3494 5817">
    <p class='ocr_par' dir='ltr' id='par_1_121' title="bbox 2473 5743 3494 5817">
     <span class='ocr_line' id='line_1_121' title="bbox 2473 5743 3494 5817; baseline 0.01 -22"><span class='ocrx_word' id='word_1_917' title='bbox 2473 5746 2493 5775; x_wconf 88' lang='lat'><strong>’</strong></span> <span class='ocrx_word' id='word_1_918' title='bbox 2524 5743 2662 5799; x_wconf 82' lang='lat' dir='ltr'><strong>l‘sal.</strong></span> <span class='ocrx_word' id='word_1_919' title='bbox 2694 5758 2816 5814; x_wconf 67' lang='lat' dir='ltr'><strong>xiv,</strong></span> <span class='ocrx_word' id='word_1_920' title='bbox 2861 5746 2916 5800; x_wconf 72' lang='lat'><strong>&#39;3.</strong></span> <span class='ocrx_word' id='word_1_921' title='bbox 2996 5747 3039 5779; x_wconf 81' lang='lat'><strong>&quot;</strong></span> <span class='ocrx_word' id='word_1_922' title='bbox 3075 5746 3217 5800; x_wconf 72' lang='lat' dir='ltr'><strong>Psal.</strong></span> <span class='ocrx_word' id='word_1_923' title='bbox 3251 5765 3405 5817; x_wconf 74' lang='lat' dir='ltr'><strong>cuti,</strong></span> <span class='ocrx_word' id='word_1_924' title='bbox 3434 5751 3494 5810; x_wconf 74' lang='lat'><strong>3.</strong></span> 
     </span>
    </p>
   </div>
  </div>
