4198 6442
231 458 339 529 629

1075 459 1645 523 APOLOGETICUS
1682 458 1831 520 P110
1871 454 2136 517 SACRIS
2175 448 2657 514 lMAGINlBUS.

3391 439 3499 508 630

230 576 325 630 τὸν
375 572 497 629 νέον
536 572 629 627 καὶ
662 571 805 627 κατὰ
842 570 1080 642 Χριστὸν
1109 568 1431 642 κτιξόμενον
1479 567 1817 623 ἐνδιδύσκονο
1847 601 1856 629 γ

1941 579 2045 619 tem
2097 559 2546 618 innumerabilem
2590 558 2835 621 denotat,
2893 571 3013 624 qua:
3062 555 3228 610 maris
3277 564 3497 627 Quoquo

235 680 358 720 ται*
396 663 432 734 ἢ
473 662 582 717 τῶν
617 663 682 733 τῇ
712 660 903 732 κλήσει
944 658 1040 713 τοῦ
1086 657 1423 729 Εὑαγγελίου
1464 657 1541 719 ὡς
1587 658 1815 726 τάχιστα

239 753 574 821 ὑπεικόντων
597 755 690 807 καὶ
710 752 1036 807 συνθεόντων
1055 752 1153 821 τὴν
1180 749 1390 819 πληθὺν
1411 749 1510 819 τὴν
1533 748 1815 819 ἀπείρονα,

235 846 277 921 ἢ
305 847 397 900 καὶ
424 845 532 899 τῶν
556 847 615 900 ἐν
644 844 889 916 θαλάσσῃ
921 843 1139 914 μέτρων
1167 840 1443 913 μυστικῶς
1483 840 1814 910 ὑπεροίσειε·

240 935 364 991 κατ’
391 937 573 989 ἐκεῖνα
600 935 666 1007 δὴ
690 934 727 990 ἃ.
752 934 832 1004 τῷ
864 935 1177 1007 πατριάρχῃ
1220 931 1482 1004 Ἀϐρααμ·
1501 931 1653 1001 παρά
1682 928 1818 983 Θεοῦ

239 1024 410 1080 πάλαι
443 1024 572 1078 ποτὲ
602 1024 953 1095 ὑπεσχημένα
982 1022 1256 1077 ἐδείκνυτο
1276 1062 1292 1086 ,
1327 1021 1403 1084 ὡς
1432 1022 1525 1074 ἐπὶ
1567 1019 1821 1072 τοσοῦτον

241 1112 560 1185 περιουσίας
586 1113 646 1165 τὸ
667 1110 1072 1181 ἐπηγγελμένον
1094 1108 1243 1179 αὖτῷ
1265 1108 1486 1177 σπέρμα
1511 1104 1829 1174 ἀφίξεσθαιὶ

241 1202 475 1275 ἀστράσι
522 1203 636 1266 τοῖς
687 1200 809 1255 κατ’
841 1200 1068 1272 οὐρανὸν
1114 1200 1209 1253 καὶ
1256 1197 1362 1270 μὴν
1408 1198 1504 1251 καί
1540 1198 1709 1267 ἄμμῳ
1753 1198 1820 1267 τῇ

243 1295 387 1347 κατὰ
423 1293 528 1365 γῆν
553 1293 972 1366 παρισούμενον·
1002 1294 1064 1345 οὐ
1099 1292 1208 1363 γὰρ
1236 1290 1300 1362 δὴ
1332 1290 1500 1361 μόνην
1524 1288 1821 1355 θάλασσαν,

244 1386 349 1457 ἠδη
383 1386 441 1440 δὲ
470 1390 562 1440 καὶ
586 1387 715 1456 ὃλην
748 1386 977 1457 ἤπειρον
1010 1385 1105 1437 καὶ
1139 1384 1398 1454 ἐσχατιὰν
1423 1384 1521 1436 καὶ
1561 1382 1823 1452 οἰκουμέ-

247 1495 347 1548 νην
386 1479 603 1532 ἆπασαν
646 1478 992 1549 ἀποπληροῖο
1042 1476 1248 1539 πάντες
1304 1474 1417 1545 γὰρ
1452 1468 1538 1528 οἷα
1586 1472 1827 1527 διδακτοὶ¹

245 1567 381 1621 Θεοῦ
400 1608 416 1633 ,
449 1569 545 1622 καὶ⁸
566 1568 655 1622 διὰ
688 1566 913 1640 λουτροῦ
947 1565 1373 1635 παλιγγενεσίας
1398 1565 1493 1618 καὶ
1521 1563 1827 1616 ἀνακαινώ-

249 1674 388 1721 σεως
418 1657 735 1727 Πνεῦματος
768 1658 926 1725 ἁγίου
959 1655 1386 1726 κεκαθαρμένοι,
1416 1655 1515 1724 τῆς
1546 1653 1704 1723 δόξης
1731 1655 1827 1706 καὶ

247 1750 504 1820 γνώσεως
533 1751 699 1805 αὐτοῦ
727 1748 1290 1821 ὑπερεμπίμπλανται
1311 1786 1325 1810 ,
1353 1752 1448 1800 καὶ
1477 1745 1538 1798 οῦ
1569 1761 1701 1798 ποτε
1736 1744 1827 1797 λό-

245 1858 343 1911 γον
378 1843 651 1896 είδωλικὸν
673 1844 775 1896 κᾶν
816 1844 875 1895 ἐν
905 1844 1085 1904 σκιαῖς
1117 1838 1249 1908 γοῦν
1278 1837 1401 1891 οὔτε
1432 1838 1826 1908 μυηθήσονται,

1920 667 2227 710 mensuram
2255 650 2482 723 mystice
2499 647 2797 718 superabit.
2832 642 2988 699 Vclnt
3009 644 3138 700 olim
3173 646 3500 715 patriarchae

1918 745 2228 801 Abrahamo
2255 759 2284 797 a
2320 743 2428 797 Deo
2454 741 2755 811 spondente
2798 746 3078 794 ostensum
3129 738 3252 801 fuit,
3293 736 3411 794 fore
3442 748 3498 792 nl

1920 839 1973 893 in
2010 847 2213 892 tantam
2240 835 2452 906 copiam
2478 834 2802 904 promissum
2826 833 2875 887 ei
2917 847 3101 887 semen
3126 845 3497 894 excresceret,

1920 941 1981 984 nt
2022 930 2145 987 cmli
2177 926 2447 984 sideribus
2475 935 2529 982 et
2569 935 2730 980 terra:
2783 925 2969 979 arenis
3012 936 3396 993 exmquaretur
3425 926 3496 979 ".

1921 1018 2133 1089 Reapse
2177 1033 2281 1072 non
2321 1032 2472 1072 mare
2522 1015 2916 1078 tantummodo,
2967 1014 3061 1070 sed
3089 1022 3143 1068 et
3191 1021 3357 1067 totam
3393 1023 3503 1067 ter-

1924 1127 2038 1166 ram
2065 1111 2293 1180 ejusque
2319 1108 2456 1163 lines
2485 1116 2649 1177 atque
2675 1104 2989 1159 universum
3018 1107 3280 1159 mundum
3314 1104 3506 1174 religio

1926 1214 2108 1257 nostra
2166 1200 2356 1271 replet.
2397 1197 2588 1253 Cuncti
2633 1196 2779 1252 enim
2826 1196 2973 1251 velut
3008 1198 3272 1253 docibiles
3304 1200 3394 1253 Dei
3426 1199 3497 1263 ’⁸,

1924 1302 1981 1347 et
2021 1293 2233 1346 lavacro
2262 1287 2694 1360 regenerationis
2724 1302 2787 1343 ac
2827 1303 2925 1357 per
2950 1298 3201 1343 sanctum
3238 1288 3503 1357 Spiritum

1927 1381 2296 1436 renovationls
2334 1377 2630 1450 puriﬁcati,
2668 1376 2840 1448 gloria
2866 1387 2921 1432 et
2960 1375 3154 1431 n0titia
3197 1375 3319 1447 ejus
3347 1392 3501 1431 com-

1928 1473 2162 1542 plentur,
2183 1471 2498 1540 nullumque
2526 1468 2783 1524 idolicum
2809 1468 3099 1539 vestigium
3132 1467 3217 1523 vel
3252 1472 3506 1523 umbram

1932 1566 2192 1627 retinent,
2258 1576 2436 1630 neque
2491 1574 2729 1630 unquam
2786 1555 3512 1626 memorabunt..Seqnitur

1928 1670 2057 1724 ergo
2081 1664 2139 1708 nt
2169 1653 2489 1718 adversarii,
2544 1652 2743 1718 impuri
2778 1652 3005 1720 spiritus
3051 1650 3376 1717 operatione
3409 1651 3494 1702 iu-

1930 1746 2170 1813 formati,
2205 1744 2525 1815 nugarijam
2553 1742 2755 1798 frustra
2783 1742 3043 1797 adversus
3073 1739 3279 1799 Christi
3313 1740 3504 1795 Eccle-

1931 1843 2067 1892 siam
2099 1839 2406 1893 videantur.

244 1931 357 1985 οὐδ’
385 1931 689 1985 ὁπωστιοῦν
716 1930 1171 2001 ἀποφθέγξαιντοο
1227 1928 1422 1982 οὐκοῦν
1461 1929 1558 1996 τῆς
1623 1928 1716 1981 τοῦ
1786 1927 2097 1999 ἀκαθάρτου
2144 1928 2453 1999 πνεύματος
2539 1927 2821 1998 ἐνεργείας
2864 1922 3312 2000 ἁποπλησθέντες
3361 1926 3409 1978 οἱ
3443 1924 3521 1979 δι”

244 2022 519 2089 ἐναντίας,
562 2024 685 2094 είκῆ
735 2021 1099 2094 φλυαροῦντες
1146 2021 1288 2074 κατὰ
1326 2019 1427 2087 τῆς
1456 2019 1553 2072 τοῦ
1584 2018 1823 2089 Χριστοῦ
1861 2020 2194 2091 Ἔκκκλησίας
2224 2020 2548 2074 ἁλώσονται.

323 2119 553 2188 Ἕτερος
576 2120 706 2188 ἡμῖν
728 2118 837 2171 τῶν
864 2118 1142 2188 θεοφόρων
1168 2114 1388 2183 ἀγέσθω
1410 2116 1504 2167 καὶ
1530 2113 1785 2183 φραζέτω
1804 2130 1817 2145 ·

1997 2115 2152 2169 Alius
2191 2114 2368 2169 adhuc
2402 2114 2560 2169 nobis
2582 2113 2758 2168 deil'er
2791 2112 2844 2167 in
2877 2112 3116 2167 medium
3161 2113 3500 2181 producatur

264 2211 735 2280 Ἐπιφανήσεται
783 2213 999 2279 Κύριος
1036 2210 1130 2262 ἐπ’
1187 2207 1430 2271 αὐτοὺς,
1470 2208 1569 2259 καί
1619 2206 1830 2270 ἐξολο-

249 2302 497 2369 θρεύσει
526 2301 759 2366 πάντας
784 2300 927 2366 τοὺς
959 2301 1136 2366 θεοὺς
1168 2298 1290 2353 τῶν
1308 2296 1501 2352 ἐθνῶν
1536 2296 1646 2363 τῆς
1693 2295 1830 2365 γῆς,

252 2394 352 2445 καί
387 2390 932 2459 προσκυνήσουσιν
952 2388 1114 2455 αὐτῷ
1133 2389 1391 2452 ἕκαστος
1408 2386 1475 2439 ἐκ
1505 2386 1613 2439 τοῦ
1644 2385 1831 2439 τόπου

249 2482 463 2547 αὐτοῦ,
507 2483 696 2538 πᾶσαι
739 2486 799 2537 al
846 2482 1032 2551 νῆσοι
1083 2480 1202 2535 τῶν
1236 2477 1451 2535 ἐθνῶν.
1502 2478 1567 2531 Τί
1625 2476 1831 2531 τούτων

256 2573 585 2644 λευκότερον
640 2573 672 2643 ἢ
718 2574 1101 2643 τρανέστερον,
1150 2571 1227 2634 ὼς
1272 2570 1501 2641 μεγίστη
1545 2569 1640 2622 καὶ
1691 2569 1832 2636 ἄγαν

257 2663 533 2732 σωτήριος
573 2664 606 2733 ἡ
634 2663 728 2716 τοῦ
753 2663 889 2716 Θεοῦ
912 2665 1086 2731 Λόγου
1119 2663 1448 2729 ἐπιφανεῖσα
1506 2659 1643 2730 πρὸς
1683 2659 1834 2727 ἡμᾶς

258 2753 700 2818 συγκατάεασιςς
725 2754 998 2825 Ἐρρύσθη
1009 2770 1108 2823 μεν
1124 2753 1234 2821 γὰρ
1254 2751 1320 2805 δι’
1333 2750 1524 2820 αὐτῆς,
1544 2748 1644 2819 τῆς
1665 2750 1834 2803 πολυ-

258 2841 389 2895 θὲου
422 2842 631 2913 πλάνης
658 2845 710 2897 οί
738 2844 799 2909 ἐξ
818 2844 1011 2909 ἐθνῶν,
1038 2845 1136 2897 καὶ
1165 2843 1515 2911 γινώσκομεν
1543 2841 1635 2894 τὸν
1672 2842 1835 2911 μόνον

259 2933 516 3000 ἀληθινὸν
540 2934 674 2987 Θεὸν
707 2935 803 2988 καὶ⁸
828 2935 1072 3006 Πατέρα,
1116 2935 1215 2988 καὶ
1239 2934 1298 2987 δν
1336 2932 1582 3002 ἐπεμψεν
1631 2933 1837 3002 Ἰησοῦν

278 3026 516 3097 χριστὸν,
551 3025 644 3080 τὸν
674 3028 877 3099 Κύριον
898 3028 1054 3098 ἡμῶν
1083 3027 1179 3080 καὶ
1198 3025 1364 3080 Θεόνο
1395 3025 1509 3079 ἀλλ’
1542 3026 1620 3089 ὡς
1658 3024 1838 3079 ἔοικεν

260 3118 313 3169 οί
344 3118 447 3185 τὴν
468 3118 781 3189 ἔμπληκτον
814 3120 1035 3189 ἐκείνην
1057 3118 1154 3173 καὶ
1179 3117 1450 3187 θεοστυγῆ
1477 3116 1836 3170 διδασκαλίαν

263 3207 729 3278 παραδεξάμενοι,
771 3213 829 3264 ἐν
866 3209 945 3281 τῷ
971 3210 1208 3279 ἀφεγγεί
1239 3206 1390 3279 ζόφῳ
1412 3209 1514 3278 τῆς
1551 3206 1833 3275 ἀγνωσίας

264 3299 345 3351 ἔτι
387 3301 808 3371 περιαλώμενοι,
833 3304 953 3367 ταῖς
982 3303 1179 3365 αὑταῖς
1220 3301 1322 3371 τῆς
1374 3300 1707 3369 θεογνωσίας
1735 3301 1838 3353 οὐκ

266 3388 711 3461 ἐνελάμφοησαν.
748 3393 933 3447 Ταῦτα
961 3393 1059 3447 καὶ
1083 3394 1180 3463 τὴν
1235 3393 1502 3447 Ἰουδαίων
1545 3394 1840 3462 ἀναισχυν-

1935 2216 1986 2259 et
2023 2206 2168 2260 dicat
2198 2224 2213 2262 :
2246 2206 2527 2273 Apparebit
2557 2221 2712 2275 super
2739 2221 2829 2260 eos
2856 2203 3140 2269 Dominus,
3165 2204 3503 2271 destruelque

1935 2314 2113 2352 omnes
2142 2299 2265 2353 deos
2295 2299 2529 2369 gentium
2555 2308 2733 2361 terras,
2761 2307 2809 2352 et
2848 2299 3148 2351 adorabunt
3177 2311 3297 2350 eum
3343 2311 3511 2348 mms-

1933 2392 2151 2460 quisque
2206 2390 2270 2445 de
2323 2391 2439 2443 loco
2497 2405 2616 2452 suo,
2673 2401 2877 2445 cunctw
2913 2391 3105 2446 insulae
3164 2388 3398 2459 gentium
3436 2388 3506 2444 ".

1935 2483 2074 2548 Quid
2120 2483 2205 2536 his
2231 2481 2431 2535 clarius
2474 2491 2636 2550 atque
2661 2481 2956 2550 limpidins,
3020 2482 3243 2538 ittaxiini
3315 2496 3510 2548 nempe

1939 2574 2198 2628 momenti
2249 2572 2417 2627 fuisse
2466 2584 2521 2627 et
2573 2575 2818 2643 apprime
2869 2574 3167 2630 salutarem
3210 2572 3304 2628 Dei
3345 2570 3509 2625 VBI'iIi

1936 2664 2209 2719 visibilem
2248 2665 2316 2717 ad
2360 2678 2461 2718 nos
2491 2665 2847 2719 descensum?
2867 2665 2974 2721 Per
2996 2666 3170 2735 ipsum
3201 2665 3402 2733 quippe
3446 2663 3514 2718 Ii-

1940 2753 2111 2806 Iterati
2142 2750 2344 2807 fuimus
2362 2752 2705 2824 polytheismi
2736 2769 2923 2811 errore
2940 2757 3251 2825 quicunque
3272 2756 3508 2810 ethnicis

1938 2844 2153 2899 oriundi
2207 2859 2415 2911 sumus,
2463 2854 2627 2915 atque
2668 2861 2833 2900 unum
2869 2861 3057 2901 verum
3102 2847 3269 2902 Deum
3292 2845 3516 2900 Patrem

1940 2938 2307 3004 agtioscimus,
2339 2947 2394 2992 et
2424 2955 2585 3009 quem
2614 2941 2659 2994 is
2699 2940 2846 2995 misit
2874 2938 3058 2996 Jesnm
3081 2941 3385 3002 Christum,
3413 2940 3511 2994 Duo

1942 3031 2145 3084 minum
2177 3042 2419 3086 neStrum
2454 3046 2519 3085 ac
2555 3030 2746 3086 Deum.
2779 3031 2909 3095 Sed,
2947 3040 3004 3085 ut
3044 3031 3279 3097 videtur,
3312 3031 3403 3100 qui
3437 3027 3523 3083 tua

1943 3123 2146 3177 riosam
2199 3121 2347 3176 illam
2401 3122 2621 3193 Deoqne
2668 3123 2926 3177 odibilem
2969 3124 3273 3177 doctrinam
3316 3124 3520 3177 hause-

1944 3223 2089 3278 runt,
2122 3230 2264 3270 cwca
2303 3215 2484 3270 adlmc
2532 3215 2870 3271 obscuritate
2933 3216 3256 3285 ignorantia:
3286 3215 3517 3276 detenti,

1943 3309 2141 3365 divinae
2164 3310 2407 3365 scientiae
2426 3310 2809 3380 splendoribus
2828 3311 3065 3365 nondum
3089 3318 3218 3365 sunt.
3243 3308 3495 3365 illustrati

1946 3398 2176 3454 Eﬂ'atum
2210 3402 2335 3467 hoc,
2368 3400 2609 3456 Iudaicae
2639 3417 2858 3472 quoque
2890 3401 3239 3470 impudentia
3267 3415 3331 3457 os
3361 3403 3515 3471 oppi-

262 3479 388 3534 τίαν
444 3485 804 3553 ἐπιστομίζει,
850 3485 955 3540 κᾶν
1010 3486 1330 3557 ἐθελήσειαν
1378 3486 1579 3552 λέγειν,
1636 3485 1720 3538 ὃτι
1772 3501 1835 3553 γε

1946 3493 2046 3560 lat,
2076 3497 2124 3548 si
2159 3493 2305 3550 forte
2327 3496 2513 3551 dicere
2546 3495 2715 3550 velint
2738 3536 2754 3559 ,
2795 3496 2939 3566 quod
2976 3494 3107 3565 ipsis
3135 3493 3413 3567 Babylone
3450 3511 3535 3549 rc-

263 3573 611 3644 ἀναχθέντων
632 3576 814 3631 αὐτῶν
856 3580 922 3631 ἐκ
974 3578 1074 3647 τῆς
1107 3577 1481 3640 Βαϐυλωνίας,
1515 3575 1625 3629 τῶν
1668 3574 1841 3628 ἐθνῶν

264 3664 317 3717 cl
351 3665 453 3736 τὴν
479 3666 666 3722 πίστιν
692 3669 827 3740 πρὸς
858 3670 993 3724 Θεὸν
1013 3671 1322 3742 δεξάμενοι,
1347 3674 1426 3737 εἰς
1459 3672 1552 3726 τὸν
1581 3673 1639 3725 έν
1678 3673 1845 3742 Ἰερο-

269 3755 528 3827 σολύμοις
550 3758 675 3812 ναὸν
699 3762 797 3824 τὰς
836 3762 894 3815 ἐν
924 3762 1075 3833 νόμῳ
1105 3762 1366 3836 λατρείας
1393 3761 1801 3835 προσεκόμιζον
1825 3780 1840 3797 ο

267 3846 331 3899 τὸ
360 3847 462 3918 γὰρ
499 3852 839 3921 προφητικὸν
869 3853 1067 3922 λόγιον,
1098 3857 1162 3910 ἐκ
1187 3856 1357 3909 τόπου
1403 3855 1574 3909 αὑτοῦ
1603 3856 1839 3910 ῑκαστον

271 3943 603 4010 προσκυνεῖν
652 3945 1057 4013 προτεθέσπικε
1086 3962 1101 3979 ο
1150 3946 1311 4001 τοῦτο
1348 3948 1405 4003 δὲ
1440 3948 1501 4002 οὐ
1529 3947 1624 4002 τοῦ
1652 3948 1843 4019 νόμου,

268 4030 370 4098 τῆς
387 4031 444 4084 δὲ
470 4032 833 4107 εὐαγγελικῆς
860 4036 1206 4101 διδασκαλίας
1227 4039 1303 4102 ὡς
1328 4039 1547 4110 ἀληθῶς
1564 4041 1735 4103 ἐστιν,
1764 4042 1846 4103 είς

269 4118 452 4173 πάντα
486 4125 961 4196 κατευρυνομένης
996 4128 1066 4181 τὰ
1096 4128 1311 4199 πέρατα
1338 4146 1353 4161 ο
1407 4130 1541 4200 ⁴ἡμῖν
1590 4129 1700 4200 γὰρ
1730 4132 1848 4192 τοῖς

278 4214 338 4264 ἐν
378 4213 560 4268 πίστει
606 4215 1050 4289 δεδικαιωμένοις
1118 4221 1419 4292 Ἐπεφάνη
1458 4224 1497 4291 η
1537 4222 1711 4292 χάρις
1737 4221 1867 4286 τοῦ.

272 4304 425 4358 Θεοῦ
472 4307 512 4375 ἡ
541 4312 854 4376 σωτήριος,
905 4311 1279 4366 παιδεύουσα
1308 4312 1486 4381 ἡμᾶς,
1524 4314 1627 4366 ἵνα
1667 4314 1848 4381 ἀρνη-

268 4395 523 4463 σάμενοι
561 4399 678 4467 τὴν
696 4402 979 4455 ἀσέϐειαν
1010 4404 1111 4457 καί
1158 4405 1265 4469 τὰς
1307 4404 1605 4474 κοσμικὰς
1646 4406 1848 4459 ἐπιθυ-

267 4486 432 4553 μίας,
460 4491 784 4557 σωφρόνως
822 4491 919 4543 καί
957 4492 1199 4559 δικαίως
1234 4495 1332 4548 καί
1374 4494 1636 4561 εὐσεϐῶς
1661 4492 1849 4563 ζήσω-

266 4594 389 4647 μεν
423 4580 496 4633 ἐν
548 4582 628 4645 τῷ
662 4583 778 4636 νῦν
806 4583 974 4639 αἰῶνι
1000 4603 1013 4616 ·
1052 4586 1529 4657 προσδεχόμενοι
1573 4585 1688 4655 τὴν
1733 4604 1847 4656 μα-

272 4671 496 4739 καρίαν
547 4674 767 4727 ἐλπίδα
803 4676 902 4728 καὶ
956 4677 1312 4746 ἐπιφάνειαν
1363 4679 1474 4747 τῆς
1507 4679 1695 4745 δόξης
1739 4677 1849 4732 τοῦ

266 4762 539 4833 μεγάλου
601 4766 750 4819 Θεοῦ
801 4767 899 4821 καί
953 4769 1224 4836 Σωτῆρος
1273 4770 1443 4840 ἡμῶν
1476 4772 1680 4839 Ἰησοῦ
1727 4774 1853 4840 Χρι-

1950 3588 2183 3651 vocatis,
2209 3588 2413 3642 ethnici
2455 3588 2528 3642 illi
2560 3588 2651 3657 qui
2686 3588 2854 3641 [idem
2894 3602 3022 3656 erga
3051 3586 3219 3643 Deum
3269 3602 3538 3655 Itlsct‘pu-

1951 3686 2097 3744 rant,
2130 3678 2195 3732 ad
2226 3679 2484 3748 templum
2522 3678 2663 3749 quod
2699 3677 3095 3753 Hierosolymis
3127 3687 3270 3744 erat,
3295 3678 3520 3747 legalem

1951 3768 2156 3823 cultum
2182 3784 2338 3824 suum
2374 3768 2671 3825 deferrent.
2704 3769 2910 3825 Contra
2933 3770 3104 3833 enim,
3142 3770 3537 3842 propheticum.

1951 3858 2231 3913 oraculum
2264 3874 2707 3930 unumquemque
2746 3863 2812 3915 de
2858 3859 2978 3915 loco
3025 3874 3125 3915 suo
3172 3858 3528 3914 adoraturum

1953 3949 2345 4019 pronuntiavit.
2376 3949 2643 4007 Nimirum
2672 3953 2813 4007 haud
2835 3951 2900 4007 de
2919 3951 3035 4023 lege
3062 3949 3133 4006 ibi
3168 3948 3329 4021 187
3348 3964 3529 4004 seruit:

1954 4049 2060 4103 est,
2114 4042 2208 4095 sed
2265 4042 2333 4096 de
2382 4043 2693 4110 evangelica
2738 4044 2917 4109 potius
2959 4041 3203 4097 doctrina
3231 4078 3247 4104 ,
3297 4055 3420 4109 qua:
3465 4042 3531 4090 ad

1953 4147 2146 4187 omnes
2182 4133 2366 4187 mundi
2397 4135 2659 4189 terminos
2682 4135 2905 4189 dilatata
2934 4144 3038 4189 est.
3060 4131 3230 4187 Nobis
3252 4131 3395 4186 enim
3431 4131 3539 4184 lide

1949 4222 2263 4291 justiticatis
2341 4225 2598 4292 Apparuit
2646 4227 2822 4295 gratia
2873 4225 2970 4280 Dei
3039 4223 3358 4286 Saluatoris,
3408 4240 3532 4276 era-

1954 4312 2101 4368 diem
2143 4330 2260 4378 nos,
2309 4327 2367 4369 ιιι
2426 4315 2742 4384 abnegautes
2780 4316 3098 4383 impietatem
3142 4323 3191 4367 et
3237 4312 3529 4367 swrulan’n

1954 4404 2241 4470 desideria,
2282 4408 2454 4459 sobrie
2498 4416 2546 4460 et
2572 4407 2718 4474 juste
2745 4423 2811 4459 ae
2850 4407 2936 4475 pie
2996 4406 3237 4461 vivamus
3297 4406 3359 4459 in
3387 4421 3520 4473 pra--

1956 4506 2098 4549 sente
2119 4498 2339 4560 swculo,
2370 4508 2730 4565 exspectantes
2756 4497 2965 4554 beatam
3006 4514 3148 4568 spent
3176 4508 3226 4552 et
3254 4497 3537 4552 adventum

1957 4586 2141 4655 gloriw
2172 4591 2348 4657 magni
2386 4589 2482 4643 Dei
2519 4596 2569 4643 et
2613 4588 2911 4643 Saluatoris
2937 4589 3105 4642 nostri
3134 4586 3266 4642 Iesu
3312 4586 3538 4649 Christi,

1956 4679 2048 4747 qui
2069 4679 2212 4731 dedit
2257 4683 2589 4750 semetipsum
2632 4697 2727 4748 pro
2779 4682 2950 4744 nobis,
3020 4691 3076 4733 ut
3119 4696 3213 4733 nos
3250 4680 3529 4733 redimeret

1961 4771 2026 4821 ab
2050 4771 2191 4823 onmi
2222 4772 2524 4839 iniquitate,
2558 4783 2607 4825 et
2646 4774 2925 4826 utundaret
2968 4772 3071 4825 sibi
3098 4770 3355 4840 populum
3394 4786 3535 4838 pitv-

272 4852 450 4917 στοῦ,
473 4851 540 4917 ὃς
566 4852 792 4908 ἔδωκεν
818 4856 1038 4910 ἑαυτὸν
1080 4857 1236 4926 ὑπὲρ
1266 4859 1434 4929 ἡμῶν
1458 4875 1471 4889 ⁸
1496 4862 1597 4913 ἵνα
1626 4862 1853 4930 λυτρώ-

1961 4872 2212 4927 stantem,
2254 4872 2562 4916 sectatorem
2602 4865 2858 4917 bonorum
2918 4879 3135 4929 operum
3180 4862 3249 4916 ἰ.
3284 4862 3391 4916 Sed
3420 4863 3530 4916 da:—

271 4957 455 5012 σηται
486 4941 643 5010 ἡμᾶς
689 4944 808 4999 ἀπὸ
855 4945 1061 5012 πάσης
1084 4950 1394 5016 ἁμαρτίας,
1424 4949 1522 5005 καί
1555 4953 1853 5021 καθαρίσῃ

272 5034 469 5099 ἐαυτῷ
495 5034 649 5089 λαὸν
680 5039 1047 5104 περιούσιον,
1080 5037 1356 5107 ζηλωτὴν
1389 5040 1597 5095 καλῶν
1643 5043 1850 5113 ἔργων.

289 5126 456 5178 ’Λλλά
485 5126 741 5195 δαίμονες
762 5130 885 5197 μὲν,
929 5131 1285 5198 ἐπιφανέντος
1314 5133 1405 5185 τοῦ
1439 5136 1714 5206 Σωτῆρος,
1757 5139 1853 5189 καὶ

276 5220 345 5270 sit
396 5217 516 5271 θεία
570 5220 947 5284 ἐπιτελοῦντος
1002 5221 1277 5293 θαύματα,
1342 5225 1502 5294 ἡνίκα
1537 5229 1598 5279 τὸ
1652 5230 1852 5282 οἰκεῖον

277 5309 508 5378 πλάσμα
542 5309 927 5381 κατῴκτειρεν,
971 5313 1096 5366 ἐπεὶ
1155 5316 1244 5367 τὸν
1290 5316 1582 5370 ἐλαύνοντα
1631 5317 1851 5387 ᾔδεσαν,

276 5399 584 5468 ἐμάνθανον
609 5402 715 5471 γὰρ
747 5403 839 5471 ἀφ’
876 5398 952 5456 ὦν
1000 5405 1262 5474 ἔπασχον,
1319 5408 1413 5459 καὶ
1464 5407 1690 5471 ἄκοντες
1750 5413 1851 5463 ἐπ-

277 5489 481 5544 εϐόων·
536 5492 597 5546 Τί
634 5493 774 5561 ἡμῖν
802 5495 900 5548 καί
935 5497 1053 5560 σοὶ,
1117 5498 1310 5565 Ἰησοῦ
1374 5501 1469 5553 Υἱέ
1512 5500 1617 5553 τοῦ
1672 5501 1856 5564 Θεοῦ;

277 5575 465 5651 ἦλθες
500 5576 616 5637 ὦδε
642 5584 759 5651 πρὸ
804 5586 1013 5654 καιροῦ
1048 5588 1388 5651 ,βασανίσαι
1412 5588 1604 5657 ἡμὰς;
1649 5589 1713 5642 'H
1748 5590 1858 5660 γὰρ

278 5671 488 5728 τούτων
514 5687 649 5745 τυρσ
674 5674 772 5740 -νὶς
814 5675 1154 5742 ἐξεϐάλλετο,
1188 5679 1283 5732 καὶ
1335 5680 1394 5733 τὺ
1446 5683 1645 5751 κράτος
1679 5682 1859 5735 αὐτῶν

1964 4968 2151 5007 mones
2183 4954 2424 5021 quidem,
2455 4953 2748 5008 Servatore
2780 4956 2831 5007 in
2870 4952 3037 5007 terris
3059 4962 3334 5019 versante,
3368 4963 3423 5007 et
3450 4953 3536 5006 di-

1965 5045 2084 5096 vina
2113 5052 2370 5110 operante
2401 5043 2686 5109 miracula,
2720 5045 2845 5097 dum
2892 5053 3156 5098 creatura:
3208 5059 3321 5098 sua:
3370 5044 3530 5102 mise-

1962 5143 2191 5199 reretur,
2225 5149 2347 5187 cum
2372 5133 2482 5202 jam
2521 5142 2838 5202 praesentem
2888 5142 3205 5199 noscerent,
3237 5133 3298 5187 id.
3322 5134 3475 5203 quod
3503 5154 3526 5184 .‘l

1962 5226 2112 5278 clade
2163 5226 2376 5294 propria
2427 5226 2760 5285 didicerant,
2821 5224 2903 5278 vel
2962 5223 3115 5277 inviti
3162 5222 3469 5281 clamabant
3516 5267 3523 5276 .

1967 5317 2105 5380 Quid
2142 5318 2286 5370 nobis
2323 5319 2515 5387 tibique
2548 5316 2676 5371 λεια
2716 5313 2823 5368 Fili
2857 5315 2995 5370 Dei.’
3026 5315 3213 5369 venisti
3264 5314 3364 5368 huc
3416 5323 3543 5369 ante

1963 5420 2159 5477 tempus
2199 5419 2440 5479 torquere
2488 5425 2581 5463 nos
2630 5408 2695 5462 ".
2751 5408 2963 5477 Reapse
3016 5405 3236 5461 illorum
3288 5409 3539 5477 tyrannis

1966 5501 2380 5566 expellebautr,
2446 5501 2684 5569 potentia
2741 5499 2987 5555 funditus
3040 5497 3424 5561 evertebatur,
3481 5508 3531 5551 ct

1969 5604 2300 5660 οιενιιεισιαι
2338 5598 2406 5647 ab
2436 5594 2567 5662 ipsis
2613 5607 2787 5664 pennae
2815 5606 2880 5647 ac
2903 5592 3164 5663 gehennae
3209 5590 3536 5646 sententiain

1964 5680 2075 5749 jam
2109 5682 2557 5752 praesentiebant,
2592 5693 2756 5753 atque
2802 5692 2861 5737 ut
2900 5680 3076 5737 adhuc
3127 5678 3539 5752 Intempesth

350 5846 403 5883 "
428 5849 565 5907 Gen.
599 5868 732 5920 uti,
771 5854 856 5909 Π.
940 5856 983 5887 ⁸⁸
1024 5854 1157 5914 Joan
1210 5874 1282 5926 VI,
1313 5859 1402 5917 45.
1482 5862 1527 5894 ⁸³
1572 5859 1742 5932 SOph.
1774 5878 1835 5930 tt,

1941 5902 1951 5916 .
2033 5865 2076 5895 ³ο
2118 5862 2223 5918 Tit.
2264 5881 2321 5929 ll,
2359 5863 2544 5919 ll-M.
2625 5863 2667 5896 ³¹
2712 5860 2902 5921 Matth.
2949 5878 3062 5934 VIII,
3094 5861 3184 5921 29.
