4198 6442
154 401 267 465 (345

1016 410 1582 475 APOLOGETICUS
1620 416 1768 477 PRO
1807 418 2073 482 SACRIS
2114 424 2593 487 IMAGINIBUS.

3328 426 3437 494 646

154 512 385 578 γείτονά
417 530 532 578 πως
564 517 656 569 καὶ
690 519 852 589 φίλην
889 519 1000 573 τῶν
1029 523 1346 595 Φαρισαίων
1379 528 1479 599 τὴν
1506 530 1746 585 διάνοιαν

1853 537 1995 604 quod
2021 540 2074 592 iu
2107 541 2353 609 principe
2376 542 2774 597 dmmoniorum
2809 543 2925 599 haec
2956 541 3079 598 illos
3106 558 3267 615 agere
3290 561 3436 602 com-

154 607 553 675 κεκτημένοις,
587 613 647 661 οὐ
694 611 932 679 χαλεπὸν
979 614 1393 687 ἀποφήνασθαι,
1427 622 1503 684 ὡς
1563 624 1621 675 ἐν
1672 625 1749 695 τῷ

149 697 386 767 ἄρχοντι
405 700 515 755 τῶν
543 703 843 772 δαιμονίων
861 705 1038 759 ταῦτα
1068 708 1306 779 δρῶντες
1331 713 1746 771 διεδεικνύοντο.

154 787 391 862 Ἐπειδὴ
423 792 481 845 δέ
530 794 623 846 τὸν
652 795 777 847 νοῦν
809 797 1071 868 ἀδόκιμον
1102 800 1337 871 ἔχοντες,
1365 806 1461 857 καὶ
1492 808 1576 875 ἐφ’
1604 808 1639 862 ἂ
1672 810 1747 880 μὴ

151 884 446 953 προσῆκεν
472 888 901 959 ἀποφερόμενοι,
938 895 1174 957 είκαίοις
1217 896 1503 967 λογισμοῖς
1556 902 1746 971 ἐπινή-

148 992 369 1043 χονται,
401 980 630 1043 εἰκότως
658 982 990 1038 ἀκούσονται
1011 1002 1025 1017 ο
1067 989 1429 1058 Γεννήματα
1459 992 1736 1060 ἐχιδνῶν,

147 1065 284 1131 πῶς
329 1070 598 1125 δύνασθε
636 1073 829 1141 ἀγαθὰ
859 1076 1079 1130 λαλεῖν
1127 1082 1383 1148 πονηροὶ
1421 1081 1623 1149 ὄντεςς
1670 1087 1739 1137 El

146 1159 265 1224 γὰρ
300 1162 408 1213 τὸν
456 1163 901 1233 οἰκοδεσπότην
933 1167 1295 1230 Βεελζεϐοὺλ
1321 1172 1741 1238 ἀπεκάλεσαν,

145 1250 333 1312 πόσῳ
375 1248 625 1317 μᾶλλον
657 1255 802 1321 τοὺς
848 1259 1193 1325 οἱκειακοὺς
1224 1263 1451 1326 αὐτοῦ;
1490 1266 1743 1335 καθάπερ

144 1342 176 1391 ὁ
213 1344 488 1413 σωτήριος
519 1346 624 1416 ἔφη
655 1347 833 1415 λόγος.
866 1351 990 1415 Πῶς
1020 1348 1115 1405 οὖν
1142 1355 1275 1418 τοὺς
1310 1356 1511 1419 αὐτοὺς
1541 1358 1635 1412 καὶ
1665 1359 1742 1422 ὡς

144 1432 425 1500 δεσπότας
490 1439 720 1492 δυνατὸν
770 1442 989 1507 σέϐειν,
1039 1446 1136 1497 καὶ
1185 1446 1261 1510 ὡς
1322 1450 1619 1516 μαστιγίας
1647 1451 1740 1502 καὶ

1850 638 2061 695 pertum
2102 631 2196 685 sit.
2241 631 2348 686 Sed
2382 635 2511 703 quia
2550 645 2785 689 mentem
2817 635 3124 705 improbam
3154 647 3430 706 gerentes,

1845 728 2009 789 atque
2041 725 2106 776 ad
2135 724 2323 778 illicita
2353 736 2741 793 procurrentes
2766 767 2779 789 ,
2816 728 2969 782 vanis
3000 729 3431 798 COgitalionibus

1843 812 2106 869 ﬂuctuant
2133 853 2149 879 ,
2200 819 2401 871 merito
2446 820 2668 873 audient
2713 836 2725 872 :
2769 816 3057 887 Progenies
3088 823 3428 888 viperarum,

1842 908 2107 972 quomodo
2136 910 2357 975 potestis
2398 910 2535 963 bona
2564 910 2730 980 loqui,
2761 926 2878 963 cum
2926 912 3041 964 sitis
3080 912 3255 967 ntali?
3286 910 3428 964 Nam

1848 998 1891 1048 si
1921 1009 2123 1065 patrem
2154 1000 2395 1064 ['antilias
2424 999 2703 1054 Beelzebul
2727 1012 3064 1065 vocaverunt,
3086 1016 3282 1071 quanto
3314 1020 3427 1054 ma-

1846 1090 1924 1157 gis
1956 1091 2268 1143 domesticos
2297 1091 2411 1156 ejus
2441 1092 2488 1123 “
2521 1092 2544 1144 ?
2572 1093 2709 1146 sicut
2737 1093 3139 1147 aitServatnris
3163 1093 3336 1147 oratio
3357 1091 3421 1146 “.

1843 1180 1945 1245 Qui
1982 1197 2116 1249 ergo
2151 1182 2267 1234 tieri
2305 1191 2482 1251 potest
2517 1194 2577 1237 ut
2608 1184 2768 1237 iidem
2796 1186 3068 1239 daemones
3090 1194 3143 1237 et
3173 1185 3224 1237 in
3252 1186 3424 1239 domi-

1841 1286 2038 1324 norum
2073 1272 2203 1326 loco
2229 1274 2500 1337 colantur,
2529 1286 2583 1329 et
2612 1284 2669 1328 ut
2717 1276 2981 1343 mastigiae
3025 1280 3281 1345 servique
3325 1293 3425 1332 ne-

1839 1377 1999 1429 quam
2027 1366 2327 1432 puniantur
2353 1366 2624 1435 domoque
2651 1368 3091 1421 extertniuetilur
3111 1370 3134 1421 ?
3154 1369 3245 1423 Sic
3276 1377 3425 1424 certe

1842 1454 1893 1503 in
1928 1454 2162 1520 scipsunt
2198 1456 2403 1509 divisus
2440 1456 2605 1509 fuerit
2628 1457 2830 1510 diaboli
2861 1466 3198 1526 potentatus.

146 1528 360 1618 κακοὺς
421 1529 644 1618 δούλους
692 1532 912 1586 διώκειν
972 1537 1070 1589 καὶ
1114 1537 1449 1603 ὲξοικίζειν;
1508 1541 1602 1605 ἀφ’
1660 1534 1734 1593 ὧν
1775 1542 2062 1612 βούλονται
2125 1545 2223 1598 καὶ
2265 1546 2630 1615 καταδεσμεῖν
2698 1548 2793 1601 καὶ
2848 1548 3153 1612 συγκλείειν
3208 1550 3296 1618 ἐφ’
3338 1545 3423 1615 οἷς

144 1612 449 1670 ἐθέλουσιν.
496 1612 572 1670 ἾΙ
603 1617 747 1672 οὕτω
769 1636 831 1687 γε
857 1620 955 1674 καὶ
988 1624 1388 1694 μερισθήσεται
1420 1628 1505 1695 ἐφ’
1536 1630 1734 1700 ἑαυτὴν
1770 1632 1803 1702 ὴ
1832 1631 1927 1684 τοῦ
1958 1634 2198 1703 πονηροῦ
2237 1612 2548 1690 δυναστεία.

234 1771 405 1826 Ἀλλά
448 1776 682 1845 φανερὸν
711 1779 793 1831 ὅτι
823 1778 1015 1850 ὥσπερ
1041 1783 1141 1852 τὴν
1182 1784 1547 1858 εὐαγγελικὴν
1581 1807 1723 1860 παρ-

140 1862 419 1917 ωθοῦνται
458 1866 725 1937 ἱστορίαν,
752 1867 897 1923 οὕτω
923 1872 988 1941 δὴ
1026 1875 1121 1925 καὶ
1160 1874 1270 1928 τῶν
1301 1877 1501 1942 ἑνθέως
1535 1879 1728 1949 βεϐιω-

142 1953 336 2023 μένων
370 1956 405 2026 ἢ
437 1959 848 2029 πεπραγμένων
875 1965 989 2025 τοῖς
1016 1963 1218 2032 ἁγίοις,
1253 1968 1346 2020 καὶ
1373 1970 1730 2041 ἀναγεγραμ-

141 2047 333 2113 μένων
378 2050 437 2100 ὲν
468 2049 684 2114 Βίϐλοις
736 2053 931 2122 ἱεραῖς,
980 2055 1040 2107 τὸ
1074 2057 1275 2128 ἀληθὲς
1302 2062 1351 2113 oi
1387 2063 1606 2129 ἐναγεῖς
1633 2065 1733 2117 οὐκ

138 2135 530 2205 ἀποδέχονται.
578 2141 639 2192 Εἰ
672 2141 727 2193 δὲ
762 2144 856 2219 καὶ
892 2144 1179 2213 ἀληθεύειν
1210 2150 1432 2203 δοκοῦσι
1467 2153 1564 2213 τὰς
1594 2171 1728 2222 προ·

138 2229 388 2296 φητικὰς
436 2232 894 2302 προαγορεύσεις·
934 2236 1101 2305 φάναι
1143 2239 1255 2310 γὰρ
1294 2241 1610 2310 ψεύδεσθαι,
1652 2247 1729 2317 μὴ

135 2317 181 2370 δ’
214 2318 283 2371 ἂν
316 2320 481 2373 αὑτὸν
514 2324 607 2375 τὸν
654 2324 907 2378 διάϐολον
940 2323 1097 2399 οἶμαι
1138 2332 1408 2402 τολμῆσαί
1454 2354 1605 2389 ποτε·
1639 2338 1728 2392 διὰ

137 2411 429 2481 φροντίδος
476 2415 659 2479 αὐτοῖς
712 2418 953 2485 γινέσθω
993 2420 1283 2489 δεικνύειν,
1321 2427 1425 2479 ποῦ
1468 2430 1561 2481 καὶ
1595 2431 1724 2483 πότε

132 2500 199 2553 τὸ
226 2504 407 2573 πέρας
442 2505 715 2569 ἐδέξαντο.
758 2511 820 2563 El
853 2510 963 2582 γὰρ
1000 2514 1134 2584 πρὸς
1169 2516 1232 2568 τὸ
1262 2518 1456 2586 μέλλον
1484 2519 1727 2575 ἀπίδοιεν

135 2594 235 2644 καὶ
268 2594 434 2647 ἄλλον
466 2600 811 2667 παρέσεσθαι
844 2603 1083 2672 Χριστὸν
1105 2608 1540 2680 ὑποτοπήσαιεν,
1576 2613 1724 2682 μόνοι

134 2684 247 2733 τῶν
277 2685 658 2757 ἐλπιζομένων
692 2693 1011 2759 ἀπόναιντο,
1039 2699 1132 2750 καὶ
1159 2702 1267 2752 τῶν
1300 2702 1725 2775 ὑπειλημμένων

134 2776 195 2825 τὺ
242 2776 436 2829 εὔελπι
503 2784 893 2852 προσηκόντως
947 2789 1295 2842 ἀποίσονται’
1329 2794 1411 2844 ὅτι
1447 2794 1505 2847 δὲ
1551 2812 1722 2848 κατα-

135 2869 508 2934 φοιτήςαντος
532 2873 668 2942 πρὸς
698 2876 849 2943 ἡμᾶς
888 2877 984 2929 τοῦ
1005 2879 1113 2931 τῶν
1144 2880 1283 2934 ὅλων
1312 2882 1472 2946 Θεοῦ,
1509 2884 1601 2937 καὶ
1625 2884 1725 2955 τὴν

136 2958 429 3025 βασιλείαν
484 2964 826 3031 κηρύξαντος
886 2968 986 3039 τὴν
1040 2970 1316 3041 ούράνιον,
1365 2974 1398 3041 ὴ
1462 2974 1723 3038 πολύθεος

132 3049 438 3117 ἠφάνισται
495 3055 694 3126 πλάνη,
724 3059 819 3111 καὶ
851 3053 930 3123 εἷς
970 3060 1171 3131 Κύριος
1203 3063 1299 3115 καὶ
1331 3064 1463 3126 Θεὸς
1502 3067 1596 3117 καὶ
1628 3066 1721 3136 βα-

135 3140 323 3195 σιλεὺς
380 3144 530 3212 παρὰ
566 3148 786 3200 πάντων
824 3152 1137 3219 συμφώνως
1196 3162 1592 3227 προσκυνεῖται
1626 3164 1718 3215 καὶ

1909 1792 2016 1846 Sed
2066 1794 2210 1848 enim
2264 1795 2608 1864 exploratum
2662 1808 2780 1859 est,
2832 1797 3035 1867 impios
3096 1799 3197 1853 hos
3255 1800 3417 1856 sicuti

1836 1886 2208 1954 evangelicam
2247 1887 2505 1955 rejiciunt
2537 1888 2821 1943 historiam
2853 1930 2868 1953 ,
2900 1892 2974 1945 ita
3004 1892 3251 1947 caelestis
3279 1909 3415 1963 quo-

1833 1988 1937 2043 que
1976 1987 2290 2030 sanctorum
2323 1978 2447 2029 vita!
2472 1986 2529 2030 et
2565 1988 2781 2031 actuum
2811 1981 3094 2035 veritatem
3117 2020 3132 2045 ,
3156 1982 3210 2035 in
3241 1987 3414 2038 sacris

1831 2066 2017 2122 Libris
2051 2068 2351 2137 scriptam,
2398 2068 2623 2123 minime
2655 2071 2966 2126 admittere.
3001 2074 3154 2138 Quod
3198 2075 3246 2128 si
3288 2091 3414 2144 pro-

1831 2159 2077 2227 pheticas
2109 2160 2486 2229 pnedictiones
2527 2176 2754 2214 veraces
2781 2163 3124 2228 existimant,
3170 2178 3405 2231 uanique

1829 2262 1923 2304 eas
1949 2250 2238 2305 mendaces
2281 2252 2462 2305 dicere
2490 2267 2557 2305 ne
2589 2251 2834 2305 diabolus
2870 2253 3091 2321 quidem
3116 2292 3131 2316 ,
3177 2264 3237 2307 ut
3263 2267 3409 2317 reor,

1828 2339 2088 2402 audebit;
2121 2354 2253 2410 ergo
2284 2354 2430 2393 cura:
2454 2340 2562 2393 illis
2598 2341 2665 2393 sit
2689 2341 3064 2396 demonstrare
3109 2343 3330 2395 ubinam
3353 2353 3410 2396 et

1827 2434 2046 2501 quando
2073 2432 2155 2486 lia:
2178 2432 2384 2486 exitum
2418 2443 2595 2487 nacta:
2621 2432 2750 2485 sint.
2779 2431 2914 2487 Nam
2947 2434 2991 2489 si
3028 2434 3120 2488 isti
3165 2433 3406 2489 futurum

1827 2532 2045 2592 tempus
2079 2533 2363 2593 spectant,
2391 2534 2448 2578 et
2473 2525 2703 2578 alterum
2735 2525 2926 2580 adfore
2962 2524 3247 2581 Christum
3278 2541 3401 2582 sus-

1827 2616 2102 2684 picantur,
2136 2615 2233 2669 soli
2268 2616 2365 2684 ipsi
2415 2628 2690 2685 speratam
2736 2632 2850 2670 rem
2900 2629 3128 2687 negant,
3175 2618 3405 2684 ideoque

1827 2708 2234 2774 dcsperantium
2272 2720 2490 2776 pinnam
2521 2710 2715 2760 merito
2744 2707 3007 2762 referent.
3039 2707 3191 2774 Quod
3222 2720 3402 2762 autent

1825 2800 2147 2854 adveniente
2170 2801 2237 2853 ad
2262 2815 2361 2853 nos
2390 2800 2681 2853 universali
2707 2800 2835 2862 Deo,
2860 2810 2914 2853 et
2939 2802 3159 2855 cmleste
3178 2816 3399 2872 regnum

1826 2894 2177 2959 praedicante,
2204 2891 2551 2961 polytheismi
2576 2908 2731 2945 error
2757 2891 3004 2946 sublatus
3030 2890 3213 2955 fuerit,
3239 2901 3403 2960 atque

1824 2998 1961 3037 unus
1988 2984 2247 3037 Dominus
2272 2993 2326 3037 et
2356 2983 2495 3036 Deus
2517 2998 2580 3036 ac
2610 2999 2702 3036 rex
2734 2983 2802 3036 ab
2819 2985 3074 3036 munibus
3105 2982 3394 3036 concordi-

1825 3088 1905 3129 ter
1953 3077 2212 3129 adoretur
2253 3085 2308 3128 et
2357 3074 2713 3143 gloriﬁcetur,
2751 3074 2892 3128 idem
2932 3074 3020 3127 hic
3072 3074 3230 3126 divus
3262 3089 3389 3142 pro-

1823 3164 1982 3228 plieta
2028 3161 2469 3229 insequentibus
2513 3162 2697 3226 dicet,
2736 3176 3003 3230 nemoque
3044 3177 3176 3215 sana
3216 3174 3396 3217 incute

132 3228 448 3295 δοξάζεται.
499 3237 662 3299 αὐτὸς
708 3234 862 3304 οὗτος
898 3244 925 3294 ὁ
981 3243 1126 3308 θεῖος
1179 3251 1469 3319 προφήτης
1522 3254 1578 3304 ἐν
1607 3257 1746 3314 τοῖς

1834 3253 2083 3320 ρι’ωιιίιυε
2126 3228 2283 3321 193
2314 3253 2362 3305 ei
2391 3252 2730 3306 contradieet
2766 3276 2776 3307 :
2814 3228 2935 3306 Erit
2970 3255 3105 3305 enim
3141 3254 3397 3307 Dominus

138 3324 445 3389 μετέπειτα
479 3328 618 3394 ἐρεῖ,
655 3330 749 3381 καὶ
789 3332 966 3394 οὐδεὶς
991 3334 1102 3386 τῶν
1126 3332 1185 3387 εὖ
1222 3339 1569 3406 φρονούντων
1594 3343 1717 3393 ἀντ-

132 3415 252 3479 ερεῖ
278 3431 289 3441 ·
340 3413 553 3468 Ἔσται
590 3420 695 3485 γὰρ
720 3422 938 3487 Κύριος
964 3426 1055 3489 εἷς
1080 3427 1351 3488 ,ϐασιλέα
1375 3430 1471 3481 ἐπὶ
1513 3432 1720 3484 πᾶσαν

129 3500 248 3566 τὴν
272 3500 395 3569 γῆν
420 3522 432 3533 -
471 3506 541 3555 ἐν
578 3507 652 3573 τῇ
684 3508 873 3576 ἡμέρᾳ
897 3512 1103 3581 ἐκείνῃ
1141 3516 1313 3569 ἔσται
1349 3520 1564 3587 Κύριος
1595 3517 1680 3587 εἷς
1702 3569 1713 3587 ,

131 3592 228 3643 καὶ
257 3593 324 3643 τὸ
359 3593 547 3663 ὄνομα
572 3599 759 3652 αὐτοῦ
787 3599 877 3667 ἓν,
901 3604 1176 3658 κυκλοῦν
1191 3607 1399 3663 πᾶσαν
1430 3612 1545 3677 τὴν
1577 3615 1711 3681 γῆν.

132 3682 229 3733 Διά
267 3683 482 3737 τούτων
518 3687 626 3756 γὰρ
665 3690 797 3757 ἡμῖν
848 3691 1080 3745 καὶτῶν
1121 3695 1250 3764 ἑξῆς
1279 3700 1611 3768 εἰρημένων,
1654 3703 1714 3754 03

134 3773 298 3841 μόνον
331 3777 457 3837 τοὺς
490 3778 552 3829 ἐκ
581 3778 675 3830 τοῦ
703 3780 880 3850 δήμου
911 3783 1008 3836 τοῦ
1051 3786 1347 3841 Ἰουδαϊκοῦ
1379 3792 1715 3861 δεξαμένους

130 3865 221 3915 τόν
256 3865 419 3931 λόγον
444 3869 535 3920 τὸν
566 3869 929 3939 εὖαγγελικδν
970 3876 1027 3926 ὲν
1069 3879 1343 3949 πνεύματι
1398 3888 1717 3954 προεσὴμης

129 3971 240 4020 νεν,
275 3958 419 4010 ἀλλὰ
448 3962 543 4011 καὶ
570 3963 680 4013 τῶν
707 3963 881 4017 ἐθνῶν
911 3966 1008 4030 τὰς
1048 3970 1273 4036 ἀγέλας,
1313 3974 1348 4026 ὅ.
1370 3992 1498 4029 ποτε
1532 3981 1714 4047 ἠγνόει

130 4049 221 4099 τὶν
258 4050 528 4103 ἁπάντων
560 4055 843 4125 Δεσπότην
879 4060 974 4111 καὶ
999 4060 1228 4131 Κύριον,
1258 4064 1333 4126 ὡς
1368 4068 1464 4136 τῆς
1486 4068 1713 4139 θεογνω⁴

131 4138 254 4199 σίας
288 4140 629 4204 εἰσδέξονται
657 4144 755 4214 τὴν
785 4148 1003 4217 ἀκτῖνα,
1036 4153 1130 4205 καὶ
1155 4154 1265 4205 τῶν
1318 4157 1556 4213 εἰδώλων
1601 4163 1716 4215 δια·

140 4228 412 4281 πτύσουσι
441 4232 541 4300 τὴν
575 4234 814 4305 ἀπάτην.
851 4239 1009 4303 Ποῖος
1053 4243 1162 4315 γὰρ
1195 4245 1260 4315 δὴ
1285 4248 1449 4310 τόπος
1483 4252 1583 4321 τῆς
1617 4253 1714 4306 τοῦ

145 4319 263 4373 Φενλῦ
297 4321 463 4391 δόξης
493 4325 986 4398 ἀπολειφθήσεται,
1027 4334 1168 4403 εἴγε
1213 4338 1278 4407 δὴ
1316 4339 1410 4391 νῦν
1442 4319 1648 4411 μᾶλλον
1680 4346 1713 4417 ἢ

155 4412 404 4481 τρότερον
439 4415 638 4485 ἀληθὲς
686 4420 767 4482 τὸ,
801 4423 1047 4490 Πλήρης
1074 4429 1107 4479 ό
1139 4431 1395 4497 οὐρανὸς
1424 4436 1523 4486 καὶ
1550 4412 1717 4491 πᾶσά

153 4502 271 4571 ,τῆ
327 4502 439 4571 τῆς
468 4506 654 4575 δόξης
704 4511 892 4566 αὐτοῦ
917 4530 935 4577 ;
991 4515 1110 4569 Κᾶν
1156 4520 1267 4590 γὰρ
1313 4521 1415 4591 τὴν
1457 4523 1705 4593 Ἐλλάδα,

1821 3360 1914 3397 rea:
1970 3360 2130 3411 super
2166 3360 2373 3397 onmem
2424 3354 2640 3396 (errant.
2701 3343 2796 3396 Die
2836 3344 2928 3395 illa
2976 3346 3076 3397 erit
3138 3345 3394 3399 Dominus

1820 3452 1954 3488 unus
1979 3476 1992 3500 ,
2021 3446 2068 3489 et
2112 3451 2301 3487 nomen
2329 3436 2443 3503 ejus
2483 3451 2668 3498 unum,
2713 3436 3019 3488 universam
3067 3446 3262 3488 terram
3290 3438 3396 3488 cir-

1818 3529 2054 3581 cumiens
2087 3529 2151 3581 ⁸⁷.
2192 3526 2288 3581 llis
2339 3527 2597 3580 videlicet
2629 3527 2861 3595 aliisque
2885 3527 3044 3580 dictis
3073 3528 3393 3597 praesigniﬁ-

1816 3618 1960 3669 c..vit
1998 3618 2155 3670 nobis
2203 3618 2253 3668 in
2293 3616 2518 3685 spiritu,
2567 3631 2669 3668 non
2706 3632 2800 3669 eos
2839 3616 3014 3669 solum
3048 3618 3115 3671 de
3161 3615 3391 3670 Judaico

1817 3708 2012 3777 populo
2043 3709 2133 3774 qui
2166 3709 2535 3775 evangelicam
2566 3709 2865 3761 doctrinam
2896 3709 3255 3771 admiserunt,
3292 3711 3387 3762 sed

1816 3798 1979 3849 etiam
2042 3797 2380 3849 ethnicnrum
2442 3810 2666 3863 greges,
2709 3796 2799 3864 qui
2856 3795 2983 3847 olim
3042 3812 3384 3850 communem

1818 3903 1996 3954 regem
2045 3901 2107 3940 ac
2145 3887 2432 3940 Dominum
2489 3886 2849 3954 ignorabant,
2898 3887 3093 3940 divina:
3147 3888 3387 3941 scicntia:

1818 3978 2026 4029 radium
2058 3986 2391 4044 recepturos,
2418 3985 2472 4027 et
2500 3975 2762 4027 idolorum
2781 3991 3021 4028 errorem
3051 3977 3381 4045 abjeetnrns.

1816 4066 1949 4119 Nam
1991 4066 2237 4133 quisnam
2289 4066 2438 4118 loctts
2498 4066 2676 4117 divina
2727 4064 2895 4133 gloria
2945 4067 3297 4130 destituetur,
3334 4069 3381 4120 si

1816 4159 2030 4229 quidem
2092 4173 2236 4209 nunc
2294 4158 2462 4224 magis
2516 4171 2676 4224 quam
2730 4166 2887 4208 antea
2943 4171 3070 4209 vere
3110 4158 3309 4210 dicitur
3365 4177 3379 4212 :

1817 4251 1972 4304 Pleni
2009 4260 2129 4304 sunt
2161 4251 2273 4303 caeli
2308 4266 2368 4301 ac.
2394 4258 2539 4301 terra
2565 4249 2735 4317 gloria
2761 4258 2875 4315 ejus
2905 4249 2996 4301 ‘3?
3026 4249 3162 4302 Nam
3192 4253 3237 4303 si
3260 4250 3384 4319 quis

1814 4343 2080 4397 Graeciam
2108 4344 2351 4396 nominet
2374 4344 2453 4395 vel
2480 4340 2649 4395 Barba
2661 4358 2841 4394 rorqu
2867 4353 3059 4402 terras.
3082 4350 3173 4395 aut
3196 4343 3381 4409 Italos,

1814 4446 1907 4488 aut
1931 4433 2234 4488 Germanos
2264 4434 2497 4486 dicendo
2524 4444 2803 4498 excurrat,
2838 4434 2920 4487 vel
2954 4437 3019 4485 ad
3044 4432 3247 4497 Gallos,
3283 4442 3379 4488 aut

1815 4525 2127 4592 Britannos,
2147 4533 2240 4578 aut
2275 4523 2457 4587 Lihes,
2478 4526 2657 4578 autad
2697 4524 3075 4596 Egyptiorum
3105 4528 3382 4596 regionctn

149 4593 238 4644 ιΞιν
267 4595 374 4662 τὴν
424 4594 706 4668 βάρϐαρον
742 4599 888 4679 εἴποι
913 4620 1022 4670 τις,
1073 4606 1174 4660 κᾶν
1214 4611 1292 4671 εἰς
1342 4612 1579 4678 Ἰταλοὺς
1610 4618 1704 4670 καὶ
1738 4606 1746 4660 Ῐ

1834 4620 2081 4677 leveniat.
2098 4627 2191 4671 aut
2209 4616 2254 4670 si
2274 4617 2477 4671 Arabes
2496 4628 2546 4671 et
2563 4615 2760 4671 Persas
2777 4620 2956 4682 adeat,
2972 4618 3055 4672 vel
3074 4615 3383 4685 Aithiopes,

152 4684 444 4753 ἐρμανοὺς
503 4688 797 4759 ἐπιδράμοι
856 4692 936 4760 τῷ
991 4694 1155 4765 λόγῳ,
1196 4698 1435 4763 Κελτούς
1495 4722 1553 4756 τε
1612 4709 1706 4760 καὶ

148 4776 490 4845 ἰρεττανοὺς,
546 4778 649 4832 κᾶν
683 4783 761 4842 είς
821 4781 1031 4848 Λίϐυας
1099 4788 1192 4840 καὶ
1238 4790 1338 4857 τὴν
1389 4792 1705 4859 Αἰγυπτίων

126 4866 400 4933 ἀερίκοιτο,
449 4868 557 4922 κᾶν
615 4870 862 4942 Ἄραϐας
916 4876 1013 4930 καὶ
1072 4879 1289 4948 Πέρσας
1340 4883 1557 4937 ἐπέλθοι
1612 4889 1707 4940 καὶ

125 4957 412 5023 Αἰθίοπας,
442 4961 547 5014 κᾶν
591 4963 786 5029 Ἰνδοὺς
812 4966 907 5019 καὶ
944 4968 1179 5033 Σκύθας,
1207 4974 1303 5026 καὶ
1335 4978 1515 5030 πᾶσαν
1549 4980 1705 5049 ἐσχα-

123 5051 263 5114 τιὰν,
323 5054 421 5103 καὶ
469 5052 600 5123 ὃλην
628 5056 858 5128 ἧπειρόν
905 5076 964 5117 τε
1014 5063 1108 5115 καὶ
1152 5063 1448 5133 Θάλασσαν,
1504 5072 1564 5122 τὸ
1610 5072 1703 5125 τοῦ

124 5138 365 5229 Χριστοῦ
428 5140 599 5211 δνομα
658 5144 1020 5217 δοξαζόμενον
1084 5153 1178 5203 καὶ
1227 5158 1704 5229 προσκυνούμενον

126 5227 295 5297 εὖροι.
339 5229 552 5293 Πάντας
593 5232 705 5304 γὰρ
742 5237 803 5287 τὸ
830 5238 1187 5306 εύαγγελικὸν
1223 5227 1567 5311 σαγτδνεύσαν
1598 5250 1699 5302 ἐπ·-

125 5321 371 5388 ηγάγετο
416 5324 684 5394 κήρυγμα
756 5329 853 5380 καὶ
901 5332 933 5397 ἡ
992 5331 1093 5400 τῆς
1129 5334 1435 5404 σεϐασμίας
1466 5338 1698 5408 Τριάδος

125 5414 350 5477 γνῶσις,
372 5413 460 5466 διὰ
484 5414 579 5467 τοῦ
608 5418 849 5487 φθόγγου
870 5422 977 5473 τῶν
1005 5425 1421 5496 μαθητευόντων
1449 5431 1515 5483 τά
1547 5432 1696 5504 ἔθνη,

125 5506 188 5574 τῇ
219 5506 312 5575 ὑφ’
348 5507 485 5577 ἡλίῳ
516 5509 940 5580 ύπερήπλωται,
986 5518 1080 5571 καὶ
1128 5520 1401 5591 πανταχοῦ
1445 5524 1538 5576 τοῦ
1580 5527 1698 5591 ἑνὸς

127 5593 215 5649 καὶ
258 5596 431 5666 μόνου
476 5599 735 5670 ἀληθινοῦ
782 5603 921 5657 Θεοῦ
970 5608 1063 5660 καὶ
1093 5610 1367 5666 Δεσπότου
1398 5616 1508 5668 τῶν
1559 5617 1697 5672 ὅλων

190 5798 235 5833 ⁸³
276 5798 468 5856 Matth.
499 5816 594 5867 nt,
623 5801 709 5858 54.
790 5805 833 5837 ⁵⁸
874 5804 1131 5869 Diaulus,
1162 5809 1252 5866 ‘35.
1332 5814 1372 5844 ⁸⁷

1418 5814 1580 5869 Each.
1612 5832 1717 5880 MV,
1748 5819 1801 5873 9.

1812 4713 1989 4776 Indos,
2022 4712 2278 4783 Scythas,
2309 4720 2364 4763 et
2390 4711 2691 4779 quamlibet
2712 4714 2895 4765 mundi
2924 4713 3040 4766 sive
3066 4721 3381 4767 terrestrem

1811 4806 1926 4859 sive
1946 4803 2273 4856 maritimam
2293 4805 2719 4868 extremitatem,
2733 4802 2939 4857 Christi
2957 4820 3152 4858 nomen
3173 4803 3385 4874 hymnis

1812 4890 2076 4943 celebrari
2127 4901 2290 4958 atque
2330 4891 2548 4945 adorari
2594 4892 2910 4959 comperiet.
2965 4890 3204 4947 Cunctos
3234 4894 3379 4947 enim

1813 4980 2042 5051 populos
2074 4981 2399 5050 evangelicae
2430 4982 2837 5049 praedicationis
2866 4998 3068 5053 sagena
3100 4986 3242 5053 cepit
3281 5003 3293 5038 :
3329 4995 3383 5040 et

1812 5073 2133 5127 veneranda:
2156 5072 2440 5125 Trinitatis
2464 5073 2677 5140 notitia,
2702 5089 2835 5129 voce
2855 5074 3070 5129 illorum
3086 5080 3176 5146 qui
3195 5087 3385 5145 gentes

1810 5164 2188 5227 erudiverunt,
2224 5179 2320 5232 per
2351 5166 2661 5221 universum
2690 5169 2876 5220 orbem
2909 5167 3129 5221 dilatata
3163 5169 3258 5223 fuit
3282 5185 3305 5233 ;
3330 5180 3384 5224 ct

1812 5256 2013 5324 ubique
2046 5258 2204 5308 unius
2236 5271 2300 5309 ac
2331 5258 2501 5311 solius
2542 5259 2652 5311 veri
2699 5259 2790 5312 Dei
2817 5274 2882 5313 ac
2912 5258 3131 5314 Domini
3162 5263 3382 5315 univcr-

1809 5347 1938 5400 salis
1975 5355 2223 5399 versatur
2261 5348 2502 5417 cognitio
2535 5363 2549 5399 :
2596 5348 2881 5418 validaque
2908 5366 3039 5404 voce
3063 5367 3254 5406 onmes
3286 5369 3383 5420 μ)-

1810 5438 1917 5506 puli
1948 5453 2069 5491 cum
2103 5437 2387 5491 Psalmisla
2428 5440 2703 5503 clamant,
2741 5453 3023 5511 postquam
3057 5443 3148 5497 Dci
3183 5456 3381 5511 poten-

1809 5530 1936 5582 tiam
1968 5541 2021 5583 ct
2056 5531 2258 5599 ubique
2304 5532 2585 5599 providam
2625 5535 3054 5604 umgnitudincm
3098 5536 3200 5589 (ide
3246 5539 3381 5593 didi-

1805 5632 2002 5675 cerunt
2038 5641 2051 5674 :
2100 5622 2159 5674 Si
2196 5627 2483 5678 ascendere
2538 5625 2592 5677 in
2630 5628 2812 5679 ca'lnnt
2836 5669 2852 5692 ,
2888 5638 2945 5680 In
2982 5630 3090 5683 illic
3128 5646 3214 5697 es;
3247 5643 3291 5684 ei
3330 5633 3378 5686 si

1879 5817 1923 5850 5"
1959 5817 2061 5873 Pra
2085 5821 2121 5874 f.
2167 5824 2318 5876 usiss.
2352 5841 2415 5878 ex
2448 5825 2547 5882 lsa.
2575 5841 2646 5894 Vt,
2686 5828 2737 5880 5.
