4198 6442
199 414 302 475 653
1046 407 1611 470 APOLOGETICUS
1645 406 1793 468 PRO
1830 409 2092 468 SACRIS
2133 407 2610 471 IMAGINIBUS.
3334 409 3439 472 654

200 521 596 591 ὑποπνεόμινα,
668 519 762 573 καὶ
808 520 865 573 ιν
934 518 1034 590 ἴσῳ
1071 522 1263 583 πνοαῖς
1308 521 1402 573 καὶ
1459 519 1652 590 αὕραις
1685 520 1764 589 τῷ

1873 518 2101 574 L'binatn
2132 532 2275 573 nunc
2320 517 2500 573 Losia:
2542 520 2623 575 dei
2663 518 3007 575 vaticinantis
3054 520 3273 590 obliqua
3316 538 3441 576 ora-

199 614 309 665 δντι
336 612 611 682 λυόμενα;
649 609 773 674 Πῶς
800 610 834 679 ἡ
860 610 1046 680 Δάφνη
1070 608 1471 680 κρυφθήσεται,
1504 611 1597 661 καὶ
1629 615 1756 660 ποια

1870 611 2020 675 tuta,
2050 611 2252 680 quibus
2292 611 2380 678 qui
2414 611 2638 668 credunt
2686 612 2853 667 stulte
2891 624 3054 683 atque
3099 614 3439 683 insipienter,

200 704 267 772 γῆ
317 701 521 774 ταύτην
556 703 630 766 ὡς
701 701 880 772 μήτηρ
938 703 1050 763 τοῖς
1105 701 1326 763 κόλποις
1381 700 1760 770 κατελεήσασα

1870 699 2090 766 imperia
2134 698 2247 766 ipsa
2282 700 2448 753 nescii
2479 703 2826 769 pesstnndant
2854 703 2922 757 "'.

198 798 427 863 δέξεται,
466 798 554 850 ῖνα
599 795 847 865 φυγοῦσα
878 797 969 850 τὸν
992 798 1228 869 ἐραστὴν
1253 797 1350 867 τὴν
1404 795 1763 868 σωφροσύνην
1802 794 2157 863 διασωσηται,
2188 794 2281 845 καὶ
2332 794 2500 861 φυτὸν
2559 797 2624 866 τῇ
2656 796 2788 865 κόρῃ
2815 794 3109 865 ὁμώνυμον
3135 792 3285 864 αὐτῷ
3313 794 3442 849 ἀνα-

201 888 498 964 ϐλαστήσῃ,
558 893 693 961 πρὸς
741 891 1103 960 ᾠυχαγωγίαν
1160 892 1259 960 τῆς
1290 889 1635 953 ἀποτεύξεως
1701 886 1795 940 τοῦ
1835 889 2109 958 ἐρωμένου
2176 887 2625 955 περιγινόμενον;
2669 886 2777 939 Ποῦ
2811 886 2908 939 νῦν
2944 886 3039 940 τοῦ
3094 885 3288 953 Λοξίου
3313 885 3439 939 θεοῦ

199 984 288 1037 τοῦ
318 986 696 1056 χρησμολόγον
730 987 796 1043 es
829 985 1087 1058 λοξότερα
1108 987 1585 1057 χρησμῳδήματα,
1610 981 1691 1047 οἷς
1713 986 1761 1038 ot
1802 984 2098 1054 πυθόμενοι
2153 983 2346 1053 ἀγνοίᾳ
2423 984 2516 1035 καί
2580 983 2826 1052 ἀνοήτως
2865 982 3040 1053 ἀρχὰς
3073 982 3440 1037 καταλύουσιν

200 1080 363 1146 ἠγνοη
373 1080 535 1147 μένας
556 1096 570 1143 ;

269 1175 342 1237 μ’.
386 1170 491 1221 Καὶ
514 1169 601 1222 ἵνα
625 1169 693 1221 τὰ
711 1170 871 1225 λοιπά
896 1171 1164 1241 παρῶμεν
1199 1174 1332 1241 (τοῖς
1354 1172 1465 1239 γὰρ
1492 1168 1765 1231 πλείστοις

201 1258 472 1318 ἐπεξιοῦσι
524 1260 1002 1330 συμϐήσεταιλκαὶ
1039 1263 1191 1333 ἡμῖν,
1239 1264 1351 1323 τοῖς
1396 1261 1619 1328 ὲναγέσι
1670 1260 1763 1311 καὶ

203 1348 471 1419 βδελυροῖς
490 1353 1057 1422 συγκαταχραίνεσθαι
1086 1355 1181 1406 καὶ
1206 1353 1575 1423 μολύνεσθαι),
1597 1352 1760 1405 αὑτοῦ

202 1456 299 1489 που
324 1440 410 1491 τὸν
437 1441 563 1509 περὶ
581 1440 783 1493 τούτων
802 1444 1236 1513 περιγράψωμεν
1260 1443 1439 1511 λόγον,
1466 1442 1761 1513 ἐπειδὴκαὶ

200 1526 366 1579 ταῦτα
391 1530 555 1582 πάλαι
580 1531 1019 1600 περιγέγραπται
1044 1536 1140 1585 καὶ
1174 1533 1459 1602 σεσίγηται
1485 1552 1498 1565 -
1522 1533 1681 1604 δῆλον
1703 1532 1759 1585 δὲ

199 1620 342 1681 ὅπως
368 1620 459 1671 καὶ
507 1618 651 1682 ὅθεν,
705 1623 1142 1690 παραγεγονότος
1194 1622 1270 1691 τῷ
1319 1622 1511 1691 κόσμῳ
1547 1621 1643 1674 τοῦ
1675 1621 1763 1674 διὰ

200 1710 289 1762 τοῦ
347 1713 625 1782 προφήτου
694 1714 1111 1785 προειρηκότοςο
1201 1713 1645 1782 Ἐξολοθρεύσω
1694 1713 1764 1767 τὰ

1942 1165 2031 1221 40.
2066 1166 2239 1234 Atque
2285 1174 2343 1219 ut
2393 1165 2596 1233 reliqua
2640 1174 3025 1231 pratereamus
3072 1163 3217 1236 (nam
3249 1165 3294 1218 si
3328 1165 3444 1235 pitt-

1870 1262 2005 1312 ritua
2035 1260 2411 1312 discurramus
2434 1296 2451 1318 ,
2477 1257 2632 1310 nobis
2665 1272 2877 1326 quoque
2908 1274 3029 1311 cum
3060 1256 3271 1325 spurcis
3301 1258 3446 1327 ejus-

1869 1351 2011 1406 modi
2051 1358 2105 1405 et
2148 1350 2531 1403 abominandis
2560 1351 2943 1404 commaculari
2975 1365 3037 1403 ac
3080 1348 3274 1404 fmdari
3312 1364 3444 1403 con-

1867 1442 2081 1511 Iinget,)
2116 1441 2201 1494 hic
2237 1439 2405 1494 ferme
2438 1455 2741 1494 sermonem
2797 1443 2862 1494 de
2910 1442 2994 1495 his
3024 1442 3442 1506 concludemus,

1873 1532 2307 1603 quandoquidem
2334 1541 2388 1586 et
2414 1533 2543 1585 olim
2579 1533 2691 1585 lnec
2724 1533 2891 1586 certis
2928 1532 3190 1586 limitibus
3213 1535 3447 1585 circum-

1877 1623 2077 1691 scripta
2108 1631 2261 1675 erant
2286 1631 2340 1674 et
2374 1622 2593 1676 silentio
2632 1623 2826 1675 velata.
2857 1623 3080 1676 Constat
3105 1634 3283 1676 autem
3313 1635 3448 1689 quo-

1877 1714 2034 1767 modo
2071 1724 2125 1768 et
2155 1714 2314 1777 ttnde,
2344 1716 2760 1781 superveniente
2799 1714 2850 1766 in
2882 1713 3137 1766 mundum
3171 1713 3261 1767 illo
3284 1728 3444 1783 quem

201 1802 460 1870 ὀνόματα
492 1802 609 1856 τῶν
645 1804 908 1858 εἰδώλων
935 1806 1053 1859 ἀπὸ
1097 1806 1210 1875 τῆς
1256 1805 1393 1875 τῆς,
1441 1806 1538 1858 καὶ
1565 1803 1763 1858 οὐκέτι

1870 1805 2124 1872 propheta
2157 1804 2519 1873 praedixerat:
2556 1803 2869 1873 Dispcrdam
2914 1805 3130 1858 nomina
3176 1805 3446 1858 idolorum

200 1896 367 1949 ἔσται
401 1894 600 1949 αὐτῶν
620 1896 800 1964 μνεία
827 1913 841 1926 ·
877 1896 1061 1967 ὅτανὴ
1094 1897 1189 1949 τοῦ
1227 1896 1498 1968 σωτηρίου
1531 1896 1767 1965 σταυροῦ

202 1988 361 2056 χάρις
393 1988 679 2058 διέλαμψε,
712 1989 806 2041 καὶ
842 1988 904 2040 τὸ
937 1989 1079 2043 θεῖον
1124 1990 1465 2058 ἁπανταχόσε
1506 1989 1766 2058 διέδραμε

202 2080 488 2149 κήρυγμα,
517 2076 626 2148 ἄρα
651 2081 763 2152 γὰρ
791 2082 851 2134 οὺ
887 2081 1065 2135 πάντα
1094 2082 1159 2134 ὲκ
1198 2081 1373 2133 ποδῶν
1422 2081 1636 2148 γέγονε,
1672 2080 1769 2132 καὶ

202 2164 564 2234 ἀπελήλαται,
597 2167 693 2218 καὶ
721 2165 890 2235 λήθης
924 2164 1105 2236 βυθοῖς
1144 2164 1544 2234 παραδέδοταις
1596 2165 1643 2216 εἰ
1671 2163 1769 2233 μὲν

202 2258 310 2327 γὰρ
331 2259 461 2321 εἰσι,
485 2256 851 2311 δεικνύτωσαν
868 2257 969 2311 ποῦ
1006 2258 1098 2310 xui.
1118 2258 1267 2328 παρὰ
1283 2257 1391 2310 τίσι
1409 2254 1581 2308 ταῦτα
1596 2271 1610 2285 '
1632 2257 1681 2309 εἰ
1708 2255 1768 2309 δὲ

201 2349 300 2402 οὐκ
322 2350 458 2401 εἰσὶν
471 2348 553 2419 (οὐ
568 2349 676 2419 γὰρ
695 2349 848 2416 εἰσὶ),
865 2348 918 2401 τί
952 2350 1128 2419 μάτην
1151 2347 1607 2417 διαλοιδοροῦνται
1639 2348 1773 2417 Χρι-

207 2444 464 2504 στιανοῖς,
485 2440 911 2511 ἐπιφημίζοντες
934 2443 1114 2506 αὐτοῖς
1138 2444 1187 2495 oi
1207 2443 1536 2510 συκοφάνται
1566 2442 1771 2511 καὶτῆς

202 2532 456 2602 ἀληθείας
491 2535 805 2604 κατήγοροι,
851 2533 887 2588 ἀ
927 2536 1060 2605 μήτε
1110 2535 1361 2603 ἔδρασαν,
1392 2534 1529 2605 μήτε
1566 2532 1774 2602 διενοή-

204 2638 366 2675 σαντο
422 2623 680 2686 πώποτε;
716 2625 765 2676 εί
814 2624 871 2678 δὲ
922 2624 1076 2675 αὐτοὶ
1126 2623 1496 2692 πεπλάνηνται
1535 2622 1630 2674 καὶ
1664 2621 1771 2673 ciui.

204 2712 621 2782 δεισιδαίμονες,
678 2714 886 2767 ἑαυτῶν
983 2713 1478 2783 κατηγορείτωσαν,
1549 2713 1773 2775 ἑαυτοὺς

208 2804 603 2870 ιι’ωμείςθωταν
630 2805 679 2858 οἱ
704 2803 979 2871 ἐξάγιστοι
1006 2806 1103 2857 καὶ
1131 2803 1535 2870 διαγελάτωσαν
1558 2818 1573 2831 °
1610 2804 1641 2871 ἡ
1665 2802 1773 2871 γὰρ

203 2891 294 2942 τοῦ
332 2892 469 2943 θεοῦ
543 2891 862 2962 Ἐκκλησία,
916 2893 1148 2953 ἄσπιλος
1197 2893 1289 2944 καὶ
1338 2892 1531 2961 μώμου
1573 2892 1773 2953 παντὸς

202 2984 463 3053 ἐλευθέρα
495 2985 784 3054 τυγχάνει·
828 2984 961 3037 ἀλλὰ
1012 2984 1283 3035 σιωπᾶται
1318 2980 1489 3035 ταῦτα
1520 2998 1534 3014 ⁸
1564 2980 1775 3050 σιωπῆς

203 3076 311 3145 γὰρ
332 3075 499 3138 ὅντως
528 3078 620 3129 καὶ
648 3077 814 3146 λήθης
851 3076 1072 3147 βαθείας
1095 3075 1218 3141 ἀξια
1272 3075 1346 3138 ὼς
1365 3075 1557 3143 ὄφελόν
1587 3092 1649 3143 γε
1682 3075 1772 3127 καὶ

202 3167 358 3220 αὐτοὶ
386 3168 485 3237 τὴν
548 3171 756 3238 σιωπὴν
808 3168 1068 3230 ὡσαύτως
1126 3168 1355 3230 ἐκείνοις
1407 3168 1764 3237 ὴσπάσαντοο

206 3258 435 3325 Ὅμοιοι
471 3260 581 3327 γὰρ
618 3257 820 3323 αὐτοῖς
849 3258 1118 3325 γένοιντο
1147 3261 1203 3312 οἱ
1237 3258 1555 3325 ποιοῦντες
1591 3259 1765 3325 αὐτὰ,

201 3350 299 3403 καὶ
356 3348 580 3414 πάντες
616 3352 670 3403 οι
699 3351 1044 3413 πεποιθότες
1074 3350 1166 3403 ἐπ’
1213 3350 1418 3415 αὐτοῖς
1440 3367 1455 3382 ο
1491 3352 1573 3403 ὅτι
1611 3353 1768 3422 σιγᾷν

202 3442 426 3510 ἄμεινον
458 3443 551 3495 καὶ
578 3441 1043 3511 λυσιτελέστερον,
1095 3442 1128 3511 ἢ
1159 3442 1340 3493 λαλεῖν
1369 3443 1647 3505 δυσσεδῶς
1676 3444 1769 3496 καὶ

202 3532 398 3594 ἀθέως,
427 3531 465 3586 ἃ
498 3532 634 3602 μήτε
663 3532 840 3600 λέγειν
867 3534 1005 3603 μήτε
1044 3534 1243 3586 ἐννοεῖν
1274 3532 1433 3602 θέμις
1464 3536 1577 3597 τοῖς
1604 3551 1667 3603 γε
1694 3535 1769 3599 ὡς

203 3623 421 3691 ἀληθῶς
455 3624 623 3693 ἐρῶσι
674 3623 770 3676 τοῦ
810 3625 1141 3693 κρείττονος.
1193 3624 1287 3688 Τίς
1315 3626 1424 3694 γὰρ
1475 3625 1646 3688 οὕτως
1675 3626 1769 3678 ἐπὶ

206 3714 533 3784 ματαιότητι
559 3714 886 3784 βεϐοημένος
934 3716 1102 3779 ἐστὶν,
1135 3716 1283 3778 ὅστις
1315 3717 1496 3770 αὐτῶν
1524 3720 1651 3780 τοὺς
1692 3718 1769 3769 εί-

201 3805 394 3867 καιους
416 3806 509 3858 καὶ
541 3806 832 3868 ἀσυνέτους
858 3807 1176 3873 ἀποδέξαιτο
1212 3807 1439 3875 λόγους;
1481 3808 1564 3871 τίς
1597 3807 1770 3871 οὕτως

201 3894 522 3964 ὴμοιρηκὼς
553 3896 879 3966 αἰσθήσεως,
898 3897 992 3951 καὶ
1022 3901 1495 3969 παρενηνεγμένος
1529 3902 1622 3962 τὰς
1641 3902 1770 3970 φρέ-

202 4002 329 4049 νας;
354 3985 530 4047 οὐδεὶς
580 3986 722 4037 οὕτω
766 3986 1044 4057 κτηνώόης
1075 3991 1168 4041 καὶ
1205 3990 1384 4059 πάσης
1413 3990 1768 4060 βοσκηματώ-

200 4075 326 4139 δους
358 4077 547 4139 ἀνοίας
600 4078 973 4149 ἀνοητότερος,
1010 4081 1209 4148 μᾶλλον
1235 4081 1291 4134 δὲ
1325 4082 1444 4134 οὐδὲ
1473 4080 1770 4152 δαιμονῶν-

200 4170 355 4240 τωνῆ
382 4170 752 4238 ἐξεστηκότων
778 4187 884 4232 τις,
902 4171 1040 4223 ὥστε
1053 4171 1160 4223 τῶν
1182 4171 1545 4241 βληχημάτων
1570 4172 1769 4239 αὐτῶν,

201 4264 295 4314 καὶ
328 4261 669 4331 ληρημάτων
698 4262 984 4331 ἀνέχεσθαι
1010 4279 1023 4291 ³
1075 4263 1209 4316 ἀλλά
1244 4264 1413 4317 ταῦτα
1456 4264 1554 4332 μὲν
1585 4264 1771 4328 παῖδες

214 4352 373 4421 Ἐλλή
382 4371 489 4405 νων
518 4351 882 4414 παιζέτωσαν,
904 4354 960 4405 οἵ
987 4370 1046 4406 τε
1071 4355 1258 4419 πάλαι,
1289 4355 1383 4407 xui.
1420 4357 1469 4407 οἱ
1491 4354 1621 4425 παρ’
1641 4357 1772 4424 ἡμῖν

202 4442 293 4495 νῦν
331 4444 769 4513 Ἐλληνίζοντες·
802 4446 934 4513 ἡμῖν
959 4446 1015 4498 δὲ
1036 4445 1284 4513 τιμάσθω
1305 4445 1539 4514 Χριστὸς
1577 4448 1603 4499 ό
1643 4445 1774 4508 Θεὸς
1805 4476 1849 4531 D

201 4535 381 4601 ἡμῶν,
419 4536 514 4586 καὶ
536 4534 949 4601 προσκυνείσθω
971 4538 1028 4588 ὲν
1072 4534 1303 4607 ἀληθεία
1338 4535 1434 4589 καὶ
1478 4533 1771 4605 πνεύματι,

200 4623 274 4685 ὡς
306 4625 443 4686 Θεὸς
474 4624 609 4687 ὁμοῦ
651 4627 1007 4696 χρηματίζων
1045 4628 1135 4679 καὶ
1174 4627 1459 4697 ἄνθρωπος
1485 4645 1500 4659 ·
1537 4644 1773 4698 προσκυ-

201 4714 403 4767 νείσθω
465 4715 524 4768 δὲ
569 4716 664 4767 καὶ
716 4717 778 4767 τὸ
811 4716 1106 4785 σεόἀσμιον
1168 4716 1334 4770 αὑτοῦ
1383 4718 1771 4787 ὰπεικόνισμα,

202 4806 629 4876 προσκυνεῖσθαι
664 4806 861 4877 χρεὼν,
886 4808 979 4860 xui.
1028 4807 1324 4878 γραφέσθω
1352 4825 1365 4837 ⁸
1391 4808 1637 4877 γραπτὸν
1663 4808 1773 4878 γὰρ

199 4896 274 4958 ὡς
305 4897 524 4967 ἀληθῶς
564 4899 654 4950 καὶ
704 4901 1077 4969 περίγραπτον
1110 4899 1202 4951 καὶ
1247 4898 1509 4971 παθητὸν,
1538 4899 1678 4968 ὅπερ
1710 4900 1773 4951 ὲκ

199 4992 296 5059 τῆς
319 4990 488 5056 ἁγίας
517 4990 900 5059 Ἀειπαρθένου
923 4991 1188 5043 Θεοτόκου
1220 4992 1551 5061 προσείληφε
1577 4990 1739 5060 σῶμα
1757 5007 1772 5025 ο

200 5081 359 5150 εἰπερ
390 5082 488 5131 καὶ
522 5080 659 5150 αὑτὴ
694 5083 913 5150 γραπτὴ
945 5097 1004 5132 τε
1038 5085 1129 5133 καὶ
1156 5081 1514 5151 περιγραπτὴ
1543 5081 1777 5149 ἐτύγχα-

199 5185 277 5232 νε,
319 5170 428 5223 κᾶν
455 5169 531 5239 μὴ
572 5170 799 5223 θέλωσιν
820 5173 870 5223 οι
904 5171 1250 5241 παραφρονες
1276 5187 1289 5200 ·
1315 5171 1377 5224 οὐ
1408 5169 1776 5242 χωριζόμενον

198 5262 273 5325 δὲ,
308 5262 417 5315 κᾶν
457 5263 739 5330 γράφοιτο,
773 5262 868 5316 τοῦ
901 5263 1284 5333 συνηνωμένου
1313 5260 1463 5333 αὐτῷ
1488 5261 1614 5314 καθ’
1639 5261 1775 5315 ὑπό-

203 5369 391 5406 στασιν
418 5353 557 5405 Θεοῦ
591 5355 786 5421 Λόγον,
810 5352 997 5425 ὥσπερ
1022 5354 1141 5407 οὐδὲ
1180 5354 1248 5407 τὰ
1279 5352 1420 5423 ὑπὲρ
1447 5350 1604 5422 ἡμῶν
1632 5351 1766 5405 ὐπο-

204 5444 364 5511 μένον
392 5445 567 5512 πάθη,
595 5446 688 5498 ἀπ’
714 5444 879 5499 αὐτοῦ
901 5445 1184 5515 διέστηκεν
1204 5461 1216 5473 ·
1245 5444 1397 5497 οὐδὲν
1426 5442 1537 5513 γὰρ
1564 5441 1767 5495 τούτων

202 5536 334 5603 πρὸς
363 5536 641 5589 διάστασιν
664 5536 953 5607 ἐνεργῆσαι
983 5536 1223 5590 δύναται.

210 5782 251 5814 "
282 5784 529 5835 (Ztmsus.
606 5782 649 5813 η
691 5780 851 5834 Ζςιιοιι.
889 5797 1007 5846 χιιι,
1034 5781 1087 5833 2.
1168 5780 1212 5811 "
1251 5779 1392 5833 Psal.
1429 5794 1580 5845 t:\'llt,
1622 5779 1678 5832 8.

1867 1896 1932 1948 de
1970 1904 2149 1957 terra,
2188 1910 2350 1962 neque
2388 1894 2599 1947 illorum
2647 1895 2887 1963 deinceps
2933 1896 3189 1948 memoria
3229 1896 3328 1948 erit
3375 1895 3442 1958 ⁷⁸,

1868 2001 1989 2039 cum
2022 1982 2313 2037 salutifera:
2340 1986 2516 2038 crucis
2551 1985 2723 2053 gratia
2768 1985 2982 2049 illuxit,
3015 1996 3065 2037 et
3103 1985 3282 2037 divina
3314 2000 3447 2052 qua-

1868 2089 2165 2141 quevvrsus
2209 2074 2396 2127 diffusa
2452 2075 2693 2127 doctrina
2741 2083 2855 2137 est,
2897 2075 3073 2127 omnia
3121 2074 3258 2127 idola
3293 2074 3444 2143 pulsa

1868 2163 2111 2227 fuerint,
2154 2165 2468 2234 ejt-ctaque,
2532 2173 2584 2218 et
2628 2165 2916 2219 oblivionis
2967 2165 3165 2237 abysso
3220 2167 3441 2220 tradita.

1867 2259 2003 2315 Nam
2040 2261 2085 2313 si
2116 2257 2257 2313 forte
2299 2258 2472 2312 adhuc
2511 2267 2666 2321 sunt,
2698 2258 3079 2313 demonstrent
3105 2258 3321 2312 ubinam
3348 2300 3361 2325 ,
3393 2269 3449 2313 ct

1869 2352 2011 2420 apud
2055 2364 2317 2419 quosnam
2361 2350 2655 2417 supersint.
2694 2348 2846 2412 Quod
2899 2350 2942 2403 si
2990 2365 3096 2402 non
3150 2359 3313 2414 sunt,
3369 2355 3445 2406 uti

1872 2456 2062 2511 reapse
2089 2457 2191 2494 non
2224 2450 2347 2493 sunt
2372 2482 2386 2502 ,
2414 2456 2511 2494 cur
2542 2440 2742 2494 frustra
2772 2442 3148 2494 conviciantur
3176 2441 3446 2496 Christia-

1872 2533 1989 2597 nis,
2026 2534 2354 2600 itnpntantes
2387 2532 2464 2584 eis
2492 2545 2587 2598 per
2638 2531 3048 2601 schpltantiam
3096 2544 3150 2585 ιιι
3201 2535 3447 2588 veritatis

1871 2622 2226 2683 calumniam,
2285 2635 2403 2688 qua:
2457 2635 2629 2690 neque
2681 2621 2926 2676 fecerunt
2990 2639 3167 2692 neque
3211 2640 3443 2693 unquam

1871 2711 2287 2780 cogitaverunt?
2325 2708 2437 2768 .Sin
2478 2721 2663 2764 contra
2687 2750 2702 2775 ,
2747 2711 2844 2779 ipsi
2874 2711 3050 2779 potius
3077 2724 3262 2767 errant
3289 2715 3455 2786 199

1874 2814 1927 2858 et
1970 2803 2352 2872 superstitione
2385 2802 2671 2863 laborant,
2728 2802 2829 2868 ipsi
2875 2804 3046 2871 magis
3086 2818 3253 2859 semet
3288 2825 3447 2861 accu-

1874 2904 2028 2959 sent,
2066 2904 2237 2949 semet
2285 2894 2684 2963 reprehendant
2732 2894 2784 2947 hi
2828 2893 3043 2949 scelesti
3093 2906 3257 2964 atque
3298 2899 3444 2953 deri-

1874 2987 2055 3039 deant.
2102 2983 2238 3038 Nam
2272 2983 2367 3038 Dei
2409 2994 2559 3039 certe
2592 2984 2835 3039 Ecclesia
2871 2985 3219 3041 immaculata
3267 3000 3353 3045 est
3393 3001 3448 3046 et

1874 3086 2028 3130 extra
2065 3090 2281 3130 omnem
2315 3076 2766 3144 vituperationem
2815 3078 3008 3144 posita.
3042 3080 3109 3133 Et
3154 3080 3290 3134 idola
3321 3082 3449 3152 qui-

1874 3170 1994 3221 dent
2021 3168 2134 3237 jam
2169 3169 2419 3231 silentur,
2446 3182 2565 3234 qua:
2600 3181 2789 3235 reapse
2826 3168 3045 3223 silentio
3072 3168 3290 3238 altaque
3311 3172 3449 3225 obli-

1875 3259 2033 3311 vione
2056 3261 2214 3328 digna
2246 3268 2391 3312 sunt.
2434 3256 2646 3311 Utinam
2678 3272 2804 3313 vero
2829 3270 2882 3312 et
2909 3260 2961 3312 hi
2988 3259 3262 3314 silentium
3295 3277 3450 3330 asque

1875 3363 1936 3402 ac
1958 3351 2045 3403 illa
2070 3351 2381 3403 servarent!
2414 3347 2624 3402 Similes
2648 3349 2847 3418 quippe
2869 3350 3000 3417 ﬁunt
3021 3352 3112 3414 qui
3130 3351 3338 3419 faciunt
3361 3370 3445 3418 ea,

1871 3456 1920 3500 et
1956 3459 2131 3497 omna
2199 3444 2288 3509 qui
2343 3442 2613 3509 confidunt
2688 3443 2742 3496 in
2791 3443 2867 3495 eis
2908 3443 2975 3496 ⁷³.
3019 3442 3233 3499 Etenim
3287 3447 3449 3501 silere

1874 3536 2070 3590 melius
2108 3543 2194 3588 est
2231 3543 2396 3601 atque
2434 3532 2657 3594 utilius,
2697 3547 2857 3601 quatn
2895 3533 3060 3602 impie
3111 3534 3449 3604 scelesteque

1874 3624 2020 3692 loqui
2047 3662 2062 3685 ,
2108 3636 2226 3689 qua:
2268 3636 2367 3674 nec
2404 3620 2586 3675 dicere
2631 3636 2805 3689 neque
2838 3630 3018 3675 mente
3062 3623 3271 3691 agitare
3314 3624 3443 3678 licet

1873 3716 1943 3770 iis
1974 3716 2063 3783 qui
2097 3713 2337 3767 melioris
2365 3712 2535 3783 frugis
2566 3723 2692 3767 sunt
2719 3713 2972 3769 studiosi.
3007 3715 3140 3781 Quis
3167 3716 3309 3770 enim
3335 3727 3444 3771 tam

1874 3803 2139 3859 confessa:
2165 3803 2405 3857 stultitiae
2425 3813 2529 3866 est,
2564 3804 2652 3872 qui
2680 3804 2908 3858 istorum
2942 3820 3111 3860 vanos
3139 3809 3443 3876 stultosqne

1876 3908 2152 3950 sermones
2179 3894 2366 3948 audire
2397 3894 2668 3961 patiatur?
2705 3894 2866 3959 Quis,
2898 3897 3142 3966 inquam,
3174 3899 3247 3951 ita
3280 3914 3443 3954 sensu

1876 4000 2095 4047 carens,
2132 3994 2185 4038 et
2213 3992 2393 4037 mente
2418 3984 2938 4040 subversus?Nemo
2966 3990 3101 4044 adeo
3132 3991 3400 4048 belluinns
3428 4034 3442 4058 ,

1875 4086 1927 4132 et
1956 4078 2099 4131 omni
2133 4078 2369 4146 pecudea
2409 4077 2620 4131 inscitia
2663 4079 3027 4147 insipientior,
3066 4083 3171 4137 imo
3198 4101 3263 4138 ne
3293 4100 3446 4139 arre-

1875 4169 2062 4237 ptitius
2095 4168 2310 4236 quidem
2332 4168 2526 4236 aliquis
2551 4181 2642 4221 aut
2667 4168 2904 4224 furiosus
2931 4182 3014 4225 est
3039 4214 3053 4238 ,
3092 4175 3182 4243 qui
3219 4177 3441 4230 istorum

1876 4262 2086 4316 balatus
2135 4271 2190 4315 et
2231 4260 2585 4315 deliramenta
2639 4264 2850 4318 toleret.
2895 4263 3279 4322 Verumtamen
3330 4271 3446 4323 hwe

1876 4349 2076 4403 ethnici
2110 4349 2326 4418 quidem
2365 4347 2623 4412 luserint,
2656 4359 2766 4402 tum
2799 4350 2960 4411 olim.
2995 4360 3103 4404 ttttn
3143 4354 3309 4406 etiam
3350 4356 3442 4425 qui

1879 4440 2019 4507 apud
2054 4454 2153 4493 nos
2187 4439 2527 4492 ethnicorum
2567 4454 2718 4493 more
2752 4440 2959 4495 vivunt.
2996 4444 3041 4497 Α
3073 4444 3229 4497 nobis
3262 4454 3443 4501 autem

1875 4532 2086 4584 colatur
2124 4528 2375 4583 Christus
2418 4540 2623 4593 noster,
2670 4539 2834 4598 atque
2881 4530 2933 4584 in
2968 4533 3199 4587 veritate
3240 4544 3296 4588 et
3328 4537 3444 4605 spi-

1874 4624 1979 4677 titu
2032 4623 2311 4688 adoretur,
2362 4637 2462 4676 ceu
2498 4620 2639 4675 Deus
2685 4623 2849 4678 simul
2896 4630 2952 4676 et
2992 4624 3173 4678 homo.
3216 4625 3444 4681 Colatur

1871 4717 2034 4768 etiam
2067 4714 2371 4767 veneranda
2406 4715 2576 4783 ipsius
2629 4714 2841 4783 imago,
2884 4729 2951 4768 eo
2979 4730 3087 4784 quo
3134 4717 3293 4770 decet
3334 4718 3441 4773 coli

1871 4803 2054 4858 modo.
2081 4802 2392 4858 Deliueetur
2421 4805 2637 4871 utique,
2670 4806 2795 4872 quia
2830 4804 3034 4859 lineare
3068 4821 3254 4875 reapse
3280 4818 3442 4865 este.

1871 4894 2338 4962 circumscriptum
2387 4904 2440 4946 et
2492 4895 2746 4962 passibile
2778 4896 2922 4964 quod
2969 4897 3085 4965 ipse
3130 4899 3198 4951 de
3246 4911 3437 4954 sancta

1871 5000 2083 5054 semper
2110 4985 2315 5054 virgine
2346 4983 2579 5056 Deipara
2613 4989 2844 5057 sumpsit
2892 5004 3089 5058 corpus
3112 5029 3127 5055 ,
3170 4992 3438 5062 siquidem

1874 5078 1986 5146 ipsa
2013 5091 2229 5147 quoque
2257 5084 2314 5132 et
2341 5077 2563 5132 linearis
2582 5090 2636 5133 et
2664 5082 3076 5150 circumscripta
3110 5094 3250 5146 erat,
3274 5086 3441 5138 velint

1871 5170 2043 5224 nolint
2077 5171 2128 5223 hi
2160 5170 2366 5223 vesani.
2396 5169 2579 5239 Neque
2604 5181 2781 5227 tamen
2810 5188 3008 5243 corpus
3038 5175 3189 5241 illud,
3218 5176 3435 5231 etiamsi

1871 5262 2125 5333 pingatur
2157 5261 2239 5315 vel
2284 5261 2584 5330 sculpatur,
2635 5264 2703 5316 ab
2750 5265 2902 5318 unito
2949 5265 3054 5319 sibi
3105 5268 3442 5336 hypostatico

1880 5354 1971 5409 Dei
2015 5350 2195 5410 Verbo
2229 5364 2511 5425 separatur
2538 5395 2553 5419 ,
2587 5356 2747 5410 sicuti
2784 5372 2852 5411 ne
2900 5365 3011 5410 tum
3057 5357 3272 5426 quidem
3315 5376 3441 5412 eum

1876 5459 1975 5513 pro
2014 5445 2168 5500 nobis
2216 5446 2523 5516 passionem
2571 5448 2863 5514 sustinuit,
2916 5448 2984 5501 ab
3031 5449 3223 5502 eodem
3263 5446 3445 5505 Verbo

1876 5535 2069 5589 abluit.
2124 5534 2271 5592 Nihil
2306 5538 2454 5593 enim
2501 5538 2694 5594 horum
2743 5540 2807 5595 ad
2857 5538 3183 5598 divisionem
3237 5539 3441 5610 aliquid

1874 5625 2102 5680 confert.
