4198 6442
232 406 339 472 681

1091 401 1659 463 APOLOGETIC‘US
1698 401 1848 462 PRO
1887 402 2152 467 SACRIS
2186 405 2662 468 IMA'GINIBUS.

3384 411 3488 473 689

240 531 426 587 μενον,
459 513 488 567 ό
519 510 679 579 λόγος
700 508 1071 580 διασημαίνοι,
1098 506 1231 561 ἀκού
1243 524 1394 560 σεται
1415 508 1553 578 πρός
1580 524 1635 560 τε
1662 506 1818 578 ήμῶν

1931 524 1951 562 a
1982 511 2160 575 nobis,
2215 510 2324 565 ltno
2378 510 2445 564 ab
2500 513 2611 581 ipsa
2666 516 2889 570 veritate
2944 515 3142 581 audiet,
3194 521 3492 575 secundum

240 609 332 659 καὶ
376 606 473 675 τῆς
515 603 775 674 ἀληθείας
831 601 1025 672 αὐτῆς,
1052 599 1127 663 ὼς
1170 602 1311 652 κατὰ
1377 599 1478 669 τὴν
1514 599 1609 652 τοῦ
1665 598 1815 671 ίεροῧ

1926 601 2097 670 ipsius
2149 616 2321 657 sacrae
2354 601 2573 658 Littera:
2625 607 2993 674 traditionem,
3032 615 3152 676 post
3186 608 3491 665 Judaznrntu

238 697 581 768 Γράμματος
616 693 934 766 παράδοσιν,
969 690 1109 761 μετὰ
1137 690 1237 761 τὴν
1271 693 1336 743 ὲκ
1373 689 1691 753 Βαόυλῶνος
1722 690 1822 743 αὐ-

1931 688 2231 758 :llabylou‘e
2254 689 2506 756 reditum,
2560 694 2833 747 neminem
2890 698 3029 765 apud
3087 712 3183 752 eos
3237 713 3495 769 apparera

237 786 348 840 τῶν
381 786 662 850 ἐπάνοδον,
681 784 861 847 οὐδείς
891 801 978 837 πω
1008 782 1117 835 τῶν
1144 781 1275 850 παρ’
1307 781 1513 845 αὐτοῖς,
1547 781 1823 851 βασίλειον

240 878 514 948 φαίνεται,
572 871 715 950 ᾗπερ
764 876 826 929 τὸ
867 875 998 945 πρὶν
1047 875 1099 927 οἱ
1149 875 1270 927 κατ’
1331 873 1531 935 αὐτοὺς
1581 871 1823 942 βασιλεῖς

239 968 739 1039 ικεχειροτόνηντο,
818 964 1056 1034 διάδημα
1111 963 1581 1034 καταδησάμενος,
1631 964 1663 1033 ἢ
1710 965 1824 1025 τοῖς

245 1062 547 1130 σκήπτροις
583 1059 677 1113 τοῦ
711 1056 995 1127 βασιλικοῦ
1045 1054 1359 1127 ἀξιώματος
1408 1055 1825 1127 ὲντεθρονισμὲ-

244 1170 360 1214 νος.
389 1152 533 1206 οὕτω
561 1150 658 1205 τοῦ
685 1150 795 1203 τῶν
834 1150 973 1204 ὅλων
1003 1148 1139 1203 Θεοῦ
1168 1148 1259 1202 διὰ
1286 1151 1471 1219 φωνῆς
1521 1148 1824 1220 προφητῶν

246 1243 715 1314 προθεσπίσαντος
740 1258 753 1272 ³
788 1241 893 1295 ὑπὸ
921 1242 1275 1312 δημαγωγοῖς
1325 1241 1436 1310 γὰρ
1466 1240 1563 1293 καὶ⁵
1613 1238 1826 1310 ἱερεῦσι

244 1337 310 1389 τὸ
337 1337 524 1387 λοιπὸν
558 1334 929 1397 διατελοῦντες
961 1333 1378 1387 κατεδείκνυντο
1406 1349 1420 1363 ο
1472 1331 1596 1384 ὅθεν
1639 1332 1823 1401 δῆλον,

246 1429 332 1482 ὅτι
358 1430 418 1482 οὐ
451 1426 659 1498 ταύτην
707 1428 839 1496 ήμῖν
887 1425 1178 1495 ἐμφανίζει
1214 1425 1312 1493 τήν
1355 1424 1451 1477 ἐπὶ
1502 1422 1827 1485 Βαϐυλῶνος

248 1519 633 1591 αἰχμαλωσίαν
682 1521 709 1571 6
739 1520 893 1583 λόγος
920 1534 934 1546 ο
976 1517 1340 1585 ἐγνωσμένων
1393 1514 1482 1585 ὑφ’
1521 1508 1597 1568 ὧν
1631 1532 1688 1567 τε
1734 1516 1829 1567 καὶ

248 1611 359 1681 ὅτῳ
396 1610 587 1681 τρόπῳ
641 1608 691 1661 oi
721 1608 820 1677 τῆς
853 1608 1205 1669 Βαϐυλωνίας
1245 1607 1493 1675 ἀνάγκης
1546 1606 1828 1677 ἀπηλλαγ-

252 1704 429 1772 μένοι,
464 1703 556 1754 ἐπὶ
584 1701 682 1771 τὴν
708 1700 1075 1769 Παλαιστίνην
1117 1698 1617 1768 παλινοστήσαντες
1656 1698 1830 1750 ὀπίσω

249 1795 715 1865 ἀνεκομίσθησαν,
742 1792 887 1846 καθὰ
918 1792 983 1862 δὴ
1017 1793 1074 1843 ὲν
1124 1793 1238 1854 τοῖς
1269 1791 1399 1862 περὶ
1431 1790 1638 1843 τούτων
1682 1791 1828 1841 ἱστο-

1922 778 2015 845 qui
2064 778 2272 847 regium
2323 780 2599 847 diadema,
2651 799 2757 852 quo
2788 795 2944 839 antea
3002 803 3159 858 reges
3209 791 3485 861 inaugura-

1926 866 2146 930 bantur,
2183 872 2499 938 gestaverit,
2533 876 2615 926 vel
2668 876 2861 943 regalis
2913 877 3192 943 dignitatis
3223 891 3494 950 sceptrum

1928 961 2202 1023 tenuerit;
2250 960 2329 1014 sic
2364 962 2618 1018 nimirum
2669 967 2964 1021 universali
2998 967 3109 1022 Deo
3141 985 3237 1038 per
3264 975 3496 1043 prophe-

1926 1058 2104 1104 tarum
2152 1066 2340 1107 vocem
2365 1053 2477 1123 jam
2508 1056 2767 1124 prmfato;
2800 1062 2893 1112 sed
2924 1060 3026 1113 sub
3062 1063 3241 1130 populi
3279 1068 3499 1119 rectori-

1928 1141 2027 1196 bus
2054 1158 2118 1197 ac
2167 1144 2544 1201 sacerdmibtts
2572 1148 2766 1202 deinde
2802 1152 3191 1217 rempublicam
3221 1152 3386 1211 fuisse
3410 1172 3503 1211 co-

1928 1236 2262 1306 gnoscimus.
2308 1235 2464 1294 Unde
2488 1248 2699 1294 constat
2752 1241 2893 1296 haud
2921 1243 2986 1297 de
3008 1246 3110 1300 hac
3140 1249 3297 1301 nobis
3327 1251 3504 1318 capti-

1928 1326 2095 1383 vitate
2126 1326 2455 1399 Babylonica
2483 1346 2698 1385 sacrum
2726 1348 3037 1390 sermonem
3064 1337 3209 1407 loqui
3234 1356 3247 1393 :
3275 1357 3397 1394 ctttu
3432 1343 3505 1397 sit

1928 1419 2268 1487 exploratum
2314 1435 2342 1473 a
2373 1422 2574 1489 quibus
2606 1434 2659 1477 et
2685 1440 2787 1493 qtta
2829 1428 3038 1481 ratione
3072 1429 3240 1483 Judaei
3273 1430 3504 1502 Babylo-

1933 1511 2055 1564 nica
2092 1511 2401 1568 calamitate
2436 1514 2648 1570 liberati
2709 1519 2760 1570 itt
2798 1518 3139 1574 Palaestinam
3173 1526 3505 1591 postliminio

1932 1601 2216 1668 redierint,
2242 1605 2384 1659 sicut
2414 1604 2466 1657 in
2496 1605 2709 1660 illarum
2742 1624 2922 1665 rerttnt
2955 1611 3198 1668 historiis
3224 1615 3502 1685 perspicue

1932 1692 2263 1763 descriptum
2315 1706 2420 1751 est.
2456 1696 2825 1764 Quamobrem
2876 1702 2943 1756 de
3005 1705 3341 1772 temporibus
3402 1704 3507 1759 illis

1935 1786 2247 1855 prophetica
2281 1787 2439 1842 eﬂ'ata
2489 1790 2810 1860 intelligere,
2865 1808 2971 1848 non
3014 1804 3098 1849 est
3131 1796 3325 1851 rationi
3377 1813 3509 1853 coa-

257 1862 546 1959 ρουμένοις
576 1862 762 1951 σαφῶς
808 1883 1279 1953 ἀναγέγραπται·
1336 1880 1418 1933 διὸ
1473 1880 1562 1934 ἐπ’
1597 1881 1829 1941 ἐκείνοις

1937 1886 2281 1932 sentaneum.
2348 1879 2479 1946 Quae
2538 1897 2668 1935 vero
2727 1892 2783 1936 et
2832 1884 3057 1949 scimus,
3108 1898 3159 1940 et
3210 1889 3506 1953 credimus,

249 1976 566 2048 ὲξειλῆφθαι
592 1978 661 2030 τὰ
692 1978 1012 2045 προφητικὰ
1067 1974 1251 2043 λόγια,
1273 1972 1429 2039 λόγον
1466 1972 1564 2042 οὐχ
1593 1972 1706 2039 ἕξει
1747 1990 1759 2004 ο
1792 1971 1829 2025 ἃ

248 2072 306 2124 δὲ
340 2069 521 2140 ἴσμεν,
558 2067 651 2121 καὶ
693 2067 1165 2135 πεπιστεύκαμεν,
1197 2065 1291 2117 καὶ
1313 2064 1365 2118 οἱ
1393 2067 1634 2135 πατέρες
1666 2064 1829 2134 ἡμῶν

249 2160 585 2231 διηγήσαντο
617 2161 770 2228 ημῖν,
804 2160 861 2211 ἐν
893 2152 977 2220 οἷς
1017 2156 1254 2227 ὲδραίως
1295 2156 1443 2226 μάλα
1489 2156 1826 2226 βεϐήκαμεν,

248 2250 426 2305 ταῦτα
461 2250 833 2320 κηρύσσομεν,
885 2247 959 2313 ὼς
1000 2250 1163 2318 ἡμεῖς
1207 2249 1380 2316 ἐσμεν
1432 2246 1527 2311 οὓς
1555 2247 1614 2311 ἐξ
1656 2247 1829 2300 ἐθνῶν

251 2344 687 2413 ουναγήγερκεν,
719 2342 767 2392 οἱ
806 2339 1043 2407 ἀκλινῶς
1079 2340 1168 2393 ἐπ’
1209 2339 1373 2392 αὐτὴν
1423 2339 1747 2408 ἠλπικότες,
1778 2340 1828 2391 οἱ

248 2435 647 2506 λελυτρωμένοι
677 2435 781 2486 ὑπὸ
805 2433 1033 2504 Κυρίου,
1060 2431 1154 2495 οὓς
1182 2431 1530 2501 ὲλυτρώσατο
1551 2432 1614 2484 ὲκ
1648 2431 1832 2501 χειρὸς

247 2532 359 2584 τῶν
384 2531 632 2598 ἀοράτων
658 2527 893 2598 ἐχθρῶν,
956 2528 1054 2580 καὶ
1087 2527 1155 2577 ὲκ
1184 2524 1291 2578 τῶν
1323 2525 1521 2595 χωρῶν
1570 2523 1668 2576 τοῦ
1701 2524 1832 2577 σκό-

248 2640 380 2685 τους
408 2622 503 2675 καὶ
525 2621 622 2689 τῆς
648 2619 740 2672 τοῦ
774 2618 1008 2670 θανάτου
1041 2617 1202 2677 σκιᾶς
1233 2617 1543 2685 συνήγαγεν
1572 2614 1680 2667 ἀπὸ
1702 2614 1830 2667 άνα-

248 2714 447 2775 τολῶν,
470 2713 564 2763 καὶ
592 2710 834 2780 δυσμῶν,
859 2709 953 2762 καὶ
980 2708 1171 2779 βορρᾶ,
1187 2709 1279 2760 καὶ
1295 2705 1596 2775 θαλάσσης,
1627 2706 1833 2777 ὲνὲρή-

256 2823 345 2874 pro
375 2805 472 2855 καὶ
501 2802 714 2871 ἀνύδρῳ
745 2800 842 2870 τῆς
882 2799 1143 2861 ἀπιστίας
1184 2801 1249 2852 ἐκ
1285 2798 1384 2868 τῆς
1418 2794 1514 2849 τοῦ
1533 2795 1831 2867 δυσμενοῦς

256 2896 545 2968 μεθοδείας
583 2891 1043 2960 πεπλανημένους
1075 2890 1227 2953 ποτε,
1259 2890 1355 2941 καὶ
1392 2888 1503 2942 τῶν
1545 2888 1832 2959 σωτηρίων

248 2992 355 3061 τῆς
395 2989 681 3049 εὐσεϐείας
716 2987 975 3057 ναμάτων
1010 2983 1431 3054 ἐστερημένους,
1479 2979 1563 3047 οἷς
1607 2983 1706 3052 τὴν
1739 2983 1835 3051 χά-⁴

255 3104 342 3155 ριν
370 3087 467 3155 τῆς
501 3082 829 3151 θεογνωσίας
874 3080 1075 3135 ἄνωθεν
1113 3080 1247 3151 ἡμῖν
1283 3077 1695 3151 φιλανθρωπίας
1734 3076 1835 3147 δμ-

253 3180 410 3248 ὅροις
443 3172 673 3237 ὖετίζων
702 3173 1023 3241 δεδώρηται.

343 3269 431 3330 Ὡς
460 3266 503 3320 δ’
533 3262 626 3318 οὖν
658 3261 1088 3317 καθιεῖσθαιὲπὶ
1115 3261 1207 3314 τδν
1255 3260 1445 3331 θρόνον
1475 3259 1639 3313 Δαόὶδ
1682 3258 1831 3329 παρὰ
1862 3248 1902 3267 υ

255 3358 353 3411 τοῦ
398 3354 742 3425 προφητικοῦ
774 3355 931 3421 λόγου
984 3357 1012 3405 ὁ
1063 3352 1254 3423 Σωτὴρ
1321 3354 1771 3424 προαγορεύεται,
1807 3354 1835 3404 6

256 3451 404 3511 θεῖος
436 3447 671 3516 ἅγγελος
730 3446 970 3499 πειθέτω
999 3448 1127 3508 τοὺς
1173 3445 1477 3515 ἀνοήτους·
1532 3446 1581 3497 εἰ
1625 3443 1702 3515 μὴ
1745 3444 1836 3496 καὶ

258 3542 430 3603 uicit;
454 3544 551 3602 τὰς
594 3540 746 3609 ἱερὰς
785 3554 893 3591 των
948 3536 1299 3604 Εὐαγγελίων
1348 3535 1832 3600 ἐξουδενώσουσιν,

257 3634 454 3704 ὥσπερ
492 3634 585 3684 καὶ
622 3633 723 3693 τὰς
749 3631 915 3693 ἄλλας
940 3629 1036 3683 τοῦ
1072 3629 1386 3697 Πνεύματος
1411 3629 1636 3698 ῥήσεις·
1685 3627 1743 3691 ὃς
1780 3628 1838 3693 ἐξ

258 3724 497 3794 οὶρανοῧ
539 3722 765 3786 κατιὼν,
802 3724 896 3775 καὶ
946 3725 1014 3791 τῇ
1044 3721 1409 3790 παναχράντῳ
1451 3720 1545 3772 καὶ
1581 3721 1836 3789 ’Λειπαρ-

261 3818 593 3887 θε·.ομήτορι
624 3816 684 3867 τὸ
718 3816 818 3883 τῆς
863 3815 1050 3883 κοινῆς
1106 3812 1308 3872 παντὸς
1352 3809 1448 3863 τοῦ
1485 3811 1691 3880 κόσμου
1734 3827 1839 3863 σω-

257 3908 458 3977 τηρίας
510 3904 997 3974 εὐαγγελιζόμενος
1051 3905 1376 3972 κεφάλαιον,
1412 3903 1504 3955 τὸν
1553 3902 1612 3965 ἐξ
1667 3901 1837 3970 αὐτῆς

258 3998 665 4067 τεχθησόμενον
718 3996 951 4064 Σωτῆρα
1005 3994 1245 4057 πάντων,
1284 3994 1411 4045 Υίόν
1460 4009 1518 4044 τε
1579 3992 1836 4060 Ὑψίστου

261 4089 636 4158 κληθήσεσθαι
690 4085 1096 4157 προανεφώνει,
1135 4086 1226 4137 καὶ
1268 4085 1359 4136 τὸν
1429 4083 1623 4152 θρόνον
1675 4083 1837 4134 Δαόὶδ

260 4183 551 4250 λήψεσθαι,
584 4183 678 4234 καὶ
707 4182 805 4249 τήν
834 4178 1115 4249 βασιλείαν
1145 4175 1287 4241 ἕξειν
1317 4176 1472 4239 τέλος
1526 4176 1625 4245 οὐχ
1685 4175 1838 4238 ’ἐξου-

263 4291 365 4325 σαν
396 4289 409 4300 ·
441 4274 574 4325 ἀλλὰ
611 4273 717 4341 μὴν
773 4274 862 4325 καὶ
892 4271 1065 4340 μέγαν
1112 4267 1336 4321 ἔσεσθαι
1387 4267 1479 4320 τὸν
1529 4266 1696 4320 αὐτὸν
1743 4266 1838 4320 καὶ

264 4365 407 4433 μετᾶ
447 4363 544 4432 τῆς
592 4361 1157 4432 προσληφθησομὲνης
1196 4359 1516 4429 προεμήνυε
1576 4357 1793 4428 φύσεως
1818 4372 1832 4387 '

258 4456 418 4517 εἰδὼς
448 4455 610 4507 αὐτὸν
642 4456 738 4508 καὶ⁵
758 4455 889 4507 ὄντα
920 4454 1016 4506 καὶ
1047 4453 1308 4522 προόντα,
1327 4451 1423 4503 καὶ
1448 4450 1535 4502 ἀεὶ
1566 4450 1717 4512 ὅντα,
1743 4451 1837 4503 καὶ

1935 1977 1991 2021 et
2041 1977 2223 2035 patres
2278 1970 2449 2023 nostri
2499 1971 2656 2025 nobis
2715 1986 3109 2041 narraveruut,
3163 1978 3361 2048 quibus
3424 1980 3509 2034 lir-

1939 2058 2101 2110 tniter
2145 2060 2388 2127 apprime
2422 2061 2729 2125 innitimur,
2765 2065 2878 2118 hazc
2907 2066 3285 2134 prccdieautus,
3319 2084 3510 2137 nempe

1938 2162 2039 2200 nos
2082 2163 2203 2203 esse
2244 2149 2365 2204 illus
2413 2167 2551 2220 quos
2623 2153 2764 2208 Deus
2823 2156 2887 2210 de
2937 2159 3190 2226 gentibus
3227 2161 3328 2215 sibi
3372 2163 3508 2218 adu-

1940 2240 2105 2304 uavit,
2161 2242 2251 2310 qtti
2301 2256 2613 2300 constanter
2666 2247 2717 2301 itt
2758 2263 2882 2301 eum
2937 2263 3236 2319 sperantes,
3284 2254 3502 2309 rodent-

1938 2333 2013 2399 pti
2048 2348 2075 2383 υ
2115 2334 2342 2389 Domino
2366 2334 2586 2400 fuimus,
2619 2353 2753 2406 quos
2783 2341 2853 2393 de
2874 2341 3221 2397 itn'isibiliuut
3251 2345 3502 2400 inimico-

1944 2438 2062 2475 rum
2089 2441 2251 2479 tnauu
2274 2428 2499 2496 eripuit,
2529 2440 2583 2482 et
2614 2446 2641 2483 a
2667 2432 3010 2486 tenebrarum
3037 2435 3348 2505 regionibus
3376 2454 3508 2492 mor-

1941 2517 2123 2585 lisque
2175 2520 2366 2574 umbra
2397 2523 2616 2590 collegit
2658 2539 2721 2577 ex
2766 2526 2979 2581 oriente
3010 2538 3063 2581 et
3092 2544 3313 2596 occasu,
3359 2536 3512 2601 aqui~

1942 2605 2061 2661 Ione
2082 2618 2137 2662 et
2161 2610 2321 2674 mari,
2347 2611 2565 2667 deserto
2587 2626 2639 2667 et
2666 2616 2929 2684 inaquoso
2953 2621 3349 2680 incredulitatis
3367 2627 3507 2690 loco,

1942 2697 2113 2752 hostis
2148 2702 2321 2755 nostri
2356 2706 2585 2770 artibus,
2613 2709 2952 2766 errabundus
2998 2713 3150 2780 olim,
3182 2726 3237 2771 et
3267 2717 3489 2771 salutari

1941 2790 2041 2844 hus
2059 2803 2222 2846 rectae
2244 2794 2522 2865 religionis
2546 2799 2762 2856 liuentis
2780 2803 3046 2872 privatos,
3065 2808 3262 2875 quibus
3279 2812 3509 2878 gratiam

1942 2884 2135 2938 divina:
2152 2886 2446 2955 agnitionis
2484 2892 2731 2961 ili-super,
2761 2894 3111 2963 benignitatis
3164 2914 3276 2954 suae
3323 2900 3515 2955 itnhria

1942 2978 2060 3043 bus,
2084 2978 2310 3051 largitus
2336 2992 2438 3038 est.

2014 3251 2165 3317 Quod
2196 3269 2326 3323 ergo
2368 3269 2645 3311 scssurum
2692 3270 2814 3313 esse
2857 3273 3017 3329 super
3071 3259 3287 3316 Davidis
3321 3264 3514 3318 throno

1946 3342 2289 3397 Servatoretn
2317 3362 2344 3399 a
2374 3348 2688 3415 prophetico
2718 3363 2969 3404 sermone
2991 3353 3303 3420 prtedictum
3328 3353 3513 3419 fuerit,

1942 3433 2101 3488 divus
2128 3436 2351 3505 angelus
2377 3439 2461 3493 his
2487 3440 2694 3495 insanis
2718 3445 3040 3510 persuadeat
3069 3462 3083 3511 ;
3115 3446 3215 3500 nisi
3245 3446 3385 3503 l‘urte
3423 3467 3515 3505 sa-

1942 3538 2064 3579 cras
2093 3539 2309 3595 quoque
2338 3527 2782 3600 Evangeliorutu,
2814 3542 2869 3586 ut
2890 3534 3027 3588 alias
3055 3538 3227 3591 sancti
3256 3538 3512 3608 Spiritus,

1942 3615 2240 3673 locutiones
2265 3629 2642 3678 contemnunt.
2672 3623 2874 3694 Nempe
2907 3627 2994 3679 ille
3015 3628 3081 3681 de
3106 3629 3245 3684 cmlo
3266 3631 3512 3695 veniens,

1940 3716 1995 3759 et
2028 3709 2392 3765 immaculata:
2417 3728 2739 3784 semperque
2764 3714 2971 3786 Virgini
3004 3717 3183 3785 Matri,
3209 3728 3515 3778 communis

1942 3799 2109 3853 totius
2168 3803 2353 3856 mundi
2410 3802 2604 3859 salutis
2677 3806 2923 3861 nuntium
2980 3809 3329 3881 signitlcans,
3389 3829 3512 3870 eum

1939 3903 2099 3957 quem
2125 3890 2236 3959 ipsa
2259 3893 2501 3958 paritura
2520 3906 2639 3951 erat
2666 3896 3011 3954 Servalorem
3036 3902 3299 3967 omnium,
3318 3905 3512 3959 Filium

1940 3981 2203 4038 Altissitni
2233 3997 2480 4041 vocatum
2510 3991 2573 4042 iri
2611 3990 3003 4057 proclamabat,
3034 4002 3084 4047 et
3119 3994 3334 4051 Davidis
3356 4000 3508 4051 thro-

1940 4089 2066 4127 num
2098 4086 2515 4145 occupaturum,
2547 4096 2878 4152 regnumque
2907 4085 3067 4152 207
3102 4088 3219 4140 sine
3266 4089 3372 4141 line
3413 4092 3508 4143 ha-

1939 4166 2198 4223 biturum.
2235 4168 2376 4235 Quin
2411 4172 2547 4226 adeo
2592 4180 2840 4243 maguum
2905 4179 3080 4243 ipsum
3117 4177 3352 4233 futurum
3385 4197 3506 4235 cum

1938 4270 2218 4328 assumpta
2239 4275 2456 4329 quoque
2476 4272 2664 4315 natura
2698 4267 3001 4334 portendit;
3034 4268 3214 4323 sciens
3240 4271 3494 4326 nimirum

1938 4350 2085 4405 illttm
2115 4362 2171 4406 et
2210 4367 2354 4408 nunc
2384 4364 2438 4407 et
2468 4364 2624 4408 antea
2651 4364 2707 4411 et
2736 4371 2959 4426 semper
2982 4360 3360 4426 exsisteutem,
3393 4380 3505 4416 tua-

1939 4458 2208 4512 gnumque
2262 4454 2319 4500 et
2369 4461 2531 4513 super
2584 4449 2765 4501 omnia
2826 4447 3013 4503 Deum.
3066 4449 3356 4522 Propterea
3409 4472 3502 4510 rex

262 4547 443 4615 μέγαν
466 4548 619 4609 ὄντα,
652 4545 748 4599 καὶ
780 4545 874 4599 ἐπὶ
908 4545 1129 4598 πάντων
1176 4543 1308 4596 Θεὸν
1354 4542 1483 4596 ὄντα
1504 4560 1519 4575 ο
1559 4543 1831 4613 τοιγάρτοι

1943 4550 2149 4604 regum,
2175 4545 2231 4590 et
2256 4537 2310 4590 in
2347 4538 2545 4591 multas
2588 4547 2775 4607 gentes
2822 4539 3131 4608 dominans,
3163 4545 3323 4597 etiam
3365 4562 3503 4615 qua-

261 4638 521 4706 βασιλεὺς
551 4636 660 4689 τῶν
702 4635 1117 4706 βασιλευόντων,
1149 4636 1245 4687 καὶ
1293 4633 1477 4703 ἄρχων
1509 4632 1721 4684 πολλῶν
1745 4632 1835 4685 ἐθ-

256 4727 415 4778 νῶνό
464 4726 838 4794 Ἐμμανουήλ,
875 4726 968 4778 καὶ
1004 4724 1079 4787 ὡς
1112 4724 1402 4795 ἅνθρωπος
1430 4724 1832 4793 ἐχρημάτισενο

258 4817 625 4887 ὑπερίδρυται
648 4817 758 4886 γάρ
792 4816 947 4869 οὐδὲν
975 4811 1159 4887 ἦττον,
1210 4815 1305 4868 καὶ
1356 4814 1499 4867 κατὰ
1531 4816 1748 4867 πάντων
1776 4815 1837 4866 τό

256 4924 315 4958 τε
355 4908 553 4975 κράτος
578 4907 670 4958 καὶ
718 4906 817 4976 τὴν
851 4905 1128 4975 ὑπεροχὴν
1151 4904 1438 4973 κέκτηται,
1480 4905 1539 4956 ὲν
1579 4906 1691 4967 τοῖς
1733 4904 1835 4973 τῆς

257 4996 515 5064 θεότητος
564 4996 660 5048 καὶ
720 4996 862 5067 μετὰ
903 4996 1107 5067 σαρκὸς
1152 4994 1472 5063 διαπρέπων
1511 4993 1833 5063 πλεονεκτή-

259 5103 399 5153 μασι
426 5103 440 5116 σ
472 5085 572 5138 κᾶν
598 5085 948 5155 ἐπτώχευσεν
994 5085 1134 5138 ἑκὼν
1160 5088 1227 5155 τῇ
1279 5084 1400 5155 θείᾳ
1428 5084 1834 5148 συγκαταὸάσει

256 5178 631 5247 χρησάμενος,
662 5177 761 5247 τὴν
794 5176 917 5230 καθ’
959 5179 1109 5246 ἡμᾶς
1144 5175 1416 5245 πτωχείαν
1447 5176 1625 5239 ἐνδὺς,
1658 5176 1731 5238 ὠς
1766 5178 1834 5228 ἂν

255 5271 421 5338 ἡμεῖς
452 5268 550 5338 τήν
581 5268 791 5321 ἐκείνου
813 5268 1375 5338 καταπλουτισθῶμεν
1407 5266 1637 5339 θεότητα
1662 5282 1673 5296 ’
1703 5268 1833 5320 οὑκ-

254 5358 354 5411 οὖν
402 5362 551 5413 πᾶσα
581 5359 820 5429 ἀνάγκη,
866 5360 926 5413 τὺ
960 5359 1054 5413 τοῦ
1106 5359 1360 5430 Σωτῆρος
1394 5358 1551 5430 ήμῶν
1597 5359 1831 5429 Χριστοῦ

252 5454 349 5506 διὰ
401 5455 621 5507 πάντων
672 5456 1025 5526 εἰσφέρεσθαι
1076 5456 1409 5526 πρόσωπον·
1454 5455 1719 5525 βασιλέως
1774 5455 1831 5508 δὲ

256 5547 623 5616 ἀνισταμένου
661 5549 756 5601 καὶ
788 5548 1032 5601 τοιούτου
1065 5546 1353 5618 βασιλέως,
1392 5547 1687 5604 ἀκόλουθόν
1716 5565 1833 5611 πως

255 5635 354 5688 καὶ
392 5636 668 5708 ιὺπρεπὲς
714 5642 809 5692 καὶ
857 5640 1127 5710 ἄρχοντας
1184 5640 1455 5711 ὑπάρχειν
1508 5640 1828 5707 ἀναλόγους,

252 5725 386 5795 εθνη
414 5742 474 5779 τε
498 5727 887 5799 ὑποτετάχθαι,
909 5732 1003 5783 καὶ
1025 5732 1122 5807 οὐχ
1148 5730 1357 5794 ἁπλῶς,
1393 5731 1450 5782 ἀ)
1462 5730 1528 5782 λὰ
1557 5730 1731 5784 πάντα
1765 5731 1832 5785 τά

255 5812 417 5885 ζθνηο
446 5815 663 5870 πάντων
686 5817 796 5887 γὰρ
818 5818 1079 5882 Βασιλεύς
1106 5821 1220 5873 ἐστι
1243 5821 1333 5875 καὶ
1365 5819 1568 5891 Κύριος
1593 5835 1606 5850 ο
1640 5819 1830 5891 ῶσπερ

580 5913 847 5977 Panos.
887 5916 1005 5977 Gn.
1056 5917 1119 5978 C.

1939 4634 2097 4680 tenus
2130 4626 2310 4691 homo,
2352 4626 2667 4681 Emmanuel
2725 4638 2831 4682 est.
2869 4628 3045 4698 Eque
3087 4633 3229 4685 enim
3275 4636 3502 4700 eminet,

1934 4726 1989 4770 et
2020 4732 2130 4782 pra:
2173 4717 2423 4771 omnibus
2474 4719 2712 4786 potentia
2759 4734 2823 4773 ac
2878 4721 3137 4789 dignitate
3170 4725 3332 4793 pollet
3392 4737 3501 4781 tutn

1936 4809 2235 4862 divinitatis
2255 4819 2365 4862 tum
2391 4812 2571 4864 carnis
2588 4811 2864 4864 attributis
2890 4814 3147 4880 pr:t:ditus
3165 4832 3180 4881 ;
3196 4830 3502 4886 quanquam

1935 4914 2139 4968 pauper
2167 4899 2270 4956 fuit
2321 4910 2534 4971 sponte,
2585 4902 2765 4957 divina
2817 4905 3274 4963 condescensione
3323 4920 3500 4973 utens,

1937 5001 2231 5061 nostraque
2275 4992 2456 5062 inopia
2486 4994 2729 5060 indutus,
2762 5008 2821 5050 ut
2870 5013 2967 5051 nos
3005 4998 3289 5054 divinitate
3339 5002 3504 5071 ipsius

1934 5089 2251 5139 ditaremur.
2296 5085 2526 5141 Prorsus
2568 5088 2752 5157 itaque
2807 5105 3031 5146 necesse
3060 5100 3167 5156 est,
3195 5091 3504 5148 Servatoris

1936 5178 2103 5232 nostri
2128 5178 2331 5231 Christi
2358 5179 2411 5232 in
2441 5181 2653 5235 cunctis
2695 5181 2883 5237 adesse
2907 5198 3220 5251 personam.
3260 5186 3504 5257 Cumque

1936 5284 2030 5325 rex
2062 5278 2245 5323 tantus
2277 5270 2351 5323 sit
2397 5273 2746 5335 constitutus,
2783 5277 3030 5345 sequitur
3063 5281 3505 5349 conveniensque

1935 5371 2019 5415 est
2050 5361 2323 5430 principes
2363 5378 2577 5433 quoque
2643 5366 2791 5435 regni
2848 5369 2962 5423 licri
3002 5380 3416 5435 consentaneus,
3453 5382 3507 5425 et

1934 5465 2121 5521 gentes
2139 5468 2261 5509 esse
2278 5455 2573 5524 subiectas,
2600 5474 2698 5512 nec
2723 5463 3121 5529 quomodolibet
3136 5504 3151 5527 ,
3171 5466 3263 5519 sed
3283 5476 3508 5519 cunctas

1932 5547 2155 5600 omnino
2172 5556 2394 5615 gentes;
2419 5558 2504 5602 est
2524 5551 2666 5604 enim
2691 5553 2931 5606 omnium
2955 5569 3047 5608 rex
3074 5570 3139 5610 ac
3156 5555 3439 5617 Dominus.
3454 5570 3510 5612 et

1934 5636 2076 5692 sicut
2104 5640 2345 5693 otnniutn
2370 5657 2489 5694 cum
2514 5640 2674 5698 Patre
2695 5644 2747 5697 itt
2780 5644 2936 5709 caelo,
2965 5648 3035 5700 ita
3065 5660 3120 5701 et
3146 5648 3197 5703 itt
3229 5660 3372 5705 terra
3390 5667 3508 5703 ou:-

1933 5730 2082 5784 nium
2119 5733 2326 5801 pariter
2355 5732 2614 5789 Dominus
2662 5746 3096 5807 praepoteusque.
3130 5738 3254 5793 Ideo
3301 5740 3505 5796 dictum

1932 5830 2011 5875 est
2044 5838 2056 5874 :
2085 5817 2151 5873 Et
2176 5823 2265 5889 qni
2293 5833 2467 5892 surget
2496 5827 2563 5875 ad
2593 5824 2974 5880 dominantium
3006 5830 3270 5896 gentibus,
3300 5831 3351 5883 in
3394 5832 3510 5896 ipso

3069 5922 3149 5983 22
