4198 6442
773 424 875 485 637

1789 431 1849 491 S.
1896 429 2311 493 NICEPHOHI
2351 430 2993 492 PATRIARCHIE'CP.

3909 435 4033 499 688

774 531 936 603 ἁφῆς
969 530 1079 602 τῆς
1111 534 1500 604 ἐπιχορηγίας
1546 536 1673 590 κατ’
1698 537 2007 607 ἐνέργειαν
2055 542 2126 594 ἐν
2150 538 2347 610 μέτρῳ
2379 540 2518 607 ἐνὸς
2548 540 2810 595 ἑκάστου
2860 541 3111 611 μέλους,
3138 540 3253 607 τὴν
3314 542 3582 609 αὔξησιν
3610 544 3716 598 τοῦ
3738 546 4033 614 σώματος

774 626 1023 680 ποιεῖται
1051 629 1137 693 εἷς
1159 627 1484 697 οἰκοδομὴν
1510 630 1696 684 αὐτοῦ
1721 631 1791 683 ἐν
1813 629 2038 701 ἀγάπῃ.
2109 633 2218 686 Καὶ
2260 632 2422 687 πάλιν
2446 650 2458 665 ·
2494 635 2623 686 ’Ότι
2659 636 2691 686 ό
2713 634 2870 703 ἀνὴρ
2918 633 3152 703 κεφαλὴ
3215 633 3323 703 τῆς
3362 636 3672 703 γυναικὸς,
3714 639 3866 692 οὕτω
3919 643 4031 692 καὶ

773 718 805 768 ὁ
827 717 1078 785 Χριστὸς
1093 718 1329 787 κεφαλὴ
1349 719 1458 787 τῆς
1502 722 1873 789 Ἐκκλησιάς,

844 807 1138 875 Postquam
1168 811 1348 878 itaque
1369 818 1528 879 caput
1548 821 1603 864 et
1634 812 1845 866 initium
1878 816 2120 868 omnium
2148 824 2337 869 osten-
2366 822 2411 871 Δ

774 897 852 949 dEt
894 910 1013 950 esse
1042 895 1321 951 Christum
1350 912 1503 953 sacer
1549 900 1857 969 Apostolus,
1884 918 2174 974 regemque
2214 907 2335 959 uui-

773 1001 1053 1041 versorum
1107 977 1517 1054 demonstravit,
1571 991 1765 1045 deinde
1822 996 2030 1049 inducit
2086 996 2336 1050 eumdem

770 1080 1116 1133 credentibus
1151 1096 1364 1151 quoque
1395 1082 1447 1135 in
1495 1084 1690 1151 ipsum,
1726 1086 2043 1155 largientem
2089 1102 2335 1155 regnum,

772 1172 863 1226 ubi
893 1172 968 1225 ait
1002 1190 1015 1224 :
1055 1171 1241 1243 Itaque
1292 1190 1507 1244 regnum
1543 1177 1805 1231 immobile
1839 1180 2200 1246 suscipientes,
2242 1180 2338 1231 ha-

771 1264 949 1314 bemus
980 1263 1233 1331 gratiam,
1277 1278 1368 1330 per
1404 1282 1558 1334 quam
1595 1269 1885 1321 serviamus
1924 1268 2185 1335 placentes
2227 1267 2334 1322 Deo

770 1369 890 1404 ium
921 1363 1059 1406 metu
1098 1363 1147 1405 et
1188 1358 1477 1408 reuerentia
1508 1357 1575 1410 ⁵⁸.
1611 1357 1676 1410 Et
1700 1375 1721 1411 ‘:
1749 1356 1965 1411 Gratias
1987 1367 2197 1427 agentes
2226 1358 2334 1413 Deo

769 1440 951 1505 Patri,
984 1444 1075 1503 qui
1105 1442 1317 1496 idoneos
1354 1461 1447 1497 nos
1483 1445 1604 1511 fecit
1637 1447 1691 1499 in
1715 1454 1917 1515 partem
1944 1449 2098 1503 sortis
2122 1459 2332 1502 sancto-

771 1550 888 1586 rum
924 1535 979 1586 in
1014 1535 1246 1596 tantine;
1281 1536 1370 1604 qui
1397 1537 1587 1604 eripuit
1619 1552 1710 1589 nos
1725 1539 1789 1590 de
1816 1550 2070 1605 potestate
2097 1526 2334 1593 tenebrao

770 1640 888 1678 rum
924 1633 974 1678 et
1013 1627 1286 1678 transtulit
1328 1627 1383 1678 in
1432 1644 1641 1695 regnum
1674 1626 1807 1682 Filii
1858 1630 2159 1685 dilectionis
2201 1648 2329 1696 suie,

769 1717 821 1770 in
862 1731 965 1785 quo
993 1716 1241 1770 habemus
1283 1717 1709 1784 redemptionem,
1763 1723 2118 1777 remissionem
2150 1741 2334 1795 pecca-

770 1816 942 1859 torum
964 1807 1028 1858 ".
1064 1803 1136 1859 Ut
1160 1816 1340 1862 autem
1374 1806 1468 1860 lilii
1496 1808 1656 1863 simul
1687 1820 1741 1864 ct
1766 1808 1963 1866 fratres
1987 1822 2041 1866 et
2070 1814 2333 1880 ltmrcdes,

769 1900 1201 1953 animadvertere
1237 1898 1495 1954 debemus
1527 1916 1543 1953 :
1588 1901 1761 1955 Sicuti
1785 1918 1917 1959 nunc
1946 1905 2228 1958 revelatum
2258 1918 2332 1960 est

770 1988 966 2039 sanctis
994 1987 1247 2055 apostolis
1286 1996 1335 2041 et
1381 1990 1641 2058 praphetis
1670 1992 1725 2043 in
1752 1990 1983 2060 Spiritu,
2026 2006 2198 2062 gentes
2221 2011 2335 2049 esse

769 2076 932 2145 209
944 2076 1236 2131 cohicredes
1254 2088 1301 2129 et
1320 2079 1720 2145 concurporales
1737 2090 1784 2133 et
1798 2085 2194 2151 contparticipes
2211 2102 2332 2152 pro-

2523 805 2677 859 Ἐπεὶ
2707 801 2801 859 οὖν
2819 805 3062 875 κεφαλὴν
3090 806 3184 858 καὶ
3204 804 3381 876 ἀρχὴν
3410 807 3626 861 πάντων
3655 811 3902 883 ἀπέφηνε
3930 818 4032 869 τὸν

2442 897 2680 967 Χριστὸν
2707 899 2735 949 ὁ
2776 896 2917 967 ἱερὸς
2966 898 3305 963 ’Δπόστολος,
3344 901 3439 952 καὶ
3466 900 3694 969 βασιλέα
3739 907 3847 959 τῶν
3874 911 4032 965 ὅλων

2438 988 2841 1051 ἀποδείκνυσιν,
2878 988 3091 1056 εἰσάγει
3121 989 3285 1041 αὑτὸν
3316 991 3412 1042 καὶ
3447 995 3563 1053 τοῖς
3576 1002 4027 1055 πεπιστευκόσιν

2439 1078 2588 1149 αὐτῷ
2641 1079 2917 1149 βασιλεῑαν
2965 1080 3346 1151 χαριζόμενον,
3418 1084 3477 1134 ὲν
3539 1079 3621 1146 οἷς
3672 1104 3807 1157 φησι
3840 1107 3853 1119 ·
3916 1094 4025 1145 Διὸ

2432 1170 2766 1235 ,βασιλείαν
2820 1168 3169 1224 ἀσάλευτον
3241 1176 3819 1245 παραλαμϐάνοντες
3878 1182 4025 1251 ἕχο-

2431 1277 2549 1329 μεν
2570 1260 2767 1329 χάριν,
2786 1261 2862 1313 δι’
2881 1257 2956 1331 ἧς
2974 1264 3347 1332 λατρεύομεν
3368 1269 3712 1337 εὐαρέστως
3751 1271 3832 1336 τῷ
3862 1276 4016 1340 Θεῷ,

2431 1353 2583 1421 μετὰ
2598 1351 2812 1417 αἰδοῦς
2843 1354 2940 1406 καὶ
2959 1356 3296 1421 εὐλασείας.
3321 1357 3432 1411 Καί
3450 1374 3463 1389 ·
3494 1362 4025 1432 Εὐχαριστοῦντες

2436 1441 2517 1508 τῷ
2547 1442 2725 1509 Πατρὶ
2749 1441 2830 1506 τῷ
2856 1442 3217 1498 ἱκανώσαντι
3239 1446 3397 1514 ἡμᾶς
3421 1450 3506 1515 εὶς
3530 1449 3644 1516 τὴν
3659 1454 3875 1521 μερίδα
3908 1457 4022 1508 τοῦ

2435 1534 2665 1601 κλήρου
2699 1532 2818 1587 τῶν
2862 1535 3049 1603 ἁγίων
3094 1537 3165 1590 ἐν
3214 1536 3296 1602 τῷ
3345 1540 3497 1608 φωτί
3522 1558 3535 1570 ·
3587 1542 3657 1609 ὃς
3715 1545 4022 1611 ἐρρύσατο

2435 1623 2594 1692 ἡμᾶς
2625 1626 2693 1677 ἐκ
2743 1624 2853 1692 τῆς
2907 1625 3203 1693 ἐξουσίας
3253 1630 3361 1682 τοῦ
3392 1633 3677 1698 σκότους,
3733 1636 3835 1687 καὶ
3870 1655 4018 1705 μετ-

2434 1714 2705 1782 έστησεν
2756 1719 2844 1781 εἰς
2875 1714 2992 1783 τὴν
3003 1718 3337 1781 βασιλείαν
3360 1721 3467 1774 τοῦ
3496 1722 3630 1775 Υιοῦ
3646 1721 4019 1794 τῆςόγόπης

2432 1807 2642 1872 αὑτοῦ,
2666 1810 2736 1861 ἐν
2751 1801 2799 1875 ᾧ
2819 1807 3040 1877 ἔχομεν
3060 1808 3174 1874 τὴν
3194 1810 3637 1879 ἀπολύτρωσιν,
3656 1815 3774 1882 τὴν
3791 1817 4020 1885 ἄφεσιν

2434 1898 2555 1952 τῶν
2585 1899 3038 1971 ἁμαρτημάτων.
3084 1901 3174 1966 Ὦς
3201 1904 3259 1957 δὲ
3308 1904 3499 1969 τέκνα,
3522 1910 3616 1961 καὶ
3652 1909 3898 1978 ἀδελφοὶ,
3920 1914 4017 1965 καὶ

2434 1992 2764 2062 κληρονόμοι
2790 1996 2839 2048 oi
2878 1994 3055 2058 αὐτοὶ,
3095 1997 3391 2067 προσέχειν
3416 2000 3553 2052 δέον·
3600 2002 3696 2067 Ὠς
3748 2003 3870 2056 νῦν
3899 2006 4015 2059 ἀπ-

2433 2084 2742 2151 εκαλύφθη
2768 2082 2895 2150 τοῖς
2918 2084 3111 2153 ἁγίοις
3137 2088 3512 2152 ἀποστόλοις
3551 2092 3647 2147 καὶ
3669 2095 4015 2163 προφήταις

769 2170 1033 2220 missionis
1054 2168 1167 2235 ejus
1191 2170 1244 2219 in
1276 2167 1488 2221 Christo
1524 2167 1652 2223 Iesu
1681 2188 1771 2239 per
1792 2171 2156 2242 Evangelium,
2178 2178 2329 2244 cujus
2366 2160 2396 2214 Π

2434 2171 2503 2226 ἐν
2550 2175 2866 2242 Πνεύματι,
2898 2172 3052 2230 εἶναι
3111 2178 3180 2231 τὰ
3215 2179 3361 2246 ἔθνη
3398 2160 3894 2254 συγκληρονόμα,
3916 2160 4011 2240 real

767 2259 945 2326 [nctus
967 2274 1079 2311 sum
1100 2258 1761 2317 minister".-—Audncius
1778 2273 1951 2317 autem
1968 2266 2154 2332 scripsi
2171 2267 2330 2330 vobis,

766 2349 869 2413 {rat
881 2362 958 2398 res
982 2385 995 2407 ,
1023 2361 1087 2398 ex
1123 2355 1272 2412 parte
1291 2385 1306 2409 ,
1349 2356 1603 2414 tanquam
1636 2351 1689 2401 in
1720 2352 2023 2404 memoriam
2049 2369 2140 2406 vos
2170 2354 2332 2408 rcdn-

765 2456 905 2496 cens,
927 2449 1136 2506 propter
1157 2440 1385 2507 gratiam
1409 2454 1523 2506 quw
1543 2440 1669 2492 data
1686 2451 1760 2493 est
1776 2442 1917 2495 mihi
1939 2459 1969 2494 a
2001 2442 2126 2506 Deo.
2145 2457 2198 2497 ut
2232 2447 2331 2499 sim

764 2529 1001 2582 minister
1017 2528 1144 2582 Jesu
1163 2527 1359 2583 Christi
1380 2531 1434 2584 in
1460 2530 1720 2600 gentibus,
1744 2536 2078 2602 sanctiﬁcans
2095 2536 2333 2607 Evange-

764 2622 918 2684 lium,
974 2628 1030 2674 ut
1067 2621 1163 2689 ﬁat
1215 2622 1409 2676 oblatio
1445 2625 1676 2691 gentium
1716 2636 1951 2694 accepta,
2003 2631 2333 2695 sanctiﬁcata

764 2714 820 2765 in
846 2710 1055 2779 Spiritu
1072 2722 1257 2764 sancto
1288 2712 1354 2766 ⁸⁸.
1390 2711 1460 2766 Et
1481 2714 1679 2767 iluitulc
1711 2731 1725 2766 ε
1753 2715 1875 2770 Non
1901 2717 2035 2772 enim
2055 2722 2330 2789 accepistis

763 2802 1010 2871 spiritum
1035 2803 1303 2855 servitutis
1325 2804 1518 2855 iterum
1544 2805 1612 2855 ad
1648 2802 1910 2873 timorem,
1936 2809 2025 2860 sed
2059 2812 2330 2879 accepistis

762 2895 1010 2961 spiritum
1033 2893 1353 2963 adoptionis,
1386 2894 1440 2947 in
1475 2911 1577 2963 quo
1595 2896 1913 2961 clamamus,
1949 2900 2120 2967 Abba,
2147 2901 2328 2956 Pater.

763 2983 891 3051 Ipse,
918 2983 1150 3051 Spiritus
1189 2986 1509 3053 testiﬁcatur
1533 2988 1747 3055 spiritui
1772 2999 1974 3059 nostro,
1993 2992 2132 3062 quod
2165 2996 2328 3048 simus

761 3075 863 3143 ﬁlii
883 3077 995 3130 Dei.
1024 3076 1177 3141 Quod
1195 3079 1239 3129 si
1255 3079 1379 3145 ﬁlii,
1399 3090 1444 3131 et
1459 3077 1712 3142 litui-edes;
1732 3082 1962 3136 haredes
1979 3087 2188 3152 quidem
2206 3084 2327 3150 Dei,

764 3170 1056 3222 cohtcredes
1080 3178 1254 3222 autem
1283 3170 1479 3225 Christi
1496 3172 1563 3225 '9.
1588 3172 1846 3240 Etposten
1868 3192 1891 3228 ,ε
1921 3177 2061 3239 Quia
2072 3177 2188 3243 jam
2226 3194 2327 3231 non

767 3276 820 3312 cs
844 3277 1043 3325 seruus,
1092 3263 1181 3314 sed
1214 3261 1361 3329 ﬁlius
1411 3274 1456 3315 et
1498 3265 1664 3317 hwres
1702 3265 1796 3317 Dei
1818 3282 1913 3333 per
1956 3268 2222 3320 Christum
2259 3272 2325 3325 ⁵9.

766 3348 975 3414 Quibus
1007 3350 1186 3402 verbis
1215 3352 1536 3403 consouabit
1566 3352 1702 3405 alius
1736 3352 2052 3423 tlicoIOgus:
2080 3354 2231 3407 Deiti't
2253 3356 2328 3409 eis

764 3450 1067 3507 potestatem
1092 3440 1234 3508 ﬁlios
1268 3440 1359 3492 Dei
1390 3442 1528 3507 ﬁeri,
1566 3442 1645 3494 his
1672 3443 1762 3511 qui
1797 3444 2014 3497 credunt
2044 3446 2097 3497 in
2119 3447 2328 3498 nomine

763 3534 879 3599 ejus
902 3532 967 3586 ⁶¹.
994 3507 1167 3585 Atlilct
1189 3530 1272 3584 his
1314 3529 1590 3601 Evangelii
1613 3507 1842 3602 lquoque
1866 3536 2115 3589 minister
2139 3554 2153 3589 :
2187 3536 2325 3600 Quia
2352 3507 2396 3564 (ί

764 3640 852 3676 vos
883 3624 1007 3676 estis
1052 3638 1239 3690 corpus
1267 3619 1486 3687 Christi,
1526 3632 1575 3675 et
1625 3624 1857 3676 membra
1882 3640 1951 3678 ex
1995 3637 2141 3692 parte
2169 3626 2237 3679 ⁶¹.
2260 3654 2330 3666 —--

765 3713 987 3767 Decebat
1017 3715 1152 3766 enim
1175 3731 1317 3777 eum,
1342 3725 1553 3783 propter
1579 3732 1727 3784 quem
1769 3719 1970 3780 omnia,
1997 3730 2041 3769 et
2070 3732 2161 3784 per
2181 3734 2327 3787 quem

765 3806 968 3869 omnia,
1002 3806 1092 3875 qui
1125 3806 1317 3859 multos
1351 3806 1490 3873 filios
1520 3806 1576 3858 in
1624 3807 1846 3874 gloriam
1879 3808 2194 3871 adduxerat,
2236 3824 2332 3859 αιι-

764 3908 958 3952 ctorein
991 3898 1180 3951 salutis
1211 3908 1403 3952 nostra:
1424 3900 1754 3973 cruciatibus
1777 3913 2156 3955 consummare.
2193 3897 2331 3951 Nam

764 4001 813 4043 et
834 3991 923 4058 qui
940 3990 1236 4057 sanctiﬁcat
1260 4000 1305 4042 et
1334 3991 1423 4059 qui
1451 3991 1876 4057 sanctiﬁcantnr,
1906 4004 1972 4043 es:
2002 4005 2103 4043 uno
2132 4005 2327 4045 omnes.

767 4080 940 4145 Quam
964 4081 1027 4135 ob
1044 4096 1275 4134 causam
1294 4096 1396 4133 non
1418 4082 1686 4143 erubescit,
1704 4080 1893 4148 fratres
1922 4082 2036 4134 illos
2063 4083 2333 4134 nominare

762 4168 945 4224 (licens
978 4186 996 4223 :
1036 4170 1377 4223 Annuntiabo
1404 4186 1589 4223 nomen
1620 4180 1767 4231 tunnt
1796 4170 2055 4237 fratribus
2087 4173 2249 4235 meis;
2277 4172 2334 4224 in

766 4264 939 4315 medio
994 4261 1243 4314 Ecclesia:
1296 4261 1525 4313 laudabo
1571 4270 1619 4313 te
1670 4261 1735 4313 “.
1782 4260 1847 4313 Et
1895 4276 2081 4315 rursus
2129 4277 2143 4313 :
2191 4264 2334 4326 Quos

766 4355 1032 4424 pra'scit'it
1077 4364 1125 4407 et
1172 4354 1568 4421 pra’destinnvit
1621 4352 1916 4420 conformes
1959 4354 2076 4421 ﬁeri
2118 4354 2335 4423 imagini

769 4445 899 4499 Filii
928 4451 1037 4509 sui,
1070 4457 1123 4499 ut
1161 4447 1227 4500 sit
1281 4446 1390 4513 ipse
1429 4446 1808 4514 primogenitus
1842 4447 1898 4499 in
1944 4447 2125 4499 multis
2152 4447 2335 4516 fratri-

768 4542 862 4592 bus
913 4539 978 4592 “.
1028 4538 1095 4592 Et
1148 4547 1447 4605 praeterea:
1484 4535 1550 4588 In
1605 4552 1708 4606 quo
1764 4537 2119 4590 abundantius
2159 4537 2335 4591 volens

772 4628 911 4682 Deus
939 4625 1212 4680 ostendere
1237 4624 1635 4694 pollicitationis
1674 4626 1965 4678 hwredibus
1999 4626 2337 4680 immobilita-

770 4728 871 4773 tem
915 4718 1129 4771 consilii
1164 4718 1267 4780 sui,
1322 4716 1633 4783 interposuit
1674 4716 2093 4786 jusjurandum;
2139 4728 2194 4771 ut
2243 4735 2335 4787 per

2436 2265 2865 2334 σύσσωμα,και
2902 2270 3252 2337 συμμέτοχα
3291 2269 3403 2339 τῆς
3430 2274 3797 2343 ἐπαγγελίας
3824 2278 4013 2330 αὑτοῦ

2436 2356 2506 2409 ἐν
2534 2357 2783 2424 Χριστῷ,
2832 2360 2931 2412 διὰ
2962 2363 3072 2413 τοῦ
3107 2364 3483 2431 Εὐαγγελίου
3534 2366 3839 2433 ἐγενήθην
3888 2368 4013 2421 διά-

2437 2465 2638 2514 κονος.
2657 2478 2728 2490 -—
2750 2453 3188 2520 Τολμηρότερον
3209 2454 3278 2507 δὲ
3292 2455 3526 2523 ἔγραψα
3550 2457 3708 2524 ὑμῖν,
3730 2459 4008 2527 ἀδελφοὶ,

2434 2540 2553 2594 ἀπὸ
2576 2542 2819 2609 μέρους,
2855 2542 2936 2606 ὠς
2970 2544 3529 2614 ἐπαναμιμνήσκων
3554 2548 3711 2615 ὑμᾶς
3763 2552 3866 2602 διὰ
3898 2551 4013 2618 τὴν

2434 2634 2614 2702 χάριν
2648 2635 2765 2701 τὴν
2790 2634 3076 2691 δοθεῖσάν
3100 2654 3201 2705 μοι
3245 2640 3365 2692 ὑπὸ
3410 2639 3517 2690 τοῦ
3565 2641 3737 2704 Θεοῦ,
3800 2645 3894 2705 εἰς
3945 2642 4010 2695 τύ

2435 2721 2589 2780 εἷναί
2620 2746 2696 2796 με
2722 2728 3078 2798 λειτουργὸν
3112 2728 3309 2795 Ἰησοῦ
3331 2730 3590 2797 Χριστοῦ
3620 2735 3709 2796 εἰς
3734 2734 3805 2785 τὰ
3838 2733 4008 2798 ἔθνη,

2435 2816 2857 2885 ἱερουργοῦντα
2883 2818 2947 2869 τὸ
2981 2818 3352 2887 Εὑαγγέλιον
3390 2818 3495 2871 τοῦ
3526 2818 3677 2872 Θεοῦ
3710 2836 3725 2848 ’
3778 2822 3882 2872 ἵνα
3920 2823 4011 2889 γό-

2436 2923 2608 2973 νηται
2659 2909 2697 2975 ἡ
2740 2911 3057 2977 προσφορὰ
3109 2908 3228 2961 τῶν
3276 2907 3468 2962 ἐθνῶν
3534 2911 4007 2978 εὐπρόσδεκτος,

2433 2996 2772 3067 ἡγιασμένη
2820 2999 2889 3052 ἐν
2936 3001 3235 3067 Πνεύματι
3283 3000 3448 3068 ἁγίῳ.
3502 3000 3611 3053 Καὶ
3678 2997 3837 3054 εἶτα·
3878 3003 4009 3057 Ὅτι

2434 3090 2544 3142 οὐκ
2576 3089 2749 3142 ἐλάϐε
2761 3106 2824 3142 τε
2861 3090 3096 3157 πνεῦμα
3121 3090 3405 3155 δουλείας
3429 3090 3619 3143 πάλιν
3645 3095 3735 3157 εις
3790 3095 4005 3161 φόϐον,

2435 3178 2572 3229 ἀλλ’
2597 3178 2837 3231 ἐλάϐετε
2870 3178 3106 3245 πνεῦμα
3160 3181 3484 3244 υἱοθεσίας,
3507 3179 3576 3230 ἐν
3604 3174 3655 3245 ᾧ
3694 3180 4003 3249 κράζομεν,

2448 3266 2619 3318 Ἀϐὄὰ
2648 3269 2681 3319 ό
2710 3267 2913 3334 Πατήρ
2938 3283 2952 3298 ⁸
2977 3318 2985 3325 ,
3008 3266 3156 3321 αὐτὸ
3208 3268 3278 3319 τὸ
3321 3268 3564 3336 Πνεῦμα
3597 3270 4014 3337 συμμαρτυρεῖ

2434 3353 2514 3418 τῷ
2544 3358 2836 3426 πνεύματι
2860 3356 3027 3425 ἡμῶν
3053 3357 3143 3410 ὅτι
3170 3357 3360 3426 ἐσμὲν
3392 3359 3576 3411 τέκνα
3601 3359 3751 3412 Θεοῦ
3784 3374 3799 3389 '
3854 3362 3909 3414 ει
3937 3359 4008 3414 δὲ

2435 3446 2637 3511 τέκνα,
2682 3448 2778 3500 καὶ
2825 3450 3213 3517 κληρονόμοι,
3258 3451 3621 3517 κληρονόμοι
3662 3450 3783 3517 μὲν
3831 3449 4002 3515 Θεοῦ,

2432 3541 2913 3607 συγκληρονόμοι
2960 3539 3030 3591 δὲ
3086 3538 3371 3607 Χριστοῦ.
3435 3540 3542 3591 Καὶ
3589 3540 3783 3593 ἔπειτα
3820 3558 3834 3572 ·
3877 3542 4005 3594 Ὀτι

2430 3629 2631 3681 οὐκέτι
2686 3626 2743 3683 εἷ
2795 3630 3042 3695 δοῦλος,
3098 3630 3259 3684 ἀλλὰ
3308 3629 3437 3695 υιύς
3478 3631 3576 3682 καὶ
3618 3632 4001 3700 κληρονόμος

2433 3720 2582 3774 Θεοῦ
2628 3720 2725 3774 διὰ
2772 3721 3051 3788 Χριστοῦ.
3088 3717 3185 3785 Οἷς
3229 3724 3522 3793 συνηχήσει
3568 3722 3677 3777 τῶν
3737 3722 4005 3790 θεολόγων

2430 3812 2615 3882 ἕτερος
2666 3813 2837 3880 λέγων
2866 3830 2878 3843 ο
2925 3814 3190 3867 Ἔδωκεν
3228 3813 3436 3878 αὐτοῖς
3475 3814 3771 3876 ἐξουσίαν
3818 3817 4005 3867 τέκνα

2434 3903 2580 3957 Θεοῦ
2624 3904 2924 3973 γενέσθαι,
2972 3905 3097 3969 τοῖς
3132 3905 3538 3957 πιστεύουσιν
3571 3907 3652 3969 εἰς
3703 3905 3768 3956 τὸ
3815 3905 4005 3974 ὄνομα

2430 3993 2636 4045 αὑτοῦ.
2677 3993 2944 4062 Προσθείη
2975 3993 3020 4046 δ’
3042 3993 3108 4046 ἂν
3138 3996 3166 4045 ὁ
3192 3991 3284 4045 τοῦ
3311 3992 3648 4061 Εὐαγγελξου
3678 3992 4000 4061 ἱερουργόςνο

2435 4084 2561 4136 Ὀτι
2595 4083 2764 4153 ὑμεῖς
2788 4083 2929 4136 ἐστε
2954 4082 3129 4151 σῶμα
3158 4083 3417 4150 Χριστοῦ
3468 4083 3569 4135 καὶ
3603 4081 3763 4151 μέλη
3797 4083 3866 4135 ἐκ
3901 4082 4002 4149 μὲ-

2423 4188 2575 4240 ρους
2599 4188 2612 4201 ·
2636 4171 2859 4240 ἔπρεπε
2885 4171 2996 4239 γὰρ
3016 4169 3178 4234 αὐτῷ
3199 4171 3275 4223 δι’
3305 4171 3378 4224 ὃν
3419 4170 3491 4223 τὰ
3527 4170 3747 4233 πάντα,
3800 4175 3898 4224 καὶ
3929 4168 4001 4221 δι’

2432 4260 2505 4319 οὗ
2540 4263 2611 4316 τὰ
2629 4263 2846 4327 πάντα,
2868 4262 3142 4328 πολλοὺς
3170 4261 3342 4327 υἱοὺς
3361 4263 3448 4326 εἰς
3471 4260 3660 4323 δόξαν
3676 4260 4002 4327 ἀγαγόντα,

2433 4354 2540 4406 τὸν
2559 4354 2825 4423 ἀρχηγὸν
2857 4353 2969 4421 τῆς
3000 4354 3301 4421 σωτηρίας
3318 4351 3486 4420 ἡμῶν
3515 4351 3611 4404 διὰ
3636 4351 4006 4419 παθημάτων

2433 4444 2745 4499 τελειῶσαι
2767 4460 2781 4474 °
2816 4444 2848 4497 ὅ
2878 4461 2941 4497 τε
2964 4444 3071 4513 γὰρ
3106 4443 3355 4513 ἁγιάζων
3385 4442 3484 4497 καὶ
3514 4446 3570 4497 οἱ
3600 4441 4001 4510 ἁγιαζόμενοι,

2432 4537 2500 4601 ἐξ
2516 4536 2655 4600 ἐνὸς
2678 4533 2898 4598 πάντες
2924 4551 2938 4563 ⁸
2971 4534 3047 4586 δι’
3077 4533 3158 4600 ἦν
3181 4536 3380 4587 αιτιαν
3406 4536 3519 4587 οὐκ
3564 4533 4001 4600 ἐπαισχύνεται

2431 4625 2732 4694 ἀδελφοὺς
2767 4623 2993 4689 αὐτοὺς
3013 4623 3244 4686 καλεῖν,
3276 4622 3473 4693 λέγων
3497 4636 3513 4654 ο
3558 4621 3894 4691 Ἀπαγγελῶ
3939 4622 4005 4674 τὸ

2432 4717 2621 4786 ὄνομά
2640 4733 2757 4771 σου
2779 4715 2904 4782 τοῖς
2919 4714 3206 4783 ἀδελφοῖς
3226 4732 3367 4783 μου,
3394 4718 3464 4769 ἐν
3479 4714 3648 4783 μέσῳ
3665 4715 4003 4780 ἐκκλησίας

767 4812 903 4861 duas
936 4822 1019 4859 res
1058 4803 1369 4866 immobiles,
1424 4803 1613 4893 quibus
1651 4804 1967 4873 impossibile
2002 4814 2076 4859 est
2122 4806 2329 4860 mentiri
2362 4838 2396 4893 Β

2433 4808 2687 4877 ὑμνήσω
2732 4822 2826 4861 σε.
2877 4806 2990 4861 Καὶ
3016 4808 3182 4860 πάλιν
3205 4823 3219 4838 ο
3262 4804 3387 4869 οὓς
3426 4803 3693 4872 προέγνω
3729 4804 3829 4857 καὶ
3864 4819 4007 4893 προ-

768 4900 957 4960 Ιιειιιιι,
1013 4895 1241 4949 validum
1270 4893 1523 4946 solatium
1566 4892 1850 4948 habeamus
1878 4896 1968 4963 qui
2000 4895 2331 4965 confugimus

2436 4896 2615 4965 cipias
2634 4896 3032 4964 συμμόρφους
3068 4893 3181 4962 τῆς
3219 4895 3452 4959 εικόνος
3477 4893 3584 4946 τοῦ
3622 4893 3756 4946 Υιοῦ
3791 4891 4001 4954 αὐτοῦ,

768 4988 837 5040 nd
884 4991 1157 5039 tenendam
1189 4984 1510 5052 propositam
1551 4997 1695 5050 spem
1726 4983 1793 5037 ⁸⁸.
1827 4983 1894 5037 Ει
1928 4985 2104 5039 adhuc
2136 5000 2151 5037 :
2204 4984 2336 5038 Dico

2434 4990 2519 5055 εις
2541 4988 2608 5040 τὸ
2628 4981 2780 5040 εἶναι
2804 4985 2994 5040 αὐτὸν
3023 4986 3402 5053 πρωτότοκον
3425 4984 3495 5036 ἐν
3533 4982 3788 5048 πολλοῖς
3830 4981 4004 5036 ἁδελ-

766 5081 952 5132 Jesum
1003 5075 1275 5131 Christum
1329 5075 1630 5127 ministrum
1680 5075 1849 5143 fuisse
1916 5075 2337 5143 circumcisionis

2435 5078 2570 5149 φοῖς
2593 5091 2606 5107 ·
2643 5078 2739 5133 καὶ
2776 5079 2872 5130 ἐπὶ
2904 5077 3114 5139 τούτοις
3136 5092 3152 5109 ο
3185 5078 3293 5132 Ἐν
3323 5068 3372 5142 ᾧ
3404 5074 3839 5144 περισσότερον
3856 5074 4005 5138 ,ϐου-

769 5182 986 5243 propter
1013 5172 1280 5226 veritatem
1312 5166 1431 5233 Dei,
1456 5169 1524 5221 ad
1554 5170 1942 5238 conﬁrmandus
1967 5170 2338 5237 promissiones

2434 5171 2688 5238 λόμενος
2724 5170 2757 5222 ό
2783 5167 2928 5233 Θεὸς
2955 5165 3245 5231 ἐπιδεῖξαι
3287 5165 3413 5230 τοῖς
3459 5165 3859 5233 κληρονόμοις
3896 5162 4005 5232 τῆς

773 5278 1024 5330 patrum;
1052 5272 1229 5332 gentes
1256 5270 1431 5315 autem
1464 5276 1620 5329 super
1646 5260 2004 5314 misericordia
2044 5260 2339 5330 gloriﬁcare

2438 5257 2798 5329 ἐπαγγελίας
2854 5258 2921 5312 τὸ
2953 5256 3314 5326 ἀμετάθετον
3337 5254 3450 5323 τῆς
3501 5253 3745 5322 ,ϐουλῆς
3792 5252 4002 5315 αὑτοῦ,

778 5358 963 5416 Deum,
994 5353 1147 5405 sicuti
1173 5352 1419 5419 scriptum
1439 5362 1512 5403 est
1542 5365 1560 5402 :
1599 5348 1879 5417 PrOpterea
1918 5349 2200 5415 conﬁtebor
2244 5350 2337 5402 tibi

2438 5350 2830 5419 ἐμεσίτευσεν
2851 5348 3008 5416 ὅρκῳ
3031 5363 3043 5376 ·
3081 5349 3182 5402 ἵνα
3202 5347 3299 5400 διὰ
3334 5345 3444 5401 δύο
3474 5346 3835 5416 πραγμάτων
3865 5344 4001 5411 das.

776 5447 830 5498 in
869 5442 1129 5513 gentibus,
1180 5440 1421 5501 Domine,
1472 5449 1521 5492 et
1583 5442 1777 5492 nomini
1831 5450 1921 5493 tuo
1971 5440 2370 5506 psallam"‘.Et

2441 5441 2717 5505 satisan",
2741 5440 2811 5493 ἐν
2828 5434 2919 5506 οἷς
2942 5439 3243 5495 ἀδύνατον
3270 5439 3614 5507 ψεύσασθαι
3639 5437 3805 5500 Θεὸν,
3835 5438 4007 5503 ισχυ-

847 5651 893 5686 ⁸⁸
935 5649 1102 5703 lielir.
1135 5662 1233 5707 xu,
1266 5643 1357 5697 9.8.
1435 5643 1477 5674 "
1518 5642 1727 5697 Coloss.
1762 5658 1801 5697 ι.
1840 5641 1927 5705 12,
1967 5644 2047 5695 l5.

784 5720 965 5772 lii-l7.
1067 5718 1110 5749 ‘°
1150 5717 1325 5770 Gulut.
1371 5727 1442 5773 IV,
1474 5712 1527 5764 7.
1633 5715 1673 5742 “
1718 5712 1871 5767 Junii.
1919 5727 1956 5776 ι,
2000 5714 2078 5765 l2.

780 5792 823 5821 "‘
865 5792 1022 5844 Πνὶη.
1061 5804 1132 5851 γι,
1165 5785 1242 5841 Π.
1277 5787 1342 5819 ⁶³⁶
1366 5784 1519 5837 “um.
1552 5799 1637 5856 xv,
1672 5792 1724 5846 9,

2139 5643 2180 5674 ⁸⁷
2225 5642 2419 5708 Eplics.
2459 5661 2537 5701 ιιι.
2572 5637 2762 5705 5.6.7.
2813 5642 2859 5674 "
2899 5643 3052 5697 Rotn.
3110 5658 3199 5701 xv.
3246 5642 3329 5703 15,
3400 5642 3482 5695 16.

2196 5712 2238 5743 ⁶¹
2273 5711 2439 5765 lCur.
2473 5730 2568 5774 Ml,
2605 5713 2691 5769 27.

3593 5643 3637 5679 ³*
3677 5639 3835 5695 Rom.
3882 5653 4005 5705 rm,

2802 5715 2846 5747 "
2894 5714 3054 5767 llebr.
3092 5728 3147 5771 ιι.
3192 5710 3377 5765 lli-l2.
3489 5713 3532 5740 ⁸⁸
3571 5709 3728 5763 Rom.
3762 5721 3877 5771 rm,
3911 5706 4004 5763 29.
