4198 6442
227 411 338 477 633

1068 400 1631 463 APOLOGETICUS
1670 398 1819 458 PRO
1858 398 2124 457 SACRIS
2164 396 2641 458 IMAGINIBUS.

3387 393 3489 458 694

225 538 348 576 σου
372 520 644 590 μόσχους
675 555 689 580 ,
728 513 868 569 οὐδὲ
895 511 962 566 ἐκ
992 511 1108 564 τῶν
1143 510 1434 579 ποιμνίων
1473 523 1590 562 σου
1639 505 1805 577 χιμά-

1918 505 2145 559 lmmola
2198 506 2304 561 Deo
2336 507 2659 576 sacriﬁcium
2699 507 2900 569 laudis,
2942 518 2990 560 et
3026 506 3184 560 redde
3216 506 3489 564 Altissimo

217 633 394 684 ρους.
421 613 529 665 Καί
555 629 568 641 ·
606 610 672 663 El
701 608 1033 676 ἠθέλησας.
1062 605 1285 659 θυσίαν
1315 601 1509 654 ἔδωκα
1542 600 1640 667 ἂν,
1676 602 1807 652 (5.10-

226 703 586 773 καυτὼματα
619 703 727 755 οὐκ
771 696 1149 763 ε-ὺδοκήσεις.
1182 695 1294 757 Τὰς
1334 691 1717 762 πνευματικὰς
1751 689 1809 742 δὲ

225 799 538 867 εἰσηγεῖται
573 792 765 855 θυσίας
795 835 810 857 ,
859 790 1061 844 Θῦσον
1112 786 1193 853 τῷ
1239 784 1360 851 Θεῷ
1393 784 1617 840 θυσίαν
1646 781 1807 835 alre-

226 905 406 953 σεως.
440 884 798 956 παρεγγυῶν,
819 882 913 935 καὶ
940 879 1173 945 ἀπόδος
1188 878 1269 943 τῷ
1301 877 1562 949 Ύψίστῳ
1592 874 1696 939 τὰς
1717 875 1812 926 εὑ-

229 982 344 1051 κάς
375 996 511 1034 σου.
559 976 948 1046 Ἐκδηλότερον
978 974 1034 1026 δὲ
1076 971 1239 1023 τοῦτο
1267 972 1300 1039 ἡ
1349 966 1620 1036 ἐπαγωγὴ
1668 982 1812 1034 παρ-

1909 611 2029 651 rota
2064 610 2155 650 tua
2202 598 2269 651 ⁷⁸.
2326 597 2666 652 Manifestius
2700 612 2828 652 vero
2871 598 2973 653 hoc
3025 597 3241 653 sistitur
3290 598 3343 652 in
3392 614 3491 653 sc-

1909 690 2221 758 qnentibus.
2265 688 2402 742 Dum
2456 691 2599 743 enim
2653 691 2762 754 ait,
2796 691 2995 744 cunctis
3029 690 3271 761 gentibus
3296 729 3311 755 ,
3345 691 3492 745 haud

1912 783 2194 851 partialem
2218 782 2365 839 illam
2390 793 2445 837 et
2470 785 2689 851 regione
2715 787 2947 855 quadam
2974 784 3250 839 deﬁnitam
3276 782 3491 840 Israeli-

1914 884 2088 928 tarum
2134 890 2489 946 synagogam,
2518 876 2613 930 sed
2649 876 2972 930 catholicam
3003 883 3057 929 et
3079 876 3228 931 omni
3262 891 3492 931 numero

1914 965 2173 1033 majorem
2214 966 2298 1019 his
2329 967 2508 1020 verbis
2543 964 2798 1033 designat
2835 966 3163 1020 Ecclesium.

226 1077 487 1148 εστησιν’
548 1073 721 1127 εἰπὼν
785 1072 894 1140 γὰρ
935 1067 1087 1125 πᾶσι
1130 1066 1255 1131 τοῖς
1278 1064 1562 1127 ἔθνεσιν,
1616 1061 1678 1113 οῦ
1726 1062 1824 1128 τὴν
1876 1060 2110 1131 μερικὴν
2165 1062 2261 1114 καὶ
2310 1063 2368 1113 ὲν
2414 1053 2595 1133 χώρῳ
2646 1061 3070 1133 καθωρισμένην
3111 1065 3220 1117 ’τινῖ⁵
3273 1063 3380 1116 τῶν
3434 1063 3492 1126 ἐξ

235 1168 457 1240 Ἰσραὴλ
495 1161 1017 1236 συγκεκροτημένην
1061 1156 1406 1227 συναγωγὴν,
1447 1157 1547 1225 τὴν
1591 1152 1886 1221 καθολικὴν
1908 1150 1964 1205 δὲ
1999 1153 2091 1204 καὶ
2124 1154 2360 1223 ἀριθμοῦ
2397 1154 2725 1223 ὑπερέκεινα
2764 1154 2851 1207 διὰ
2876 1155 3083 1209 τούτων
3110 1158 3490 1228 κατεσήμηνεν

226 1259 585 1330 Ἐκκλησίαν.

302 1353 427 1403 Ὀτι
455 1349 512 1402 δὲ
538 1349 593 1401 αἱ
622 1347 752 1419 περὶ
780 1346 871 1399 τὸν
903 1340 1131 1414 βασιλέα
1162 1340 1271 1392 τῶν
1296 1337 1467 1391 ἐθνῶν
1494 1333 1810 1402 συναγωγαὶ

223 1442 482 1515 καθαρῶς
508 1440 588 1510 τῷ
604 1438 832 1508 καθαρῷ
857 1430 1275 1506 προσομιλοῦσι,
1301 1429 1403 1483 καὶ
1427 1431 1460 1498 ἡ
1482 1428 1596 1490 ὁδὸς
1628 1426 1810 1479 αὐτῶν

222 1535 447 1605 καθαρά
492 1534 588 1600 (οῦ
633 1529 744 1601 γὰρ
790 1529 855 1600 δὴ
892 1528 1168 1598 μιάσμασι
1205 1523 1300 1577 καὶ
1337 1521 1647 1592 μολύσμασι
1700 1518 1809 1571 τῶν

223 1625 526 1681 εἰδωλικῶν
574 1622 780 1676 θυσιῶν
830 1618 1354 1690 καταχραῐνονται),
1405 1614 1695 1683 προσέχειν
1723 1611 1805 1664 δεῖ

223 1723 257 1774 ὃ
296 1737 349 1771 τι
386 1720 480 1771 καὶ
530 1715 677 1783 λέγει
707 1728 721 1742 ’
754 1714 837 1766 Οὐ
864 1712 951 1780 μὴ
982 1709 1254 1778 παρέλθῃ
1291 1704 1422 1759 ἐκεῖ
1448 1705 1806 1773 ἀκάθαρτος,

1981 1333 2135 1401 Quod
2169 1347 2347 1389 autem
2389 1334 2528 1404 regis
2576 1331 2812 1403 gentium
2881 1337 3328 1404 congregationes
3359 1356 3491 1406 pure

1911 1445 2045 1496 puro
2080 1430 2414 1494 adharreant,
2454 1429 2648 1497 viaqne
2698 1430 2909 1483 illarum
2938 1445 3074 1499 pura
3106 1432 3202 1495 sit,
3244 1434 3490 1502 quando~

1911 1520 2126 1586 quidem
2175 1519 2319 1572 nulla
2356 1530 2508 1588 peste
2540 1530 2631 1573 aut
2669 1520 2877 1573 macula
2915 1521 3235 1576 idolicorum
3274 1524 3486 1578 sacrili-

1908 1610 2115 1662 ciorum
2168 1608 2464 1673 laedantur,
2500 1610 2935 1663 animadvertere
2967 1617 3182 1678 oportet
3213 1612 3338 1663 dum
3367 1612 3442 1664 ait
3473 1631 3484 1664 :

1918 1700 2042 1755 Non
2072 1702 2320 1755 transibit
2354 1703 2480 1754 illuc
2512 1704 2772 1770 impurus,
2814 1719 2975 1771 neque
3010 1704 3109 1756 erit
3147 1704 3220 1755 ibi
3251 1705 3488 1772 impuro-

224 1810 374 1865 οὐδὲ
396 1811 567 1864 ἔσται
601 1805 729 1861 ἐκεῖ
757 1804 899 1870 ὁδὸς
919 1802 1269 1869 ἀκαθάρτων
1296 1816 1308 1829 ·
1340 1801 1393 1852 οἱ
1424 1797 1490 1849 δὲ
1524 1796 1805 1862 διεσπαρ-

1915 1813 2026 1849 rum
2052 1796 2281 1858 semita;
2321 1793 2545 1863 dispersi
2573 1804 2744 1848 autem
2769 1796 2917 1847 ibunt
2944 1811 3037 1864 per
3062 1795 3211 1848 illam
3240 1796 3309 1849 ⁷³.
3343 1795 3487 1850 Tan-

218 1904 396 1972 μένοι
434 1900 838 1968 πορεύσονται
894 1896 988 1948 ἐπ’
1042 1892 1255 1959 αὐτῆς.
1315 1888 1474 1942 Οῦτω
1518 1889 1575 1941 δὲ
1637 1886 1808 1957 αὐτὴν

222 1991 567 2062 κεκαθάρθαι
607 1991 701 2043 καὶ
732 1987 997 2058 ήγιάσθαι
1046 1986 1075 2037 ὁ
1110 1984 1220 2036 τῶν
1268 1981 1437 2036 ἐθνῶν
1489 1981 1666 2053 κῆρυξ
1705 1982 1809 2033 ἀπ-

225 2085 593 2155 ισχυρίζεται,
620 2082 694 2144 ὡς
719 2081 814 2134 καὶ
832 2080 959 2133 ναὸν
981 2078 1119 2132 Θεοῦ
1148 2078 1241 2131 καὶ
1268 2072 1420 2129 οἷκον
1447 2074 1810 2146 χρηματίζειν

222 2175 367 2229 Θεοῦ
392 2216 406 2239 ,
439 2176 535 2227 καὶ
562 2174 623 2225 τὸ
656 2170 879 2241 Πνεῦμα
915 2168 1081 2222 αὐτοῦ
1110 2169 1283 2221 οἰκεῖν
1329 2168 1385 2219 ἐν
1414 2168 1601 2228 αὐτοῖς
1628 2183 1641 2199 ο
1676 2165 1809 2235 φησὶ

222 2269 382 2338 γοῦν
408 2268 606 2331 Οὕτως
630 2270 662 2319 o'
686 2264 942 2332 Χριστὸς
966 2260 1247 2331 ἠγάπησε
1265 2259 1378 2327 τὴν
1414 2258 1805 2326 Ἐκκλησίαν,

221 2361 327 2415 καὶ
354 2359 572 2412 ἑαυτὸν
594 2358 818 2409 ἔδωκεν
838 2353 989 2421 ὑπὲρ
1011 2352 1223 2421 αὐτῆς,
1248 2354 1350 2405 ἵνα
1368 2351 1564 2418 αὐτὴν
1586 2351 1807 2421 ἁγιάσῃ

224 2454 559 2520 καθαρίσας
578 2451 657 2515 τῷ
684 2448 919 2516 λουτρῷ
946 2447 1053 2500 τοῦ
1077 2446 1295 2509 ὕδατος
1321 2445 1390 2497 ἐν
1413 2444 1631 2513 ῥήματι
1657 2486 1672 2508 ,
1707 2445 1806 2497 καὶ

223 2547 330 2600 ἵνα
359 2542 724 2612 παραστήσῃ
755 2540 950 2609 αὐτὴν
987 2536 1179 2603 ἐαυτῷ
1218 2536 1494 2600 ἔνδοξον,
1516 2536 1602 2605 μὴ
1634 2539 1807 2605 ἔχου-

221 2649 353 2687 σαν
385 2633 632 2696 σπῖλον,
669 2632 707 2699 ἣ
732 2630 970 2698 ῥυτίδα,
1016 2629 1053 2697 ἢ
1080 2646 1131 2680 τι
1156 2628 1274 2681 τῶν
1317 2629 1620 2689 τοιούτων,
1668 2627 1807 2679 ἀλλ’

222 2726 329 2779 ἳνα
355 2720 396 2795 ᾖ
418 2724 558 2793 ἁγία
581 2722 677 2776 καὶ
708 2722 969 2791 ἄμωμος.
1006 2722 1115 2773 Καὶ
1151 2718 1381 2788 ἑτέρωθι
1402 2736 1415 2747 ’
1443 2719 1551 2772 Καὶ
1584 2718 1809 2773 ἔδωκεν

222 2817 452 2871 ἑαυτὸν
498 2816 646 2883 ὑπὲρ
694 2812 884 2883 ἡμῶν,
925 2815 1027 2867 ἵνα
1057 2813 1435 2880 λυτρώσηται
1482 2809 1640 2878 ἡμᾶς
1686 2811 1808 2864 άπὸ

222 2908 435 2975 πάσης
462 2910 711 2975 ἀνομίας
736 2947 751 2971 ,
798 2907 896 2960 καὶ
931 2906 1228 2973 κανέιρίσῃ
1276 2902 1469 2967 ἑαυτῷ
1508 2904 1664 2957 λαὸν
1705 2921 1809 2956 πε-

216 3000 501 3067 ριούσιον
532 2995 803 3062 ζηλωτὴν
830 2996 1035 3049 καλῶν
1066 2995 1275 3063 ἔργων.
1307 2994 1416 3045 Καί
1446 3011 1459 3024 ο
1482 2993 1545 3045 '0
1571 2992 1807 3061 ἐγείρας

223 3091 336 3144 τὸν
372 3089 631 3158 Χριστὸν
649 3090 715 3142 ἐκ
731 3087 983 3157 νεκρῶν,
1018 3086 1368 3147 ζωοποιήσει
1400 3086 1498 3137 καὶ
1524 3086 1593 3138 τὰ
1620 3089 1806 3151 θνητὰ

222 3184 477 3251 σώματα
507 3182 690 3251 ὑμῶν,
716 3181 815 3233 διὰ
837 3180 940 3233 τοῦ
959 3178 1342 3244 ἐνοικοῦντος
1367 3179 1438 3230 ἐν
1458 3178 1599 3246 ὑμῖν
1629 3181 1804 3230 (Iret)-

218 3292 432 3344 ματος.
475 3272 580 3326 Καί
608 3291 622 3305 ο
653 3271 878 3337 Μωσῆς
904 3271 1022 3339 μὲν
1049 3270 1265 3336 πιστὸς
1291 3272 1361 3323 ἐν
1380 3270 1499 3334 ὅλῳ
1532 3269 1612 3335 τῷ
1663 3270 1809 3334 οἴκτῳ

221 3367 415 3421 αὐτοῦ
445 3367 523 3431 ὡς
552 3367 825 3433 θεράπων
846 3367 932 3429 εὶς
954 3365 1284 3431 μαρτύριον
1309 3362 1427 3416 τῶν
1463 3366 1808 3430 λαληθησο-

218 3456 428 3527 μένων
454 3473 467 3485 ·
492 3455 742 3524 Χριστὸς
769 3454 839 3506 δὲ
870 3455 950 3519 ὡς
975 3452 1103 3518 υίὸς
1135 3454 1231 3505 ἐπὶ
1266 3451 1371 3504 τὸν
1402 3448 1572 3505 οἷκον
1595 3453 1803 3514 αὑτοῦ,

223 3544 300 3604 οὗ
336 3544 504 3613 οἶκός
534 3548 722 3615 ἐσμεν
755 3544 947 3614 ἡμεῖς.
983 3545 1093 3597 Καὶ
1120 3544 1405 3611 ἀλλαχόθι*
1454 3546 1573 3597 Οῦλι
1604 3544 1804 3597 οἴδατε

224 3638 317 3691 ὅτι
347 3639 486 3703 ναὸς
537 3637 685 3690 Θεοῦ
715 3638 874 3698 ἐστε,
912 3635 1011 3689 καὶ
1037 3635 1101 3688 τὸ
1132 3636 1371 3704 Πνεῦμα
1405 3638 1510 3689 τοῦ
1541 3636 1690 3688 Θεοῦ
1720 3640 1803 3690 οἱ·

225 3729 329 3782 κεῖ
350 3730 420 3781 ὲν
458 3728 601 3796 ὑμῖν
622 3747 638 3792 ;
662 3729 734 3782 Εἴ
762 3746 851 3792 τις
898 3728 1007 3782 τὸν
1037 3729 1190 3781 ναὸν
1224 3729 1330 3781 τοῦ
1368 3729 1515 3782 Θεοῦ
1547 3731 1802 3798 φθείρει,

222 3824 439 3891 φθείρῃ
462 3823 679 3875 τοῦτον
701 3825 733 3874 ό
762 3821 905 3886 Θεός
927 3838 940 3851 ·
966 3824 998 3874 ὁ
1022 3823 1129 3890 γὰρ
1155 3821 1300 3888 ναὸς
1327 3822 1434 3875 τοῦ
1461 3822 1607 3874 Θεοῦ
1641 3823 1807 3890 ἅγιός

223 3916 424 3979 ἐστιν,
450 3915 671 3980 οἵτινές
698 3916 837 3968 ἐστε
885 3914 1077 3981 ὑμεῖς.
1104 3915 1214 3967 Καὶ
1248 3916 1437 3969 πάλιν
1478 3918 1553 3969 ’Ἠ
1579 3918 1689 3968 οὐκ
1719 3915 1806 3969 οτ-

222 4006 372 4058 δατε
400 4006 488 4058 ὅτι
522 4008 591 4060 τὰ
617 4005 860 4072 σώματα
886 4005 1053 4073 ὑμῶν
1071 4005 1217 4071 ναὸς
1246 4006 1349 4059 τοῦ
1370 4006 1437 4058 ἐν
1459 4005 1600 4075 ὑμῖν
1632 4006 1806 4076 ἁγίου

222 4099 580 4165 Πνεύματός
620 4098 831 4161 ἐστιν;
863 4094 933 4152 οὗ
982 4098 1151 4164 ἔχετε
1196 4098 1315 4150 ἀπὸ
1348 4098 1527 4161 Θεοῦ,
1567 4099 1663 4150 καὶ
1693 4101 1804 4151 οὐκ

221 4186 372 4238 ἐστὲ
397 4187 668 4239 ἑαυτῶν-ν’
706 4188 1081 4255 ἠγοράσθητε
1114 4188 1224 4254 γὰρ
1252 4185 1427 4255 τιμῆς
1449 4204 1462 4217 ο
1506 4186 1805 4250 δοξάσατε

221 4276 305 4345 δὴ
338 4284 442 4330 τόν
473 4279 621 4330 Θεὸν
650 4278 719 4330 ἐν
765 4278 844 4343 τῷ
873 4277 1101 4347 σώματι
1129 4278 1226 4330 καὶ
1268 4278 1338 4330 ὲν
1375 4277 1455 4342 τῷ
1511 4280 1803 4347 πνεύματι

222 4368 418 4437 ὑμῶν,
478 4370 653 4423 ἅτινά
729 4371 863 4423 ἐστι
932 4370 1037 4423 τοῦ
1087 4370 1257 4423 Θεοῦ.
1306 4371 1541 4439 Φανερὸν
1591 4369 1682 4425 οῦν
1737 4374 1801 4425 ὲκ

1913 1899 2099 1957 topere
2128 1895 2305 1941 autem
2343 1888 2512 1956 ipsam
2552 1902 2673 1941 esse
2726 1888 3065 1956 purilicatam
3098 1896 3153 1941 et
3181 1888 3488 1941 sanctifica-

1914 1994 2021 2039 tam
2059 1983 2301 2054 gentium
2334 1996 2510 2051 prmco
2533 1982 2788 2045 allii-mat,
2825 1991 2883 2034 ut
2920 1980 3090 2050 ipsam
3123 1988 3176 2034 et
3226 1981 3481 2049 templum

1910 2076 2004 2130 Dei
2050 2090 2171 2129 esse
2198 2083 2254 2128 et
2300 2073 2516 2127 domum
2558 2073 2675 2136 Dei,
2723 2070 2987 2141 hujusque
3040 2071 3300 2140 Spirilum
3336 2073 3390 2127 in
3424 2088 3486 2125 ea

1910 2168 2156 2223 habitare
2181 2166 2345 2221 dicat.
2383 2165 2469 2219 Ita
2504 2165 2741 2219 Christus
2773 2166 2955 2219 dilexit
2992 2165 3309 2231 Ecclesium,
3337 2183 3490 2234 seque

1909 2277 2004 2331 pro
2033 2260 2127 2313 illa
2171 2259 2413 2323 tradidit,
2448 2268 2502 2310 ut
2539 2275 2653 2311 eum
2693 2257 3073 2324 sancti/itaret,
3112 2260 3378 2311 inundans
3405 2259 3488 2311 la-

1910 2372 2063 2411 vacro
2092 2371 2241 2424 aquw
2275 2355 2330 2406 in
2362 2354 2534 2417 rerbo,
2572 2362 2627 2405 ut
2652 2353 2915 2405 exhiberet
2948 2353 3111 2419 ipsam
3138 2352 3238 2404 sibi
3284 2353 3487 2423 glorio-

1910 2465 2045 2513 sam,
2090 2464 2191 2500 non
2238 2446 2508 2500 habentem
2564 2445 2829 2499 maculam
2880 2462 3044 2513 neque
3088 2462 3292 2514 rugam,
3327 2464 3489 2517 neque

1910 2539 2111 2609 aliquid
2136 2537 2457 2607 hujusmodi,
2480 2539 2570 2590 sed
2596 2549 2648 2590 ut
2678 2539 2747 2590 sit
2772 2548 2957 2590 sancta
2982 2549 3027 2590 et
3046 2538 3391 2591 immaculata
3417 2538 3485 2590 “‘.

1912 2633 1980 2687 Et
2020 2632 2196 2686 alibi:
2248 2630 2317 2683 Et
2360 2631 2504 2683 dedit
2534 2634 2873 2699 semetipsum
2919 2646 3013 2698 pro
3064 2631 3237 2695 nobis,
3288 2642 3343 2685 ut
3395 2649 3487 2684 nos

1912 2724 2183 2777 redimeret
2221 2723 2286 2775 ab
2322 2723 2466 2776 omni
2510 2723 2814 2792 iniquitate,
2848 2732 2896 2775 et
2931 2728 3241 2776 emundaret
3274 2725 3373 2777 sibi
3396 2740 3489 2790 po-

1908 2815 2091 2884 pulum
2142 2815 2483 2883 peculiarem,
2524 2823 2839 2865 sectatorem
2885 2815 3137 2866 bonorum
3167 2830 3380 2883 operum
3416 2815 3483 2867 ⁸¹.

1910 2906 1974 2962 Et
2004 2926 2017 2961 :
2051 2907 2153 2972 Qui
2200 2906 2474 2959 suscitavit
2531 2904 2798 2958 Christum
2843 2922 2874 2958 a
2907 2907 3153 2969 mortuis,
3201 2906 3486 2973 viviﬁcabit

1907 2999 2067 3052 etiam
2108 2995 2354 3049 mortalia
2400 3012 2621 3061 corpora
2666 3007 2837 3049 restra
2883 3012 2976 3065 per
3013 2996 3398 3050 inhabitantem
3433 2999 3486 3048 in

1910 3090 2050 3144 robis
2087 3088 2348 3158 Spiritum
2383 3088 2449 3140 ⁸³.
2484 3086 2547 3139 El
2574 3105 2585 3139 :
2614 3086 2821 3156 Moyses
2844 3088 3053 3155 quidem
3088 3087 3258 3155 [idelis
3296 3101 3407 3139 erat
3431 3088 3483 3139 iu

1908 3190 2019 3234 tota
2073 3178 2230 3233 domo
2279 3178 2395 3247 ejus
2446 3190 2695 3245 tanquam
2747 3178 2983 3246 famulus
3024 3178 3078 3230 in
3129 3178 3482 3230 testimonium

1907 3288 2088 3325 eorum
2120 3286 2238 3339 qua:
2270 3269 2491 3322 dicenda
2544 3280 2695 3322 erant
2733 3284 2751 3321 :
2786 3268 3028 3323 Christus
3078 3286 3194 3322 vero
3235 3279 3483 3336 tanquam

1906 3363 2047 3433 ﬁlius
2082 3363 2135 3414 in
2176 3361 2333 3414 domo
2378 3361 2526 3428 ejus,
2556 3376 2676 3429 qua:
2723 3360 2911 3413 domus
2962 3375 3142 3413 sumus
3185 3377 3277 3413 nos
3308 3359 3375 3414 ⁸³.
3418 3361 3485 3413 Et

1909 3454 2034 3510 alibi
2071 3472 2083 3508 :
2121 3454 2352 3507 Nescitis
2387 3454 2526 3521 quod
2568 3452 2818 3518 templum
2858 3453 2957 3506 Dei
2996 3454 3146 3518 estis,
3181 3464 3228 3507 et
3256 3452 3483 3521 Spiritus

1913 3550 2005 3603 Dei
2038 3550 2243 3601 habitat
2279 3550 2331 3600 in
2364 3548 2552 3601 vobis?
2577 3546 2633 3599 Si
2666 3546 2782 3617 quis
2829 3546 3078 3614 templum
3119 3545 3215 3598 Dei
3252 3544 3477 3598 violave-

1908 3644 2000 3706 rit,
2038 3640 2298 3710 disperdat
2352 3640 2502 3692 illum
2543 3640 2701 3692 Deus.
2738 3638 2876 3691 Nam
2914 3639 3013 3692 Dei
3046 3638 3298 3707 templum
3329 3655 3482 3691 saur-

1907 3742 2016 3784 tum
2062 3738 2176 3795 est,
2233 3732 2371 3799 quod
2424 3730 2547 3781 estis
2589 3744 2676 3781 vos
2720 3727 2787 3780 3‘.
2840 3726 2908 3781 Et
2963 3727 3159 3781 iterum
3197 3744 3210 3779 :
3251 3725 3481 3779 Nescitis

1904 3823 2153 3886 quoniam
2198 3836 2418 3887 corpora
2458 3828 2628 3872 restra
2664 3819 2912 3887 templum
2940 3826 3063 3871 sunt
3114 3818 3230 3886 ejus
3278 3818 3368 3886 qui
3427 3819 3481 3870 in

1907 3912 2046 3966 vobis
2069 3923 2144 3966 est
2178 3912 2347 3966 sancti
2374 3909 2633 3979 Spiritus,
2664 3911 2803 3979 quod
2831 3927 2863 3962 tt
2895 3909 3003 3962 Deo
3032 3908 3259 3973 habetis,
3297 3919 3345 3961 et
3379 3924 3479 3959 non

1907 4004 2029 4058 estis
2057 4002 2242 4069 vestri,'
2266 4005 2391 4073 quia
2417 4003 2586 4070 pretio
2615 4002 2909 4062 redempti?
2952 4000 3262 4068 Clori/icate
3302 4001 3482 4066 utique

1907 4092 2075 4146 Deum
2102 4094 2156 4145 in
2182 4109 2400 4161 corpore
2437 4103 2608 4147 uestro
2632 4100 2681 4147 et
2705 4093 2757 4146 in
2791 4092 2975 4159 spiritu
3006 4102 3196 4155 vestro,
3220 4106 3337 4161 qua:
3358 4100 3479 4141 sunt

1909 4185 2004 4239 Dei
2034 4185 2103 4238 ⁸⁸.
2140 4184 2493 4253 Exploratum
2538 4185 2725 4251 itaque
2753 4197 2819 4237 ex
2850 4183 2934 4236 his
2969 4184 3224 4237 omnibus
3252 4192 3356 4248 est,
3387 4197 3480 4236 eus

1906 4280 1998 4349 qui
2030 4279 2248 4333 Christo
2282 4277 2657 4342 crediderunt,
2709 4275 3082 4345 Spiritumque
3108 4277 3295 4345 gratia:
3329 4291 3479 4330 recc-

1909 4378 2107 4440 perunt
2134 4385 2228 4438 per
2258 4369 2423 4423 divini
2462 4368 2666 4421 lavacri
2702 4369 3191 4437 regenerationem,
3223 4366 3478 4434 templum

222 4459 437 4511 τούτων
469 4460 689 4512 πάντων
720 4461 801 4511 ὅτι
831 4462 883 4511 οἱ
931 4463 1011 4523 εἰς
1059 4461 1298 4530 Χριστὸν
1338 4464 1796 4527 πεπιστευκότες,

1914 4461 2005 4515 Dei
2039 4471 2093 4515 et
2125 4474 2265 4526 esse,
2297 4470 2352 4512 et
2381 4459 2454 4512 ita
2483 4456 2743 4526 appellari
2777 4456 2972 4525 dignos
3010 4474 3023 4510 :
3054 4464 3481 4524 consequenter-

222 4553 321 4605 καὶ
350 4551 409 4603 τὸ
443 4551 667 4621 Πνεῦμα
693 4552 975 4623 δεξάμενοι
1001 4554 1062 4605 τὸ
1085 4554 1183 4621 τῆς
1213 4555 1437 4625 χάριτος
1462 4554 1549 4607 διὰ
1576 4555 1677 4624 τῆς
1706 4557 1801 4609 τοῦ

222 4642 377 4695 θείου
412 4643 641 4713 λουτροῦ
676 4644 1018 4713 καθάρσεως,
1056 4644 1184 4707 ναὸς
1218 4643 1356 4697 Θεοῦ
1389 4646 1483 4697 καὶ
1512 4638 1653 4697 εἶναι
1690 4648 1786 4699 καὶ

222 4734 482 4803 λέγεσθαι
506 4734 768 4802 ἠξίωνται
784 4751 796 4763 ·
820 4735 960 4789 ὥστε
983 4738 1050 4787 ἐκ
1072 4735 1167 4788 τοῦ
1190 4736 1510 4799 ἀκολούθου,
1525 4738 1576 4788 οἱ
1599 4737 1803 4807 κατάρ-

224 4825 418 4891 ξαντες
454 4823 630 4893 λέγειν
654 4825 894 4890 εἰδώλοις
928 4826 1307 4895 προσκεῖσθαι,
1345 4826 1472 4889 ναὸς
1503 4826 1800 4896 δαιμονίων

223 4918 529 4987 πεφήναοιν
566 4932 580 4946 ⁸
612 4920 661 4970 εἱ
688 4917 746 4970 δὲ
770 4920 869 4971 οὐκ
914 4919 1030 4972 ἔστι
1065 4919 1321 4972 κοινωνία
1352 4919 1466 4990 ναῷ
1494 4920 1630 4974 Θεοῦ
1660 4922 1801 4991 μετά

222 5006 484 5071 εἰδώλων,
513 5006 673 5077 δῆλον
704 5006 780 5070 ὡς
813 5008 860 5059 οἱ
892 5007 985 5059 νῦν
1024 5007 1125 5077 τῆς
1158 5006 1445 5070 ἀπειθείας
1473 5009 1603 5075 υἱοὶ,
1635 5009 1695 5060 ὲν
1718 5002 1802 5070 οἷς

219 5099 286 5152 τὸ
311 5099 532 5167 πνεῦμα
561 5098 623 5151 τὸ
654 5101 898 5153 ἐναντίον
930 5102 1165 5170 ἐνεργεῖ,
1218 5101 1318 5169 τῆς
1344 5098 1607 5164 ἀληθείας
1664 5103 1799 5154 καθο

224 5191 545 5257 υλακτοῦσι,
568 5191 646 5262 τῷ
672 5194 813 5263 ἁγίῳ
840 5192 1225 5263 ἁνθιστάμενοι
1268 5192 1570 5263 Πνεῦματι,
1608 5194 1801 5247 εἴδωλα

222 5282 527 5350 φάσκοντες
557 5282 924 5352 Χριστιανοὺς
976 5282 1310 5353 σεόασθῆναι
1339 5326 1353 5350 ,
1402 5284 1497 5335 καὶ
1530 5284 1620 5336 τὸν
1671 5285 1797 5338 ναὸν

220 5370 523 5442 δαιμονίων
555 5372 891 5442 γεγενῆσθαι
937 5375 1319 5444 τολμήσαντες
1357 5375 1754 5442 ἀποφαίνεσθαι
1782 5392 1792 5404 ·

214 5457 306 5526 οἷς
340 5466 421 5525 εἰς
450 5462 670 5532 ἔλεγχον
700 5463 769 5517 τά
813 5464 935 5533 ἱερὰ
964 5465 1282 5535 πρόκεινται
1327 5466 1530 5533 Λόγισι,
1564 5466 1799 5535 φοϐερὰν

222 5554 411 5607 αὐτῶν
450 5555 550 5626 τὴν
584 5555 742 5625 δίκην
800 5556 954 5628 παρά
1005 5556 1147 5609 Θεοῦ
1200 5555 1589 5626 καθορίςοντα·
1655 5558 1797 5612 οὕτω

300 5753 348 5781 ⁷⁸
392 5752 532 5806 I’sal.
568 5771 715 5817 XLIV,
750 5755 833 5807 Η.
912 5756 956 5784 ⁷³
998 5756 1099 5810 Isa.
1152 5773 1310 5808 nu.
1350 5758 1400 5809 8.

244 5837 327 5887 III,
358 5823 410 5883 5.
486 5824 531 5855 ⁸⁵
568 5825 585 5878 Ι
619 5826 744 5880 Cor.
791 5840 871 5889 Ill,
905 5825 969 5878 Hi
1066 5827 1109 5855 ⁸²’
1156 5828 1171 5878 ί
1210 5829 1336 5879 (λιιι.
1367 5845 1436 5882 \t.
1471 5829 1656 5888 i“,'20.

1482 5757 1526 5788 ¹¹⁰
1568 5757 1764 5813 Ενῖιυδ.
1789 5775 1840 5827 v,
1865 5762 1950 5811 ‘33.
1986 5760 2075 5812 ΞΗ.

1907 4568 2013 4622 que
2048 4552 2167 4605 illos
2216 4551 2307 4619 qui
2354 4551 2449 4602 bos
2489 4548 2809 4602 iulololatras
2857 4548 3038 4602 dicere
3078 4546 3476 4605 instituerunt,

1906 4646 2206 4700 daemonum
2259 4657 2380 4696 esse
2436 4641 2631 4708 templa
2683 4650 2926 4710 apparet.
2990 4638 3142 4706 Quod
3173 4640 3217 4692 si
3258 4654 3365 4692 non
3396 4649 3477 4691 est

1904 4737 2215 4792 communio
2238 4734 2333 4789 Dei
2362 4751 2485 4789 cum
2516 4735 2696 4799 idolis,
2726 4742 2941 4788 constat
2971 4732 3264 4786 hodiernus
3295 4733 3478 4787 inobo-

1904 4830 2124 4884 dientia:
2156 4829 2317 4892 lilios,
2350 4830 2401 4881 in
2438 4830 2641 4897 quibus
2689 4828 2999 4882 contrarius
3032 4824 3258 4894 spiritus
3282 4840 3473 4892 opera-

1906 4931 2016 4987 tur,
2056 4921 2337 4974 veritatem
2363 4919 2621 4973 allatrare
2656 4930 2851 4975 sancto
2880 4918 3199 4973 resistentes
3224 4914 3476 4985 Spiritui,

1905 5009 2032 5062 dum
2091 5009 2242 5062 aiunt
2290 5009 2633 5063 Christianos
2682 5009 2824 5063 idola
2885 5010 3067 5064 colere
3095 5053 3109 5075 ,
3154 5009 3481 5077 eosdemque

1908 5099 2084 5156 factos
2114 5115 2236 5155 esse
2267 5100 2574 5154 daamonum
2611 5102 2892 5171 templum,
2928 5102 3213 5156 criminari
3258 5102 3473 5155 audent.

1914 5192 1994 5245 Ad
2040 5208 2275 5261 quorum
2325 5191 2703 5247 refutationem
2763 5193 2945 5248 divina
2986 5201 3205 5248 exstant
3236 5194 3477 5258 oracula,

1906 5285 2203 5339 terribilem
2243 5286 2371 5356 ipsis
2401 5301 2430 5339 a
2458 5287 2568 5341 Deo
2614 5286 2906 5341 vindictam
2963 5287 3328 5341 decernentia.
3390 5284 3479 5339 Sic

1905 5392 2035 5445 ergo
2067 5376 2319 5432 Ecclesiae
2355 5380 2779 5449 paranympbus,
2828 5381 2966 5432 hanc
3016 5378 3355 5448 coniungens
3389 5392 3481 5433 co-

1907 5467 2205 5537 pulnnsque
2239 5468 2562 5522 mirabiliter
2591 5470 2809 5522 Christo
2839 5482 3058 5536 sponso,
3101 5468 3263 5537 idque
3292 5470 3475 5523 vincu-

1908 5559 2014 5612 lum
2045 5569 2099 5613 ct
2130 5561 2377 5629 capulam
2429 5562 2757 5630 astringens,
2809 5577 3006 5630 corpus
3043 5578 3163 5616 esse
3195 5561 3395 5616 Christi
3428 5576 3476 5613 ιιι

2154 5762 2193 5789 ’³⁸
2239 5760 2343 5815 Tit.
2382 5778 2438 5825 ll,
2473 5762 2552 5813 li.
2633 5763 2675 5792 "
2720 5763 2873 5815 llum.
2911 5778 3028 5823 \‘lll,
3064 5763 3144 5815 ll.
3224 5760 3270 5791 ⁸³
3314 5761 3454 5813 licin-
