4198 6442
171 388 239 453 '10
251 388 271 451 l

1020 397 1581 458 APOLOGETICUS
1617 400 1768 458 Plit)
1807 400 2072 458 SACRIS
2113 401 2591 460 IMAUINIBUS.

3327 397 3435 462 ’ῖθὲ

171 503 309 569 rivi;
358 500 516 555 ’Λλλά
559 502 658 572 τῆς
700 503 977 572 βασιλείας
1023 505 1187 558 αὑτοῦ
1234 506 1333 558 οὐκ
1382 506 1537 561 ἔσται
1571 508 1747 570 rem,

1863 510 2181 573 utrlcstium,
2218 512 2555 563 tcrrcstriun'r
2584 520 2636 563 et
2661 509 3021 563 infernarum.
3048 509 3128 561 An
3164 519 3432 577 postremo

171 594 266 645 καὶ
298 591 448 661 αὐτῷ
478 591 720 662 κάμπτει
755 595 860 645 πᾶν
898 595 1026 662 γόνυ
1059 597 1401 667 ἐπουρανίων
1429 615 1486 650 τε
1515 601 1608 650 καὶ
1633 600 1750 650 ἐπι-

170 684 337 750 γείων
365 683 458 735 καὶ
484 683 875 752 καταχθονίων.
904 686 975 737 "ll
997 686 1072 746 ὼς
1093 686 1188 739 τοῦ
1211 688 1450 741 συνιέναι
1474 689 1747 753 ἐνδέοντα;

184 774 344 828 Ἀλλά
375 774 473 845 τῆς
512 775 780 836 συνέσεως
820 774 986 827 αὐτοῦ
1023 777 1123 829 οὐκ
1147 776 1290 830 ἐστιν
1324 778 1557 848 ἀριθμός
1582 795 1596 808 ο
1631 779 1752 832 οὐδὲ

171 867 316 934 ἔγνω
344 884 428 929 τις
474 864 600 919 νοῦν
629 866 837 935 Κυρίου
860 881 872 892 ·
910 867 960 918 εί
998 867 1056 919 δὲ
1089 868 1165 930 ὡς
1192 870 1291 921 οὐκ
1325 871 1753 942 ἐπινστρεπτικον

172 959 206 1027 ἢ
256 958 639 1027 κηδεμονικὸν,
684 959 779 1010 καὶ
826 958 909 1020 τίς
949 960 1097 1011 ἐστιν
1142 963 1169 1011 6
1208 959 1379 1028 λέγων
1428 963 1518 1015 διὰ
1569 964 1753 1032 φωνῆς

172 1049 365 1116 ἁγίων,
426 1050 508 1102 ὅτι
562 1049 638 1100 Οὐ
687 1048 952 1119 βούλομαι
976 1050 1068 1103 τὸν
1100 1050 1334 1104 θάνατον
1372 1053 1467 1104 τοῦ
1514 1053 1754 1123 ἀποθνή-

183 1158 420 1206 σκοντος,
456 1141 532 1204 ὡς
561 1146 621 1193 τὸ
658 1142 988 1213 ἐπιστρέψαι
1019 1143 1180 1196 αὑτὸν
1227 1144 1336 1196 ἀπὸ
1364 1145 1464 1213 τῆς
1501 1146 1624 1197 ὀδοῦ
1659 1147 1756 1199 αύ-

177 1232 291 1296 τοῦ,
316 1234 411 1284 καὶ
446 1231 545 1301 ζῇν
576 1232 671 1302 τὴν
695 1232 871 1303 ψυχὴν
902 1232 1068 1286 αὑτοῦ
1090 1251 1105 1265 ο
1150 1236 1244 1287 καὶ
1286 1238 1342 1287 ἐν
1374 1239 1450 1306 τῷ
1483 1253 1551 1306 με
1582 1239 1754 1289 εἰπεῖν

170 1323 248 1393 τῷ
279 1324 485 1389 ἀσεϐεῖ,
505 1324 733 1395 Θανάτῳ
763 1323 1145 1397 θανατωθήσῃ,
1166 1326 1263 1378 καὶ
1285 1327 1621 1397 ἀποστρέψει
1649 1326 1756 1381 ἀπὸ

171 1418 272 1484 τῆς
304 1417 423 1469 ὁδοῦ
453 1416 644 1480 αὑτοῦ,
677 1418 769 1469 καὶ
801 1418 1022 1487 ποιήσει
1053 1421 1228 1487 κρῖμα
1264 1420 1359 1471 καὶ
1386 1419 1753 1489 δικαιοσύνην,

174 1508 270 1561 καὶ
299 1510 357 1559 ἐν
387 1508 768 1578 προστάγμασι
798 1508 942 1576 ζωῆς
972 1508 1412 1576 διαπορεύσεται,
1451 1509 1563 1579 ζωῇ
1596 1509 1759 1580 ζήσε-

172 1616 286 1663 ται,
320 1601 417 1651 καὶ
452 1599 513 1650 ού
547 1599 623 1667 μὴ
653 1597 903 1668 ἀποθάνῃ
930 1615 943 1628 ο
988 1599 1161 1650 πᾶσαι
1208 1601 1263 1652 at
1305 1600 1755 1669 ἀμαρτίαιαύτοῦ

171 1691 238 1755 ἃς
274 1692 552 1761 ἥμαρτεν,
603 1691 662 1744 οὐ
718 1695 791 1761 μὴ
837 1690 1298 1761 ἀναμνησθῶσιν;
1338 1694 1408 1744 Ἦ
1451 1693 1524 1755 ὡς
1565 1694 1758 1761 σοφίας

1854 602 1978 668 quia
2035 601 2313 653 intellectu
2370 600 2651 667 indigeat?
2701 601 2863 669 Atqui
2910 599 3278 668 intelligentia:
3317 600 3434 665 ejus

1855 714 1958 749 non
2017 707 2099 750 est
2148 712 2433 761 numerus;
2488 712 2586 748 nec
2645 700 2929 763 quisquam
2990 695 3140 748 norit
3198 704 3431 747 mentem

1857 790 2095 844 Domini.
2140 788 2292 854 Quod
2340 790 2384 842 si
2432 789 2572 841 forte
2626 791 2787 840 Deum
2834 790 3054 840 minime
3104 785 3432 840 exorabilem

1856 896 1953 935 nec
1973 880 2144 933 nostri
2173 881 2462 933 sollicitum
2490 881 2823 944 existimant,
2848 882 2990 946 quis,
3026 882 3265 946 inquam,
3296 892 3435 946 ιιι-ιε-
3516 904 3519 909 -

1858 984 1940 1027 ter
1976 973 2152 1037 illum,
2208 982 2518 1026 sanctorum
2566 988 2697 1026 voce
2746 972 2987 1037 loquitur
3038 972 3117 1025 sic
3151 989 3164 1023 :
3199 969 3335 1022 Nolo
3376 979 3436 1022 ut

1856 1065 2019 1118 homo
2053 1074 2226 1118 morte
2260 1064 2543 1126 moriatur,
2581 1064 2675 1117 sed
2703 1073 3057 1117 convertatur
3082 1064 3261 1129 potius
3288 1078 3315 1114 a
3350 1062 3433 1113 via

1857 1170 1975 1221 sua,
2005 1155 2257 1224 vivatque
2289 1157 2474 1209 anima
2505 1155 2622 1220 ejus
2649 1174 2661 1217 ;
2704 1172 2912 1224 egoque
2935 1157 3071 1225 ipse,
3105 1156 3194 1223 qui
3222 1155 3307 1207 aio
3333 1154 3427 1204 im-

1858 1248 1966 1315 pio,
2000 1245 2170 1300 Morte
2204 1248 2477 1311 morieris,
2501 1248 2637 1300 idem
2671 1247 2815 1311 dico,
2841 1249 2983 1313 quod
3013 1248 3056 1300 si
3086 1254 3437 1300 convertetur

1858 1359 1887 1395 a
1915 1343 1999 1395 via
2032 1355 2150 1403 sua,
2190 1350 2439 1408 recteque
2466 1350 2519 1394 et
2541 1339 2689 1407 juste
2722 1348 2863 1408 aget,
2894 1350 2948 1392 et
2976 1339 3028 1391 in
3061 1341 3181 1392 vita:
3215 1339 3436 1390 manda.

1860 1434 1928 1486 tis
1952 1431 2268 1493 ambulabit,
2316 1432 2423 1483 vita
2455 1432 2600 1484 vivet
2629 1440 2683 1484 et
2716 1446 2817 1483 non
2857 1433 3120 1485 morietur
3149 1448 3162 1483 :
3193 1429 3434 1482 omnium

1857 1533 2200 1594 peccatorum
2224 1524 2340 1593 ejus
2365 1523 2678 1577 obliviscar.
2705 1524 2967 1592 Superest
2996 1533 3053 1576 ut
3082 1523 3252 1575 Deum
3278 1535 3342 1589 pa
3355 1528 3435 1571 rte

1860 1615 2038 1683 aliqua
2084 1615 2364 1683 sapientiw
2406 1616 2487 1668 vel
2525 1614 2754 1681 justitiae
2794 1614 3117 1667 destitutum
3165 1613 3435 1665 arbitren-

1863 1718 1967 1761 tur.
2001 1708 2161 1776 Atqui
2195 1708 2447 1777 abyssum
2480 1706 2761 1774 sapientia:
2796 1704 2912 1771 ejus
2943 1705 3023 1757 vel
3054 1707 3432 1761 connaturalis

173 1784 307 1853 γοῦν
340 1784 434 1837 καὶ
464 1783 813 1849 δικαιοσύνης
846 1784 989 1837 κατά
1015 1802 1069 1835 τι
1102 1782 1236 1850 γοῦν
1280 1783 1751 1853 ἀπολειπόμενον;

1863 1800 2036 1869 potius
2087 1799 2330 1852 seientia:
2376 1798 2502 1862 quis
2557 1798 2846 1850 tnetietur?
2901 1796 3110 1849 Etenim
3164 1798 3432 1865 sapientia

175 1878 270 1931 καὶ
296 1878 377 1942 τίς
426 1877 865 1947 ἐξαριθμήσαιτο
905 1877 1005 1947 τὴν
1048 1876 1289 1929 ἄϐυσσον
1332 1877 1430 1946 τῆς
1486 1877 1679 1944 σοφίας
1720 1877 1752 1945 ἢ

179 1968 379 2037 μᾶλλον
411 1968 775 2036 αὐτοσοφίας;
809 1970 873 2037 τῇ
921 1966 1031 2038 γάρ
1074 1968 1241 2037 σοφία
1286 1965 1519 2033 ἐξέτεινε
1549 1967 1643 2019 τὸν
1671 1968 1758 2019 οὺ-

180 2061 363 2131 ρανὸν,
395 2063 497 2130 τὴν
541 2060 648 2129 γῆν
692 2059 1024 2128 ἐθεμελίωσε
1065 2060 1160 2111 καὶ
1198 2059 1540 2123 ἁπαξαπλῶς
1581 2060 1758 2112 πάντα

178 2156 237 2203 ἐν
292 2152 457 2220 σοφίᾳ
497 2151 779 2219 ἐποίησεν.
806 2150 1039 2218 ’Λγαθὸς
1086 2150 1132 2202 δ’
1170 2150 1251 2203 ὃτι
1280 2152 1431 2213 ἐστὶ,
1474 2152 1567 2203 καὶ
1592 2151 1759 2204 τᾶλλα

179 2244 358 2297 πάντα
398 2240 477 2305 οἷς
516 2243 668 2311 παρά
714 2242 933 2295 πάντων
963 2243 1278 2310 ἐξυμνεῖταί
1317 2259 1374 2293 τε
1406 2244 1502 2296 καὶ
1536 2242 1757 2307 δοξάζε-

182 2353 306 2388 ται·
340 2336 390 2388 τί
429 2336 509 2388 δεῖ
545 2335 653 2387 τῶν
702 2335 843 2405 ὑπὲρ
883 2335 1093 2387 ἔννοιαν
1133 2335 1226 2387 καὶ
1276 2334 1434 2400 λόγον
1471 2335 1564 2386 τοῦ
1623 2334 1757 2387 Θεοῦ

182 2428 491 2497 μεγαλείων
534 2427 899 2495 ἐφάπτεσθαι,
951 2428 1044 2479 καὶ
1086 2425 1195 2477 τῶν
1238 2424 1546 2492 ἁνειρίκτων
1587 2443 1758 2478 κατα-

178 2520 421 2589 τολμᾷν;
450 2520 678 2589 Μήποτε
711 2518 967 2587 λάθοιμεν
1003 2519 1231 2580 ἑαυτοὺς
1254 2519 1483 2587 ἀπονοίᾳ
1509 2518 1602 2570 καὶ
1631 2517 1757 2569 δυσ-

182 2612 374 2683 ϐουλίᾳ
400 2615 512 2675 τοῖς
545 2613 795 2665 ἀσεϐέσιν
847 2610 1108 2673 ὡσαύτως
1147 2610 1483 2679 ἀνοητότατα
1535 2609 1758 2680 περιπί-

183 2722 431 2767 πτοντες.

252 2796 374 2849 Τίνι
418 2796 510 2848 οὖν
540 2797 567 2848 6
598 2794 934 2864 ἠθετημένος
984 2794 1296 2863 ἠλάττωται
1350 2794 1445 2844 καὶ
1487 2793 1757 2863 δεδέηται,

181 2886 712 2955 γλωσσαλγείτωσαν
752 2887 845 2939 καὶ
883 2885 1195 2951 λεγέτωσαν
1219 2902 1232 2915 -
1265 2885 1350 2935 ἵνα
1397 2883 1633 2945 ὀκλάσας
1668 2886 1761 2935 καὶ

183 2977 437 3032 ἀπειπὼν
464 2978 602 3049 πρὸς
630 2978 729 3049 τὴν
778 2978 1016 3045 σπουδὴν
1056 2975 1498 3046 κτταπροῒξηται
1537 2976 1635 3045 τὴν
1665 2976 1757 3044 ἀρ-

184 3073 317 3141 χήν.
370 3071 571 3140 μᾶλλον
616 3071 695 3137 δὲ,
753 3070 829 3134 ὼς
868 3073 896 3123 ὁ
932 3069 1203 3139 ἡμέτερος
1255 3070 1446 3137 λόγος,
1480 3071 1623 3122 τίσιν
1663 3069 1758 3136 οὐχ

188 3162 498 3233 ὑπερῆρται
526 3164 621 3215 καὶ
637 3162 1118 3232 ὑπεραναὸἐὸηκε;
1139 3164 1292 3222 ποῖος
1316 3160 1471 3227 λόγος
1500 3160 1561 3211 τὸ
1593 3160 1758 3228 ὑπερ·
1787 3141 1828 3197 C

186 3257 342 3324 ιῖρον
398 3255 815 3323 παραστήσεται
896 3252 996 3321 τῆς
1060 3251 1480 3321 μεγαλειότητος
1523 3252 1618 3303 καὶ
1664 3251 1763 3319 τῆς

189 3343 469 3414 δυνάμεως
500 3344 563 3397 τὸ
604 3346 923 3415 ἀπρόσιτον,
959 3342 1116 3413 ῆτῆς
1145 3342 1398 3407 ἐξουσίας
1437 3343 1498 3394 τδ
1524 3342 1767 3413 ἀμέτρη-

186 3454 302 3502 τον,
331 3438 423 3490 καὶ
465 3435 560 3490 τοῦ
596 3438 737 3489 κατά
772 3438 993 3489 πάντων
1027 3438 1261 3506 κράτους
1293 3434 1763 3504 ἀπειροδύναμον;

188 3531 284 3582 καὶ
323 3531 410 3583 ’ίνα
445 3531 519 3600 μὴ
561 3531 673 3592 τοῖς
704 3530 985 3591 ταπεινοῖς
1024 3527 1236 3591 τούτοις
1273 3527 1672 3597 ἀποσεμνύνειν
1708 3526 1766 3577 τὸ

191 3624 398 3693 ὑψηλὸν
444 3623 736 3686 δόξαντες,
790 3620 1333 3690 κατασμικρύνοιμεν
1386 3619 1485 3688 τῆς
1543 3618 1769 3687 κυρείας

187 3714 447 3768 ἁπάντων
477 3717 573 3767 καὶ
613 3713 933 3774 δεσποτείας
982 3711 1044 3763 τὸ
1079 3711 1455 3780 ἀνέκφραστον
1476 3748 1491 3771 ,
1526 3709 1560 3778 ἢ
1592 3711 1768 3762 πάντα

190 3808 598 3879 ἀπαραόλήτως
623 3824 684 3858 τε
720 3806 815 3859 καὶ
856 3804 1210 3873 ἀσυγκρίτως
1262 3802 1646 3873 ύπερθρὼσκει
1676 3802 1769 3853 καὶ

304 3898 572 3970 ρίδρυται,
611 3898 704 3950 καὶ
751 3897 915 3949 πᾶσιν
953 3895 1153 3963 ὁμοίως
1200 3894 1400 3956 ά6ατός
1430 3893 1490 3944 τέ
1536 3895 1649 3944 ἐστι
1680 3892 1771 3943 καὶ

189 3990 457 4061 ἄληπτος,
486 3989 580 4043 καὶ
607 3988 1033 4058 ἀποκέκρυπται
1066 3985 1143 4055 νῷ
1170 3985 1263 4038 καὶ
1292 3984 1436 4052 λόγῳ
1467 3983 1650 4043 παντὶ,
1682 3977 1770 4034 οἶα

190 4081 259 4151 δὴ
295 4081 514 4134 πάντων
540 4078 859 4149 ἐξῃρημένη
890 4078 1100 4147 ὁρατῶν
1142 4093 1201 4128 τε
1247 4075 1339 4127 καὶ
1368 4074 1645 4144 ἀοράτων,
1678 4076 1769 4124 καὶ

190 4171 398 4234 παντὸς
428 4171 692 4239 ὀνόματος
727 4172 784 4221 ἐν
814 4168 891 4238 τῷ
917 4168 1072 4220 αἰῶνι
1120 4168 1292 4236 τούτῳ
1326 4162 1770 4230 κατονομαζομέ-

192 4276 286 4311 νου
319 4259 415 4312 καὶ
442 4260 500 4311 ἐν
527 4257 604 4329 τῷ
637 4259 911 4327 μέλλοντι,
930 4258 1038 4309 τῶν
1067 4256 1327 4308 τοιούτων
1352 4255 1425 4317 ὡς
1452 4254 1590 4323 ὑπὲρ
1624 4253 1770 4322 ἡμᾶς

191 4349 555 4421 ἀφεξώμεθα·
598 4349 726 4403 εἰδὲ
759 4350 858 4420 οὐχ
883 4349 1024 4401 ἐκὼν
1055 4351 1083 4401 6
1113 4346 1515 4417 ἐκκεχωρηκὼς
1562 4346 1624 4397 τὸ
1668 4346 1771 4396 ὑπ-

195 4446 360 4512 ήκοον
394 4441 459 4512 δὴ
493 4440 653 4493 τοῦτο
698 4440 1048 4509 μετετάξατο,
1084 4438 1364 4509 βεϐίασται
1393 4439 1610 4495 πάντως
1631 4475 1644 4498 ,
1675 4435 1771 4487 καὶ

194 4536 259 4588 τὸ
292 4532 600 4603 ἡγεμονοῦν
644 4534 1069 4603 τετυραννηται⁶
1102 4533 1193 4583 καὶ
1226 4531 1309 4592 τίς
1338 4533 1365 4582 6
1400 4532 1466 4599 τῇ
1494 4527 1769 4598 τυραννίδι

195 4626 539 4695 ἐπιθέμενος.
582 4625 764 4677 καὶτὸ
799 4628 1024 4694 κρατεῖν
1076 4623 1445 4691 ἀφελόμενος
1480 4620 1574 4673 καὶ
1617 4620 1768 4671 ἔσται

194 4719 225 4769 6
252 4716 597 4786 τυοαννήσας
635 4715 1056 4785 εὐσθενέστερός
1097 4731 1153 4768 τε
1196 4716 1289 4767 καὶ
1330 4712 1765 4782 ἐπικλεέστερος,
1797 4739 1800 4746 ι

197 4809 296 4865 καὶ
330 4809 579 4861 τοσοῦτον
608 4808 731 4860 ὅσον
760 4808 855 4859 καὶ
886 4809 944 4859 τὸ
973 4807 1070 4877 τῆς
1100 4807 1257 4877 νίκης
1283 4804 1640 4876 ὑπερτεροῧν,
1673 4804 1768 4857 καὶ

194 4902 267 4954 τά
298 4900 367 4953 δι’
398 4893 472 4953 ὧν
494 4900 561 4953 ἂν
588 4902 621 4969 ἡ
652 4899 777 4968 νίκη
812 4900 871 4951 τὸ
897 4899 1087 4969 περιὸν
1117 4898 1259 4967 ἔχοιο
1296 4896 1352 4951 ἐν
1384 4898 1481 4967 μὲν
1516 4896 1623 4966 γάρ
1658 4899 1768 4958 τοῖς

195 4992 502 5063 ὁρωμένοις
528 4991 621 5043 καὶ
648 4989 1027 5063 ἀνθρωπίνοις,
1056 4972 1294 5058 ὁπηνίκα
1324 4989 1383 5042 τὸ
1413 4990 1653 5040 ἐναντίον
1677 4988 1769 5040 καὶ

200 5085 447 5153 μάχιμον
480 5081 549 5134 τά
594 5081 733 5150 πρὸς
775 5082 866 5134 τὸν
896 5080 1136 5149 πόλεμον
1175 5078 1525 5149 ἐξαρτύηται,
1556 5079 1649 5130 καὶ
1690 5078 1769 5140 είς

198 5172 451 5243 ἀλλήλων
479 5175 671 5243 χεῖρας
710 5173 975 5241 ἧκωνται,
1010 5171 1162 5233 τέλος
1189 5170 1298 5222 τῶν
1333 5171 1511 5222 ὃπλων
1543 5171 1635 5221 καὶ
1662 5169 1772 5221 τῶν

200 5265 383 5317 πόνων
419 5265 469 5316 οἱ
493 5264 555 5315 τὸ
594 5267 842 5332 κρεῖττον
868 5266 1306 5332 ἀπενεγκάμενοι
1339 5264 1600 5330 ἴσχουσιν,
1641 5263 1672 5333 ἢ
1714 5266 1772 5315 ἐν

196 5359 268 5427 τῇ
295 5357 447 5428 μάχῃ
484 5358 881 5426 κρατήσαντες,
922 5356 1289 5425 χειρώσασθαι
1316 5356 1649 5426 τρεψάμενοι
1684 5356 1774 5408 τὸν

200 5448 521 5511 ἀντίπαλον,
552 5446 611 5511 ἐξ
640 5442 700 5501 οὗ
735 5448 1022 5517 συμϐαίνει
1056 5448 1268 5499 σκύλων
1302 5465 1358 5499 τε
1396 5448 1491 5500 καὶ
1516 5447 1774 5517 λαφύρων

200 5539 374 5610 πόρον
401 5539 482 5590 ὅτι
516 5540 767 5591 πλεῖστον
797 5540 1144 5607 ἐνέγκασθαι,
1170 5540 1347 5591 ὃπλων
1383 5558 1439 5591 τε
1485 5542 1675 5609 κτῆσιν
1700 5541 1773 5605 ὡς

204 5630 475 5701 μεγίστην
519 5631 938 5700 περιϐαλέσθαι,
987 5633 1020 5701 ἦ
1054 5633 1238 5702 χώραν
1280 5633 1628 5704 καταδῃῶσαι
1678 5636 1774 5702 τὴν

203 5723 643 5793 πολεμιωτάτην,
670 5725 763 5776 καὶ
788 5726 970 5793 σφίσιν
1005 5726 1187 5787 αὐτοῖς
1216 5726 1481 5795 κατήκοον
1543 5730 1774 5795 ποιήσα-

206 5816 359 5879 σθαι,
387 5815 476 5867 καὶ
503 5814 864 5887 δασμοψορεῖν
890 5818 969 5881 είς
990 5817 1048 5869 τὸ
1071 5817 1255 5871 λοιπὸν
1286 5819 1408 5881 τοὺς
1430 5818 1774 5889 κεκρατημέ-

1860 1892 2058 1945 ςωιιιιιι
2082 1889 2348 1951 extendit,
2372 1899 2573 1941 terram
2600 1889 2864 1953 fundavit,
2881 1900 3185 1956 cunctaque
3207 1890 3432 1942 omnino

1860 1983 1913 2036 in
1966 1981 2229 2050 sapientia
2284 1979 2433 2034 fecit.
2485 1979 2747 2048 Quodque
2804 1982 2977 2035 bonus
3032 1982 3123 2047 sit,
3156 1993 3211 2036 et
3254 1985 3431 2037 omnia

1861 2076 2075 2137 habeat,
2101 2076 2169 2127 ob
2199 2090 2319 2143 qua:
2348 2075 2412 2125 ab
2457 2074 2715 2126 onmibus
2761 2074 3073 2127 celebratur
3121 2076 3340 2145 hymnis
3375 2087 3429 2131 et

1860 2168 2214 2237 gloriﬁcatur,
2250 2182 2347 2218 cur
2377 2182 2514 2234 epus
2543 2174 2624 2217 est
2653 2181 2813 2231 supra
2845 2167 3045 2219 mentis
3092 2177 3253 2235 atque
3297 2182 3437 2220 ora—

1863 2259 2026 2313 tionis
2075 2259 2179 2310 vim
2213 2258 2302 2311 Dei
2347 2257 2617 2327 magualia
2670 2259 2959 2326 attingere,
2989 2268 3043 2311 et
3080 2259 3434 2327 impossibilia

1860 2350 2099 2404 audere?
2128 2348 2203 2402 Ne
2232 2349 2367 2403 forte
2415 2350 2615 2403 incauti
2653 2352 2821 2402 stulto
2865 2350 3094 2404 consilio
3119 2361 3174 2403 et
3202 2352 3434 2417 insania,

1860 2459 2013 2510 atque,
2043 2458 2105 2496 ac
2138 2445 2223 2496 isti
2270 2444 2441 2513 impii,
2486 2445 2536 2496 in
2590 2444 2912 2511 insipientia:
2967 2443 3177 2497 foveant
3230 2444 3436 2499 incida-

1861 2538 2011 2592 Inus!

1938 2802 2034 2857 llic
2070 2817 2197 2871 ergo
2250 2803 2563 2868 repndiams
2625 2802 2765 2854 Deus
2810 2815 3043 2867 quanam
3077 2816 3134 2854 re
3164 2801 3231 2854 sit
3258 2801 3435 2854 immi-

1864 2906 2027 2947 nutus
2056 2905 2149 2946 aut
2186 2902 2363 2961 egeat,
2402 2892 2453 2945 bi
2485 2891 2789 2943 blaterones
2820 2892 3036 2953 dicant;
3069 2901 3127 2942 ut
3151 2891 3240 2943 hic
3285 2893 3437 2958 igna-

1864 3000 1956 3037 rus
2000 2994 2055 3037 et
2105 2983 2390 3051 languidus
2432 2981 2498 3033 ad
2544 2981 2801 3045 cilicium,
2855 2981 3073 3048 abjiciat
3122 2981 3435 3047 imperium.

1864 3076 2003 3142 Quin
2046 3075 2242 3143 potius,
2278 3084 2334 3126 ut
2373 3091 2469 3127 nos
2518 3074 2774 3135 dicimus,
2826 3074 3155 3141 quibusnam
3206 3088 3308 3125 non
3357 3082 3441 3125 est

1864 3168 2112 3233 superior
2159 3178 2210 3217 et
2250 3167 2520 3217 excelsior
2578 3163 2755 3215 Deus?
2817 3164 2946 3227 Qua:
3006 3162 3182 3215 oratio
3227 3162 3437 3215 culmen

1865 3259 2251 3312 demonstrabit
2293 3257 2678 3325 magnitudinis
2724 3256 2861 3322 ejus,
2912 3256 3239 3322 virtutisque
3268 3254 3430 3306 finem

1867 3349 2238 3409 interminum,
2297 3348 2375 3399 vel
2424 3357 2747 3413 potestatem
2821 3344 3341 3409 immensuraliilem,
3388 3356 3442 3397 et

1865 3439 2126 3496 adversus
2170 3455 2358 3494 omnes
2423 3439 2761 3492 fortitudinis
2796 3440 2899 3491 vim
2936 3438 3252 3491 infinitam?
3280 3436 3340 3489 Et
3376 3454 3475 3490 ne-

1868 3536 1952 3590 his
1978 3535 2269 3586 humilibus
2300 3532 2473 3585 verbis
2519 3545 2786 3582 exornare
2838 3529 3113 3582 excelsum
3168 3538 3439 3596 putantes,

1869 3635 2224 3678 extenuemus
2282 3623 2458 3690 potius
2512 3620 2832 3673 universalis
2889 3620 3197 3672 dominatus
3255 3630 3441 3686 poten-

1871 3724 2123 3779 tatusque
2158 3710 2481 3764 itu-flabilem
2510 3710 2858 3775 dignitatem,
2893 3724 3011 3776 qua:
3044 3709 3446 3775 incomparabi-

1871 3806 1993 3859 liter
2016 3816 2069 3857 et
2103 3804 2304 3869 absque
2333 3802 2435 3852 ulla
2475 3802 2704 3868 puritate
2731 3802 2910 3852 omnia
2952 3799 3188 3861 transilit
3214 3811 3265 3852 et
3294 3814 3447 3851 υκςθο

1872 3896 1970 3956 dit,
1998 3896 2314 3961 rum-lisque
2353 3896 2629 3945 inaccessa
2663 3902 2715 3944 et
2741 3892 3308 3958 tncomprcbensibilis
3338 3901 3443 3949 est.

1871 3987 2123 4053 omnique
2154 3986 2316 4037 menti
2350 4002 2410 4036 ac
2447 3986 2682 4037 sermoni
2717 3984 3000 4050 impervia,
3021 3997 3119 4035 ceu
3146 3998 3265 4050 quae
3288 3992 3443 4034 extra

1870 4070 2085 4129 omnem
2152 4075 2413 4127 visibilem
2478 4074 2917 4141 iurisibilemque
2981 4088 3090 4124 rem
3146 4081 3230 4125 est
3284 4079 3446 4137 atque

1871 4184 2030 4222 omne
2064 4182 2259 4219 nomen
2296 4165 2408 4218 sive
2433 4165 2483 4217 in
2522 4165 2773 4232 praesenti
2808 4164 2922 4215 sive
2952 4164 3004 4214 in
3040 4161 3221 4214 futuro
3247 4164 3447 4215 sacculo

1871 4260 2290 4322 nominamlum;
2332 4258 2434 4317 bis,
2476 4258 2717 4325 inquam,
2753 4255 3017 4312 dicendis.
3054 4271 3149 4307 ceu
3190 4254 3446 4307 facultate

1874 4363 2059 4405 nostra
2147 4350 2475 4416 majoribus,
2552 4350 2946 4401 abstineamus.
3016 4346 3169 4410 Quod
3214 4348 3258 4399 si
3309 4348 3447 4398 haud

1873 4456 2064 4512 Sponte
2110 4444 2277 4511 gradu
2311 4458 2407 4493 suo
2441 4441 2662 4505 cedens,
2699 4440 2845 4492 dicto
2874 4439 3101 4490 audiens
3128 4437 3304 4491 factus
3340 4450 3443 4499 εει,

1875 4539 2063 4605 utique
2096 4537 2173 4588 vis
2216 4536 2262 4587 ei
2297 4534 2440 4586 illata
2491 4531 2585 4584 fttit
2614 4550 2627 4595 ;
2661 4542 2712 4585 et
2754 4532 2842 4598 qtti
2883 4532 3132 4599 princeps
3167 4540 3305 4592 erat,
3350 4531 3448 4581 sub

1875 4630 2218 4701 tyrannidem
2264 4627 2485 4680 decidit.
2541 4625 2673 4689 Quis
2721 4638 2882 4690 porro
2923 4624 3059 4675 banc
3099 4624 3446 4692 tyrannidem

1876 4722 2125 4790 arripuit,
2157 4730 2210 4772 et
2247 4718 2546 4787 imperium
2580 4717 2653 4768 illi
2685 4717 2946 4767 abstulit?
2979 4717 3108 4768 Sine
3154 4715 3318 4767 dubio
3357 4718 3445 4782 qui

1878 4826 2139 4885 tyrannus
2179 4821 2264 4864 est
2297 4810 2498 4871 factus,
2531 4807 2723 4860 fortior
2759 4807 3073 4875 l'eliciorque
3110 4816 3213 4871 est,
3253 4816 3448 4874 quate-

1876 4920 1979 4959 nus
2012 4904 2227 4971 quidem
2263 4901 2436 4952 victor
2461 4899 2763 4965 praevaluit,
2788 4908 2839 4951 ct
2875 4898 3249 4963 comparandae
3278 4899 3451 4951 victo-

1878 4999 1972 5052 rite
2026 4996 2170 5049 vires
2225 4993 2431 5047 habuit.
2466 4991 2599 5045 Nam
2653 5003 2801 5046 certe
2842 4993 2892 5043 itt
2940 4991 3025 5042 his
3062 4991 3363 5043 visibilibus
3397 4999 3451 5043 et

1876 5089 2151 5150 humanis,
2189 5103 2310 5140 cum
2342 5086 2405 5138 ad
2442 5102 2673 5155 pugnam
2709 5086 2993 5151 aciemque
3023 5098 3109 5135 res
3142 5082 3265 5135 belli
3292 5084 3451 5136 deve-

1877 5182 1977 5240 nit,
2009 5189 2060 5233 et
2084 5194 2279 5231 manus
2304 5185 2687 5237 conseruntur,
2714 5171 2949 5225 fructum
2985 5185 3257 5223 armorum
3286 5178 3447 5237 atque

1881 5268 2123 5321 laborum
2158 5267 2208 5321 lti
2241 5267 2331 5335 qtti
2367 5264 2678 5334 superiores
2708 5261 2991 5316 discedunt
3021 5258 3284 5323 referunt,
3320 5260 3444 5312 dum

1880 5362 2089 5415 hostem
2139 5358 2329 5425 proelio
2386 5357 2586 5409 victum
2636 5356 2689 5408 in
2729 5353 3097 5423 captivitatem
3153 5352 3446 5419 redigunt;

1879 5455 2022 5507 unde
2055 5452 2305 5520 sequitur
2336 5450 2530 5514 puellae
2564 5458 2619 5502 et
2651 5447 3026 5501 manubiarum
3058 5445 3275 5511 c0piosa
3312 5444 3440 5496 ade-

1880 5548 2014 5615 ptio,
2049 5558 2322 5597 armorum
2357 5556 2571 5609 quoque
2596 5540 2828 5608 plurima
2866 5537 3128 5598 accessio,
3157 5534 3237 5585 vel
3273 5534 3448 5586 hosti-

1881 5637 1948 5690 lis
1976 5635 2209 5705 regionis
2235 5634 2577 5701 (lepopnlatio
2608 5642 2768 5699 atque
2797 5632 2846 5683 in
2883 5628 3153 5696 propriam
3190 5627 3445 5677 ditionem

1884 5729 2144 5788 reductio,
2178 5725 2567 5794 stipendiorum
2594 5723 2644 5774 in
2672 5731 2946 5789 posterum
2981 5728 3190 5785 tmnpus
3217 5716 3444 5768 violenta

1883 5819 2102 5873 indictio
2149 5829 2400 5886 tanquam
2444 5815 2596 5869 \irtis
2639 5823 2688 5868 et
2734 5813 2786 5867 in
2830 5812 3145 5866 servitutem
3186 5805 3442 5863 redactis.
