  <div class='ocr_page' id='page_1' title='image "/cluster/home/n/w/nwhite01/storage/ocr_20150623/100/nnc1.0046980229/356.png"; bbox 0 0 4198 6442; ppageno 0'>
   <div class='ocr_carea' id='block_1_1' title="bbox 217 444 329 506">
    <p class='ocr_par' dir='ltr' id='par_1_1' title="bbox 217 444 329 506">
     <span class='ocr_line' id='line_1_1' title="bbox 217 444 329 506; baseline -0.018 0"><span class='ocrx_word' id='word_1_1' title='bbox 217 444 329 506; x_wconf 85' lang='grc'><strong>’105</strong></span> 
     </span>
    </p>
   </div>
   <div class='ocr_carea' id='block_1_2' title="bbox 1068 423 2659 493">
    <p class='ocr_par' dir='ltr' id='par_1_2' title="bbox 1068 423 2659 493">
     <span class='ocr_line' id='line_1_2' title="bbox 1068 423 2659 493; baseline -0.006 0"><span class='ocrx_word' id='word_1_2' title='bbox 1068 431 1631 493; x_wconf 77' lang='lat' dir='ltr'><strong>APOLOGETICUS</strong></span> <span class='ocrx_word' id='word_1_3' title='bbox 1689 429 1838 488; x_wconf 74' lang='lat' dir='ltr'><strong>PRO</strong></span> <span class='ocrx_word' id='word_1_4' title='bbox 1879 428 2143 487; x_wconf 83' lang='lat' dir='ltr'><strong>SACRIS</strong></span> <span class='ocrx_word' id='word_1_5' title='bbox 2184 423 2659 485; x_wconf 70' lang='lat' dir='ltr'><strong>IMAGINIBUS.</strong></span> 
     </span>
    </p>
   </div>
   <div class='ocr_carea' id='block_1_3' title="bbox 3373 422 3484 486">
    <p class='ocr_par' dir='ltr' id='par_1_3' title="bbox 3373 422 3484 486">
     <span class='ocr_line' id='line_1_3' title="bbox 3373 422 3484 486; baseline -0.018 0"><span class='ocrx_word' id='word_1_6' title='bbox 3373 422 3484 486; x_wconf 78' lang='grc' dir='ltr'><strong>’1οῢ</strong></span> 
     </span>
    </p>
   </div>
   <div class='ocr_carea' id='block_1_4' title="bbox 221 532 1852 614">
    <p class='ocr_par' dir='ltr' id='par_1_4' title="bbox 221 539 1852 614">
     <span class='ocr_line' id='line_1_4' title="bbox 221 539 1852 614; baseline -0.009 -8"><span class='ocrx_word' id='word_1_7' title='bbox 221 555 320 608; x_wconf 70' lang='grc' dir='ltr'><strong>καὶ</strong></span> <span class='ocrx_word' id='word_1_8' title='bbox 342 551 585 605; x_wconf 84' lang='grc' dir='ltr'><strong>καθελὼν</strong></span> <span class='ocrx_word' id='word_1_9' title='bbox 604 550 664 603; x_wconf 83' lang='grc' dir='ltr'><strong>τὸ</strong></span> <span class='ocrx_word' id='word_1_10' title='bbox 685 547 1017 614; x_wconf 77' lang='grc' dir='ltr'><strong>δυσάντητον</strong></span> <span class='ocrx_word' id='word_1_11' title='bbox 1039 544 1259 614; x_wconf 79' lang='grc' dir='ltr'><strong>κράτος,</strong></span> <span class='ocrx_word' id='word_1_12' title='bbox 1277 539 1618 611; x_wconf 82' lang='grc' dir='ltr'><strong>ἀντεσυλήθη</strong></span> <span class='ocrx_word' id='word_1_13' title='bbox 1641 539 1802 592; x_wconf 77' lang='grc' dir='ltr'><strong>πάλιν</strong></span> <span class='ocrx_word' id='word_1_14' title='bbox 1832 542 1852 599; x_wconf 65' lang='grc' dir='ltr'><em>Α</em></span> 
     </span>
    </p>
   </div>
   <div class='ocr_carea' id='block_1_5' title="bbox 1909 532 3479 614">
    <p class='ocr_par' dir='ltr' id='par_1_5' title="bbox 1909 532 3479 606">
     <span class='ocr_line' id='line_1_5' title="bbox 1909 532 3479 606; baseline -0.003 -16"><span class='ocrx_word' id='word_1_15' title='bbox 1909 537 2532 606; x_wconf 83' lang='lat' dir='ltr'><strong>captivavittyrannum,</strong></span> <span class='ocrx_word' id='word_1_16' title='bbox 2563 543 2616 588; x_wconf 90' lang='lat' dir='ltr'><strong>et</strong></span> <span class='ocrx_word' id='word_1_17' title='bbox 2669 532 3072 587; x_wconf 79' lang='lat' dir='ltr'><strong>formidabilem</strong></span> <span class='ocrx_word' id='word_1_18' title='bbox 3119 532 3322 588; x_wconf 88' lang='lat' dir='ltr'><strong>delevit</strong></span> <span class='ocrx_word' id='word_1_19' title='bbox 3379 549 3479 601; x_wconf 86' lang='lat' dir='ltr'><strong>pn-</strong></span> 
     </span>
    </p>
   </div>
   <div class='ocr_carea' id='block_1_6' title="bbox 218 633 1800 715">
    <p class='ocr_par' dir='ltr' id='par_1_6' title="bbox 218 633 1800 715">
     <span class='ocr_line' id='line_1_6' title="bbox 218 633 1800 715; baseline -0.009 -17"><span class='ocrx_word' id='word_1_20' title='bbox 218 643 572 715; x_wconf 73' lang='grc' dir='ltr'><strong>ἡττώμενοςς</strong></span> <span class='ocrx_word' id='word_1_21' title='bbox 601 641 692 706; x_wconf 83' lang='grc' dir='ltr'><strong>Ἐξ</strong></span> <span class='ocrx_word' id='word_1_22' title='bbox 721 639 935 701; x_wconf 81' lang='grc' dir='ltr'><strong>ἀτονίας</strong></span> <span class='ocrx_word' id='word_1_23' title='bbox 958 639 1067 708; x_wconf 83' lang='grc' dir='ltr'><strong>ἄρα</strong></span> <span class='ocrx_word' id='word_1_24' title='bbox 1085 635 1371 696; x_wconf 85' lang='grc' dir='ltr'><strong>πεπονθὼς</strong></span> <span class='ocrx_word' id='word_1_25' title='bbox 1400 634 1579 697; x_wconf 80' lang='grc' dir='ltr'><strong>τοῦτο,</strong></span> <span class='ocrx_word' id='word_1_26' title='bbox 1609 633 1642 703; x_wconf 88' lang='grc' dir='ltr'>ἢ</span> <span class='ocrx_word' id='word_1_27' title='bbox 1669 650 1800 684; x_wconf 82' lang='grc' dir='ltr'><strong>κατ-</strong></span> 
     </span>
    </p>
   </div>
   <div class='ocr_carea' id='block_1_7' title="bbox 219 722 1800 806">
    <p class='ocr_par' dir='ltr' id='par_1_7' title="bbox 219 722 1800 806">
     <span class='ocr_line' id='line_1_7' title="bbox 219 722 1800 806; baseline -0.009 -17"><span class='ocrx_word' id='word_1_28' title='bbox 219 735 567 806; x_wconf 85' lang='grc' dir='ltr'><strong>ολιγωρήσας</strong></span> <span class='ocrx_word' id='word_1_29' title='bbox 634 732 729 785; x_wconf 81' lang='grc' dir='ltr'><strong>τοῦ</strong></span> <span class='ocrx_word' id='word_1_30' title='bbox 781 730 1260 800; x_wconf 84' lang='grc' dir='ltr'><strong>προσκτηθέντος,</strong></span> <span class='ocrx_word' id='word_1_31' title='bbox 1314 727 1412 780; x_wconf 76' lang='grc' dir='ltr'><strong>καὶ</strong></span> <span class='ocrx_word' id='word_1_32' title='bbox 1469 728 1641 778; x_wconf 82' lang='grc' dir='ltr'><strong>ταῦτα</strong></span> <span class='ocrx_word' id='word_1_33' title='bbox 1705 722 1800 775; x_wconf 76' lang='grc' dir='ltr'><strong>ἐπὶ</strong></span> 
     </span>
    </p>
   </div>
   <div class='ocr_carea' id='block_1_8' title="bbox 219 815 1799 895">
    <p class='ocr_par' dir='ltr' id='par_1_8' title="bbox 219 815 1799 895">
     <span class='ocr_line' id='line_1_8' title="bbox 219 815 1799 895; baseline -0.009 -15"><span class='ocrx_word' id='word_1_34' title='bbox 219 827 501 888; x_wconf 78' lang='grc' dir='ltr'><strong>τοσούτοις</strong></span> <span class='ocrx_word' id='word_1_35' title='bbox 541 823 728 895; x_wconf 76' lang='grc' dir='ltr'><strong>ἱδρῶσι</strong></span> <span class='ocrx_word' id='word_1_36' title='bbox 778 822 873 875; x_wconf 77' lang='grc' dir='ltr'><strong>καὶ</strong></span> <span class='ocrx_word' id='word_1_37' title='bbox 901 821 1168 881; x_wconf 79' lang='grc' dir='ltr'><strong>πάθεσιν,</strong></span> <span class='ocrx_word' id='word_1_38' title='bbox 1222 819 1310 872; x_wconf 84' lang='grc' dir='ltr'><strong>ἵνα</strong></span> <span class='ocrx_word' id='word_1_39' title='bbox 1351 818 1488 888; x_wconf 91' lang='grc' dir='ltr'><strong>μετά</strong></span> <span class='ocrx_word' id='word_1_40' title='bbox 1516 817 1608 869; x_wconf 81' lang='grc' dir='ltr'><strong>τοῦ</strong></span> <span class='ocrx_word' id='word_1_41' title='bbox 1639 815 1799 868; x_wconf 82' lang='grc' dir='ltr'><strong>δύνα-</strong></span> 
     </span>
    </p>
   </div>
   <div class='ocr_carea' id='block_1_9' title="bbox 223 905 1801 988">
    <p class='ocr_par' dir='ltr' id='par_1_9' title="bbox 223 905 1801 988">
     <span class='ocr_line' id='line_1_9' title="bbox 223 905 1801 988; baseline -0.008 -17"><span class='ocrx_word' id='word_1_42' title='bbox 223 919 348 972; x_wconf 78' lang='grc' dir='ltr'><strong>σθαι</strong></span> <span class='ocrx_word' id='word_1_43' title='bbox 377 917 826 988; x_wconf 80' lang='grc' dir='ltr'><strong>παραιρὴσωνται</strong></span> <span class='ocrx_word' id='word_1_44' title='bbox 857 912 1038 976; x_wconf 72' lang='grc' dir='ltr'><strong>αὑτὸν,</strong></span> <span class='ocrx_word' id='word_1_45' title='bbox 1071 910 1164 964; x_wconf 73' lang='grc' dir='ltr'><strong>καὶ</strong></span> <span class='ocrx_word' id='word_1_46' title='bbox 1201 910 1299 979; x_wconf 88' lang='grc' dir='ltr'><strong>τῆς</strong></span> <span class='ocrx_word' id='word_1_47' title='bbox 1327 909 1635 980; x_wconf 83' lang='grc' dir='ltr'><strong>προσούσης</strong></span> <span class='ocrx_word' id='word_1_48' title='bbox 1672 905 1801 976; x_wconf 72' lang='grc' dir='ltr'><strong>περὶ</strong></span> 
     </span>
    </p>
   </div>
   <div class='ocr_carea' id='block_1_10' title="bbox 223 994 1800 1079">
    <p class='ocr_par' dir='ltr' id='par_1_10' title="bbox 223 994 1800 1079">
     <span class='ocr_line' id='line_1_10' title="bbox 223 994 1800 1079; baseline -0.01 -16"><span class='ocrx_word' id='word_1_49' title='bbox 223 1010 372 1079; x_wconf 80' lang='grc' dir='ltr'><strong>ἡμᾶς</strong></span> <span class='ocrx_word' id='word_1_50' title='bbox 404 1006 727 1075; x_wconf 78' lang='grc' dir='ltr'><strong>κηδεμονίας</strong></span> <span class='ocrx_word' id='word_1_51' title='bbox 750 1005 844 1057; x_wconf 72' lang='grc' dir='ltr'><strong>καὶ</strong></span> <span class='ocrx_word' id='word_1_52' title='bbox 868 1001 1125 1072; x_wconf 85' lang='grc' dir='ltr'><strong>προνοίας</strong></span> <span class='ocrx_word' id='word_1_53' title='bbox 1153 1000 1330 1070; x_wconf 84' lang='grc' dir='ltr'><strong>αύτῴ;</strong></span> <span class='ocrx_word' id='word_1_54' title='bbox 1353 999 1517 1064; x_wconf 84' lang='grc' dir='ltr'><strong>Κενὸς</strong></span> <span class='ocrx_word' id='word_1_55' title='bbox 1539 994 1631 1052; x_wconf 83' lang='grc' dir='ltr'><strong>οὖν</strong></span> <span class='ocrx_word' id='word_1_56' title='bbox 1652 998 1800 1067; x_wconf 82' lang='grc' dir='ltr'><strong>αὐτῷ</strong></span> 
     </span>
    </p>
   </div>
   <div class='ocr_carea' id='block_1_11' title="bbox 222 1090 1801 1167">
    <p class='ocr_par' dir='ltr' id='par_1_11' title="bbox 222 1090 1801 1167">
     <span class='ocr_line' id='line_1_11' title="bbox 222 1090 1801 1167; baseline -0.008 -13"><span class='ocrx_word' id='word_1_57' title='bbox 222 1105 252 1154; x_wconf 85' lang='grc' dir='ltr'>ὁ</span> <span class='ocrx_word' id='word_1_58' title='bbox 285 1099 434 1167; x_wconf 85' lang='grc' dir='ltr'><strong>ἀγὼν</strong></span> <span class='ocrx_word' id='word_1_59' title='bbox 463 1098 583 1151; x_wconf 78' lang='grc' dir='ltr'><strong>κατ’</strong></span> <span class='ocrx_word' id='word_1_60' title='bbox 627 1097 842 1160; x_wconf 78' lang='grc' dir='ltr'><strong>αὐτοὺς,</strong></span> <span class='ocrx_word' id='word_1_61' title='bbox 879 1095 974 1148; x_wconf 75' lang='grc' dir='ltr'><strong>καὶ</strong></span> <span class='ocrx_word' id='word_1_62' title='bbox 1016 1095 1192 1163; x_wconf 81' lang='grc' dir='ltr'><strong>μάτην</strong></span> <span class='ocrx_word' id='word_1_63' title='bbox 1222 1094 1255 1161; x_wconf 78' lang='grc' dir='ltr'>ἡ</span> <span class='ocrx_word' id='word_1_64' title='bbox 1280 1092 1421 1162; x_wconf 75' lang='grc' dir='ltr'><strong>πρὸς</strong></span> <span class='ocrx_word' id='word_1_65' title='bbox 1449 1090 1540 1143; x_wconf 82' lang='grc' dir='ltr'><strong>τὸν</strong></span> <span class='ocrx_word' id='word_1_66' title='bbox 1571 1090 1801 1144; x_wconf 82' lang='grc' dir='ltr'><strong>ἀντίπα-</strong></span> 
     </span>
    </p>
   </div>
   <div class='ocr_carea' id='block_1_12' title="bbox 223 1179 1801 1257">
    <p class='ocr_par' dir='ltr' id='par_1_12' title="bbox 223 1179 1801 1257">
     <span class='ocr_line' id='line_1_12' title="bbox 223 1179 1801 1257; baseline -0.006 -18"><span class='ocrx_word' id='word_1_67' title='bbox 223 1189 319 1241; x_wconf 82' lang='grc' dir='ltr'><strong>λον</strong></span> <span class='ocrx_word' id='word_1_68' title='bbox 371 1187 612 1257; x_wconf 85' lang='grc' dir='ltr'><strong>διαμάχη</strong></span> <span class='ocrx_word' id='word_1_69' title='bbox 672 1185 996 1254; x_wconf 76' lang='grc' dir='ltr'><strong>ἓξήνυσται·</strong></span> <span class='ocrx_word' id='word_1_70' title='bbox 1047 1182 1187 1252; x_wconf 84' lang='grc' dir='ltr'><strong>τάχα</strong></span> <span class='ocrx_word' id='word_1_71' title='bbox 1234 1199 1336 1233; x_wconf 81' lang='grc' dir='ltr'><strong>που</strong></span> <span class='ocrx_word' id='word_1_72' title='bbox 1392 1180 1485 1233; x_wconf 68' lang='grc' dir='ltr'><strong>καὶ</strong></span> <span class='ocrx_word' id='word_1_73' title='bbox 1532 1179 1801 1249; x_wconf 80' lang='grc' dir='ltr'><strong>δευτέρων</strong></span> 
     </span>
    </p>
   </div>
   <div class='ocr_carea' id='block_1_13' title="bbox 224 1273 1802 1349">
    <p class='ocr_par' dir='ltr' id='par_1_13' title="bbox 224 1273 1802 1349">
     <span class='ocr_line' id='line_1_13' title="bbox 224 1273 1802 1349; baseline -0.008 -15"><span class='ocrx_word' id='word_1_74' title='bbox 224 1281 454 1347; x_wconf 78' lang='grc' dir='ltr'><strong>ἀγώνων</strong></span> <span class='ocrx_word' id='word_1_75' title='bbox 482 1279 628 1349; x_wconf 79' lang='grc' dir='ltr'><strong>αὐτῷ</strong></span> <span class='ocrx_word' id='word_1_76' title='bbox 660 1279 862 1348; x_wconf 83' lang='grc' dir='ltr'><strong>δεήσει,</strong></span> <span class='ocrx_word' id='word_1_77' title='bbox 897 1277 987 1328; x_wconf 79' lang='grc' dir='ltr'><strong>καὶ</strong></span> <span class='ocrx_word' id='word_1_78' title='bbox 1017 1273 1476 1346; x_wconf 45' lang='grc' dir='ltr'><strong>πράγματαίὲξει,</strong></span> <span class='ocrx_word' id='word_1_79' title='bbox 1514 1273 1609 1326; x_wconf 67' lang='grc' dir='ltr'><strong>καὶ</strong></span> <span class='ocrx_word' id='word_1_80' title='bbox 1639 1288 1802 1341; x_wconf 70' lang='grc' dir='ltr'><strong>φρονε-</strong></span> 
     </span>
    </p>
   </div>
   <div class='ocr_carea' id='block_1_14' title="bbox 222 1352 1802 1440">
    <p class='ocr_par' dir='ltr' id='par_1_14' title="bbox 222 1352 1802 1440">
     <span class='ocr_line' id='line_1_14' title="bbox 222 1352 1802 1440; baseline -0.006 -16"><span class='ocrx_word' id='word_1_81' title='bbox 222 1372 388 1424; x_wconf 86' lang='grc' dir='ltr'><strong>τίδων</strong></span> <span class='ocrx_word' id='word_1_82' title='bbox 416 1371 524 1423; x_wconf 84' lang='grc' dir='ltr'><strong>τῶν</strong></span> <span class='ocrx_word' id='word_1_83' title='bbox 568 1367 704 1440; x_wconf 69' lang='grc' dir='ltr'><strong>πρὸς</strong></span> <span class='ocrx_word' id='word_1_84' title='bbox 735 1369 926 1438; x_wconf 71' lang='grc' dir='ltr'><strong>ἐχθρὸν</strong></span> <span class='ocrx_word' id='word_1_85' title='bbox 953 1369 1052 1420; x_wconf 74' lang='grc' dir='ltr'><strong>οὐκ</strong></span> <span class='ocrx_word' id='word_1_86' title='bbox 1077 1352 1380 1436; x_wconf 73' lang='grc' dir='ltr'><strong>ἀπολήξει,</strong></span> <span class='ocrx_word' id='word_1_87' title='bbox 1413 1363 1503 1416; x_wconf 81' lang='grc' dir='ltr'><strong>καί</strong></span> <span class='ocrx_word' id='word_1_88' title='bbox 1542 1381 1671 1415; x_wconf 83' lang='grc' dir='ltr'><strong>ποτε</strong></span> <span class='ocrx_word' id='word_1_89' title='bbox 1707 1363 1802 1416; x_wconf 79' lang='grc' dir='ltr'><strong>καὶ</strong></span> 
     </span>
    </p>
   </div>
   <div class='ocr_carea' id='block_1_15' title="bbox 223 1453 1803 1533">
    <p class='ocr_par' dir='ltr' id='par_1_15' title="bbox 223 1453 1803 1533">
     <span class='ocr_line' id='line_1_15' title="bbox 223 1453 1803 1533; baseline -0.008 -16"><span class='ocrx_word' id='word_1_90' title='bbox 223 1464 394 1533; x_wconf 75' lang='grc' dir='ltr'><strong>ἄλλης</strong></span> <span class='ocrx_word' id='word_1_91' title='bbox 424 1461 572 1531; x_wconf 80' lang='grc' dir='ltr'><strong>αὐτῷ</strong></span> <span class='ocrx_word' id='word_1_92' title='bbox 609 1462 835 1532; x_wconf 83' lang='grc' dir='ltr'>μελήσει</span> <span class='ocrx_word' id='word_1_93' title='bbox 870 1459 1220 1530; x_wconf 84' lang='grc' dir='ltr'><strong>σαρκώσεως,</strong></span> <span class='ocrx_word' id='word_1_94' title='bbox 1252 1458 1347 1510; x_wconf 79' lang='grc' dir='ltr'><strong>καὶ</strong></span> <span class='ocrx_word' id='word_1_95' title='bbox 1385 1455 1616 1525; x_wconf 86' lang='grc' dir='ltr'><strong>σταυρὸν</strong></span> <span class='ocrx_word' id='word_1_96' title='bbox 1645 1453 1803 1509; x_wconf 80' lang='grc' dir='ltr'><strong>ἄλλον</strong></span> 
     </span>
    </p>
   </div>
   <div class='ocr_carea' id='block_1_16' title="bbox 224 1544 1802 1620">
    <p class='ocr_par' dir='ltr' id='par_1_16' title="bbox 224 1544 1802 1620">
     <span class='ocr_line' id='line_1_16' title="bbox 224 1544 1802 1620; baseline -0.005 -11"><span class='ocrx_word' id='word_1_97' title='bbox 224 1557 327 1609; x_wconf 68' lang='grc' dir='ltr'><strong>καὶ</strong></span> <span class='ocrx_word' id='word_1_98' title='bbox 377 1556 544 1617; x_wconf 84' lang='grc' dir='ltr'><strong>πάθος</strong></span> <span class='ocrx_word' id='word_1_99' title='bbox 593 1554 900 1620; x_wconf 73' lang='grc' dir='ltr'><strong>ἐκδέξεται·</strong></span> <span class='ocrx_word' id='word_1_100' title='bbox 951 1552 1010 1617; x_wconf 81' lang='grc' dir='ltr'>ἐξ</span> <span class='ocrx_word' id='word_1_101' title='bbox 1055 1544 1116 1604; x_wconf 76' lang='grc' dir='ltr'><strong>οὗ</strong></span> <span class='ocrx_word' id='word_1_102' title='bbox 1160 1549 1499 1620; x_wconf 76' lang='grc' dir='ltr'><strong>συμϐήσεται</strong></span> <span class='ocrx_word' id='word_1_103' title='bbox 1539 1547 1802 1615; x_wconf 87' lang='grc' dir='ltr'><strong>ἀνάλογον</strong></span> 
     </span>
    </p>
   </div>
   <div class='ocr_carea' id='block_1_17' title="bbox 225 1639 1802 1713">
    <p class='ocr_par' dir='ltr' id='par_1_17' title="bbox 225 1639 1802 1713">
     <span class='ocr_line' id='line_1_17' title="bbox 225 1639 1802 1713; baseline -0.006 -14"><span class='ocrx_word' id='word_1_104' title='bbox 225 1647 442 1707; x_wconf 81' lang='grc' dir='ltr'><strong>τούτοις</strong></span> <span class='ocrx_word' id='word_1_105' title='bbox 473 1643 616 1708; x_wconf 72' lang='grc' dir='ltr'><strong>ἕξειν</strong></span> <span class='ocrx_word' id='word_1_106' title='bbox 645 1644 740 1696; x_wconf 70' lang='grc' dir='ltr'><strong>καὶ</strong></span> <span class='ocrx_word' id='word_1_107' title='bbox 762 1643 860 1713; x_wconf 78' lang='grc' dir='ltr'><strong>τὴν</strong></span> <span class='ocrx_word' id='word_1_108' title='bbox 886 1642 1211 1713; x_wconf 76' lang='grc' dir='ltr'><strong>θρησκείαν·</strong></span> <span class='ocrx_word' id='word_1_109' title='bbox 1251 1644 1299 1692; x_wconf 86' lang='grc' dir='ltr'><strong>εί</strong></span> <span class='ocrx_word' id='word_1_110' title='bbox 1340 1641 1447 1710; x_wconf 77' lang='grc' dir='ltr'><strong>γάρ</strong></span> <span class='ocrx_word' id='word_1_111' title='bbox 1483 1639 1802 1709; x_wconf 82' lang='grc' dir='ltr'><strong>κατήργηκε</strong></span> 
     </span>
    </p>
   </div>
   <div class='ocr_carea' id='block_1_18' title="bbox 224 1718 1804 1805">
    <p class='ocr_par' dir='ltr' id='par_1_18' title="bbox 224 1718 1804 1805">
     <span class='ocr_line' id='line_1_18' title="bbox 224 1718 1804 1805; baseline -0.005 -19"><span class='ocrx_word' id='word_1_112' title='bbox 224 1735 333 1805; x_wconf 79' lang='grc' dir='ltr'><strong>τὴν</strong></span> <span class='ocrx_word' id='word_1_113' title='bbox 368 1733 783 1801; x_wconf 76' lang='grc' dir='ltr'><strong>εἰδωλολατρίαν</strong></span> <span class='ocrx_word' id='word_1_114' title='bbox 812 1732 1067 1799; x_wconf 71' lang='grc' dir='ltr'><strong>Χριστὸς,</strong></span> <span class='ocrx_word' id='word_1_115' title='bbox 1097 1718 1193 1784; x_wconf 72' lang='grc' dir='ltr'><strong>καὶ</strong></span> <span class='ocrx_word' id='word_1_116' title='bbox 1221 1729 1378 1782; x_wconf 84' lang='grc' dir='ltr'><strong>τοῦτο</strong></span> <span class='ocrx_word' id='word_1_117' title='bbox 1403 1728 1646 1798; x_wconf 81' lang='grc' dir='ltr'><strong>ὑπῆρξεν</strong></span> <span class='ocrx_word' id='word_1_118' title='bbox 1673 1729 1804 1797; x_wconf 74' lang='grc' dir='ltr'><strong>ἡμῖν</strong></span> 
     </span>
    </p>
   </div>
   <div class='ocr_carea' id='block_1_19' title="bbox 226 1814 1804 1893">
    <p class='ocr_par' dir='ltr' id='par_1_19' title="bbox 226 1814 1804 1893">
     <span class='ocr_line' id='line_1_19' title="bbox 226 1814 1804 1893; baseline -0.004 -17"><span class='ocrx_word' id='word_1_119' title='bbox 226 1824 420 1893; x_wconf 74' lang='grc' dir='ltr'><strong>ψυχῶν</strong></span> <span class='ocrx_word' id='word_1_120' title='bbox 463 1821 697 1893; x_wconf 87' lang='grc' dir='ltr'><strong>ἰατρεία,</strong></span> <span class='ocrx_word' id='word_1_121' title='bbox 739 1814 857 1874; x_wconf 73' lang='grc' dir='ltr'><strong>εἶτα</strong></span> <span class='ocrx_word' id='word_1_122' title='bbox 890 1823 1162 1892; x_wconf 75' lang='grc' dir='ltr'><strong>ἐπανῆκεν</strong></span> <span class='ocrx_word' id='word_1_123' title='bbox 1212 1819 1558 1874; x_wconf 78' lang='grc' dir='ltr'><strong>ἀναπνεύσαν</strong></span> <span class='ocrx_word' id='word_1_124' title='bbox 1585 1819 1647 1872; x_wconf 82' lang='grc' dir='ltr'><strong>τὸ</strong></span> <span class='ocrx_word' id='word_1_125' title='bbox 1677 1817 1804 1889; x_wconf 85' lang='grc' dir='ltr'><strong>βλα-</strong></span> 
     </span>
    </p>
   </div>
   <div class='ocr_carea' id='block_1_20' title="bbox 1909 624 3481 698">
    <p class='ocr_par' dir='ltr' id='par_1_20' title="bbox 1909 624 3481 698">
     <span class='ocr_line' id='line_1_20' title="bbox 1909 624 3481 698; baseline -0.001 -18"><span class='ocrx_word' id='word_1_126' title='bbox 1909 629 2176 698; x_wconf 88' lang='lat' dir='ltr'><strong>tentiam,</strong></span> <span class='ocrx_word' id='word_1_127' title='bbox 2232 625 2494 694; x_wconf 84' lang='lat' dir='ltr'><strong>spoliatus</strong></span> <span class='ocrx_word' id='word_1_128' title='bbox 2564 624 2726 678; x_wconf 82' lang='lat' dir='ltr'><strong>fuerit</strong></span> <span class='ocrx_word' id='word_1_129' title='bbox 2777 624 3127 694; x_wconf 78' lang='lat' dir='ltr'><strong>vicissimque</strong></span> <span class='ocrx_word' id='word_1_130' title='bbox 3200 625 3481 679; x_wconf 77' lang='lat' dir='ltr'><strong>devictus?</strong></span> 
     </span>
    </p>
   </div>
   <div class='ocr_carea' id='block_1_21' title="bbox 1905 715 3479 783">
    <p class='ocr_par' dir='ltr' id='par_1_21' title="bbox 1905 715 3479 783">
     <span class='ocr_line' id='line_1_21' title="bbox 1905 715 3479 783; baseline -0.003 -11"><span class='ocrx_word' id='word_1_131' title='bbox 1905 717 2044 772; x_wconf 86' lang='lat' dir='ltr'><strong>Num</strong></span> <span class='ocrx_word' id='word_1_132' title='bbox 2075 715 2357 770; x_wconf 88' lang='lat' dir='ltr'><strong>debilitate</strong></span> <span class='ocrx_word' id='word_1_133' title='bbox 2381 731 2475 768; x_wconf 90' lang='lat' dir='ltr'><strong>sua</strong></span> <span class='ocrx_word' id='word_1_134' title='bbox 2511 715 2560 768; x_wconf 90' lang='lat' dir='ltr'><strong>id</strong></span> <span class='ocrx_word' id='word_1_135' title='bbox 2590 729 2801 783; x_wconf 85' lang='lat' dir='ltr'><strong>passus,</strong></span> <span class='ocrx_word' id='word_1_136' title='bbox 2825 726 2917 769; x_wconf 88' lang='lat' dir='ltr'><strong>aut</strong></span> <span class='ocrx_word' id='word_1_137' title='bbox 2953 716 3232 782; x_wconf 77' lang='lat' dir='ltr'><strong>acquisita:</strong></span> <span class='ocrx_word' id='word_1_138' title='bbox 3267 715 3342 768; x_wconf 85' lang='lat' dir='ltr'><strong>rei</strong></span> <span class='ocrx_word' id='word_1_139' title='bbox 3386 731 3479 767; x_wconf 86' lang='lat' dir='ltr'><strong>ne-</strong></span> 
     </span>
    </p>
   </div>
   <div class='ocr_carea' id='block_1_22' title="bbox 1911 805 3476 884">
    <p class='ocr_par' dir='ltr' id='par_1_22' title="bbox 1911 805 3476 884">
     <span class='ocr_line' id='line_1_22' title="bbox 1911 805 3476 884; baseline -0.004 -18"><span class='ocrx_word' id='word_1_140' title='bbox 1911 811 2189 884; x_wconf 81' lang='lat' dir='ltr'><strong>gligentia,</strong></span> <span class='ocrx_word' id='word_1_141' title='bbox 2228 820 2282 862; x_wconf 91' lang='lat' dir='ltr'><strong>et</strong></span> <span class='ocrx_word' id='word_1_142' title='bbox 2323 810 2540 879; x_wconf 91' lang='lat' dir='ltr'><strong>quidem</strong></span> <span class='ocrx_word' id='word_1_143' title='bbox 2574 815 2696 877; x_wconf 91' lang='lat' dir='ltr'><strong>post</strong></span> <span class='ocrx_word' id='word_1_144' title='bbox 2721 816 2796 860; x_wconf 90' lang='lat' dir='ltr'><strong>tot</strong></span> <span class='ocrx_word' id='word_1_145' title='bbox 2827 809 3053 863; x_wconf 81' lang='lat' dir='ltr'><strong>sudores</strong></span> <span class='ocrx_word' id='word_1_146' title='bbox 3075 816 3234 874; x_wconf 90' lang='lat' dir='ltr'><strong>atque</strong></span> <span class='ocrx_word' id='word_1_147' title='bbox 3261 805 3476 860; x_wconf 85' lang='lat' dir='ltr'><strong>crucia-</strong></span> 
     </span>
    </p>
   </div>
   <div class='ocr_carea' id='block_1_23' title="bbox 1909 899 3474 969">
    <p class='ocr_par' dir='ltr' id='par_1_23' title="bbox 1909 899 3474 969">
     <span class='ocr_line' id='line_1_23' title="bbox 1909 899 3474 969; baseline -0.006 -12"><span class='ocrx_word' id='word_1_148' title='bbox 1909 903 2033 957; x_wconf 83' lang='lat' dir='ltr'><strong>tus?</strong></span> <span class='ocrx_word' id='word_1_149' title='bbox 2089 902 2352 960; x_wconf 85' lang='lat' dir='ltr'><strong>Patietur,</strong></span> <span class='ocrx_word' id='word_1_150' title='bbox 2390 899 2634 969; x_wconf 88' lang='lat' dir='ltr'><strong>inquam,</strong></span> <span class='ocrx_word' id='word_1_151' title='bbox 2668 899 2886 968; x_wconf 89' lang='lat' dir='ltr'><strong>spoliari</strong></span> <span class='ocrx_word' id='word_1_152' title='bbox 2934 915 2990 952; x_wconf 83' lang='lat' dir='ltr'><strong>se</strong></span> <span class='ocrx_word' id='word_1_153' title='bbox 3039 915 3160 951; x_wconf 91' lang='lat' dir='ltr'><strong>cum</strong></span> <span class='ocrx_word' id='word_1_154' title='bbox 3211 899 3474 965; x_wconf 72' lang='lat' dir='ltr'><strong>polentia,</strong></span> 
     </span>
    </p>
   </div>
   <div class='ocr_carea' id='block_1_24' title="bbox 1908 984 3475 1060">
    <p class='ocr_par' dir='ltr' id='par_1_24' title="bbox 1908 984 3475 1060">
     <span class='ocr_line' id='line_1_24' title="bbox 1908 984 3475 1060; baseline -0.007 -12"><span class='ocrx_word' id='word_1_155' title='bbox 1908 1009 2002 1049; x_wconf 87' lang='lat' dir='ltr'><strong>sua</strong></span> <span class='ocrx_word' id='word_1_156' title='bbox 2037 1006 2250 1060; x_wconf 91' lang='lat' dir='ltr'><strong>quoque</strong></span> <span class='ocrx_word' id='word_1_157' title='bbox 2280 1003 2405 1057; x_wconf 73' lang='lat' dir='ltr'><strong>erga</strong></span> <span class='ocrx_word' id='word_1_158' title='bbox 2459 1004 2555 1042; x_wconf 89' lang='lat' dir='ltr'><strong>nos</strong></span> <span class='ocrx_word' id='word_1_159' title='bbox 2582 1003 2709 1042; x_wconf 91' lang='lat' dir='ltr'><strong>cura</strong></span> <span class='ocrx_word' id='word_1_160' title='bbox 2753 1005 2814 1042; x_wconf 87' lang='lat' dir='ltr'><strong>ac</strong></span> <span class='ocrx_word' id='word_1_161' title='bbox 2858 988 3237 1057; x_wconf 71' lang='lat' dir='ltr'><strong>providentia?</strong></span> <span class='ocrx_word' id='word_1_162' title='bbox 3265 984 3475 1040; x_wconf 84' lang='lat' dir='ltr'><strong>Vanum</strong></span> 
     </span>
    </p>
   </div>
   <div class='ocr_carea' id='block_1_25' title="bbox 1910 1078 3477 1152">
    <p class='ocr_par' dir='ltr' id='par_1_25' title="bbox 1910 1078 3477 1152">
     <span class='ocr_line' id='line_1_25' title="bbox 1910 1078 3477 1152; baseline -0.007 -13"><span class='ocrx_word' id='word_1_163' title='bbox 1910 1086 2092 1152; x_wconf 83' lang='lat' dir='ltr'><strong>itaque</strong></span> <span class='ocrx_word' id='word_1_164' title='bbox 2123 1082 2225 1136; x_wconf 84' lang='lat' dir='ltr'><strong>fuit</strong></span> <span class='ocrx_word' id='word_1_165' title='bbox 2253 1080 2370 1146; x_wconf 83' lang='lat' dir='ltr'><strong>ejus</strong></span> <span class='ocrx_word' id='word_1_166' title='bbox 2404 1088 2700 1142; x_wconf 85' lang='lat' dir='ltr'><strong>certamen,</strong></span> <span class='ocrx_word' id='word_1_167' title='bbox 2738 1078 2941 1132; x_wconf 78' lang='lat' dir='ltr'><strong>frustra</strong></span> <span class='ocrx_word' id='word_1_168' title='bbox 2973 1087 3162 1131; x_wconf 90' lang='lat' dir='ltr'><strong>contra</strong></span> <span class='ocrx_word' id='word_1_169' title='bbox 3215 1079 3477 1129; x_wconf 87' lang='lat' dir='ltr'><strong>adversa-</strong></span> 
     </span>
    </p>
   </div>
   <div class='ocr_carea' id='block_1_26' title="bbox 1907 1166 3479 1243">
    <p class='ocr_par' dir='ltr' id='par_1_26' title="bbox 1907 1166 3479 1243">
     <span class='ocr_line' id='line_1_26' title="bbox 1907 1166 3479 1243; baseline -0.008 -14"><span class='ocrx_word' id='word_1_170' title='bbox 1907 1177 2046 1230; x_wconf 91' lang='lat' dir='ltr'><strong>rium</strong></span> <span class='ocrx_word' id='word_1_171' title='bbox 2081 1188 2315 1243; x_wconf 77' lang='lat' dir='ltr'><strong>pugnam</strong></span> <span class='ocrx_word' id='word_1_172' title='bbox 2349 1185 2501 1225; x_wconf 89' lang='lat' dir='ltr'><strong>suam</strong></span> <span class='ocrx_word' id='word_1_173' title='bbox 2535 1170 2950 1223; x_wconf 83' lang='lat' dir='ltr'><strong>consummavit.</strong></span> <span class='ocrx_word' id='word_1_174' title='bbox 2980 1167 3238 1222; x_wconf 85' lang='lat' dir='ltr'><strong>Fortasse</strong></span> <span class='ocrx_word' id='word_1_175' title='bbox 3269 1175 3322 1219; x_wconf 90' lang='lat' dir='ltr'><strong>et</strong></span> <span class='ocrx_word' id='word_1_176' title='bbox 3355 1166 3479 1219; x_wconf 88' lang='lat' dir='ltr'><strong>aliis</strong></span> 
     </span>
    </p>
   </div>
   <div class='ocr_carea' id='block_1_27' title="bbox 1908 1259 3475 1334">
    <p class='ocr_par' dir='ltr' id='par_1_27' title="bbox 1908 1259 3475 1334">
     <span class='ocr_line' id='line_1_27' title="bbox 1908 1259 3475 1334; baseline -0.01 -13"><span class='ocrx_word' id='word_1_177' title='bbox 1908 1280 2046 1334; x_wconf 88' lang='lat' dir='ltr'><strong>opus</strong></span> <span class='ocrx_word' id='word_1_178' title='bbox 2066 1261 2118 1317; x_wconf 91' lang='lat' dir='ltr'><strong>ei</strong></span> <span class='ocrx_word' id='word_1_179' title='bbox 2144 1264 2246 1316; x_wconf 88' lang='lat' dir='ltr'><strong>erit</strong></span> <span class='ocrx_word' id='word_1_180' title='bbox 2274 1260 2681 1321; x_wconf 84' lang='lat' dir='ltr'><strong>certaminibus,</strong></span> <span class='ocrx_word' id='word_1_181' title='bbox 2707 1268 2759 1313; x_wconf 89' lang='lat' dir='ltr'><strong>et</strong></span> <span class='ocrx_word' id='word_1_182' title='bbox 2790 1259 3061 1326; x_wconf 74' lang='lat' dir='ltr'><strong>negotium</strong></span> <span class='ocrx_word' id='word_1_183' title='bbox 3080 1260 3127 1312; x_wconf 92' lang='lat' dir='ltr'><strong>ei</strong></span> <span class='ocrx_word' id='word_1_184' title='bbox 3155 1260 3475 1320; x_wconf 80' lang='lat' dir='ltr'><strong>lacessetur,</strong></span> 
     </span>
    </p>
   </div>
   <div class='ocr_carea' id='block_1_28' title="bbox 1910 1349 3475 1423">
    <p class='ocr_par' dir='ltr' id='par_1_28' title="bbox 1910 1349 3475 1423">
     <span class='ocr_line' id='line_1_28' title="bbox 1910 1349 3475 1423; baseline -0.007 -12"><span class='ocrx_word' id='word_1_185' title='bbox 1910 1368 2084 1423; x_wconf 89' lang='lat' dir='ltr'><strong>neque</strong></span> <span class='ocrx_word' id='word_1_186' title='bbox 2119 1369 2146 1406; x_wconf 86' lang='lat' dir='ltr'><strong>a</strong></span> <span class='ocrx_word' id='word_1_187' title='bbox 2175 1352 2635 1408; x_wconf 89' lang='lat' dir='ltr'><strong>sollicitudinibus</strong></span> <span class='ocrx_word' id='word_1_188' title='bbox 2664 1349 2733 1406; x_wconf 92' lang='lat' dir='ltr'><strong>ob</strong></span> <span class='ocrx_word' id='word_1_189' title='bbox 2778 1351 2989 1404; x_wconf 79' lang='lat' dir='ltr'><strong>hostem</strong></span> <span class='ocrx_word' id='word_1_190' title='bbox 3021 1364 3175 1402; x_wconf 88' lang='lat' dir='ltr'><strong>smun</strong></span> <span class='ocrx_word' id='word_1_191' title='bbox 3207 1350 3475 1414; x_wconf 78' lang='lat' dir='ltr'><strong>cessabit;</strong></span> 
     </span>
    </p>
   </div>
   <div class='ocr_carea' id='block_1_29' title="bbox 1909 1431 3478 1513">
    <p class='ocr_par' dir='ltr' id='par_1_29' title="bbox 1909 1431 3478 1513">
     <span class='ocr_line' id='line_1_29' title="bbox 1909 1431 3478 1513; baseline -0.004 -14"><span class='ocrx_word' id='word_1_192' title='bbox 1909 1455 1962 1499; x_wconf 86' lang='lat' dir='ltr'><strong>et</strong></span> <span class='ocrx_word' id='word_1_193' title='bbox 1993 1446 2059 1498; x_wconf 88' lang='lat' dir='ltr'><strong>de</strong></span> <span class='ocrx_word' id='word_1_194' title='bbox 2094 1444 2198 1497; x_wconf 86' lang='lat' dir='ltr'><strong>alia</strong></span> <span class='ocrx_word' id='word_1_195' title='bbox 2221 1442 2485 1513; x_wconf 74' lang='lat' dir='ltr'><strong>cogitabit</strong></span> <span class='ocrx_word' id='word_1_196' title='bbox 2516 1431 2803 1511; x_wconf 72' lang='lat' dir='ltr'><strong>aliquando</strong></span> <span class='ocrx_word' id='word_1_197' title='bbox 2840 1440 3233 1504; x_wconf 86' lang='lat' dir='ltr'><strong>incarnatiOne,</strong></span> <span class='ocrx_word' id='word_1_198' title='bbox 3274 1450 3326 1492; x_wconf 82' lang='lat' dir='ltr'><strong>et</strong></span> <span class='ocrx_word' id='word_1_199' title='bbox 3351 1455 3478 1493; x_wconf 92' lang='lat' dir='ltr'><strong>cru-</strong></span> 
     </span>
    </p>
   </div>
   <div class='ocr_carea' id='block_1_30' title="bbox 1911 1532 3478 1604">
    <p class='ocr_par' dir='ltr' id='par_1_30' title="bbox 1911 1532 3478 1604">
     <span class='ocr_line' id='line_1_30' title="bbox 1911 1532 3478 1604; baseline -0.007 -13"><span class='ocrx_word' id='word_1_200' title='bbox 1911 1551 2027 1591; x_wconf 89' lang='lat' dir='ltr'><strong>cem</strong></span> <span class='ocrx_word' id='word_1_201' title='bbox 2059 1536 2218 1589; x_wconf 86' lang='lat' dir='ltr'><strong>aliatn</strong></span> <span class='ocrx_word' id='word_1_202' title='bbox 2234 1549 2297 1589; x_wconf 89' lang='lat' dir='ltr'><strong>ac</strong></span> <span class='ocrx_word' id='word_1_203' title='bbox 2315 1532 2621 1604; x_wconf 86' lang='lat' dir='ltr'><strong>passionem</strong></span> <span class='ocrx_word' id='word_1_204' title='bbox 2653 1533 2886 1600; x_wconf 76' lang='lat' dir='ltr'><strong>excipiet</strong></span> <span class='ocrx_word' id='word_1_205' title='bbox 2909 1547 3005 1598; x_wconf 81' lang='lat' dir='ltr'><strong>;ex</strong></span> <span class='ocrx_word' id='word_1_206' title='bbox 3043 1544 3150 1600; x_wconf 90' lang='lat' dir='ltr'><strong>quo</strong></span> <span class='ocrx_word' id='word_1_207' title='bbox 3177 1533 3478 1598; x_wconf 80' lang='lat' dir='ltr'><strong>continget,</strong></span> 
     </span>
    </p>
   </div>
   <div class='ocr_carea' id='block_1_31' title="bbox 1911 1621 3480 1694">
    <p class='ocr_par' dir='ltr' id='par_1_31' title="bbox 1911 1621 3480 1694">
     <span class='ocr_line' id='line_1_31' title="bbox 1911 1621 3480 1694; baseline -0.005 -13"><span class='ocrx_word' id='word_1_208' title='bbox 1911 1635 1969 1681; x_wconf 91' lang='lat' dir='ltr'><strong>ut</strong></span> <span class='ocrx_word' id='word_1_209' title='bbox 1996 1626 2077 1682; x_wconf 88' lang='lat' dir='ltr'><strong>bis</strong></span> <span class='ocrx_word' id='word_1_210' title='bbox 2104 1626 2391 1694; x_wconf 83' lang='lat' dir='ltr'><strong>analogum</strong></span> <span class='ocrx_word' id='word_1_211' title='bbox 2425 1637 2640 1692; x_wconf 88' lang='lat' dir='ltr'><strong>quoque</strong></span> <span class='ocrx_word' id='word_1_212' title='bbox 2670 1623 2870 1676; x_wconf 91' lang='lat' dir='ltr'><strong>cultum</strong></span> <span class='ocrx_word' id='word_1_213' title='bbox 2903 1623 2972 1675; x_wconf 88' lang='lat' dir='ltr'><strong>sit</strong></span> <span class='ocrx_word' id='word_1_214' title='bbox 3002 1623 3310 1675; x_wconf 86' lang='lat' dir='ltr'><strong>habiturus.</strong></span> <span class='ocrx_word' id='word_1_215' title='bbox 3348 1621 3480 1674; x_wconf 82' lang='lat' dir='ltr'><strong>Nam</strong></span> 
     </span>
    </p>
   </div>
   <div class='ocr_carea' id='block_1_32' title="bbox 1911 1711 3481 1779">
    <p class='ocr_par' dir='ltr' id='par_1_32' title="bbox 1911 1711 3481 1779">
     <span class='ocr_line' id='line_1_32' title="bbox 1911 1711 3481 1779; baseline -0.008 -5"><span class='ocrx_word' id='word_1_216' title='bbox 1911 1721 1956 1774; x_wconf 88' lang='lat' dir='ltr'><strong>si</strong></span> <span class='ocrx_word' id='word_1_217' title='bbox 1989 1717 2258 1773; x_wconf 83' lang='lat' dir='ltr'><strong>destruxit</strong></span> <span class='ocrx_word' id='word_1_218' title='bbox 2290 1714 2652 1769; x_wconf 80' lang='lat' dir='ltr'><strong>idololatriam</strong></span> <span class='ocrx_word' id='word_1_219' title='bbox 2683 1714 2957 1777; x_wconf 79' lang='lat' dir='ltr'><strong>Christus,</strong></span> <span class='ocrx_word' id='word_1_220' title='bbox 2994 1713 3154 1779; x_wconf 82' lang='lat' dir='ltr'><strong>idque</strong></span> <span class='ocrx_word' id='word_1_221' title='bbox 3201 1714 3354 1766; x_wconf 87' lang='lat' dir='ltr'><strong>nobis</strong></span> <span class='ocrx_word' id='word_1_222' title='bbox 3381 1711 3481 1766; x_wconf 85' lang='lat' dir='ltr'><strong>fuit</strong></span> 
     </span>
    </p>
   </div>
   <div class='ocr_carea' id='block_1_33' title="bbox 1912 1804 3482 1874">
    <p class='ocr_par' dir='ltr' id='par_1_33' title="bbox 1912 1804 3482 1874">
     <span class='ocr_line' id='line_1_33' title="bbox 1912 1804 3482 1874; baseline -0.004 -12"><span class='ocrx_word' id='word_1_223' title='bbox 1912 1811 2213 1864; x_wconf 87' lang='lat' dir='ltr'><strong>animarmn</strong></span> <span class='ocrx_word' id='word_1_224' title='bbox 2237 1808 2609 1874; x_wconf 84' lang='lat' dir='ltr'><strong>medicamen;</strong></span> <span class='ocrx_word' id='word_1_225' title='bbox 2635 1815 2818 1874; x_wconf 84' lang='lat' dir='ltr'><strong>postea</strong></span> <span class='ocrx_word' id='word_1_226' title='bbox 2846 1819 2975 1860; x_wconf 88' lang='lat' dir='ltr'><strong>vero</strong></span> <span class='ocrx_word' id='word_1_227' title='bbox 3009 1806 3121 1858; x_wconf 83' lang='lat' dir='ltr'><strong>haec</strong></span> <span class='ocrx_word' id='word_1_228' title='bbox 3155 1804 3319 1873; x_wconf 80' lang='lat' dir='ltr'><strong>pestis</strong></span> <span class='ocrx_word' id='word_1_229' title='bbox 3362 1817 3482 1856; x_wconf 82' lang='lat' dir='ltr'><strong>rur-</strong></span> 
     </span>
    </p>
   </div>
   <div class='ocr_carea' id='block_1_34' title="bbox 231 1895 1852 1986">
    <p class='ocr_par' dir='ltr' id='par_1_34' title="bbox 231 1896 1852 1986">
     <span class='ocr_line' id='line_1_34' title="bbox 231 1896 1852 1986; baseline -0.004 -19"><span class='ocrx_word' id='word_1_230' title='bbox 231 1916 418 1986; x_wconf 78' lang='grc' dir='ltr'><strong>ϐερὸν,</strong></span> <span class='ocrx_word' id='word_1_231' title='bbox 461 1913 650 1981; x_wconf 78' lang='grc' dir='ltr'><strong>ἐτέρας</strong></span> <span class='ocrx_word' id='word_1_232' title='bbox 695 1908 850 1975; x_wconf 71' lang='grc' dir='ltr'><strong>αὖθις</strong></span> <span class='ocrx_word' id='word_1_233' title='bbox 897 1913 1192 1984; x_wconf 82' lang='grc' dir='ltr'><strong>θεραπείας</strong></span> <span class='ocrx_word' id='word_1_234' title='bbox 1237 1912 1522 1982; x_wconf 63' lang='grc' dir='ltr'><strong>δεήσεων</strong></span> <span class='ocrx_word' id='word_1_235' title='bbox 1563 1912 1702 1981; x_wconf 84' lang='grc' dir='ltr'><strong>ὅπερ</strong></span> <span class='ocrx_word' id='word_1_236' title='bbox 1740 1909 1806 1980; x_wconf 77' lang='grc' dir='ltr'><strong>δὴ</strong></span> <span class='ocrx_word' id='word_1_237' title='bbox 1841 1896 1852 1951; x_wconf 82' lang='grc' dir='ltr'><strong>Ι</strong></span> 
     </span>
    </p>
   </div>
   <div class='ocr_carea' id='block_1_35' title="bbox 1909 1895 3482 1986">
    <p class='ocr_par' dir='ltr' id='par_1_35' title="bbox 1909 1897 3482 1970">
     <span class='ocr_line' id='line_1_35' title="bbox 1909 1897 3482 1970; baseline -0.005 -14"><span class='ocrx_word' id='word_1_238' title='bbox 1909 1917 2002 1956; x_wconf 89' lang='lat' dir='ltr'><strong>sus</strong></span> <span class='ocrx_word' id='word_1_239' title='bbox 2042 1900 2292 1970; x_wconf 87' lang='lat' dir='ltr'><strong>spiritum</strong></span> <span class='ocrx_word' id='word_1_240' title='bbox 2336 1899 2587 1968; x_wconf 75' lang='lat' dir='ltr'><strong>sumpsit,</strong></span> <span class='ocrx_word' id='word_1_241' title='bbox 2628 1898 2731 1951; x_wconf 82' lang='lat' dir='ltr'><strong>alia</strong></span> <span class='ocrx_word' id='word_1_242' title='bbox 2778 1899 2958 1951; x_wconf 89' lang='lat' dir='ltr'><strong>denuo</strong></span> <span class='ocrx_word' id='word_1_243' title='bbox 3027 1897 3291 1950; x_wconf 88' lang='lat' dir='ltr'><strong>medicina</strong></span> <span class='ocrx_word' id='word_1_244' title='bbox 3344 1910 3482 1965; x_wconf 86' lang='lat' dir='ltr'><strong>opus</strong></span> 
     </span>
    </p>
   </div>
   <div class='ocr_carea' id='block_1_36' title="bbox 233 2003 1807 2076">
    <p class='ocr_par' dir='ltr' id='par_1_36' title="bbox 233 2003 1807 2076">
     <span class='ocr_line' id='line_1_36' title="bbox 233 2003 1807 2076; baseline -0.002 -17"><span class='ocrx_word' id='word_1_245' title='bbox 233 2007 332 2059; x_wconf 69' lang='grc' dir='ltr'><strong>ἐπὶ</strong></span> <span class='ocrx_word' id='word_1_246' title='bbox 366 2006 470 2060; x_wconf 84' lang='grc' dir='ltr'><strong>τῶν</strong></span> <span class='ocrx_word' id='word_1_247' title='bbox 497 2005 637 2058; x_wconf 87' lang='grc' dir='ltr'><strong>κατά</strong></span> <span class='ocrx_word' id='word_1_248' title='bbox 663 2007 723 2058; x_wconf 84' lang='grc' dir='ltr'><strong>τὸ</strong></span> <span class='ocrx_word' id='word_1_249' title='bbox 758 2006 918 2075; x_wconf 83' lang='grc' dir='ltr'><strong>σῶμα</strong></span> <span class='ocrx_word' id='word_1_250' title='bbox 947 2007 1273 2076; x_wconf 88' lang='grc' dir='ltr'><strong>νοσημάτων</strong></span> <span class='ocrx_word' id='word_1_251' title='bbox 1301 2005 1481 2076; x_wconf 77' lang='grc' dir='ltr'>εὑρεῖν</span> <span class='ocrx_word' id='word_1_252' title='bbox 1519 2003 1666 2056; x_wconf 77' lang='grc' dir='ltr'><strong>ἐστιν</strong></span> <span class='ocrx_word' id='word_1_253' title='bbox 1688 2019 1702 2032; x_wconf 72' lang='grc' dir='ltr'><strong><em>ο</em></strong></span> <span class='ocrx_word' id='word_1_254' title='bbox 1731 2003 1807 2066; x_wconf 87' lang='grc' dir='ltr'><strong>ὼς</strong></span> 
     </span>
    </p>
   </div>
   <div class='ocr_carea' id='block_1_37' title="bbox 233 2093 1807 2167">
    <p class='ocr_par' dir='ltr' id='par_1_37' title="bbox 233 2093 1807 2167">
     <span class='ocr_line' id='line_1_37' title="bbox 233 2093 1807 2167; baseline -0.003 -17"><span class='ocrx_word' id='word_1_255' title='bbox 233 2099 288 2151; x_wconf 80' lang='grc' dir='ltr'><strong>εί</strong></span> <span class='ocrx_word' id='word_1_256' title='bbox 319 2115 403 2160; x_wconf 87' lang='grc' dir='ltr'><strong>τις</strong></span> <span class='ocrx_word' id='word_1_257' title='bbox 449 2096 648 2167; x_wconf 80' lang='grc' dir='ltr'><strong>ἰατρῶν</strong></span> <span class='ocrx_word' id='word_1_258' title='bbox 689 2096 786 2166; x_wconf 78' lang='grc' dir='ltr'><strong>τὴν</strong></span> <span class='ocrx_word' id='word_1_259' title='bbox 833 2096 1116 2166; x_wconf 83' lang='grc' dir='ltr'><strong>παροῦσαν</strong></span> <span class='ocrx_word' id='word_1_260' title='bbox 1155 2096 1473 2162; x_wconf 77' lang='grc' dir='ltr'><strong>ὲειάσασθαι</strong></span> <span class='ocrx_word' id='word_1_261' title='bbox 1516 2095 1670 2148; x_wconf 88' lang='grc' dir='ltr'><strong>νόσον</strong></span> <span class='ocrx_word' id='word_1_262' title='bbox 1713 2093 1807 2147; x_wconf 80' lang='grc' dir='ltr'><strong>τοῦ</strong></span> 
     </span>
    </p>
   </div>
   <div class='ocr_carea' id='block_1_38' title="bbox 229 2186 1807 2262">
    <p class='ocr_par' dir='ltr' id='par_1_38' title="bbox 229 2186 1807 2262">
     <span class='ocr_line' id='line_1_38' title="bbox 229 2186 1807 2262; baseline -0.005 -16"><span class='ocrx_word' id='word_1_263' title='bbox 229 2192 538 2262; x_wconf 78' lang='grc' dir='ltr'><strong>κάμνοντος</strong></span> <span class='ocrx_word' id='word_1_264' title='bbox 571 2189 812 2260; x_wconf 87' lang='grc' dir='ltr'><strong>βούλοιτο</strong></span> <span class='ocrx_word' id='word_1_265' title='bbox 833 2230 846 2252; x_wconf 97' lang='grc'><strong>,</strong></span> <span class='ocrx_word' id='word_1_266' title='bbox 880 2191 1171 2260; x_wconf 80' lang='grc' dir='ltr'><strong>κεράννυσι</strong></span> <span class='ocrx_word' id='word_1_267' title='bbox 1208 2189 1307 2257; x_wconf 84' lang='grc' dir='ltr'><strong>μὲν</strong></span> <span class='ocrx_word' id='word_1_268' title='bbox 1341 2191 1405 2258; x_wconf 80' lang='grc' dir='ltr'><strong>τῇ</strong></span> <span class='ocrx_word' id='word_1_269' title='bbox 1439 2189 1577 2256; x_wconf 71' lang='grc' dir='ltr'><strong>νόσῳ</strong></span> <span class='ocrx_word' id='word_1_270' title='bbox 1610 2186 1807 2240; x_wconf 83' lang='grc' dir='ltr'><strong>κατάλ-</strong></span> 
     </span>
    </p>
   </div>
   <div class='ocr_carea' id='block_1_39' title="bbox 235 2275 1809 2351">
    <p class='ocr_par' dir='ltr' id='par_1_39' title="bbox 235 2275 1809 2351">
     <span class='ocr_line' id='line_1_39' title="bbox 235 2275 1809 2351; baseline -0.003 -18"><span class='ocrx_word' id='word_1_271' title='bbox 235 2282 375 2351; x_wconf 80' lang='grc' dir='ltr'><strong>ληλα</strong></span> <span class='ocrx_word' id='word_1_272' title='bbox 407 2282 672 2351; x_wconf 82' lang='grc' dir='ltr'><strong>φάρμακα</strong></span> <span class='ocrx_word' id='word_1_273' title='bbox 693 2296 707 2311; x_wconf 76' lang='grc'><strong><em>⁸</em></strong></span> <span class='ocrx_word' id='word_1_274' title='bbox 743 2275 861 2333; x_wconf 82' lang='grc' dir='ltr'><strong>εἶτα</strong></span> <span class='ocrx_word' id='word_1_275' title='bbox 889 2281 917 2332; x_wconf 83' lang='grc' dir='ltr'><strong>ὃ</strong></span> <span class='ocrx_word' id='word_1_276' title='bbox 943 2280 1115 2332; x_wconf 79' lang='grc' dir='ltr'><strong>ἐδόκει</strong></span> <span class='ocrx_word' id='word_1_277' title='bbox 1149 2278 1524 2348; x_wconf 78' lang='grc' dir='ltr'><strong>ἀλεξητήριον,</strong></span> <span class='ocrx_word' id='word_1_278' title='bbox 1551 2293 1809 2347; x_wconf 89' lang='grc' dir='ltr'><strong>περιτρα-</strong></span> 
     </span>
    </p>
   </div>
   <div class='ocr_carea' id='block_1_40' title="bbox 238 2368 1804 2438">
    <p class='ocr_par' dir='ltr' id='par_1_40' title="bbox 238 2368 1804 2438">
     <span class='ocr_line' id='line_1_40' title="bbox 238 2368 1804 2438; baseline -0.001 -16"><span class='ocrx_word' id='word_1_279' title='bbox 238 2371 343 2423; x_wconf 81' lang='grc' dir='ltr'><strong>πὲν</strong></span> <span class='ocrx_word' id='word_1_280' title='bbox 379 2372 428 2421; x_wconf 86' lang='grc' dir='ltr'><strong>εί</strong></span> <span class='ocrx_word' id='word_1_281' title='bbox 455 2369 608 2438; x_wconf 81' lang='grc' dir='ltr'><strong>τύχοι</strong></span> <span class='ocrx_word' id='word_1_282' title='bbox 636 2371 823 2437; x_wconf 76' lang='grc' dir='ltr'><strong>γέγονε</strong></span> <span class='ocrx_word' id='word_1_283' title='bbox 874 2369 1220 2438; x_wconf 80' lang='grc' dir='ltr'><strong>δηλητήριον,</strong></span> <span class='ocrx_word' id='word_1_284' title='bbox 1248 2369 1323 2429; x_wconf 82' lang='grc' dir='ltr'><strong>ὡς</strong></span> <span class='ocrx_word' id='word_1_285' title='bbox 1372 2368 1525 2421; x_wconf 74' lang='grc' dir='ltr'><strong>οὐδέν</strong></span> <span class='ocrx_word' id='word_1_286' title='bbox 1571 2385 1624 2420; x_wconf 88' lang='grc' dir='ltr'><strong>τι</strong></span> <span class='ocrx_word' id='word_1_287' title='bbox 1651 2369 1804 2438; x_wconf 80' lang='grc' dir='ltr'><strong>ῥᾷον,</strong></span> 
     </span>
    </p>
   </div>
   <div class='ocr_carea' id='block_1_41' title="bbox 237 2456 1809 2530">
    <p class='ocr_par' dir='ltr' id='par_1_41' title="bbox 237 2456 1809 2530">
     <span class='ocr_line' id='line_1_41' title="bbox 237 2456 1809 2530; baseline 0 -19"><span class='ocrx_word' id='word_1_288' title='bbox 237 2462 422 2530; x_wconf 84' lang='grc' dir='ltr'><strong>χεῖρον</strong></span> <span class='ocrx_word' id='word_1_289' title='bbox 447 2459 500 2513; x_wconf 81' lang='grc' dir='ltr'><strong>δὲ</strong></span> <span class='ocrx_word' id='word_1_290' title='bbox 535 2460 733 2528; x_wconf 77' lang='grc' dir='ltr'><strong>μᾶλλον</strong></span> <span class='ocrx_word' id='word_1_291' title='bbox 763 2458 992 2528; x_wconf 80' lang='grc' dir='ltr'><strong>σχούσης</strong></span> <span class='ocrx_word' id='word_1_292' title='bbox 1023 2459 1119 2528; x_wconf 86' lang='grc' dir='ltr'><strong>τῆς</strong></span> <span class='ocrx_word' id='word_1_293' title='bbox 1148 2456 1469 2520; x_wconf 68' lang='grc' dir='ltr'><strong>διαθέσεως·</strong></span> <span class='ocrx_word' id='word_1_294' title='bbox 1498 2459 1809 2526; x_wconf 79' lang='grc' dir='ltr'><strong>ἀναγκαίως</strong></span> 
     </span>
    </p>
   </div>
   <div class='ocr_carea' id='block_1_42' title="bbox 236 2549 1808 2621">
    <p class='ocr_par' dir='ltr' id='par_1_42' title="bbox 236 2549 1808 2621">
     <span class='ocr_line' id='line_1_42' title="bbox 236 2549 1808 2621; baseline -0.001 -18"><span class='ocrx_word' id='word_1_295' title='bbox 236 2549 333 2603; x_wconf 77' lang='grc' dir='ltr'><strong>οὖν</strong></span> <span class='ocrx_word' id='word_1_296' title='bbox 356 2551 648 2618; x_wconf 86' lang='grc' dir='ltr'><strong>ἀγωνιάσει</strong></span> <span class='ocrx_word' id='word_1_297' title='bbox 674 2551 768 2602; x_wconf 77' lang='grc' dir='ltr'><strong>καὶ</strong></span> <span class='ocrx_word' id='word_1_298' title='bbox 795 2550 1131 2613; x_wconf 84' lang='grc' dir='ltr'><strong>διασπεύσει,</strong></span> <span class='ocrx_word' id='word_1_299' title='bbox 1184 2551 1392 2618; x_wconf 78' lang='grc' dir='ltr'><strong>ἑτέροις</strong></span> <span class='ocrx_word' id='word_1_300' title='bbox 1419 2551 1808 2621; x_wconf 80' lang='grc' dir='ltr'><strong>ἐπιχειρήμασι</strong></span> 
     </span>
    </p>
   </div>
   <div class='ocr_carea' id='block_1_43' title="bbox 241 2640 1810 2713">
    <p class='ocr_par' dir='ltr' id='par_1_43' title="bbox 241 2640 1810 2713">
     <span class='ocr_line' id='line_1_43' title="bbox 241 2640 1810 2713; baseline 0.001 -21"><span class='ocrx_word' id='word_1_301' title='bbox 241 2641 545 2711; x_wconf 87' lang='grc' dir='ltr'><strong>μεθοδεύων</strong></span> <span class='ocrx_word' id='word_1_302' title='bbox 569 2641 832 2693; x_wconf 86' lang='grc' dir='ltr'><strong>διαθεῖναι</strong></span> <span class='ocrx_word' id='word_1_303' title='bbox 856 2640 916 2692; x_wconf 78' lang='grc' dir='ltr'><strong>τὸ</strong></span> <span class='ocrx_word' id='word_1_304' title='bbox 933 2642 1102 2709; x_wconf 81' lang='grc' dir='ltr'><strong>ἴαμα·</strong></span> <span class='ocrx_word' id='word_1_305' title='bbox 1133 2641 1181 2693; x_wconf 82' lang='grc' dir='ltr'><strong>εί</strong></span> <span class='ocrx_word' id='word_1_306' title='bbox 1205 2641 1337 2708; x_wconf 82' lang='grc' dir='ltr'><strong>γοῦν</strong></span> <span class='ocrx_word' id='word_1_307' title='bbox 1369 2641 1458 2694; x_wconf 76' lang='grc' dir='ltr'><strong>καὶ</strong></span> <span class='ocrx_word' id='word_1_308' title='bbox 1490 2641 1692 2693; x_wconf 84' lang='grc' dir='ltr'><strong>τούτων</strong></span> <span class='ocrx_word' id='word_1_309' title='bbox 1736 2642 1810 2713; x_wconf 84' lang='grc' dir='ltr'><strong>μὴ</strong></span> 
     </span>
    </p>
   </div>
   <div class='ocr_carea' id='block_1_44' title="bbox 241 2730 1811 2805">
    <p class='ocr_par' dir='ltr' id='par_1_44' title="bbox 241 2730 1811 2805">
     <span class='ocr_line' id='line_1_44' title="bbox 241 2730 1811 2805; baseline 0 -21"><span class='ocrx_word' id='word_1_310' title='bbox 241 2731 614 2795; x_wconf 77' lang='grc' dir='ltr'><strong>ὲπιτεύξοιτο,</strong></span> <span class='ocrx_word' id='word_1_311' title='bbox 665 2730 929 2805; x_wconf 79' lang='grc' dir='ltr'><strong>προσθείη</strong></span> <span class='ocrx_word' id='word_1_312' title='bbox 975 2732 1143 2803; x_wconf 80' lang='grc' dir='ltr'>δήπου</span> <span class='ocrx_word' id='word_1_313' title='bbox 1190 2733 1286 2785; x_wconf 78' lang='grc' dir='ltr'><strong>καὶ</strong></span> <span class='ocrx_word' id='word_1_314' title='bbox 1337 2734 1537 2802; x_wconf 77' lang='grc' dir='ltr'><strong>ἔτερα,</strong></span> <span class='ocrx_word' id='word_1_315' title='bbox 1587 2733 1682 2784; x_wconf 72' lang='grc' dir='ltr'><strong>καὶ</strong></span> <span class='ocrx_word' id='word_1_316' title='bbox 1730 2735 1811 2794; x_wconf 83' lang='grc' dir='ltr'><strong>είς</strong></span> 
     </span>
    </p>
   </div>
   <div class='ocr_carea' id='block_1_45' title="bbox 237 2821 1812 2893">
    <p class='ocr_par' dir='ltr' id='par_1_45' title="bbox 237 2821 1812 2893">
     <span class='ocr_line' id='line_1_45' title="bbox 237 2821 1812 2893; baseline 0.001 -18"><span class='ocrx_word' id='word_1_317' title='bbox 237 2824 470 2892; x_wconf 79' lang='grc' dir='ltr'><strong>ἄπειρον</strong></span> <span class='ocrx_word' id='word_1_318' title='bbox 511 2823 608 2893; x_wconf 76' lang='grc' dir='ltr'><strong>τήν</strong></span> <span class='ocrx_word' id='word_1_319' title='bbox 651 2824 846 2890; x_wconf 82' lang='grc' dir='ltr'><strong>πεῖραν</strong></span> <span class='ocrx_word' id='word_1_320' title='bbox 897 2821 1215 2887; x_wconf 85' lang='grc' dir='ltr'><strong>κενώσειεν,</strong></span> <span class='ocrx_word' id='word_1_321' title='bbox 1252 2821 1369 2874; x_wconf 81' lang='grc' dir='ltr'><strong>ἐστι</strong></span> <span class='ocrx_word' id='word_1_322' title='bbox 1407 2823 1463 2874; x_wconf 84' lang='grc' dir='ltr'><strong>δὲ</strong></span> <span class='ocrx_word' id='word_1_323' title='bbox 1504 2822 1687 2876; x_wconf 69' lang='grc' dir='ltr'><strong>λοιπὸν</strong></span> <span class='ocrx_word' id='word_1_324' title='bbox 1713 2825 1812 2876; x_wconf 79' lang='grc' dir='ltr'><strong>οὐκ</strong></span> 
     </span>
    </p>
   </div>
   <div class='ocr_carea' id='block_1_46' title="bbox 244 2911 1811 2982">
    <p class='ocr_par' dir='ltr' id='par_1_46' title="bbox 244 2911 1811 2982">
     <span class='ocr_line' id='line_1_46' title="bbox 244 2911 1811 2982; baseline 0.001 -19"><span class='ocrx_word' id='word_1_325' title='bbox 244 2912 461 2981; x_wconf 76' lang='grc' dir='ltr'><strong>ἰατρεία</strong></span> <span class='ocrx_word' id='word_1_326' title='bbox 493 2913 554 2963; x_wconf 77' lang='grc' dir='ltr'><strong>τὸ</strong></span> <span class='ocrx_word' id='word_1_327' title='bbox 586 2911 883 2982; x_wconf 84' lang='grc' dir='ltr'><strong>δρώμενον,</strong></span> <span class='ocrx_word' id='word_1_328' title='bbox 915 2911 1028 2964; x_wconf 84' lang='grc' dir='ltr'><strong>ἀλλ’</strong></span> <span class='ocrx_word' id='word_1_329' title='bbox 1071 2913 1270 2982; x_wconf 77' lang='grc' dir='ltr'><strong>ἀπορία</strong></span> <span class='ocrx_word' id='word_1_330' title='bbox 1319 2912 1411 2964; x_wconf 76' lang='grc' dir='ltr'><strong>καὶ</strong></span> <span class='ocrx_word' id='word_1_331' title='bbox 1443 2911 1686 2975; x_wconf 80' lang='grc' dir='ltr'><strong>ἀτευξία,</strong></span> <span class='ocrx_word' id='word_1_332' title='bbox 1719 2913 1811 2964; x_wconf 80' lang='grc' dir='ltr'><strong>καὶ</strong></span> 
     </span>
    </p>
   </div>
   <div class='ocr_carea' id='block_1_47' title="bbox 239 3001 1810 3072">
    <p class='ocr_par' dir='ltr' id='par_1_47' title="bbox 239 3001 1810 3072">
     <span class='ocr_line' id='line_1_47' title="bbox 239 3001 1810 3072; baseline -0.001 -18"><span class='ocrx_word' id='word_1_333' title='bbox 239 3005 342 3072; x_wconf 80' lang='grc' dir='ltr'><strong>τῆς</strong></span> <span class='ocrx_word' id='word_1_334' title='bbox 369 3002 458 3053; x_wconf 77' lang='grc' dir='ltr'><strong>τοῦ</strong></span> <span class='ocrx_word' id='word_1_335' title='bbox 490 3001 766 3063; x_wconf 81' lang='grc' dir='ltr'><strong>νοσοῦντος</strong></span> <span class='ocrx_word' id='word_1_336' title='bbox 805 3001 1175 3063; x_wconf 84' lang='grc' dir='ltr'><strong>κακοπαθείας</strong></span> <span class='ocrx_word' id='word_1_337' title='bbox 1220 3001 1459 3063; x_wconf 73' lang='grc' dir='ltr'><strong>ἐπίδοσις</strong></span> <span class='ocrx_word' id='word_1_338' title='bbox 1481 3016 1495 3031; x_wconf 86' lang='grc'>⁶</span> <span class='ocrx_word' id='word_1_339' title='bbox 1532 3001 1622 3052; x_wconf 80' lang='grc' dir='ltr'><strong>τὸν</strong></span> <span class='ocrx_word' id='word_1_340' title='bbox 1649 3002 1810 3052; x_wconf 64' lang='grc' dir='ltr'><strong>αὐτὸν</strong></span> 
     </span>
    </p>
   </div>
   <div class='ocr_carea' id='block_1_48' title="bbox 238 3093 1812 3166">
    <p class='ocr_par' dir='ltr' id='par_1_48' title="bbox 238 3093 1812 3166">
     <span class='ocr_line' id='line_1_48' title="bbox 238 3093 1812 3166; baseline -0.001 -19"><span class='ocrx_word' id='word_1_341' title='bbox 238 3096 445 3166; x_wconf 68' lang='grc' dir='ltr'><strong>τρόπον</strong></span> <span class='ocrx_word' id='word_1_342' title='bbox 481 3097 572 3147; x_wconf 81' lang='grc' dir='ltr'><strong>καὶ</strong></span> <span class='ocrx_word' id='word_1_343' title='bbox 600 3094 668 3146; x_wconf 76' lang='grc' dir='ltr'><strong>τὰ</strong></span> <span class='ocrx_word' id='word_1_344' title='bbox 697 3095 837 3146; x_wconf 80' lang='grc' dir='ltr'><strong>κατὰ</strong></span> <span class='ocrx_word' id='word_1_345' title='bbox 877 3095 976 3164; x_wconf 82' lang='grc' dir='ltr'><strong>τὴν</strong></span> <span class='ocrx_word' id='word_1_346' title='bbox 1015 3093 1107 3146; x_wconf 71' lang='grc' dir='ltr'><strong>τοῦ</strong></span> <span class='ocrx_word' id='word_1_347' title='bbox 1145 3094 1392 3162; x_wconf 76' lang='grc' dir='ltr'><strong>Σωτῆρος</strong></span> <span class='ocrx_word' id='word_1_348' title='bbox 1425 3093 1580 3162; x_wconf 70' lang='grc' dir='ltr'><strong>ἡμῶν</strong></span> <span class='ocrx_word' id='word_1_349' title='bbox 1606 3095 1812 3145; x_wconf 83' lang='grc' dir='ltr'><strong>οίκονο-</strong></span> 
     </span>
    </p>
   </div>
   <div class='ocr_carea' id='block_1_49' title="bbox 244 3183 1809 3257">
    <p class='ocr_par' dir='ltr' id='par_1_49' title="bbox 244 3183 1809 3257">
     <span class='ocr_line' id='line_1_49' title="bbox 244 3183 1809 3257; baseline -0.001 -18"><span class='ocrx_word' id='word_1_350' title='bbox 244 3191 379 3257; x_wconf 83' lang='grc' dir='ltr'><strong>μίαν</strong></span> <span class='ocrx_word' id='word_1_351' title='bbox 419 3186 652 3257; x_wconf 82' lang='grc' dir='ltr'><strong>Χριστοῦ</strong></span> <span class='ocrx_word' id='word_1_352' title='bbox 680 3186 1120 3256; x_wconf 75' lang='grc' dir='ltr'><strong>διαχλευάζοντες</strong></span> <span class='ocrx_word' id='word_1_353' title='bbox 1141 3229 1152 3248; x_wconf 84' lang='grc'><strong>,</strong></span> <span class='ocrx_word' id='word_1_354' title='bbox 1187 3183 1509 3254; x_wconf 75' lang='grc' dir='ltr'><strong>διορίζεσθαι</strong></span> <span class='ocrx_word' id='word_1_355' title='bbox 1556 3187 1604 3237; x_wconf 81' lang='lat' dir='ltr'><strong>oi</strong></span> <span class='ocrx_word' id='word_1_356' title='bbox 1637 3185 1809 3238; x_wconf 79' lang='grc' dir='ltr'><strong>ἄθλιοι</strong></span> 
     </span>
    </p>
   </div>
   <div class='ocr_carea' id='block_1_50' title="bbox 243 3274 1812 3350">
    <p class='ocr_par' dir='ltr' id='par_1_50' title="bbox 243 3274 1812 3350">
     <span class='ocr_line' id='line_1_50' title="bbox 243 3274 1812 3350; baseline -0.001 -20"><span class='ocrx_word' id='word_1_357' title='bbox 243 3279 546 3350; x_wconf 78' lang='grc' dir='ltr'><strong>βούλονται,</strong></span> <span class='ocrx_word' id='word_1_358' title='bbox 573 3279 648 3339; x_wconf 79' lang='grc' dir='ltr'><strong>ὡς</strong></span> <span class='ocrx_word' id='word_1_359' title='bbox 676 3279 828 3330; x_wconf 77' lang='grc' dir='ltr'><strong>οὐδὲν</strong></span> <span class='ocrx_word' id='word_1_360' title='bbox 854 3277 1062 3348; x_wconf 81' lang='grc' dir='ltr'><strong>οὐδαμῆ</strong></span> <span class='ocrx_word' id='word_1_361' title='bbox 1092 3277 1312 3346; x_wconf 73' lang='grc' dir='ltr'><strong>ἐνεργὸν</strong></span> <span class='ocrx_word' id='word_1_362' title='bbox 1347 3274 1378 3342; x_wconf 80' lang='grc' dir='ltr'>ἢ</span> <span class='ocrx_word' id='word_1_363' title='bbox 1409 3274 1637 3345; x_wconf 74' lang='grc' dir='ltr'><strong>βεϐηκὸς</strong></span> <span class='ocrx_word' id='word_1_364' title='bbox 1669 3276 1812 3346; x_wconf 73' lang='grc' dir='ltr'><strong>ἔχειν</strong></span> 
     </span>
    </p>
   </div>
   <div class='ocr_carea' id='block_1_51' title="bbox 241 3365 1815 3440">
    <p class='ocr_par' dir='ltr' id='par_1_51' title="bbox 241 3365 1815 3440">
     <span class='ocr_line' id='line_1_51' title="bbox 241 3365 1815 3440; baseline -0.001 -18"><span class='ocrx_word' id='word_1_365' title='bbox 241 3371 416 3440; x_wconf 70' lang='grc' dir='ltr'><strong>αὐτὴν</strong></span> <span class='ocrx_word' id='word_1_366' title='bbox 457 3371 845 3437; x_wconf 82' lang='grc' dir='ltr'><strong>διανοούμενοι.</strong></span> <span class='ocrx_word' id='word_1_367' title='bbox 901 3370 1158 3432; x_wconf 78' lang='grc' dir='ltr'><strong>Παίζεται</strong></span> <span class='ocrx_word' id='word_1_368' title='bbox 1223 3365 1314 3421; x_wconf 82' lang='grc' dir='ltr'><strong>οὖν</strong></span> <span class='ocrx_word' id='word_1_369' title='bbox 1370 3368 1498 3439; x_wconf 86' lang='grc' dir='ltr'><strong>παρ’</strong></span> <span class='ocrx_word' id='word_1_370' title='bbox 1541 3370 1724 3430; x_wconf 72' lang='grc' dir='ltr'><strong>αὐτοῖς</strong></span> <span class='ocrx_word' id='word_1_371' title='bbox 1748 3369 1815 3420; x_wconf 75' lang='grc' dir='ltr'><strong>τά</strong></span> 
     </span>
    </p>
   </div>
   <div class='ocr_carea' id='block_1_52' title="bbox 243 3459 1815 3532">
    <p class='ocr_par' dir='ltr' id='par_1_52' title="bbox 243 3459 1815 3532">
     <span class='ocr_line' id='line_1_52' title="bbox 243 3459 1815 3532; baseline -0.003 -18"><span class='ocrx_word' id='word_1_372' title='bbox 243 3462 370 3514; x_wconf 79' lang='grc' dir='ltr'><strong>καθ’</strong></span> <span class='ocrx_word' id='word_1_373' title='bbox 402 3464 549 3532; x_wconf 75' lang='grc' dir='ltr'><strong>ἡμᾶς</strong></span> <span class='ocrx_word' id='word_1_374' title='bbox 589 3463 884 3532; x_wconf 85' lang='grc' dir='ltr'><strong>μυστήρια,</strong></span> <span class='ocrx_word' id='word_1_375' title='bbox 916 3461 1006 3513; x_wconf 70' lang='grc' dir='ltr'><strong>καὶ</strong></span> <span class='ocrx_word' id='word_1_376' title='bbox 1056 3461 1163 3513; x_wconf 85' lang='grc' dir='ltr'><strong>τῶν</strong></span> <span class='ocrx_word' id='word_1_377' title='bbox 1190 3463 1281 3512; x_wconf 65' lang='grc' dir='ltr'><strong>ἐπὶ</strong></span> <span class='ocrx_word' id='word_1_378' title='bbox 1313 3461 1519 3531; x_wconf 82' lang='grc' dir='ltr'><strong>σκηνῆς</strong></span> <span class='ocrx_word' id='word_1_379' title='bbox 1546 3460 1715 3524; x_wconf 69' lang='grc' dir='ltr'><strong>οὐδὲν,</strong></span> <span class='ocrx_word' id='word_1_380' title='bbox 1740 3459 1815 3521; x_wconf 85' lang='grc' dir='ltr'><strong>ὡς</strong></span> 
     </span>
    </p>
   </div>
   <div class='ocr_carea' id='block_1_53' title="bbox 242 3551 766 3620">
    <p class='ocr_par' dir='ltr' id='par_1_53' title="bbox 242 3551 766 3620">
     <span class='ocr_line' id='line_1_53' title="bbox 242 3551 766 3620; baseline 0 -18"><span class='ocrx_word' id='word_1_381' title='bbox 242 3553 413 3613; x_wconf 75' lang='grc' dir='ltr'><strong>ἔοικε,</strong></span> <span class='ocrx_word' id='word_1_382' title='bbox 442 3551 766 3620; x_wconf 80' lang='grc' dir='ltr'><strong>διενήνοχεν.</strong></span> 
     </span>
    </p>
   </div>
   <div class='ocr_carea' id='block_1_54' title="bbox 320 3638 1813 3709">
    <p class='ocr_par' dir='ltr' id='par_1_54' title="bbox 320 3638 1813 3709">
     <span class='ocr_line' id='line_1_54' title="bbox 320 3638 1813 3709; baseline -0.003 -16"><span class='ocrx_word' id='word_1_383' title='bbox 320 3641 509 3709; x_wconf 84' lang='grc' dir='ltr'><strong>Ἡμεῖς</strong></span> <span class='ocrx_word' id='word_1_384' title='bbox 539 3641 592 3692; x_wconf 78' lang='grc' dir='ltr'><strong>δὲ</strong></span> <span class='ocrx_word' id='word_1_385' title='bbox 621 3643 739 3702; x_wconf 87' lang='grc' dir='ltr'><strong>ταῖς</strong></span> <span class='ocrx_word' id='word_1_386' title='bbox 776 3638 1052 3707; x_wconf 81' lang='grc' dir='ltr'><strong>ἀληθείαις</strong></span> <span class='ocrx_word' id='word_1_387' title='bbox 1105 3639 1399 3708; x_wconf 84' lang='grc' dir='ltr'><strong>χρώμενοι,</strong></span> <span class='ocrx_word' id='word_1_388' title='bbox 1429 3638 1523 3690; x_wconf 78' lang='grc' dir='ltr'><strong>καὶ</strong></span> <span class='ocrx_word' id='word_1_389' title='bbox 1565 3639 1661 3708; x_wconf 86' lang='grc' dir='ltr'><strong>τῆς</strong></span> <span class='ocrx_word' id='word_1_390' title='bbox 1703 3638 1813 3690; x_wconf 84' lang='grc' dir='ltr'><strong>τῶν</strong></span> 
     </span>
    </p>
   </div>
   <div class='ocr_carea' id='block_1_55' title="bbox 244 3728 1814 3802">
    <p class='ocr_par' dir='ltr' id='par_1_55' title="bbox 244 3728 1814 3802">
     <span class='ocr_line' id='line_1_55' title="bbox 244 3728 1814 3802; baseline -0.003 -17"><span class='ocrx_word' id='word_1_391' title='bbox 244 3733 591 3802; x_wconf 75' lang='grc' dir='ltr'><strong>πραγμάτων</strong></span> <span class='ocrx_word' id='word_1_392' title='bbox 613 3731 793 3783; x_wconf 79' lang='grc' dir='ltr'><strong>αὐτῶν</strong></span> <span class='ocrx_word' id='word_1_393' title='bbox 808 3732 1042 3792; x_wconf 80' lang='grc' dir='ltr'><strong>πίστεως</strong></span> <span class='ocrx_word' id='word_1_394' title='bbox 1059 3728 1445 3797; x_wconf 72' lang='grc' dir='ltr'><strong>καὶδυνάμεως</strong></span> <span class='ocrx_word' id='word_1_395' title='bbox 1465 3729 1814 3798; x_wconf 82' lang='grc' dir='ltr'><strong>ἀντεχόμενοι</strong></span> 
     </span>
    </p>
   </div>
   <div class='ocr_carea' id='block_1_56' title="bbox 244 3819 1814 3891">
    <p class='ocr_par' dir='ltr' id='par_1_56' title="bbox 244 3819 1814 3891">
     <span class='ocr_line' id='line_1_56' title="bbox 244 3819 1814 3891; baseline -0.001 -18"><span class='ocrx_word' id='word_1_396' title='bbox 244 3823 479 3890; x_wconf 87' lang='grc' dir='ltr'><strong>λέγομεν</strong></span> <span class='ocrx_word' id='word_1_397' title='bbox 503 3836 516 3848; x_wconf 87' lang='grc'><strong>·</strong></span> <span class='ocrx_word' id='word_1_398' title='bbox 539 3821 788 3890; x_wconf 81' lang='grc' dir='ltr'><strong>Τοσούτῳ</strong></span> <span class='ocrx_word' id='word_1_399' title='bbox 809 3822 1091 3888; x_wconf 85' lang='grc' dir='ltr'><strong>περιέσται</strong></span> <span class='ocrx_word' id='word_1_400' title='bbox 1117 3819 1190 3888; x_wconf 82' lang='grc' dir='ltr'><strong>τῷ</strong></span> <span class='ocrx_word' id='word_1_401' title='bbox 1214 3823 1408 3890; x_wconf 83' lang='grc' dir='ltr'><strong>νικητῇ</strong></span> <span class='ocrx_word' id='word_1_402' title='bbox 1439 3820 1531 3874; x_wconf 78' lang='grc' dir='ltr'><strong>τοῦ</strong></span> <span class='ocrx_word' id='word_1_403' title='bbox 1555 3820 1814 3891; x_wconf 86' lang='grc' dir='ltr'><strong>τυράννου</strong></span> 
     </span>
    </p>
   </div>
   <div class='ocr_carea' id='block_1_57' title="bbox 247 3911 1815 3980">
    <p class='ocr_par' dir='ltr' id='par_1_57' title="bbox 247 3911 1815 3980">
     <span class='ocr_line' id='line_1_57' title="bbox 247 3911 1815 3980; baseline -0.001 -15"><span class='ocrx_word' id='word_1_404' title='bbox 247 3913 345 3965; x_wconf 81' lang='grc' dir='ltr'><strong>καὶ</strong></span> <span class='ocrx_word' id='word_1_405' title='bbox 375 3911 465 3966; x_wconf 81' lang='grc' dir='ltr'><strong>τοῦ</strong></span> <span class='ocrx_word' id='word_1_406' title='bbox 497 3912 724 3964; x_wconf 75' lang='grc' dir='ltr'><strong>θανάτου</strong></span> <span class='ocrx_word' id='word_1_407' title='bbox 753 3911 970 3980; x_wconf 84' lang='grc' dir='ltr'><strong>Χριστῷ</strong></span> <span class='ocrx_word' id='word_1_408' title='bbox 1003 3913 1069 3963; x_wconf 87' lang='grc' dir='ltr'><strong>τά</strong></span> <span class='ocrx_word' id='word_1_409' title='bbox 1105 3913 1200 3979; x_wconf 85' lang='grc' dir='ltr'><strong>τῆς</strong></span> <span class='ocrx_word' id='word_1_410' title='bbox 1222 3912 1406 3979; x_wconf 86' lang='grc' dir='ltr'><strong>νίκης·</strong></span> <span class='ocrx_word' id='word_1_411' title='bbox 1432 3912 1506 3973; x_wconf 81' lang='grc' dir='ltr'><strong>ὡς</strong></span> <span class='ocrx_word' id='word_1_412' title='bbox 1535 3912 1631 3980; x_wconf 72' lang='grc' dir='ltr'><strong>ἤδη</strong></span> <span class='ocrx_word' id='word_1_413' title='bbox 1667 3912 1759 3963; x_wconf 68' lang='grc' dir='ltr'><strong>καὶ</strong></span> <span class='ocrx_word' id='word_1_414' title='bbox 1788 3913 1815 3963; x_wconf 79' lang='grc' dir='ltr'>ὁ</span> 
     </span>
    </p>
   </div>
   <div class='ocr_carea' id='block_1_58' title="bbox 242 4001 1815 4075">
    <p class='ocr_par' dir='ltr' id='par_1_58' title="bbox 242 4001 1815 4075">
     <span class='ocr_line' id='line_1_58' title="bbox 242 4001 1815 4075; baseline -0.003 -18"><span class='ocrx_word' id='word_1_415' title='bbox 242 4004 463 4075; x_wconf 79' lang='grc' dir='ltr'><strong>δράκων</strong></span> <span class='ocrx_word' id='word_1_416' title='bbox 488 4005 515 4054; x_wconf 80' lang='grc' dir='ltr'><strong>δ</strong></span> <span class='ocrx_word' id='word_1_417' title='bbox 532 4003 783 4070; x_wconf 77' lang='grc' dir='ltr'><strong>πανώλης</strong></span> <span class='ocrx_word' id='word_1_418' title='bbox 810 4001 870 4066; x_wconf 72' lang='grc' dir='ltr'><strong>ἐξ</strong></span> <span class='ocrx_word' id='word_1_419' title='bbox 888 4003 1194 4073; x_wconf 85' lang='grc' dir='ltr'><strong>ἀπληστίας</strong></span> <span class='ocrx_word' id='word_1_420' title='bbox 1218 4002 1308 4054; x_wconf 82' lang='grc' dir='ltr'><strong>καὶ</strong></span> <span class='ocrx_word' id='word_1_421' title='bbox 1327 4001 1474 4070; x_wconf 83' lang='grc' dir='ltr'><strong>αὐτῷ</strong></span> <span class='ocrx_word' id='word_1_422' title='bbox 1495 4001 1815 4070; x_wconf 76' lang='grc' dir='ltr'><strong>προσϐαλὼν</strong></span> 
     </span>
    </p>
   </div>
   <div class='ocr_carea' id='block_1_59' title="bbox 242 4091 1816 4165">
    <p class='ocr_par' dir='ltr' id='par_1_59' title="bbox 242 4091 1816 4165">
     <span class='ocr_line' id='line_1_59' title="bbox 242 4091 1816 4165; baseline -0.002 -17"><span class='ocrx_word' id='word_1_423' title='bbox 242 4095 326 4163; x_wconf 84' lang='grc' dir='ltr'><strong>τῷ</strong></span> <span class='ocrx_word' id='word_1_424' title='bbox 365 4092 604 4162; x_wconf 76' lang='grc' dir='ltr'><strong>Χριστῷ,</strong></span> <span class='ocrx_word' id='word_1_425' title='bbox 643 4092 834 4162; x_wconf 76' lang='grc' dir='ltr'><strong>καὶτῷ</strong></span> <span class='ocrx_word' id='word_1_426' title='bbox 877 4093 1182 4162; x_wconf 83' lang='grc' dir='ltr'><strong>φαινομένῳ</strong></span> <span class='ocrx_word' id='word_1_427' title='bbox 1209 4091 1548 4160; x_wconf 81' lang='grc' dir='ltr'><strong>ἐπιδραμὼν,</strong></span> <span class='ocrx_word' id='word_1_428' title='bbox 1587 4094 1816 4165; x_wconf 74' lang='grc' dir='ltr'><strong>ἐπείπερ</strong></span> 
     </span>
    </p>
   </div>
   <div class='ocr_carea' id='block_1_60' title="bbox 241 4182 1815 4253">
    <p class='ocr_par' dir='ltr' id='par_1_60' title="bbox 241 4182 1815 4253">
     <span class='ocr_line' id='line_1_60' title="bbox 241 4182 1815 4253; baseline -0.003 -15"><span class='ocrx_word' id='word_1_429' title='bbox 241 4186 412 4238; x_wconf 79' lang='grc' dir='ltr'><strong>οἱονεὶ</strong></span> <span class='ocrx_word' id='word_1_430' title='bbox 440 4184 632 4251; x_wconf 78' lang='grc' dir='ltr'><strong>δέλεαρ</strong></span> <span class='ocrx_word' id='word_1_431' title='bbox 662 4182 812 4250; x_wconf 84' lang='grc' dir='ltr'><strong>αύτῴ</strong></span> <span class='ocrx_word' id='word_1_432' title='bbox 844 4182 1182 4253; x_wconf 72' lang='grc' dir='ltr'><strong>προύϐάλετο</strong></span> <span class='ocrx_word' id='word_1_433' title='bbox 1224 4183 1285 4234; x_wconf 84' lang='grc' dir='ltr'><strong>τὸ</strong></span> <span class='ocrx_word' id='word_1_434' title='bbox 1320 4182 1686 4250; x_wconf 85' lang='grc' dir='ltr'><strong>ἀνθρώπινον,</strong></span> <span class='ocrx_word' id='word_1_435' title='bbox 1720 4184 1815 4236; x_wconf 76' lang='grc' dir='ltr'><strong>καὶ</strong></span> 
     </span>
    </p>
   </div>
   <div class='ocr_carea' id='block_1_61' title="bbox 245 4271 1816 4344">
    <p class='ocr_par' dir='ltr' id='par_1_61' title="bbox 245 4271 1816 4344">
     <span class='ocr_line' id='line_1_61' title="bbox 245 4271 1816 4344; baseline -0.001 -17"><span class='ocrx_word' id='word_1_436' title='bbox 245 4275 395 4344; x_wconf 83' lang='grc' dir='ltr'><strong>μάλα</strong></span> <span class='ocrx_word' id='word_1_437' title='bbox 432 4274 652 4335; x_wconf 79' lang='grc' dir='ltr'><strong>ἐλπίσας</strong></span> <span class='ocrx_word' id='word_1_438' title='bbox 672 4273 946 4343; x_wconf 87' lang='grc' dir='ltr'><strong>θηράματι</strong></span> <span class='ocrx_word' id='word_1_439' title='bbox 979 4271 1166 4342; x_wconf 84' lang='grc' dir='ltr'><strong>ὥσπερ</strong></span> <span class='ocrx_word' id='word_1_440' title='bbox 1202 4272 1308 4324; x_wconf 75' lang='grc' dir='ltr'><strong>τινὶ</strong></span> <span class='ocrx_word' id='word_1_441' title='bbox 1353 4272 1658 4342; x_wconf 86' lang='grc' dir='ltr'><strong>περιτυχὼν</strong></span> <span class='ocrx_word' id='word_1_442' title='bbox 1687 4288 1816 4326; x_wconf 84' lang='grc' dir='ltr'><strong>κατ-</strong></span> 
     </span>
    </p>
   </div>
   <div class='ocr_carea' id='block_1_62' title="bbox 243 4363 1817 4433">
    <p class='ocr_par' dir='ltr' id='par_1_62' title="bbox 243 4363 1817 4433">
     <span class='ocr_line' id='line_1_62' title="bbox 243 4363 1817 4433; baseline -0.001 -15"><span class='ocrx_word' id='word_1_443' title='bbox 243 4365 558 4433; x_wconf 81' lang='grc' dir='ltr'><strong>εδηδοκέναι</strong></span> <span class='ocrx_word' id='word_1_444' title='bbox 574 4364 632 4416; x_wconf 83' lang='grc' dir='ltr'><strong>τὺ</strong></span> <span class='ocrx_word' id='word_1_445' title='bbox 657 4365 992 4432; x_wconf 71' lang='grc' dir='ltr'><strong>προσπεσὶν,</strong></span> <span class='ocrx_word' id='word_1_446' title='bbox 1011 4363 1086 4432; x_wconf 84' lang='grc' dir='ltr'><strong>τῷ</strong></span> <span class='ocrx_word' id='word_1_447' title='bbox 1109 4364 1387 4433; x_wconf 82' lang='grc' dir='ltr'><strong>ἀγκίστρῳ</strong></span> <span class='ocrx_word' id='word_1_448' title='bbox 1403 4366 1724 4432; x_wconf 89' lang='grc' dir='ltr'><strong>περιπίπτει</strong></span> <span class='ocrx_word' id='word_1_449' title='bbox 1740 4364 1817 4417; x_wconf 89' lang='grc' dir='ltr'><strong>δε-</strong></span> 
     </span>
    </p>
   </div>
   <div class='ocr_carea' id='block_1_63' title="bbox 242 4452 1816 4522">
    <p class='ocr_par' dir='ltr' id='par_1_63' title="bbox 242 4452 1816 4522">
     <span class='ocr_line' id='line_1_63' title="bbox 242 4452 1816 4522; baseline -0.001 -14"><span class='ocrx_word' id='word_1_450' title='bbox 242 4455 496 4518; x_wconf 76' lang='grc' dir='ltr'><strong>λεασθεὶς</strong></span> <span class='ocrx_word' id='word_1_451' title='bbox 518 4457 614 4522; x_wconf 84' lang='grc' dir='ltr'><strong>τῆς</strong></span> <span class='ocrx_word' id='word_1_452' title='bbox 645 4455 919 4522; x_wconf 79' lang='grc' dir='ltr'><strong>θεότητος,</strong></span> <span class='ocrx_word' id='word_1_453' title='bbox 945 4455 1038 4506; x_wconf 75' lang='grc' dir='ltr'><strong>καὶ</strong></span> <span class='ocrx_word' id='word_1_454' title='bbox 1060 4452 1152 4514; x_wconf 78' lang='grc' dir='ltr'><strong>οὓς</strong></span> <span class='ocrx_word' id='word_1_455' title='bbox 1186 4453 1356 4504; x_wconf 83' lang='grc' dir='ltr'><strong>πάλαι</strong></span> <span class='ocrx_word' id='word_1_456' title='bbox 1378 4453 1618 4522; x_wconf 79' lang='grc' dir='ltr'><strong>λαφύξας</strong></span> <span class='ocrx_word' id='word_1_457' title='bbox 1645 4470 1816 4507; x_wconf 72' lang='grc' dir='ltr'><strong>κατα⁹</strong></span> 
     </span>
    </p>
   </div>
   <div class='ocr_carea' id='block_1_64' title="bbox 1907 1989 3480 2060">
    <p class='ocr_par' dir='ltr' id='par_1_64' title="bbox 1907 1989 3480 2060">
     <span class='ocr_line' id='line_1_64' title="bbox 1907 1989 3480 2060; baseline -0.008 -12"><span class='ocrx_word' id='word_1_458' title='bbox 1907 1996 2040 2060; x_wconf 87' lang='lat' dir='ltr'><strong>erit;</strong></span> <span class='ocrx_word' id='word_1_459' title='bbox 2065 1993 2117 2047; x_wconf 87' lang='lat' dir='ltr'><strong>id</strong></span> <span class='ocrx_word' id='word_1_460' title='bbox 2140 1993 2282 2060; x_wconf 87' lang='lat' dir='ltr'><strong>quod</strong></span> <span class='ocrx_word' id='word_1_461' title='bbox 2311 1991 2364 2042; x_wconf 92' lang='lat' dir='ltr'><strong>in</strong></span> <span class='ocrx_word' id='word_1_462' title='bbox 2389 1989 2760 2058; x_wconf 84' lang='lat' dir='ltr'><strong>corporalibus</strong></span> <span class='ocrx_word' id='word_1_463' title='bbox 2778 1989 2978 2044; x_wconf 89' lang='lat' dir='ltr'><strong>morbis</strong></span> <span class='ocrx_word' id='word_1_464' title='bbox 3003 1995 3343 2057; x_wconf 84' lang='lat' dir='ltr'><strong>compertum</strong></span> <span class='ocrx_word' id='word_1_465' title='bbox 3363 1994 3480 2049; x_wconf 85' lang='lat' dir='ltr'><strong>est;</strong></span> 
     </span>
    </p>
   </div>
   <div class='ocr_carea' id='block_1_65' title="bbox 1909 2077 3484 2150">
    <p class='ocr_par' dir='ltr' id='par_1_65' title="bbox 1909 2077 3484 2150">
     <span class='ocr_line' id='line_1_65' title="bbox 1909 2077 3484 2150; baseline -0.005 -11"><span class='ocrx_word' id='word_1_466' title='bbox 1909 2101 2029 2140; x_wconf 89' lang='lat' dir='ltr'><strong>cum</strong></span> <span class='ocrx_word' id='word_1_467' title='bbox 2056 2083 2100 2139; x_wconf 91' lang='lat' dir='ltr'><strong>si</strong></span> <span class='ocrx_word' id='word_1_468' title='bbox 2134 2083 2256 2150; x_wconf 83' lang='lat' dir='ltr'><strong>quis</strong></span> <span class='ocrx_word' id='word_1_469' title='bbox 2281 2082 2521 2136; x_wconf 88' lang='lat' dir='ltr'><strong>medicus</strong></span> <span class='ocrx_word' id='word_1_470' title='bbox 2535 2089 2858 2149; x_wconf 65' lang='lat' dir='ltr'><strong>praesentem</strong></span> <span class='ocrx_word' id='word_1_471' title='bbox 2892 2078 3138 2132; x_wconf 85' lang='lat' dir='ltr'><strong>morbum</strong></span> <span class='ocrx_word' id='word_1_472' title='bbox 3167 2077 3484 2146; x_wconf 77' lang='lat' dir='ltr'><strong>a&#39;grotantis</strong></span> 
     </span>
    </p>
   </div>
   <div class='ocr_carea' id='block_1_66' title="bbox 1909 2169 3480 2240">
    <p class='ocr_par' dir='ltr' id='par_1_66' title="bbox 1909 2169 3480 2240">
     <span class='ocr_line' id='line_1_66' title="bbox 1909 2169 3480 2240; baseline -0.008 -9"><span class='ocrx_word' id='word_1_473' title='bbox 1909 2191 2104 2231; x_wconf 80' lang='lat' dir='ltr'><strong>sanare</strong></span> <span class='ocrx_word' id='word_1_474' title='bbox 2127 2173 2273 2237; x_wconf 85' lang='lat' dir='ltr'><strong>velit,</strong></span> <span class='ocrx_word' id='word_1_475' title='bbox 2297 2181 2660 2227; x_wconf 78' lang='lat' dir='ltr'><strong>consentanea</strong></span> <span class='ocrx_word' id='word_1_476' title='bbox 2680 2171 2868 2224; x_wconf 91' lang='lat' dir='ltr'><strong>morbo</strong></span> <span class='ocrx_word' id='word_1_477' title='bbox 2886 2170 3177 2240; x_wconf 86' lang='lat' dir='ltr'><strong>pharmaca</strong></span> <span class='ocrx_word' id='word_1_478' title='bbox 3202 2169 3441 2237; x_wconf 88' lang='lat' dir='ltr'><strong>propinat</strong></span> <span class='ocrx_word' id='word_1_479' title='bbox 3464 2185 3480 2228; x_wconf 85' lang='lat'><strong>;</strong></span> 
     </span>
    </p>
   </div>
   <div class='ocr_carea' id='block_1_67' title="bbox 1909 2258 3480 2332">
    <p class='ocr_par' dir='ltr' id='par_1_67' title="bbox 1909 2258 3480 2332">
     <span class='ocr_line' id='line_1_67' title="bbox 1909 2258 3480 2332; baseline -0.007 -11"><span class='ocrx_word' id='word_1_480' title='bbox 1909 2267 2101 2321; x_wconf 85' lang='lat' dir='ltr'><strong>deinde</strong></span> <span class='ocrx_word' id='word_1_481' title='bbox 2147 2265 2365 2326; x_wconf 84' lang='lat' dir='ltr'><strong>accidit,</strong></span> <span class='ocrx_word' id='word_1_482' title='bbox 2398 2274 2457 2317; x_wconf 91' lang='lat' dir='ltr'><strong>ut</strong></span> <span class='ocrx_word' id='word_1_483' title='bbox 2518 2265 2660 2332; x_wconf 90' lang='lat' dir='ltr'><strong>quod</strong></span> <span class='ocrx_word' id='word_1_484' title='bbox 2702 2262 2996 2316; x_wconf 87' lang='lat' dir='ltr'><strong>remedium</strong></span> <span class='ocrx_word' id='word_1_485' title='bbox 3041 2260 3346 2322; x_wconf 80' lang='lat' dir='ltr'><strong>videbatur,</strong></span> <span class='ocrx_word' id='word_1_486' title='bbox 3380 2258 3480 2311; x_wconf 86' lang='lat' dir='ltr'><strong>ali-</strong></span> 
     </span>
    </p>
   </div>
   <div class='ocr_carea' id='block_1_68' title="bbox 1909 2348 3479 2428">
    <p class='ocr_par' dir='ltr' id='par_1_68' title="bbox 1909 2348 3479 2428">
     <span class='ocr_line' id='line_1_68' title="bbox 1909 2348 3479 2428; baseline -0.009 -15"><span class='ocrx_word' id='word_1_487' title='bbox 1909 2360 2124 2428; x_wconf 88' lang='lat' dir='ltr'><strong>quando</strong></span> <span class='ocrx_word' id='word_1_488' title='bbox 2172 2370 2481 2426; x_wconf 89' lang='lat' dir='ltr'><strong>perversum</strong></span> <span class='ocrx_word' id='word_1_489' title='bbox 2531 2355 2624 2407; x_wconf 85' lang='lat' dir='ltr'><strong>ﬁat</strong></span> <span class='ocrx_word' id='word_1_490' title='bbox 2688 2365 2852 2421; x_wconf 89' lang='lat' dir='ltr'><strong>atque</strong></span> <span class='ocrx_word' id='word_1_491' title='bbox 2908 2351 3284 2409; x_wconf 76' lang='lat' dir='ltr'><strong>mortiferum.</strong></span> <span class='ocrx_word' id='word_1_492' title='bbox 3351 2348 3479 2420; x_wconf 82' lang='lat' dir='ltr'><strong>quin</strong></span> 
     </span>
    </p>
   </div>
   <div class='ocr_carea' id='block_1_69' title="bbox 1912 2443 3480 2519">
    <p class='ocr_par' dir='ltr' id='par_1_69' title="bbox 1912 2443 3480 2519">
     <span class='ocr_line' id='line_1_69' title="bbox 1912 2443 3480 2519; baseline -0.008 -13"><span class='ocrx_word' id='word_1_493' title='bbox 1912 2466 2103 2519; x_wconf 88' lang='lat' dir='ltr'><strong>netnpo</strong></span> <span class='ocrx_word' id='word_1_494' title='bbox 2150 2448 2318 2501; x_wconf 89' lang='lat' dir='ltr'><strong>nihilo</strong></span> <span class='ocrx_word' id='word_1_495' title='bbox 2369 2448 2597 2512; x_wconf 88' lang='lat' dir='ltr'><strong>melior,</strong></span> <span class='ocrx_word' id='word_1_496' title='bbox 2629 2446 2740 2498; x_wconf 89' lang='lat' dir='ltr'><strong>imo</strong></span> <span class='ocrx_word' id='word_1_497' title='bbox 2789 2445 2942 2513; x_wconf 74' lang='lat' dir='ltr'><strong>pejor</strong></span> <span class='ocrx_word' id='word_1_498' title='bbox 2990 2443 3058 2497; x_wconf 86' lang='lat' dir='ltr'><strong>sit</strong></span> <span class='ocrx_word' id='word_1_499' title='bbox 3091 2445 3218 2510; x_wconf 67' lang='grc' dir='ltr'><strong>ωειή</strong></span> <span class='ocrx_word' id='word_1_500' title='bbox 3264 2451 3480 2505; x_wconf 82' lang='lat' dir='ltr'><strong>status;</strong></span> 
     </span>
    </p>
   </div>
   <div class='ocr_carea' id='block_1_70' title="bbox 1913 2533 3478 2607">
    <p class='ocr_par' dir='ltr' id='par_1_70' title="bbox 1913 2533 3478 2607">
     <span class='ocr_line' id='line_1_70' title="bbox 1913 2533 3478 2607; baseline -0.01 -9"><span class='ocrx_word' id='word_1_501' title='bbox 1913 2541 2222 2598; x_wconf 85' lang='lat' dir='ltr'><strong>necessario</strong></span> <span class='ocrx_word' id='word_1_502' title='bbox 2277 2540 2458 2607; x_wconf 82' lang='lat' dir='ltr'><strong>Itaque</strong></span> <span class='ocrx_word' id='word_1_503' title='bbox 2487 2538 2737 2592; x_wconf 67' lang='lat' dir='ltr'><strong>aestuabit</strong></span> <span class='ocrx_word' id='word_1_504' title='bbox 2771 2536 3010 2589; x_wconf 90' lang='lat' dir='ltr'><strong>medicus</strong></span> <span class='ocrx_word' id='word_1_505' title='bbox 3053 2543 3108 2587; x_wconf 86' lang='lat' dir='ltr'><strong>et</strong></span> <span class='ocrx_word' id='word_1_506' title='bbox 3154 2533 3286 2587; x_wconf 80' lang='lat' dir='ltr'><strong>satis</strong></span> <span class='ocrx_word' id='word_1_507' title='bbox 3335 2543 3478 2600; x_wconf 72' lang='lat' dir='ltr'><strong>aget,</strong></span> 
     </span>
    </p>
   </div>
   <div class='ocr_carea' id='block_1_71' title="bbox 1911 2625 3476 2696">
    <p class='ocr_par' dir='ltr' id='par_1_71' title="bbox 1911 2625 3476 2696">
     <span class='ocr_line' id='line_1_71' title="bbox 1911 2625 3476 2696; baseline -0.008 -6"><span class='ocrx_word' id='word_1_508' title='bbox 1911 2637 2033 2690; x_wconf 84' lang='lat' dir='ltr'><strong>aliis</strong></span> <span class='ocrx_word' id='word_1_509' title='bbox 2079 2633 2451 2688; x_wconf 87' lang='lat' dir='ltr'><strong>molitionibtts</strong></span> <span class='ocrx_word' id='word_1_510' title='bbox 2489 2631 2714 2684; x_wconf 88' lang='lat' dir='ltr'><strong>s&#39;tudens</strong></span> <span class='ocrx_word' id='word_1_511' title='bbox 2758 2642 3086 2696; x_wconf 87' lang='lat' dir='ltr'><strong>componere</strong></span> <span class='ocrx_word' id='word_1_512' title='bbox 3132 2625 3476 2680; x_wconf 72' lang='lat' dir='ltr'><strong>medicinam.</strong></span> 
     </span>
    </p>
   </div>
   <div class='ocr_carea' id='block_1_72' title="bbox 1913 2712 3480 2791">
    <p class='ocr_par' dir='ltr' id='par_1_72' title="bbox 1913 2712 3480 2791">
     <span class='ocr_line' id='line_1_72' title="bbox 1913 2712 3480 2791; baseline -0.01 -14"><span class='ocrx_word' id='word_1_513' title='bbox 1913 2725 2062 2791; x_wconf 86' lang='lat' dir='ltr'><strong>Quod</strong></span> <span class='ocrx_word' id='word_1_514' title='bbox 2119 2725 2164 2778; x_wconf 88' lang='lat' dir='ltr'><strong>si</strong></span> <span class='ocrx_word' id='word_1_515' title='bbox 2195 2739 2263 2776; x_wconf 90' lang='lat' dir='ltr'><strong>ne</strong></span> <span class='ocrx_word' id='word_1_516' title='bbox 2290 2723 2361 2775; x_wconf 89' lang='lat' dir='ltr'><strong>ita</strong></span> <span class='ocrx_word' id='word_1_517' title='bbox 2393 2719 2608 2788; x_wconf 86' lang='lat' dir='ltr'><strong>quidem</strong></span> <span class='ocrx_word' id='word_1_518' title='bbox 2650 2733 2811 2785; x_wconf 85' lang='lat' dir='ltr'><strong>scopo</strong></span> <span class='ocrx_word' id='word_1_519' title='bbox 2863 2718 3120 2786; x_wconf 84' lang='lat' dir='ltr'><strong>potiatur,</strong></span> <span class='ocrx_word' id='word_1_520' title='bbox 3150 2715 3311 2768; x_wconf 85' lang='lat' dir='ltr'><strong>addet</strong></span> <span class='ocrx_word' id='word_1_521' title='bbox 3353 2712 3480 2775; x_wconf 75' lang='lat' dir='ltr'><strong>alia,</strong></span> 
     </span>
    </p>
   </div>
   <div class='ocr_carea' id='block_1_73' title="bbox 1917 2803 3478 2883">
    <p class='ocr_par' dir='ltr' id='par_1_73' title="bbox 1917 2803 3478 2883">
     <span class='ocr_line' id='line_1_73' title="bbox 1917 2803 3478 2883; baseline -0.01 -12"><span class='ocrx_word' id='word_1_522' title='bbox 1917 2828 2079 2883; x_wconf 87' lang='lat' dir='ltr'><strong>atque</strong></span> <span class='ocrx_word' id='word_1_523' title='bbox 2119 2816 2171 2869; x_wconf 87' lang='lat' dir='ltr'><strong>in</strong></span> <span class='ocrx_word' id='word_1_524' title='bbox 2242 2811 2514 2866; x_wconf 82' lang='lat' dir='ltr'><strong>inﬁnitum</strong></span> <span class='ocrx_word' id='word_1_525' title='bbox 2565 2809 2852 2862; x_wconf 77' lang='lat' dir='ltr'><strong>exhauriet</strong></span> <span class='ocrx_word' id='word_1_526' title='bbox 2893 2806 3060 2875; x_wconf 77' lang='lat'><strong>216</strong></span> <span class='ocrx_word' id='word_1_527' title='bbox 3083 2803 3478 2872; x_wconf 80' lang='lat' dir='ltr'><strong>experimenta.</strong></span> 
     </span>
    </p>
   </div>
   <div class='ocr_carea' id='block_1_74' title="bbox 1913 2895 3482 2974">
    <p class='ocr_par' dir='ltr' id='par_1_74' title="bbox 1913 2895 3482 2974">
     <span class='ocr_line' id='line_1_74' title="bbox 1913 2895 3482 2974; baseline -0.01 -12"><span class='ocrx_word' id='word_1_528' title='bbox 1913 2909 2018 2963; x_wconf 88' lang='lat' dir='ltr'><strong>Sed</strong></span> <span class='ocrx_word' id='word_1_529' title='bbox 2073 2907 2183 2974; x_wconf 87' lang='lat' dir='ltr'><strong>jam</strong></span> <span class='ocrx_word' id='word_1_530' title='bbox 2237 2904 2437 2959; x_wconf 81' lang='lat' dir='ltr'><strong>dehinc</strong></span> <span class='ocrx_word' id='word_1_531' title='bbox 2499 2903 2642 2969; x_wconf 89' lang='lat' dir='ltr'><strong>quod</strong></span> <span class='ocrx_word' id='word_1_532' title='bbox 2704 2900 2785 2962; x_wconf 86' lang='lat' dir='ltr'><strong>lit,</strong></span> <span class='ocrx_word' id='word_1_533' title='bbox 2835 2915 2940 2951; x_wconf 93' lang='lat' dir='ltr'><strong>non</strong></span> <span class='ocrx_word' id='word_1_534' title='bbox 2984 2909 3068 2950; x_wconf 87' lang='lat' dir='ltr'><strong>est</strong></span> <span class='ocrx_word' id='word_1_535' title='bbox 3110 2895 3339 2959; x_wconf 88' lang='lat' dir='ltr'><strong>medela,</strong></span> <span class='ocrx_word' id='word_1_536' title='bbox 3386 2896 3482 2947; x_wconf 75' lang='lat' dir='ltr'><strong>sed</strong></span> 
     </span>
    </p>
   </div>
   <div class='ocr_carea' id='block_1_75' title="bbox 1913 2989 3484 3069">
    <p class='ocr_par' dir='ltr' id='par_1_75' title="bbox 1913 2989 3484 3069">
     <span class='ocr_line' id='line_1_75' title="bbox 1913 2989 3484 3069; baseline -0.01 -17"><span class='ocrx_word' id='word_1_537' title='bbox 1913 2999 2238 3069; x_wconf 83' lang='lat' dir='ltr'><strong>ambiguitas</strong></span> <span class='ocrx_word' id='word_1_538' title='bbox 2268 3007 2320 3049; x_wconf 88' lang='lat' dir='ltr'><strong>et</strong></span> <span class='ocrx_word' id='word_1_539' title='bbox 2339 2993 2616 3048; x_wconf 85' lang='lat' dir='ltr'><strong>nbcrratio</strong></span> <span class='ocrx_word' id='word_1_540' title='bbox 2645 3001 2698 3044; x_wconf 87' lang='lat' dir='ltr'><strong>et</strong></span> <span class='ocrx_word' id='word_1_541' title='bbox 2719 2990 2844 3061; x_wconf 67' lang='lat' dir='ltr'><strong>aegri</strong></span> <span class='ocrx_word' id='word_1_542' title='bbox 2877 2990 3156 3043; x_wconf 86' lang='lat' dir='ltr'><strong>doloribus</strong></span> <span class='ocrx_word' id='word_1_543' title='bbox 3183 2989 3484 3042; x_wconf 88' lang='lat' dir='ltr'><strong>incremen-</strong></span> 
     </span>
    </p>
   </div>
   <div class='ocr_carea' id='block_1_76' title="bbox 1914 3076 3482 3149">
    <p class='ocr_par' dir='ltr' id='par_1_76' title="bbox 1914 3076 3482 3149">
     <span class='ocr_line' id='line_1_76' title="bbox 1914 3076 3482 3149; baseline -0.009 -7"><span class='ocrx_word' id='word_1_544' title='bbox 1914 3101 2044 3144; x_wconf 92' lang='lat' dir='ltr'><strong>tum.</strong></span> <span class='ocrx_word' id='word_1_545' title='bbox 2077 3089 2198 3143; x_wconf 84' lang='lat' dir='ltr'><strong>Pari</strong></span> <span class='ocrx_word' id='word_1_546' title='bbox 2239 3087 2397 3140; x_wconf 91' lang='lat' dir='ltr'><strong>modo</strong></span> <span class='ocrx_word' id='word_1_547' title='bbox 2441 3083 2747 3137; x_wconf 85' lang='lat' dir='ltr'><strong>Servatoris</strong></span> <span class='ocrx_word' id='word_1_548' title='bbox 2791 3096 3009 3149; x_wconf 88' lang='lat' dir='ltr'><strong>quoque</strong></span> <span class='ocrx_word' id='word_1_549' title='bbox 3061 3080 3236 3132; x_wconf 84' lang='lat' dir='ltr'><strong>nostri</strong></span> <span class='ocrx_word' id='word_1_550' title='bbox 3280 3076 3482 3130; x_wconf 77' lang='lat' dir='ltr'><strong>Christi</strong></span> 
     </span>
    </p>
   </div>
   <div class='ocr_carea' id='block_1_77' title="bbox 1915 3167 3482 3244">
    <p class='ocr_par' dir='ltr' id='par_1_77' title="bbox 1915 3167 3482 3244">
     <span class='ocr_line' id='line_1_77' title="bbox 1915 3167 3482 3244; baseline -0.008 -12"><span class='ocrx_word' id='word_1_551' title='bbox 1915 3179 2339 3233; x_wconf 81' lang='lat' dir='ltr'><strong>incarnationem</strong></span> <span class='ocrx_word' id='word_1_552' title='bbox 2384 3175 2673 3227; x_wconf 81' lang='lat' dir='ltr'><strong>irridentes</strong></span> <span class='ocrx_word' id='word_1_553' title='bbox 2705 3172 2757 3226; x_wconf 89' lang='lat' dir='ltr'><strong>hi</strong></span> <span class='ocrx_word' id='word_1_554' title='bbox 2808 3171 2990 3224; x_wconf 82' lang='lat' dir='ltr'><strong>miseri</strong></span> <span class='ocrx_word' id='word_1_555' title='bbox 3021 3170 3244 3244; x_wconf 77' lang='lat' dir='ltr'><strong>delinire</strong></span> <span class='ocrx_word' id='word_1_556' title='bbox 3274 3167 3482 3232; x_wconf 82' lang='lat' dir='ltr'><strong>volunt,</strong></span> 
     </span>
    </p>
   </div>
   <div class='ocr_carea' id='block_1_78' title="bbox 1919 3248 3484 3328">
    <p class='ocr_par' dir='ltr' id='par_1_78' title="bbox 1919 3248 3484 3328">
     <span class='ocr_line' id='line_1_78' title="bbox 1919 3248 3484 3328; baseline -0.008 -4"><span class='ocrx_word' id='word_1_557' title='bbox 1919 3271 2051 3324; x_wconf 88' lang='lat' dir='ltr'><strong>nihil</strong></span> <span class='ocrx_word' id='word_1_558' title='bbox 2078 3271 2298 3323; x_wconf 89' lang='lat' dir='ltr'><strong>omnino</strong></span> <span class='ocrx_word' id='word_1_559' title='bbox 2326 3267 2514 3321; x_wconf 83' lang='lat' dir='ltr'><strong>ellicax</strong></span> <span class='ocrx_word' id='word_1_560' title='bbox 2549 3248 2640 3318; x_wconf 71' lang='lat' dir='ltr'><strong>aut</strong></span> <span class='ocrx_word' id='word_1_561' title='bbox 2675 3264 2870 3319; x_wconf 89' lang='lat' dir='ltr'><strong>stabile</strong></span> <span class='ocrx_word' id='word_1_562' title='bbox 2907 3263 3110 3315; x_wconf 84' lang='lat' dir='ltr'><strong>habere</strong></span> <span class='ocrx_word' id='word_1_563' title='bbox 3155 3262 3327 3328; x_wconf 80' lang='lat' dir='ltr'><strong>ipsam</strong></span> <span class='ocrx_word' id='word_1_564' title='bbox 3359 3257 3484 3312; x_wconf 77' lang='lat' dir='ltr'><strong>exi-</strong></span> 
     </span>
    </p>
   </div>
   <div class='ocr_carea' id='block_1_79' title="bbox 1917 3353 3484 3423">
    <p class='ocr_par' dir='ltr' id='par_1_79' title="bbox 1917 3353 3484 3423">
     <span class='ocr_line' id='line_1_79' title="bbox 1917 3353 3484 3423; baseline -0.008 -7"><span class='ocrx_word' id='word_1_565' title='bbox 1917 3362 2216 3416; x_wconf 82' lang='lat' dir='ltr'><strong>stimantes.</strong></span> <span class='ocrx_word' id='word_1_566' title='bbox 2255 3357 2513 3411; x_wconf 87' lang='lat' dir='ltr'><strong>Ludibrio</strong></span> <span class='ocrx_word' id='word_1_567' title='bbox 2565 3358 2747 3423; x_wconf 86' lang='lat' dir='ltr'><strong>itaque</strong></span> <span class='ocrx_word' id='word_1_568' title='bbox 2793 3354 3059 3407; x_wconf 85' lang='lat' dir='ltr'><strong>habentur</strong></span> <span class='ocrx_word' id='word_1_569' title='bbox 3122 3353 3256 3422; x_wconf 87' lang='lat' dir='ltr'><strong>ipsis</strong></span> <span class='ocrx_word' id='word_1_570' title='bbox 3295 3361 3484 3405; x_wconf 80' lang='lat' dir='ltr'><strong>nostra</strong></span> 
     </span>
    </p>
   </div>
   <div class='ocr_carea' id='block_1_80' title="bbox 1919 3441 3478 3525">
    <p class='ocr_par' dir='ltr' id='par_1_80' title="bbox 1919 3441 3478 3525">
     <span class='ocr_line' id='line_1_80' title="bbox 1919 3441 3478 3525; baseline -0.008 -19"><span class='ocrx_word' id='word_1_571' title='bbox 1919 3452 2194 3525; x_wconf 76' lang='lat' dir='ltr'><strong>mysteria,</strong></span> <span class='ocrx_word' id='word_1_572' title='bbox 2227 3450 2464 3517; x_wconf 87' lang='lat' dir='ltr'><strong>nihilque</strong></span> <span class='ocrx_word' id='word_1_573' title='bbox 2495 3464 2524 3502; x_wconf 85' lang='lat' dir='ltr'><strong>a</strong></span> <span class='ocrx_word' id='word_1_574' title='bbox 2557 3447 2788 3502; x_wconf 82' lang='lat' dir='ltr'><strong>scenicis</strong></span> <span class='ocrx_word' id='word_1_575' title='bbox 2826 3445 3009 3508; x_wconf 84' lang='lat' dir='ltr'><strong>rebus,</strong></span> <span class='ocrx_word' id='word_1_576' title='bbox 3038 3453 3098 3498; x_wconf 94' lang='lat' dir='ltr'><strong>ut</strong></span> <span class='ocrx_word' id='word_1_577' title='bbox 3129 3446 3366 3508; x_wconf 84' lang='lat' dir='ltr'><strong>videtur,</strong></span> <span class='ocrx_word' id='word_1_578' title='bbox 3394 3441 3478 3497; x_wconf 86' lang='lat' dir='ltr'><strong>di-</strong></span> 
     </span>
    </p>
   </div>
   <div class='ocr_carea' id='block_1_81' title="bbox 1917 3543 2137 3597">
    <p class='ocr_par' dir='ltr' id='par_1_81' title="bbox 1917 3543 2137 3597">
     <span class='ocr_line' id='line_1_81' title="bbox 1917 3543 2137 3597; baseline -0.009 0"><span class='ocrx_word' id='word_1_579' title='bbox 1917 3543 2137 3597; x_wconf 77' lang='lat' dir='ltr'><strong>stantia.</strong></span> 
     </span>
    </p>
   </div>
   <div class='ocr_carea' id='block_1_82' title="bbox 1990 3629 3482 3696">
    <p class='ocr_par' dir='ltr' id='par_1_82' title="bbox 1990 3629 3482 3696">
     <span class='ocr_line' id='line_1_82' title="bbox 1990 3629 3482 3696; baseline -0.006 -10"><span class='ocrx_word' id='word_1_580' title='bbox 1990 3634 2056 3686; x_wconf 83' lang='lat' dir='ltr'><strong>At</strong></span> <span class='ocrx_word' id='word_1_581' title='bbox 2088 3633 2230 3687; x_wconf 92' lang='lat' dir='ltr'><strong>enim</strong></span> <span class='ocrx_word' id='word_1_582' title='bbox 2265 3647 2382 3696; x_wconf 92' lang='lat' dir='ltr'><strong>nos,</strong></span> <span class='ocrx_word' id='word_1_583' title='bbox 2406 3632 2650 3685; x_wconf 88' lang='lat' dir='ltr'><strong>veritatis</strong></span> <span class='ocrx_word' id='word_1_584' title='bbox 2701 3646 2855 3684; x_wconf 89' lang='lat' dir='ltr'><strong>usum</strong></span> <span class='ocrx_word' id='word_1_585' title='bbox 2899 3629 3175 3687; x_wconf 84' lang='lat' dir='ltr'><strong>habentes,</strong></span> <span class='ocrx_word' id='word_1_586' title='bbox 3215 3638 3266 3680; x_wconf 88' lang='lat' dir='ltr'><strong>et</strong></span> <span class='ocrx_word' id='word_1_587' title='bbox 3304 3642 3482 3680; x_wconf 66' lang='lat' dir='ltr'><strong>rerr-n</strong></span> 
     </span>
    </p>
   </div>
   <div class='ocr_carea' id='block_1_83' title="bbox 1915 3722 3488 3796">
    <p class='ocr_par' dir='ltr' id='par_1_83' title="bbox 1915 3722 3488 3796">
     <span class='ocr_line' id='line_1_83' title="bbox 1915 3722 3488 3796; baseline -0.006 -15"><span class='ocrx_word' id='word_1_588' title='bbox 1915 3739 2183 3796; x_wconf 71' lang='lat' dir='ltr'><strong>gestarum</strong></span> <span class='ocrx_word' id='word_1_589' title='bbox 2212 3727 2330 3779; x_wconf 82' lang='lat' dir='ltr'><strong>ﬁdei</strong></span> <span class='ocrx_word' id='word_1_590' title='bbox 2352 3743 2414 3780; x_wconf 91' lang='lat' dir='ltr'><strong>ac</strong></span> <span class='ocrx_word' id='word_1_591' title='bbox 2447 3727 2629 3778; x_wconf 85' lang='lat' dir='ltr'><strong>virtuti</strong></span> <span class='ocrx_word' id='word_1_592' title='bbox 2659 3727 3020 3784; x_wconf 71' lang='lat' dir='ltr'><strong>adlueteutcs,</strong></span> <span class='ocrx_word' id='word_1_593' title='bbox 3047 3724 3273 3777; x_wconf 77' lang='lat' dir='ltr'><strong>dicimus</strong></span> <span class='ocrx_word' id='word_1_594' title='bbox 3300 3739 3312 3774; x_wconf 89' lang='lat'>:</span> <span class='ocrx_word' id='word_1_595' title='bbox 3337 3722 3488 3774; x_wconf 72' lang='lat' dir='ltr'><strong>Adeo</strong></span> 
     </span>
    </p>
   </div>
   <div class='ocr_carea' id='block_1_84' title="bbox 1919 3813 3484 3887">
    <p class='ocr_par' dir='ltr' id='par_1_84' title="bbox 1919 3813 3484 3887">
     <span class='ocr_line' id='line_1_84' title="bbox 1919 3813 3484 3887; baseline -0.003 -16"><span class='ocrx_word' id='word_1_596' title='bbox 1919 3835 2013 3872; x_wconf 90' lang='lat' dir='ltr'><strong>sua</strong></span> <span class='ocrx_word' id='word_1_597' title='bbox 2089 3827 2297 3871; x_wconf 87' lang='lat' dir='ltr'><strong>constat</strong></span> <span class='ocrx_word' id='word_1_598' title='bbox 2368 3817 2588 3870; x_wconf 86' lang='lat' dir='ltr'><strong>victoria</strong></span> <span class='ocrx_word' id='word_1_599' title='bbox 2667 3817 2876 3887; x_wconf 83' lang='lat' dir='ltr'><strong>tyranni</strong></span> <span class='ocrx_word' id='word_1_600' title='bbox 2929 3817 3224 3882; x_wconf 76' lang='lat' dir='ltr'><strong>mortisque</strong></span> <span class='ocrx_word' id='word_1_601' title='bbox 3293 3813 3484 3866; x_wconf 85' lang='lat' dir='ltr'><strong>victuri</strong></span> 
     </span>
    </p>
   </div>
   <div class='ocr_carea' id='block_1_85' title="bbox 1917 3906 3486 3978">
    <p class='ocr_par' dir='ltr' id='par_1_85' title="bbox 1917 3906 3486 3978">
     <span class='ocr_line' id='line_1_85' title="bbox 1917 3906 3486 3978; baseline -0.005 -13"><span class='ocrx_word' id='word_1_602' title='bbox 1917 3911 2159 3975; x_wconf 86' lang='lat' dir='ltr'><strong>Christo,</strong></span> <span class='ocrx_word' id='word_1_603' title='bbox 2191 3910 2378 3978; x_wconf 80' lang='lat' dir='ltr'><strong>utjam</strong></span> <span class='ocrx_word' id='word_1_604' title='bbox 2411 3909 2676 3963; x_wconf 77' lang='lat' dir='ltr'><strong>exitiosus</strong></span> <span class='ocrx_word' id='word_1_605' title='bbox 2702 3910 2886 3974; x_wconf 90' lang='lat' dir='ltr'><strong>draco,</strong></span> <span class='ocrx_word' id='word_1_606' title='bbox 2924 3906 3288 3961; x_wconf 84' lang='lat' dir='ltr'><strong>insatiabilem</strong></span> <span class='ocrx_word' id='word_1_607' title='bbox 3333 3922 3486 3959; x_wconf 83' lang='lat' dir='ltr'><strong>suam</strong></span> 
     </span>
    </p>
   </div>
   <div class='ocr_carea' id='block_1_86' title="bbox 1920 3996 3485 4067">
    <p class='ocr_par' dir='ltr' id='par_1_86' title="bbox 1920 3996 3485 4067">
     <span class='ocr_line' id='line_1_86' title="bbox 1920 3996 3485 4067; baseline -0.004 -14"><span class='ocrx_word' id='word_1_608' title='bbox 1920 4001 2271 4055; x_wconf 77' lang='lat' dir='ltr'><strong>voratitatem</strong></span> <span class='ocrx_word' id='word_1_609' title='bbox 2329 3999 2380 4052; x_wconf 92' lang='lat' dir='ltr'><strong>in</strong></span> <span class='ocrx_word' id='word_1_610' title='bbox 2435 3997 2706 4052; x_wconf 85' lang='lat' dir='ltr'><strong>Christum</strong></span> <span class='ocrx_word' id='word_1_611' title='bbox 2739 4047 2742 4051; x_wconf 85' lang='lat'>.</span> <span class='ocrx_word' id='word_1_612' title='bbox 2771 3998 2943 4067; x_wconf 86' lang='lat' dir='ltr'><strong>ipsum</strong></span> <span class='ocrx_word' id='word_1_613' title='bbox 2990 3997 3298 4058; x_wconf 78' lang='lat' dir='ltr'><strong>intendens,</strong></span> <span class='ocrx_word' id='word_1_614' title='bbox 3334 4005 3386 4047; x_wconf 87' lang='lat' dir='ltr'><strong>et</strong></span> <span class='ocrx_word' id='word_1_615' title='bbox 3433 3996 3485 4047; x_wconf 89' lang='lat' dir='ltr'><strong>in</strong></span> 
     </span>
    </p>
   </div>
   <div class='ocr_carea' id='block_1_87' title="bbox 1920 4083 3485 4160">
    <p class='ocr_par' dir='ltr' id='par_1_87' title="bbox 1920 4083 3485 4160">
     <span class='ocr_line' id='line_1_87' title="bbox 1920 4083 3485 4160; baseline -0.008 -15"><span class='ocrx_word' id='word_1_616' title='bbox 1920 4099 2239 4160; x_wconf 65' lang='lat' dir='ltr'><strong>prazsentem</strong></span> <span class='ocrx_word' id='word_1_617' title='bbox 2287 4088 2503 4142; x_wconf 86' lang='lat' dir='ltr'><strong>irruens</strong></span> <span class='ocrx_word' id='word_1_618' title='bbox 2541 4127 2555 4153; x_wconf 93' lang='lat'><strong>,</strong></span> <span class='ocrx_word' id='word_1_619' title='bbox 2614 4096 2896 4157; x_wconf 83' lang='lat' dir='ltr'><strong>postquam</strong></span> <span class='ocrx_word' id='word_1_620' title='bbox 2967 4085 3131 4139; x_wconf 83' lang='lat' dir='ltr'><strong>veluti</strong></span> <span class='ocrx_word' id='word_1_621' title='bbox 3182 4100 3306 4138; x_wconf 78' lang='lat' dir='ltr'><strong>esca</strong></span> <span class='ocrx_word' id='word_1_622' title='bbox 3382 4083 3485 4152; x_wconf 49' lang='lat' dir='ltr'><strong>ipsi</strong></span> 
     </span>
    </p>
   </div>
   <div class='ocr_carea' id='block_1_88' title="bbox 1915 4177 3485 4252">
    <p class='ocr_par' dir='ltr' id='par_1_88' title="bbox 1915 4177 3485 4252">
     <span class='ocr_line' id='line_1_88' title="bbox 1915 4177 3485 4252; baseline -0.008 -14"><span class='ocrx_word' id='word_1_623' title='bbox 1915 4184 2128 4252; x_wconf 85' lang='lat' dir='ltr'><strong>objecta</strong></span> <span class='ocrx_word' id='word_1_624' title='bbox 2163 4191 2248 4236; x_wconf 89' lang='lat' dir='ltr'><strong>est</strong></span> <span class='ocrx_word' id='word_1_625' title='bbox 2293 4182 2624 4246; x_wconf 87' lang='lat' dir='ltr'><strong>humanitas,</strong></span> <span class='ocrx_word' id='word_1_626' title='bbox 2657 4182 2809 4248; x_wconf 87' lang='lat' dir='ltr'><strong>isque</strong></span> <span class='ocrx_word' id='word_1_627' title='bbox 2868 4180 3061 4247; x_wconf 79' lang='lat' dir='ltr'><strong>Cupide</strong></span> <span class='ocrx_word' id='word_1_628' title='bbox 3107 4192 3205 4231; x_wconf 89' lang='lat' dir='ltr'><strong>ceu</strong></span> <span class='ocrx_word' id='word_1_629' title='bbox 3254 4177 3485 4246; x_wconf 64' lang='lat' dir='ltr'><strong>praedam</strong></span> 
     </span>
    </p>
   </div>
   <div class='ocr_carea' id='block_1_89' title="bbox 1915 4268 3487 4348">
    <p class='ocr_par' dir='ltr' id='par_1_89' title="bbox 1915 4268 3487 4348">
     <span class='ocr_line' id='line_1_89' title="bbox 1915 4268 3487 4348; baseline -0.007 -18"><span class='ocrx_word' id='word_1_630' title='bbox 1915 4277 2203 4348; x_wconf 81' lang='lat' dir='ltr'><strong>quamdam</strong></span> <span class='ocrx_word' id='word_1_631' title='bbox 2231 4282 2424 4329; x_wconf 86' lang='lat' dir='ltr'><strong>nactus</strong></span> <span class='ocrx_word' id='word_1_632' title='bbox 2458 4288 2649 4328; x_wconf 86' lang='lat' dir='ltr'><strong>vorare</strong></span> <span class='ocrx_word' id='word_1_633' title='bbox 2681 4273 2909 4342; x_wconf 82' lang='lat' dir='ltr'><strong>putavit,</strong></span> <span class='ocrx_word' id='word_1_634' title='bbox 2942 4272 2993 4323; x_wconf 84' lang='lat' dir='ltr'><strong>in</strong></span> <span class='ocrx_word' id='word_1_635' title='bbox 3022 4271 3238 4324; x_wconf 82' lang='lat' dir='ltr'><strong>hamum</strong></span> <span class='ocrx_word' id='word_1_636' title='bbox 3274 4268 3487 4320; x_wconf 84' lang='lat' dir='ltr'><strong>deitatis</strong></span> 
     </span>
    </p>
   </div>
   <div class='ocr_carea' id='block_1_90' title="bbox 1916 4357 3489 4436">
    <p class='ocr_par' dir='ltr' id='par_1_90' title="bbox 1916 4357 3489 4436">
     <span class='ocr_line' id='line_1_90' title="bbox 1916 4357 3489 4436; baseline -0.011 -13"><span class='ocrx_word' id='word_1_637' title='bbox 1916 4369 2173 4436; x_wconf 85' lang='lat' dir='ltr'><strong>deceptus</strong></span> <span class='ocrx_word' id='word_1_638' title='bbox 2191 4365 2511 4430; x_wconf 84' lang='lat' dir='ltr'><strong>incurrerit;</strong></span> <span class='ocrx_word' id='word_1_639' title='bbox 2534 4374 2587 4418; x_wconf 85' lang='lat' dir='ltr'><strong>et</strong></span> <span class='ocrx_word' id='word_1_640' title='bbox 2606 4378 2743 4432; x_wconf 89' lang='lat' dir='ltr'><strong>quos</strong></span> <span class='ocrx_word' id='word_1_641' title='bbox 2756 4362 2887 4415; x_wconf 90' lang='lat' dir='ltr'><strong>.olim</strong></span> <span class='ocrx_word' id='word_1_642' title='bbox 2913 4359 3169 4429; x_wconf 79' lang='lat' dir='ltr'><strong>ligurieus</strong></span> <span class='ocrx_word' id='word_1_643' title='bbox 3193 4357 3489 4426; x_wconf 74' lang='lat' dir='ltr'><strong>ingurgita-</strong></span> 
     </span>
    </p>
   </div>
   <div class='ocr_carea' id='block_1_91' title="bbox 1919 4450 3484 4524">
    <p class='ocr_par' dir='ltr' id='par_1_91' title="bbox 1919 4450 3484 4524">
     <span class='ocr_line' id='line_1_91' title="bbox 1919 4450 3484 4524; baseline -0.008 -13"><span class='ocrx_word' id='word_1_644' title='bbox 1919 4469 2087 4524; x_wconf 88' lang='lat' dir='ltr'><strong>verat,</strong></span> <span class='ocrx_word' id='word_1_645' title='bbox 2106 4457 2421 4511; x_wconf 77' lang='lat' dir='ltr'><strong>dilﬁcultate</strong></span> <span class='ocrx_word' id='word_1_646' title='bbox 2449 4456 2554 4510; x_wconf 90' lang='lat' dir='ltr'><strong>cibi</strong></span> <span class='ocrx_word' id='word_1_647' title='bbox 2589 4454 2929 4522; x_wconf 61' lang='lat' dir='ltr'><strong>prae-locatus,</strong></span> <span class='ocrx_word' id='word_1_648' title='bbox 2951 4453 3148 4505; x_wconf 82' lang='lat' dir='ltr'><strong>invitus</strong></span> <span class='ocrx_word' id='word_1_649' title='bbox 3169 4450 3484 4504; x_wconf 76' lang='lat' dir='ltr'><strong>evomuerit.</strong></span> 
     </span>
    </p>
   </div>
   <div class='ocr_carea' id='block_1_92' title="bbox 243 4543 1852 4620">
    <p class='ocr_par' dir='ltr' id='par_1_92' title="bbox 243 4545 1852 4617">
     <span class='ocr_line' id='line_1_92' title="bbox 243 4545 1852 4617; baseline -0.002 -18"><span class='ocrx_word' id='word_1_650' title='bbox 243 4546 518 4608; x_wconf 82' lang='grc' dir='ltr'><strong>πεπώκει,</strong></span> <span class='ocrx_word' id='word_1_651' title='bbox 542 4546 675 4617; x_wconf 81' lang='grc' dir='ltr'><strong>πρὸς</strong></span> <span class='ocrx_word' id='word_1_652' title='bbox 697 4546 758 4598; x_wconf 80' lang='grc' dir='ltr'><strong>τὸ</strong></span> <span class='ocrx_word' id='word_1_653' title='bbox 781 4547 1106 4612; x_wconf 85' lang='grc' dir='ltr'><strong>δυσάντητον</strong></span> <span class='ocrx_word' id='word_1_654' title='bbox 1135 4545 1454 4614; x_wconf 88' lang='grc' dir='ltr'><strong>ἀπαυδήσας</strong></span> <span class='ocrx_word' id='word_1_655' title='bbox 1483 4548 1579 4615; x_wconf 82' lang='grc' dir='ltr'><strong>τῆς</strong></span> <span class='ocrx_word' id='word_1_656' title='bbox 1609 4545 1810 4614; x_wconf 79' lang='grc' dir='ltr'><strong>θοίνης,</strong></span> <span class='ocrx_word' id='word_1_657' title='bbox 1844 4559 1852 4612; x_wconf 88' lang='grc'>]</span> 
     </span>
    </p>
   </div>
   <div class='ocr_carea' id='block_1_93' title="bbox 1909 4543 3484 4620">
    <p class='ocr_par' dir='ltr' id='par_1_93' title="bbox 1920 4543 3484 4620">
     <span class='ocr_line' id='line_1_93' title="bbox 1920 4543 3484 4620; baseline -0.01 -14"><span class='ocrx_word' id='word_1_658' title='bbox 1920 4552 2206 4620; x_wconf 86' lang='lat' dir='ltr'><strong>Pr0pterea</strong></span> <span class='ocrx_word' id='word_1_659' title='bbox 2236 4549 2503 4612; x_wconf 89' lang='lat' dir='ltr'><strong>homines,</strong></span> <span class='ocrx_word' id='word_1_660' title='bbox 2535 4548 2632 4616; x_wconf 90' lang='lat' dir='ltr'><strong>qui</strong></span> <span class='ocrx_word' id='word_1_661' title='bbox 2665 4555 2827 4600; x_wconf 88' lang='lat' dir='ltr'><strong>antea</strong></span> <span class='ocrx_word' id='word_1_662' title='bbox 2860 4547 3036 4613; x_wconf 64' lang='lat' dir='ltr'><strong>praeda</strong></span> <span class='ocrx_word' id='word_1_663' title='bbox 3070 4553 3220 4596; x_wconf 87' lang='lat' dir='ltr'><strong>erant</strong></span> <span class='ocrx_word' id='word_1_664' title='bbox 3247 4543 3402 4598; x_wconf 86' lang='lat' dir='ltr'><strong>obvia</strong></span> <span class='ocrx_word' id='word_1_665' title='bbox 3434 4549 3484 4590; x_wconf 84' lang='lat' dir='ltr'><strong>ct</strong></span> 
     </span>
    </p>
   </div>
   <div class='ocr_carea' id='block_1_94' title="bbox 243 4635 1814 4706">
    <p class='ocr_par' dir='ltr' id='par_1_94' title="bbox 243 4635 1814 4706">
     <span class='ocr_line' id='line_1_94' title="bbox 243 4635 1814 4706; baseline -0.001 -15"><span class='ocrx_word' id='word_1_666' title='bbox 243 4645 343 4691; x_wconf 78' lang='grc' dir='ltr'><strong>καὶ</strong></span> <span class='ocrx_word' id='word_1_667' title='bbox 367 4639 466 4690; x_wconf 83' lang='grc' dir='ltr'><strong>οὐκ</strong></span> <span class='ocrx_word' id='word_1_668' title='bbox 493 4639 694 4691; x_wconf 76' lang='grc' dir='ltr'><strong>ἐθέλων</strong></span> <span class='ocrx_word' id='word_1_669' title='bbox 720 4639 991 4706; x_wconf 86' lang='grc' dir='ltr'><strong>ἀπήμεσε.</strong></span> <span class='ocrx_word' id='word_1_670' title='bbox 1022 4635 1206 4689; x_wconf 84' lang='grc' dir='ltr'><strong>Ταῦτά</strong></span> <span class='ocrx_word' id='word_1_671' title='bbox 1223 4653 1306 4688; x_wconf 88' lang='grc' dir='ltr'><strong>τοι</strong></span> <span class='ocrx_word' id='word_1_672' title='bbox 1331 4637 1425 4688; x_wconf 77' lang='grc' dir='ltr'><strong>καὶ</strong></span> <span class='ocrx_word' id='word_1_673' title='bbox 1442 4637 1491 4688; x_wconf 77' lang='grc' dir='ltr'><strong>οἱ</strong></span> <span class='ocrx_word' id='word_1_674' title='bbox 1524 4636 1652 4706; x_wconf 77' lang='grc' dir='ltr'><strong>πρὶν</strong></span> <span class='ocrx_word' id='word_1_675' title='bbox 1680 4637 1814 4705; x_wconf 80' lang='grc' dir='ltr'><strong>πρὸς</strong></span> 
     </span>
    </p>
   </div>
   <div class='ocr_carea' id='block_1_95' title="bbox 244 4726 1816 4800">
    <p class='ocr_par' dir='ltr' id='par_1_95' title="bbox 244 4726 1816 4800">
     <span class='ocr_line' id='line_1_95' title="bbox 244 4726 1816 4800; baseline -0.003 -17"><span class='ocrx_word' id='word_1_676' title='bbox 244 4731 423 4800; x_wconf 82' lang='grc' dir='ltr'><strong>θήραν</strong></span> <span class='ocrx_word' id='word_1_677' title='bbox 445 4729 666 4798; x_wconf 82' lang='grc' dir='ltr'><strong>ἑτοίμην</strong></span> <span class='ocrx_word' id='word_1_678' title='bbox 696 4728 790 4780; x_wconf 74' lang='grc' dir='ltr'><strong>καὶ</strong></span> <span class='ocrx_word' id='word_1_679' title='bbox 816 4727 1015 4796; x_wconf 80' lang='grc' dir='ltr'><strong>ἐδωδὴν</strong></span> <span class='ocrx_word' id='word_1_680' title='bbox 1042 4726 1265 4796; x_wconf 79' lang='grc' dir='ltr'><strong>ἡδίστην</strong></span> <span class='ocrx_word' id='word_1_681' title='bbox 1295 4727 1443 4797; x_wconf 83' lang='grc' dir='ltr'><strong>αύτῷ</strong></span> <span class='ocrx_word' id='word_1_682' title='bbox 1482 4727 1816 4796; x_wconf 86' lang='grc' dir='ltr'><strong>ύπεκκείμε-</strong></span> 
     </span>
    </p>
   </div>
   <div class='ocr_carea' id='block_1_96' title="bbox 244 4817 1816 4888">
    <p class='ocr_par' dir='ltr' id='par_1_96' title="bbox 244 4817 1816 4888">
     <span class='ocr_line' id='line_1_96' title="bbox 244 4817 1816 4888; baseline -0.004 -11"><span class='ocrx_word' id='word_1_683' title='bbox 244 4841 334 4877; x_wconf 84' lang='grc' dir='ltr'><strong>νοι</strong></span> <span class='ocrx_word' id='word_1_684' title='bbox 373 4822 562 4874; x_wconf 78' lang='grc' dir='ltr'><strong>ἔλαόον</strong></span> <span class='ocrx_word' id='word_1_685' title='bbox 604 4820 852 4884; x_wconf 75' lang='grc' dir='ltr'><strong>ἐξουσίαν</strong></span> <span class='ocrx_word' id='word_1_686' title='bbox 880 4818 1036 4888; x_wconf 90' lang='grc' dir='ltr'><strong>παρά</strong></span> <span class='ocrx_word' id='word_1_687' title='bbox 1076 4817 1169 4870; x_wconf 81' lang='grc' dir='ltr'><strong>τοῦ</strong></span> <span class='ocrx_word' id='word_1_688' title='bbox 1201 4819 1292 4869; x_wconf 81' lang='grc' dir='ltr'><strong>τὸν</strong></span> <span class='ocrx_word' id='word_1_689' title='bbox 1329 4820 1534 4886; x_wconf 85' lang='grc' dir='ltr'><strong>κόσμον</strong></span> <span class='ocrx_word' id='word_1_690' title='bbox 1557 4819 1816 4888; x_wconf 86' lang='grc' dir='ltr'><strong>νικήσαν-</strong></span> 
     </span>
    </p>
   </div>
   <div class='ocr_carea' id='block_1_97' title="bbox 244 4908 1817 4980">
    <p class='ocr_par' dir='ltr' id='par_1_97' title="bbox 244 4908 1817 4980">
     <span class='ocr_line' id='line_1_97' title="bbox 244 4908 1817 4980; baseline -0.004 -13"><span class='ocrx_word' id='word_1_691' title='bbox 244 4931 364 4976; x_wconf 84' lang='grc' dir='ltr'><strong>τος,</strong></span> <span class='ocrx_word' id='word_1_692' title='bbox 412 4912 507 4965; x_wconf 74' lang='grc' dir='ltr'><strong>καὶ</strong></span> <span class='ocrx_word' id='word_1_693' title='bbox 543 4910 641 4980; x_wconf 79' lang='grc' dir='ltr'><strong>τὴν</strong></span> <span class='ocrx_word' id='word_1_694' title='bbox 684 4911 1032 4980; x_wconf 82' lang='grc' dir='ltr'><strong>ὑπερήφανον</strong></span> <span class='ocrx_word' id='word_1_695' title='bbox 1075 4908 1169 4962; x_wconf 73' lang='grc' dir='ltr'><strong>καὶ</strong></span> <span class='ocrx_word' id='word_1_696' title='bbox 1216 4909 1459 4979; x_wconf 80' lang='grc' dir='ltr'><strong>δυσμενῆ</strong></span> <span class='ocrx_word' id='word_1_697' title='bbox 1500 4908 1817 4971; x_wconf 85' lang='grc' dir='ltr'><strong>καθελόντος</strong></span> 
     </span>
    </p>
   </div>
   <div class='ocr_carea' id='block_1_98' title="bbox 245 4999 1819 5070">
    <p class='ocr_par' dir='ltr' id='par_1_98' title="bbox 245 4999 1819 5070">
     <span class='ocr_line' id='line_1_98' title="bbox 245 4999 1819 5070; baseline -0.004 -13"><span class='ocrx_word' id='word_1_698' title='bbox 245 5002 347 5057; x_wconf 80' lang='grc' dir='ltr'><strong>τοῦ</strong></span> <span class='ocrx_word' id='word_1_699' title='bbox 395 5002 635 5070; x_wconf 85' lang='grc' dir='ltr'><strong>Πονηροῦ</strong></span> <span class='ocrx_word' id='word_1_700' title='bbox 677 5000 1018 5064; x_wconf 86' lang='grc' dir='ltr'><strong>δυναστείαν,</strong></span> <span class='ocrx_word' id='word_1_701' title='bbox 1056 5003 1248 5051; x_wconf 85' lang='grc' dir='ltr'><strong>πατεῖν</strong></span> <span class='ocrx_word' id='word_1_702' title='bbox 1295 5000 1478 5052; x_wconf 78' lang='grc' dir='ltr'><strong>ἐπάνω</strong></span> <span class='ocrx_word' id='word_1_703' title='bbox 1520 4999 1696 5067; x_wconf 74' lang='grc' dir='ltr'><strong>ὄφεων</strong></span> <span class='ocrx_word' id='word_1_704' title='bbox 1725 4999 1819 5051; x_wconf 77' lang='grc' dir='ltr'><strong>καὶ</strong></span> 
     </span>
    </p>
   </div>
   <div class='ocr_carea' id='block_1_99' title="bbox 249 5089 1816 5161">
    <p class='ocr_par' dir='ltr' id='par_1_99' title="bbox 249 5089 1816 5161">
     <span class='ocr_line' id='line_1_99' title="bbox 249 5089 1816 5161; baseline -0.001 -16"><span class='ocrx_word' id='word_1_705' title='bbox 249 5093 555 5161; x_wconf 81' lang='grc' dir='ltr'><strong>σκορπίων,</strong></span> <span class='ocrx_word' id='word_1_706' title='bbox 587 5093 681 5143; x_wconf 71' lang='grc' dir='ltr'><strong>καὶ</strong></span> <span class='ocrx_word' id='word_1_707' title='bbox 712 5090 804 5142; x_wconf 73' lang='grc' dir='ltr'><strong>ἐπὶ</strong></span> <span class='ocrx_word' id='word_1_708' title='bbox 831 5092 1011 5142; x_wconf 84' lang='grc' dir='ltr'><strong>πᾶσαν</strong></span> <span class='ocrx_word' id='word_1_709' title='bbox 1035 5089 1135 5158; x_wconf 83' lang='grc' dir='ltr'><strong>τὴν</strong></span> <span class='ocrx_word' id='word_1_710' title='bbox 1162 5089 1256 5142; x_wconf 84' lang='grc' dir='ltr'><strong>τοῦ</strong></span> <span class='ocrx_word' id='word_1_711' title='bbox 1292 5091 1522 5158; x_wconf 86' lang='grc' dir='ltr'><strong>Ἐχθροῦ</strong></span> <span class='ocrx_word' id='word_1_712' title='bbox 1549 5089 1778 5159; x_wconf 85' lang='grc' dir='ltr'><strong>δύναμιν</strong></span> <span class='ocrx_word' id='word_1_713' title='bbox 1801 5105 1816 5120; x_wconf 89' lang='grc'><strong>·</strong></span> 
     </span>
    </p>
   </div>
   <div class='ocr_carea' id='block_1_100' title="bbox 246 5179 1820 5253">
    <p class='ocr_par' dir='ltr' id='par_1_100' title="bbox 246 5179 1820 5253">
     <span class='ocr_line' id='line_1_100' title="bbox 246 5179 1820 5253; baseline 0 -17"><span class='ocrx_word' id='word_1_714' title='bbox 246 5181 390 5236; x_wconf 79' lang='grc' dir='ltr'><strong>ἀλλά</strong></span> <span class='ocrx_word' id='word_1_715' title='bbox 430 5183 524 5234; x_wconf 59' lang='grc' dir='ltr'><strong>καὶ¹</strong></span> <span class='ocrx_word' id='word_1_716' title='bbox 574 5179 794 5243; x_wconf 75' lang='grc' dir='ltr'><strong>ἄξουσιν</strong></span> <span class='ocrx_word' id='word_1_717' title='bbox 831 5185 888 5233; x_wconf 74' lang='grc' dir='ltr'><strong>ὲν</strong></span> <span class='ocrx_word' id='word_1_718' title='bbox 928 5181 1211 5251; x_wconf 81' lang='grc' dir='ltr'><strong>ἀγκίστρῳ</strong></span> <span class='ocrx_word' id='word_1_719' title='bbox 1255 5182 1346 5232; x_wconf 81' lang='grc' dir='ltr'><strong>τὸν</strong></span> <span class='ocrx_word' id='word_1_720' title='bbox 1388 5181 1677 5251; x_wconf 86' lang='grc' dir='ltr'><strong>δράκοντα,</strong></span> <span class='ocrx_word' id='word_1_721' title='bbox 1717 5184 1820 5253; x_wconf 80' lang='grc' dir='ltr'><strong>ἀφ·</strong></span> 
     </span>
    </p>
   </div>
   <div class='ocr_carea' id='block_1_101' title="bbox 250 5270 1824 5343">
    <p class='ocr_par' dir='ltr' id='par_1_101' title="bbox 250 5270 1824 5343">
     <span class='ocr_line' id='line_1_101' title="bbox 250 5270 1824 5343; baseline 0.001 -20"><span class='ocrx_word' id='word_1_722' title='bbox 250 5273 452 5341; x_wconf 69' lang='grc' dir='ltr'><strong>άψουσι</strong></span> <span class='ocrx_word' id='word_1_723' title='bbox 479 5271 534 5323; x_wconf 74' lang='grc' dir='ltr'><strong>δὲ</strong></span> <span class='ocrx_word' id='word_1_724' title='bbox 558 5270 819 5339; x_wconf 75' lang='grc' dir='ltr'><strong>φορϐειὰν</strong></span> <span class='ocrx_word' id='word_1_725' title='bbox 838 5272 964 5341; x_wconf 68' lang='grc' dir='ltr'><strong>περὶ</strong></span> <span class='ocrx_word' id='word_1_726' title='bbox 993 5274 1142 5342; x_wconf 79' lang='grc' dir='ltr'><strong>ῥίνας</strong></span> <span class='ocrx_word' id='word_1_727' title='bbox 1165 5271 1354 5334; x_wconf 77' lang='grc' dir='ltr'><strong>αὑτοῦ,</strong></span> <span class='ocrx_word' id='word_1_728' title='bbox 1374 5271 1594 5340; x_wconf 86' lang='grc' dir='ltr'><strong>δήσουσι</strong></span> <span class='ocrx_word' id='word_1_729' title='bbox 1620 5271 1675 5325; x_wconf 78' lang='grc' dir='ltr'><strong>δὲ</strong></span> <span class='ocrx_word' id='word_1_730' title='bbox 1707 5272 1824 5343; x_wconf 82' lang='grc' dir='ltr'><strong>κρί-</strong></span> 
     </span>
    </p>
   </div>
   <div class='ocr_carea' id='block_1_102' title="bbox 249 5361 1819 5433">
    <p class='ocr_par' dir='ltr' id='par_1_102' title="bbox 249 5361 1819 5433">
     <span class='ocr_line' id='line_1_102' title="bbox 249 5361 1819 5433; baseline 0.001 -17"><span class='ocrx_word' id='word_1_731' title='bbox 249 5381 355 5416; x_wconf 75' lang='grc' dir='ltr'><strong>κον</strong></span> <span class='ocrx_word' id='word_1_732' title='bbox 381 5365 438 5414; x_wconf 80' lang='grc' dir='ltr'><strong>ὲν</strong></span> <span class='ocrx_word' id='word_1_733' title='bbox 458 5361 536 5431; x_wconf 82' lang='grc' dir='ltr'><strong>τῷ</strong></span> <span class='ocrx_word' id='word_1_734' title='bbox 560 5362 799 5432; x_wconf 86' lang='grc' dir='ltr'><strong>μυκτῆρι</strong></span> <span class='ocrx_word' id='word_1_735' title='bbox 820 5362 1009 5426; x_wconf 84' lang='grc' dir='ltr'><strong>αὐτοῦ,</strong></span> <span class='ocrx_word' id='word_1_736' title='bbox 1030 5364 1123 5416; x_wconf 72' lang='grc' dir='ltr'><strong>καὶ</strong></span> <span class='ocrx_word' id='word_1_737' title='bbox 1144 5362 1343 5432; x_wconf 80' lang='grc' dir='ltr'><strong>ψελλίῳ</strong></span> <span class='ocrx_word' id='word_1_738' title='bbox 1369 5364 1429 5413; x_wconf 83' lang='grc' dir='ltr'><strong>τὸ</strong></span> <span class='ocrx_word' id='word_1_739' title='bbox 1453 5363 1627 5433; x_wconf 77' lang='grc' dir='ltr'><strong>χεῖλος</strong></span> <span class='ocrx_word' id='word_1_740' title='bbox 1658 5364 1819 5418; x_wconf 77' lang='grc' dir='ltr'><strong>αὑτοῦ</strong></span> 
     </span>
    </p>
   </div>
   <div class='ocr_carea' id='block_1_103' title="bbox 247 5451 1821 5524">
    <p class='ocr_par' dir='ltr' id='par_1_103' title="bbox 247 5451 1821 5524">
     <span class='ocr_line' id='line_1_103' title="bbox 247 5451 1821 5524; baseline 0.001 -18"><span class='ocrx_word' id='word_1_741' title='bbox 247 5453 606 5519; x_wconf 82' lang='grc' dir='ltr'><strong>διατρήσουσι</strong></span> <span class='ocrx_word' id='word_1_742' title='bbox 628 5467 640 5479; x_wconf 88' lang='grc'>·</span> <span class='ocrx_word' id='word_1_743' title='bbox 675 5451 776 5504; x_wconf 80' lang='grc' dir='ltr'><strong>κᾶν</strong></span> <span class='ocrx_word' id='word_1_744' title='bbox 799 5453 847 5504; x_wconf 77' lang='lat' dir='ltr'><strong>oi</strong></span> <span class='ocrx_word' id='word_1_745' title='bbox 879 5456 997 5514; x_wconf 85' lang='grc' dir='ltr'><strong>ταῖς</strong></span> <span class='ocrx_word' id='word_1_746' title='bbox 1023 5455 1227 5520; x_wconf 87' lang='grc' dir='ltr'><strong>πάγαις</strong></span> <span class='ocrx_word' id='word_1_747' title='bbox 1265 5453 1364 5523; x_wconf 88' lang='grc' dir='ltr'><strong>τῆς</strong></span> <span class='ocrx_word' id='word_1_748' title='bbox 1404 5456 1611 5524; x_wconf 89' lang='grc' dir='ltr'><strong>πλάνης</strong></span> <span class='ocrx_word' id='word_1_749' title='bbox 1644 5473 1821 5508; x_wconf 76' lang='grc' dir='ltr'>συνειο</span> 
     </span>
    </p>
   </div>
   <div class='ocr_carea' id='block_1_104' title="bbox 250 5540 1823 5620">
    <p class='ocr_par' dir='ltr' id='par_1_104' title="bbox 250 5540 1823 5620">
     <span class='ocr_line' id='line_1_104' title="bbox 250 5540 1823 5620; baseline 0.003 -27"><span class='ocrx_word' id='word_1_750' title='bbox 250 5541 546 5610; x_wconf 80' lang='grc' dir='ltr'><strong>λημμένοι,</strong></span> <span class='ocrx_word' id='word_1_751' title='bbox 577 5541 653 5610; x_wconf 82' lang='grc' dir='ltr'><strong>τῷ</strong></span> <span class='ocrx_word' id='word_1_752' title='bbox 683 5540 935 5614; x_wconf 83' lang='grc' dir='ltr'><strong>δεσμώτῃ</strong></span> <span class='ocrx_word' id='word_1_753' title='bbox 963 5543 1054 5596; x_wconf 68' lang='grc' dir='ltr'><strong>καὶ</strong></span> <span class='ocrx_word' id='word_1_754' title='bbox 1081 5547 1402 5615; x_wconf 84' lang='grc' dir='ltr'><strong>τετρημένῳ</strong></span> <span class='ocrx_word' id='word_1_755' title='bbox 1437 5547 1529 5598; x_wconf 74' lang='grc' dir='ltr'><strong>καὶ</strong></span> <span class='ocrx_word' id='word_1_756' title='bbox 1561 5549 1823 5620; x_wconf 68' lang='grc' dir='ltr'><strong>μαστιγία</strong></span> 
     </span>
    </p>
   </div>
   <div class='ocr_carea' id='block_1_105' title="bbox 250 5633 1819 5710">
    <p class='ocr_par' dir='ltr' id='par_1_105' title="bbox 250 5633 1819 5710">
     <span class='ocr_line' id='line_1_105' title="bbox 250 5633 1819 5710; baseline 0.003 -22"><span class='ocrx_word' id='word_1_757' title='bbox 250 5638 317 5688; x_wconf 80' lang='grc' dir='ltr'><strong>τὸ</strong></span> <span class='ocrx_word' id='word_1_758' title='bbox 344 5633 525 5698; x_wconf 80' lang='grc' dir='ltr'><strong>σέϐας,</strong></span> <span class='ocrx_word' id='word_1_759' title='bbox 578 5634 651 5699; x_wconf 87' lang='grc' dir='ltr'><strong>ὡς</strong></span> <span class='ocrx_word' id='word_1_760' title='bbox 699 5636 850 5689; x_wconf 85' lang='grc' dir='ltr'><strong>αὐτοί</strong></span> <span class='ocrx_word' id='word_1_761' title='bbox 898 5654 1091 5704; x_wconf 86' lang='grc' dir='ltr'><strong>φασιν,</strong></span> <span class='ocrx_word' id='word_1_762' title='bbox 1147 5639 1390 5709; x_wconf 77' lang='grc' dir='ltr'><strong>ἀνοήτως</strong></span> <span class='ocrx_word' id='word_1_763' title='bbox 1441 5641 1819 5710; x_wconf 85' lang='grc' dir='ltr'><strong>προσάγωσιν·</strong></span> 
     </span>
    </p>
   </div>
   <div class='ocr_carea' id='block_1_106' title="bbox 253 5728 1821 5800">
    <p class='ocr_par' dir='ltr' id='par_1_106' title="bbox 253 5728 1821 5800">
     <span class='ocr_line' id='line_1_106' title="bbox 253 5728 1821 5800; baseline 0.004 -20"><span class='ocrx_word' id='word_1_764' title='bbox 253 5728 428 5788; x_wconf 73' lang='grc' dir='ltr'><strong>ὅντως</strong></span> <span class='ocrx_word' id='word_1_765' title='bbox 456 5729 554 5779; x_wconf 81' lang='grc' dir='ltr'><strong>οὐκ</strong></span> <span class='ocrx_word' id='word_1_766' title='bbox 579 5729 887 5799; x_wconf 74' lang='grc' dir='ltr'><strong>ἐφρόνησαν</strong></span> <span class='ocrx_word' id='word_1_767' title='bbox 911 5730 1142 5784; x_wconf 80' lang='grc' dir='ltr'><strong>συνιδεῖν</strong></span> <span class='ocrx_word' id='word_1_768' title='bbox 1167 5730 1200 5800; x_wconf 76' lang='grc' dir='ltr'>ἢ</span> <span class='ocrx_word' id='word_1_769' title='bbox 1235 5731 1468 5785; x_wconf 85' lang='grc' dir='ltr'><strong>συνιέναι</strong></span> <span class='ocrx_word' id='word_1_770' title='bbox 1500 5734 1547 5784; x_wconf 79' lang='lat' dir='ltr'><strong>oi</strong></span> <span class='ocrx_word' id='word_1_771' title='bbox 1573 5734 1821 5797; x_wconf 86' lang='grc' dir='ltr'><strong>τάλανες·</strong></span> 
     </span>
    </p>
   </div>
   <div class='ocr_carea' id='block_1_107' title="bbox 253 5817 1824 5897">
    <p class='ocr_par' dir='ltr' id='par_1_107' title="bbox 253 5817 1824 5897">
     <span class='ocr_line' id='line_1_107' title="bbox 253 5817 1824 5897; baseline 0.004 -24"><span class='ocrx_word' id='word_1_772' title='bbox 253 5821 346 5874; x_wconf 68' lang='grc' dir='ltr'><strong>διὰ</strong></span> <span class='ocrx_word' id='word_1_773' title='bbox 377 5817 533 5872; x_wconf 73' lang='grc' dir='ltr'><strong>τοῦτο</strong></span> <span class='ocrx_word' id='word_1_774' title='bbox 572 5821 668 5889; x_wconf 84' lang='grc' dir='ltr'><strong>τῆς</strong></span> <span class='ocrx_word' id='word_1_775' title='bbox 699 5820 954 5890; x_wconf 78' lang='grc' dir='ltr'><strong>ἀληθείας</strong></span> <span class='ocrx_word' id='word_1_776' title='bbox 992 5822 1546 5892; x_wconf 77' lang='grc' dir='ltr'><strong>καταλαζονεύονται,</strong></span> <span class='ocrx_word' id='word_1_777' title='bbox 1587 5825 1824 5897; x_wconf 83' lang='grc' dir='ltr'><strong>τολμῶσί</strong></span> 
     </span>
    </p>
   </div>
   <div class='ocr_carea' id='block_1_108' title="bbox 1915 4639 3486 4713">
    <p class='ocr_par' dir='ltr' id='par_1_108' title="bbox 1915 4639 3486 4713">
     <span class='ocr_line' id='line_1_108' title="bbox 1915 4639 3486 4713; baseline -0.01 -17"><span class='ocrx_word' id='word_1_778' title='bbox 1915 4643 2259 4713; x_wconf 77' lang='lat' dir='ltr'><strong>gratissimus</strong></span> <span class='ocrx_word' id='word_1_779' title='bbox 2303 4640 2455 4694; x_wconf 87' lang='lat' dir='ltr'><strong>cibus</strong></span> <span class='ocrx_word' id='word_1_780' title='bbox 2510 4639 2754 4701; x_wconf 90' lang='lat' dir='ltr'><strong>draconi,</strong></span> <span class='ocrx_word' id='word_1_781' title='bbox 2793 4645 3112 4705; x_wconf 90' lang='lat' dir='ltr'><strong>potestatem</strong></span> <span class='ocrx_word' id='word_1_782' title='bbox 3140 4641 3486 4701; x_wconf 82' lang='lat' dir='ltr'><strong>acceperunt,</strong></span> 
     </span>
    </p>
   </div>
   <div class='ocr_carea' id='block_1_109' title="bbox 1916 4729 3484 4802">
    <p class='ocr_par' dir='ltr' id='par_1_109' title="bbox 1916 4729 3484 4802">
     <span class='ocr_line' id='line_1_109' title="bbox 1916 4729 3484 4802; baseline -0.009 -14"><span class='ocrx_word' id='word_1_783' title='bbox 1916 4736 2065 4788; x_wconf 85' lang='lat' dir='ltr'><strong>abeo</strong></span> <span class='ocrx_word' id='word_1_784' title='bbox 2112 4736 2202 4802; x_wconf 92' lang='lat' dir='ltr'><strong>qui</strong></span> <span class='ocrx_word' id='word_1_785' title='bbox 2256 4730 2514 4786; x_wconf 90' lang='lat' dir='ltr'><strong>mundum</strong></span> <span class='ocrx_word' id='word_1_786' title='bbox 2569 4729 2792 4792; x_wconf 87' lang='lat' dir='ltr'><strong>devicit,</strong></span> <span class='ocrx_word' id='word_1_787' title='bbox 2847 4729 3243 4797; x_wconf 87' lang='lat' dir='ltr'><strong>superbamque</strong></span> <span class='ocrx_word' id='word_1_788' title='bbox 3295 4736 3350 4778; x_wconf 89' lang='lat' dir='ltr'><strong>et</strong></span> <span class='ocrx_word' id='word_1_789' title='bbox 3388 4738 3484 4776; x_wconf 84' lang='lat' dir='ltr'><strong>sae-</strong></span> 
     </span>
    </p>
   </div>
   <div class='ocr_carea' id='block_1_110' title="bbox 1917 4820 3490 4893">
    <p class='ocr_par' dir='ltr' id='par_1_110' title="bbox 1917 4820 3490 4893">
     <span class='ocr_line' id='line_1_110' title="bbox 1917 4820 3490 4893; baseline -0.006 -17"><span class='ocrx_word' id='word_1_790' title='bbox 1917 4842 2037 4880; x_wconf 88' lang='lat' dir='ltr'><strong>vatn</strong></span> <span class='ocrx_word' id='word_1_791' title='bbox 2073 4826 2266 4879; x_wconf 88' lang='lat' dir='ltr'><strong>diaboli</strong></span> <span class='ocrx_word' id='word_1_792' title='bbox 2302 4823 2595 4893; x_wconf 83' lang='lat' dir='ltr'><strong>potentiam</strong></span> <span class='ocrx_word' id='word_1_793' title='bbox 2617 4821 2905 4884; x_wconf 81' lang='lat' dir='ltr'><strong>destruxit,</strong></span> <span class='ocrx_word' id='word_1_794' title='bbox 2939 4820 3490 4885; x_wconf 73' lang='lat' dir='ltr'><strong>calcandi‘scrpentcs</strong></span> 
     </span>
    </p>
   </div>
   <div class='ocr_carea' id='block_1_111' title="bbox 1918 4907 3490 4986">
    <p class='ocr_par' dir='ltr' id='par_1_111' title="bbox 1918 4907 3490 4986">
     <span class='ocr_line' id='line_1_111' title="bbox 1918 4907 3490 4986; baseline -0.01 -13"><span class='ocrx_word' id='word_1_795' title='bbox 1918 4927 1971 4974; x_wconf 87' lang='lat' dir='ltr'><strong>et</strong></span> <span class='ocrx_word' id='word_1_796' title='bbox 2000 4918 2318 4986; x_wconf 86' lang='lat' dir='ltr'><strong>scorpiones</strong></span> <span class='ocrx_word' id='word_1_797' title='bbox 2357 4927 2684 4981; x_wconf 88' lang='lat' dir='ltr'><strong>omnemque</strong></span> <span class='ocrx_word' id='word_1_798' title='bbox 2716 4911 2921 4966; x_wconf 90' lang='lat' dir='ltr'><strong>inimici</strong></span> <span class='ocrx_word' id='word_1_799' title='bbox 2955 4910 3081 4964; x_wconf 88' lang='lat' dir='ltr'><strong>vim.</strong></span> <span class='ocrx_word' id='word_1_800' title='bbox 3111 4909 3216 4962; x_wconf 89' lang='lat' dir='ltr'><strong>Sed</strong></span> <span class='ocrx_word' id='word_1_801' title='bbox 3247 4919 3299 4960; x_wconf 91' lang='lat' dir='ltr'><strong>et</strong></span> <span class='ocrx_word' id='word_1_802' title='bbox 3330 4907 3490 4959; x_wconf 88' lang='lat' dir='ltr'><strong>hamo</strong></span> 
     </span>
    </p>
   </div>
   <div class='ocr_carea' id='block_1_112' title="bbox 1919 4999 3490 5073">
    <p class='ocr_par' dir='ltr' id='par_1_112' title="bbox 1919 4999 3490 5073">
     <span class='ocr_line' id='line_1_112' title="bbox 1919 4999 3490 5073; baseline -0.006 -13"><span class='ocrx_word' id='word_1_803' title='bbox 1919 5011 2210 5062; x_wconf 89' lang='lat' dir='ltr'><strong>draconem</strong></span> <span class='ocrx_word' id='word_1_804' title='bbox 2261 5006 2561 5068; x_wconf 86' lang='lat' dir='ltr'><strong>attrahent,</strong></span> <span class='ocrx_word' id='word_1_805' title='bbox 2592 5005 2885 5073; x_wconf 85' lang='lat' dir='ltr'><strong>capistrum</strong></span> <span class='ocrx_word' id='word_1_806' title='bbox 2916 5002 3239 5069; x_wconf 76' lang='lat' dir='ltr'><strong>tibulamqne</strong></span> <span class='ocrx_word' id='word_1_807' title='bbox 3271 4999 3490 5052; x_wconf 83' lang='lat' dir='ltr'><strong>naribus</strong></span> 
     </span>
    </p>
   </div>
   <div class='ocr_carea' id='block_1_113' title="bbox 1920 5088 3487 5164">
    <p class='ocr_par' dir='ltr' id='par_1_113' title="bbox 1920 5088 3487 5164">
     <span class='ocr_line' id='line_1_113' title="bbox 1920 5088 3487 5164; baseline -0.009 -13"><span class='ocrx_word' id='word_1_808' title='bbox 1920 5100 2037 5164; x_wconf 87' lang='lat' dir='ltr'><strong>ejus</strong></span> <span class='ocrx_word' id='word_1_809' title='bbox 2087 5095 2356 5163; x_wconf 88' lang='lat' dir='ltr'><strong>injicient,</strong></span> <span class='ocrx_word' id='word_1_810' title='bbox 2391 5093 2716 5160; x_wconf 80' lang='lat' dir='ltr'><strong>armillaque</strong></span> <span class='ocrx_word' id='word_1_811' title='bbox 2757 5091 2957 5148; x_wconf 87' lang='lat' dir='ltr'><strong>labium</strong></span> <span class='ocrx_word' id='word_1_812' title='bbox 3004 5091 3118 5156; x_wconf 78' lang='lat' dir='ltr'><strong>ejus</strong></span> <span class='ocrx_word' id='word_1_813' title='bbox 3149 5088 3487 5158; x_wconf 77' lang='lat' dir='ltr'><strong>perfodient;</strong></span> 
     </span>
    </p>
   </div>
   <div class='ocr_carea' id='block_1_114' title="bbox 1920 5181 3491 5259">
    <p class='ocr_par' dir='ltr' id='par_1_114' title="bbox 1920 5181 3491 5259">
     <span class='ocr_line' id='line_1_114' title="bbox 1920 5181 3491 5259; baseline -0.006 -19"><span class='ocrx_word' id='word_1_814' title='bbox 1920 5188 2316 5259; x_wconf 83' lang='lat' dir='ltr'><strong>quantumlibet</strong></span> <span class='ocrx_word' id='word_1_815' title='bbox 2362 5186 2414 5239; x_wconf 78' lang='lat' dir='ltr'><strong>lii</strong></span> <span class='ocrx_word' id='word_1_816' title='bbox 2475 5186 2678 5240; x_wconf 82' lang='lat' dir='ltr'><strong>erroris</strong></span> <span class='ocrx_word' id='word_1_817' title='bbox 2712 5186 2794 5240; x_wconf 92' lang='lat' dir='ltr'><strong>sui</strong></span> <span class='ocrx_word' id='word_1_818' title='bbox 2844 5183 3050 5252; x_wconf 87' lang='lat' dir='ltr'><strong>laqueis</strong></span> <span class='ocrx_word' id='word_1_819' title='bbox 3080 5181 3218 5250; x_wconf 84' lang='lat' dir='ltr'><strong>capti</strong></span> <span class='ocrx_word' id='word_1_820' title='bbox 3274 5183 3491 5248; x_wconf 83' lang='lat' dir='ltr'><strong>captivo</strong></span> 
     </span>
    </p>
   </div>
   <div class='ocr_carea' id='block_1_115' title="bbox 1920 5271 3487 5346">
    <p class='ocr_par' dir='ltr' id='par_1_115' title="bbox 1920 5271 3487 5346">
     <span class='ocr_line' id='line_1_115' title="bbox 1920 5271 3487 5346; baseline -0.005 -15"><span class='ocrx_word' id='word_1_821' title='bbox 1920 5288 1973 5332; x_wconf 90' lang='lat' dir='ltr'><strong>et</strong></span> <span class='ocrx_word' id='word_1_822' title='bbox 2032 5275 2304 5346; x_wconf 75' lang='lat' dir='ltr'><strong>perforato</strong></span> <span class='ocrx_word' id='word_1_823' title='bbox 2351 5283 2408 5328; x_wconf 92' lang='lat' dir='ltr'><strong>et</strong></span> <span class='ocrx_word' id='word_1_824' title='bbox 2466 5275 2730 5344; x_wconf 64' lang='lat' dir='ltr'><strong>mastigiae</strong></span> <span class='ocrx_word' id='word_1_825' title='bbox 2781 5273 3006 5336; x_wconf 89' lang='lat' dir='ltr'><strong>cultum,</strong></span> <span class='ocrx_word' id='word_1_826' title='bbox 3041 5282 3097 5326; x_wconf 90' lang='lat' dir='ltr'><strong>ut</strong></span> <span class='ocrx_word' id='word_1_827' title='bbox 3153 5272 3252 5340; x_wconf 86' lang='lat' dir='ltr'><strong>ipsi</strong></span> <span class='ocrx_word' id='word_1_828' title='bbox 3316 5271 3487 5333; x_wconf 84' lang='lat' dir='ltr'><strong>aiunt,</strong></span> 
     </span>
    </p>
   </div>
   <div class='ocr_carea' id='block_1_116' title="bbox 1923 5363 3488 5433">
    <p class='ocr_par' dir='ltr' id='par_1_116' title="bbox 1923 5363 3488 5433">
     <span class='ocr_line' id='line_1_116' title="bbox 1923 5363 3488 5433; baseline -0.007 -9"><span class='ocrx_word' id='word_1_829' title='bbox 1923 5369 2116 5424; x_wconf 87' lang='lat' dir='ltr'><strong>stolide</strong></span> <span class='ocrx_word' id='word_1_830' title='bbox 2154 5366 2466 5423; x_wconf 81' lang='lat' dir='ltr'><strong>exhibeant.</strong></span> <span class='ocrx_word' id='word_1_831' title='bbox 2503 5363 2642 5420; x_wconf 86' lang='lat' dir='ltr'><strong>Vere</strong></span> <span class='ocrx_word' id='word_1_832' title='bbox 2673 5377 2780 5419; x_wconf 91' lang='lat' dir='ltr'><strong>non</strong></span> <span class='ocrx_word' id='word_1_833' title='bbox 2815 5366 3190 5433; x_wconf 79' lang='lat' dir='ltr'><strong>cegitaverunt</strong></span> <span class='ocrx_word' id='word_1_834' title='bbox 3215 5379 3406 5432; x_wconf 80' lang='lat' dir='ltr'><strong>sapere</strong></span> <span class='ocrx_word' id='word_1_835' title='bbox 3436 5374 3488 5414; x_wconf 86' lang='lat' dir='ltr'><strong>et</strong></span> 
     </span>
    </p>
   </div>
   <div class='ocr_carea' id='block_1_117' title="bbox 1925 5454 3488 5526">
    <p class='ocr_par' dir='ltr' id='par_1_117' title="bbox 1925 5454 3488 5526">
     <span class='ocr_line' id='line_1_117' title="bbox 1925 5454 3488 5526; baseline -0.005 -12"><span class='ocrx_word' id='word_1_836' title='bbox 1925 5460 2226 5526; x_wconf 72' lang='lat' dir='ltr'><strong>intelligere</strong></span> <span class='ocrx_word' id='word_1_837' title='bbox 2259 5456 2503 5510; x_wconf 84' lang='lat' dir='ltr'><strong>infelices</strong></span> <span class='ocrx_word' id='word_1_838' title='bbox 2534 5456 2607 5510; x_wconf 82' lang='lat' dir='ltr'><strong>lii.</strong></span> <span class='ocrx_word' id='word_1_839' title='bbox 2646 5455 2772 5510; x_wconf 87' lang='lat' dir='ltr'><strong>Ideo</strong></span> <span class='ocrx_word' id='word_1_840' title='bbox 2801 5455 3061 5508; x_wconf 81' lang='lat' dir='ltr'><strong>adversus</strong></span> <span class='ocrx_word' id='word_1_841' title='bbox 3091 5454 3371 5508; x_wconf 87' lang='lat' dir='ltr'><strong>veritatem</strong></span> <span class='ocrx_word' id='word_1_842' title='bbox 3407 5455 3488 5507; x_wconf 92' lang='lat' dir='ltr'><strong>in-</strong></span> 
     </span>
    </p>
   </div>
   <div class='ocr_carea' id='block_1_118' title="bbox 1925 5545 3492 5615">
    <p class='ocr_par' dir='ltr' id='par_1_118' title="bbox 1925 5545 3492 5615">
     <span class='ocr_line' id='line_1_118' title="bbox 1925 5545 3492 5615; baseline -0.004 -9"><span class='ocrx_word' id='word_1_843' title='bbox 1925 5551 2200 5606; x_wconf 88' lang='lat' dir='ltr'><strong>solescunt</strong></span> <span class='ocrx_word' id='word_1_844' title='bbox 2234 5588 2249 5611; x_wconf 95' lang='lat'><strong>,</strong></span> <span class='ocrx_word' id='word_1_845' title='bbox 2315 5549 2621 5615; x_wconf 89' lang='lat' dir='ltr'><strong>audentque</strong></span> <span class='ocrx_word' id='word_1_846' title='bbox 2676 5563 2794 5615; x_wconf 76' lang='lat' dir='ltr'><strong>qua:</strong></span> <span class='ocrx_word' id='word_1_847' title='bbox 2853 5561 2951 5601; x_wconf 86' lang='lat' dir='ltr'><strong>nec</strong></span> <span class='ocrx_word' id='word_1_848' title='bbox 3017 5545 3261 5601; x_wconf 87' lang='lat' dir='ltr'><strong>barbaris</strong></span> <span class='ocrx_word' id='word_1_849' title='bbox 3321 5563 3492 5614; x_wconf 88' lang='lat' dir='ltr'><strong>neque</strong></span> 
     </span>
    </p>
   </div>
   <div class='ocr_carea' id='block_1_119' title="bbox 1925 5635 3493 5707">
    <p class='ocr_par' dir='ltr' id='par_1_119' title="bbox 1925 5635 3493 5707">
     <span class='ocr_line' id='line_1_119' title="bbox 1925 5635 3493 5707; baseline -0.003 -10"><span class='ocrx_word' id='word_1_850' title='bbox 1925 5643 2129 5697; x_wconf 59' lang='lat' dir='ltr'><strong>Grecis</strong></span> <span class='ocrx_word' id='word_1_851' title='bbox 2169 5641 2424 5695; x_wconf 88' lang='lat' dir='ltr'><strong>audenda</strong></span> <span class='ocrx_word' id='word_1_852' title='bbox 2463 5641 2659 5693; x_wconf 77' lang='lat' dir='ltr'><strong>forent.</strong></span> <span class='ocrx_word' id='word_1_853' title='bbox 2691 5638 2831 5707; x_wconf 87' lang='lat' dir='ltr'><strong>Quid</strong></span> <span class='ocrx_word' id='word_1_854' title='bbox 2862 5635 3062 5702; x_wconf 86' lang='lat' dir='ltr'><strong>dicent,</strong></span> <span class='ocrx_word' id='word_1_855' title='bbox 3091 5640 3176 5692; x_wconf 88' lang='lat' dir='ltr'><strong>ubi</strong></span> <span class='ocrx_word' id='word_1_856' title='bbox 3223 5640 3493 5692; x_wconf 89' lang='lat' dir='ltr'><strong>audierint</strong></span> 
     </span>
    </p>
   </div>
   <div class='ocr_carea' id='block_1_120' title="bbox 1925 5731 3493 5803">
    <p class='ocr_par' dir='ltr' id='par_1_120' title="bbox 1925 5731 3493 5803">
     <span class='ocr_line' id='line_1_120' title="bbox 1925 5731 3493 5803; baseline -0.004 -16"><span class='ocrx_word' id='word_1_857' title='bbox 1925 5750 2045 5803; x_wconf 74' lang='lat' dir='ltr'><strong>qua:</strong></span> <span class='ocrx_word' id='word_1_858' title='bbox 2079 5735 2128 5786; x_wconf 89' lang='lat' dir='ltr'><strong>iu</strong></span> <span class='ocrx_word' id='word_1_859' title='bbox 2166 5733 2469 5802; x_wconf 74' lang='lat' dir='ltr'><strong>Evangeliis</strong></span> <span class='ocrx_word' id='word_1_860' title='bbox 2498 5743 2683 5786; x_wconf 88' lang='lat' dir='ltr'><strong>noster</strong></span> <span class='ocrx_word' id='word_1_861' title='bbox 2704 5732 2906 5801; x_wconf 82' lang='lat' dir='ltr'><strong>diserte</strong></span> <span class='ocrx_word' id='word_1_862' title='bbox 2932 5731 3043 5784; x_wconf 77' lang='lat' dir='ltr'><strong>Rex</strong></span> <span class='ocrx_word' id='word_1_863' title='bbox 3075 5740 3126 5784; x_wconf 92' lang='lat' dir='ltr'><strong>et</strong></span> <span class='ocrx_word' id='word_1_864' title='bbox 3157 5740 3343 5797; x_wconf 78' lang='lat' dir='ltr'><strong>pastor</strong></span> <span class='ocrx_word' id='word_1_865' title='bbox 3384 5735 3493 5782; x_wconf 71' lang='lat' dir='ltr'><strong>chr--</strong></span> 
     </span>
    </p>
   </div>
   <div class='ocr_carea' id='block_1_121' title="bbox 1929 5827 3492 5891">
    <p class='ocr_par' dir='ltr' id='par_1_121' title="bbox 1929 5827 3492 5891">
     <span class='ocr_line' id='line_1_121' title="bbox 1929 5827 3492 5891; baseline -0.002 -10"><span class='ocrx_word' id='word_1_866' title='bbox 1929 5829 2091 5881; x_wconf 86' lang='lat' dir='ltr'><strong>mavit</strong></span> <span class='ocrx_word' id='word_1_867' title='bbox 2131 5847 2141 5880; x_wconf 89' lang='lat'><strong>:</strong></span> <span class='ocrx_word' id='word_1_868' title='bbox 2179 5827 2307 5881; x_wconf 79' lang='lat' dir='ltr'><strong>Ores</strong></span> <span class='ocrx_word' id='word_1_869' title='bbox 2361 5843 2484 5880; x_wconf 77' lang='lat' dir='ltr'><strong>mea:</strong></span> <span class='ocrx_word' id='word_1_870' title='bbox 2532 5842 2695 5879; x_wconf 80' lang='lat' dir='ltr'><strong>rorem</strong></span> <span class='ocrx_word' id='word_1_871' title='bbox 2751 5840 2915 5877; x_wconf 81' lang='lat' dir='ltr'><strong>meum</strong></span> <span class='ocrx_word' id='word_1_872' title='bbox 2972 5827 3214 5891; x_wconf 79' lang='lat' dir='ltr'><strong>audiunt,</strong></span> <span class='ocrx_word' id='word_1_873' title='bbox 3248 5838 3289 5879; x_wconf 81' lang='lat' dir='ltr'><strong>et</strong></span> <span class='ocrx_word' id='word_1_874' title='bbox 3341 5841 3492 5881; x_wconf 75' lang='lat' dir='ltr'><strong>nemo</strong></span> 
     </span>
    </p>
   </div>
  </div>
