4198 6442
244 423 348 488 717

244 537 602 609 κατεπίμπλα
646 536 771 600 τοὺς
813 532 1125 589 εἰσακούειν
1161 532 1485 595 ἐθέλοντας,

242 630 529 697 γραπτοὺς
574 628 871 692 διετίθετο,
913 628 974 679 οὐ
1018 628 1120 697 γῆς
1143 624 1244 693 τῆς
1273 622 1560 693 ὁρωμένης
1594 621 1687 677 καὶ
1720 638 1824 676 πα·-

240 720 516 788 τουμένης
566 718 816 789 ὲκνέμων
876 716 1271 789 σχοινίσματα,
1320 715 1441 768 οὐδὲ
1479 731 1530 767 τι
1564 712 1674 766 τῶν
1704 715 1826 767 ἐπι·-

243 812 434 879 κήρων
466 826 525 862 τε
554 809 648 862 καὶ
682 810 918 879 ῥεόντων
964 806 1309 878 κληροδοτῶν
1340 808 1421 870 είς
1462 805 1823 875 κατάσχεσιν,

242 900 385 951 άλλὰ
411 899 690 968 βασιλείαν
717 901 988 971 ἐκήρυσσε
1022 899 1122 965 τὴν
1155 898 1407 968 οὐράνιον
1425 939 1440 963 ,
1461 897 1564 950 «καὶ
1595 896 1825 950 πλοῦτον

244 992 617 1062 ἀναφαίρετον
678 990 1005 1062 ἐχαρίζετο,
1061 992 1151 1044 καὶ
1207 990 1384 1061 χαρὰν
1439 989 1826 1059 εὐηγγελίζετο

241 1081 615 1151 άνεκλάλητον
639 1120 655 1145 ,
704 1083 886 1135 πᾶσάν
911 1099 970 1134 τε
1002 1081 1158 1135 νόσον
1206 1083 1304 1134 καὶ
1356 1083 1629 1153 μαλακίαν
1658 1084 1715 1135 ἐν
1748 1080 1827 1153 τῷ

242 1171 363 1241 λαῴ
389 1172 711 1243 ἐθεράπευε,
745 1175 838 1227 καὶ⁵
869 1174 1043 1228 πάντα
1071 1174 1311 1245 πορίζων
1338 1176 1438 1228 ὅσα
1462 1170 1528 1246 ἦν
1553 1174 1650 1245 τῆς
1677 1174 1826 1238 θείας

243 1263 665 1333 φιλανθρωπίας
707 1267 821 1328 τοῖς
873 1266 1057 1317 πίστει
1107 1266 1619 1336 προσερχομένοις,
1679 1281 1825 1336 παρ-

242 1356 471 1425 έχεσθαι
506 1355 650 1419 ἄξια.
694 1356 758 1408 Τί
806 1356 912 1428 χρὴ
955 1357 1168 1426 λέγειν;
1214 1358 1535 1428 Πνεῦματος
1564 1356 1827 1429 χορηγίαν

240 1446 479 1514 ἄφθονον
508 1446 854 1518 ἑπιδαψιλευό
868 1465 1061 1516 μενον,
1098 1450 1165 1502 δι’
1199 1444 1273 1504 ὧν
1307 1450 1565 1503 ἁπάντων
1594 1452 1626 1519 ἠ
1665 1450 1827 1519 χάρις

242 1541 342 1592 καὶ
389 1540 618 1610 δύναμις
667 1539 762 1592 τοῦ
792 1542 1146 1612 ἐνεργοῦντος
1179 1544 1274 1596 καὶ
1301 1543 1651 1612 δωρουμένου
1688 1541 1827 1594 ἐδεί-

241 1652 431 1691 κνυτο.
474 1640 566 1691 Διὸ
608 1638 702 1691 καὶ
724 1636 1129 1709 προηγορεύετο
1149 1651 1163 1664 ’
1201 1637 1282 1688 Οὐ
1310 1634 1461 1688 κατὰ
1489 1632 1602 1701 τὴν
1619 1632 1825 1698 διαθή-

240 1745 365 1795 κην
397 1728 476 1797 ἦν
519 1728 798 1799 διεθέμην
844 1729 968 1794 τοῖς
997 1727 1296 1794 πατράσιν
1326 1725 1542 1779 αὐτῶν.
1580 1726 1661 1777 Τὰ
1722 1725 1827 1793 γάρ

239 1837 327 1872 τοι
381 1822 479 1890 τῆς
521 1822 892 1890 εὐαγγελικῆς
948 1820 1269 1889 νομοθεσίας
1307 1818 1433 1888 ἑξῆς
1472 1819 1697 1885 ἐπάγει,
1734 1819 1826 1868 Δι-

1103 400 1668 472 APOLOGETICUS
1703 410 1853 471 PRO
1891 409 2157 471 SACRIS
2192 410 2672 472 IMAGINIBUS.

1526 531 1587 583 οὐ
1624 530 1822 600 νόμους
1848 548 1896 604 Α
1929 543 2023 598 ges
2051 528 2284 598 scriptas
2318 525 2584 589 trudebat,
2618 540 2721 579 nou
2753 532 2909 578 terrae
2954 524 3115 594 hujus
3137 526 3367 582 visibilis
3403 546 3498 598 pe-

3396 409 3502 473 718

1927 621 2193 688 dibusque
2239 618 2459 673 calcatae
2531 618 2811 687 portiones
2876 617 3133 673 funiculis
3178 619 3501 686 dividebat,

1928 711 2061 765 nihil
2089 711 2385 779 temporale
2424 718 2479 764 et
2532 707 2734 762 ﬂuxum
2784 711 2850 762 ad
2894 710 3278 778 possidendum
3324 714 3504 768 trade-

1927 804 2039 867 bat,
2066 806 2162 857 sed
2209 802 2428 857 cccleste
2460 801 2793 871 praedicabat
2847 818 3092 872 regnum,
3134 814 3191 860 ct
3230 805 3506 861 iuatuissi-
3582 838 3585 839 ν

1927 897 2065 951 biles
2119 910 2251 964 opes
2300 896 2654 965 largiebatur,
2683 895 2938 965 gaudium
2991 896 3261 953 ineffabile
3290 914 3530 979 annum.

1928 989 2120 1055 tiabat,
2191 1002 2518 1056 omnemque
2588 990 2835 1042 morbum
2876 998 3041 1060 atque
3086 988 3400 1060 languorem
3450 992 3502 1045 itt
3556 999 3561 1005 '

1926 1083 2127 1153 popqu
2147 1080 2412 1147 curabat;
2449 1080 2629 1136 omnia
2670 1080 2886 1136 demum
2918 1084 3216 1153 pra-stabat
3249 1098 3505 1152 quaecun-

1926 1191 2032 1245 quc
2059 1190 2090 1229 ιι
2115 1174 2296 1229 divina
2336 1174 2671 1243 benignitate
2707 1174 2775 1229 iis
2817 1174 2908 1243 qui
2938 1176 3003 1229 ad
3041 1176 3203 1231 ﬁdem
3238 1180 3504 1232 accessis-

1928 1278 2048 1322 sent
2074 1267 2302 1338 praeberi
2339 1268 2559 1337 dignum
2586 1278 2727 1323 erat.
2754 1267 2896 1334 Quid
2929 1268 3104 1322 dicam
3133 1269 3371 1337 Spiritus
3407 1287 3505 1323 co-

1930 1361 2139 1432 piosam
2183 1359 2741 1414 subministrationem
2777 1363 2844 1415 ab
2871 1377 2937 1417 eo
2978 1362 3198 1416 datam?
3220 1365 3419 1433 quibus
3440 1380 3503 1417 ex

1926 1453 2178 1508 omnibus
2202 1453 2377 1521 gratia
2428 1452 2710 1522 virtusque
2751 1457 3025 1522 operantis
3054 1465 3217 1526 atque
3254 1459 3508 1512 donantis

1928 1545 2423 1600 demoustrabatur.
2472 1545 2679 1599 Idcirco
2729 1548 2895 1600 etiam
2954 1551 3320 1617 prmdicebat:
3381 1551 3509 1605 Non

1921 1635 2080 1705 juxta
2104 1635 2273 1705 foedus
2304 1640 2444 1702 quod
2469 1637 2639 1705 pepigi
2666 1654 2784 1691 cum
2810 1637 3026 1693 illorum
3047 1643 3304 1708 patribus.
3334 1641 3508 1697 Nant-

1929 1743 2033 1796 quc
2058 1728 2426 1797 evangelicum
2476 1727 2876 1795 legislationem
2928 1731 3126 1786 deinde
3180 1732 3448 1788 subinl'ert
3491 1753 3504 1789 :

1933 1820 2077 1873 Dans
2121 1822 2257 1890 leges
2314 1836 2455 1873 meas
2516 1822 2568 1873 iu
2614 1832 2839 1874 utentem
2870 1838 3087 1888 eorum,
3138 1835 3186 1878 et
3240 1826 3298 1879 in
3349 1832 3505 1881 corde

238 1912 393 1980 δοὺς
439 1917 663 1982 νόμους
700 1931 822 1983 μου
862 1918 949 1978 εις
986 1912 1260 1965 διάνοιαν
1307 1909 1543 1975 αὐτῶν,
1590 1909 1689 1962 καί
1726 1908 1824 1963 ἐπὶ

1928 1917 2227 1967 earumdem
2274 1911 2501 1966 scribam
2545 1913 2691 1968 illas.
2741 1913 2945 1969 Gratia:
2977 1915 3124 1985 leges
3154 1931 3258 1970 non
3298 1921 3504 1972 suntin

239 2023 341 2072 sea;
361 2004 495 2070 δίας
541 2005 737 2059 αὐτῶν
792 2005 1101 2074 ἐπιγράψω
1140 2004 1378 2067 αὐτούς.
1427 2003 1489 2054 Oi
1540 2001 1692 2069 νόμοι
1725 2002 1824 2070 τῆς

241 2098 467 2165 χάριτος
490 2138 503 2159 ,
540 2099 641 2149 οὐκ
677 2100 735 2150 ὲν
773 2099 951 2167 χάρτῃ
1005 2098 1098 2148 καὶ
1156 2094 1381 2165 μέλανι·
1427 2088 1538 2145 οἷόν
1575 2110 1624 2144 τι
1672 2093 1768 2145 καὶ
1800 2094 1828 2143 ὁ

253 2189 585 2252 Ἀπόστολος
634 2190 932 2242 αίνίττεται
960 2190 1131 2256 λέγων
1157 2205 1169 2218 ·
1220 2189 1291 2240 Ἠ
1333 2185 1628 2252 ἐπιστολὴ
1659 2183 1830 2252 ἡμῶν

238 2281 417 2349 ὑμεῖς
488 2280 697 2345 ἐστε,’
732 2280 1176 2350 ἐγγεγραμμένη
1233 2280 1303 2331 ἐν
1369 2277 1502 2341 ταῖς
1556 2275 1827 2343 καρδίαις

238 2373 447 2443 ὑμῶν·
481 2374 578 2426 καὶ
605 2374 1037 2442 φανερούμενοι
1067 2372 1154 2424 ὅτι
1190 2371 1331 2423 ἐστὲ
1354 2368 1651 2435 ἐπιστολὴ
1695 2371 1827 2436 Xpt-

238 2465 429 2525 στοῦ.
479 2464 909 2531 διακονηθεῖσα
967 2462 1068 2531 ὑφ’
1125 2460 1329 2529 ὑμῶν,
1382 2459 1827 2530 ἐγγεγραμμέναι

242 2559 318 2610 οὐ
352 2556 595 2625 μέλανι,
622 2555 787 2610 ἀλλὰ
828 2556 1126 2622 Πνεύματι
1148 2551 1295 2605 Θεοῦ
1322 2550 1571 2616 ζῶντος·
1618 2553 1727 2604 οὐκ
1762 2549 1832 2601 ἐν

240 2646 435 2708 πλαξὶ
462 2646 742 2710 λιθίναις,
764 2644 904 2697 ἀλλ’
928 2645 992 2695 ἐν
1015 2643 1201 2705 πλαξὶ
1224 2640 1471 2709 καρδίας
1490 2639 1829 2705 σαρκίναις.

242 2741 321 2791 Οὐ
351 2740 458 2809 γὰρ
488 2741 545 2791 ὲν
569 2738 796 2807 ἀψύχοις
822 2736 972 2800 ὕλαις
1002 2736 1369 2805 ἐγγράφονται
1391 2773 1404 2794 ,
1446 2732 1561 2785 ἀλλ’
1591 2731 1681 2783 ἐπὶ
1707 2733 1825 2792 ταῖς

239 2830 504 2893 διανοίαις
543 2830 650 2883 τῶν
684 2828 916 2898 λογικῶν
966 2827 1210 2894 δακτύλῳ
1260 2824 1394 2877 Θεοῦ
1452 2826 1543 2876 καί
1599 2823 1827 2892 καλάμῳ

240 2924 543 2976 τνποῦνται
567 2922 644 2993 τῷ
675 2922 950 2992 Πνεύματι
972 2939 985 2953 ·
1017 2921 1125 2972 τῶν
1151 2922 1207 2972 ἐν
1224 2918 1454 2986 ἀληθείᾳ
1482 2919 1575 2969 καὶ
1602 2916 1828 2986 εἰλικρι-

240 3019 367 3087 νείᾳ
387 3015 592 3068 τούτων
619 3014 1046 3085 περιεχομένων,
1068 3014 1160 3066 καὶ
1186 3012 1365 3080 ψυχὴν
1389 3012 1480 3063 καὶ
1500 3010 1623 3063 νοῦν
1641 3007 1831 3061 ἐκκαθ-

242 3109 498 3176 αίροντες
520 3123 534 3135 ·
566 3108 718 3159 οὐδὲν
746 3108 857 3175 γάρ
903 3106 1178 3176 ἔγγραφον
1221 3108 1248 3156 ὁ
1285 3103 1553 3174 ἡμέτερος
1587 3101 1828 3172 παρειδὲ-

238 3200 389 3252 δωκε
420 3200 717 3270 νομοθέτης
740 3217 753 3231 ·
807 3200 1092 3270 πράγμασι
1129 3199 1258 3266 γάρ,
1289 3197 1351 3249 οὑ
1381 3195 1693 3265 γράμμασι,
1738 3194 1832 3245 καὶ

1926 2006 2113 2059 charta
2136 2016 2297 2073 atque
2321 2015 2648 2068 atramento,
2669 2006 2810 2061 sicut
2833 2007 2994 2060 etiam
3019 2008 3311 2076 Apostolus
3331 2011 3509 2065 innuit

1928 2096 2114 2151 dicens
2153 2116 2166 2151 :
2206 2095 2451 2165 Epistola
2480 2109 2661 2150 nostra
2706 2115 2791 2152 vos
2827 2101 2975 2163 estis,
3009 2102 3213 2169 scripta
3244 2104 3295 2155 iu
3325 2106 3508 2157 cordi—

1928 2186 2019 2239 bus
2051 2189 2270 2249 vestris;
2302 2186 2632 2254 ntaut'festuti
2687 2189 2827 2256 quod
2865 2189 2979 2242 sitis
3020 2188 3221 2244 Christi
3258 2192 3505 2260 epistola,

1926 2280 2228 2332 ministrata
2262 2296 2293 2331 a
2322 2279 2497 2342 nobis,
2542 2282 2748 2346 scripta
2782 2297 2882 2333 non
2916 2292 3235 2347 atramento,
3262 2290 3352 2337 sed
3384 2284 3509 2351 Spi-

1929 2372 2033 2421 ritu
2068 2370 2163 2423 Dei
2190 2371 2311 2433 vivi,
2369 2386 2473 2424 nou
2498 2370 2551 2423 in
2597 2372 2794 2426 tabulis
2829 2372 3076 2442 lapideis,
3127 2378 3219 2430 sed
3254 2377 3308 2431 iu
3346 2380 3508 2431 tubu-

1928 2462 1993 2513 lis
2050 2462 2224 2514 cordis
2280 2463 2486 2514 carneis
2521 2463 2583 2513 “.
2622 2461 2740 2516 Non
2796 2465 2941 2519 enim
2996 2466 3050 2518 in
3104 2467 3333 2522 inanimi
3391 2487 3509 2522 tua-

1934 2554 2065 2607 tetia
2103 2554 2435 2618 scribuntur,
2469 2558 2560 2609 sed
2587 2556 2680 2609 Dei
2713 2556 2903 2625 digito,
2936 2568 2992 2613 et
3030 2559 3266 2628 Spiritus
3297 2562 3510 2616 cal.uuo

1932 2644 2345 2714 imprimuntur,
2391 2648 2444 2699 iu
2490 2648 2837 2703 rationalium
2872 2651 3159 2707 hominum
3215 2656 3506 2720 mentibus,

1931 2736 2164 2790 veritate
2188 2751 2253 2790 ac
2274 2737 2589 2793 sinceritate
2629 2739 2994 2809 imbutorum;
3034 2758 3219 2812 eaeque
3269 2746 3507 2801 anituam

1934 2841 1999 2881 ac
2039 2836 2274 2881 mentem
2301 2829 2609 2898 puriﬁcant.
2650 2829 2795 2885 Nihil
2829 2834 2974 2886 enim
3005 2836 3272 2906 scriptum
3297 2837 3508 2908 legisla-

1937 2931 2020 2975 tor
2050 2932 2233 2976 noster
2262 2923 2515 2987 tradidit;
2560 2939 2685 2976 nam
2724 2924 2903 2988 factis,
2940 2942 3045 2980 non
3080 2928 3298 2994 litteris,
3334 2934 3509 2985 virtu-
3584 2922 3587 2925 ’

1937 3014 2099 3077 tibus,
2120 3030 2227 3069 non
2252 3014 2681 3080 cltaractet-ibus,
2716 3018 2914 3071 divinat
2938 3018 3084 3087 leges
3109 3035 3206 3074 ceu
3230 3022 3296 3074 ad
3320 3033 3508 3076 osten-

1937 3107 2143 3159 sionem
2181 3105 2415 3173 Spiritus
2451 3108 2503 3161 in
2563 3110 2850 3163 animabus
2908 3110 3279 3165 stabiliuntur.
3328 3113 3420 3167 Sic
3453 3115 3508 3168 in

1940 3196 2044 3249 illis
2071 3197 2379 3266 evangelica
2406 3200 2979 3266 prmsigniﬁcabautur
3006 3202 3361 3257 charismata.

238 3293 559 3360 δυνάμεσιν,
594 3294 654 3344 οὐ
681 3292 1053 3361 χαρά-(μασιν,
1086 3291 1134 3341 οἱ
1171 3288 1306 3341 θεῖοι
1333 3288 1490 3357 νόμοι
1521 3287 1594 3349 ὡς
1617 3288 1675 3338 ὲν
1701 3284 1973 3349 ἀποδείξει
2014 3287 2330 3356 Πνεῦματος
2376 3292 2499 3350 ταῖς
2527 3288 2728 3358 ψυχαῖς
2762 3291 3181 3363 ὲγκαθίδρυνται
3206 3313 3219 3326 ·
3242 3296 3418 3361 οὕτως
3447 3300 3506 3349 ὲν

240 3385 479 3447 ἐκείνοις
508 3384 575 3438 τά
601 3384 931 3453 εὐαγγελικὰ
966 3382 1457 3454 προδιεσημαίνετο
1480 3379 1818 3451 χαρίσματα.

322 3522 395 3572 "Il
433 3523 552 3591 οὐχὶ
597 3522 771 3575 ταῦτά
799 3524 945 3575 ἐστιν
974 3524 1005 3591 ἡ
1046 3522 1185 3590 καλή
1220 3538 1280 3572 τε
1325 3521 1416 3575 καὶ
1450 3519 1675 3588 γόνιμος
1708 3519 1779 3586 γῆ
1801 3555 1818 3579 ,

2001 3518 2184 3570 Nonne
2237 3520 2350 3570 lucc
2388 3528 2471 3570 est
2522 3518 2748 3585 pulchra
2797 3530 2849 3572 et
2896 3520 3088 3575 fertilis
3125 3532 3289 3589 terra,
3329 3528 3499 3593 pulic~

240 3615 277 3684 ἠ
332 3614 571 3681 εὐθαλής
613 3631 673 3666 τε
731 3614 827 3666 καὶ
879 3613 1157 3683 εὖκαρπος
1186 3614 1432 3683 ἄρουρα,
1542 3610 1634 3663 τὸν
1682 3610 1824 3661 θεῖον

240 3706 629 3777 ὑποδεξαμένη
669 3706 903 3776 σπόρον,
962 3707 1199 3776 ὁπηνίκα
1250 3707 1278 3758 ὁ
1340 3704 1579 3774 σπείρων
1634 3701 1823 3771 ἐξῆλθε

238 3797 585 3850 καταϐαλεῖν
629 3798 723 3851 τοῦ
773 3798 932 3866 λόγον
981 3798 1049 3851 τὰ
1082 3800 1409 3867 σπέρματα,
1456 3797 1488 3863 ἡ
1535 3810 1823 3864 καρποφο-

241 3888 421 3960 ροῦσα
477 3890 558 3952 είς
602 3890 895 3959 τριάκοντα
937 3891 1029 3942 καὶ
1059 3889 1345 3959 ἐξήκοντα,
1389 3889 1484 3939 καὶ
1520 3886 1584 3955 δὴ
1620 3886 1711 3938 καὶ
1742 3886 1822 3946 είς

240 3981 481 4043 ἑκατὸν,
517 3980 547 4032 ὃ
584 3982 839 4050 μέγιστον
890 3984 982 4033 καὶ
1032 3981 1376 4051 άκρὸτατον;
1422 3979 1627 4033 τούτων
1668 3980 1823 4048 ἀκρι-

236 4072 366 4135 ϐεῖς
419 4070 526 4123 τῶν
581 4072 763 4141 νόμων
822 4074 1159 4142 ὑπογραφεῖς
1198 4073 1287 4125 καὶ
1332 4072 1569 4142 μύσται,
1604 4072 1650 4125 οί
1689 4071 1823 4124 θεῖοι

236 4163 540 4216 ἀπόστολοι
568 4162 864 4232 ὤφθησαν,
898 4165 1204 4234 κρείττονος
1242 4165 1274 4234 ἢ
1306 4166 1446 4217 κατά
1483 4164 1688 4217 Μωσέα
1724 4164 1824 4234 τῆς

237 4256 507 4317 θεοπτίας
551 4274 608 4307 τε
641 4258 733 4308 καὶ
776 4257 1079 4325 ὑπηρεσίας
1108 4258 1475 4326 τετυχηκότες
1500 4274 1514 4287 ⁸
1544 4258 1592 4309 οἳ
1623 4256 1687 4327 δὴ
1730 4258 1823 4309 καὶ

236 4348 541 4418 θαρραλέῳ
563 4349 972 4418 φιλοτιμοῦνται
995 4350 1072 4418 τῷ
1103 4352 1414 4419 φρονήματι
1442 4350 1641 4417 λέγειν·
1674 4348 1823 4402 Θεοῦ

233 4443 438 4507 ἐσμεν
463 4441 744 4509 συνεργοί
775 4440 900 4506 τοῖς
923 4444 1309 4495 πιστεύουσι·
1346 4443 1494 4495 Θεοῦ
1519 4442 1821 4511 γεώργιον,

238 4530 405 4583 υεοῦ
434 4531 718 4599 οἰκοδομή
765 4534 925 4585 ἐστε.
968 4535 1029 4586 Εἰ
1059 4531 1150 4587 οὖν
1177 4534 1351 4588 ταῦτα
1391 4534 1563 4604 ἀληθῆ
1587 4576 1599 4599 ,
1633 4534 1822 4603 ὥσπερ

235 4623 308 4691 δη
338 4624 433 4674 καὶ
465 4622 591 4685 εἰσὶ,
623 4624 739 4686 πὼς
773 4625 830 4676 οὗ
875 4625 1276 4695 κατερυθριῶσι
1308 4626 1415 4678 τῶν
1448 4626 1824 4679 ἀποστολικῶν

238 4716 345 4767 καὶ
400 4713 751 4782 προφητικῶν
791 4715 986 4781 φωνῶν
1018 4716 1422 4787 καταφλυαρείν
1451 4716 1499 4769 οἱ
1532 4716 1821 4784 παράφρο-

236 4822 362 4867 νες,
398 4805 470 4866 ὡς
500 4806 597 4873 τὴν
624 4805 721 4858 τοῦ
751 4806 889 4858 Θεοῦ
928 4807 1218 4878 οἰκοδομὴν
1249 4807 1675 4875 κατασκάψαντα
1705 4824 1819 4876 χει-

1932 3624 2091 3663 scetts
2121 3621 2174 3662 et
2197 3608 2532 3661 l‘wctnosnm
2583 3623 2794 3669 arvum,
2844 3610 2988 3677 quod
3013 3611 3256 3666 divinum
3291 3619 3504 3685 excepit

1928 3715 2147 3764 semen;
2187 3715 2309 3751 cum
2362 3710 2510 3751 sator
2539 3699 2673 3752 cxiit
2704 3700 2769 3751 ad
2818 3701 3210 3768 projiciendum
3240 3704 3503 3762 doctrina:

1926 3790 2170 3844 semina?
2204 3798 2346 3844 terra
2399 3793 2511 3843 luet:
2557 3791 2776 3859 triginta
2832 3802 2885 3845 et
2912 3794 3233 3864 sesaginta,
3292 3798 3401 3853 imo
3448 3810 3503 3853 ct

1926 3892 2140 3934 centum
2174 3882 2367 3945 redtlil,
2402 3881 2490 3947 qui
2513 3890 2593 3934 est
2620 3884 2890 3935 maximus
2912 3892 2966 3936 et
2994 3898 3240 3941 summus
3266 3885 3493 3944 fructus.

1926 3973 2126 4026 Harum
2157 3972 2396 4025 act-ureti
2433 3972 2609 4039 legum
2634 3973 2934 4041 scriptores
2957 3990 3020 4028 ac
3053 3977 3290 4031 ministri
3321 3984 3491 4035 exsti-

1926 4074 2107 4117 terunt
2138 4063 2244 4116 divi
2276 4064 2533 4132 apostoli,
2581 4064 2647 4115 ad
2678 4064 2952 4132 potiorenr
2973 4081 3137 4134 quam
3168 4068 3377 4141 Moyses
3407 4072 3499 4127 Dei

1924 4154 2429 4223 contemplationem
2473 4164 2527 4209 et
2577 4156 2934 4209 ministerium
2995 4158 3153 4221 elati;
3193 4162 3284 4229 qui
3332 4163 3497 4217 etiam

1924 4246 2167 4300 animosa
2228 4247 2495 4299 sententia
2550 4246 2847 4314 gloriantur
2904 4248 3137 4304 dicere:
3182 4250 3282 4305 Dei
3317 4270 3499 4308 sumus

1923 4338 2190 4405 adjutores
2253 4340 2392 4403 apud
2467 4337 2734 4390 credentes
2768 4353 2786 4389 :
2831 4337 2927 4391 Dei
2977 4342 3346 4409 agricultura,
3399 4345 3497 4399 Dei

1924 4427 2206 4495 wdi/icmio
2243 4429 2367 4479 estis
2399 4428 2465 4479 ".
2501 4427 2655 4492 Quod
2695 4430 2740 4480 si
2787 4428 2907 4481 haec
2958 4445 3083 4483 vera
3124 4443 3272 4497 sunt,
3332 4436 3496 4491 sicuti

1927 4532 2113 4587 reapse
2168 4526 2314 4580 sunt,
2371 4520 2642 4588 quomodo
2702 4533 2807 4571 non
2858 4520 3186 4576 erubescunt
3227 4525 3495 4583 adversus

1922 4608 2249 4679 apostolicae
2285 4610 2745 4678 propheticasque
2775 4625 2933 4664 voces
2967 4615 3154 4681 nugari
3200 4615 3253 4669 hi
3285 4621 3491 4683 vesani,

1921 4704 2074 4771 quasi
2112 4702 2206 4757 Dei
2244 4703 2532 4757 aedilicium
2561 4702 2928 4757 Anticltristns
2967 4705 3276 4763 subfossum
3325 4724 3489 4764 occu-

1921 4796 2153 4863 paverit,
2204 4794 2466 4865 praedium
2532 4797 2848 4858 vastavcrit,
2915 4798 3196 4853 victoriam
3231 4814 3354 4855 cum
3386 4801 3493 4857 illis

236 4896 530 4968 ρώσασθαι
552 4896 644 4948 τὸν
666 4897 913 4950 ἀντίθεον
929 4940 944 4964 ,
970 4900 1065 4952 καί⁵
1092 4899 1523 4968 καταληῖσασθαι
1556 4899 1616 4951 τὸ
1641 4898 1818 4969 γεώρο

1927 4902 2153 4954 operans
2179 4886 2467 4942 retulerit?
2495 4886 2695 4941 Deinde
2725 4905 2739 4940 :
2775 4887 2838 4940 1η
2873 4894 3030 4943 corde
3048 4906 3230 4946 eorum
3262 4892 3492 4947 scribam

927 4986 952 4997 ς

232 5002 403 5052 γιον,
475 4987 567 5037 καὶ
630 4986 830 5039 διδόναι
884 4986 963 5056 τῷ
1023 4987 1335 5058 ἐνεργοῦντι
1397 4988 1467 5041 δι’
1518 4987 1698 5041 αὐτῶν
1753 4987 1821 5041 τὰ

233 5080 578 5146 νικητήριας
615 5079 782 5141 ὅντως
815 5079 922 5131 τῶν
964 5081 1182 5132 οἰκείων
1222 5080 1506 5150 γεωργίων
1544 5080 1820 5150 άμήσουσι

230 5172 307 5222 τὶι
343 5171 634 5239 δράγματα
671 5173 721 5223 oi
754 5172 979 5225 δείλαιοι
1004 5188 1019 5201 θ
1053 5170 1207 5235 εἶτα,
1249 5173 1380 5226 Ἐπί
1425 5171 1672 5239 καρδίας
1712 5174 1822 5226 αὑ-

229 5261 365 5313 τὰν
398 5259 704 5328 ἐπιγράψω
753 5261 995 5326 αὐτούς.
1043 5260 1310 5315 Ἐνταῦθα
1341 5260 1449 5314 τῶν
1480 5268 1546 5313 τα
1584 5262 1818 5329 εὐαγγε-

229 5349 375 5401 λικα
401 5349 737 5418 δεδεγμένων
776 5352 1120 5421 ἐντάλματα,
1165 5352 1285 5405 ἀντὶ
1333 5351 1557 5404 πλακῶν
1596 5350 1814 5404 λιθίνων

228 5444 342 5506 τὰς
377 5443 621 5511 καρδίας,
657 5444 910 5515 καθάπερ
939 5446 1091 5507 τινὰς
1120 5443 1382 5515 λαμπρὰς
1408 5446 1503 5499 καὶ
1532 5444 1814 5512 διαφανεῖς

231 5534 454 5603 στήλας
491 5534 742 5597 ὑπέθετο,
778 5536 899 5589 καθ’
928 5536 995 5598 ἃς
1032 5538 1080 5588 οἱ
1123 5536 1255 5588 θεῖοι
1285 5536 1439 5605 νόμοι
1471 5537 1569 5589 οὐκ
1604 5536 1662 5600 ἐξ
1697 5538 1819 5588 ἐπι-

231 5626 418 5694 πολῆς
473 5626 937 5695 ἐγχαράσσονται,
974 5627 1108 5681 ἀλλὰ
1148 5626 1235 5679 διὰ
1268 5626 1468 5697 βάθους
1517 5627 1817 5681 εἰσδύονται

310 5834 357 5864 “
396 5831 439 5885 Il
469 5830 592 5885 Cor.
635 5848 712 5894 ιιι,
745 5832 798 5886 2.
881 5832 921 5861 “
956 5831 970 5883 l
1010 5832 1131 5885 Cur.
1172 5848 1252 5898 ιιι,
1284 5834 1334 5885 9.

1922 4980 2065 5033 illas.
2099 4979 2196 5033 Hic
2228 4979 2460 5041 illorum,
2495 4980 2586 5049 qui
2614 4980 2922 5048 evangelica
2968 4992 3234 5051 praecepta
3266 4998 3491 5054 recepe—

1924 5083 2070 5137 runt,
2129 5087 2225 5142 pro
2269 5071 2467 5125 tabulis
2526 5072 2773 5141 lapideis,
2811 5073 2973 5125 corda
3026 5088 3126 5128 ceu
3176 5074 3490 5144 splendidos

1923 5165 2184 5235 quosdam
2220 5163 2578 5234 limpidosque
2617 5165 2801 5232 cippos
2837 5167 3139 5234 proposuit,
3190 5168 3241 5222 in
3296 5169 3493 5238 quibus

1922 5259 2114 5312 divina:
2145 5258 2287 5326 leges
2323 5257 2463 5310 haud
2505 5256 2556 5309 iu
2588 5256 2745 5326 221
2778 5256 3062 5325 superﬁcie
3101 5257 3489 5324 charasantur,

1923 5350 2016 5402 sed
2050 5349 2157 5402 alte
2181 5357 2487 5418 penetrant,
2514 5349 2579 5400 ad
2613 5363 2785 5414 usque
2818 5349 3037 5403 intimas
3062 5348 3241 5404 cordis
3260 5350 3493 5420 plicatu-

1927 5458 2017 5496 ras
2046 5452 2307 5503 meantes,
2338 5451 2396 5494 ut
2422 5440 2735 5496 indelebilcs
2757 5443 3133 5511 diuturnaque
3163 5457 3492 5498 conserven-

1928 5543 2035 5599 tur,
2071 5543 2131 5587 et
2184 5535 2235 5588 in
2269 5549 2430 5587 omne
2471 5547 2644 5587 uarum
2701 5534 2999 5589 incolumes
3041 5545 3316 5590 maneant.
3359 5535 3495 5590 llinc

1930 5627 2238 5696 unicuique,
2265 5627 2310 5682 si
2340 5628 2499 5681 modo
2529 5627 2676 5692 velit,
2707 5627 3011 5697 intelligere
3039 5628 3164 5682 licet
3187 5639 3384 5697 quanta
3409 5639 3494 5682 est
