4198 6442
182 377 287 446 721

1039 382 1603 446 APOLOGEI'ICUS
1641 388 1788 447 PRO
1826 389 2088 449 SACRIS
2130 386 2612 452 IMAGINIBUS.

3325 380 3430 444 722

190 511 280 544 σιν
304 532 319 559 ,
354 490 472 545 οὐδὲ
503 490 580 562 τῷ
603 490 833 562 διαϐόλῳ
864 498 1358 563 προσκυνήσουσιν,
1394 496 1513 547 οὐδὲ
1548 498 1613 565 τῇ
1642 496 1761 548 κτί-

1873 501 2142 556 Creatoris
2189 498 2392 553 cultum
2426 498 2760 552 exhibebunt
2792 513 2805 549 :
2844 497 2936 548 sed
2986 493 3081 565 qui
3115 508 3213 562 per
3265 494 3431 547 mini-

191 601 277 637 σει
309 585 460 653 παρά
490 584 578 637 τὶν
608 582 865 637 κτίσαντα
896 583 956 635 τὸ
987 583 1146 651 σέδρις
1178 585 1529 655 ἁπονείμαιεν
1551 603 1563 615 ·
1590 586 1704 639 ἀλλ’
1729 588 1757 639 ό

187 674 432 745 ἐνεργῶν
454 674 543 728 διὰ
565 676 673 727 τῶν
702 674 1118 746 ὑπηρετούντων
1144 676 1291 746 αύτῷ
1323 679 1756 747 ἀποφθέγγεται,

188 763 280 817 ινα
313 768 425 828 τοῖς
454 764 598 819 οῦτω
628 766 898 836 λαμπροῖς
925 766 1019 819 καὶ
1045 767 1329 836 διαφανέσι
1372 769 1469 838 τῆς
1503 770 1761 839 ἀληθείας

186 855 407 923 λόγοις,
441 856 540 928 τὴν
581 857 789 910 οἰκείαν
828 856 1192 928 ψευδηγορίαν
1239 859 1332 911 καὶ
1371 860 1581 929 πλάνην
1638 863 1763 913 άντ-

187 950 543 1019 αναστήσωσι
569 965 583 981 ⁸
628 950 748 1012 πῶς
786 951 894 1020 γὰρ
946 951 1073 1019 ἐξῆν
1108 952 1233 1014 τοὺς
1261 952 1359 1023 τὴν
1391 954 1583 1019 κάινὴν
1632 971 1763 1005 ταυ-

187 1040 319 1109 τηνί
374 1040 637 1112 διαθήκην
702 1041 883 1112 πολλῷ
947 1043 1046 1111 τῆς
1101 1044 1375 1113 προτέρας
1426 1044 1762 1113 ύῂλοτέραν

188 1131 545 1197 δεξαμένους,
567 1134 655 1185 ἐπί
685 1132 785 1204 τὴν
806 1133 913 1184 τῶν
937 1136 1181 1203 ;.ι;.·;κίων
1210 1135 1761 1204 ἀπολισθῆσαιπροσ-

190 1220 423 1290 κύνησιν
448 1240 461 1287 ;
489 1223 714 1290 ειιάντες
766 1220 857 1276 οῦν
895 1224 1165 1295 είδήσουσί
1221 1243 1287 1295 με
1310 1267 1323 1288 ,
1361 1226 1524 1297 φησίν
1543 1242 1554 1256 ·
1583 1225 1769 1293 ῶσπερ

188 1314 304 1384 γάρ
334 1315 362 1365 ό
392 1314 649 1383 αἰσθητὸς
679 1308 835 1379 οὗτος
860 1316 1009 1385 ἥλιος
1042 1317 1222 1370 πᾶσαν
1242 1318 1372 1385 ὅσην
1402 1319 1572 1388 ἐφορᾷ
1597 1335 1767 1369 κατα-

190 1404 423 1472 φωτίζει
467 1406 606 1474 γῆν,
651 1407 822 1468 οὕτως
869 1410 897 1459 ό
926 1408 1025 1475 τῆς
1055 1408 1409 1475 δικαιοσύνης
1448 1408 1599 1478 ἣλιος
1631 1409 1767 1476 Χρι-

191 1496 326 1559 στδς
368 1499 395 1550 ό
418 1497 547 1561 Θεὸς
578 1499 733 1567 ἡμῶν
773 1501 907 1551 πᾶσι
930 1501 1027 1562 τὰς
1057 1500 1154 1567 τῆς
1184 1498 1514 1567 θεογνωσίας
1544 1500 1769 1561 ἀκτῖνας

1866 604 2010 649 stros
2038 606 2169 648 suos
2191 589 2556 662 operatur,-is
2586 589 2837 656 loquetur
2864 602 2879 651 ;
2914 595 2973 639 ut
3003 597 3112 639 tam
3140 584 3436 655 splendidis

1867 684 2208 752 limpidisque
2248 681 2490 735 veritatis
2542 678 2887 734 sermonibus
2933 675 3225 731 falsitatem
3278 690 3433 730 suam

1868 787 2029 842 atque
2067 786 2309 826 errorem
2338 778 2635 840 opponant.
2671 767 2771 833 Qui
2801 767 2946 821 enim
2996 764 3114 821 lleri
3147 773 3352 833 posset,
3376 773 3436 818 ut

1869 868 1958 935 qui
1980 881 2174 919 novmn
2200 864 2298 918 hoc
2324 862 2498 916 funlus
2538 860 2706 915 multo
2741 856 3006 913 excelsius
3040 856 3223 925 priore
3253 854 3431 907 admi-

1870 961 2081 1016 serunt,
2116 952 2180 1005 ad
2230 951 2529 1003 vanitatum
2582 947 2929 1001 revolvantur
2950 945 3200 999 cultum?
3230 944 3435 999 Omnes

1870 1042 2050 1109 itaque
2076 1058 2161 1094 me
2189 1047 2544 1109 cognoscent,
2577 1037 2770 1105 inquit.
2814 1036 2968 1089 Sicut
2999 1035 3143 1089 enim
3194 1032 3429 1087 sensibi-

1871 1134 1935 1187 lis
1980 1134 2070 1186 hic
2117 1130 2197 1185 sol
2246 1130 2556 1182 universam
2596 1141 2758 1196 quam
2803 1133 3016 1194 spectat
3070 1134 3271 1178 terram
3304 1122 3431 1176 illu-

1867 1225 2057 1285 minat,
2089 1224 2161 1276 ita
2182 1222 2410 1291 justitia:
2438 1220 2516 1275 sol
2543 1217 2794 1273 Christus
2825 1217 2964 1269 Deus
2989 1226 3179 1270 noster
3212 1214 3429 1268 cunctis

1866 1316 2062 1370 divinae
2118 1314 2326 1368 notitiae
2375 1312 2556 1365 radios
2615 1324 2709 1377 per
2749 1306 3098 1375 Evangelium
3156 1306 3422 1367 incendit,

1870 1416 2224 1474 nostrumque
2251 1404 2491 1458 omnium
2523 1412 2730 1455 mentes
2766 1398 3116 1462 illuminavit,
3146 1406 3202 1451 et
3244 1396 3428 1451 divina

1870 1498 2096 1551 scientia
2136 1498 2418 1567 gratiaque
2452 1494 2762 1563 complevit.

189 1584 284 1637 διὰ
315 1586 407 1639 τοῦ
446 1587 782 1655 Εὐαγγελίου
812 1588 1101 1658 ἐξέλαμψε,
1142 1589 1233 1641 καί
1276 1589 1375 1651 τὰς
1430 1588 1669 1650 διανοίας
1710 1587 1928 1640 πάντων
1961 1587 2119 1658 ήμῶν
2191 1584 2506 1656 κατηύγασε
2531 1625 2548 1650 ,
2582 1583 2681 1653 τῆς
2727 1583 2879 1646 Θείας
2917 1578 3254 1651 ἐμπιμπλῶν
3295 1574 3439 1646 γνῶ-

193 1677 339 1741 σεώς
365 1697 421 1732 τε
448 1680 541 1733 καί⁵
567 1680 806 1750 χάριτος.

270 1767 428 1831 Τίνες
455 1768 508 1820 δὲ
535 1764 642 1820 εἷεν
670 1762 813 1821 οὗτοι
835 1811 848 1832 ,
884 1769 1195 1822 εἰπάτωσαν
1229 1769 1410 1822 αὐτοί·
1448 1770 1495 1821 εἰ
1528 1770 1626 1839 μὲν
1655 1768 1763 1837 γὰρ

1939 1765 2168 1832 Quinam
2200 1778 2330 1816 vero
2356 1764 2462 1817 sint
2496 1762 2570 1826 hi,
2599 1760 2787 1814 dicant
2827 1759 2949 1827 ipsi.
2973 1756 3109 1810 Nam
3141 1757 3185 1811 si
3220 1757 3271 1810 in
3312 1772 3435 1824 par-

188 1859 295 1929 τὴν
326 1859 601 1929 ἡμετέραν
636 1858 859 1921 ἔλθοιεν,
898 1863 963 1928 τῇ
1001 1860 1226 1930 ἀληθείᾳ
1258 1861 1351 1912 καί
1380 1861 1509 1930 ημῖν
1546 1858 1763 1929 συμφή-

193 1964 354 2000 σαιεν
374 1987 389 2010 ,
425 1947 500 2012 ὡς
532 1949 582 2001 οί
610 1947 686 2019 τῷ
728 1947 820 2001 τοῦ
853 1947 1090 2019 Χριστοῦ
1122 1948 1213 2001 καὶ
1253 1948 1387 2001 Θεοῦ
1417 1947 1572 2017 ἡμῶν
1633 1965 1764 2000 κατ-

200 2040 636 2109 εσφραγισμένοι
660 2040 753 2093 καί
782 2040 1203 2109 ἐπικεκλημένοι
1227 2042 1474 2110 ὀνόματι·
1513 2042 1559 2093 εί
1581 2041 1636 2094 δὲ
1666 2040 1766 2107 τὴν

191 2131 449 2184 ἐναντίαν
478 2132 861 2203 πορεύσονται,
898 2133 1085 2200 σαφῶς
1131 2135 1224 2186 τοῦ
1260 2132 1570 2203 ἀκαθάρτου
1607 2130 1769 2185 πνεύ-

196 2239 373 2292 ματος
407 2223 440 2292 ἡ
490 2225 775 2295 ἐνέργεια’
808 2223 1207 2277 διδασκέτωσαν
1244 2227 1368 2289 τοὺς
1412 2226 1643 2293 ἀμαθεῖς
1673 2223 1768 2277 καὶ

192 2315 561 2379 ἀπαιδεύτους
589 2318 637 2368 οἱ
682 2319 736 2368 ἐν
775 2315 852 2384 τῷ
905 2315 1034 2385 ἰερῷ
1076 2318 1295 2379 παῖδες,
1338 2317 1768 2384 αὐτεπάγγελτοι

189 2405 427 2475 ἥκοντες
456 2407 539 2475 ἐφ’
586 2402 667 2470 οἷς
709 2408 880 2461 ταῦτα
926 2409 1371 2478 συνεπεραίνετο,
1408 2408 1667 2463 Ὡσαννὰ
1700 2409 1770 2461 ἐν

189 2499 326 2564 τοῖς
359 2501 670 2567 ὑψίστοις,
706 2500 1009 2561 ἐκϐοῶντες
1033 2517 1047 2531 ο
1100 2501 1505 2568 εὐλογημένος
1536 2503 1567 2553 ὀ
1605 2500 1769 2568 ἐρχό-

185 2609 382 2660 μενος
413 2592 482 2645 er
519 2594 762 2661 ὀνόματι
803 2594 1045 2661 Κυρίου.
1096 2593 1622 2661 Καταισχυνέτωσαν
1668 2593 1767 2644 αύ-

189 2685 328 2748 τοίις
373 2683 640 2755 Ἑλλήνων
670 2686 878 2748 παῖδες,
904 2685 933 2738 ὂ
962 2685 1055 2738 καὶ
1099 2683 1398 2753 θαυμάζειν
1437 2684 1586 2749 ἀξιον
1607 2724 1620 2745 ,
1652 2684 1769 2736 οἵαν

194 2775 441 2845 σπουδὴν
477 2776 777 2841 ἐποιοῦντο,
808 2777 907 2845 τῆς
945 2772 1118 2843 Ἰησοῦ
1147 2775 1362 2843 ὁμιλίας
1388 2772 1641 2843 ἐρῶντες,
1677 2772 1771 2825 καὶ

193 2872 330 2929 τοὺς
386 2868 550 2921 αὐτοῦ
594 2868 843 2938 μαθητὰς
897 2869 1049 2935 ἄγειν
1086 2868 1162 2929 ῶς
1195 2867 1361 2918 αὑτὸν
1393 2864 1728 2927 ἱκετεύοντες
1752 2879 1766 2893 ·

194 2964 292 3013 τδν
344 2962 444 3030 μὲν
476 2957 569 3014 οῦν
615 2962 899 3014 Ἰουδαϊκὸν
932 2962 1103 3030 δῆμον
1135 2959 1223 3013 διὰ
1262 2961 1445 3026 φωνῆς
1476 2956 1768 3029 προφητῶν
1797 2994 1841 3053 c

193 3054 227 3104 ὁ
255 3053 369 3105 τῶν
410 3054 548 3105 ὅλων
594 3053 725 3116 Θεὸς
758 3056 816 3106 ἐν
854 3053 1055 3114 αἰτίαις
1096 3054 1379 3121 μεγίσταις
1416 3053 1654 3102 ἐποιεῖτο
1682 3050 1769 3101 λέο

193 3160 339 3212 γωνο
376 3145 567 3212 Ἔγνω
593 3144 751 3208 ,ϐοῦς
775 3144 882 3196 τὸν
917 3142 1317 3211 κτησάμενον,
1351 3142 1446 3194 καί
1480 3142 1618 3207 ὄνος
1658 3142 1770 3207 τὴν

194 3235 443 3303 φάτνην
464 3234 569 3289 τοῦ
583 3236 792 3303 κυρίου
805 3234 1007 3287 αὐτοῦ·
1038 3234 1283 3299 Ἰσραὴλ
1306 3232 1373 3285 δέ
1384 3249 1455 3300 με
1472 3235 1577 3285 οὐκ
1596 3234 1767 3299 ἔγνω,

194 3326 297 3377 καί
324 3328 357 3378 ό
384 3326 533 3391 λαός
554 3342 632 3395 με
654 3327 726 3380 οὐ
751 3323 1021 3390 συνῆκεν
1042 3338 1055 3352 ·
1074 3322 1147 3384 ὡς
1164 3323 1230 3389 δὴ
1248 3323 1344 3391 τὴν
1373 3324 1585 3389 ἀλόγοις
1612 3321 1771 3385 ζώοις

197 3415 538 3484 κτηνωδίαν,
597 3416 696 3485 τὴν
746 3415 969 3468 ἐκείνων
1019 3413 1337 3482 ἀϐελτερίαν
1394 3412 1487 3465 καὶ
1549 3412 1773 3479 ἀλογίαν

196 3503 466 3576 ἑωρακὼς
513 3504 996 3577 παρελαύνουσαν’
1037 3506 1181 3576 ἡμᾶς
1220 3504 1277 3556 δέ
1312 3505 1393 3573 ἐφ’
1430 3503 1521 3565 οὓς
1562 3503 1768 3556 ἀνωθεν

195 3597 263 3648 τὸ
294 3596 394 3666 τῆς
426 3594 684 3663 γνώσεως
720 3596 891 3668 δῶρον
925 3596 1433 3665 καταπεφοίτηκεν,
1466 3596 1524 3647 ἐν
1572 3594 1770 3664 εὐκλη-

204 3687 351 3757 ρίαις
393 3703 452 3738 τε
485 3688 575 3740 καὶ
610 3686 882 3753 εὐλογίαις
914 3686 1085 3749 τιθεὶς
1108 3728 1121 3749 ,
1160 3685 1223 3738 τὸ
1250 3685 1505 3739 ἀσύνετον
1547 3686 1770 3739 ἐκείνων

200 3780 301 3832 καὶ
334 3778 601 3845 ἀλογῶδες
632 3778 1023 3847 διωσαμένους,
1060 3779 1295 3849 εἰδήσειν
1341 3779 1502 3830 αὑτὸν
1531 3777 1773 3847 ἐναργῶς

198 3867 641 3937 προτεθέσπικεσ
690 3867 784 3919 καί
832 3866 1043 3936 βεϐαιοῖ
1073 3866 1166 3920 τοῦ
1195 3865 1360 3932 λόγου
1397 3865 1458 3917 τὸ
1497 3864 1770 3933 ἀσφαλὲς,

196 3952 308 4021 τῆς
347 3952 601 4021 ἀληθείας
627 3953 1033 4023 ἐμφαινομένης
1064 3956 1177 4016 τοῖς
1216 3953 1537 4025 πράγμασιν
1589 3955 1773 4016 αὐτοῖς

197 4044 265 4095 τὸ
309 4045 782 4113 ὰπαράγραπτον·
843 4044 1284 4115 αἰσχυνέσθωσαν
1332 4044 1516 4096 λοιπὸν
1567 4044 1616 4096 οί
1659 4047 1775 4107 τοῖς

196 4132 459 4200 ψευδέσιν
504 4132 903 4203 ἐπερειδόμενοι
930 4172 945 4196 ,
998 4135 1094 4185 καὶ
1136 4131 1367 4194 ἀνοσίως
1411 4133 1503 4184 καὶ
1548 4132 1775 4201 ἀμαθῶς

197 4224 307 4293 τῆς
338 4224 448 4275 τῶν
477 4223 819 4293 Χριστιανῶν
859 4223 1333 4295 κατακεκραγότες
1361 4221 1527 4293 ὀρθῆς
1561 4222 1767 4292 ὑπολή-

1868 1865 1949 1910 tcs
1980 1863 2189 1907 nostras
2214 1854 2532 1913 concedent,
2563 1866 2687 1905 cum
2724 1850 2953 1903 veritate
2976 1848 3242 1916 nobisque
3270 1847 3430 1900 simul

1866 1948 2232 2007 consentient,
2266 1942 2465 2013 quippe
2508 1942 2599 2011 qui
2631 1940 2831 1995 Christi
2874 1939 2965 1991 Dei
3026 1939 3198 1991 nostri
3254 1938 3433 2004 sigillo

1867 2036 2086 2105 signati,
2117 2034 2281 2104 222
2314 2034 2537 2102 ejusque
2563 2032 2781 2085 nomine
2823 2028 3082 2099 appellati
3128 2043 3336 2081 sumus.
3375 2026 3432 2081 Si

1868 2142 1995 2180 vero
2027 2127 2078 2180 in
2102 2126 2432 2182 contrariam
2470 2134 2677 2195 partem
2723 2123 2943 2186 abeant,
2991 2122 3106 2174 haec
3134 2128 3218 2175 est
3256 2120 3426 2172 mani-

1868 2221 2003 2274 lesta
2042 2218 2239 2287 impuri
2284 2218 2506 2286 spiritus
2549 2216 2814 2283 operatio.
2854 2214 3096 2267 Doceant
3135 2212 3233 2265 bos
3274 2210 3429 2280 igna-

1872 2326 1958 2364 ros
1996 2311 2265 2379 rudesque
2293 2308 2344 2361 in
2402 2306 2600 2375 templo
2640 2307 2813 2375 pueri,
2872 2302 3198 2356 naturaliter
3257 2300 3427 2355 veluti

1867 2402 2084 2466 eruditi,
2125 2403 2252 2454 dum
2285 2414 2348 2452 ea
2397 2399 2625 2454 lierent:
2663 2395 2918 2450 Hosnnna
2946 2395 2999 2446 in
3021 2393 3262 2458 excelsis,
3315 2390 3429 2446 cla-

1870 2506 2116 2561 mantes;
2142 2492 2435 2547 benedictus
2467 2492 2555 2561 qui
2590 2492 2723 2544 venit
2771 2492 2826 2541 in
2869 2488 3079 2540 nomine
3118 2486 3329 2539 Domini
3362 2484 3434 2537 ⁸³.

1870 2585 2137 2639 Pudorem
2175 2584 2310 2653 ipsis
2344 2583 2610 2637 incutiant
2639 2580 2985 2633 ethnicorum
3014 2577 3186 2645 pueri,
3216 2576 3307 2643 qui
3334 2576 3437 2628 mi-

1871 2691 1988 2729 rum
2021 2686 2103 2729 est
2131 2686 2395 2744 quantum
2428 2672 2663 2727 studium
2698 2684 2809 2740 prae
2838 2685 2897 2724 se
2929 2668 3149 2722 tulerint
3196 2668 3422 2735 loquen-

1873 2776 1977 2821 tem
1998 2765 2183 2820 Jesum
2217 2766 2489 2829 audiendi,
2545 2765 2617 2817 ita
2648 2774 2707 2817 ut
2736 2760 3029 2830 discipulos
3068 2773 3285 2829 quoque
3313 2756 3431 2825 ejus

1874 2868 2125 2927 rogarent
2156 2866 2213 2909 ιιι
2244 2872 2303 2911 se
2334 2857 2400 2909 ad
2452 2856 2603 2910 illum
2635 2855 2988 2908 deducerent.
3018 2850 3301 2905 .ludaicunt
3331 2848 3440 2901 ita-

1874 2963 1979 3015 que
2004 2946 2254 3017 populum
2292 2949 2616 3003 universalis
2666 2948 2808 3001 Deus
2854 2947 3177 3016 gravissime
3218 2957 3442 2997 accusa-

1873 3041 1963 3092 bat
2020 3039 2254 3093 dicens:
2319 3040 2568 3109 Cognovit
2611 3040 2699 3092 bos
2755 3052 3108 3105 possessorem
3157 3050 3335 3098 suum,
3389 3042 3439 3085 et

1872 3132 2051 3183 asinus
2113 3147 2341 3199 prwscpe
2390 3131 2587 3183 domini
2610 3130 2731 3193 sui;
2793 3128 2964 3181 Israel
2995 3136 3166 3180 autem
3212 3140 3293 3179 me
3337 3140 3438 3176 non

1871 3223 2125 3288 cognovit,
2155 3233 2202 3274 et
2252 3223 2473 3288 populus
2511 3238 2590 3275 me
2624 3223 2832 3273 nescivit
2859 3221 2940 3283 ¹⁹;
2990 3219 3142 3289 quasi
3184 3218 3437 3270 nimirum

1872 3322 2121 3365 cerneret
2167 3312 2568 3364 irrationaliutn
2616 3311 2977 3364 animantium
3018 3307 3255 3361 bclluino
3288 3306 3439 3371 ingv-

1874 3401 1985 3463 nio,
2022 3401 2290 3455 inscitiam
2361 3401 2553 3453 horum
2612 3412 2773 3469 atque
2825 3399 3131 3452 vecordiam
3158 3411 3281 3450 esse
3314 3400 3440 3461 gra-

1873 3492 2101 3545 viorem.
2136 3489 2242 3544 Nos
2257 3490 2465 3555 autem,
2487 3491 2683 3560 quibus
2700 3504 2934 3557 superne
2965 3489 3165 3542 donum
3189 3486 3431 3540 scienti-.9

1873 3581 2205 3650 supervenit,
2234 3581 2284 3633 in
2305 3580 2458 3633 beata
2487 3590 2632 3633 sorte
2663 3594 2723 3632 ac
2744 3579 3115 3633 benedictione
3139 3590 3425 3646 reponens,
3512 3580 3524 3595 ‘

1872 3677 1995 3743 quia
2058 3674 2340 3728 stultitiam
2394 3675 2607 3728 illorum
2649 3674 2954 3741 ruentisque
3025 3667 3425 3724 aberrationern

1875 3767 2189 3837 repulimns,
2234 3781 2351 3829 nos,
2409 3767 2651 3836 inquam,
2686 3766 2862 3835 ipsum
2921 3765 3254 3834 cognituros,
3315 3774 3440 3827 pcr-

1873 3860 2057 3930 spicue
2096 3861 2359 3929 praedixit.
2389 3858 2595 3914 Firmat
2625 3868 2805 3914 autem
2831 3860 3119 3913 verborum
3176 3858 3442 3912 indelebi.

1877 3954 1941 4007 lis
1970 3954 2171 4006 veritas
2195 3966 2314 4020 qua:
2350 3951 2489 4004 facta
2540 3952 2653 4019 ipsa
2688 3952 3003 4004 comitatur.
3038 3950 3241 4002 Pudeat
3279 3951 3433 4001 dein-

1875 4056 2003 4110 ceps
2037 4041 2155 4095 illos
2191 4044 2282 4111 qui
2320 4042 2542 4095 falsitati
2602 4042 2927 4106 innituntur,
2967 4043 3238 4112 impieque
3272 4053 3437 4110 atque

1878 4132 2167 4185 inscienter
2194 4130 2636 4186 Christianorum
2690 4132 2949 4186 allatrant
2988 4144 3189 4187 rectam
3224 4145 3438 4187 senten-

1880 4224 2028 4279 tiain.
2066 4221 2230 4276 Plena
2260 4226 2402 4276 enim
2436 4232 2512 4275 est
2545 4224 2792 4276 universa
2822 4232 2965 4277 terra
3002 4226 3300 4295 cognitione
3330 4224 3437 4276 Do-

197 4317 357 4383 ψεως
380 4331 394 4346 ο
438 4313 817 4381 Ἐνεπλήσθη
844 4315 956 4383 γὰρ
985 4315 1023 4381 ἠ
1052 4317 1347 4383 σύμπασα
1378 4313 1453 4383 γῆ
1484 4313 1591 4367 τοῦ
1625 4311 1771 4382 γνῶ-

1878 4318 2004 4369 mini
2035 4316 2101 4368 '°.
2128 4314 2191 4367 Et
2220 4332 2232 4367 :
2266 4312 2481 4367 Plenum
2505 4325 2578 4367 est
2598 4315 2782 4368 caelum
2807 4331 2869 4367 ac
2892 4326 3030 4368 terra
3048 4317 3217 4385 gloria
3237 4318 3350 4383 ejus
3370 4317 3435 4370 ".

198 4426 306 4461 rm
345 4407 451 4459 τόν
472 4408 723 4475 Κύριονο
760 4408 855 4460 καί
885 4406 1123 4474 πλήρης
1160 4409 1193 4460 d
1218 4405 1473 4475 οὐρανὸς
1497 4405 1591 4458 καὶ
1628 4405 1666 4470 ἡ
1696 4403 1773 4474 γῆ

200 4501 319 4567 τῖς
358 4500 543 4567 δόξης
580 4500 785 4554 αὑτοῦ.
829 4501 1106 4570 Πανταχοῦ
1148 4499 1255 4569 γάρ
1300 4499 1399 4567 τῆς
1449 4499 1772 4569 οἰκουμένης

200 4592 428 4660 ἀπάσης
453 4590 521 4644 τά
546 4592 643 4661 τῆς
669 4590 899 4660 εὐαγοῦς
930 4593 961 4662 ὴ
972 4592 1088 4661 μῶν
1116 4590 1297 4662 ᾅδεται
1321 4590 1577 4652 πίστεως.

276 4682 363 4735 Τά
399 4682 454 4734 δὲ
501 4682 591 4733 ἐπὶ
623 4681 829 4745 τούτοις
875 4680 951 4751 τῷ
1002 4682 1254 4752 προφήτῃ
1302 4680 1635 4750 ἐπαγόμενα,
1673 4681 1773 4751 τὴν

198 4774 300 4823 τοῦ
342 4769 477 4823 Θεοῦ
512 4772 885 4840 ἀνέκφραστον
916 4770 1349 4840 φιλανθρωπίαν,
1388 4769 1483 4822 καὶ
1540 4770 1631 4822 τὸν
1673 4772 1769 4822 ἀν-

201 4861 550 4929 εξιχνίαστον
595 4861 822 4913 πλοῦτον
869 4861 970 4930 τῆς
1002 4860 1371 4931 χρηστότητος
1422 4859 1587 4912 αὐτοῦ
1641 4862 1773 4929 ἡμῖν

202 4951 537 5023 προμηνύει.
573 4952 782 5018 Ἵλεως
831 4953 1045 5021 ἔσομαι
1089 4951 1219 5018 ταῖς
1250 4951 1511 5017 ἀδικίαις
1551 4950 1772 5006 αὐτῶν.

202 5045 273 5097 Τί
308 5044 514 5096 τούτων
542 5043 870 5115 ὑψηλότερον
904 5043 936 5113 ἢ
969 5042 1441 5112 σεδασμιώτερονς
1476 5044 1541 5095 Τί
1565 5043 1772 5096 τούτων

202 5136 360 5204 ἥδιον
413 5133 448 5204 ἢ
476 5135 863 5206 χαριέστερον;
920 5135 1101 5206 Παρὸν
1149 5134 1257 5206 γάρ
1289 5133 1538 5198 κολάζειν
1575 5135 1669 5187 καί
1715 5134 1776 5187 τὸ

204 5226 439 5296 γεέννης
476 5227 801 5296 ἁπευρύνειν
837 5226 1032 5296 στόμα,
1080 5226 1278 5296 μυρίας
1309 5242 1367 5278 τε
1405 5226 1498 5277 καὶ
1547 5224 1774 5278 ἀνυποί-

208 5335 374 5381 στους
417 5318 643 5387 ἐπάγειν
683 5318 895 5389 πληγάς
919 5357 934 5383 ,
977 5319 1239 5381 θανάτους
1275 5335 1335 5372 τε
1378 5318 1652 5384 ἐξαισίους
1682 5318 1778 5370 καὶ

208 5410 569 5481 παραδόξους,
597 5412 689 5464 ἐπὶ
718 5411 930 5483 μυρίοις
954 5413 1045 5465 καὶ
1067 5411 1316 5482 ἀπείροις
1343 5414 1453 5475 τοῖς
1478 5410 1777 5481 παραπτὼ-

210 5520 382 5575 μασιν
412 5505 513 5558 οὐκ
556 5505 880 5576 ἠπείλησεν,
917 5510 1015 5559 οὐκ
1053 5505 1337 5571 ἐκόλασεν,
1372 5506 1431 5558 οὐ
1478 5503 1777 5575 προσέταξε

212 5597 356 5667 μέγα
388 5595 664 5666 διαστῆναι
698 5598 798 5669 τὴν
824 5597 928 5668 γῆν
956 5599 1048 5651 κιιί⁸
1074 5598 1242 5668 ἄρδην
1276 5598 1567 5650 καταπιεῖν
1602 5595 1776 5649 ᾶπαν-

289 5772 335 5803 ⁸⁸
361 5771 548 5827 Mtttb.
588 5791 697 5837 stu,
733 5778 785 5828 υ.
869 5778 904 5804 ’⁷⁸
950 5776 1050 5830 Ι-ςι.
1092 5795 1130 5841 t,
1167 5778 1219 5831 3.
1299 5778 1341 5807 ²¹¹
1381 5775 1478 5829 lsa.
1516 5771 1667 5833 Σισυ-

1886 4407 2096 4478 Ubiquc
2123 4408 2265 4462 enim
2300 4408 2350 4459 in
2403 4408 2601 4461 mundo
2648 4419 2833 4464 sancta
2898 4417 3084 4464 nostra
3133 4409 3439 4463 celebratur

1881 4500 2030 4553 lides.

1952 4676 2063 4745 Age
2092 4690 2219 4728 vero
2245 4690 2360 4743 qua
2388 4674 2661 4743 praedictis
2699 4676 2960 4744 propheta
2982 4676 3191 4744 adjicit,
3219 4693 3279 4732 ea
3312 4681 3442 4733 iner-

1881 4767 2097 4821 fabilem
2134 4768 2223 4821 Dei
2262 4767 2670 4836 benignitatem,
2702 4778 2757 4821 et
2787 4770 3169 4826 inscrutabiles
3216 4772 3437 4826 divitias

1881 4861 2137 4916 bonitatis
2175 4859 2291 4929 ejus
2318 4861 2642 4929 signiﬁcant.
2694 4860 3035 4932 Propitiabor
3070 4864 3442 4933 iniquitatibus

1882 4968 2063 5006 eorum
2091 4954 2160 5007 “.
2194 4952 2332 5019 Quid
2383 4954 2466 5007 his
2518 4954 2698 5008 verbis
2730 4955 3003 5010 excelsius
3028 4963 3123 5011 aut
3158 4958 3441 5013 venerabi-

1881 5043 1983 5097 lius
2005 5044 2042 5115 ἵ,
2058 5044 2195 5110 Quid
2224 5042 2441 5097 dulcius
2475 5052 2568 5098 aut
2603 5045 2936 5113 gratiosius?
2979 5044 3113 5101 Nam
3145 5062 3268 5101 cum
3313 5063 3440 5117 pos-

1879 5134 1948 5188 sit
1983 5136 2191 5203 punire,
2222 5144 2277 5189 et
2300 5134 2563 5203 gehenua:
2590 5150 2653 5190 os
2689 5135 2942 5201 dilatare,
2977 5137 3352 5207 plurimasque
3384 5151 3441 5194 et

1878 5225 2248 5281 intolerabiles
2300 5226 2482 5296 plagas
2536 5227 2839 5296 imponere,
2895 5238 3101 5285 mortes
3137 5229 3437 5285 horrendas

1878 5327 2038 5388 atque
2065 5320 2408 5389 improvisus,
2436 5330 2656 5389 propter
2686 5329 2965 5387 sexcenta,
2987 5321 3095 5374 imo
3124 5322 3442 5377 innumera-

1878 5413 2003 5465 bilia
2056 5421 2304 5479 peccata;
2350 5420 2589 5464 attamen
2617 5425 2722 5464 non
2754 5420 2837 5465 est
2890 5414 3278 5478 comminatus,
3331 5428 3438 5467 uou

1878 5501 2110 5570 punivit,
2136 5516 2241 5554 non
2276 5501 2559 5568 imperavit
2586 5510 2744 5556 teme
2777 5502 3159 5557 ntdehisceret
3183 5512 3439 5558 cunctos-

1875 5610 1980 5660 que
2020 5593 2245 5647 omnino
2282 5593 2635 5657 absorberet;
2686 5594 2779 5646 scd
2836 5593 2951 5662 ejus
3008 5609 3135 5665 erga
3197 5594 3440 5648 homines

1747 5774 1786 5802 ²¹
1826 5772 2022 5826 llahac.
2066 5786 2145 5834 ιιι,
2179 5771 2229 5823 3.
2310 5772 2350 5799 ‘*
2380 5768 2578 5823 ,Ιυι-θιιι.
2624 5785 2771 5832 xnt,
2804 5770 2892 5823 54.
