4198 6442
185 424 297 485 725

1032 430 1595 491 APOLOGETiCUS
1637 432 1782 490 Pili)
1823 434 2084 493 SACRIS
2123 431 2599 495 lMAGINIBUS.

3319 429 3421 492 725

190 532 412 586 κνύουσι
435 550 447 562 ·
481 532 574 585 καὶ
603 532 659 585 τὸ
696 533 801 586 πᾶν
835 533 1032 600 εἰπεῖν,
1053 537 1327 605 σωτηρίας
1364 538 1492 605 ἡμῖν
1529 537 1761 607 χορηγὸν
1794 580 1801 594 η

1886 551 2103 592 tostrum
2160 539 2543 607 legislaturetn.
2600 538 2723 595 llgec
2748 550 2869 594 sunt
2928 540 3060 611 legis
3120 553 3316 595 nostra:
3363 562 3425 599 ac

187 629 282 681 τὸν
333 628 596 699 ἡμέτερον
641 627 936 698 νομοθέτην
976 628 1360 697 εἰσηγοῦνται·
1403 628 1625 681 τοιαῦτα
1661 628 1755 681 τοῦ

189 720 315 773 καθ’
348 720 493 789 ἡμᾶς
516 718 681 788 νόμου
711 718 805 772 καὶ
838 719 1132 789 νομοθέτου
1157 719 1223 771 τὰ
1250 720 1641 788 ἐπαγγέλματα
1666 722 1758 773 καὶ

188 809 533 879 διδάγματα·
564 810 612 861 εἰ
646 808 703 861 δέ
736 827 786 861 τι
821 809 927 881 χρὴ
968 809 1441 879 μουσουργοῦντα,
1481 809 1571 861 τὸν
1606 810 1761 877 λόγον

193 900 585 969 ὲπιχρωννύειν
622 918 681 953 τε
737 901 831 953 καὶ
882 901 1322 954 καταποικίλλειν
1372 901 1449 965 ὼς
1499 901 1760 970 μάλιστα,

192 993 290 1044 καὶ
324 994 442 1053 ταῖς
471 992 677 1045 πλείοσι
716 992 824 1044 τῶν
855 992 1134 1062 θεηγόρων
1169 992 1484 1060 διακοσμεῖν
1522 997 1760 1060 φωναῖς,

196 1083 448 1151 καθάπερ
466 1083 646 1135 εἰκόνα
668 1084 838 1152 καλήν
859 1100 917 1135 τε
936 1084 1028 1135 καὶ
1047 1085 1295 1153 ἐκπρεπῆ
1310 1086 1357 1135 οί
1381 1084 1765 1154 ἐμπειρότατοι

193 1175 305 1227 τῶν
327 1174 629 1242 ζωγράφων
649 1176 967 1244 ἀποφαίνειν
986 1177 1045 1227 ἐκ
1058 1176 1459 1245 ;;.·.-,χανώμενοι.
1475 1175 1627 1239 ὕλαις
1646 1178 1765 1238 ταῖς

198 1265 583 1335 φαιδροτέραις
629 1268 719 1319 καὶ
765 1266 1020 1337 χρώμασι
1063 1267 1171 1319 τῶν
1220 1267 1655 1337 διαφανεστέρων
1708 1263 1765 1319 εὖ

201 1355 351 1424 μάλα
379 1357 477 1425 τὴν
510 1358 829 1424 ἐπιφάνειαν
870 1358 1254 1422 ὲπανθίζοντες
1274 1398 1289 1418 ,
1323 1358 1679 1427 ὲξωραῖζουσί
1710 1375 1767 1410 τε

198 1449 299 1498 καὶ
337 1446 723 1513 ἀγλαῖζουσιν,
768 1447 843 1511 ὡς
872 1448 939 1501 ἂν
976 1448 1036 1501 τὸ
1075 1448 1314 1517 ἐμφερὲς
1345 1450 1423 1509 εἰς
1458 1448 1517 1499 τδ
1547 1447 1768 1516 ἀκριϐέ-

204 1553 410 1606 στερον
444 1536 764 1600 διασώζοιτο
788 1553 802 1566 ·
848 1538 943 1591 καί.
966 1539 1074 1609 γὰρ
1104 1539 1193 1590 διὰ
1220 1538 1328 1590 τῶν
1358 1540 1583 1591 εἰκόνων
1602 1578 1616 1600 ,
1660 1538 1770 1596 τῶν

199 1626 405 1695 ἀρχετύ
419 1645 526 1680 πων
555 1629 684 1696 ἡμῖν
708 1631 739 1697 ἡ
782 1628 982 1696 γνῶσις
1010 1630 1307 1696 ἐγγίνεται.
1342 1630 1451 1683 Καὶ
1478 1628 1635 1690 ἄλλος
1664 1628 1771 1679 τῶν

204 1718 523 1786 θεολήπτων
556 1719 865 1790 κεκλήσθω,
894 1724 1005 1783 τοῖς
1032 1722 1469 1792 προηγορευκόσι
1520 1722 1773 1789 συμφρά·

204 1807 361 1877 δμων
390 1810 668 1878 ἐσόμενος,
688 1812 780 1863 καὶ
798 1811 861 1877 δὴ
887 1812 980 1864 καὶ
1007 1812 1220 1880 ἀφίχθω
1247 1811 1347 1863 ἀνα
1376 1811 1468 1863 τὸν
1499 1812 1772 1880 ίερδντου-

1867 630 2188 699 legislaturis
2238 638 2499 699 praecepta
2531 640 2587 685 et
2636 630 2919 685 doctrinas.
2969 629 3123 697 Quod
3183 630 3227 684 si
3291 630 3427 687 forte

1868 729 2085 788 oportet
2118 726 2330 789 poetico
2365 735 2531 792 prope
2587 736 2734 776 more
2765 722 3063 776 orationem
3102 706 3347 795 colorare
3381 732 3434 775 et

1869 813 2157 881 plurimum
2195 814 2427 878 variare,
2459 810 2749 882 multisque
2780 812 3154 882 deiloquorum
3188 815 3427 869 virorum

1868 919 2063 955 ornare
2092 904 2334 967 vocibus,
2364 904 2522 958 veluti
2549 904 2827 974 pulchram
2855 907 3216 974 decorantque
3244 907 3435 976 imagi-

1874 1011 1991 1049 nem
2023 993 2336 1064 peritissimi
2378 996 2614 1062 pictores
2646 996 2904 1050 exhibere
2937 1003 3152 1058 curant,
3191 997 3433 1051 materiis

1872 1094 2130 1151 quantum
2161 1083 2274 1137 ﬁeri
2328 1093 2499 1153 potest
2542 1085 2865 1155 splendidis,
2894 1085 3167 1140 coloribus
3197 1085 3435 1141 clarissi-

1875 1177 1975 1228 mis
2006 1177 2219 1244 egregie
2279 1175 2517 1229 tabulam
2574 1176 2899 1241 animantes,
2936 1186 3333 1246 venustantque
3384 1187 3436 1231 et

1874 1267 2200 1329 exhilarant,
2265 1277 2319 1319 ut
2365 1268 2661 1321 similitudo
2716 1269 3024 1324 accuratior
3053 1268 3183 1333 ﬂat;
3234 1270 3435 1325 etenim

1874 1375 1937 1411 cx
1972 1357 2299 1425 imaginibus
2347 1358 2636 1426 archetypa
2688 1358 2844 1414 nobis
2885 1359 3273 1421 innotescunt;
3303 1360 3439 1412 alius

1878 1451 2056 1517 itaque
2097 1447 2481 1517 inspiratornm
2525 1449 2761 1502 virorum
2808 1450 3120 1511 advocetur,
3171 1449 3261 1519 qui
3306 1464 3442 1518 pra:-

1878 1541 2035 1593 dictis
2087 1554 2393 1594 consonans
2459 1540 2567 1604 liat,
2628 1540 2811 1594 veniat
2870 1540 3072 1595 scilicet
3116 1540 3167 1594 in
3222 1556 3438 1594 sacrum

1876 1628 2202 1683 deiferorutn
2229 1630 2419 1682 horum
2450 1637 2670 1694 emtum,
2701 1638 2756 1683 et
2779 1628 2879 1683 ltoc
2913 1628 3153 1681 divinum
3200 1629 3431 1682 stadium

1879 1721 2231 1788 ingrediatur.
2261 1719 2528 1787 simulque
2555 1734 2779 1784 agonem
2804 1728 3049 1789 peragat,
3078 1719 3442 1785 conﬁciatque

1881 1812 2094 1879 pietatis
2120 1812 2335 1866 dianlon
2366 1810 2455 1864 ille
2492 1810 2844 1881 mysticarum
2884 1810 3251 1878 minarumque
3277 1810 3444 1865 visio-

202 1900 341 1951 τωνὶ
364 1899 471 1951 τῶν
502 1900 773 1968 θεοφόρων
797 1901 885 1953 τὸν
904 1902 1108 1971 ὅμιλον,
1142 1901 1238 1954 καὶ
1264 1900 1594 1971 εἰσερχέσθω
1622 1900 1772 1952 τουτί

1886 1918 1999 1955 num
2032 1912 2085 1956 et
2114 1902 2409 1956 ccelestinm
2462 1910 2786 1971 potestatum
2832 1910 3104 1970 spectator
3127 1916 3191 1954 ac
3235 1908 3436 1971 mysta,

204 1990 271 2041 τὸ
306 1990 534 2052 θεοειδὲς
577 1992 818 2056 στάδιον,
856 1994 950 2046 καὶ
986 1993 1390 2062 συνδιαφερέτω
1426 1992 1517 2045 τὸν
1554 1992 1775 2059 ἀγῶνα,

207 2084 309 2136 καὶ
342 2081 710 2147 συνεξανυέτω
745 2085 845 2153 τῆς
877 2085 1158 2148 εὐσεϐείας
1199 2085 1289 2139 τὸν
1333 2086 1546 2139 δίαυλον
1579 2087 1780 2147 ἐκεῖνος

206 2177 242 2227 ὁ
269 2174 378 2227 τῶν
402 2173 714 2244 θεομύστων
740 2176 835 2229 καὶ
864 2178 1183 2246 παραδόξων
1207 2175 1530 2241 ὲποπτειῶν,
1556 2177 1647 2229 καὶ
1673 2175 1781 2228 τῶν

213 2268 339 2320 κατ’
364 2268 624 2338 οὐρανοὺς
658 2269 941 2337 δυνάμεων
973 2270 1173 2341 θεωρός
1200 2288 1258 2323 τε
1292 2272 1386 2324 καὶ
1418 2271 1657 2341 μύστης,
1690 2272 1782 2324 καὶ

211 2360 564 2429 προσκείσθω
596 2364 709 2423 τοῖς
751 2364 1224 2433 προπεπονηκόσιν
1266 2366 1343 2426 είς
1384 2364 1472 2415 τὸν
1508 2358 1655 2416 οἷκον
1685 2364 1781 2431 τῆς

213 2452 412 2520 σοφίας
430 2492 445 2515 ,
473 2452 583 2504 τῶν
609 2453 907 2521 ἐξαγίστων
935 2454 1284 2524 θριαμϐεύων
1310 2456 1368 2508 τὸ
1397 2455 1655 2518 δυσσεϐὲς
1689 2456 1783 2508 καὶ

211 2543 571 2612 παράνομον,
629 2545 777 2606 ὅπως
828 2545 960 2613 μηδὲ
1023 2548 1183 2609 αὐτὸς
1248 2547 1339 2599 τοῦ
1390 2548 1539 2599 θείου
1592 2548 1781 2600 τούτου

220 2633 481 2701 συλλόγου
543 2635 1002 2703 ἁπολιμπάνοιτο,
1067 2639 1362 2707 συνηχήσει
1420 2639 1475 2691 δὲ
1538 2640 1784 2709 καθάπερ

218 2725 489 2795 πλήκτρῳ
533 2726 611 2795 τῷ
645 2726 772 2793 θείῳ
800 2728 1124 2797 κρουόμενος
1168 2729 1478 2797 Πνεύματι.
1517 2732 1608 2782 καὶ
1650 2732 1786 2797 ἄγαν

213 2817 450 2879 ἀστείως
494 2820 601 2880 τοῖς
650 2819 889 2881 ἰσοκλεὲς
934 2818 1156 2888 λαχοῦσι
1192 2820 1251 2872 τὸ
1286 2821 1526 2893 χάρισμα
1563 2823 1788 2888 θεοξάν-

214 2925 397 2978 τορσι,
421 2910 512 2961 καὶ
544 2909 607 2977 δὴ
642 2912 735 2962 καὶ
774 2910 943 2975 λέξει·
982 2910 1126 2963 Τάδε
1156 2911 1319 2979 λέγει
1350 2914 1559 2978 Κύριος
1580 2928 1593 2942 ·
1643 2910 1789 2963 Ἰδοὺ

213 3000 339 3067 ἐγὼ
366 3000 645 3067 λαμϐάνω
668 3000 863 3053 πάντα
885 2997 1052 3054 οἶκον
1095 3000 1346 3069 Ἰσραὴλ
1374 3002 1437 3055 ἐκ
1452 3001 1644 3070 μέσου
1674 3002 1792 3057 τῶν

216 3090 438 3154 ἐθνῶν,
472 3088 542 3146 οὗ
570 3093 947 3156 είσήλθοσαν
986 3094 1130 3159 ἐκεῖ,
1170 3094 1264 3147 καῖ
1298 3094 1545 3157 συνάξω
1573 3096 1792 3161 αὐτοὺς

217 3182 345 3237 ἀπὸ
389 3183 629 3236 πάντων
660 3182 777 3236 τῶν
823 3187 1160 3251 περικύκλῳ
1195 3185 1412 3251 αὐτῶν,
1450 3187 1545 3239 καὶ
1574 3188 1793 3252 εἰσάξω

217 3273 447 3339 αὐτοὺς
484 3277 569 3339 είς
603 3275 718 3341 τὴν
748 3274 866 3343 γῆν
902 3276 1007 3329 τοῦ
1060 3276 1327 3344 Ἰσραὴλ,
1360 3277 1456 3330 καί
1486 3276 1657 3330 δώσω
1684 3280 1792 3331 αὺ-

220 3364 370 3427 τοὺς
400 3367 485 3430 εις
520 3366 694 3431 ἔθνος
723 3365 796 3433 τῇ
837 3365 913 3436 γῇ
956 3386 1110 3434 μου,
1157 3369 1253 3421 καὶ
1300 3368 1372 3420 ἐν
1415 3368 1542 3434 τοῖς
1592 3369 1796 3437 ὄρεσιν

236 3455 524 3522 Ἰσραήλ·
566 3458 645 3509 ὅτι
688 3455 786 3525 μὲν
815 3455 906 3509 οὖν
936 3453 1090 3520 οὗτος
1123 3461 1151 3511 ὁ
1182 3459 1326 3522 θεῖος
1360 3462 1642 3531 προφήτης
1678 3460 1798 3533 θείᾳ

222 3546 548 3614 κινούμενος
581 3548 788 3619 χάριτι,
829 3550 925 3618 τῆς
963 3548 1057 3602 τοῦ
1094 3552 1309 3604 πάντων
1344 3553 1594 3623 Σωτῆρος
1642 3554 1799 3623 ἡμῶν

224 3638 473 3708 Χριστοῦ
506 3642 842 3711 οἰκονομίας,
895 3643 983 3696 διά
1027 3643 1233 3695 τούτων
1284 3645 1419 3714 ἡμῖν
1470 3644 1577 3697 τῶν
1626 3644 1801 3712 λόγων

224 3729 479 3799 ἐναργῶς
505 3733 920 3803 προῦπογράφει
947 3733 1006 3786 τὸ
1032 3736 1348 3803 μυστήριον,
1375 3735 1473 3787 οὐκ
1501 3730 1652 3803 οἶμαί
1679 3752 1801 3789 τινα

225 3819 345 3871 τῶν
376 3819 495 3872 νοῦν
534 3820 762 3890 ἐχόντων
810 3823 1092 3893 ἀντερεῖν·
1126 3823 1491 3893 συμπνεύσειε
1524 3823 1633 3894 γὰρ
1677 3824 1805 3877 κάν-

226 3910 411 3963 ταῦθα
458 3914 567 3975 τοῖς
616 3914 999 3984 προειληφόσι,
1059 3917 1154 3970 καὶ
1193 3916 1367 3988 ταύτῃ
1413 3918 1545 3989 μηδὲ
1602 3916 1800 3988 πολλῆς

230 4001 451 4055 δεῐσθαι
495 4004 591 4073 τῆς
628 4004 735 4057 τῶν
774 4009 1155 4076 προκειμένων
1205 4009 1661 4076 ἀνακαθάρσεως,
1709 4009 1804 4063 καὶ

232 4094 442 4163 συχνῆς
474 4095 572 4164 τῆς
604 4096 691 4148 διὰ
737 4097 913 4163 λόγων
958 4097 1342 4162 ἀναπτύξεως,
1396 4099 1657 4154 πολλάκις
1696 4100 1807 4153 τῶν

229 4185 498 4238 τοιούτων
535 4186 630 4239 καὶ
674 4188 873 4257 ὁμοίων
909 4190 966 4239 ἐν
1006 4191 1118 4250 τοῖς
1157 4188 1468 4259 ἔμπροσθεν
1498 4189 1804 4254 διεξοδικώ-

230 4294 400 4347 τερον
423 4278 913 4348 προεξητασμένων
932 4298 943 4310 ·
966 4280 1077 4332 ἀλλ’
1103 4281 1292 4351 ἐπειδὴ
1316 4280 1492 4336 ταῦτα
1520 4283 1809 4354 ἰστορικῶς

232 4368 633 4438 ἐξειλημμένα,
662 4370 738 4441 τῷ
766 4371 904 4423 κατά
934 4375 1116 4442 σάρκα
1165 4373 1382 4444 Ἰσραὴλ
1413 4373 1807 4443 ὲφαρμόζεται,

232 4459 313 4519 ὡς
358 4456 422 4508 ἂν
477 4460 548 4535 μῄ
591 4476 734 4521 τινες
771 4459 879 4512 τῶν
916 4459 1012 4513 νῦν
1062 4461 1547 4531 παραδεδεγμένων
1579 4462 1678 4533 τὴν
1714 4461 1809 4517 τοῦ

1883 1992 2079 2061 ﬁatque
2133 1994 2555 2046 additamentum
2599 1993 2668 2048 iis
2700 2008 2821 2061 qua:
2877 2001 3036 2047 antea
3073 1992 3126 2045 in
3158 1991 3461 2060 sapientite'

1882 2086 2039 2138 domo
2067 2084 2339 2137 elaborata
2370 2085 2539 2147 fuere,
2564 2084 2738 2155 deque
2771 2085 2966 2138 horum
2997 2082 3441 2137 detestandorutn

1884 2177 2160 2245 impietate
2188 2190 2251 2230 ac
2284 2177 2520 2243 nequitia
2554 2176 2866 2243 triumphet,
2900 2183 2957 2228 ιιι
2986 2189 3051 2228 ne
3084 2174 3198 2243 ipse
3228 2172 3447 2243 quidem

1884 2268 1937 2320 in
1965 2267 2066 2319 hoc
2096 2281 2251 2320 sacro
2280 2266 2505 2336 collegio
2536 2267 2894 2330 desideretur,
2919 2266 3027 2320 imo
3058 2272 3300 2325 assonet,
3334 2262 3449 2333 ple-

1882 2368 1999 2413 ctro
2032 2358 2192 2412 veluti
2228 2368 2384 2412 utens
2416 2359 2599 2412 divino
2635 2356 2860 2428 Spiritu,
2889 2359 3126 2411 suaviter
3153 2356 3442 2410 admodum

1887 2452 2098 2503 cmtcris
2130 2467 2314 2520 parem
2344 2453 2575 2520 gratiam
2610 2451 2826 2506 sortitis
2844 2450 3055 2505 vatibus
3109 2456 3269 2516 atque
3285 2447 3449 2500 dicat.

1890 2538 2018 2594 Ha-c
2036 2542 2108 2594 ait
2140 2540 2393 2593 Dominus
2416 2557 2434 2595 :
2460 2539 2592 2593 Ecce
2619 2555 2713 2610 ego
2740 2540 2893 2608 capio
2918 2539 3213 2591 universam
3238 2535 3451 2588 domum

1894 2631 2111 2686 lsi-aclis
2149 2647 2215 2684 ea:
2270 2632 2442 2683 medio
2474 2631 2730 2698 gentium,
2792 2630 2860 2682 ad
2913 2644 3046 2696 quas
3092 2633 3361 2687 venerant,
3405 2632 3452 2674 et

1888 2724 2208 2795 congregabo
2246 2739 2334 2776 eos
2389 2739 2453 2775 ea:
2486 2725 2690 2776 cunctis
2746 2721 2986 2789 ﬁnitimis
3020 2720 3279 2789 ipsorum,
3308 2726 3356 2771 et
3398 2718 3452 2769 iu

1890 2818 2147 2884 regionem
2178 2814 2394 2867 lsraelis
2430 2815 2695 2875 reducam,
2737 2813 3033 2882 faciamque
3083 2826 3171 2865 eos
3206 2806 3457 2878 populum

1890 2911 1945 2963 in
1975 2918 2114 2961 terra
2145 2923 2257 2960 mea
2291 2917 2336 2960 et
2373 2908 2428 2959 iu
2459 2906 2720 2958 montibus
2752 2903 2972 2958 Israelis
2994 2903 3061 2955 “.
3099 2901 3248 2967 Quod
3281 2900 3460 2967 itaque
3555 2932 3576 2944 ρ,

1891 3000 2047 3054 dirus
2077 3000 2165 3053 hic
2210 2997 2493 3068 pr0plteta,
2547 2996 2729 3049 divina
2775 3001 3050 3064 permotus
3080 2993 3274 3059 gratia.
3307 3005 3458 3044 eom-

1895 3091 2072 3143 tnnnis
2127 3090 2297 3143 nostri
2342 3087 2650 3142 Servatoris
2689 3085 2890 3139 Christi
2934 3081 3322 3139 incarnationis
3369 3080 3455 3133 Itis

1896 3183 2074 3236 verbis
2126 3180 2407 3250 perspicue
2459 3177 2775 3249 mysterium
2843 3176 3141 3236 describat,
3191 3172 3461 3225 neminem

1900 3285 2077 3330 mente
2113 3275 2395 3344 praeditum
2432 3271 2898 3328 contradicturum
2930 3280 3084 3338 puto.
3136 3266 3464 3333 Conspirant

1897 3368 2039 3421 enim
2077 3381 2198 3420 cum
2222 3366 2672 3436 prmcedentibus,
2702 3376 2879 3430 neque
2905 3375 3041 3427 opus
3064 3360 3169 3412 erit
3194 3357 3356 3410 multa
3390 3356 3463 3408 rei

1899 3459 2186 3527 propositae
2228 3456 2592 3511 deelaratione
2624 3464 2676 3508 et
2703 3454 2960 3509 continua
3002 3466 3098 3521 per
3128 3458 3465 3506 commenta-

1901 3552 2012 3604 rios
2066 3548 2465 3619 explanatione,
2520 3547 2644 3617 quia
2679 3545 2845 3601 multa
2902 3544 3005 3599 alia
3062 3542 3369 3611 huiusmodi
3404 3540 3458 3594 in

1903 3642 2273 3711 superioribus
2307 3638 2551 3694 diffusius
2585 3639 2828 3708 exposita
2862 3645 3009 3693 sunt.
3044 3636 3147 3691 Sed
3187 3635 3309 3705 quia
3348 3634 3465 3687 lucc

1904 3732 2198 3788 secundum
2261 3731 2580 3787 historicum
2656 3746 2874 3786 sensum
2931 3738 3174 3797 accepta,
3265 3721 3467 3780 carnali

1905 3824 2086 3879 lsraeli
2130 3832 2451 3893 congruunt,
2477 3837 2543 3877 ne
2575 3823 2665 3890 qui
2720 3821 2861 3876 forte
2908 3835 3120 3884 eorum,
3180 3817 3271 3888 qui
3327 3831 3469 3870 nunc

1906 3914 2141 3970 Iudaica:
2196 3916 2394 3968 mentis
2447 3915 2749 3968 crassiticm
2803 3914 3155 3981 adoptarttnt,
3210 3909 3470 3963 adversus

1910 4006 2161 4074 praedicta
2202 4005 2542 4073 impudenter
2560 4018 2618 4057 se
2646 4002 2913 4064 attollant,
2945 3999 3102 4054 olllcii
3142 3998 3311 4051 nostri
3347 4010 3468 4051 esse

1901 4098 2285 4163 indicavimus,
2347 4096 2571 4165 vestigia
2635 4095 2831 4164 ubique
2887 4105 3163 4146 sacrorum
3220 4087 3472 4143 Ecclesia:

1912 4191 2292 4259 magistrorum
2336 4188 2631 4251 calcantes,
2682 4195 2871 4240 contra
2923 4185 3141 4239 insanas
3166 4180 3473 4250 stultasque

1912 4281 2220 4335 vecordium
2281 4281 2606 4347 quaestiones
2663 4281 2944 4345 insurgere
2979 4291 3043 4330 ac
3073 4276 3270 4337 dicere,
3333 4272 3473 4343 quod

1914 4372 2025 4425 lucc
2052 4371 2353 4425 umbratilia
2402 4371 2534 4441 ipsis
2587 4380 2642 4424 et
2678 4367 2978 4439 ﬁguraliter
3019 4367 3219 4434 scripta
3253 4364 3472 4418 fuerint.

1917 4463 2156 4531 Namque
2186 4464 2424 4532 etipsis
2472 4464 2666 4518 dirime
2719 4459 3084 4514 Providentiae
3124 4472 3255 4512 cura
3305 4463 3478 4509 semet

246 4549 552 4603 Ἰουδαῖκοῦ
602 4554 951 4623 φρονήματος
996 4552 1278 4623 παχύτητα
1306 4594 1319 4617 ,
1374 4555 1509 4625 πρὸς
1564 4557 1662 4626 τὴν
1704 4557 1801 4609 τῶι

1886 4562 1889 4587 ’
1918 4554 2215 4609 revelabat.
2247 4552 2461 4623 Beapse
2494 4564 2672 4607 autem
2730 4565 2964 4618 vereque
3002 4548 3117 4602 haec
3166 4547 3220 4600 in
3256 4542 3478 4598 salutari

235 4647 785 4714 προκεκηρυγμένων
835 4647 1315 4715 ἀπαναισχυντοῖεν
1380 4648 1665 4718 ἀλήθειαν,
1729 4650 1809 4714 εἰς

231 4736 366 4788 δέον
398 4735 755 4804 κεκρίκαμεν,
784 4738 842 4788 ὲν
883 4738 1015 4789 πᾶσι
1045 4738 1164 4789 κατ’
1195 4739 1337 4806 ἴχνος
1368 4738 1477 4791 τῶν
1517 4740 1680 4806 ίερῶν
1711 4741 1809 4809 τῆς

248 4824 588 4893 Ἐκκλησίας
628 4825 963 4879 διδασκάλων
1004 4826 1279 4896 βαίνοντες
1306 4870 1318 4891 ,
1354 4829 1489 4900 πρὸς
1519 4830 1618 4892 τὰς
1652 4831 1808 4900 ἀνοή-

234 4931 372 4977 τους
433 4917 527 4968 καὶ
557 4916 743 4987 μωρὰς
778 4916 886 4971 τῶν
948 4920 1220 4971 ἀσυνέτων
1255 4920 1510 4991 ζητήσεις
1579 4923 1974 4991 ἀνταναστῆναι
1999 4922 2091 4974 καὶ
2152 4921 2343 4990 φάναι,
2391 4921 2583 4989 ὅτιπερ
2629 4921 2704 4983 ὼς

1916 4646 2119 4702 Christi
2159 4645 2367 4700 Domini
2421 4646 2487 4700 ad
2533 4660 2619 4699 res
2658 4644 2925 4697 humanas
2978 4639 3303 4693 dcmissioue
3332 4650 3478 4690 cont-

1918 4738 2220 4808 plebantur.
2260 4737 2611 4791 Abundanter
2642 4736 2783 4789 enim
2816 4735 2868 4787 in
2900 4749 2997 4787 nos
3019 4746 3128 4786 suae
3156 4744 3281 4798 erga
3314 4727 3484 4782 homi-

1918 4847 2014 4885 nes
2039 4829 2381 4900 benignitatis
2410 4828 2689 4883 scatebras
2718 4825 2925 4881 ellttdil.

2782 4922 2839 4971 ὲν
2887 4919 3063 4979 σκιαῖς
3116 4916 3208 4967 καὶ
3290 4911 3480 4968 τύποις

236 5006 680 5079 προδιεγράφετο
708 5009 879 5064 ταῦτα
908 5012 1003 5063 καὶ
1035 5012 1120 5066 ἐπ’
1152 5013 1414 5076 ἐκείνοιςο
1450 5016 1545 5068 καὶ
1580 5016 1686 5085 γὰρ
1753 5017 1845 5068 καὶ
1884 5016 1970 5069 ἐπ’
2022 5017 2217 5081 αὐτοὺς
2262 5016 2329 5068 τὰ
2369 5014 2467 5084 τῆς
2517 5013 2666 5077 θείας
2706 5010 3050 5083 Κηδεμονίας
3117 5006 3477 5063 διεδείκνυτο’

234 5104 323 5175 τῷ
353 5102 468 5156 om
495 5104 548 5156 δὲ
579 5108 673 5158 καὶ
698 5110 836 5160 κατά
864 5107 1140 5177 ἀλήθειαν,
1169 5110 1262 5162 ὲπί
1328 5111 1427 5179 τῆς
1461 5112 1730 5183 σωτηρίου
1760 5111 1853 5164 τοῦ
1926 5112 2199 5164 Δεσπότου
2268 5110 2503 5181 Χριστοῦ
2586 5106 3047 5176 συγκαταϐάσεως
3124 5100 3444 5173 ἐπεραίνετο
3469 5115 3480 5127 ’

238 5200 519 5263 πλουσίως
549 5202 653 5273 γάρ
684 5202 772 5270 ἐφ’
802 5204 947 5272 ἡμᾶς
971 5204 1037 5257 τὰ
1065 5205 1165 5274 τῆς
1203 5204 1609 5276 φιλανθρωπίας
1637 5206 1801 5261 αὑτοῦ
1832 5207 2154 5279 ὑπερεξέχεε
2182 5208 2417 5279 νάματα.

317 5290 413 5343 νδ’.
429 5291 627 5359 Συνῆξε
649 5292 757 5360 γὰρ
774 5295 941 5364 ἡμᾶς,
967 5297 1211 5349 τουτέστι
1227 5297 1318 5349 τὸν
1342 5298 1530 5369 νοητὸν
1577 5300 1817 5371 Ἰσραὴλ,

240 5382 348 5437 καὶ
378 5381 480 5451 τῆς
513 5383 655 5435 κατά
685 5383 779 5435 τὸν
810 5389 1159 5458 πατριάρχην
1200 5388 1453 5460 Ἀϐραάμ
1484 5391 1817 5459 ἐπαγγελίας

240 5470 422 5526 τέκνα
456 5473 915 5542 χρηματίζοντας,
943 5477 1038 5529 καὶ
1067 5477 1413 5547 ἐλυτρώσατο
1437 5480 1584 5549 ἡμᾶς
1613 5479 1700 5532 διὰ
1724 5481 1819 5534 τοῦ

245 5562 493 5632 σταυροῦ
524 5563 687 5617 αὑτοῦ
718 5566 783 5618 ἐκ
805 5567 987 5636 χειρὸς
1016 5567 1378 5638 Ἐχθροῦ,καὶ
1406 5570 1494 5623 διὰ
1520 5571 1613 5624 τοῦ
1656 5574 1819 5641 εὐαγ-

242 5653 473 5725 γελικοῦ
507 5654 858 5725 κηρύγματος
901 5659 966 5711 ὲκ
994 5660 1101 5713 τῶν
1148 5661 1339 5733 χωρῶν
1396 5664 1692 5734 συνήγαγε,
1729 5668 1820 5719 καὶ

331 5807 380 5841 ⁸⁸
418 5808 615 5865 Ιίιιρςίι.
656 5825 861 5878 sum,
891 5814 979 5867 2|.

1987 5299 2072 5354 54.
2106 5299 2466 5369 Congregavit
2491 5299 2687 5367 quippe
2710 5311 2827 5358 nos,
2857 5296 2907 5348 id
2951 5300 3034 5347 est
3061 5286 3479 5346 intellectualem

1917 5388 2245 5457 lsraelem,et
2260 5390 2635 5461 promissionis
2648 5386 2811 5459 224
2831 5386 3144 5439 Abraltamo
3163 5378 3483 5451 patriarcha:

1919 5481 2072 5535 facta:
2100 5481 2260 5546 ﬁlios,
2299 5496 2500 5551 perque
2535 5497 2685 5536 suam
2714 5494 2931 5535 crucem
2975 5477 3040 5532 de
3076 5472 3280 5528 inimici
3315 5485 3477 5524 manu

1917 5576 2135 5643 eripuit,
2172 5585 2225 5630 et
2280 5575 2555 5646 Evangelii
2591 5573 2975 5646 praedicatione
3014 5585 3081 5625 ex
3122 5565 3355 5623 diversis
3398 5578 3485 5619 re-

1918 5668 2169 5736 gionibus
2195 5668 2433 5738 collegit,
2463 5679 2627 5737 atque
2667 5667 2719 5721 in
2748 5664 2962 5720 lsraelis
2987 5672 3154 5726 terra,
3179 5673 3298 5729 qua:
3325 5653 3486 5711 Chri»
