4198 6442
242 424 350 488 7‘5

1102 421 1668 491 APOLOGETICUS
1703 415 1850 479 PRO
1889 420 2155 481 SACRIS
2192 420 2668 488 IMAGINIDUS.

3385 429 3490 495 746

242 542 428 614 ψύχων
460 543 552 596 τοῦ
590 540 902 614 Πνεύματος
945 544 1087 598 ναῶν
1112 543 1496 613 ἐξυφήναντες,
1549 540 1608 592 οὐ
1653 537 1811 608 μέχρι
1842 539 1883 592 Α

1842 539 1883 592 Α
1915 533 2216 592 subsistunt
2240 540 2368 606 ;sed
2395 541 2506 610 jam
2542 552 2730 596 contra
2776 543 3075 599 inanimata
3102 561 3317 616 quoque
3349 557 3484 602 tem-

244 636 440 689 τούτου
475 635 711 706 ἔστησαν
730 653 742 666 ·
775 637 876 707 ἤδη
909 636 965 691 δὲ
991 637 1084 691 καὶ
1107 637 1246 690 κατά
1269 635 1379 688 τῶν
1410 634 1631 704 ἀψύχων
1648 635 1811 696 ναῶν,

245 727 406 781 θείων
435 727 480 781 δ’
507 728 677 798 ὅμως,
710 728 807 790 τὰς
846 728 1093 790 ἀνοσίους
1122 729 1310 798 χεῖρας
1343 725 1695 780 καθώπλισαν
1717 741 1729 754 ·
1763 724 1816 777 οἴ

241 835 306 885 γε
345 817 424 887 τῷ
452 818 564 870 ὄντι
585 818 745 881 ναοὺς
773 819 1066 886 δαιμονίων
1098 818 1196 881 τὰς
1228 817 1380 887 σφῶν
1415 817 1594 870 αὐτῶν
1636 816 1815 886 ψυχάς

241 907 652 974 ἀποφαίνοντες,
687 908 795 961 ἀπὸ
843 909 936 961 τοῦ
975 907 1222 974 δοξάζειν
1261 904 1501 968 εἰδώλοις
1549 905 1624 967 ὼς
1673 905 1815 965 Θεοῖς

242 1000 546 1070 προσιέναι,
581 1001 668 1054 ἴνα
718 999 996 1054 κάνταῦθα
1024 1002 1084 1054 τὸ
1131 1002 1268 1072 πρὸς
1302 999 1585 1056 εὐσέϐειαν
1627 999 1811 1061 αὐτοῖς

241 1089 607 1160 ἀκοινώνητον
641 1091 1088 1161 μαρτυρούμενον
1137 1090 1467 1160 διαφαίνοιτο
1493 1107 1505 1120 ·
1553 1088 1675 1142 οὔτε
1705 1089 1812 1157 γάρ

243 1179 496 1232 κοινωνία
534 1181 673 1249 φωτὶ
719 1181 854 1250 πρὸς
888 1181 1098 1244 σκότος,
1146 1183 1221 1244 ὡς
1258 1182 1378 1234 οὐδὲ
1411 1180 1812 1250 συγκατάθεσις

241 1271 355 1341 ναῷ
382 1270 517 1323 Θεου
551 1264 699 1341 μετᾶ
721 1271 974 1338 εἰδώλων,
1005 1276 1096 1326 καὶ
1121 1273 1261 1326 ὥστε
1296 1277 1370 1345 μὴ
1402 1277 1460 1328 ὲν
1501 1273 1680 1341 λόγοις
1713 1275 1812 1344 μό-

242 1379 333 1416 νον
363 1363 432 1415 τὰ
459 1364 554 1434 τῆς
587 1363 935 1434 βλασφημίας
961 1367 1143 1428 αὐτοῖς
1173 1366 1412 1436 ἐξέρποι,
1447 1366 1562 1418 ἀλλ’
1593 1367 1693 1436 ἤδη
1721 1366 1813 1417 καὶ

241 1457 302 1507 ἐν
334 1456 654 1526 πράγμασιν
684 1457 1037 1526 ὲξανυόμενον
1067 1459 1246 1512 αὐτῶν
1291 1460 1588 1528 καθορᾶται
1632 1459 1693 1511 τὸ
1723 1477 1814 1511 κα-

244 1547 558 1618 κούργημα,
607 1548 700 1611 καὶ
734 1550 856 1618 μηδ’
895 1550 1063 1616 ἀκοῆς
1105 1549 1264 1619 μέχρι
1317 1550 1708 1620 περιθρυλῆται
1754 1552 1811 1603 τὸ

247 1637 550 1708 δύσφημον,
583 1639 715 1690 ἀλλά
769 1641 869 1692 κάν
905 1643 1025 1703 ταῖς
1061 1641 1317 1693 ἁπάντων
1344 1641 1496 1709 ὄψεσι
1542 1641 1811 1712 βλεπόμε·

241 1746 331 1782 νον
362 1731 682 1803 προκέηται.

319 1821 377 1884 ξ’.
407 1817 535 1894 ’Δρ’
574 1818 666 1875 οὖν
697 1824 1103 1892 κατεψεύσαντο
1123 1825 1220 1893 μὲν
1252 1828 1345 1878 καὶ
1395 1827 1808 1896 κατηγόρευσαν

238 1915 339 1983 τῆς
367 1914 515 1974 θείας
570 1915 663 1966 καὶ
714 1916 1025 1986 ἀπορρήτου
1062 1916 1219 1986 δόξης
1251 1935 1308 1970 τε
1365 1920 1458 1970 καὶ
1505 1920 1808 1989 δυνάμεως,

237 2008 340 2075 τῆς
393 2022 451 2058 τε
489 2004 596 2057 τῶν
637 2004 1042 2065 θεοπνεύστων,
1097 2010 1192 2061 καὶ
1229 2009 1329 2079 τῆς
1381 2011 1488 2062 τῶν
1548 2013 1812 2079 θεολόγων

241 2097 698 2168 κατεφλυάρησαν
736 2096 1120 2165 διδασκαλιας,
1157 2101 1324 2171 δρῶσι
1362 2105 1418 2155 δὲ
1461 2097 1534 2155 ὧν
1570 2106 1812 2157 ἐκενολό-

240 2205 418 2257 γησαν
447 2191 662 2260 ἥττονα,
711 2190 744 2260 ἦ
788 2190 1087 2258 καθυφιᾶσι
1139 2196 1251 2255 τοῖς
1307 2193 1810 2264 βλασφημουμένοις

240 2282 477 2347 ἐκδεῖξαι
537 2282 914 2351 παρισούμενα
964 2282 1032 2334 τὰ
1091 2284 1462 2353 πραττόμενα,
1504 2286 1534 2356 ἢ
1582 2287 1640 2339 οὺ
1693 2287 1811 2338 λίαν

243 2371 614 2442 ὑπεραίροντα
637 2387 651 2436 ;
684 2369 756 2424 Οὔ
785 2388 884 2441 μεν
906 2369 998 2424 οῦν
1022 2387 1035 2402 ·
1059 2371 1172 2426 ἀλλ’
1198 2375 1254 2425 έν
1365 2375 1456 2426 τὸν
1485 2376 1695 2446 πατέρα
1718 2375 1809 2428 τοῦ

239 2461 472 2531 ψεύδους
500 2461 747 2516 διάϐολον
777 2462 947 2515 πάλαι
987 2463 1412 2534 ἀπολειπόμενον
1442 2466 1534 2518 καὶ
1560 2467 1808 2534 ἡττώμε-

241 2570 332 2606 νον
357 2553 619 2624 ἔγνωμεν,
673 2553 831 2607 τοῦτο
867 2554 961 2608 νῦν
996 2555 1421 2625 προστιθέμενον
1465 2557 1680 2627 ὁρῶμεν
1719 2559 1811 2609 καῖ¹

241 2643 611 2713 ὲπαυξόμενον
635 2659 650 2676 ·
688 2644 749 2697 τὸ
771 2647 902 2715 πρὶν
926 2644 1034 2717 γὰρ
1065 2647 1121 2698 ὲν
1143 2644 1318 2713 λόγοις
1349 2646 1509 2713 μόνον
1539 2645 1630 2697 τὸν
1670 2647 1812 2698 κατά

237 2737 341 2805 τῆς
376 2735 703 2806 Ἐκκλησίας
755 2736 990 2807 ἄρασθαι
1045 2737 1280 2807 πόλεμον
1303 2738 1428 2799 τοὺς
1477 2737 1810 2801 ἀσεϐοῦντας

237 2829 692 2898 παρασκευάσας,
729 2829 826 2882 καὶ
863 2829 1064 2899 μυρίας
1111 2831 1244 2893 ὅσας
1303 2829 1546 2899 αἱρέσεις
1594 2831 1651 2894 ὲν
1697 2833 1810 2894 τοῖς

237 2919 587 2988 Χριστιανοῖς
619 2919 964 2990 παρενείρας,
1002 2921 1059 2972 ὲν
1088 2919 1167 2988 τῷ
1198 2920 1290 2972 νῦν
1316 2921 1376 2973 ού
1412 2920 1588 2988 λόγοις
1625 2921 1806 2990 μόνον,

237 3008 342 3078 ήδη
367 3007 424 3061 δὲ
453 3011 713 3080 προσθεὶς
753 3011 931 3063 καὶτὸ
979 3011 1319 3082 λειπόμενον,
1354 3015 1448 3066 καὶ
1495 3014 1675 3084 ἔργοις
1711 3016 1810 3068 αὑ-

237 3102 351 3162 τοῖς
391 3101 530 3153 κατά
569 3101 678 3153 τῶν
737 3101 895 3156 θείων
938 3103 1116 3174 δόμων
1148 3106 1241 3158 καὶ
1285 3105 1393 3160 τῶν
1436 3107 1610 3160 ἄλλων
1650 3107 1808 3178 ίερῶν

1917 627 2025 696 pla,
2052 639 2106 682 et
2144 640 2324 685 tamen
2359 632 2561 697 divina,
2599 649 2787 688 manus
2819 647 3133 703 armarunt;
3162 639 3252 707 qui
3296 654 3483 694 revera

1916 716 2302 773 daemoniorum
2329 723 2524 790 templa
2551 724 2762 777 animas
2790 739 2919 781 suas
2936 742 3059 782 esse
3084 731 3482 795 demonstrant,

1915 810 2037 863 dum
2066 813 2384 867 existimant
2437 815 2501 867 ad
2537 815 2676 870 idola
2729 827 2981 886 tanquam
3045 822 3110 876 ad
3147 822 3279 878 deos
3324 838 3484 877 acce-

1914 902 2074 965 dere;
2109 910 2166 954 ut
2216 903 2265 955 id
2291 904 2454 956 etiam
2484 905 2718 971 ipsorum
2745 923 2774 960 a
2803 917 2951 962 recta
2988 909 3246 979 religione
3278 913 3487 967 aliena-

1917 990 2117 1045 tionem
2162 1001 2410 1047 testetur.
2439 993 2630 1064 Neque
2680 999 2822 1052 enim
2857 1008 2941 1054 est
2991 1003 3301 1056 communio
3351 1003 3488 1060 lucis

1915 1096 2036 1134 eum
2071 1085 2331 1148 tenebris,
2359 1102 2457 1142 nec
2485 1087 2820 1143 consortium
2855 1089 3042 1161 templi
3085 1092 3178 1149 Dei
3207 1110 3328 1148 cum
3359 1096 3481 1151 ido-

1917 1172 1998 1225 lis.
2041 1175 2190 1228 Adeo
2221 1187 2279 1228 ut
2316 1193 2425 1232 non
2455 1180 2746 1234 verborum
2789 1190 2946 1237 tenus
2980 1183 3318 1255 blasphemia
3363 1187 3486 1243 illo—

1916 1281 2030 1319 rmn
2058 1281 2259 1336 serpat,
2287 1271 2505 1338 sedjam
2537 1274 2792 1341 operibus
2817 1291 3030 1344 quoque
3065 1281 3248 1350 peragi
3285 1282 3485 1350 nequi-

1919 1361 1986 1410 lia
2028 1360 2236 1412 illm-um
2296 1375 2803 1431 spectetur;neque
2855 1371 3082 1424 auribus
3110 1375 3485 1430 tantummodo

1917 1450 2137 1504 infamia
2192 1454 2404 1507 illorum
2472 1458 2708 1520 insonet,
2753 1462 2848 1514 sed
2903 1471 2958 1515 et
3011 1466 3256 1517 omnium
3315 1467 3487 1519 oculis

1915 1544 2293 1610 Conspicienda
2322 1556 2554 1614 pt-ostet.

1981 1808 2068 1863 60.
2099 1811 2314 1879 Ergone
2345 1823 2546 1880 negant
2567 1823 2620 1869 et
2650 1815 2902 1873 incusant
2939 1817 3174 1875 divinam
3203 1839 3486 1880 arcanam-

1915 1918 2018 1970 que
2051 1904 2392 1972 majestatem
2423 1916 2583 1974 atque
2609 1910 2924 1976 potentiam,
2960 1923 3013 1968 et
3057 1924 3166 1968 tuttt
3193 1916 3482 1986 inSpirato-

1919 2011 2032 2046 rum
2086 2003 2197 2046 tum
2247 1994 2413 2048 etiam
2472 1997 2844 2067 theologorum
2879 2017 3244 2072 aspernantur
3282 2009 3485 2062 doctri-

1916 2101 2033 2145 nas,
2071 2083 2277 2142 faciunt
2328 2097 2507 2142 tamen
2561 2089 2772 2146 minora
2836 2094 3017 2160 dictis,
3056 2108 3148 2150 aut
3209 2099 3486 2170 negligant

1914 2179 2286 2232 demonstrare
2313 2181 2463 2249 paria
2489 2181 2841 2250 blasphemiis
2879 2185 3039 2251 facta,
3079 2188 3157 2242 vel
3188 2204 3291 2243 non
3320 2191 3476 2262 23],

1912 2272 2104 2336 oppido
2157 2270 2404 2340 majora?
2461 2271 2606 2328 Nihil
2664 2276 2864 2330 minus.
2900 2276 3005 2331 Sed
3062 2281 3203 2347 quod
3261 2298 3291 2336 a
3328 2294 3483 2352 patro

1914 2361 2176 2415 mendacii
2238 2363 2451 2418 diabolo
2493 2367 2755 2422 omissum
2787 2370 2935 2434 olim,
2984 2373 3064 2425 vel
3118 2383 3276 2430 tenue
3315 2377 3483 2432 fuisse

1912 2456 2136 2519 scimus,
2184 2473 2323 2512 nunc
2348 2459 2565 2512 demum
2605 2461 2882 2530 adjectum
2932 2465 3176 2520 videmus
3209 2477 3480 2522 etcumu-

1912 2547 2094 2602 latum.
2125 2548 2257 2602 Nam
2287 2565 2408 2604 cum
2445 2562 2602 2605 antea
2631 2553 2696 2605 ad
2719 2552 2916 2608 bellum
2947 2559 3476 2624 contra'Eeclesiatn,

1914 2641 2128 2694 nonnisi
2163 2641 2344 2696 verbis
2377 2643 2698 2712 gerendum,
2719 2646 2915 2715 impios
2938 2662 3332 2719 comparasset,
3359 2653 3480 2719 plu-

1915 2725 2187 2801 rimasque
2221 2731 2458 2790 haareses
2492 2737 2636 2792 inter
2686 2738 3028 2795 Christianos
3075 2746 3327 2810 seviSset,
3379 2747 3480 2802 Ιιοιε

1909 2823 2124 2878 demum
2148 2837 2389 2896 tempore
2418 2845 2522 2883 non
2553 2832 2734 2886 verbis
2756 2842 2992 2898 tantum,
3013 2837 3105 2889 sed
3131 2838 3274 2905 quod
3294 2839 3480 2893 deerat

1910 2917 2139 2984 adjecto,
2183 2917 2345 2972 factis
2398 2936 2614 2990 quoque
2666 2924 2796 2994 ipsis
2820 2933 3008 2980 contra
3063 2928 3274 2984 divinas
3331 2933 3476 2986 :edes

1910 3017 2071 3074 atque
2127 3008 2229 3062 alia
2263 3025 2416 3065 sacra
2455 3014 2678 3070 donaria
2712 3014 3032 3085 baechatur,
3059 3021 3268 3075 illorum
3314 3039 3477 3078 orna-

1911 3104 2024 3148 tum
2072 3109 2234 3166 atque
2271 3099 2612 3167 splendorem
2666 3103 3013 3173 pessumdare
3063 3111 3286 3166 studens
3331 3129 3345 3166 ;
3401 3113 3476 3167 ita

237 3193 605 3264 ἀναθημάτων
643 3194 1022 3264 ὲξεϐάκχευσε,
1075 3197 1142 3250 τά
1181 3197 1316 3268 πρὸς
1358 3198 1679 3269 καθαίρεσιν
1709 3202 1802 3256 τοῦ
1835 3218 1876 3276 c

1835 3218 1876 3276 ο
1913 3192 1968 3238 ιιι
1998 3196 2225 3255 utraque
2254 3203 2311 3240 re
2367 3190 2573 3245 malitia
2602 3192 2832 3248 istorum
2890 3208 3233 3268 coarguatur.
3273 3199 3478 3258 Furunt

239 3283 450 3353 κόσμου
481 3286 574 3338 καὶ
603 3286 703 3355 τῆς
740 3289 1073 3358 εὐπρεπείας
1105 3291 1308 3355 αὐτῶν,
1342 3293 1802 3364 κατεργάζεσθαι,

237 3376 314 3437 ὡς
332 3374 397 3429 ἂν
417 3375 486 3428 δι’
511 3377 835 3449 ἀμφοτέρων
879 3381 939 3432 τὸ
970 3382 1049 3445 είς
1083 3381 1279 3436 κακίαν
1323 3386 1618 3455 περιφανὲς
1669 3387 1804 3438 ἀπο-

239 3466 488 3536 φέροιντο
515 3483 528 3497 ⁸
557 3469 797 3541 τολμῶσι
816 3471 945 3540 γοῦν
973 3474 1020 3524 οἱ
1053 3472 1325 3541 ses-{moi
1353 3475 1492 3528 κατά
1518 3474 1624 3528 τῶν
1648 3477 1804 3548 ἱερῶν

240 3563 332 3612 καὶ
366 3560 525 3612 θείων
569 3563 757 3617 τύπων
800 3568 893 3618 καὶ
938 3566 1220 3635 συμϐόλων
1247 3568 1342 3635 τῆς
1394 3568 1659 3639 σωτηρίου
1709 3569 1803 3620 τοῦ

236 3652 372 3704 Θεοῦ
403 3654 574 3718 Λόγου
602 3657 911 3724 οἰκονομίας
934 3674 991 3709 τε
1024 3658 1116 3710 καὶ
1141 3644 1486 3725 σαρκώσεως,
1516 3661 1605 3711 καὶ
1635 3660 1724 3711 τὸν
1748 3662 1803 3711 ἐν

235 3747 351 3805 τοῖς
388 3744 562 3811 ἀγίοις
584 3748 753 3809 οίκοις
794 3747 1165 3817 ἐπιχειροῦσιν
1213 3750 1572 3817 ἀπαγλαῖζειν
1624 3751 1804 3803 διάκο-

239 3852 395 3903 σμον,
463 3837 558 3887 καὶ
611 3836 939 3905 καθαιροῦσι
990 3839 1088 3908 τῆς
1126 3841 1364 3910 ἱστορίας
1412 3841 1472 3892 τὸ
1525 3840 1699 3906 ἀγιον,
1736 3844 1803 3894 τὰ

236 3924 450 3990 σεμνῶς
474 3927 839 3994 τετυπωμένα
868 3924 1188 3988 ἀποξέοντες
1214 3926 1566 3994 ἀνοητότατα.
1612 3927 1674 3976 Ὢ
1704 3925 1803 3993 τῆς

237 4009 436 4075 μανίας
457 4009 469 4060 l
494 4007 538 4060 ὦ
570 4009 667 4075 τῆς
696 4009 898 4078 τόλμας
923 4011 1012 4062 καὶ
1047 4013 1142 4082 τῆς
1162 4010 1515 4079 ἀναισχύντου
1539 4010 1760 4079 γνώμης
1784 4011 1797 4063 l

236 4097 420 4166 Ἀπερ
447 4098 544 4167 ἤδη
575 4099 914 4168 Χριστιανῶν
943 4102 990 4152 oi
1018 4101 1392 4169 εὐσεϐέστεροι
1423 4101 1512 4153 καὶ
1539 4100 1796 4170 φιλόθεοι,

231 4187 294 4240 τὸ
317 4187 578 4241 ἀνέκαθεν
605 4189 765 4254 ἱερεῖς
783 4207 860 4251 τε,
882 4189 1046 4258 φημὶ,
1065 4191 1157 4242 καὶ
1187 4190 1447 4258 βασιλεῖς.
1471 4190 1584 4242 ὅσοι
1605 4206 1661 4241 τε
1690 4189 1798 4241 τῶν

232 4281 293 4330 ἐν
323 4280 483 4338 τέλει.
521 4280 613 4331 καὶ
647 4281 752 4332 τῶν
785 4279 958 4333 ἄλλων
985 4279 1033 4332 οἳ
1074 4282 1199 4348 περὶ
1231 4281 1329 4351 τὴν
1361 4280 1644 4333 εὐσέϐειαν
1676 4280 1797 4347 θερ-

235 4370 453 4440 μότεροί
483 4388 540 4423 τε
568 4374 660 4424 καὶ
691 4372 1111 4440 σπουδαιότεροι,
1138 4372 1382 4442 διαπύρῳ
1417 4372 1566 4442 πόοῳ
1589 4373 1681 4424 καὶ
1709 4371 1798 4422 πί-

231 4479 348 4515 στει
387 4463 560 4533 θερμῇ
591 4467 655 4532 τῇ
703 4464 780 4524 είς
813 4465 1043 4532 Χριστὸν
1095 4465 1185 4516 καὶ
1236 4465 1360 4526 τοὺς
1409 4465 1596 4530 ἁγίους
1628 4481 1794 4516 κατα-

1916 3274 2079 3343 igitur
2109 3277 2162 3328 hi
2189 3277 2406 3331 nefandi
2431 3290 2624 3335 contra
2653 3297 2837 3338 sacros
2864 3286 3187 3357 divinosque
3219 3299 3371 3362 typos
3413 3308 3480 3348 ac

1914 3365 2156 3432 symbola
2189 3366 2440 3421 salutaris
2476 3367 2566 3422 Dei
2600 3368 2756 3424 Verbi
2788 3378 3105 3430 meonomize
3136 3387 3188 3432 et
3225 3380 3478 3436 incarna-

1915 3457 2094 3519 tionis,
2120 3467 2172 3510 et
2198 3473 2353 3511 sacra
2392 3459 2442 3512 in
2491 3461 2702 3529 templis
2736 3478 3050 3520 ornamenta
3093 3471 3348 3526 nituntur
3385 3475 3478 3531 de-

1914 3557 2150 3615 turpare,
2185 3552 2476 3618 impressas
2512 3551 2564 3605 in
2605 3552 2762 3608 altari
2799 3556 3052 3610 historias
3082 3560 3284 3628 delent,
3334 3566 3478 3619 scul-

1913 3640 2058 3706 ptilia
2080 3651 2263 3695 sancta
2289 3642 2604 3698 stultissime
2631 3646 2920 3701 abradunt.
2940 3647 2985 3705 0
3006 3649 3275 3708 furorem!
3315 3672 3348 3708 ο
3377 3675 3474 3712 au-

1910 3731 2118 3783 daciam
2169 3741 2223 3785 et
2283 3734 2648 3800 impudentem
2698 3739 2866 3792 animi
2925 3745 3283 3800 sententiain!
3330 3749 3475 3814 Quas

1915 3821 2353 3877 Christianorqu
2373 3827 2693 3894 pientissimi
2723 3839 2776 3882 et
2793 3830 3204 3900 religiosissimi,
3225 3840 3472 3906 Superio-

1913 3929 2024 3978 res,
2059 3916 2301 3982 inquam,
2341 3921 2652 3974 sacerdotes
2681 3935 2741 3974 ac
2763 3937 2934 3990 reges,
2975 3935 3030 3980 et
3051 3929 3358 3998 quicunque
3388 3933 3474 3985 di-

1910 4007 2115 4072 gnitate
2147 4006 2444 4072 fulgebant,
2479 4013 2766 4080 caeterique
2805 4026 3065 4084 quotquot
3100 4018 3297 4085 pietate
3364 4022 3472 4073 fer-

1913 4097 2179 4150 ventiores
2234 4109 2389 4152 erant
2420 4111 2474 4153 et
2504 4105 2878 4171 studiosiores,
2929 4107 3256 4163 inflammato
3286 4126 3471 4168 amore

1909 4189 2192 4258 calidaque
2253 4191 2305 4242 in
2356 4193 2629 4246 Christum
2688 4196 2790 4248 fide
2842 4207 3162 4265 sanctosque
3199 4206 3466 4269 succensi,

1905 4280 2254 4332 elaborarunt
2290 4290 2455 4349 atque
2488 4282 2728 4336 historiis
2752 4296 3034 4351 ornarunt,
3075 4293 3464 4360 imagunculae,

1904 4372 2143 4438 inquam,
2171 4374 2285 4439 pias
2312 4387 2625 4441 sacrasque.
2658 4387 2707 4427 et
2731 4379 2972 4430 omnium
3008 4381 3116 4434 Deo
3151 4383 3200 4433 iu
3226 4367 3465 4438 delubris

1905 4481 1931 4513 ει
1965 4481 2020 4518 se
2046 4465 2326 4519 mdilieatis
2365 4479 2729 4541 sculpserunt,
2769 4481 2923 4537 prout
2944 4473 3080 4525 ratio
3110 4477 3365 4546 cujusque
3390 4481 3465 4532 rei

231 4555 594 4623 φλεγόμενοι,
660 4555 1068 4624 ἑκπεπονήκασί
1131 4573 1187 4608 τε
1245 4559 1339 4608 καὶ
1393 4555 1752 4625 ἀνιστόρησαν
1827 4565 1870 4618 1)

1827 4565 1870 4618 D
1905 4571 2297 4628 reprmsentatae
2323 4562 2556 4628 ferebat,
2593 4566 2697 4616 non
2732 4563 3154 4631 perhorrescunt
3183 4567 3233 4620 bi
3279 4571 3461 4624 miseri

229 4645 521 4715 ἀγάλματα
557 4648 673 4699 θεῖα
701 4649 796 4700 καὶ
834 4647 971 4716 ίερά,
1005 4649 1061 4698 ὲν
1097 4642 1178 4708 οἷς
1202 4646 1527 4716 καθίδρυσαν
1571 4645 1646 4715 τῷ
1677 4645 1793 4714 Θεῷ

229 4737 342 4790 τῶν
371 4737 507 4789 ὅλων
539 4740 722 4804 σηκοῖς
743 4737 1202 4806 ὲντυπωσάμενοι,
1229 4736 1346 4788 καθ’
1376 4736 1403 4788 ὃ
1425 4737 1654 4789 ἑκάστου
1684 4736 1792 4788 τῶν

230 4825 590 4895 τυπουμένων
627 4828 654 4878 ὁ
702 4827 860 4894 λόγος
911 4827 1196 4890 ἐπέϐαλεν,
1248 4828 1308 4880 οὐ
1349 4827 1663 4897 φρίττουσιν
1701 4829 1793 4879 ἀν-

230 4917 480 4987 ορύττειν
512 4919 603 4970 καὶ
649 4918 1007 4981 καταπαίζειν
1041 4920 1089 4970 οἱ
1118 4918 1372 4972 δείλαιοι·
1404 4918 1503 4971 κᾶν
1532 4917 1792 4988 ἡπείθησέ

227 5025 313 5070 τις
353 5008 534 5070 αὐτοῖς
561 5007 644 5076 ἐφ’
668 5003 748 5070 οἷς
781 5007 961 5072 κακῶς
1001 5011 1091 5063 καὶ
1120 5009 1292 5073 ἀθέως
1324 5009 1622 5074 δοξάζουσι,
1661 5010 1795 5078 πρὸς

225 5101 288 5153 τὸ
312 5101 520 5170 ἀπηχὲς
548 5102 639 5153 καὶ
669 5099 1080 5171 δυσφορώτατον
1120 5100 1449 5170 σχετλιάζων
1481 5100 1572 5154 τοῦ
1611 5101 1789 5167 λόγου,

225 5193 276 5246 εί
311 5193 386 5264 μὴ
423 5194 572 5246 ἀθεεὶ
601 5193 1028 5264 αὐτουργοῦντας
1058 5195 1123 5247 τὰ
1169 5194 1389 5247 τοιαῦτα
1423 5194 1565 5264 ἐώρα
1589 5212 1600 5224 ’
1651 5193 1789 5246 ὥστε

225 5285 426 5346 αὐτοὺς
457 5287 534 5346 είς
569 5285 856 5354 βεϐαίωσιν
887 5286 992 5338 τῶν
1024 5287 1279 5356 ἀθέσμως
1325 5287 1651 5355 λεγομένων,
1683 5287 1791 5339 τῶν

224 5376 522 5446 δρωμένων
548 5378 689 5446 ἔχειν
717 5377 776 5430 τὸ
825 5377 1166 5448 παράνομονο
1209 5376 1325 5440 πῶς
1371 5377 1480 5449 γὰρ
1508 5378 1606 5429 οὐκ
1643 5378 1792 5444 ἐλέγ-

225 5488 415 5541 χονται
469 5471 720 5542 φανερῶς
779 5472 855 5542 τῷ
913 5473 1024 5526 δντι
1071 5471 1792 5543 είδωλολατροῦντες;ἀναι-

229 5564 471 5632 σχύντως
498 5565 671 5629 οὕτως
697 5567 837 5620 κατά
865 5566 974 5619 τῶν
1003 5565 1094 5619 τοῦ
1140 5565 1274 5620 Θεοῦ
1321 5566 1486 5620 οἴκων
1511 5566 1792 5635 ὲπιμαινό-

226 5671 408 5725 μενοι,
459 5656 532 5719 ὡς
591 5659 750 5728 ἑτέρα
810 5658 1076 5728 θρησκείᾳ
1125 5658 1643 5728 μυσταγωγούμενοι
1701 5660 1793 5710 καὶ

221 5746 564 5817 τελούμενοι,
595 5750 626 5819 ἢ
659 5750 741 5812 τίς
768 5750 899 5802 ποτέ
928 5752 1095 5810 ἐστιν,
1155 5751 1307 5802 αὐτοὶ
1343 5751 1535 5802 εἰδεῖεν
1566 5750 1650 5813 ἂν,
1699 5753 1790 5802 καὶ

221 5839 321 5894 τὸν
354 5838 557 5910 Κύριον
585 5841 741 5908 ἡμῶν
809 5840 1012 5910 Ἰησοῦν
1068 5842 1305 5911 Χριστὶν
1334 5842 1425 5895 τὸν
1454 5842 1541 5894 ἐπὶ
1576 5843 1787 5896 πάντων

544 5933 811 5993 I‘amoL.
845 5935 956 5994 Gtt.
1017 5935 1078 5993 C.

1899 4651 2183 4706 subfodere
2230 4662 2281 4706 et
2308 4653 2554 4707 illudere.
2594 4651 2655 4708 Et
2685 4654 2772 4706 vix
2806 4657 3089 4725 quisquam
3121 4673 3311 4726 pravas
3341 4675 3461 4716 esse

1903 4753 2181 4810 tantopere
2215 4742 2513 4811 impiasque
2564 4743 2774 4796 illorum
2807 4744 3089 4812 Opiniones
3129 4748 3463 4811 crederet,et

1898 4834 2295 4887 intolerabilem
2341 4835 2517 4901 potius
2555 4833 2837 4888 verborum
2865 4836 3058 4902 quibus
3090 4849 3311 4891 utuntur
3339 4854 3461 4908 pra.

1897 4929 2112 4978 vitatem
2172 4937 2536 4990 aversaretur,
2580 4927 2680 4979 nisi
2738 4927 2852 4994 ipso
2890 4942 3050 4996 opere
3093 4930 3203 4984 haec
3254 4933 3456 4988 scelera

1898 5027 2176 5086 patrautes
2204 5028 2485 5081 cerneret;
2524 5019 2666 5071 unde
2711 5019 2958 5086 sequitur
3006 5029 3062 5071 ut
3109 5021 3142 5074 ii
3173 5022 3457 5075 verborum

1897 5108 2246 5162 nefandorum
2285 5115 2474 5162 testem
2512 5109 2744 5163 habeant
2767 5125 2987 5177 operum
3033 5112 3456 5179 improbitatem.

1895 5202 2089 5266 Quidni
2134 5202 2275 5252 enim
2331 5202 2610 5254 evidenter
2652 5203 3048 5254 convincuntur
3093 5205 3460 5258 esseidololao

1897 5291 2028 5346 true?
2061 5293 2183 5344 dum
2217 5292 2288 5344 ita
2319 5293 2660 5359 impmlenter
2684 5301 2870 5344 contra
2903 5292 2993 5344 Dei
3028 5295 3223 5360 templa
3249 5295 3454 5356 furum,

1895 5387 2045 5454 quasi
2088 5385 2186 5453 ipsi
2242 5384 2398 5437 alteri
2429 5384 2672 5452 religioni
2725 5387 2834 5437 sint
2867 5385 3088 5450 initiati,
3121 5385 3226 5439 imo
3257 5401 3456 5439 conse-

1895 5477 2051 5536 erati,
2082 5491 2200 5543 qua-
2258 5475 2554 5542 cujusmodi
2613 5476 2682 5530 sit
2729 5477 2827 5546 ipsi
2877 5479 3166 5542 neverint;
3207 5487 3258 5530 et
3299 5476 3454 5545 quasi

1897 5565 2177 5619 Dominum
2258 5577 2500 5620 nostrum
2555 5564 2739 5622 Jesutn
2801 5567 3072 5622 Christum
3141 5583 3453 5636 supremum

1893 5658 2058 5712 Detnn
2085 5657 2488 5726 ulmegaverint,
2519 5669 2575 5712 ut
2610 5674 2674 5713 ex
2705 5661 2788 5714 his
2823 5659 3209 5728 consequentia
3269 5657 3453 5711 existi-

1893 5765 2038 5803 mare
2062 5750 2281 5802 suadent
2314 5765 2328 5813 ;
2359 5751 2510 5817 quasi
2534 5751 2764 5819 denique
2790 5750 2988 5804 frustra
3017 5749 3450 5805 Christianorum

1893 5859 2088 5898 nomen
2145 5841 2459 5896 retineant:
2516 5841 2745 5896 falsitate
2777 5844 2916 5898 enim
2971 5843 3296 5910 innituntur,
3338 5838 3448 5896 sola

3099 5941 3183 6000 24,
