4198 6442
283 390 394 460 ’149

1136 386 1703 453 APOLOGETICUS
1736 386 1887 450 PRO
1925 383 2188 450 SACRIS
2227 384 2705 451 IMAGINIBUS.

3406 388 3511 456 750

287 500 385 555 καὶ
409 497 548 571 λήθη
577 496 655 571 τῷ
687 496 864 571 χρόνῳ
889 494 1220 552 ἐπιλαϐοῦσα
1238 496 1314 560 ὡς
1346 496 1414 550 τὰ
1442 495 1611 551 πολλά
1633 493 1848 560 διέκοψέ
1879 504 1928 560 Α

1879 504 1928 560 Α
1957 496 2117 552 ducta
2148 496 2465 568 plerumque
2496 497 2769 568 intercipit
2790 508 2844 554 et
2871 500 3164 569 obscurat;
3190 514 3309 571 qua:
3334 514 3511 559 autem

291 608 409 658 πως
433 594 527 644 καὶ
559 589 965 663 ἀπημαύρωσε,
994 590 1063 644 τὰ
1088 589 1147 643 δὲ
1196 588 1287 642 ὑπ’
1325 586 1450 658 δψιν
1498 586 1851 659 προκείμενα,

290 684 665 753 μονιμώτερον
689 681 894 751 μᾶλλον
917 683 1038 745 ταῖς
1066 680 1265 751 ψυχαῖς
1294 677 1706 748 ἐνσημαίνεται,
1758 677 1854 730 καὶ

287 774 403 836 τοῖς
438 772 758 843 παθητικοῖς
796 771 986 843 μέρεσι
1018 773 1137 834 ταῖς
1189 769 1507 841 ἀντιλήψεσι
1526 768 1635 823 τῶν
1663 768 1855 838 αἰσθη-

288 864 399 918 τῶν
428 863 857 933 ἐναποτιθέμενα
880 880 892 893 ·
911 863 1005 917 καὶ
1027 861 1107 916 ῑτι
1136 862 1227 915 ἐπὶ
1250 860 1409 916 πλέον
1424 859 1593 914 ταῦτα
1610 860 1853 923 ἐκείνων,

286 955 371 1009 ὃτι
399 955 493 1009 καὶ
524 956 719 1024 σοφοὺς
770 956 866 1009 καὶ
918 954 1133 1018 ἰδιώτας
1189 952 1661 1024 χειραγωγοῦντα,
1703 952 1856 1003 οὐδὲν

286 1041 452 1116 ἦττον
496 1046 702 1116 ὀνίνησι
728 1062 741 1076 ο
772 1045 867 1098 καὶ
895 1046 929 1116 ἢ
975 1063 1058 1108 τις
1110 1045 1399 1115 ἀγροικίας
1430 1043 1464 1114 ἢ
1508 1043 1855 1113 ἀστειότητος

288 1141 426 1212 εχει,
456 1140 657 1209 ὁμοίως
714 1137 927 1209 μεθέξει
958 1141 1057 1209 τῆς
1099 1135 1389 1206 γνὼσεως’
1425 1137 1520 1188 καὶ
1571 1137 1652 1187 ὅτι
1694 1133 1857 1185 πλέον

289 1231 602 1299 εἰσάγουσιν
638 1230 728 1281 ἐπὶ
768 1229 829 1282 τὸ
878 1230 1173 1299 μυστήριον
1204 1227 1303 1295 τῆς
1345 1225 1727 1296 φιλανθρώπου
1762 1222 1855 1277 τοῦ

292 1322 543 1392 Σωτῆρος
576 1319 733 1391 ἡμῶν
780 1318 1237 1388 συγκαταϐάσεως
1258 1333 1273 1348 ο
1314 1317 1570 1378 πολλάκις
1602 1316 1732 1383 γοῦν
1769 1316 1857 1368 τὸν

289 1414 545 1481 ἄγροικον
566 1411 849 1480 διαφεύγει
870 1410 938 1463 τά
963 1410 1061 1480 τῆς
1109 1408 1487 1476 ἀναγνώσεως,
1520 1406 1857 1469 παιδεύσεως

1956 588 2090 642 visui
2117 598 2242 643 sunt
2271 589 2502 655 objecta,
2530 605 2593 643 ea
2619 589 2866 646 stabilius
2893 591 3087 648 animis
3108 591 3511 662 imprimuntur,

1955 679 2078 748 quia
2143 681 2207 734 ad
2264 682 2561 749 patheticas
2611 691 2795 752 partes
2833 684 3213 750 adjuvantibus
3264 686 3515 743 sensibus

1958 772 2419 826 transmittuntur.
2478 772 2745 828 Prtetcrea
2801 776 2914 829 hinc
2968 775 3074 831 illis
3125 775 3245 847 plus
3294 778 3513 842 habent,

1956 861 2096 927 quod
2181 862 2447 929 sapientes
2500 863 2660 918 simul
2743 875 2799 919 et
2842 865 3067 921 'idiotas
3150 869 3515 937 pereellendn,

1956 964 2107 1019 seque
2129 953 2380 1006 omnibus
2415 964 2673 1021 prosunt;
2718 965 2772 1009 et
2811 957 2923 1011 sive
2956 959 3079 1025 quis
3121 961 3352 1017 rusticus
3404 962 3520 1016 sive

1958 1041 2214 1106 urbanus,
2247 1058 2432 1111 parem
2470 1045 2717 1099 notitiam
2759 1050 3071 1117 participat.
3107 1048 3268 1103 Certe
3306 1051 3418 1110 hac
3449 1052 3518 1105 ad

1958 1132 2178 1206 benigni
2230 1133 2545 1190 Servatoris
2596 1138 2770 1189 nostri
2828 1136 3150 1192 humilitatis
3199 1133 3516 1213 mysterium

1960 1226 2129 1295 magis
2161 1225 2441 1293 magisque
2481 1226 2793 1281 admovent.
2829 1228 3039 1299 Quippe
3077 1232 3243 1287 rudes
3272 1234 3520 1291 homines

1959 1325 2098 1379 strpe
2122 1322 2451 1378 prmtereunt
2478 1312 2760 1379 lectiones,
2801 1317 2925 1386 quia
2956 1329 3145 1373 carent
3192 1324 3518 1388 eruditione.

1958 1414 2012 1456 et
2052 1402 2355 1457 litterarum
2397 1417 2519 1458 sunt
2543 1416 2815 1476 expertes.
2850 1410 3002 1463 Sient
3028 1428 3157 1483 ergo
3194 1415 3380 1468 audito
3402 1432 3522 1471 scr-

1961 1507 2142 1558 mune,
2178 1494 2318 1547 haud
2348 1496 2561 1549 anrimn
2589 1507 2745 1551 tenus
2776 1500 3078 1556 auditarum
3114 1518 3295 1559 rerum
3337 1506 3417 1561 vis
3444 1509 3522 1565 si-

1961 1590 2076 1643 stit.
2102 1590 2193 1643 sed
2213 1591 2481 1644 dictorum
2509 1591 2839 1661 signiﬁcatio
2866 1595 2918 1649 in
2937 1606 3090 1651 actus
3116 1600 3334 1669 prodire
3358 1602 3487 1658 facit
3505 1645 3521 1667 ,

288 1521 348 1557 τε
384 1505 514 1557 δντα
542 1502 720 1566 ἐκτὸς,
749 1502 843 1555 καὶ
893 1501 972 1571 τῷ
1020 1495 1158 1553 εἶναι
1201 1499 1544 1570 γραμμάτων
1581 1496 1853 1567 ἀμύητον·

289 1598 365 1661 ὡς
386 1594 479 1648 οὖν
506 1596 598 1648 ἐπὶ
628 1594 724 1648 τού
756 1592 1108 1665 ἀκροωμένου
1137 1590 1229 1643 τοῦ
1254 1590 1435 1657 λόγου,
1466 1590 1565 1641 οὐκ
1603 1589 1730 1659 ἄχρι
1756 1588 1857 1657 τῆς

302 1687 474 1756 ἀκοῆς
513 1686 909 1758 περιγράφεται
967 1684 1073 1736 τῶν
1106 1682 1532 1753 ἐκφωνουμὲνων
1570 1681 1858 1753 ἠδύναμις

1964 1678 2033 1731 ita
2063 1681 2225 1734 etiam
2256 1691 2512 1750 spectata:
2563 1682 2614 1737 in
2650 1685 2879 1754 picturis
2926 1688 3183 1755 historiae,
3214 1692 3351 1747 haud
3381 1710 3432 1747 tn
3469 1695 3547 1748 vi-

301 1777 543 1847 (πρόεισι
572 1777 680 1847 γὰρ
730 1777 820 1828 ἐπὶ
846 1776 914 1826 τά
966 1774 1265 1844 πράγματα
1305 1773 1705 1842 μεταϐαίνουσα
1749 1770 1859 1822 τῶν

1962 1772 2159 1825 visnali
2181 1781 2391 1825 tantum
2452 1784 2806 1842 permanent;
2863 1780 2955 1832 sed
3008 1781 3266 1837 transfert
3300 1800 3423 1840 mos
3471 1797 3527 1839 et

289 1868 604 1939 λεγομένων
635 1864 1145 1937 ἡδή).ωσις),οὔτως
1173 1865 1292 1917 οὐδὲ
1321 1865 1412 1916 ἐπὶ
1438 1864 1544 1915 τῶν
1572 1862 1860 1930 θεωμένων
1897 1854 1933 1907 Β

1897 1854 1933 1907 Β
1966 1861 2280 1914 mamtducit
2312 1874 2731 1929 conspectarum
2782 1881 2959 1921 rerum
3005 1869 3240 1936 obiectio
3289 1885 3524 1933 mentem

288 1961 361 2014 τὰ
396 1960 774 2031 ἱστορούμενα,
822 1958 983 2030 μέχρι
1012 1959 1111 2028 τῆς
1146 1958 1409 2027 όρατικῆς
1448 1957 1728 2026 δυνάμεως
1761 1957 1858 2018 τὰς

1960 1953 2275 2020 aspicientis
2305 1953 2370 2006 ad
2421 1953 2737 2009 sublimiora
2782 1968 2835 2011 et
2883 1959 3229 2028 principalia,
3256 1977 3373 2029 qum
3416 1980 3522 2021 non

290 2050 443 2119 ϐψεις
476 2051 687 2119 ἵστησι·
723 2050 1000 2119 μετήγαγε
1048 2048 1156 2118 γάρ
1186 2047 1219 2117 ἢ
1253 2047 1531 2117 ἀνήγαγεν
1561 2047 1721 2110 εὐθὺς
1755 2047 1861 2099 τῶν

290 2141 636 2212 φαινομένων
666 2141 698 2210 ἡ
729 2140 968 2205 ἔντευξις
1014 2138 1108 2192 τοῦ
1143 2138 1563 2209 ἐντυγχάνοντος
1607 2138 1697 2190 τὸν
1737 2140 1862 2189 νοῦν

291 2234 387 2287 ἐπὶ
407 2235 474 2287 τὰ
498 2234 867 2305 ὑπερκείμενα
891 2232 922 2304 ἢ
956 2232 1362 2303 προηγούμενα,
1394 2233 1452 2284 οὐ
1481 2229 1863 2300 συγχωροῦντα

289 2327 405 2385 τοῖς
433 2325 726 2395 συμϐόλοῖς
774 2325 875 2395 τὴν
916 2324 1065 2396 ίεράν
1119 2323 1479 2378 ἐναναπαύειν
1540 2323 1855 2392 ἐνέργειαν·

295 2417 405 2470 ἀπὸ
424 2417 480 2471 δέ
503 2417 612 2471 τῶν
645 2416 920 2484 αἰσθητῶν
946 2418 1151 2470 τούτων
1172 2418 1267 2468 καὶ
1302 2414 1576 2483 συγγενῶν
1607 2415 1700 2467 καὶ
1732 2431 1858 2466 συν⁶

292 2512 531 2581 τρόφων,
591 2513 683 2565 ἐπὶ
721 2513 791 2565 τὰ
842 2510 1111 2581 νοούμενα
1144 2510 1239 2563 καὶ
1267 2508 1363 2561 ἀπ’
1398 2506 1577 2561 αὐτῶν
1610 2506 1856 2576 παραδη-

292 2605 551 2674 λούμενα,
589 2605 897 2676 προάγοντα
932 2604 964 2674 ἢ
995 2604 1338 2674 ἀναφέροντα
1361 2619 1373 2631 ·
1402 2600 1482 2653 διὸ
1510 2599 1599 2652 καὶ
1620 2598 1693 2661 ὼς
1720 2599 1859 2651 αὑτά

294 2713 381 2759 τις
416 2695 620 2767 ἐνορῶν
648 2696 718 2747 τὰ
752 2693 1072 2765 πράγματα,
1114 2691 1202 2744 διὰ
1234 2691 1438 2745 τούτων
1467 2688 1858 2759 προσεπεκτεί-

292 2803 465 2851 νεται,
498 2786 591 2839 καὶ
616 2786 691 2849 ὡς
719 2785 953 2857 παροῦσι
981 2784 1068 2837 διὰ
1085 2783 1193 2835 τῶν
1211 2781 1497 2852 συμϐόλων
1520 2780 1854 2847 συγγίνεται,

1961 2044 2147 2096 sinunt
2180 2045 2230 2097 in
2293 2045 2557 2115 symbolis
2611 2062 2822 2101 sacram
2879 2050 3147 2105 demorari
3187 2050 3521 2115 ctilcaciam;

1962 2137 2054 2188 sed
2086 2154 2111 2185 ιι
2150 2136 2500 2191 sensibilibus
2522 2138 2606 2191 his
2634 2149 2685 2192 et
2709 2140 3050 2196 naturalibus
3080 2158 3142 2198 ac
3168 2146 3527 2213 quntidiauis,

1963 2231 2028 2278 at
2078 2227 2462 2280 intellecmalia
2499 2228 2567 2281 ab
2619 2228 2749 2297 ipsis
2801 2230 3142 2287 manifestata
3177 2236 3451 2293 deducunt
3473 2251 3528 2298 et

1965 2316 2273 2370 conferunt.
2306 2317 2486 2383 Quare
2517 2316 2677 2371 homo
2712 2320 2850 2372 haud
2880 2335 3038 2376 secus
3070 2338 3230 2392 quam
3260 2327 3305 2380 si
3338 2342 3421 2381 res
3450 2329 3527 2396 ip-

1964 2424 2053 2460 Sus
2078 2415 2372 2475 spectaret,
2394 2410 2460 2460 ab
2485 2409 2568 2463 his
2594 2411 2914 2478 attrahitur,
2942 2422 2995 2467 et
3023 2422 3274 2484 tauquam
3295 2432 3528 2485 [πρευμ-

1964 2498 2105 2551 tibus
2137 2513 2231 2566 per
2254 2499 2496 2569 symbola
2529 2501 2703 2566 adest,
2746 2511 2800 2556 et
2831 2507 3235 2575 compungitur,
3269 2518 3431 2577 atque
3460 2512 3525 2566 ad

1960 2590 2261 2644 bonitatem
2293 2590 2608 2656 inﬂectitur,
2636 2604 2692 2648 et
2724 2596 2996 2652 suavitate
3017 2598 3277 2668 repletur,
3294 2610 3348 2654 et
3372 2617 3524 2656 suam

1963 2682 2198 2735 animam
2230 2693 2461 2748 recreat,
2506 2685 2806 2755 meliusque
2835 2703 2997 2757 quam
3050 2701 3210 2745 antea
3239 2700 3294 2747 et
3328 2692 3527 2748 habere

1962 2791 2021 2828 se
2052 2776 2328 2830 existimat
2361 2787 2415 2831 et
2450 2791 2573 2832 esse
2609 2777 2886 2835 affectum.

295 2878 394 2931 καὶ
439 2874 830 2930 κατανύττεται
891 2874 986 2927 καὶ
1061 2870 1425 2939 ἀγαθύνεται,
1476 2870 1568 2922 καὶ
1622 2867 1887 2937 θυμηδίας
1929 2865 2335 2953 ἐμπίμπλαται,
2398 2868 2493 2920 καὶ
2567 2869 2969 2940 παρακαλεῖται
3022 2874 3123 2945 τὴν
3172 2880 3372 2951 ψυχὴν,
3432 2881 3528 2935 καὶ.

296 2966 604 3036 κρείττονος
634 2963 668 3035 ἢ
705 2964 831 3034 πρὶν
855 2962 1024 3015 οἴεται
1054 2956 1191 3012 εἶναι
1220 2958 1385 3026 ἕξεως
1416 2975 1474 3010 τε
1513 2958 1607 3010 καὶ
1648 2956 2057 3015 καταστάσεως.

372 3058 471 3127 ξγ¹.
513 3059 606 3121 Et;
654 3057 979 3129 συνηγορίαν
1027 3050 1120 3109 οὖν
1154 3054 1248 3107 τοῦ
1298 3051 1656 3121 εὐαγγελικοῦ
1698 3052 1856 3119 λόγου

2033 3052 2126 3106 63.
2164 3052 2289 3107 llaec
2318 3069 2408 3107 ars
2438 3054 2623 3124 itaque
2652 3056 2719 3108 ad
2750 3058 3079 3126 evangelica:
3114 3062 3373 3118 doctrina:
3402 3069 3531 3119 sub-

291 3152 361 3206 τδ
384 3150 445 3216 ἐξ
472 3151 644 3222 ἀρχῆς
674 3148 1028 3219 παραδέδοται
1054 3187 1069 3211 ,
1101 3145 1196 3200 καὶ
1230 3146 1380 3213 παρὰ
1422 3144 1531 3198 τῶν
1563 3145 1659 3213 τῆς
1693 3143 1862 3211 αὐτῆς
1889 3169 1931 3224 c

1889 3169 1931 3224 ο
1966 3141 2161 3195 sidinm
2199 3142 2337 3210 jam.
2364 3143 2490 3199 inde
2522 3146 2588 3200 ab
2648 3146 2802 3201 initio
2833 3150 3030 3204 tradita
3064 3152 3164 3205 fuit
3192 3154 3261 3207 ab
3287 3154 3526 3223 ejusdem

297 3242 595 3314 θρησκείας
626 3241 720 3295 καὶ
748 3240 1003 3302 πίστεως,
1022 3235 1381 3308 Χριστιανῶν,
1411 3236 1573 3306 φημὶ,
1598 3234 1738 3286 οὕτω
1758 3233 1857 3299 τῆς

298 3336 450 3397 θείας
497 3331 928 3402 οίκονομησάσης
985 3329 1269 3388 ἐπιπνοίας
1317 3328 1411 3380 καλ⁸
1464 3327 1716 3396 χάριτος,
1776 3324 1858 3375 ἵνα

298 3427 560 3496 ἑκάτερον
595 3425 683 3479 διά
720 3423 950 3493 θατέρου
984 3420 1299 3490 συνιστῆται
1329 3418 1731 3490 βεϐαιούμενον·
1764 3416 1859 3469 ἁλ-

297 3517 478 3588 λήλων
506 3514 615 3587 γὰρ
639 3513 870 3585 ἐχοντῖμι,
904 3514 998 3565 καὶ
1025 3512 1099 3575 ὡς
1126 3513 1188 3565 ἐκ
1222 3512 1350 3582 μιᾶς
1373 3510 1547 3581 ἀρχῆς
1582 3508 1858 3578 προῖόντα,

296 3610 361 3661 τὸ
387 3609 514 3678 παρ’
540 3607 751 3667 ἑαυτοῖς
775 3605 1029 3658 ἑκάστοτε
1058 3603 1324 3673 χρήσιμόν
1353 3619 1411 3654 τε
1452 3601 1545 3654 καὶ
1584 3598 1861 3666 ἐπωφελὲς

299 3698 725 3771 παριστάνουσιν
744 3712 758 3727 ·
782 3694 957 3749 ἔοικεν
983 3689 1074 3747 οὖν
1105 3693 1223 3746 κατ’
1248 3692 1399 3746 οὐδὲν
1427 3694 1456 3744 ὁ
1492 3691 1586 3743 τοῦ
1618 3690 1861 3756 Εὐάγγε-

296 3792 416 3843 λίου
461 3790 615 3857 λόγος
642 3827 658 3852 ,
706 3786 834 3849 τοὺς
882 3785 1140 3856 ἀνοήτους
1168 3784 1389 3846 τούτους
1422 3780 1762 3851 ὠφεληκέναι
1782 3796 1794 3808 ’
1827 3779 1860 3849 ἢ

297 3881 410 3951 γὰρ
449 3878 513 3932 ἂν
546 3876 756 3949 καρπὸς
791 3874 1103 3937 εὐπειθείας
1142 3874 1240 3929 καὶ
1275 3874 1540 3935 συνέσεως
1586 3873 1641 3923 ἐν
1679 3870 1862 3931 αὐτοῖς

298 3971 521 4040 εὕρητο,
552 3967 626 4031 ὡς
658 3966 814 4033 λόγος
838 3965 891 4017 δὲ
916 3965 1074 4035 μόνον
1103 3964 1290 4026 ἁπλῶς
1321 3966 1438 4025 ταῖς
1463 3962 1651 4023 ἀκοαῖς
1684 3959 1863 4011 αὐτῶν

299 4055 626 4128 προσπεσὼν
653 4055 747 4109 καὶ
780 4052 952 4124 μικρά
980 4056 1280 4122 περισάνας
1300 4092 1315 4115 ,
1340 4051 1472 4121 ὁμοῦ
1499 4050 1577 4118 τῷ
1604 4049 1862 4119 πληγέντι

299 4152 428 4221 ἀέρι
477 4147 868 4211 συνδιαλύεται,
910 4147 1010 4199 οὒκ
1039 4146 1117 4206 είς
1164 4144 1326 4215 βάθος
1369 4144 1593 4214 καρδίας
1626 4142 1861 4198 διικνού-

302 4258 463 4313 μενος
486 4240 579 4293 καὶ
605 4238 966 4308 είσδυόμενος,
994 4236 1114 4289 ούδέ
1142 4234 1303 4301 πλαξὶ
1328 4234 1562 4297 διανοίας
1598 4234 1860 4287 ἐντυπού-

301 4348 463 4404 μενος
486 4348 499 4360 ·
534 4330 708 4401 μάτην
749 4329 930 4381 λοιπὸν
967 4328 1148 4390 αὐτοῖς
1184 4326 1638 4396 διαπρεσϐεύεται
1667 4327 1699 4396 ἢ
1741 4329 1859 4379 ἐπι-

300 4422 643 4491 πεφήμισται
683 4419 742 4472 τὸ
780 4416 1129 4485 Εὑαγγέλιον,
1164 4416 1363 4487 μᾶλλον
1394 4417 1450 4469 δὲ
1493 4417 1601 4470 τῶν
1630 4417 1862 4484 εὐαγγε-

1972 3233 2252 3299 religionis
2285 3248 2349 3286 ac
2379 3236 2500 3289 ﬁdei
2543 3238 2791 3305 asseclis,
2828 3239 3151 3298 Christianis
3179 3245 3423 3315 scilicet;
3453 3250 3531 3301 sic

1968 3320 2149 3375 divino
2176 3332 2436 3390 operante
2472 3323 2729 3379 instinctu
2762 3336 2816 3381 et
2845 3330 3021 3398 gratia
3041 3368 3057 3395 ,
3092 3341 3150 3385 ut
3194 3334 3422 3391 alterum
3451 3338 3531 3390 al-

1969 3422 2080 3466 tero
2110 3415 2483 3470 vehementius
2511 3415 2842 3474 ﬁrmaretur.
2898 3419 3129 3477 Invicem
3158 3426 3304 3480 enim
3348 3430 3527 3483 colue-

1970 3516 2108 3567 rent,
2140 3516 2193 3559 et
2226 3507 2350 3574 quia
2380 3521 2444 3561 ex
2479 3523 2586 3563 uno
2634 3509 2899 3577 principio
2939 3514 3222 3581 prodeunt,
3262 3533 3414 3573 suam
3451 3526 3530 3574 vi-

1966 3596 2150 3648 cissint
2196 3611 2352 3665 opem
2404 3598 2806 3668 utilitatemque
2862 3600 3262 3669 impertiuntur.
3305 3607 3533 3666 Videtur

1970 3688 2147 3753 itaque
2169 3702 2348 3741 sermo
2369 3689 2713 3756 evangelicus
2738 3690 2872 3744 nihil
2915 3692 2997 3746 his
3016 3694 3221 3750 insanis
3240 3699 3527 3765 prodesse:

1970 3776 2170 3846 alioqui
2206 3778 2504 3834 docilitatis
2548 3790 2715 3849 atque
2749 3781 3121 3851 intelligentia:
3154 3784 3389 3842 fructum
3428 3795 3530 3845 ali-

1968 3884 2125 3937 quem
2159 3870 2548 3938 percepissent.
2587 3870 2694 3925 Sed
2720 3873 2863 3927 enim
2894 3887 2989 3928 cett
3041 3878 3216 3934 nudus
3243 3895 3421 3937 sermo
3448 3884 3531 3954 ip-

1968 3974 2149 4013 sorum
2185 3974 2346 4014 aures
2393 3962 2730 4029 praeterieris,
2773 3976 3072 4032 parumque
3102 3959 3382 4034 vel'lieans,
3422 3988 3529 4029 una

1968 4065 2089 4103 cum
2121 4064 2246 4104 aere
2288 4064 2549 4118 percusso
2576 4049 2913 4119 dissolvitur,
2946 4053 3087 4109 haud
3139 4056 3192 4110 in
3237 4063 3527 4126 penetralia

1968 4140 2146 4194 cordis
2178 4150 2427 4209 receptus
2457 4151 2512 4195 et
2545 4142 2781 4205 abditus,
2846 4159 3019 4215 neque
3076 4150 3275 4205 mentis
3331 4156 3526 4209 tabulis

1970 4230 2281 4297 impressus.
2326 4230 2466 4285 llinc
2517 4230 2575 4284 ﬁt
2609 4242 2666 4285 ut
2701 4232 2903 4288 frustra
2937 4236 3035 4304 ipsi
3061 4236 3411 4311 Evangeliurn
3449 4256 3529 4298 te-

1973 4328 2134 4372 neant
2167 4329 2221 4373 et
2252 4319 2609 4390 famigerent;
2642 4338 2763 4376 nam
2795 4324 3115 4380 violatorum
3149 4333 3328 4398 potius
3352 4332 3529 4389 Evan-

1968 4413 2089 4480 gelii
2122 4414 2431 4481 dogtnalttm
2479 4413 2553 4468 rei
2588 4413 2747 4477 ﬁunt,
2774 4430 3278 4492 consequenterque
3323 4426 3532 4496 ίηψυι.-

297 4512 470 4567 λικῶν
520 4511 805 4581 δογμάτων
864 4510 1037 4579 ἔνοχοι
1093 4509 1409 4579 γενόμενοι,
1473 4508 1569 4578 τὴν
1619 4509 1865 4561 ἐντεῦθεν
1896 4517 1941 4572 ι)

1896 4517 1941 4572 ι)
1970 4506 2102 4558 deus
2128 4504 2444 4571 supplicium
2471 4521 2576 4559 non
2608 4504 2865 4577 effugient
2898 4525 2913 4564 :
2952 4512 3348 4571 convincuntur
3380 4520 3524 4574 enim

300 4602 691 4674 ἐπηρτημένην
736 4602 836 4654 οὐκ
886 4599 1240 4668 ἐκφεύξονται
1283 4600 1475 4669 δίκην·
1510 4600 1864 4669 πεφώρανται

299 4696 412 4765 γὰρ
444 4691 776 4760 πανταχόθεν
810 4690 1132 4761 καθαιρέται
1164 4689 1260 4743 τοῦ
1293 4689 1628 4757 Εὑαγγελίου
1665 4691 1865 4759 τυγχά-

300 4802 504 4845 νοντες·
535 4782 720 4835 τούτου
758 4782 814 4834 δέ
846 4781 897 4833 τί
925 4782 989 4834 ἂν
1015 4782 1225 4849 γένοιτο
1249 4781 1605 4852 ἀσεϐέστερον
1631 4781 1663 4850 ἢ
1694 4780 1865 4833 ἀθεώ-

298 4891 490 4945 τερον;
515 4874 667 4926 υῦτω
690 4874 869 4926 τοίνυν
892 4871 1144 4943 δρῶντες,
1176 4872 1325 4943 δῆλοί
1353 4875 1462 4927 είσι
1496 4873 1593 4943 τὴν
1625 4875 1704 4935 είς
1733 4874 1866 4943 Χρι-

304 4965 429 5015 στὸν
463 4964 555 5015 καὶ
585 4963 710 5026 τοὺς
734 4960 922 5029 ἁγίους
941 4961 1222 5025 νοσοῦντες
1254 4963 1571 5033 ἀπέχθειαν,
1600 4962 1864 5016 ἄσπονδον

300 5054 401 5107 καὶ
435 5053 841 5106 ἀκατάλλακτον
872 5052 970 5122 τὴν
1019 5052 1154 5121 πρὸς
1185 5053 1383 5115 αὐτοὺς
1427 5052 1739 5122 ἀνελόμενοι
1770 5055 1865 5122 μάο

300 5161 428 5215 χην·
452 5144 544 5195 καὶ
565 5143 720 5197 τοῦτο
743 5144 902 5197 παντὶ¹
923 5142 1003 5214 τῷ
1020 5145 1113 5196 καὶ
1129 5143 1271 5197 κατά
1299 5144 1495 5215 μικρὸν
1514 5144 1643 5213 γοῦν
1664 5162 1866 5215 σωφρο-

300 5240 416 5291 νεῖν
444 5237 675 5291 ἐθέλοντι
720 5235 1183 5306 συνωμολόγηται·
1225 5236 1319 5287 καὶ
1350 5234 1459 5306 γὰρ
1489 5235 1865 5306 δυσχεραίνονο

297 5344 395 5389 τες
433 5328 527 5381 καὶ
558 5327 809 5389 ἀλύοντες
834 5366 849 5392 ,
890 5326 984 5380 καὶ
1022 5325 1109 5379 ἐπ’
1146 5326 1283 5397 αὐτῇ
1311 5325 1367 5379 δέ
1393 5326 1529 5397 μόνῃ
1560 5328 1626 5397 τῇ
1659 5325 1865 5379 τούτων

300 5420 497 5491 μνήμῃ
521 5458 537 5483 ,
571 5417 625 5471 εῐ
657 5434 758 5470 που
804 5416 962 5470 ἴδοιεν
991 5415 1169 5469 αὐτῶν
1207 5418 1422 5488 γραφὴν
1460 5418 1553 5469 καὶ
1589 5417 1866 5486 άφομοίω-

298 5525 409 5563 σιν*
442 5509 565 5561 ἐπεὶ
592 5509 735 5562 ίσασι
769 5508 863 5561 καὶ
900 5509 1052 5561 αὐτοὶ
1078 5510 1159 5560 ὅτι
1198 5508 1266 5560 τὰ
1305 5508 1385 5571 είς
1416 5507 1555 5559 αὐτὰ
1583 5507 1863 5578 δρώμενα,

299 5600 397 5653 ἐπὶ
444 5599 511 5651 τὰ
553 5597 929 5667 είκονιζόμενα
978 5598 1231 5668 φέρεται·
1281 5595 1472 5667 ῶσπερ
1505 5597 1568 5668 δὴ
1618 5598 1711 5650 καὶ
1757 5597 1864 5649 τῶν

297 5690 591 5758 θεωμένων
624 5690 653 5741 ό
690 5690 840 5753 νοῦς,
877 5689 1011 5760 πρδς
1054 5688 1123 5742 τὰ
1171 5688 1607 5758 ἐνσημαινόμενα
1642 5688 1864 5757 ἀπερεί-

294 5784 471 5837 δεται·
503 5782 599 5837 καὶ
626 5782 724 5835 οὐκ
756 5782 819 5837 ἂν
846 5779 1244 5847 ἐϐδελύτσοντο,
1270 5781 1369 5833 οὐκ
1392 5780 1457 5834 ἂν
1498 5779 1788 5850 καθῄρουν,
1816 5784 1863 5834 εί

1968 4596 2203 4662 undique
2225 4595 2500 4663 Evangelii
2525 4612 2645 4651 esse
2661 4602 3039 4667 corruptores;
3073 4619 3179 4672 quo
3198 4608 3326 4674 quid
3358 4611 3531 4664 scele-

1967 4687 2103 4739 stius
2123 4701 2242 4741 esse
2274 4695 2453 4755 potest
2475 4698 2565 4741 aut
2592 4688 2989 4758 irreligiosius?
3014 4692 3107 4748 Sic
3130 4710 3262 4761 ergo
3284 4712 3526 4766 agentes,

1966 4777 2198 4845 produnt
2236 4793 2295 4831 se
2324 4775 2528 4832 Christi
2560 4789 2616 4832 et
2649 4791 2963 4837 sanctorum
2995 4798 3204 4851 osores,
3235 4787 3526 4859 dirumque

1966 4879 2022 4922 et
2075 4869 2417 4938 implacabile
2467 4869 2667 4923 bellum
2722 4871 3009 4927 adversum
3066 4875 3163 4929 hos
3196 4879 3527 4948 suscepisse.

1932 5006 1935 5032 ί
1967 4959 2137 5024 Quam
2170 4973 2305 5021 rem,
2336 4958 2566 5027 quisque
2597 4959 2757 5030 233
2808 4963 2953 5017 vnlet
3003 4965 3271 5036 paulisper
3308 4985 3527 5039 sapere,
3602 4956 3605 4957 ν

1965 5049 2331 5102 conﬁtebitur.
2351 5048 2429 5102 Illi
2446 5050 2644 5120 quippe
2657 5067 2801 5121 atgl'e
2818 5053 2999 5108 ferunt
3012 5065 3066 5110 et
3098 5061 3527 5128 excandescunt,

1966 5140 2011 5193 si
2043 5156 2204 5208 quam
2236 5140 2419 5195 vident
2454 5141 2655 5198 Christi
2703 5155 2757 5198 et
2799 5157 3110 5202 sanctorum
3143 5152 3404 5219 picturam
3434 5165 3529 5208 aut

1967 5230 2290 5299 imaginem;
2350 5233 2608 5301 quoniam
2662 5237 2859 5303 sciunt,
2914 5255 3033 5306 quae
3090 5242 3172 5295 his
3229 5243 3530 5299 honoriﬁce

1969 5323 2124 5385 ﬁunt,
2157 5325 2222 5376 ad
2259 5325 2401 5392 ipsos
2430 5335 2846 5392 reprasentatos
2876 5330 3162 5390 devenire;
3196 5332 3335 5385 sicut
3362 5334 3527 5387 etiam

1968 5415 2325 5481 spectantium
2378 5429 2552 5481 mens,
2583 5416 2648 5470 ad
2697 5418 3054 5487 signiﬁcatam
3098 5437 3210 5475 rem
3242 5423 3526 5479 incumbit.

1966 5503 2198 5559 Prorsus
2230 5505 2280 5559 hi
2336 5520 2512 5575 neque
2563 5507 3009 5564 abominarentur
3039 5512 3299 5583 imagines
3354 5530 3531 5585 neque

1967 5599 2331 5664 tlcstruereiit,
2364 5598 2472 5651 nisi
2516 5599 2694 5654 hostili
2719 5601 3084 5673 inarchelypa
3112 5608 3295 5661 animo
3321 5618 3527 5671 esset",

1966 5703 2019 5745 et
2047 5692 2186 5744 hanc
2220 5690 2326 5746 illis
2359 5690 2647 5745 utilitatem
2672 5691 2993 5748 inviderent.
3021 5694 3125 5748 Pro
3158 5697 3364 5751 viribus
3384 5699 3528 5751 enim

1968 5785 2264 5850 decertant,
2285 5798 2503 5837 omnem
2529 5782 2781 5853 lapidem,
2808 5797 2859 5839 ut
2895 5787 3001 5842 dici
3032 5788 3193 5854 solet,
3226 5801 3505 5844 moventes
