4198 6442
215 402 322 466 757
1062 410 1624 473 APOLOGETICUS
1662 415 1808 475 PRO
1848 418 2111 478 SACRIS
2151 421 2630 488 IMAGINIBUS.
3357 428 3462 492 758

218 518 473 587 τιμῆσαι·
505 517 563 570 οὐ
597 517 704 587 γὰρ
739 517 889 587 παρά
938 517 1000 571 τὺ
1031 521 1218 584 κακῶς
1265 524 1391 585 τοὺς
1425 524 1679 592 ἀμαθεῖς,
1711 525 1797 577 ἵνα
1831 539 1872 590 Λ

1794 565 1797 575 ι
1831 539 1872 590 Λ
1901 531 2140 584 εωιεειίει
2187 533 2326 588 male
2370 536 2607 590 venerati
2635 543 2784 601 sunt,
2819 535 3080 592 Creatori
3122 552 3452 608 opponentes

219 611 316 662 καὶ
343 609 500 661 τοῦτο
520 609 925 680 συγχωρηθείη,
956 613 1071 675 τοῖς
1102 612 1268 682 ίεροῖς
1296 615 1600 682 προσιέναι,
1629 616 1801 670 ταῦτα

221 700 532 773 ἠτιμῶσθαι
566 701 793 754 δίκαιον
843 702 964 755 οὐδὲ
1019 703 1127 772 γὰρ
1157 704 1343 775 ἐπειδή
1393 722 1536 768 τινες
1571 707 1798 776 οὐρανόν

219 809 280 845 τε
334 793 427 845 καὶ
462 793 527 845 τά
579 792 697 845 κατ’
752 793 984 863 οὐρανὸν
1033 794 1220 856 κακῶς
1270 796 1667 866 ἐσεὸάσθησαν,
1720 798 1797 868 τῷ

222 884 432 955 κτίστῃ
475 883 964 948 κατεξανιστάντες
1010 885 1108 956 τὴν
1130 887 1332 952 κτίσιν,
1362 887 1647 953 διάντοῦτο
1678 891 1796 942 άτι-

225 976 459 1042 μαστὲον
507 975 576 1027 τά
611 974 707 1027 τοῦ
750 975 884 1028 Θεοῦ
934 978 1237 1047 ποιήματα*
1273 979 1387 1032 ἀλλ’
1418 979 1662 1049 ὑϐρίζεις
1707 983 1796 1032 al-

224 1068 426 1136 σχρῶς,
461 1068 708 1134 συγκλῶν
744 1071 836 1122 καὶ⁵
883 1070 1220 1142 διαρρηγνῦς
1255 1073 1349 1125 καὶ
1383 1073 1487 1125 ὑπὸ
1523 1074 1689 1138 πόδας
1722 1091 1798 1127 τι·

224 1158 339 1220 θεὶς
358 1158 422 1211 τά
451 1158 742 1228 σεϐάσμια*
768 1161 868 1214 οὐκ
894 1162 1286 1234 ἐμπίμπρασαι
1314 1163 1411 1232 τὴν
1433 1163 1632 1234 ψυχὴν,
1659 1164 1796 1236 πυρὶ

225 1255 587 1323 παραδιδούςς
634 1257 696 1308 οὐ
741 1258 1028 1330 συμφλέγῃ
1075 1259 1168 1311 καλ⁸
1198 1262 1483 1331 κατατήκῃ
1514 1262 1604 1312 τὸν
1633 1260 1756 1313 νοῦν
1781 1275 1795 1289 ·

225 1350 318 1399 καὶ
347 1350 530 1416 χεῖρας
561 1348 816 1419 ἀθέσμως
859 1352 1162 1419 προτείνων
1192 1353 1284 1405 ἐπὶ
1321 1354 1380 1406 τὸ
1413 1351 1798 1422 θυσιαστήριον

1900 631 2227 687 creaturam,
2267 635 2549 694 propterea
2585 627 2934 696 depretianda
2982 637 3107 683 sunt
3144 627 3235 683 Dei
3260 644 3444 699 opera.

1897 710 1965 765 At
1981 712 2122 765 enim
2149 723 2202 765 tu
2228 717 2454 782 turpiter
2470 717 2659 782 violas,
2687 727 2976 772 conterens
2995 717 3456 789 confringensque

1897 813 1948 856 et
1995 804 2217 872 pedibus
2249 806 2464 860 calcans
2507 821 2694 861 sacras
2745 823 2848 862 res.
2889 808 3080 862 Nonne
3128 810 3223 864 tibi
3276 810 3457 864 uritur

1896 895 2098 961 anima,
2136 896 2260 950 dum
2290 911 2445 952 sacra
2476 899 2723 952 cremas?
2750 914 2852 954 non
2880 901 2974 956 tibi
3011 901 3379 956 inflammatur
3402 912 3458 956 et

1899 987 2233 1056 colliquescit
2264 989 2530 1043 mensiet
2570 991 2693 1044 dum
2734 991 2895 1058 impie
2937 1007 3129 1046 manus
3182 992 3338 1046 altari
3374 995 3458 1045 in-

1898 1077 2027 1144 fers,
2073 1094 2179 1131 non
2220 1079 2593 1147 obstupescis?
2625 1079 2761 1133 llinc
2802 1081 2860 1134 Iit
2891 1082 3226 1148 exploratum
3289 1093 3339 1136 te
3384 1085 3461 1135 vi—

1901 1170 2039 1223 tioso
2066 1169 2268 1224 circulo
2292 1170 2342 1223 in
2374 1180 2539 1225 temet
2590 1173 3054 1242 recidere,.atque
3082 1184 3138 1226 ut
3161 1189 3351 1228 canem
3389 1175 3456 1227 ad

1899 1259 2169 1327 proprium
2195 1259 2453 1312 vomitum
2488 1261 2707 1316 reverti.
2753 1260 2822 1315 Et
2851 1261 3066 1317 illorum
3098 1264 3312 1332 quidem
3354 1265 3454 1318 im-

1898 1351 2136 1419 probitas
2162 1363 2223 1404 ae
2246 1349 2468 1405 stultitia
2488 1352 2558 1406 ita
2583 1367 2641 1406 se
2668 1354 2850 1406 habet.

223 1441 286 1491 εὐ
338 1446 722 1514 καταναρκᾷς;
785 1445 908 1511 Ὑφ’
956 1437 1029 1497 ὧν
1082 1444 1439 1514 ἐληλεγμένος
1489 1443 1556 1510 εἴ,
1589 1446 1663 1510 ὡς
1713 1445 1792 1506 είς
1831 1443 2019 1496 ἐαυτὸν
2055 1441 2384 1511 ἐπανήκεις,
2419 1443 2514 1494 καὶ
2563 1444 2639 1507 ὡς
2671 1445 2816 1498 κύων
2844 1447 3046 1502 ἐπίτὺν
3107 1449 3238 1501 ἴδιον
3269 1449 3461 1520 ἔμετον

224 1534 531 1605 ἐπιστρέφῃ
563 1536 661 1604 τῆς
690 1535 900 1598 άθεῖαςο
939 1539 1032 1588 καὶ
1065 1539 1092 1589 ό
1128 1537 1227 1604 μὲν
1258 1537 1358 1605 τῆς
1391 1537 1612 1591 ἐκείνων
1647 1536 1967 1606 σκαιότητος
1998 1536 2090 1587 καὶ
2127 1535 2486 1604 ματαιότητος
2513 1537 2714 1607 τρόπος
2738 1540 3002 1603 τοιοῦτος.

299 1623 404 1686 ξεῖ.
450 1624 507 1676 '0
537 1625 592 1677 δέ
615 1642 676 1692 γε
701 1627 797 1696 τῆς
814 1626 1068 1696 ἀληθείας
1098 1626 1253 1694 λόγος
1287 1628 1426 1694 φωτὶ
1453 1629 1653 1698 ὁμοίως
1683 1630 1793 1690 τοῖς

227 1717 484 1782 ἐχὲςροσι
523 1716 850 1786 διαλάμπειν
884 1718 954 1771 τὰ
983 1719 1092 1789 γὰρ
1136 1719 1310 1789 σεμνά
1359 1721 1747 1790 ἀπεικάσματα
1771 1763 1786 1785 ,

1971 1625 2059 1678 66.
2097 1624 2310 1678 Interim
2341 1640 2506 1691 porro
2539 1627 2776 1681 veritatis
2827 1630 2984 1694 ratio,
3023 1645 3120 1685 ceu
3172 1630 3284 1694 lux,
3313 1646 3453 1686 cor-

1898 1716 2040 1771 dalis
2103 1716 2412 1770 hominibus
2455 1717 2846 1785 explendescit.
2891 1719 3022 1772 Nam
3081 1731 3282 1774 sancta:
3324 1721 3461 1774 ima-

225 1805 296 1855 δι’
322 1797 396 1855 ὧν
429 1805 485 1857 αί
517 1805 729 1874 μνῆμαι
777 1806 884 1859 τῶν
922 1806 1089 1874 ἁγίων
1125 1808 1253 1876 ἡμῖν
1286 1806 1626 1874 ἐγγίνονται,
1666 1805 1788 1877 ἱερά
1827 1797 1867 1851 Β

1827 1797 1867 1851 Β
1897 1811 2066 1877 gincs,
2095 1806 2287 1875 quibus
2332 1820 2641 1862 sanctorum
2682 1811 2936 1864 memoria
2962 1814 3114 1866 nobis
3145 1812 3455 1875 refricatur,

225 1895 285 1947 τέ
319 1897 456 1958 είσι,
486 1896 577 1947 καὶ
607 1899 732 1958 τοὺς
763 1896 830 1948 τά
868 1899 995 1964 ἆγια
1029 1897 1392 1967 περιέποντας
1424 1897 1658 1967 ὀνίνησι,
1699 1899 1793 1952 καὶ

227 1988 451 2059 χάριτος
517 1989 964 2056 ἀναπιμπλᾶσιν·
1043 1987 1232 2057 ὥσπερ
1287 1989 1533 2040 καὶτῶν
1587 1990 1794 2056 ἐναγῶν

227 2079 400 2148 ἐντι·ίῆ
435 2081 526 2133 καὶ
559 2080 724 2147 ἄγους
759 2079 1182 2149 ἀποπληροῦντα
1204 2097 1216 2110 ·
1250 2081 1444 2149 ἐπίσης
1480 2081 1585 2150 γὰρ
1609 2083 1794 2143 αὐτοῖς

227 2174 296 2225 τὰ
325 2173 418 2225 τοῦ
441 2173 759 2242 πράγματος
783 2172 893 2240 ἔχει
913 2190 926 2203 ·
952 2172 1151 2241 τιμῶσι
1169 2172 1455 2241 τοιγαροῦν
1476 2173 1596 2234 τοὺς
1620 2172 1796 2234 θείους

225 2264 456 2325 οἴκους,
507 2263 606 2316 οὒκ
660 2265 880 2332 αίσχους
924 2263 1341 2332 ἀποπληροῦσι,
1391 2262 1638 2331 καθάπερ
1690 2263 1796 2314 τινὶ

227 2354 340 2407 τῶν
376 2355 637 2422 θεολόγων
682 2357 938 2426 Πατέρων
965 2355 1121 2426 ἡμῶν
1155 2355 1580 2426 πεφιλοσόφηται
1620 2353 1796 2408 ὲνθεέ-

234 2449 410 2500 στατά
441 2466 499 2500 τε
544 2450 636 2502 καὶ
674 2449 982 2518 ὑψηλότατα
1053 2451 1132 2511 εἰς
1187 2450 1311 2501 ὅσον
1349 2449 1405 2501 δὲ
1449 2449 1793 2518 παρανομίας

231 2540 327 2590 καὶ
360 2538 587 2602 ἀτοπίας
610 2541 638 2592 ό
668 2539 822 2607 λόγος
847 2539 1026 2592 αὐτῶν
1056 2539 1152 2592 καὶ
1184 2539 1244 2592 τὸ
1283 2540 1589 2608 ἐγχείρημα
1632 2540 1794 2609 αἴρε-

232 2645 344 2690 ται,
391 2631 484 2681 καὶ
532 2627 781 2682 ἐντεῦθεν
831 2629 1156 2698 κατάφωρον
1205 2628 1580 2697 ποιησόμεθα⁶
1617 2630 1793 2681 ἐκεῖνο

234 2719 451 2787 πρῶτον
490 2718 807 2780 ἐπελθόντες
833 2717 913 2784 τῷ
935 2717 1102 2786 λόγῳ,
1121 2719 1257 2786 ὅπερ
1291 2717 1399 2769 οὐδ’
1426 2716 1599 2780 αὐτοὶ,
1628 2715 1703 2777 ὣς
1727 2733 1789 2783 γε

230 2804 412 2877 οἶμαι,
448 2807 766 2878 ἀρνηθεῖεν,
799 2811 848 2862 εί
879 2809 954 2878 μὴ
987 2807 1297 2878 όλοτρόπως
1328 2808 1422 2858 καὶ
1455 2807 1650 2877 φρενὸς
1698 2806 1791 2859 καὶ

229 2898 322 2951 νοῦ
355 2898 446 2950 τοῦ
491 2899 822 2968 καθήκοντος
858 2900 1044 2968 πόρρω
1081 2897 1360 2966 γεγόνασι.
1395 2899 1578 2967 Φαμὲν
1615 2898 1793 2950 τοίνυν

228 2989 308 3049 ὡς
356 2990 384 3041 ό
419 2989 559 3041 κατά
601 2989 804 3043 Μωσέα
847 2989 1010 3059 νόμος
1047 2989 1253 3042 δέδοται
1303 2989 1452 3060 παρά
1495 2989 1631 3042 Θεοῦ
1681 2992 1794 3053 τοῖς

228 3079 540 3150 ἀνθρώποις
569 3118 583 3142 ,
619 3081 784 3131 οἱονεὶ
825 3079 1082 3149 φραγμοῦ
1139 3080 1451 3149 μεσότοιχον
1501 3097 1791 3150 παρεμπε-

1900 1905 1953 1949 ει
1996 1911 2161 1948 sacrae
2207 1905 2350 1959 sunt,
2391 1907 2442 1950 et
2495 1911 2589 1950 eos
2633 1898 2723 1965 qui
2767 1908 2981 1952 sanctas
3020 1898 3118 1953 bas
3150 1914 3235 1953 res
3278 1899 3463 1954 colunt

1893 1988 2075 2056 juvant
2104 1986 2384 2057 gratiaque
2419 1987 2714 2041 cumulant.
2759 1988 2910 2041 Sient
2944 2004 2974 2043 e
3029 1992 3302 2044 contrario
3357 1992 3460 2043 im-

1899 2093 2152 2145 pnrormn
2197 2093 2282 2131 res
2327 2078 2548 2145 impura:
2576 2087 2722 2141 sunt,
2757 2090 2811 2132 et
2861 2079 3171 2147 impuritate
3208 2081 3456 2134 homines

1898 2169 2150 2222 obruunt.
2193 2168 2292 2221 Par
2331 2169 2472 2220 enim
2505 2169 2578 2222 rei
2606 2169 2890 2237 utriusque
2915 2169 3158 2223 eﬂ'ectns.
3185 2169 3464 2224 lIonoraut

1900 2261 2081 2329 itaque
2115 2276 2300 2314 sacras
2325 2262 2468 2314 ardes
2505 2263 2790 2329 imagines,
2823 2277 2925 2314 non
2959 2261 3252 2330 ignominia
3285 2263 3460 2330 inqui-

1900 2363 2052 2416 nant,
2080 2354 2223 2407 sicut
2252 2353 2468 2421 quidam
2502 2352 2866 2422 theologorum
2903 2353 3120 2406 Patrum
3156 2353 3462 2408 sublimiter

1899 2445 2262 2511 divinitusque
2293 2443 2700 2512 philosophatus
2749 2456 2830 2498 est
2856 2443 2990 2511 (73).
3021 2443 3190 2510 Quam
3219 2457 3345 2497 vero
3389 2443 3466 2495 sit

1900 2535 2056 2603 impia
2107 2543 2268 2604 atque
2309 2534 2538 2587 absurda
2588 2533 2813 2585 istorum
2870 2533 3066 2596 oratio,
3097 2533 3220 2586 hinc
3247 2546 3464 2600 quoque

1897 2626 2314 2696 patefaciemus;
2347 2624 2472 2678 illud
2521 2637 2644 2678 ante
2685 2624 2864 2678 omnia
2921 2625 3182 2687 dicentes,
3211 2623 3348 2690 qum]
3396 2635 3462 2673 ne

1898 2719 1996 2786 ipsi
2029 2717 2270 2787 quidem,
2303 2727 2356 2769 ut
2389 2725 2538 2786 puto,
2578 2717 2870 2784 negabunt,
2900 2716 3005 2770 nisi
3037 2715 3176 2768 forte
3205 2714 3370 2768 corde
3399 2727 3463 2767 ac

1898 2816 2074 2862 mente
2100 2824 2127 2859 a
2167 2817 2318 2860 recto
2352 2821 2572 2875 prorsus
2595 2806 2771 2872 olIicio
2819 2814 3186 2861 recesserunt.
3223 2804 3464 2858 Dicimus

1897 2898 2076 2965 itaque
2110 2897 2395 2950 Mosaieam
2443 2897 2612 2965 legent
2642 2910 2671 2948 a
2711 2896 2820 2950 Deo
2854 2899 3031 2949 datam
3076 2894 3239 2949 fuisse
3291 2893 3464 2948 homi-

1898 2989 2077 3050 nibus,
2103 2998 2162 3042 ιιι
2202 2995 2344 3041 esset
2376 2997 2628 3056 tanquam
2673 2988 2850 3056 paries
2881 2986 3232 3053 interpositus
3278 2997 3462 3038 secer-

1900 3094 2030 3134 nens
2062 3091 2224 3148 atque
2284 3080 2621 3148 distinguens
2660 3094 2778 3147 qua:
2827 3092 3231 3147 quaqneversus
3274 3091 3470 3144 sparsa

230 3168 344 3223 σὼν
365 3211 379 3233 ,
413 3171 666 3241 διείργων
712 3171 806 3223 καὶ
837 3169 1092 3240 διορίζων
1125 3171 1195 3224 τὰ
1233 3173 1407 3241 πάντη
1459 3171 1792 3242 διῳκισμὲνα
1821 3160 1862 3217 C

1821 3160 1862 3217 (ἶ
1895 3185 2051 3229 erant
2100 3186 2154 3228 et
2206 3174 2415 3228 infinite
2447 3173 2732 3236 distantia;
2766 3181 2927 3241 atque
2977 3186 3005 3224 a
3066 3170 3461 3234 deterioribus,

229 3262 328 3313 καὶ
355 3263 432 3321 είς
459 3262 683 3330 ἄπειρον
721 3261 1101 3329 ἀφεστηκότα,
1137 3264 1230 3315 καὶ
1260 3261 1366 3315 άπὸ
1399 3263 1498 3331 μὲν
1535 3263 1642 3314 τῶν
1681 3280 1795 3330 χει-

235 3351 408 3421 ρόνων
430 3351 522 3404 καὶ
556 3351 833 3422 βλαϐερῶν
861 3353 959 3424 τῆς
981 3353 1090 3406 τῶν
1119 3353 1486 3423 ψευδωνύμων
1516 3352 1652 3406 θεῶν
1676 3355 1797 3423 βδε-

229 3440 427 3513 λυρίας
467 3444 559 3494 καὶ
614 3444 978 3515 ματαιότητος
1025 3445 1326 3514 ἀπείργων,
1376 3445 1698 3514 μετανιστάς
1741 3445 1797 3498 δὲ

231 3533 329 3588 καὶ
367 3532 617 3605 μετάγων
651 3535 742 3585 ἐπί
769 3533 838 3586 τά
878 3534 1112 3603 κρείττω
1150 3534 1242 3587 καὶ
1275 3534 1623 3602 ἀσυγκρίτως
1655 3533 1794 3604 ὑψη-

230 3625 430 3694 λότερα
457 3668 473 3690 ,
500 3624 598 3697 τὴν
628 3622 721 3678 τοῦ
759 3623 929 3690 ὅντως
970 3624 1120 3689 όντος
1169 3623 1304 3680 Θεοῦ
1337 3626 1634 3694 ἐπίγνωσιν
1685 3629 1798 3680 εἰσ-

234 3714 539 3784 ηγούμενος
558 3732 570 3743 ·
609 3717 782 3783 ἐφιεὶς
813 3716 868 3768 δὲ
888 3716 1020 3779 τέως
1055 3716 1167 3778 τοῖς
1197 3715 1257 3767 τὸ
1285 3716 1540 3786 τηνικάδε
1569 3717 1665 3778 τὰς
1690 3718 1797 3769 τῶν

230 3804 445 3872 ἀλόγων
477 3803 630 3869 ζώων
681 3805 870 3869 θυσίας
897 3846 911 3869 ,
941 3807 1031 3859 διά
1074 3805 1135 3859 τό
1167 3806 1278 3860 τῶν
1322 3807 1798 3878 νομοθετουμένων

229 3893 482 3959 ἀσθενὲς,
514 3895 608 3946 καὶ
638 3895 726 3948 ἀεὶ
756 3895 893 3965 πρὸς
908 3895 968 3948 τδ
995 3898 1176 3967 χεῖρον
1197 3898 1516 3969 ἐπιρρεπές,
1546 3897 1798 3970 καὶπρὸς

227 3985 291 4036 τὸ
325 3984 614 4048 ζωοθυτεῖν
663 3985 831 4040 πάλαι
873 3988 1318 4058 προειθισμένον,
1356 3988 1568 4042 ἐκεῖθέν
1611 4006 1670 4041 τε
1705 4006 1800 4059 με·

224 4071 618 4141 ταρῤυθμίζων
648 4074 741 4127 ἐπὶ
766 4074 826 4128 τὺ
852 4075 1102 4139 εὐπειθὲς
1130 4079 1223 4128 καὶ
1251 4077 1483 4147 εὐήνιον,
1517 4078 1608 4130 ἵνα
1655 4078 1796 4131 κατᾶ

231 4161 410 4231 βραχὺ
441 4165 571 4232 πρὸς
600 4165 696 4236 τὴν
718 4165 826 4217 τῶν
856 4167 1198 4238 τελεωτέρων
1227 4167 1338 4230 ἐξιν
1360 4168 1792 4236 κατεθιζόμενοι,

231 4257 628 4321 μετανασταῖεν
661 4259 751 4310 ἐπὶ
778 4258 837 4310 τὸ
865 4259 1086 4328 ἄμεινόν
1117 4275 1174 4310 τε
1204 4259 1294 4311 καὶ
1323 4258 1739 4329 θεοειδέστερον.

314 4344 451 4397 Ἀλλ’
493 4347 619 4400 ἐπεὶ
664 4348 692 4400 ὁ
746 4350 908 4419 νόμος
941 4350 1095 4403 οὐδὲν
1133 4349 1469 4415 ἐτελείωσεν,
1523 4350 1692 4422 ὀργὴν
1739 4349 1794 4402 δέ

230 4435 436 4504 μᾶλλον
466 4437 544 4507 τῷ
586 4441 999 4509 παραδεδάσθαι
1042 4442 1465 4512 κατειργάζετο,
1500 4442 1560 4494 οὐ
1604 4441 1690 4494 διὰ
1735 4441 1795 4493 τὸ

1901 3267 2099 3329 noxiis,
2133 3263 2363 3331 falsique
2389 3264 2622 3316 nominis
2651 3263 2754 3315 diis
2786 3261 3204 3315 abominationis
3231 3272 3283 3313 et
3312 3260 3464 3312 vani-

1902 3358 2026 3407 tatis
2050 3363 2323 3414 avertens,
2371 3351 2701 3405 transferens
2742 3361 2918 3402 autem
2953 3361 3111 3418 atque
3141 3359 3462 3402 convertens

1900 3449 1965 3500 ad
2006 3447 2228 3500 meliora
2263 3453 2317 3497 et
2354 3444 2849 3512 incomparabiliter
2877 3444 3197 3508 excelsiora,
3236 3443 3458 3510 verique

1903 3539 1991 3592 Dei
2049 3538 2298 3589 notitiam
2335 3538 2588 3590 edocens.
2622 3536 2685 3588 Et
2731 3533 3050 3603 permittens
3094 3534 3308 3602 quidem
3353 3531 3458 3586 He-

1901 3627 2056 3682 bra:is
2110 3628 2325 3684 interim
2367 3627 2761 3682 irrationalinm
2824 3625 3133 3678 animalium
3167 3623 3456 3685 sacrificia,

1899 3729 2118 3789 propter
2151 3719 2249 3788 legi
2289 3721 2622 3771 subditorum
2663 3717 3026 3777 infimitatem,
3052 3721 3106 3768 et
3143 3711 3456 3767 continuam

1899 3807 1964 3859 ad
2011 3807 2164 3876 pejus
2207 3807 2633 3876 proclivitatem,
2685 3821 2892 3860 necnon
2954 3813 3170 3875 prOpter
3223 3812 3458 3857 veterem

1899 3899 2147 3952 victimas
2175 3896 2483 3951 immolandi
2514 3911 2715 3950 morem
2741 3912 2755 3960 ;
2780 3897 2872 3948 sed
2929 3905 3109 3948 tamen
3143 3909 3207 3947 ea
3251 3895 3457 3946 ratione

1901 3988 2244 4043 conformans
2279 3989 2341 4041 ad
2391 3988 2748 4042 obedientiam
2798 3987 2960 4056 236
2992 4001 3053 4039 ac
3107 3985 3457 4048 docilitatem,

1903 4091 1957 4134 ιιι
1994 4081 2316 4148 pedetentim
2371 4079 2434 4130 ad
2472 4077 2790 4146 perfectiora
2850 4077 3148 4145 profitenda
3209 4074 3452 4138 excitati,

1897 4167 1963 4220 ad
1995 4167 2269 4220 meliorem
2298 4167 2716 4235 divinioremqne
2740 4166 2950 4220 vivendi
2982 4167 3244 4219 rationem
3262 4167 3455 4220 immu-

1898 4266 1946 4310 ta
1956 4266 2157 4310 rentur.

1966 4347 2072 4401 Sed
2094 4347 2343 4415 quoniam
2377 4347 2458 4399 lex
2495 4347 2625 4399 nihil
2658 4345 2955 4399 absolutum
2984 4344 3179 4412 elfecit,
3202 4346 3295 4400 sed
3320 4346 3452 4399 iram

1899 4440 2072 4507 potius
2105 4440 2172 4492 ob
2219 4439 2676 4506 transgressiones
2710 4449 2928 4507 Operata
2961 4447 3061 4501 est,
3088 4453 3192 4491 non
3236 4446 3452 4506 propter

227 4529 489 4596 qopttxov
512 4529 619 4582 τῶν
645 4531 1037 4601 νομιζομένων,
1069 4534 1157 4587 διά
1191 4533 1251 4585 τὸ
1286 4533 1558 4602 μοχθηρὸν
1597 4533 1654 4585 δὲ
1681 4534 1789 4587 τῶν
1824 4518 1867 4573 D

1824 4518 1867 4573 D
1899 4531 2273 4586 mandatorum
2329 4533 2670 4596 gravitatem,
2711 4531 2808 4584 sed
2865 4529 2936 4583 ob
2987 4539 3449 4598 transgressorum

225 4618 677 4687 παραϐαινόντων
708 4622 944 4691 (ἠσθένει
974 4625 1082 4694 γὰρ
1107 4625 1241 4677 διότι
1269 4625 1470 4686 πάντες
1497 4625 1586 4694 ὑφ’
1612 4625 1789 4694 ἀμαρ-

221 4710 347 4761 τίαν
395 4710 546 4772 ὄντες
576 4713 872 4783 ἐτύγχανον
900 4757 914 4778 ,
958 4717 1232 4786 προήγετο
1279 4717 1336 4770 δὲ
1382 4718 1517 4788 πρὸς
1550 4718 1648 4787 τὴν
1694 4718 1790 4786 τῆς

223 4801 504 4870 ἁμαρτίας
532 4803 844 4872 διάγνωσιν,
887 4807 944 4872 ἐξ
978 4802 1039 4859 οῦ
1069 4808 1330 4878 ἠλέγχετο
1351 4810 1408 4861 τὸ
1439 4810 1662 4872 ἀσθενὲς
1695 4809 1792 4878 τῆς

226 4893 469 4960 φύσεως,
499 4896 594 4948 καὶ
619 4897 676 4948 τὸ
703 4897 837 4967 πρὸς
860 4899 1057 4952 κακίαν
1081 4901 1399 4966 εὐόλισθον),
1417 4902 1587 4954 ἐδεῖτο
1610 4901 1794 4954 λοιπον

223 4984 318 5037 τοῦ
350 4986 683 5052 τελειοῦντος
714 4991 810 5043 καὶ
845 4993 1173 5060 μετάγοντες
1197 4995 1291 5047 ἐπὶ
1323 4995 1382 5045 τὸ
1408 4995 1613 5064 βέλτιον
1639 5012 1652 5024 ·
1683 5013 1789 5047 τοι·

223 5076 419 5145 γάρτοι
454 5079 512 5130 τὸ
538 5079 799 5134 ἀδύνατον
831 5081 923 5134 τοῦ
951 5083 1115 5153 νόμου
1144 5085 1200 5136 ἐν
1225 5078 1268 5152 ᾧ
1299 5085 1518 5155 ἠσθένει
1544 5126 1558 5146 .
1601 5089 1628 5139 ό
1660 5086 1792 5148 Θεὸς

224 5168 318 5218 τὸν
352 5167 549 5220 ἐαυτοῦ
577 5170 701 5222 Υίὸν
732 5172 972 5241 πέμψας,
1009 5176 1298 5245 κατέκρινε
1334 5175 1430 5246 τὴν
1472 5176 1746 5247 ἁμαρτίαν
1772 5193 1786 5208 °

223 5259 655 5328 Δεὸικαιώμεθα
683 5264 791 5331 γὰρ
817 5264 886 5317 ἐν
913 5264 1144 5333 Χριστῷ
1185 5266 1280 5320 διὰ
1313 5268 1589 5332 πίστεως.
1622 5268 1794 5322 Τοῦτο

225 5352 340 5422 γὰρ
371 5352 684 5406 ἐτελείωσεν
723 5357 756 5426 ἡ
807 5355 966 5426 χάρις
996 5357 1535 5429 καταπεφοιτηκότος
1581 5357 1671 5409 ἐπὶ
1695 5359 1794 5429 τῆς

225 5445 334 5514 γῆς
365 5445 460 5498 τοῦ
488 5447 688 5516 Λόγου,
719 5452 815 5502 καὶ
851 5450 939 5504 διὰ
964 5453 1164 5523 σαρκ³.ς
1186 5452 1491 5524 ἀνθρώποις
1523 5467 1789 5521 προσομι-

306 5612 350 5644 ⁶⁸
380 5619 534 5674 Rulli.
593 5637 624 5676 ν
647 5621 734 5686 ,1.

1897 4623 2198 4686 malitiam;
2253 4621 2462 4675 infirma
2520 4621 2663 4674 enim
2719 4631 2874 4686 erat,
2934 4623 3059 4690 quia
3109 4633 3297 4674 omnes
3353 4620 3454 4674 sub

1899 4724 2121 4783 peccato
2151 4724 2326 4776 erant,
2363 4714 2474 4780 ipsa
2503 4724 2678 4766 autem
2711 4714 2777 4766 ad
2826 4723 3101 4781 peccatum
3132 4713 3456 4781 diguoscen-

1901 4809 2024 4861 dum
2049 4805 2299 4868 ducebat,
2331 4808 2470 4858 unde
2502 4815 2704 4858 natura:
2728 4805 3010 4859 infirmitas
3043 4804 3459 4872 coarguebatur,

1903 4907 1955 4952 et
1989 4899 2053 4951 ad
2084 4899 2414 4966 peccandum
2443 4898 2784 4964 proclivitas;
2816 4898 3040 4965 ideoque
3076 4901 3262 4965 egebat
3290 4898 3452 4952 homo

1902 4990 2214 5059 perficiente
2233 5005 2314 5052 se,
2348 4998 2400 5042 et
2431 4989 2496 5041 ad
2529 4990 2751 5044 meliora
2789 4991 3140 5055 traducente;
3175 5000 3455 5059 propterea

1901 5086 2040 5152 quod
2091 5093 2205 5136 erat
2256 5081 2588 5152 impossibile
2626 5082 2748 5153 legi,
2793 5085 2842 5136 in
2899 5099 3005 5153 quo
3059 5084 3457 5150 infirmabatur,

1902 5173 2039 5227 Deus
2071 5171 2263 5225 Filium
2283 5187 2438 5225 suum
2473 5173 2709 5238 mittens,
2747 5182 3027 5242 peceatum
3061 5173 3460 5229 condemnavit.

1899 5263 2350 5330 Justiﬁcaticnim
2387 5263 2584 5332 fuimus
2635 5265 2686 5316 in
2729 5263 2931 5318 Christo
2975 5280 3066 5332 per
3111 5264 3268 5332 ﬁdem
3313 5264 3377 5318 ⁸³.
3409 5264 3461 5318 Id

1902 5355 2043 5409 cnim
2093 5352 2316 5423 perfecit
2366 5356 2559 5423 gratia,
2605 5351 2776 5406 Verbo
2818 5355 2868 5406 in
2911 5363 3082 5408 terras
3117 5353 3457 5418 adveniente,

1900 5456 1954 5500 ct
1994 5461 2088 5515 per
2131 5460 2351 5500 carnem
2380 5462 2500 5501 cum
2557 5445 2862 5501 hominibus
2916 5454 3289 5500 conversante.
3319 5443 3461 5499 llinc

307 5775 420 5844 (775)
456 5774 706 5834 Fortasse
737 5777 1050 5848 intelligitur
1081 5779 1218 5835 idem
1252 5778 1486 5834 Isidorus
1523 5779 1807 5845 Pelusiota,
1853 5780 2009 5848 paulo
2040 5787 2164 5835 ante
2198 5779 2464 5836 laudatus.
