4198 6442
249 434 352 501 761

1096 443 1658 507 APOLOGETICUS
1693 447 1846 506 PRO
1881 448 2143 507 SACRIS
2173 448 2649 511 IMAGINIBUS.

3388 460 3494 523 762

256 551 347 602 καὶ
382 549 547 621 άνοχὴ
590 549 1040 621 ἀνεξερεύνητοςι
1091 553 1193 604 ποῦ
1226 557 1356 607 ποτέ
1394 554 1502 625 ἀρα
1536 556 1635 626 τὴν
1679 555 1825 608 κατά

1929 557 2123 623 impios
2168 558 2450 621 cohibens,
2490 560 2777 627 praesentia
2824 560 3116 631 tolerabis?
3148 566 3487 633 quandouam

248 638 361 692 τῶν
388 639 602 693 ἀσεϐῶν
629 640 798 711 ὀργὴν
818 641 1188 712 ταμιευομένη
1219 641 1286 695 τὰ
1309 642 1404 696 νῦν
1429 644 1819 716 ὑπερτίθεσαις

251 730 383 782 πότε
421 729 479 783 δέ
509 730 618 784 τῶν
662 731 1224 804 πεπλημμελημένων
1255 736 1334 798 είς
1371 734 1431 788 σέ
1477 737 1607 808 παρ’
1642 737 1822 792 αὐτῶν

254 826 535 897 μετέλθοις
561 827 858 893 δικάζουσα
889 829 960 882 τὰ
985 830 1316 902 τολμήματα
1344 850 1359 898 ;

322 917 424 988 ξη’.
464 919 683 983 Ἄκουε,
706 921 942 993 ούρανέ,
988 922 1085 976 καὶ
1128 923 1404 988 ἐνωτίζου,
1434 924 1475 994 ἠ
1515 923 1614 994 γῆ,
1647 926 1741 978 καὶ
1788 927 1820 996 ὴ

251 1011 430 1074 κτίσις
460 1013 494 1082 η
548 1011 835 1083 σύμπασα,
868 1013 1106 1085 πρόσεχε
1132 1029 1145 1042 ·
1181 1015 1209 1067 ὁ
1238 1013 1403 1084 νόμος
1431 1013 1587 1083 ἀγιος
1608 1054 1623 1079 ,
1652 1017 1745 1068 καὶ
1786 1018 1821 1086 ἡ

250 1100 441 1171 ἐντολὴ
479 1102 635 1170 ἀγία,
657 1102 750 1155 καὶ
777 1102 981 1168 δικαία,
1008 1104 1104 1156 καὶ
1143 1103 1345 1173 ἀγαθή·
1380 1103 1561 1168 καλῶς
1580 1122 1593 1134 ·
1624 1105 1747 1157 ἀλλ’
1774 1104 1827 1157 εί

248 1206 317 1259 γε
346 1191 517 1245 ταῦτα
548 1192 698 1260 ἀγια,
733 1194 802 1248 τά
831 1210 895 1262 γε
917 1194 1289 1264 ἀμυδρότερόν
1322 1211 1437 1257 πως
1466 1196 1560 1248 καὶ
1592 1194 1823 1267 μετριώ-

247 1295 433 1352 τερον,
468 1282 559 1336 καὶ
585 1283 660 1347 ὡς
682 1284 787 1337 ὑπὸ
814 1285 1276 1355 παραπετάσματι
1306 1284 1383 1355 τῷ
1410 1285 1697 1355 γράμματι
1727 1288 1821 1339 καὶ

246 1374 369 1436 ταῖς
408 1375 587 1435 σκιαῖς
619 1373 719 1442 τὴν
757 1373 908 1427 θείαν
938 1372 1141 1442 γνῶσιν
1169 1375 1304 1445 ἡμῖν
1334 1374 1709 1442 ὑποφαίνοντα
1729 1417 1743 1439 ,
1786 1377 1819 1441 ἡ

247 1464 407 1535 χάρις
432 1465 594 1517 πόσον
632 1465 909 1535 ἀγιωτέρα
945 1465 1039 1518 καλ⁵
1093 1464 1222 1517 θεοε
1236 1464 1505 1535 ιδεστέρα,
1533 1468 1567 1537 ἡ
1597 1465 1687 1519 διά
1724 1465 1818 1519 τοῦ

244 1553 383 1607 Θεοῦ
434 1556 610 1622 Λόγου
658 1558 741 1618 είς
786 1557 934 1624 ἡμᾶς
975 1556 1345 1626 γεγενημένη;
1380 1556 1731 1626 ἀσυγκρίτως
1758 1556 1820 1609 τὸ

244 1646 734 1717 ὐπεραναὸιθηκὸς
774 1646 866 1699 τοῦ
909 1648 1073 1717 νόμου
1113 1647 1312 1716 ἔχουσα
1340 1647 1723 1718 ἐκτυπὼτερόν
1755 1665 1815 1699 τε

244 1738 341 1789 καὶ
380 1737 723 1808 ἐνθεέστερον
750 1778 766 1801 ,
800 1738 897 1807 τὴν
923 1737 1023 1806 τῆς
1077 1737 1307 1808 Τριάδος
1336 1740 1470 1809 ἡμῖν
1503 1739 1814 1809 φανέρωσιν

244 1828 305 1879 ἐν
339 1828 607 1897 πνεύματι
634 1829 728 1881 καὶ
758 1828 984 1898 ἀληθείᾳ
1016 1828 1432 1893 ἐκπαιδεύουσα,
1467 1832 1562 1882 καὶ
1589 1831 1685 1901 τὴν
1736 1833 1815 1892 είς

241 1920 335 1972 τὸν
361 1920 453 1973 ἐνα
487 1921 578 1973 καὶ
607 1921 765 1991 μόνον
795 1920 927 1974 Θεὸν
956 1921 1132 1991 ἀληθῆ
1167 1922 1260 1974 καὶ
1299 1921 1566 1992 εἰλικρινῆ
1601 1922 1812 1992 μυοῦσα

242 2012 339 2064 καὶ
384 2011 749 2081 διατρανοῦσα
779 2012 983 2081 γνῶσίν
1018 2029 1076 2065 τε
1115 2013 1207 2066 καὶ
1260 2013 1654 2083 προσκύνησιν,
1684 2015 1813 2066 ἀνα-

240 2103 569 2172 γεννῶσαδὲ
592 2105 673 2167 είς
695 2102 986 2164 Γυίοθεσίαν
1030 2103 1119 2156 διὰ
1154 2103 1247 2156 τοῦ
1283 2105 1597 2172 Πνεύματος
1631 2104 1811 2174 κρείτ-

236 2207 392 2257 τονα,
438 2193 532 2245 καὶ
576 2191 856 2263 βασιλείας
892 2192 1136 2261 οὐρανῶν
1162 2191 1350 2245 ἐλπίδα
1380 2192 1571 2262 σαφῶς
1603 2209 1812 2245 κατεπ-

238 2282 620 2350 αγγέλλουσασ
648 2283 763 2337 ἀλλ’
794 2282 843 2335 οἱ
874 2282 973 2351 τῆς
1003 2282 1224 2353 χάριτος
1281 2282 1465 2352 ἐχθροὶ
1520 2281 1809 2335 εἰδωλολα-

237 2370 402 2439 τρίαν
440 2370 615 2423 ταῦτα
665 2372 843 2424 πάντα
880 2370 1211 2440 ἀπέφηνανο
1258 2369 1485 2422 τοιαῦτα
1542 2371 1650 2439 γὰρ
1710 2371 1811 2440 τῆς

240 2461 466 2515 ἐκείνων
495 2461 844 2532 παρανομίας
865 2461 935 2514 τά
957 2462 1164 2515 ἀτοπαί
1204 2459 1393 2517 Οὕτως
1430 2462 1508 2523 εἰς
1536 2461 1809 2531 ἀϐούλητα

241 2556 337 2605 καὶ
370 2554 571 2622 μάταια
616 2552 676 2617 ἐξ
704 2552 904 2606 ἀθλίων
940 2552 1278 2623 σκεμμάτων
1322 2554 1807 2625 κατενηνεγμένοι,

239 2642 504 2712 λογισμοῦ
554 2641 649 2694 τοῦ
704 2641 1007 2711 πρέποντος
1059 2640 1559 2711 διαμαρτάνουσινί
1612 2641 1733 2695 Ἔτι
1780 2646 1809 2696 ὁ

240 2733 406 2801 νόμος
426 2732 582 2785 σκιὰν
612 2732 750 2802 ἔχων
777 2732 883 2784 τῶν
915 2731 1222 2803 μελλόντων
1247 2732 1490 2800 ἀγαθῶν,
1516 2735 1615 2785 οὐκ
1634 2734 1803 2802 αὐτὴν

236 2825 341 2892 τὴν
374 2823 557 2877 είκόνα
579 2823 689 2876 τῶν
727 2824 1093 2894 πραγμάτων,
1122 2824 1241 2876 κατ’
1273 2824 1519 2876 ἐνιαυτὸν
1547 2828 1670 2886 ταῖς
1708 2825 1808 2878 αὑ·

239 2918 362 2977 ταῖς
392 2914 605 2977 θυσίαις
632 2915 699 2979 ἀς
730 2915 1134 2986 προσφέρουσιν
1181 2916 1262 2977 είς
1291 2915 1350 2967 τὸ
1375 2915 1647 2986 διηνεκὲς,
1686 2916 1808 2968 ούδέ

243 3019 381 3057 ποτε
417 3004 639 3058 δύναται
662 3005 789 3068 τοὺς
820 3006 1295 3076 προσερχομένους
1319 3004 1606 3058 τελειῶσαι
1632 3024 1645 3036 ·
1684 3007 1809 3059 ἐπεὶ

239 3098 341 3149 οὐκ
386 3096 452 3149 ἀν
506 3097 815 3149 ἐπαύσαντο
876 3097 1318 3167 προσφερόμεναι
1347 3114 1359 3129 ο
1405 3098 1521 3150 ἀλλ’
1564 3098 1593 3149 ό
1644 3099 1807 3168 νόμος

238 3187 396 3253 ἅγιος
417 3225 432 3250 ,
481 3186 578 3240 καὶ
607 3187 783 3240 ταῦτα
828 3189 901 3258 μὴ
933 3188 1236 3259 δυνάμενος
1268 3190 1395 3253 τοὺς
1430 3190 1807 3260 προσερχομέ-
1834 3229 1877 3286 C

238 3295 364 3342 νους
410 3278 723 3333 τελειῶσαι.’
760 3281 853 3332 καὶ
911 3280 943 3350 ἡ
987 3281 1176 3351 ἐντολὴ
1225 3282 1357 3348 ἀγία
1383 3320 1399 3346 ,
1436 3283 1611 3335 καίτοι
1648 3282 1806 3333 σκιὰν

236 3364 353 3439 εἶχε
382 3368 490 3421 τῶν
525 3368 828 3437 μελλόντων
858 3370 958 3423 οὐκ
988 3370 1157 3441 αὐτὴν
1186 3372 1370 3425 εἰκόνα
1401 3372 1512 3425 τῶν
1547 3373 1805 3442 πραγμά-

234 3476 378 3512 τωνο
418 3459 560 3513 αύτά
585 3460 643 3513 δὲ
675 3461 741 3513 τά
776 3461 1076 3531 πράγματα
1120 3457 1195 3517 ὧν
1230 3462 1426 3533 ὁνόμος
1459 3464 1607 3527 σκιὰ,
1638 3481 1796 3516 τουτ-

236 3550 387 3602 έστιν
440 3551 473 3618 ἡ
544 3550 703 3619 χάρις
755 3550 850 3601 καὶ
896 3552 928 3621 ἠ
981 3552 1228 3623 ἀλήθεια,
1294 3553 1417 3621 ἣτις
1468 3553 1556 3605 διὰ
1614 3553 1789 3625 Ἰησοῦ

232 3636 471 3708 Χριστοῦ
501 3638 738 3707 ἐγένετο,
758 3642 813 3691 τί
833 3640 1008 3704 ἔσται,
1034 3642 1085 3693 οἱ
1113 3642 1222 3695 νέοι
1240 3642 1502 3712 Ἕλληνες
1518 3643 1796 3709 γλωσσαλ-

231 3728 525 3796 γείτωσανο
558 3725 675 3781 εἶτα
704 3731 731 3781 ό
750 3730 913 3799 νόμος
939 3731 1091 3784 οὐδὲν
1117 3731 1455 3796 ἐτελείωσεν,
1484 3732 1597 3785 ἀλλ’
1618 3734 1791 3801 ἅγιος·

230 3819 469 3889 Χριστὸς
495 3820 573 3883 δέ,
616 3820 675 3883 ὃς
703 3822 802 3892 μιᾷ
852 3824 1138 3894 προσφορᾷ
1193 3823 1543 3877 τετελείωκεν
1595 3827 1676 3887 εἰς
1733 3827 1793 3879 τὸ

1925 649 2265 716 peccantium
2305 649 2355 701 in
2408 660 2458 702 te
2511 652 2747 705 facinora
2798 653 2991 707 merito
3041 653 3246 721 judicio
3298 671 3488 726 perse-

1924 738 2107 807 queris
2131 739 2154 791 ‘.'

1995 918 2083 971 68.
2118 918 2273 978 Audi.
2303 918 2499 973 malum
2522 937 2535 983 ;
2562 922 2785 973 auribus
2810 923 3044 990 percipe,
3080 932 3220 977 terra
3247 941 3262 988 ;
3287 933 3343 979 et
3364 926 3487 979 uni-

1924 1024 2079 1063 versa
2108 1018 2376 1073 creatura,
2412 1013 2647 1066 attende.
2700 1010 2809 1065 Lex
2842 1021 3052 1076 sancta,
3087 1024 3141 1067 et
3169 1015 3481 1068 mandatum

1924 1111 2199 1164 sanctum,
2249 1101 2453 1168 justum
2491 1104 2822 1171 bonmnque.
2858 1103 3045 1158 Recte.
3076 1104 3237 1172 Atqui
3282 1106 3329 1159 si
3371 1106 3486 1159 ha'c

1923 1199 2106 1245 sancta
2156 1198 2300 1251 sunt,
2331 1202 2449 1258 quae
2475 1190 2757 1245 obscurius
2800 1200 2853 1245 et
2878 1192 3101 1256 arctius,
3130 1203 3185 1247 et
3219 1203 3475 1262 tanquam

1925 1284 2027 1337 sub
2068 1281 2187 1333 velo
2221 1282 2397 1334 littera
2432 1290 2485 1334 et
2516 1281 2719 1334 umbris
2753 1282 2991 1334 divinam
3034 1282 3282 1336 notitiam
3324 1284 3485 1337 nobis

1920 1388 2061 1440 agre
2117 1372 2432 1434 ostendunt,
2458 1381 2664 1440 quanto
2722 1376 2959 1427 sanctior
3010 1375 3353 1443 diviniorque
3381 1376 3486 1429 erit

1920 1466 2111 1535 gratia,
2135 1481 2252 1532 quae
2291 1466 2446 1521 nobis
2477 1482 2506 1519 a
2556 1466 2661 1519 Deo
2707 1464 2878 1519 Verbo
2925 1465 3244 1519 confertur?
3278 1467 3484 1520 incum.

1921 1551 2235 1619 parabiliter
2262 1552 2360 1616 legi
2391 1553 2657 1620 superior,
2676 1552 3094 1621 evidentiusque
3120 1564 3172 1607 et
3197 1554 3482 1608 sublimius

1920 1641 2201 1695 Trinitatis
2242 1642 2397 1695 nobis
2433 1642 2926 1696 manifestatiouem
2957 1643 3008 1695 in
3038 1644 3227 1710 spiritu
3254 1659 3318 1698 ac
3339 1644 3482 1698 veri-

1922 1744 2027 1789 tate
2053 1735 2278 1801 fat-iens,
2307 1746 2361 1789 et
2392 1737 2547 1790 unius
2579 1738 2949 1789 tantummodo
2980 1736 3067 1789 Dei
3098 1750 3278 1789 veram
3304 1736 3481 1790 since-

1921 1844 2135 1897 rantqttv
2152 1830 2369 1882 tradens
2387 1829 2797 1895 edisserensque
2814 1829 3051 1881 notitiam
3074 1839 3234 1896 atque
3252 1829 3477 1889 cultum,

1915 1930 2072 1987 atque
2105 1921 2155 1972 in
2188 1920 2462 1973 meliorem
2486 1934 2806 1990 regenerans
2826 1936 2919 1988 per
2941 1921 3199 1989 Spiritum
3235 1921 3478 1991 adoptio-

1914 2026 2055 2073 nem,
2075 2010 2329 2077 regnique
2352 2011 2608 2062 caelorum
2630 2024 2775 2077 spem
2804 2021 2987 2077 aperte
3006 2012 3344 2064 annuntians.
3370 2010 3476 2067 Se-l

1912 2101 2096 2167 gratiae
2130 2101 2313 2154 hostes
2350 2110 2540 2153 cuncta
2574 2100 2687 2153 ha-c
2724 2102 3039 2155 idololatria:
3093 2102 3267 2157 instar
3296 2103 3480 2157 tradu-

1910 2201 2057 2245 cunt.
2090 2189 2261 2244 Tanta
2286 2192 2480 2260 quippe
2515 2200 2597 2245 est
2640 2192 3001 2259 improbitatis
3039 2192 3251 2245 illorum
3289 2192 3479 2246 absur-

1913 2282 2083 2335 ditas!
2120 2283 2210 2335 Sic
2264 2282 2314 2335 in
2357 2281 2752 2334 inconsiderata
2789 2290 2840 2333 et
2878 2296 3015 2333 vana
3057 2296 3122 2335 ex
3168 2279 3478 2334 infelicibus

1911 2371 2153 2424 consiliis
2186 2370 2408 2438 delapsi,
2447 2384 2474 2420 a
2504 2370 2685 2423 debito
2734 2372 3023 2424 ratiocinio
3066 2372 3355 2424 deerrant!
3383 2370 3476 2424 ln-

1910 2478 2072 2531 super
2100 2463 2181 2517 les
2218 2465 2461 2516 umbram
2489 2462 2787 2514 futurorum
2820 2463 3078 2516 benornm
3114 2478 3333 2532 gerens,
3366 2478 3474 2518 non

1911 2554 2176 2621 prepriam
2216 2568 2392 2606 rerqu
2437 2553 2746 2621 imaginem,
2777 2554 2970 2607 annuis
3006 2554 3131 2620 ipsis
3165 2553 3471 2618 sacrificiis,

1910 2659 2029 2714 qme
2072 2653 2327 2712 perpetua
2386 2642 2777 2706 olle-rebantur,
2812 2658 3081 2711 nunquam
3124 2644 3296 2713 potuit
3325 2643 3477 2697 obla-

1911 2746 2052 2789 tores
2073 2736 2335 2803 perfectus
2354 2734 2595 2796 efficere;
2624 2749 2790 2802 quare
2809 2744 2861 2788 et
2886 2735 3222 2788 incessanter
3248 2736 3469 2790 fiebant.

1913 2827 2016 2881 Sed
2060 2840 2234 2878 tamen
2270 2826 2348 2877 lex
2406 2838 2592 2877 sancta
2638 2836 2777 2888 erat,
2814 2827 3024 2879 etiamsi
3071 2825 3307 2880 ssseclas
3344 2840 3471 2879 suos

1913 2921 2049 2972 hami
2078 2918 2335 2986 periit-ere
2369 2926 2597 2983 poti-rat.
2638 2916 2698 2969 Et
2724 2918 3033 2969 mandatum
3073 2924 3345 2979 sanctum,
3367 2917 3468 2970 etsi

1915 3011 2164 3063 umbram
2202 3018 2407 3060 tantum
2441 3011 2658 3059 trnehat
2695 3009 3018 3069 futurorum,
3047 3022 3150 3061 non
3196 3008 3468 3075 prppriam

1913 3116 2090 3153 rerum
2118 3100 2418 3165 imaginem.
2453 3098 2557 3151 Res
2590 3115 2716 3151 vero
2741 3100 2887 3163 igtsa',
2907 3114 3134 3169 quarum
3169 3099 3249 3153 lex
3278 3101 3469 3152 umbra

1912 3199 2047 3251 erat,
2115 3190 2165 3241 id
2220 3204 2301 3240 ρει
2355 3191 2524 3256 gratia
2579 3198 2631 3241 et
2693 3192 2912 3252 veritas,
2961 3205 3078 3256 qua:
3133 3204 3228 3255 per
3287 3187 3469 3240 Jesum

1909 3279 2183 3332 Christum
2216 3281 2513 3347 contigere.
2545 3281 2671 3346 quid
2719 3280 2847 3342 sint,
2882 3280 3000 3331 novi
3060 3281 3259 3333 ethnici
3295 3280 3468 3333 blate-

1910 3380 2048 3423 rent.
2086 3367 2286 3421 Deinde
2322 3370 2401 3421 lex
2452 3369 2579 3421 nihil
2634 3368 2997 3435 perfecit,sed
3041 3380 3230 3423 sancta
3287 3379 3465 3425 tamen
3540 3384 3541 3387 ‘

1911 3470 2027 3515 erat
2054 3476 2067 3523 ;
2098 3458 2346 3512 Christus
2388 3470 2567 3511 autem
2598 3460 2686 3525 qui
2736 3475 2836 3512 una
2890 3461 3162 3514 oblatione
3213 3475 3470 3513 consum-

1906 3554 2073 3607 mavit
2130 3554 2181 3605 in
2216 3554 2602 3621 sempiternum
2660 3552 3028 3607 sanctificatos
3074 3552 3143 3623 (is
3170 3553 3315 3605 enim
3343 3549 3468 3605 fidei

1907 3655 2102 3697 nnstnc
2130 3652 2210 3697 est
2240 3654 2661 3702 consummatur.
2709 3646 2761 3696 in
2794 3658 2950 3713 quem
3004 3644 3322 3711 respicimus
3355 3641 3463 3710 ");

1902 3736 2170 3795 Christus,
2214 3734 2453 3803 inquam,
2503 3735 2667 3801 quid?
2706 3734 2861 3788 Hunc
2909 3735 3029 3787 novi
3075 3733 3247 3788 διιόεεί
3292 3735 3471 3787 cruci-

1906 3825 2061 3894 ﬁgaut
2074 3865 2087 3878 .

244 3912 497 3982 διηνεκὲς
563 3915 689 3977 τοὺς
750 3916 1141 3986 ἁγιαζομένους
1186 3918 1384 3986 (αὐτὸς
1435 3918 1543 3988 γάρ
1592 3921 1619 3972 ὁ
1666 3920 1762 3990 τῆς
1800 3922 2035 3983 πίστεως
2071 3918 2229 3989 ἡμῶν
2301 3918 2622 3986 τελειωτὴῆ
2657 3920 2735 3979 εἰς
2782 3917 2839 3968 ὃν
2910 3915 3252 3988 ἀφορῶμεν),
3285 3916 3465 3983 τί;οί

225 4010 548 4079 ἀρτιφανεῖς
599 4008 837 4061 Ἰουδαῖοι
867 4010 1409 4078 ἀνασταυρούτωσαν.

302 4100 384 4151 Τὰ
427 4099 486 4152 δέ
534 4098 657 4170 ἑξῆς
701 4100 888 4165 ὁποῖα,
930 4103 1312 4173 σκοπήσωμεν.
1354 4104 1492 4157 Ἀλλ’
1546 4107 1638 4158 ἐπὶ
1698 4106 1795 4167 τὰς

1970 4100 2171 4155 Ca-tera
2227 4115 2345 4167 qua?
2388 4102 2497 4151 sint
2531 4098 2824 4151 videannts.
2864 4097 2968 4151 Sed
3018 4098 3159 4151 enim
3212 4099 3277 4151 ad
3314 4098 3463 4153 Pauli

227 4189 446 4243 Παύλου
478 4191 659 4257 φωνάς
685 4189 846 4241 πάλιν
890 4190 1020 4259 ἡμῖν
1050 4192 1218 4255 ἰτέον,
1250 4194 1342 4245 καὶ
1375 4192 1562 4263 ἡλίκον
1604 4192 1712 4245 τῶν
1739 4197 1795 4245 ὲν

1910 4192 2206 4245 locutiones
2263 4192 2590 4242 redrundttttt
2645 4198 2761 4253 est;
2798 4198 2851 4240 et
2912 4190 3043 4256 legis
3087 4190 3463 4244 sacerdotibus

226 4281 379 4350 νόμῳ
422 4280 611 4349 ἱερέων
650 4280 880 4333 καὶτῶν
930 4282 1057 4350 παρ’
1093 4284 1273 4345 αὐτοῖς
1321 4284 1699 4354 ἱερευομένων,
1735 4285 1795 4336 τὸ

1910 4298 2192 4349 eorumque
2221 4281 2533 4333 ministeriis
2564 4292 2761 4347 quamn
2791 4280 3067 4331 sublimior
3101 4282 3166 4332 sit
3199 4289 3250 4333 et
3280 4281 3459 4335 excel-

225 4372 329 4441 τῆς
357 4370 477 4423 καθ’
507 4371 656 4440 ἡμᾶς
677 4369 935 4443 λατρείας
968 4373 1259 4442 ὑπερτενές
1313 4392 1370 4426 τε
1401 4376 1493 4427 καὶ
1528 4375 1797 4445 προφερέ-

226 4480 446 4529 στατον,
474 4461 550 4526 ὡς
579 4461 659 4515 ενι
695 4461 929 4532 μάλιστα
969 4463 1423 4536 καταθρήσωμεν.
1468 4468 1531 4517 υἱ
1560 4469 1616 4518 ἐν
1646 4466 1793 4535 νόμῳ

1900 4376 2094 4429 lentior
2119 4375 2296 4429 cultus
2324 4382 2527 4436 noster,
2556 4382 2819 4441 quantum
2851 4374 2998 4435 licet,
3033 4385 3287 4428 accurate
3328 4388 3458 4427 con-

1900 4468 2236 4535 templemur.
2284 4462 2418 4516 Nam
2482 4463 2758 4517 constituti
2804 4464 2901 4517 sub
2954 4464 3069 4532 lege
3130 4464 3458 4532 sacerdotes,

223 4553 617 4624 καθιστάμενοι
676 4555 874 4625 ίερεῖς,
937 4555 1060 4607 ἐπεὶ
1110 4556 1205 4609 καὶ
1261 4557 1413 4609 αὐτοὶ⁹
1462 4557 1797 4627 περιέκειντο

1910 4557 2148 4625 quoniam
2177 4567 2229 4610 et
2266 4555 2363 4623 ipsi
2408 4553 2726 4607 circumdati
2762 4564 2940 4619 erant,
2974 4564 3156 4622 utp0te
3191 4554 3457 4616 homines.

220 4644 512 4700 ἀσθένειαν
555 4644 830 4714 ἄνθρωποί
869 4663 930 4713 γε
972 4646 1141 4709 ὄντες,
1200 4648 1296 4717 οὺχ
1339 4648 1477 4717 ὑπὲρ
1515 4648 1610 4702 τοῦ
1664 4649 1794 4702 λαοῦ

226 4736 415 4805 μόνου,
442 4735 542 4806 ήδη
584 4734 642 4788 δὲ
684 4737 777 4788 καὶ
816 4736 960 4807 ὑπὲρ
1006 4738 1213 4791 ἑαυτῶν
1264 4739 1358 4801 τάς
1398 4740 1796 4809 νενομισμένας

223 4822 421 4885 θυσίας
461 4824 816 4894 προσέφερον.
870 4825 927 4877 ὐ
964 4824 1020 4877 δέ
1063 4826 1327 4898 ἡμέτερος
1369 4829 1655 4899 ἀρχιερεὺς
1703 4831 1795 4882 καὶ

222 4911 522 4974 ἀπόστολος
549 4913 647 4982 τῆς
689 4912 977 4983 ὁμολογίας
1019 4914 1195 4983 ἡμῶν,
1242 4916 1341 4969 οὐκ
1372 4916 1483 4985 ἔχει
1513 4918 1783 4987 ἀνάγκην,

222 5002 418 5073 ῶσπερ
467 5005 682 5067 ἐκεῖνοι,
732 5005 998 5075 πρότερον
1044 5005 1165 5059 καθ’
1220 5007 1434 5076 ἡμέραν
1488 5009 1630 5079 ὑπὲρ
1684 5009 1792 5061 τῶν

227 5090 379 5144 ίδὲων
430 5092 843 5163 ἁμαρτημάτων
886 5093 1044 5148 τοῦτο
1088 5099 1279 5160 ποιεῖν,
1322 5096 1515 5151 ἔπειτα
1549 5099 1657 5151 τῶν
1696 5098 1790 5152 τοῦ

223 5179 360 5234 λαοῦ
382 5197 394 5210 ·
420 5181 577 5233 τοῦτο
602 5183 709 5249 γάρ
733 5183 986 5253 ἐποίησεν
1012 5183 1230 5251 ἐφάπαξ
1249 5186 1441 5238 ἐαυτὸν
1474 5187 1790 5256 ἀνενέγκας,

223 5271 326 5325 καὶ
351 5270 604 5324 ἐκάθισεν
632 5272 690 5323 ἐν
723 5271 871 5343 δεξιᾷ
906 5272 1006 5342 τῆς
1046 5273 1437 5345 μεγαλωσύνης
1466 5278 1523 5329 ἐν
1563 5281 1674 5341 τοῖς
1703 5279 1794 5330 οὐδ

227 5364 444 5436 ρανοτς’
475 5362 779 5433 πρόδρομος
810 5363 951 5434 ὑπὲρ
981 5364 1139 5434 ἡμῶν
1173 5365 1429 5419 εἰσελθὼν
1456 5369 1535 5431 εις
1564 5368 1624 5420 τὸ
1660 5367 1794 5421 ἐσώ-

216 5470 385 5526 τερον
413 5451 505 5505 τοῦ
543 5455 1057 5523 καταπετάσματος,
1088 5456 1374 5527 ἀρχιερεὺς
1404 5459 1483 5521 είς
1509 5459 1597 5510 τὸν
1622 5459 1792 5513 αἰῶνα

221 5544 517 5616 γενόμενος
557 5545 699 5599 κατά
736 5547 834 5617 τὴν
873 5547 1023 5612 τάξιν
1064 5548 1420 5619 Μελχισεδέκ.
1471 5551 1578 5603 Καὶ
1607 5552 1655 5603 oi
1694 5551 1792 5619 μὲν

222 5638 473 5700 πλείονες
494 5636 644 5701 ὄντες
675 5638 940 5709 ὑπῆρχον,
972 5640 1049 5711 τῷ
1074 5641 1153 5712 τῷ
1185 5642 1400 5714 θανάτῳ
1429 5642 1790 5714 διακοπτομέ-

296 5814 343 5847 ⁷⁸
384 5812 544 5869 llehr.
579 5832 631 5882 κ,
679 5816 757 5870 14.
834 5817 874 5848 ⁷⁸
911 5817 1071 5874 llebr.
1110 5836 1159 5885 ν,
1197 5820 1249 5885 2,
1292 5821 1343 5875 5.

1901 4648 2236 4712 infirmitate,
2263 4663 2365 4698 non
2408 4661 2503 4713 pro
2546 4645 2742 4713 populo
2782 4645 2896 4699 solo
2946 4647 3037 4699 sed
3072 4647 3239 4700 etiam
3273 4662 3369 4716 pro
3401 4663 3460 4702 se

1898 4738 2029 4805 ipsis
2083 4738 2273 4807 legalia
2308 4736 2573 4790 sacrificia
2628 4735 2925 4790 offerebant
2968 4737 3036 4789 “.
3092 4736 3291 4791 Noster
3330 4752 3460 4791 vero

1897 4832 2133 4903 pontifex
2177 4842 2232 4883 et
2281 4828 2637 4883 confessionis
2701 4839 2899 4881 nostra:
2960 4832 3235 4897 apostolus
3268 4870 3282 4891 .
3351 4844 3456 4882 non

1898 4923 2057 4977 habet
2108 4921 2479 4975 necessitatem
2536 4919 2672 4971 sicut
2726 4919 2818 4981 illi,
2850 4920 2997 4984 prius
3057 4920 3299 4989 quotidie
3362 4935 3459 4987 pro

1898 5017 2009 5069 suis
2060 5013 2296 5083 pecralis
2343 5011 2446 5064 hoc
2486 5009 2682 5074 facere,
2719 5008 2911 5062 deinde
2961 5024 3058 5078 pro
3108 5010 3309 5079 populi.
3347 5010 3459 5063 Hoc

1896 5107 2037 5160 enim
2070 5104 2195 5157 fecit
2225 5101 2392 5157 semel
2444 5116 2503 5155 se
2532 5100 2705 5170 ipsum
2746 5098 3040 5166 oﬂ‘erendo,
3093 5102 3339 5169 seditque
3391 5103 3458 5152 ad

1895 5198 2169 5249 dexteram
2202 5193 2502 5261 majestatis
2529 5192 2581 5245 in
2618 5191 2792 5257 caelis,
2822 5206 3120 5259 praecursor
3150 5206 3247 5259 pro
3299 5190 3455 5245 nobis

1896 5286 2171 5355 ingressus
2200 5284 2252 5337 in
2284 5283 2512 5338 interius
2551 5282 2980 5346 tabernaculum,
3013 5281 3253 5349 pontifex
3289 5291 3455 5335 teter-

1894 5393 1994 5431 nus
2048 5377 2220 5431 factus
2267 5376 2560 5429 secundum
2608 5374 2851 5428 ordinem
2906 5372 3260 5427 Melchisedec
3288 5374 3354 5422 τ’.
3391 5374 3456 5425 Et

1897 5467 1970 5520 illi
1994 5467 2206 5535 quidem
2238 5466 2419 5534 plures
2458 5472 2634 5528 erant,
2657 5464 2783 5532 quia
2818 5473 2988 5517 morte
3028 5461 3452 5530 prohibebantur

1894 5574 2240 5627 permanere;
2273 5559 2389 5629 ipse
2442 5567 2619 5612 autem
2672 5557 2795 5625 quia
2849 5564 3029 5610 manet
3074 5554 3124 5607 in
3165 5565 3455 5615 mternum.

1895 5650 2288 5703 intransitivnm
2340 5648 2500 5705 habet
2561 5649 2948 5713 sacerdotium,
2982 5645 3121 5700 unde
3154 5645 3362 5699 salvere
3395 5644 3464 5698 ita

1418 5824 1461 5855 ⁷⁸
1491 5821 1654 5876 llehr.
1691 5836 1760 5873 vn
1783 5864 1796 5889 ,
1828 5821 1934 5887 ‘37;
1967 5839 2035 5885 rt,
2068 5824 2155 5876 20.
