4198 6442
283 438 340 476 is:

309 413 341 462 9,
1088 400 1648 462 APOLOGETlCUS
1683 399 1830 458 PRO
1869 399 2131 458 SACRIS
2165 396 2647 458 IMAGINIBUS.

3376 399 3483 464 774

236 524 390 577 τικδν
424 520 605 581 αὐτοῖς
629 515 939 587 πρόσεστιν,
975 513 1070 566 ἐπὶ
1092 514 1153 565 τὸ
1187 514 1364 582 πάσης
1398 512 1655 565 ἐπέκεινα
1685 515 1817 564 θεω-
1847 519 1890 573 Α

1847 519 1890 573 Α
1921 510 2139 566 luminis
2168 509 2541 573 dimisionem;
2575 507 2718 562 unde
2750 508 2831 564 vis
2857 507 3261 578 contemplandi
3286 513 3476 579 conm,

241 615 364 683 ρίας
416 611 510 664 καὶ
551 608 801 678 γνώσεως
843 605 996 674 ὕψος,
1047 603 1293 665 θεοειδῶς
1334 603 1773 673 ἀνατεινομένοις
1798 642 1813 666 ,

239 701 455 757 καὶτοῦ
480 699 627 753 θείου
681 697 777 751 κα)⁸
816 695 1157 767 ὑπερκάλλου
1200 694 1374 763 φωτὸς
1416 694 1502 748 ἀεὶ
1532 695 1814 764 καταπίμ-

237 796 473 848 ιτὶεανται
498 806 512 820 ·
546 788 794 843 ἐντεῦθεν
823 787 918 841 καὶ
956 787 1155 857 μύησις
1180 786 1364 848 αὐτοῖς
1396 783 1626 856 πρώτως
1658 785 1816 837 ἐναυ-

238 886 469 954 γάζεται
503 880 609 934 τῶν
641 879 791 949 παρά
814 878 913 949 τῆς
948 876 1207 946 θεαρχίας
1238 876 1329 928 ἐπὶ
1350 874 1816 950 τάσπρονοούμενα

239 972 539 1042 προϊόντων
568 966 1011 1037 ἐπιστημονικῶν
1057 965 1248 1032 λόγων,
1292 966 1351 1016 ἐν
1378 963 1594 1033 μεθέξει
1629 980 1686 1014 τε
1717 962 1815 1031 τῆς

240 1059 564 1128 θεουργικῆς
612 1058 865 1124 γνώσεως
915 1055 991 1120 ὡς
1037 1055 1258 1125 θεμιτὸν
1300 1054 1595 1124 γινόμενοι,
1647 1053 1817 1107 πολλὰ

239 1150 350 1203 τῶν
382 1150 544 1202 θείων
590 1149 685 1200 καὶ
730 1148 1048 1219 ὑπερτάτων
1091 1147 1452 1214 γινώσκουσιν
1490 1147 1817 1215 ὑπερκειμέ-

240 1258 369 1303 νως,
400 1241 492 1294 καὶ
526 1239 699 1310 τροφὴ
740 1240 925 1300 αὑτοῖς
972 1240 1119 1291 ἐστιν
1145 1239 1178 1309 ή
1209 1237 1317 1290 τῶν
1359 1238 1543 1291 ἁπλῶν
1578 1240 1674 1292 καὶ
1715 1257 1819 1311 μα’

241 1333 450 1403 καρίων
478 1328 862 1401 φωτοφανειῶν
885 1329 1172 1399 ἕλλαμψις,
1199 1328 1485 1399 προσεχῶς
1507 1330 1689 1393 αὐτοῖς
1725 1330 1815 1383 καὶ

239 1422 475 1491 πρώτως
505 1424 568 1474 ὲκ
595 1425 690 1492 τῆς
716 1421 1042 1491 ὑπερφώτου
1076 1423 1292 1482 ἀκτῖνος
1314 1421 1814 1493 ὲναστραπτούσης

238 1512 342 1581 ἤδη
369 1512 424 1565 δὲ
450 1511 548 1582 τὴν
569 1511 756 1565 πασῶν
786 1510 1102 1581 ὑπερτάτην
1118 1510 1226 1563 τῶν
1249 1510 1631 1583 ὑπερκοσμίων
1662 1513 1816 1577 νόων,

240 1604 349 1657 ἆτε
425 1602 830 1666 θεοειδέστατοι,
866 1601 1281 1671 διακληροῦνται
1319 1601 1666 1673 ταξιαρχίαν“
1697 1603 1817 1657 ὃθεν

240 1694 338 1746 καὶ
360 1691 672 1764 θεολογικῆς
695 1692 1004 1761 ἐπιστήμης
1026 1691 1179 1763 παρά
1199 1692 1297 1761 τῆς
1324 1690 1621 1764 θεαρχικῆς
1651 1694 1818 1764 ὑπερ-

239 1784 552 1854 ουσιότητος
578 1838 582 1845 ,
607 1784 666 1835 ὲν
692 1782 951 1853 μετουσίᾳ
982 1782 1211 1853 πρώτως
1242 1783 1536 1853 γινόμενοι,
1563 1785 1657 1837 ἐπὶ
1690 1785 1816 1847 τοὺς

1917 616 2036 670 quae
2066 600 2131 651 ad
2159 599 2483 653 omnimodae
2515 598 2738 654 theorie
2769 611 2834 654 ac
2860 599 3107 655 scientia:
3135 599 3477 656 altitudinem

1918 691 2148 746 miriﬁce
2196 690 2530 757 extenditur,
2589 689 2879 760 divinaque
2930 691 3301 759 pulcherrima
3358 693 3480 748 huc

1915 782 2242 850 completur.
2278 781 2415 835 Hinc
2445 782 2574 851 ipsis
2605 782 2773 836 etiam
2799 783 2980 837 illucet
3011 784 3270 855 primitus
3298 786 3482 838 initia-

1919 879 1992 933 tio
2016 894 2043 931 a
2076 878 2253 931 divina
2284 879 2545 946 potentia,
2579 877 2647 931 ad
2675 878 3150 947 praecognitionem
3184 881 3483 949 proceden-

1920 971 2051 1025 tium
2099 970 2246 1023 illinc
2299 970 2623 1037 sapientium
2674 970 3067 1034 doctrinarum,
3099 985 3163 1024 ac
3189 971 3481 1040 theutgica

1914 1061 2153 1115 scientiae
2221 1060 2508 1128 participes
2565 1069 2723 1127 prout
2783 1060 2864 1113 fas
2916 1067 2998 1113 est
3040 1057 3240 1125 eﬂ‘ecti,
3297 1061 3478 1114 divina

1917 1151 2080 1205 multa
2119 1161 2172 1204 et
2201 1150 2418 1205 excelsa
2459 1149 2765 1203 sublimiter
2808 1159 3182 1219 cognoscunt;
3219 1150 3478 1217 cibusque

1917 1244 2022 1296 illis
2073 1252 2157 1297 est
2190 1243 2512 1313 simplicium
2574 1244 2971 1312 beatarumque
3019 1241 3474 1296 illutninationum

1915 1334 2186 1403 splendor,
2217 1336 2306 1404 qui
2337 1334 2582 1403 proxime
2624 1333 2755 1404 ipsis
2783 1343 2837 1386 et
2870 1333 3118 1402 primitus
3143 1348 3208 1387 ex
3242 1346 3476 1402 superno

1919 1428 2067 1481 radio
2098 1426 2357 1480 illucescit
2386 1443 2401 1476 :
2433 1436 2593 1493 atque
2622 1428 2694 1478 ita
2724 1425 2998 1480 excelsum
3047 1424 3477 1491 supermundia-

1916 1514 2046 1569 lium
2075 1516 2354 1576 mentium,
2392 1530 2487 1568 ceu
2526 1515 2632 1567 Deo
2667 1515 2955 1584 pluritnum
2990 1514 3219 1576 similes,
3252 1516 3477 1583 gradum

1918 1615 2100 1661 tenent
2169 1604 2325 1661 Unde
2349 1615 2401 1657 et
2434 1606 2748 1675 theologicae
2793 1606 3036 1659 scientiae
3064 1621 3090 1657 a
3124 1604 3339 1659 sublimi
3376 1604 3469 1657 Dei

1916 1698 2150 1753 essentia
2185 1698 2476 1767 participes
2506 1698 2556 1750 in
2586 1699 2774 1767 primis
2796 1698 2945 1761 facti,
2977 1696 3222 1751 eamdem
3245 1696 3309 1748 ad
3338 1695 3477 1747 infra

1917 1801 1975 1841 se
2002 1787 2207 1855 positos
2238 1786 2509 1841 deferunt.
2548 1786 2682 1840 Sunt
2705 1801 2837 1856 ergo
2870 1786 3035 1840 divini
3072 1784 3272 1839 silentii
3305 1784 3478 1837 mani-

241 1876 365 1946 μετ⁹
425 1850 622 1937 αὑτοὺς
681 1850 809 1943 έξῆς
862 1850 1381 1943 διαπορθμεύουσινλ
1439 1875 1815 1943 ὲξαγγελτικοὶ
1848 1850 1890 1905 Β

1848 1850 2223 1940 Blestatorcs,
2276 1876 2403 1930 dum
2450 1879 2500 1928 in
2553 1891 2615 1929 se
2667 1850 2799 1942 ipsis
2847 1875 3179 1941 patefaciunt
3236 1873 3474 1941 supremi

238 1964 377 2032 γοῦν
412 1966 515 2016 εἰσι
564 1965 661 2032 τῆς
703 1963 849 2026 θείας
895 1966 1074 2033 σιγῆς,
1114 1963 1467 2029 ἐκφαίνοντες
1502 1966 1560 2017 ὲν
1602 1966 1813 2029 ἑαυτοῖς

240 2058 341 2126 τῆς
368 2055 695 2125 ὑπερουσίου
720 2038 1081 2126 κρυφιότητος
1106 2056 1205 2126 τὴν
1227 2056 1525 2124 ἀφθεγξίαν
1548 2072 1559 2086 '
1587 2056 1813 2127 ὑμνοῦσι

237 2164 303 2200 τε
327 2147 719 2216 ἀκαταλήκτως
749 2149 841 2200 καὶ
873 2147 1147 2215 ἀσιγήτως
1179 2145 1274 2215 τὴν
1308 2145 1456 2199 θείαν
1482 2147 1812 2215 ἀγαθότητα,

240 2240 306 2291 τὸ
352 2238 646 2305 σεὸἀσμιον
686 2237 861 2289 ἐκεῖνο
912 2235 1005 2288 καὶ
1050 2235 1377 2306 τρισσοφαὲς
1403 2236 1499 2306 τῆς
1542 2235 1814 2304 θεολογίας

245 2324 561 2398 μελῲδημα.
602 2326 682 2379 Τὰ
718 2326 773 2378 δὲ
810 2366 825 2391 ,
883 2325 1072 2397 ὄτιπέρ
1108 2327 1212 2377 εἰσι
1255 2326 1611 2396 χειρόκμητα,
1651 2326 1815 2395 ψιλῆς

243 2417 349 2487 μὲν
373 2417 537 2487 μόνης
567 2416 861 2486 μετείληφε
893 2416 991 2485 τῆς
1022 2416 1414 2488 προσηγορίας,
1466 2417 1722 2486 μυήσεως
1758 2415 1814 2469 δὲ

243 2510 339 2562 καὶ
384 2506 637 2576 γνώσεως
696 2510 787 2561 καὶ
833 2508 943 2561 τῶν
977 2508 1152 2563 ἄλλων
1191 2509 1471 2571 ἁπάντων,
1497 2508 1532 2562 ἃ.
1576 2508 1811 2579 εἴρηται,

243 2598 308 2652 οὔ
364 2600 417 2652 τί
469 2617 572 2652 που
612 2600 942 2669 μετέσχηκε·
991 2598 1125 2669 πρὸς
1163 2599 1245 2663 δὲ,
1293 2600 1389 2651 καὶ
1430 2601 1637 2663 εἰκόνες
1679 2601 1816 2655 εἰσιν

244 2686 443 2739 ἐκεῖνοι
472 2686 568 2754 τῆς
600 2685 879 2758 θεαρχίας,
902 2684 963 2737 τὸ
987 2685 1216 2755 κρύφιον
1247 2690 1339 2739 καὶ
1367 2688 1569 2756 ἀφανὲς
1597 2689 1712 2757 φῶς
1745 2691 1805 2743 ἐν

246 2779 459 2839 ἑαυτοῖς
478 2775 878 2845 ἐμφανίζοντες,
901 2777 995 2829 καὶ
1014 2778 1149 2848 πρὸς
1164 2778 1224 2830 τὸ
1244 2778 1472 2841 θεοειδές
1493 2779 1571 2843 ὼς
1596 2780 1815 2850 θεμιτὸν

245 2866 693 2936 ἀφομοιούμενοι,
722 2869 815 2919 καὶ
843 2868 943 2936 τὴν
968 2868 1094 2936 ὅλην
1118 2868 1210 2920 τοῦ
1240 2867 1383 2920 θείου
1417 2868 1591 2936 φωτὸς
1622 2870 1815 2922 ἀκτῖνα

244 2957 497 3020 θεοειδῶς
527 2958 891 3028 εἰσδεχόμενοι
914 2975 928 2989 ·
954 2958 1110 3012 τοῦτο
1139 2961 1196 3011 ὲν
1234 2958 1446 3029 μεθέξει
1479 2960 1817 3031 ὑπάρχοντες

246 3049 547 3118 ἑπομένως,
579 3049 712 3118 ὅπερ
740 3050 859 3102 κατ’
878 3050 1065 3103 οὐσίαν
1086 3050 1196 3103 ἐστὶ
1220 3050 1281 3103 τὸ
1306 3050 1661 3121 μετεχόμενον
1686 3069 1815 3121 προ-

247 3136 594 3208 ηγουμένως·
616 3139 767 3205 φῶτα
798 3138 1023 3209 δεύτερα
1055 3139 1536 3209 φιλανθρωπότατα
1561 3142 1654 3194 καὶ
1682 3143 1816 3209 ἀγα-

246 3229 447 3297 θοειδῆ,
480 3229 571 3281 τόῦ
606 3230 822 3299 πρώτου
856 3232 1033 3299 φωτὸς
1060 3232 1433 3301 ἀμαρύγματα
1460 3234 1702 3304 ἄχραντα
1726 3236 1817 3287 καὶ

249 3321 579 3390 ἀκηλίδωτα,
616 3322 672 3373 τὸ
704 3324 937 3392 ἐμφερὲς
970 3326 1067 3393 τῆς
1113 3324 1502 3393 πρωτοφανοῦς
1530 3325 1818 3389 θεοειδείας

250 3411 649 3482 ἀγαθοπρεπῶς
682 3414 1111 3484 ἀποφερόμενοι·
1149 3415 1241 3465 καὶ
1266 3414 1329 3484 δὴ
1354 3417 1443 3466 καὶ
1470 3416 1816 3482 γινώσκουσι,

248 3503 338 3555 ὅτι
370 3502 443 3572 μὴ
472 3504 537 3556 τὰ
569 3504 689 3556 καθ’
715 3507 941 3568 ἑαυτοὺς
978 3506 1140 3576 νοητὰ
1194 3509 1369 3578 μόνον,
1414 3498 1514 3581 ἤδη
1548 3511 1605 3563 δὲ
1632 3513 1725 3564 καὶ
1752 3512 1819 3565 τὰ

249 3596 312 3646 ὲν
358 3595 607 3665 αἰσθήσει
634 3598 733 3649 οὐκ
776 3599 1044 3666 αἰσθητῶς
1095 3600 1227 3652 ἀλλά
1273 3602 1498 3671 νοητῶς,
1541 3604 1679 3655 κατά
1721 3606 1817 3672 τὴν

248 3686 456 3738 οἰκείαν
491 3691 588 3756 τῆς
623 3688 845 3756 ἐνούσης
870 3691 1051 3751 αὐτοῖς
1090 3689 1184 3741 τοῦ
1223 3691 1488 3755 θεοειδοῦς
1538 3692 1815 3762 δυνάμεως

250 3778 583 3847 ἐπιστήμην,
609 3778 785 3841 ἀύλως
812 3781 903 3831 καὶ
918 3780 1171 3847 γνωστῶς
1201 3781 1383 3844 αὐτοῖς
1416 3783 1816 3846 ἐπιϐάλλοντες·

250 3868 322 3918 ea
355 3867 411 3918 δὲ
443 3868 818 3938 χρυσόκμητα,
845 3870 1067 3922 εἰκόνων
1102 3873 1308 3935 εἰκόνες
1345 3873 1481 3926 εἰσὶν
1521 3875 1817 3945 ἀμυδρότε-

255 3977 346 4031 ραι
378 3962 470 4011 καὶ
499 3960 898 4032 ἀνομοιότεραι,
925 3963 1017 4014 καὶ
1049 3964 1198 4033 παρά
1240 3965 1371 4017 πολὺ
1423 3965 1516 4018 τοῦ
1564 3968 1817 4036 παραδει-

252 4050 527 4118 γματικού
550 4050 723 4102 αἰτίου
749 4052 1155 4120 ἀπολειπόμενα
1174 4070 1187 4083 ⁸
1210 4055 1356 4107 ἴσασι
1380 4056 1435 4108 δὲ
1453 4057 1601 4110 οὐδὲν
1620 4058 1817 4109 ὁτιοῦν·

254 4145 372 4203 πῶς
402 4143 509 4210 γὰρ
553 4141 776 4193 τοιαῦτά
826 4160 885 4207 γε
926 4145 1072 4206 ὅντα,
1101 4147 1193 4197 καὶ
1242 4145 1413 4209 οὕτως
1458 4147 1679 4217 Egi-Ita;
1719 4151 1820 4201 xiv

255 4234 460 4303 σφῶρα
555 4232 899 4303 ἁπεξεσμένα
925 4236 1015 4288 καὶ
1051 4239 1523 4306 ὲκτετοριευμένα,
1559 4240 1648 4291 καὶ
1682 4258 1820 4309 μαρ-

258 4324 519 4393 μαρυγὰς
550 4325 829 4394 διαφανεῖς
863 4327 954 4379 καὶ
981 4326 1326 4396 λαμπηδόνας
1355 4333 1468 4388 ταῖς
1493 4346 1822 4400 περιαστρα-

254 4412 521 4475 πτούσαις
586 4414 862 4482 στίλψεσιν
918 4417 1318 4485 ἀποπέμπωσιο
1373 4420 1534 4471 πόθεν
1599 4416 1691 4473 οὖν
1742 4438 1821 4473 σοι

1912 1971 2151 2021 omnium
2204 1970 2388 2020 arcani
2431 1966 2755 2021 ineﬂabilem
2798 1977 3079 2032 naturam;
3136 1966 3477 2033 divinumque

1913 2059 2208 2114 bonitatem
2271 2059 2607 2113 incessanter
2683 2069 3107 2125 resonanterque
3176 2072 3333 2110 sacro
3387 2056 3477 2108 illo

1912 2151 2188 2204 celebrant
2249 2149 2533 2218 theologia:
2588 2148 2806 2217 trisagio
2872 2149 3093 2217 hymno.
3132 2147 3198 2198 At
3246 2147 3387 2201 enim
3422 2146 3474 2197 hi

1915 2243 2077 2296 nostri
2135 2256 2231 2294 ceu
2283 2254 2443 2292 manu
2492 2238 2663 2302 facti,
2717 2238 2912 2290 nudam
2982 2236 3269 2304 solamque
3313 2234 3474 2305 242

1915 2330 2113 2384 habent
2149 2328 2582 2398 appellationem,
2634 2327 2886 2393 nullaque
2928 2326 3339 2381 consecratione
3382 2336 3478 2378 aut

1914 2423 2142 2477 scientia
2175 2421 2384 2482 aliisve,
2434 2434 2552 2489 qua:
2601 2420 2757 2472 dictae
2802 2428 2948 2481 sunt,
3002 2420 3219 2471 dotibus
3255 2418 3471 2486 poitcnt.

1914 2512 2141 2579 insuper
2191 2510 2284 2572 illi,
2338 2523 2604 2575 supremae
2664 2508 2950 2576 potestatis
3010 2508 3270 2573 imagines
3325 2521 3473 2569 sunt,

1915 2616 2166 2655 arcanam
2203 2609 2259 2651 et
2288 2597 2613 2650 inviSibiletn
2643 2598 2816 2650 lucem
2846 2597 2898 2648 in
2931 2611 2989 2649 se
3011 2596 3473 2660 demonstrantes,

1913 2701 1968 2745 et
1997 2690 2191 2743 divina:
2224 2689 2490 2757 illiquoad
2521 2688 2635 2741 ﬁeri
2663 2697 2837 2757 potest
2860 2688 3168 2753 assimilati,
3200 2698 3477 2757 totumque

1914 2778 2076 2833 divini
2136 2778 2360 2847 fulgoris
2414 2778 2623 2829 radium
2683 2777 2820 2829 mire
2880 2778 2932 2828 in
2985 2791 3045 2831 se
3102 2778 3473 2844 recipientes:

1916 2870 2077 2939 idque
2127 2870 2257 2922 liunt
2308 2878 2709 2938 consequenter
2762 2884 2859 2937 per
2906 2869 3286 2934 imitationem,
3337 2874 3479 2938 qum]

1915 2960 2008 3013 ille
2056 2968 2137 3014 est
2189 2959 2564 3028 principaliter
2611 2968 2774 3027 atque
2806 2960 3174 3015 essentialiter
3205 2962 3293 3029 qui
3333 2977 3479 3017 com—

1918 3052 2153 3105 municat
2186 3068 2199 3103 :
2238 3051 2489 3103 nimirum
2518 3061 2644 3106 sunt
2676 3052 2875 3105 lumina
2907 3053 3164 3117 secunda,
3198 3054 3475 3107 hominum

1919 3141 2311 3206 ainantisdma,
2344 3142 2543 3210 speciei
2572 3143 2808 3210 optimm,
2842 3143 3114 3210 primariae
3142 3145 3277 3198 lueis
3303 3149 3471 3212 splen-

1917 3234 2078 3287 dores
2126 3233 2243 3298 puri
2282 3233 2632 3289 imtnacnlati.
2687 3234 3097 3289 similitudinem
3147 3250 3267 3289 eum
3304 3241 3475 3306 prima

1919 3326 2391 3392 splendentissitna
2430 3327 2607 3392 specie
2638 3326 2853 3395 egregie
2887 3342 2998 3394 prie
3025 3342 3082 3381 se
3116 3326 3371 3384 ferentes.
3409 3331 3474 3384 Et

1919 3416 2133 3484 quidem
2168 3417 2329 3467 etiam
2373 3428 2672 3483 agnoscunt
2734 3432 2791 3469 se
2828 3432 2932 3470 non
2978 3433 3075 3471 sua
3117 3419 3287 3472 solum
3319 3422 3478 3475 intel-

1921 3506 2192 3568 leCIualia,
2226 3521 2415 3558 verum
2449 3506 2613 3559 etiam
2651 3508 2926 3560 sensibilia
2962 3510 3063 3563 etsi
3106 3525 3212 3563 non
3248 3513 3477 3565 sensibi-

1921 3597 2041 3649 liter
2080 3599 2561 3663 comprehendere,
2591 3613 2685 3664 pro
2718 3600 2951 3652 hmrente
2992 3600 3093 3654 sibi
3141 3601 3335 3655 divina:
3371 3619 3475 3655 vir-

1921 3688 2050 3741 tutis
2118 3688 2379 3751 seit-ntia,
2449 3688 2879 3742 itnmatetialiter
2923 3702 2970 3742 et
3039 3692 3479 3745 intellectualitcr

1924 3780 2083 3832 rebus
2124 3779 2339 3840 agnitis.
2374 3780 2441 3831 At
2483 3780 2531 3831 hi
2566 3795 2628 3832 ex
2662 3794 2795 3831 auro
2828 3779 2985 3841 lacti,
3040 3783 3303 3851 imagines
3352 3795 3479 3837 sunt

1923 3871 2216 3935 inmginntn
2253 3872 2492 3923 evanida:
2525 3886 2749 3933 prorsus
2788 3882 2839 3923 et
2875 3873 3186 3931 tiiss.ttti:e~'.
3220 3874 3479 3927 multum-

1920 3976 2022 4026 que
2052 3961 2119 4012 ab
2149 3962 2441 4027 exetnplari
2495 3978 2661 4015 causa
2698 3962 3042 4014 dissidentes.
3105 3962 3245 4015 Nthil
3296 3965 3483 4032 itaque

1922 4052 2117 4104 sciunt.
2163 4054 2260 4117 Qui
2305 4054 2446 4105 enim
2503 4064 2739 4120 possent,
2798 4068 2919 4106 cum
2969 4056 3099 4107 tales
3148 4057 3276 4117 sint,
3321 4066 3483 4124 atque

1924 4145 1993 4195 ita
2025 4160 2082 4197 se
2113 4144 2378 4197 habeant?
2429 4145 2649 4199 Etiamsi
2685 4145 2838 4199 valde
2871 4157 2996 4198 sunt
3030 4147 3289 4198 elaborati
3323 4157 3484 4215 atque

1922 4233 2095 4298 p-diti,
2122 4234 2432 4301 lucidosqne
2470 4234 2789 4301 splendores
2835 4243 2889 4285 et
2921 4233 3156 4301 fulgores
3185 4235 3484 4287 St‘iltliilatl-

1924 4324 2066 4375 tibus
2100 4323 2265 4377 radiis
2297 4324 2577 4376 emittunt.
2616 4321 2768 4376 Unde
2801 4324 2963 4389 igitur
2997 4333 3052 4375 et
3081 4338 3242 4392 quam
3270 4324 3339 4377 ob
3372 4339 3482 4377 rem

1924 4413 1977 4465 hi
2039 4414 2165 4466 dicti
2223 4424 2348 4468 sunt
2398 4429 2427 4466 a
2477 4423 2528 4468 te
2591 4415 2920 4477 Cherubini,
3005 4416 3269 4483 siquidem
3340 4416 3484 4468 nullo

255 4504 430 4557 ταῦτα
470 4505 562 4557 καὶ
602 4504 745 4567 τίνος
790 4505 976 4558 ἕνεκεν
1004 4509 1216 4576 εἴρηται
1259 4509 1554 4580 Χερουϐὶμ,
1592 4511 1709 4562 κατ’
1736 4512 1823 4564 οὑο
1857 4508 1897 4561 D

1857 4508 1897 4561 Ι)
1927 4507 2263 4560 sobstantiali
2316 4510 2475 4560 tnuth
2528 4507 2996 4575 supermundiales
3047 4507 3166 4560 illas
3218 4508 3485 4575 potentias

255 4597 385 4650 δέκα
413 4598 610 4666 τρόπον
646 4596 755 4648 τῶν
781 4598 1051 4660 οὑσιωδῶς
1086 4601 1494 4670 ἐνυπαρχόντων
1518 4604 1635 4657 ταῖς
1660 4603 1757 4654 ὑπε
1769 4621 1823 4671 ρ-

256 4685 508 4754 κοτμίοις
543 4686 914 4756 μετεσχηκότα
945 4687 1260 4757 δυνάμεσιν;

334 4862 449 4916 (δὺκ
471 4860 622 4930 ἐμὸς,
643 4862 805 4929 φημὶ,
836 4864 864 4914 ό
891 4861 1064 4928 λόγος,
1102 4862 1219 4914 οὐδὲ
1250 4865 1375 4932 παρ’
1408 4866 1527 4932 ἐμοὶ
1560 4863 1756 4932 πρώτῳ
1792 4870 1823 4933 η

257 4952 482 5018 τοιαύτη
500 4952 838 5021 προσηγορία
862 4952 1066 5013 τούτοις
1091 4952 1375 5021 ἐξεύρηται
1396 4953 1425 5019 ἦ
1461 4954 1821 5006 ἐπιτέθειται·

258 5042 505 5103 Μωσέως
537 5044 652 5094 ἐστὶ
681 5043 775 5094 τοῦ
823 5043 1051 5095 θεόπτου
1082 5045 1174 5096 καὶ
1228 5044 1517 5113 νομοθέτου
1569 5046 1602 5114 ἡ
1654 5044 1826 5114 φωνὴ,

259 5134 357 5186 καὶ
374 5133 542 5185 πάλαι
572 5138 1051 5204 προανιστόρηται,
1084 5138 1177 5188 καὶ
1236 5137 1686 5206 μαρτυρουμένην
1718 5137 1829 5206 ἔχει

257 5221 351 5276 διὰ
382 5223 489 5275 τῶν
522 5224 680 5292 ἱερῶν
723 5224 1073 5294 Γραμμάτων
1109 5227 1206 5294 τὴν
1256 5226 1699 5294 πρεσϐυγένειαν,
1737 5228 1829 5279 καὶ

260 5314 325 5367 τὸ
361 5314 496 5383 πρὸς
553 5314 897 5380 ἀξιοπιστίαν
950 5316 1380 5385 εὐπαρὰδεκτον·
1414 5318 1461 5367 εἰ
1512 5317 1568 5367 δὲ
1603 5317 1707 5386 χρὴ
1737 5318 1827 5367 τά-

259 5403 590 5474 ληθέστερον
667 5407 853 5471 φάναι,
909 5405 1044 5458 Θεοῦ
1112 5406 1201 5457 τοῦ
1273 5410 1701 5475 προστεταχότος
1754 5406 1831 5476 τῷ

258 5494 454 5563 οἰκείῳ
484 5494 798 5564 θεράποντι,
824 5498 984 5567 ἡνίκα
1034 5498 1131 5567 τῆς
1167 5497 1371 5567 σκηνῆς
1400 5497 1549 5566 αὑτῴ
1600 5500 1697 5567 τῆς
1723 5516 1830 5549 πα-

261 5587 422 5649 λαιᾶς
446 5589 660 5655 ἐκείνης
676 5590 928 5642 διετύπου
952 5592 1045 5641 καὶ
1067 5606 1140 5640 πα
1151 5589 1390 5658 ρεδείκνυ
1408 5588 1504 5657 τὴν
1523 5588 1796 5657 σύμπηξιν
1814 5607 1827 5620 σ

260 5677 457 5746 ἐπειδὴ
490 5679 598 5747 γὰρ
651 5679 760 5730 τῶν
794 5682 915 5733 κατ’
977 5678 1238 5748 οὐρανοὺς
1298 5677 1533 5729 καὶτῶν
1582 5677 1830 5729 avum-

261 5771 508 5837 κόσμων,
543 5770 757 5839 ἀμυδρά
800 5788 914 5822 τινα
956 5773 1246 5839 μιμήματα
1303 5768 1386 5819 κατ
1448 5769 1827 5836 ἀπεικάσμαῒα

1930 4597 2288 4666 participant"

1998 4864 2112 4918 Non
2140 4874 2222 4917 est
2251 4879 2402 4916 meus
2432 4864 2519 4915 hic
2552 4877 2753 4925 sermo,
2784 4874 2957 4929 neque
2985 4876 3012 4913 a
3047 4875 3134 4913 me
3159 4860 3332 4928 primo
3370 4860 3489 4915 talis

1929 4954 2220 5023 appellatio
2242 4954 2326 5006 his
2353 4953 2653 5021 excogitata
2689 4952 2792 5004 l'uit
2817 4958 2979 5018 atque
3002 4951 3274 5018 imposita.
3296 4949 3492 5018 Moysis

1929 5056 2011 5097 est
2059 5045 2223 5096 Deum
2271 5042 2499 5095 videntis
2534 5052 2587 5095 et
2634 5040 2962 5111 legislatnris
3013 5040 3125 5093 hare
3181 5054 3278 5091 vox
3307 5079 3320 5100 ,
3362 5041 3489 5092 olim

1931 5136 2170 5197 inventa,
2193 5142 2245 5187 et
2267 5148 2296 5186 a
2323 5134 2494 5187 sacris
2521 5133 2741 5187 Litteris
2762 5132 3130 5187 teStimonium
3153 5132 3494 5198 antiquitatis

1934 5227 2160 5288 habens,
2190 5242 2307 5295 quae
2332 5227 2490 5280 ﬁdem
2523 5228 2571 5280 ei
2605 5228 2759 5280 facile
2791 5227 3018 5280 t'acinnt.
3060 5226 3209 5290 Quod
3238 5226 3281 5276 si
3314 5227 3495 5277 Verius

1935 5318 2217 5370 dicendum
2239 5327 2341 5378 est,
2360 5316 2453 5369 Dei
2474 5332 2569 5371 vox
2590 5326 2672 5371 est
2699 5319 2924 5386 proprio
2945 5316 3144 5369 ianmto
3166 5317 3492 5377 mandantis,

1936 5425 2042 5477 quo
2073 5419 2316 5476 tempore
2356 5408 2517 5475 prisci
2553 5408 2693 5461 illius
2734 5408 3071 5462 tabernaculi
3103 5406 3412 5460 delineabat
3444 5407 3495 5457 ei

1938 5508 2100 5564 atque
2117 5498 2525 5549 demonstrabat
2552 5496 2868 5550 aedilicium.
2892 5498 3023 5549 Nam
3040 5498 3162 5563 quia
3190 5497 3496 5547 caelestium

1940 5589 2141 5656 aliquot
2198 5589 2447 5639 ordinum
2484 5589 2743 5641 evanidus
2777 5591 3037 5656 quasdam
3073 5588 3403 5638 imitatioues
3436 5600 3501 5637 ac

1940 5679 2255 5731 utnhratiles
2296 5677 2675 5732 sitnilittnliucs
2704 5679 2887 5747 figuris
2926 5693 3215 5745 expressas
3246 5679 3493 5728 taberna-

1940 5772 2112 5823 culum
2146 5770 2371 5824 habebat
2410 5789 2417 5820 :
2450 5770 2588 5823 Cum:
2624 5773 2782 5833 enim,
2818 5771 3014 5838 inquit,
3042 5782 3092 5822 ut
3126 5768 3298 5821 omnia
3330 5768 3495 5835 {ticius
