4198 6442
254 417 361 479 τττ
1105 421 1672 483 APOLOGETICUS
1711 418 1860 480 PRO
1914 420 2177 485 SACRIS
2219 429 2679 497 macmnus

3402 457 3506 517 778

253 535 351 587 καὶ
379 535 857 604 ἐκπεφωνημένον,
899 537 992 587 καὶ
1015 534 1092 606 τῷ
1112 538 1281 607 τιμίῳ
1307 537 1450 592 κατὰ
1478 538 1576 608 τήν
1606 538 1808 609 Γραφὴ·

1937 551 2085 594 mero
2118 539 2233 612 (76)
2267 542 2618 614 insignitum;
2647 560 2701 602 ut
2728 560 2837 606 tum
2869 559 3272 624 pronuntiantis
3297 580 3506 625 summa

251 623 352 690 τὴν
399 624 755 678 θεόπνευστον
804 625 1044 696 ἀριθμῷ,
1080 627 1349 681 καὶτοῦτο
1386 629 1778 701 δεδοξασμένον
1813 648 1825 662 ·

253 715 342 768 ῐνα
369 714 454 768 διά
491 733 548 768 τε
570 715 665 768 τοῦ
691 717 1094 786 ἐπηγγελκότος
1122 717 1183 772 τὸ
1215 719 1617 790 ἀπαραίτητον,
1648 721 1737 774 διά
1771 739 1829 774 τε

249 807 344 860 τοῦ
374 807 605 877 ἀριθμοῦ
623 808 682 860 τὸ
703 809 996 878 ἐπίσημον,
1015 811 1407 882 ἀμφοτέρωθεν
1423 812 1538 882 ἔχοι
1561 811 1622 866 τὸ
1651 816 1830 884 πρᾶγ-

253 915 329 968 μα
362 899 422 950 τὸ
465 900 902 970 ἁπαράγραπτον
934 917 947 931 °
984 904 1033 955 εἰ
1064 903 1159 956 οῦν
1192 903 1263 956 τὰ
1307 904 1653 993 Χριστιανῶν
1687 925 1830 975 παρ-

249 994 486 1043 αιτοῖντο
527 993 578 1043 οἱ
613 993 809 1058 ἄθλιοι,
840 995 964 1057 τοὺς
995 994 1125 1062 γοῦν
1178 995 1469 1058 Ἰουδαίους
1522 998 1827 1067 μιμείσθω-

253 1099 375 1146 σαν,
417 1085 624 1154 μήποτε
674 1087 768 1138 καὶ
796 1085 975 1139 αὐτῶν
1017 1087 1233 1154 ὀφθεῖεν
1269 1090 1616 1159 ἀπιστότεροί
1646 1108 1704 1143 τε
1733 1093 1827 1145 καὶ

251 1175 720 1246 ἀγνωμονέστεροι
756 1193 770 1207 ο
805 1178 1043 1247 οὐδαμοῦ
1079 1179 1186 1250 γὰρ
1217 1181 1370 1250 παρὰ
1428 1181 1700 1246 Ἰουδαίοις
1735 1201 1827 1236 τε-

248 1267 514 1336 τόλμηται
571 1251 804 1321 εἰδώλων
867 1269 1092 1338 ὀνόματι
1152 1271 1324 1325 ταῦτα
1388 1273 1772 1344 περιυϐρίσθαι
1810 1315 1824 1338 ,

250 1358 428 1410 καίτοι
461 1359 719 1424 πολλάκις
749 1360 841 1414 τοῦ
879 1362 1020 1416 θείου
1045 1363 1389 1433 σεϐάσματος
1434 1366 1824 1436 ἀλογήσαντες,

248 1448 489 1512 εἰδώλοις
563 1451 975 1522 ἐξαπατώμενοι
1025 1453 1419 1525 λελατρεύκασι
1457 1472 1471 1486 ·
1522 1459 1699 1528 πάντη
1770 1457 1825 1511 δὲ

251 1541 383 1609 παρ’
419 1541 603 1602 αὐτοῖς
633 1543 792 1594 ταυτὶ
825 1542 980 1611 τίμια
1028 1545 1121 1596 καὶ
1152 1547 1505 1616 προσκυνητὰ
1539 1547 1633 1599 καὶ
1664 1545 1824 1600 σεϐά-

250 1647 387 1698 σμια
406 1647 420 1660 ·
455 1632 550 1683 καὶ
582 1632 823 1701 τοσούτῳ
855 1633 1150 1704 σεδάσμια,
1177 1635 1253 1698 ὡς
1278 1636 1481 1706 μηδένα
1508 1639 1616 1691 τῶν
1648 1638 1824 1692 ἄλλων

245 1722 360 1774 δέει
392 1726 483 1776 καὶ
511 1724 768 1796 εὐλαϐείᾳ⁵
789 1725 896 1777 τῶν
932 1727 1103 1793 ἁγίων
1148 1729 1428 1796 προσιέναι
1456 1746 1468 1758 ο
1496 1730 1634 1800 πλήν
1662 1749 1724 1798 γε
1748 1732 1822 1807 ,δὴ

245 1815 328 1866 ὅτι
351 1817 426 1878 εἰς
459 1816 555 1884 μὲν
573 1818 668 1889 τὴν
697 1817 917 1888 πρώτην
942 1819 1163 1890 σκηνὴν,
1195 1819 1282 1872 διὰ
1325 1823 1525 1886 παντὸς
1568 1825 1820 1893 εἰσῄεσαν

242 1906 296 1958 οι
328 1907 490 1976 ἱερεῖς
539 1906 638 1969 τὰς
674 1908 930 1977 λατρείας
982 1909 1355 1974 ἐπιτελοῦντες
1382 1929 1395 1941 ·
1427 1912 1566 1983 βατά
1611 1916 1719 1985 γὰρ
1752 1911 1820 1987 ἦν

244 2001 420 2053 ταῦτα
474 2005 585 2065 τοῖς
638 2002 854 2065 πολλοῖς
914 2005 1008 2057 καὶ
1071 2005 1365 2074 εύπρόσιτα
1397 2023 1410 2036 ·
1464 2007 1532 2061 τὰ
1588 2008 1643 2060 δὲ
1700 2009 1818 2078 μετ’

244 2095 482 2166 ἐκείνην,
529 2095 721 2166 ἀστιδῆ
774 2097 908 2149 πᾶσι
958 2098 1052 2149 καὶ
1093 2096 1365 2165 ἂψαυστα,
1396 2101 1477 2153 δτι
1536 2101 1613 2172 μὴ
1657 2102 1818 2172 μόνον

245 2187 429 2252 ἐφεῖτο
453 2186 530 2255 τῷ
566 2187 813 2257 ἀρχιερεί
843 2187 1061 2257 ἐφάπαξ
1111 2189 1204 2243 τοῦ
1248 2191 1498 2243 ἐνιαυτοῦ
1545 2195 1818 2264 είσιτητέα

243 2271 384 2328 εἶναι
412 2279 478 2331 τὰ
504 2280 864 2348 νενομισμένα
895 2282 982 2333 ἐπ’
1014 2282 1193 2345 αὐτοῖς
1249 2284 1635 2338 ἐπιτελέσοντι.

329 2371 604 2424 Ἐντεῦθεν
652 2374 706 2424 αἰ
745 2374 1007 2439 πανάγιαι
1055 2374 1313 2447 δυνάμεις
1346 2378 1512 2443 θείοις
1539 2383 1814 2450 προστάγ-

247 2479 411 2530 μασιν
458 2464 806 2529 εἰκονίζονται
838 2482 852 2496 ο
882 2467 1127 2520 ἐντεῦθεν
1155 2469 1251 2537 τῆς
1282 2471 1537 2540 τοιαύτης
1574 2471 1817 2542 κλήσεως

240 2555 548 2624 ὁμωνύμως
600 2559 711 2619 τοῖς
763 2558 1090 2627 ἀρχετύποις
1151 2561 1366 2627 ἁγίοις,
1424 2562 1492 2614 τὰ
1553 2565 1688 2636 πρὸς
1755 2566 1817 2619 τὸ

244 2644 558 2715 ἱλαστήριον
589 2646 998 2717 ὑπεριδρυμένα
1046 2649 1313 2721 τετύχηκε
1369 2656 1767 2726 χρυσοτόρευτα
1797 2673 1812 2687 ⁸

241 2737 339 2786 καὶ
370 2737 590 2799 εἰκότως
637 2738 1034 2811 προϐέϐληνται
1068 2744 1175 2795 τῶν
1208 2745 1504 2800 άτυπώτων
1543 2749 1592 2800 oi
1631 2750 1811 2815 τύποι,

240 2826 340 2879 καὶ
379 2826 486 2878 τῶν
520 2831 943 2900 ἀσχηματίστων
991 2833 1062 2886 τὰ
1117 2837 1372 2905 σχήματα
1403 2855 1416 2867 ⁸
1468 2839 1541 2903 ὡς
1590 2838 1813 2910 θεμιτὸν

241 2920 434 2986 φάναι,
496 2921 637 2973 κατὰ
690 2923 816 2984 τοὺς
881 2922 1172 2993 θεοσόφους
1195 2926 1352 2996 ήμῶν
1399 2928 1652 3000 Πατέρας
1719 2933 1813 2984 καὶ

238 3010 486 3070 κλεινοὺς
517 3010 615 3084 τῆς
659 3010 982 3082 Ἐκκλησίας
1008 3013 1413 3084 καθηγεμόνας,
1440 3016 1812 3092 ἀδυνατούσης

235 3099 340 3169 τῆς
388 3100 509 3154 καθ’
556 3104 704 3171 ἡμᾶς
744 3104 1035 3172 ἀναλογίας
1079 3108 1298 3176 ἀμέσως
1342 3110 1435 3162 ἐπὶ
1467 3110 1567 3175 τὰς
1614 3113 1813 3184 νοητὰς

215 3193 614 3245 ³ἀνατείνεσθαι
676 3194 946 3268 θεωρίας,
1004 3199 1099 3250 καὶ
1144 3199 1402 3271 δεομένης
1449 3203 1662 3258 οίκείων
1719 3179 1882 3258 κειὶο

235 3283 504 3353 συμφυῶν
551 3287 870 3355 ἀναγωγῶν,
909 3288 965 3340 αἳ
1025 3290 1123 3353 τὰς
1176 3292 1402 3359 ἐσρικτὰς
1428 3295 1559 3364 ἡμῖν
1600 3297 1811 3365 μορφάς

235 3379 581 3447 προτείνουσι
631 3379 739 3432 τῶν
769 3380 1108 3450 άμορφῶτων
1153 3384 1245 3436 καὶ
1272 3385 1565 3454 ὑπερφυῶν
1602 3388 1810 3458 θεαμά-

231 3484 345 3519 των
382 3485 396 3499 ο
425 3470 581 3521 τοῦτο
624 3473 732 3542 γὰρ
779 3471 881 3541 τῆς
933 3472 1079 3535 θείας
1142 3475 1501 3546 άγαθὸτητος,
1556 3481 1650 3531 καὶ
1709 3482 1807 3550 τῆς

232 3560 364 3627 περὶ
389 3562 532 3629 ἡμᾶς
562 3563 830 3632 πατρικῆς
855 3564 1201 3633 κηδεμονίας,
1233 3569 1333 3630 τὰς
1366 3569 1474 3621 τῶν
1500 3571 1808 3642 ὑπερουρα-

231 3653 362 3703 νίων
392 3653 668 3722 δυνάμεων
695 3657 1082 3720 ἐντυπωτικοίς
1115 3660 1406 3728 συμῦόλοις
1455 3663 1805 3732 ἐκφαίνεσθαι

232 3748 669 3816 μακιριότητας,
702 3749 794 3800 τὸν
822 3749 1093 3819 ήμέτερον
1119 3753 1380 3820 ἀνάγουσι
1416 3754 1560 3820 νοῦν,
1592 3759 1654 3827 τῇ
1687 3759 1805 3810 κατ’

227 3837 395 3890 αὑτὸν
435 3839 596 3909 ὑλαίᾳ
649 3843 989 3912 χειραγωγία
1053 3844 1356 3915 χρώμενον,
1400 3849 1493 3899 ἐπὶ
1539 3850 1638 3918 τὴν
1693 3850 1804 3905 τῶν

223 3932 446 3983 οἰκείων
468 3933 541 3992 ῶς
568 3933 786 3999 ἐφικτὸν
818 3935 1049 4005 μίμησίν
1082 3953 1139 3988 τε
1168 3939 1259 3989 καὶ
1290 3938 1544 4010 θεωρίαν.
1587 3959 1606 3994 ι
1643 3941 1803 3997 Ἀλλὰ

225 4019 464 4074 δεδόσθω
511 4024 661 4090 παρά
696 4023 831 4075 Θεοῦ
880 4026 977 4093 μὲν
1007 4027 1104 4097 τὴν
1155 4028 1343 4097 κλῆσιν
1372 4032 1498 4095 τοὺς
1555 4033 1646 4085 ἐπὶ
1703 4035 1802 4104 τῆς

225 4112 440 4181 σκηνῆς
495 4113 774 4183 Χερουϐὶμ
796 4115 1097 4182 εἰληφέναι,
1142 4121 1305 4171 πόθεν
1359 4122 1540 4186 αὐτοῖς
1587 4125 1646 4177 τὸ
1699 4126 1800 4194 τῆς

217 4205 382 4272 δόξης
403 4206 904 4274 ἐπιφημισθήσεται
934 4208 1152 4278 χρῆμας
1181 4230 1198 4261 ι
1241 4213 1362 4264 Ὀτι
1389 4231 1452 4281 γε
1484 4215 1548 4282 δὴ
1581 4217 1796 4287 πρῶτον

221 4297 325 4367 μὲν
354 4297 492 4349 Θεοῦ
520 4300 551 4368 ή
589 4298 881 4367 πρόσταξις
902 4319 914 4332 ο
940 4300 1040 4354 ὅσα
1072 4303 1129 4354 δὲ
1165 4305 1499 4374 ἐπήγγελται
1532 4307 1664 4371 Θεὸς
1702 4312 1797 4364 καὶ

218 4388 493 4457 πεποίηκε
523 4391 675 4458 τίμια
697 4406 711 4419 ο
732 4392 883 4443 οὐδὲν
917 4392 1023 4463 γὰρ
1053 4395 1172 4463 εἰκῆ
1196 4396 1314 4449 οὐδὲ
1338 4398 1513 4468 μάτην
1527 4400 1635 4452 τῶν
1662 4402 1794 4473 παρ’

219 4479 393 4533 αὑτοῦ
419 4497 471 4532 τι
496 4482 706 4550 πρόεισι
725 4498 737 4511 ⁸
759 4483 917 4536 τοῦτο
943 4484 989 4536 δ’
1017 4486 1082 4538 ἂν
1108 4487 1258 4556 εὖροι
1292 4505 1375 4552 τις
1404 4492 1498 4543 καὶ
1529 4493 1669 4547 κατὰ
1693 4495 1794 4564 τὴν

1913 4496 1984 4550 vel
2022 4496 2169 4565 iacit,
2199 4501 2250 4553 id
2282 4515 2366 4557 est
2408 4509 2717 4564 venerabile
2753 4531 2766 4566 :
2801 4516 2936 4570 nihil
2966 4521 3110 4576 enim
3140 4522 3342 4582 frustra

214 4573 612 4641 κοσμογένειαν
670 4576 1091 4644 ἱστορούμενον·
1131 4575 1270 4632 Εἷὸε
1325 4581 1469 4652 γάρ,
1529 4587 1714 4655 φησὶν,
1764 4591 1797 4642 ό

215 4664 389 4727 Θεὸς,
427 4663 523 4716 καὶ
566 4664 698 4718 ἰδοὺ
752 4665 948 4720 πάντα
985 4670 1143 4722 καλὰ
1185 4673 1348 4725 λίαν.
1401 4676 1630 4729 Ἔπειτα
1678 4679 1796 4744 πῶς

210 4753 276 4806 οὐ
306 4751 619 4815 δεδόξασται
664 4753 856 4817 ταῦτα,
877 4756 999 4809 ὅθεν
1024 4760 1367 4825 ἐπιφαίνεται
1396 4763 1528 4827 Θεὸς
1577 4767 1670 4819 καὶ
1712 4786 1796 4835 γι-

211 4844 525 4912 νώσκεται;
557 4848 606 4898 τί
649 4849 758 4916 γὰρ
797 4851 894 4919 τῆς
933 4850 1082 4913 θείας
1137 4854 1461 4919 ἐπιστασίας
1511 4861 1791 4928 περιδοξό-

208 4954 408 5006 τερονς
436 4937 468 5006 ἦ
493 4939 598 4990 τῶν
621 4940 743 4994 καθ’
800 4939 892 5004 οὓς
931 4944 1290 5012 οἰκονομικῶς
1324 4949 1581 5022 ἐπιφοιτᾷ
1611 4956 1790 5010 τόπων

208 5030 630 5102 εύκλεὲστερονς
656 5034 819 5088 πόθεν
845 5035 906 5086 τὸ
933 5036 1055 5107 ὅρος
1081 5038 1141 5091 τὸ
1171 5040 1299 5092 Σινὰ
1323 5039 1659 5108 δεδόξασται,
1693 5049 1789 5101 καὶ

209 5119 446 5189 φοδερδν
505 5122 599 5172 καί
647 5123 941 5192 ἀπρόσιτον
993 5125 1395 5196 ἀναδέδεικται;
1455 5135 1572 5196 inii;
1623 5136 1786 5205 ήκουε

209 5208 423 5276 Μωσῆς
449 5213 543 5279 τῆς
574 5209 885 5276 θεοστιϐοῦς
912 5213 1196 5283 ἐπιψαύων
1213 5221 1335 5286 γῆς·
1355 5219 1417 5272 ’0
1442 5222 1629 5290 τόπος
1643 5226 1712 5277 ἐν
1739 5221 1790 5293 ᾧ

203 5296 477 5363 ἕστηκας
509 5299 582 5368 γῆ
611 5301 751 5369 ἁτία
773 5304 910 5357 ἐστι’
931 5319 951 5369 ;
981 5305 1090 5359 τῶν
1125 5310 1329 5375 γηΐνων
1376 5313 1471 5364 καὶ
1500 5318 1779 5385 σαρκικῶν

204 5387 545 5442 ἀπολύεσθαι
589 5395 1075 5466 προσταττόμενος,
1117 5397 1152 5451 ἃ
1196 5399 1384 5471 ἐδήλου
1429 5406 1495 5458 τά
1528 5423 1587 5458 τε
1622 5408 1779 5477 ἄλλα,

204 5481 305 5535 καὶ
326 5480 436 5536 τῶν
458 5482 867 5558 ῦποδημάτωνή
896 5491 1187 5560 ἀφαίρεσις

201 5588 384 5630 semet
409 5583 749 5648 exspoliare;
783 5585 923 5650 quod
961 5585 1102 5640 inter
1129 5588 1232 5643 alia
1265 5595 1508 5650 ostendit

272 5708 324 5740 ”
357 5709 493 5765 Gen.
525 5728 560 5774 ι,
590 5714 678 5770 5l.
754 5716 801 5749 ⁸⁸
855 5717 1023 5775 Exod.
1055 5739 1132 5789 In,
1171 5725 1222 5779 5.

1937 637 2282 702 auctoritate,
2308 649 2416 695 tum
2439 646 2650 698 numeri
2670 649 2971 718 nobilitate,
3002 670 3088 710 res
3114 655 3228 712 haec
3248 661 3510 731 utrinque

1934 711 2007 778 sit
2044 727 2390 787 inviolabilis.
2429 731 2486 787 Si
2518 750 2650 805 ergo
2683 735 3115 800 Christianorum
3169 749 3414 806 instituta
3450 754 3507 809 Ιιί

1935 821 2118 874 miseri
2148 836 2431 892 respuunt,
2463 825 2683 885 Judazos
2712 832 2902 888 saltem
2929 837 3230 907 imitentur,
3269 860 3335 899 ne
3366 847 3508 904 forte

1934 912 2017 964 his
2052 928 2266 983 quoque
2295 919 2692 979 increduliores
2719 941 3020 996 appareant
3047 944 3102 987 et
3131 943 3510 994 contumacio-

1934 1018 2039 1058 tes.
2075 1004 2361 1076 Nunquam
2416 1012 2561 1066 enim
2611 1021 2728 1071 ausi
2772 1030 2899 1075 sunt
2939 1021 3111 1078 Judaei
3165 1026 3508 1089 Cherubinos

1933 1093 2195 1151 idolorum
2237 1100 2455 1156 nomine
2480 1103 2859 1176 dehonestare,
2897 1116 3114 1170 etiamsi
3144 1121 3341 1177 divina:
3377 1128 3504 1179 reli-

1929 1185 2104 1253 gionis
2140 1204 2280 1258 saepe
2328 1191 2502 1259 obliti,
2535 1197 2676 1250 idola
2715 1214 2901 1257 errore
2950 1208 3159 1277 decepti
3195 1211 3502 1275 coluerunt.

1930 1275 2016 1341 lli,
2052 1279 2290 1348 inquam,
2341 1285 2687 1345 honorabiles
2730 1295 2956 1349 oumioo
3010 1302 3155 1366 apud
3194 1317 3289 1358 eos
3327 1321 3505 1364 vene-

1931 1371 2192 1439 randiqne
2229 1372 2485 1444 fuerunt;
2521 1379 2630 1434 into
2657 1387 2794 1439 adeo
2832 1390 3189 1452 venerabiles.
3215 1405 3276 1450 ut
3301 1410 3506 1453 tuorta-

1930 1461 2059 1515 lium
2100 1479 2259 1520 nemo
2295 1480 2438 1523 metu
2469 1487 2535 1525 ac
2569 1474 2832 1544 religione
2875 1483 2939 1535 ad
2969 1483 3084 1538 hare
3123 1497 3310 1543 sancta
3343 1503 3502 1546 acce-

1932 1555 2120 1621 deret;
2183 1575 2414 1629 namque
2470 1563 2520 1616 in
2577 1567 2812 1634 priorem
2883 1575 3104 1642 quidem
3162 1581 3504 1638 tabernaculi

1932 1654 2137 1713 partem
2173 1650 2619 1718 ingrediebantur
2650 1674 2868 1731 semper
2901 1670 3213 1725 sacerdotes
3247 1675 3313 1726 ad
3344 1690 3501 1731 saeta

1930 1735 2196 1803 facienda,
2251 1746 2376 1810 quia
2426 1762 2548 1813 pars
2603 1751 2716 1807 hrec
2771 1757 2991 1815 adibilis
3046 1772 3165 1816 erat
3216 1766 3403 1822 multis
3438 1783 3505 1822 ac

1929 1827 2086 1886 facile
2115 1842 2332 1901 patens.
2390 1835 2774 1902 Verumtamen
2827 1855 3126 1918 penetralia
3162 1867 3285 1925 post
3329 1861 3500 1924 illam,

1928 1922 2074 1974 nullo
2126 1925 2264 1993 pede
2313 1929 2515 1984 calcari
2570 1945 2854 2004 poterant,
2915 1944 3018 1998 nisi
3059 1922 3200 2015 quod
3255 1922 3499 2017 pontillci

1927 2014 2162 2070 maximo
2206 2022 2375 2075 semel
2407 2024 2459 2076 in
2495 2041 2663 2087 anno.
2686 2033 2754 2086 ad
2785 2034 2985 2104 legales
3015 2038 3154 2096 ritus
3187 2041 3300 2096 illic
3331 2058 3500 2101 exse-

1923 2106 2166 2170 quendas
2198 2108 2408 2179 ingredi
2443 2115 2664 2172 licebat.

1992 2379 2115 2436 ideo
2162 2387 2518 2446 sanctissimae
2581 2394 2664 2448 ha:
2693 2403 2945 2465 potentiae
2997 2408 3180 2465 divino
3227 2418 3492 2474 mandato

1922 2472 2240 2542 ﬁgurantur.
2267 2479 2474 2538 Idcirco
2504 2489 2694 2542 eodem
2720 2504 3028 2552 sanctorum
3059 2504 3484 2578 archetypornm

1921 2569 2138 2624 nomine
2173 2573 2532 2642 appellantur,
2584 2580 2639 2634 hi
2687 2585 2779 2650 qni
2827 2601 2990 2655 Super
3047 2569 3489 2662 prapitiaiorium

1919 2664 2198 2718 constituti
2231 2678 2357 2722 sunt
2404 2673 2553 2726 aurei
2605 2674 2933 2749 Cheruliini;
2992 2689 3296 2759 meritoque
3332 2699 3491 2751 nobis

1918 2752 2245 2810 exhibentur
2289 2773 2468 2814 rerum
2512 2763 2682 2820 forma
2714 2775 3014 2829 carentium
3049 2777 3257 2850 iormze,
3299 2797 3490 2844 etnon

1919 2838 2270 2908 tiguratarum
2326 2850 2530 2918 ﬁgura.
2587 2854 2664 2910 Ita
2727 2870 2783 2913 nt
2831 2877 2978 2920 recte
3038 2838 3326 2931 dicendum
3379 2882 3488 2946 sit,

1917 2937 2214 2990 secundum
2245 2941 2466 2999 edoctos
2499 2961 2528 3000 a
2559 2946 2669 3004 Deo
2706 2950 2900 3012 Patres
2936 2974 3173 3032 nostros,
3223 2969 3491 3042 inclytos-

1916 3043 2021 3096 que
2055 3027 2314 3088 Ecclesiae
2358 3041 2547 3106 duces,
2601 3049 2741 3111 quod
2796 3065 2916 3103 cum
2970 3057 3040 3109 sit
3067 3027 3491 3134 impotcns‘pro-

1918 3123 2092 3191 portio
2151 3141 2335 3182 nostra
2394 3133 2462 3186 ad
2525 3135 2917 3199 intellectuales
2983 3148 3223 3208 theorias
3282 3158 3487 3228 absque

1921 3214 2241 3272 intermedio
2300 3226 2870 3301 comprehendendas,
2943 3253 3208 3312 egeatque
3255 3253 3489 3317 propriis

1917 3311 1972 3353 et
2015 3307 2350 3364 naturalibus
2398 3313 2915 3390 introductiouibus,
2966 3307 3086 3397 qum
3119 3307 3488 3406 comprehen-

1917 3393 2103 3449 sibiles
2159 3400 2314 3455 nobis
2375 3406 2633 3463 exhibent
2697 3411 2904 3471 fortnas
2969 3423 3306 3492 objectornm
3367 3436 3487 3489 sine

1917 3487 2083 3555 lignra
2119 3505 2182 3545 ac
2220 3501 2750 3571 snpernaturalium;
2788 3518 2874 3564 est
2917 3513 3102 3582 utique
3146 3520 3245 3575 hoc
3291 3524 3487 3583 divinae

1916 3576 2172 3633 bonitatis
2207 3593 2555 3657 pateramque
2602 3607 2729 3663 erga
2781 3611 2877 3653 nos
2923 3605 3272 3670 providentia:
3315 3614 3484 3671 liene-

1915 3666 2127 3734 ticium,
2189 3685 2245 3726 nt
2312 3683 2777 3744 snperctnlestium
2839 3703 3166 3758 potestatum
3235 3705 3480 3774 ﬁguratis

1913 3758 1966 3811 in
2021 3762 2278 3826 symbolis
2327 3781 2561 3824 mentem
2616 3785 2854 3832 nostram
2921 3758 3325 3849 sustollenttbaa
3386 3797 3482 3853 de-

1913 3862 2174 3908 monstret
2244 3855 2642 3931 beatitndines,
2724 3875 2991 3929 materiali
3065 3887 3481 3944 manuductione

1913 3946 2111 3998 utendo
2161 3950 2226 4002 ad
2284 3965 2504 4009 suarum
2568 3963 2962 4030 proprietatum
3011 3971 3371 4034 imitationem
3427 3996 3481 4036 ct

1909 4040 2437 4106 contemplationem.
2501 4067 2519 4100 ι
2566 4052 2803 4121 Atenim,
2855 4060 3107 4126 inquiunt
3157 4070 3475 4132 adversarii.

1907 4130 2233 4186 concedatur
2299 4151 2429 4192 sane
2482 4141 2821 4202 tabernaculi
2881 4145 3221 4214 Cherubinos
3273 4176 3304 4215 a
3361 4164 3516 4220 Deo.

1905 4234 2055 4274 Suam
2079 4225 2351 4292 accepisse
2373 4233 2817 4304 appellationem;
2851 4247 3117 4301 undenam
3143 4261 3319 4308 tamen
3345 4256 3477 4324 ipsis

1904 4310 2084 4378 gloria:
2111 4315 2365 4383 majestas
2394 4324 2758 4382 attribuetur?
2790 4348 2810 4382 ι
2841 4331 3027 4389 Primo
3053 4325 3285 4407 scilicet,
3345 4350 3471 4413 quia

1905 4400 1998 4455 Dei
2028 4418 2353 4475 preceptmn
2381 4422 2497 4479 est;
2535 4417 2797 4489 quidquid
2845 4435 3028 4481 antem
3075 4400 3294 4490 mandat
3332 4400 3471 4495 [iens

3377 4546 3470 4586 aut

1899 4603 2094 4645 vanum
2129 4595 2198 4647 ab
2224 4610 2289 4650 eo
2321 4603 2586 4665 procedit.
2615 4603 2728 4659 lloc
2749 4613 3057 4678 comperire
3086 4617 3265 4684 quivis
3293 4632 3470 4690 potest

1894 4682 1948 4734 in
1979 4684 2090 4753 ipsa
2115 4693 2462 4758 cosmogonia
2487 4708 2808 4762 expressum
2841 4719 2856 4754 :
2899 4702 3039 4758 Vidit
3067 4710 3233 4773 enim,
3273 4714 3465 4782 inquit,

1893 4770 2071 4840 Deus;
2126 4787 2176 4829 et
2227 4795 2342 4833 ecce
2389 4786 2565 4838 omnia
2601 4799 2751 4841 erant
2801 4793 2952 4846 valde
3005 4796 3138 4852 bona
3156 4800 3201 4831 "
3266 4803 3468 4859 Deinde

1889 4865 2078 4932 quidni
2147 4869 2255 4923 sint
2307 4871 2360 4925 hi
2411 4874 2656 4943 gloriosi,
2684 4885 2826 4936 unde
2877 4883 3016 4940 Dens
3050 4899 3102 4942 et
3152 4904 3378 4958 apparet
3413 4911 3466 4947 et

1892 4957 2245 5024 agnoscitur?
2273 4961 2412 5027 Quid
2460 4968 2604 5020 enim
2637 4969 2817 5024 divina
2860 4978 3094 5032 statione
3141 4983 3467 5047 gloriosius?

1895 5049 1976 5102 vel
2006 5053 2132 5118 quid
2169 5053 2439 5110 illustrius
2474 5059 2611 5116 locis
2663 5065 2715 5117 in
2755 5068 2952 5132 quibus
2980 5074 3094 5140 ipse
3124 5091 3185 5128 ea
3217 5093 3321 5144 qua
3353 5084 3461 5134 vult

1902 5143 2108 5194 ratione
2145 5146 2388 5200 residet?
2429 5148 2712 5208 Undenant
2762 5157 2912 5214 Sinni
2962 5166 3130 5218 umnti
3181 5143 3375 5237 gloria,
3409 5185 3462 5226 et

1891 5237 2214 5298 reverentia,
2243 5236 2409 5311 244
2441 5249 2605 5312 atque
2639 5249 2930 5304 accedendi
2965 5236 3275 5314 interdictio
3327 5278 3456 5317 con-

1891 5325 2013 5378 itala
2046 5326 2181 5382 fuit?
2211 5329 2324 5409 Cur
2351 5332 2589 5405 Moyses,
2619 5339 2746 5392 dum
2774 5351 2970 5398 terram
3001 5361 3031 5402 a
3061 5349 3165 5402 Deo
3198 5350 3458 5409 calcatum

1889 5404 2254 5488 contingeret,
2306 5425 2474 5478 audiit
2509 5443 2524 5480 :
2562 5426 2732 5482 Locus
2774 5433 2827 5486 in
2862 5452 2964 5504 quo
3008 5441 3276 5506 cansistis,
3315 5458 3457 5501 terra

281 5824 398 5895 (Te)
443 5825 575 5881 Dicit
604 5826 984 5899 Septenarium,
1027 5839 1080 5893 in
1109 5845 1277 5899 sacris
1312 5843 1499 5905 Bibliis
1533 5850 1766 5923 celebre,
1810 5856 1876 5913 de
1904 5873 2010 5928 quo
2037 5862 2388 5931 peculiariter
2417 5867 2636 5938 scripsit
2674 5870 2851 5930 Philo.

513 5919 783 5983 PATKOL.
832 5926 1016 5990 Cati.
