4198 6442
239 409 348 473 785

1053 412 1622 477 APOLOGETICUS
1656 417 1806 477 PRO
1863 416 2130 480 SACRIS
2172 415 2655 479 IMAGINIBUS.

3382 421 3488 485 785

237 518 626 587 πεπιστεῦθαι,
681 521 806 575 ἐπεὶ
857 520 951 576 καὶ
992 525 1065 594 τῇ
1105 523 1215 578 τῶν
1260 525 1518 580 ἐναντίων
1564 526 1862 591 ἐκτόπωςέ

1912 528 2067 584 randi
2119 539 2248 586 sunt
2278 528 2345 585 iis
2383 527 2473 598 qui
2528 528 2791 597 profunda
2828 540 2987 585 nocte
3037 545 3285 600 asperam
3316 543 3376 588 et
3398 550 3490 590 ar-

241 610 656 665 π).εονεκτοῠσιν
708 611 917 683 αἱρέσει
940 628 954 644 ο
1002 612 1211 667 ἐοίκασι
1261 615 1371 686 γὰρ
1402 616 1453 670 oi
1484 618 1551 687 τῇ
1591 616 1815 687 ματαιό-

239 720 366 772 τητι
394 703 491 756 καὶ
518 703 597 774 τῷ
612 702 799 773 ψεύδει
821 706 1240 776 κατισχημένοι,
1262 709 1373 771 τοῖς
1404 710 1463 762 ἐν
1506 708 1685 780 σκότῳ
1720 708 1814 780 βα-

240 795 328 847 Osi
356 795 619 865 τραχεῖάν
659 812 784 850 τινα
806 796 901 850 καὶ
935 797 1215 869 προσάντη
1264 799 1359 852 καὶ
1388 798 1611 863 πολλαῖς
1643 799 1812 854 ἀκάν-

240 884 364 949 θαις
393 887 485 939 καὶ
510 887 732 957 σκόλοψι
781 889 1292 960 κατεστορεσμένην
1332 888 1506 942 ίοῦσιν
1536 890 1677 955 ὁδὸν,
1733 885 1814 953 οἷς

243 974 535 1044 συμϐαίνει
558 977 810 1049 ἀπείροις
853 981 967 1040 τοῖς
990 978 1056 1031 ἐκ
1082 978 1193 1032 τῶν
1222 978 1675 1049 διαπταισμάτων
1712 980 1815 1050 τῆς

240 1065 506 1135 άϐλεψίας
535 1066 824 1131 κινδύνοις,
850 1069 946 1122 καὶ
974 1068 1298 1138 ἀνηκέστοις
1312 1069 1529 1133 ὀδύναις
1554 1070 1812 1142 περιπείο

243 1155 433 1224 ρεσθαι
466 1171 480 1186 ⁸
512 1154 656 1209 οὕτω
687 1156 797 1228 γάρ
815 1158 911 1210 καὶ
938 1157 1094 1211 αὐτοὶ
1120 1159 1189 1229 τῇ
1227 1158 1391 1228 ἀχλύῖ
1419 1159 1520 1230 τῆς
1553 1158 1813 1223 ἀπιστίας

239 1247 381 1316 όμοῦ
406 1248 500 1301 καὶ
523 1248 762 1317 ἀμαθίας
790 1248 1208 1320 περιπεσόντες,
1239 1250 1335 1305 καὶ
1384 1249 1598 1305 πλείοσι
1637 1268 1811 1322 προσ-

242 1342 495 1412 κόμμασι
515 1342 837 1414 δυσφημιῶν
863 1345 959 1398 καὶ
985 1344 1219 1416 ὕϐρεων,
1274 1340 1351 1399 ὧν
1380 1345 1524 1400 κατά
1573 1347 1673 1417 τῆς
1717 1346 1813 1401 τοῦ

243 1431 499 1504 Σωτῆρος
526 1434 838 1504 οἰκονομίας
873 1434 1065 1506 ῶσπερ
1095 1434 1280 1498 λίθους
1306 1436 1358 1488 ol
1402 1435 1635 1500 τάλανες
1687 1433 1813 1506 βάλσ

1917 620 2082 676 duam
2108 620 2400 689 multisque
2433 618 2605 689 spinis
2648 620 2979 691 sudibusque
3015 622 3273 678 refertam
3307 634 3487 682 terant

1918 712 2085 777 viam,
2116 711 2314 779 quibus
2342 711 2527 780 utique
2556 711 2810 766 usuvenit
2840 721 2898 766 ut
2926 710 3152 768 inﬁnitis
3195 715 3485 783 prolaben-

1920 804 1991 858 tis
2040 801 2301 858 cecitatis
2356 793 2726 872 periculiset
2786 802 3138 860 intolerandis
3207 805 3486 863 doloribus

1921 890 2252 964 alﬂigantur.
2277 892 2369 948 Sic
2392 891 2559 947 etisti
2585 892 2988 949 incredulitatis
3027 896 3360 966 insciusque
3378 912 3490 953 sua:

1919 984 2152 1055 caligine
2201 981 2545 1049 circumfusi,
2579 984 2841 1054 pluraque
2878 983 3200 1042 oﬂendicula
3234 987 3488 1060 blasphe-

1919 1075 2146 1129 miarum
2180 1083 2235 1129 et
2275 1073 2595 1146 injuri'arnm
2645 1077 2987 1135 incurrentes
3008 1120 3024 1148 ,
3074 1096 3198 1151 quae
3231 1080 3332 1150 ipsi
3365 1092 3489 1137 tan-

1918 1180 2082 1235 quam
2146 1165 2352 1235 lapides
2411 1179 2617 1223 contra,
2671 1167 2980 1225 Servatoris
3044 1173 3487 1229 humanationem

1913 1254 2144 1324 iaciunt,
2170 1257 2378 1326 peccati
2408 1257 2615 1312 aculeis
2644 1258 2854 1314 animas
2900 1275 3049 1322 suas.
3077 1271 3261 1331 utpote
3296 1262 3387 1331 qui
3420 1264 3488 1317 al

1922 1347 2226 1403 rectissima
2249 1363 2391 1404 verte
2432 1348 2710 1420 religionis
2732 1349 2989 1421 dogmata
3014 1356 3299 1408 cecutiunt
3323 1393 3340 1420 ,
3371 1354 3491 1408 sine

1920 1437 2084 1493 dubio
2116 1438 2422 1496 vulnerant.

242 1522 431 1577 λουσιν
468 1524 770 1589 ἐναλόντες,
798 1527 916 1588 ταῖς
944 1525 1099 1579 ἀκίσι
1142 1526 1244 1594 τῆς
1280 1526 1557 1599 ἁμαρτίας
1578 1568 1593 1591 ,
1637 1527 1735 1589 τὰς
1784 1525 1989 1599 ψυχάς,
2023 1526 2221 1601 οἷάπερ
2245 1534 2381 1605 πρὸς
2407 1533 2477 1588 τά
2517 1533 2788 1589 εύθύτατα
2819 1537 2921 1605 τῆς
2965 1536 3251 1600 εὐσεϐείας
3291 1537 3489 1591 ἀποτυ-

244 1615 584 1684 φλώττοντες
604 1615 873 1687 δόγματα,
907 1618 1226 1688 περιφανῶς
1255 1618 1811 1692 κατατιτρώσκονται.

316 1708 417 1779 οβ’.
460 1708 618 1763 Ἀλλά
645 1710 717 1763 τά
751 1710 849 1781 μὲν
874 1711 1016 1765 κατά
1049 1711 1274 1777 Μωσέα,
1313 1712 1409 1766 καὶ
1452 1711 1521 1766 τά
1568 1711 1676 1766 τῶν
1711 1729 1818 1765 πα-

243 1802 418 1857 λαιῶν
444 1802 671 1855 ἐκείνων
694 1804 869 1872 πέρας
904 1805 1076 1873 ἐχέτω
1105 1820 1119 1835 ’
1162 1805 1255 1858 ἐπὶ
1276 1804 1333 1858 δὲ
1355 1804 1423 1859 τά
1463 1803 1680 1867 πολλοῖς
1723 1803 1818 1857 ὓσ-

242 1910 405 1964 τερον
428 1894 640 1966 χρόνοις
663 1894 807 1948 κατὰ
833 1896 934 1965 τὴν
974 1896 1247 1951 Ἰουδαίων
1296 1897 1657 1968 περιφάνειαν
1691 1898 1817 1950 ἐπί-

246 2001 403 2055 σημα
442 1985 538 2038 νῦν
562 1980 679 2055 εἶμι
705 2002 720 2019 ο
752 1985 1144 2055 δεδοξασμένος
1182 1989 1212 2041 ό
1260 1988 1609 2060 Σολομῶντος
1658 1987 1816 2055 νεὼς,

246 2076 369 2141 πῶς
389 2078 495 2148 γὰρ
526 2075 619 2142 οὕς
650 2078 775 2131 ἐπεὶ
798 2076 934 2130 Θεοῦ
965 2072 1113 2141 οἶκος
1141 2078 1236 2131 καὶ
1262 2078 1424 2143 αὐτὸς
1472 2080 1568 2132 καὶ
1595 2079 1819 2148 διάταγ-

249 2185 347 2240 μα,
385 2172 478 2224 καὶ
500 2171 686 2241 ἡλίκος
723 2171 927 2231 ἐκεῖνος
956 2167 1052 2221 τοῦ
1108 2169 1273 2238 σοφοῦ
1312 2172 1408 2225 καλ⁸
1441 2171 1734 2241 κρατίστου
1785 2173 1814 2224 ὁ

244 2261 619 2332 παμποίκιλος
655 2264 747 2315 καὶ
766 2260 1049 2330 διαϐόητος
1079 2261 1241 2333 δόμος
1264 2281 1277 2294 ·
1310 2266 1406 2317 καὶ
1435 2264 1487 2318 τί
1515 2266 1625 2336 γὰρ
1653 2266 1685 2337 ἢ
1717 2267 1817 2319 Σο-

244 2353 520 2422 λομῶντος
545 2354 737 2423 ἓργον;
772 2349 1056 2422 φιλοτιμίᾳ
1089 2350 1196 2424 γὰρ
1223 2353 1320 2407 καὶ
1348 2353 1673 2426 πολυτελείᾳ
1723 2356 1821 2408 καὶ

246 2443 568 2514 ἀναλώμασι
614 2444 891 2509 πλείστοις
940 2446 1087 2511 ὅσοις
1135 2445 1547 2517 ἀποχρώμενος,
1582 2446 1686 2515 τῆς
1731 2447 1819 2499 ἐπ’

248 2535 401 2605 αὐτῷ
427 2537 681 2601 εὐκλείας
708 2539 804 2591 καὶ
828 2537 987 2608 δόξης
1022 2540 1098 2604 ώς
1123 2540 1321 2610 ἄριστα
1350 2540 1696 2609 μετεποιεῖτο
1713 2537 1820 2591 τῶν

247 2630 687 2701 σπουδασμάτων
717 2648 731 2662 ο
779 2628 898 2685 εἶτα
946 2632 1138 2702 ἐπειδὴ
1191 2633 1397 2695 ἐκεῖνος
1428 2631 1728 2702 καθῄρητο,
1792 2630 1821 2682 ό

250 2723 371 2794 μετ’
398 2724 604 2776 ἐκεῖνον
646 2724 1028 2792 ἀνιστάμενος,
1073 2723 1199 2794 δόξῃ
1239 2724 1335 2779 καὶ
1365 2724 1713 2794 λαμπρότητι
1743 2723 1821 2776 οί-

240 2811 508 2882 κοδομίας
531 2829 588 2865 τε
627 2812 855 2875 εῐνεκεν,
895 2815 991 2865 καί⁵
1031 2813 1140 2866 τῶν
1164 2814 1341 2868 ἄλλων
1371 2813 1545 2885 δήπου
1581 2830 1821 2885 περιφα-

248 2904 506 2973 νέστερος
532 2903 839 2972 διεφαίνετο
862 2920 877 2935 ·
908 2903 1145 2971 δηλώσει
1178 2905 1236 2958 δὲ
1267 2907 1359 2958 καὶ
1409 2906 1438 2958 ὁ
1479 2906 1820 2976 προφητικδς

242 2995 422 3049 ταῦτα
442 2995 619 3064 λόγος’
654 2996 900 3065 Μεγάλη
927 2999 1062 3068 γὰρ,
1093 2999 1262 3071 φησὶν
1345 2996 1519 3050 ἔσται
1573 2998 1611 3066 ἠ
1670 2996 1821 3061 δόξα

243 3089 357 3143 τοῦ
385 3090 554 3144 οἴκου
592 3092 808 3145 τούτου
837 3092 877 3159 ἡ
905 3078 1315 3161 ἐσχάτηὺπὲρ
1366 3088 1483 3156 τὴν
1528 3087 1769 3156 πρώτην
1800 3104 1817 3118 °

2000 1712 2085 1768 72.
2148 1711 2400 1769 Sedenim
2449 1713 2517 1769 de
2562 1712 2722 1770 rebus
2766 1714 2968 1786 Moysis
2999 1716 3337 1787 aliorumque
3377 1720 3492 1789 pri-

1923 1818 2159 1868 scorum,
2195 1790 2487 1871 hactenus;
2519 1814 2682 1875 atque
2714 1806 2779 1859 ad
2821 1805 2924 1859 alia
2960 1806 3142 1861 multis
3173 1817 3296 1877 post
3329 1823 3493 1863 mecu-

1920 1896 2021 1962 lis,
2078 1895 2386 1951 Judteorum
2432 1898 2590 1953 rebus
2656 1896 2986 1965 ﬂorentibus,
3055 1901 3285 1971 insignia
3346 1917 3489 1955 nune

1921 1996 2157 2041 transeo.
2200 1984 2507 2043 Gioriosum
2536 1987 2637 2041 fuit
2682 1986 2991 2043 Salomonis
3031 1992 3331 2059 templum;
3369 1992 3490 2057 quis

1923 2078 2117 2148 neget?
2150 2079 2407 2148 quoniam
2453 2089 2509 2134 et
2551 2080 2645 2134 Dei
2679 2081 2870 2135 domus
2900 2089 3049 2147 erat,
3083 2093 3137 2137 et
3169 2097 3237 2137 eo
3266 2083 3492 2153 jubente

1920 2170 2271 2225 aediﬁcatum.
2305 2169 2497 2235 Quale,
2527 2171 2769 2239 inquam,
2796 2170 2897 2225 fuit
2924 2173 3188 2240 sapientis
3222 2176 3491 2241 potentis-

1921 2262 2154 2331 simique
2184 2261 2326 2329 regis
2366 2259 2774 2315 ornatissimum
2807 2271 2862 2315 et
2903 2262 3317 2319 celeberrimum
3360 2265 3490 2321 aedi—

1924 2352 2143 2409 licium?
2168 2353 2450 2420 Quomodo
2478 2354 2622 2407 enim
2656 2353 2813 2409 aliter
2840 2368 2900 2409 se
2938 2356 3161 2412 haberet
3185 2354 3492 2411 Salomonis

1922 2446 2101 2517 opus?
2130 2443 2500 2500 Munillceutia
2529 2448 2672 2500 enim
2700 2455 2755 2501 et
2779 2446 2974 2514 Opibus
3015 2455 3070 2502 et
3105 2447 3350 2515 impensa
3382 2448 3494 2516 plu-

1924 2538 2059 2592 rima
2092 2546 2275 2601 utens,
2316 2536 2383 2590 ad
2417 2535 2576 2592 fama:
2616 2550 2727 2592 sua:
2761 2538 3055 2607 gloriaeque
3108 2539 3266 2608 digna
3314 2541 3491 2595 studia

1922 2630 2291 2689 incumbebat.
2357 2630 2559 2684 Deinde
2609 2636 2789 2684 vetere
2836 2631 2939 2684 hoc
2984 2633 3303 2693 destructo.
3363 2631 3491 2685 illud

1923 2723 2064 2792 quod
2113 2730 2297 2791 postea
2347 2722 2664 2775 suscitatam
2723 2719 2844 2785 l‘uit,
2892 2719 3061 2788 gloria
3104 2730 3159 2775 et
3204 2729 3491 2775 structura:

1924 2812 2207 2882 majestate
2252 2811 2463 2865 caeteris
2497 2809 2760 2864 illustrius
2802 2809 2975 2862 visum
3015 2821 3133 2875 est;
3170 2825 3331 2879 quam
3380 2826 3490 2864 rem

1924 2903 2267 2972 propheticus
2293 2916 2474 2956 sermo
2508 2900 2835 2956 testabitur:
2868 2901 3066 2968 Magna
3101 2902 3262 2965 enim,
3294 2903 3491 2969 inquit,

1923 2996 2024 3050 erit
2060 2995 2231 3065 gloria
2259 2996 2447 3049 domus
2475 2992 2633 3064 hujus
2675 2993 2977 3057 novissima,
3011 3010 3121 3063 pra:
3168 2994 3260 3047 illa
3292 2996 3490 3060 priore.

1926 3085 1993 3140 Et
2024 3087 2119 3142 hoc
2164 3088 2221 3140 in
2270 3086 2384 3140 loco
2414 3102 2594 3155 pacem
2646 3087 2801 3151 dabo,
2848 3086 2925 3139 ait
2964 3084 3221 3139 Dominus
3260 3087 3495 3146 omnipo-

247 3182 350 3235 καί
378 3181 447 3234 ἐν
477 3182 558 3247 τῷ
584 3182 744 3249 τόπῳ
764 3184 957 3246 τούτῳ
983 3182 1156 3236 δώσω
1183 3179 1455 3248 εἰρήνην,
1491 3181 1655 3248 λέγει
1700 3180 1819 3233 Κύο
1849 3190 1862 3244 t

1925 3191 2057 3246 lens,
2105 3188 2154 3234 ει
2198 3196 2378 3248 pacem
2418 3180 2610 3233 anima:
2646 3180 2718 3232 ad
2748 3181 3145 3249 acquisitionem
3194 3179 3334 3233 omni
3364 3180 3494 3233 atii-

239 3288 375 3340 ριος
395 3271 838 3340 παντοκράτωρ,
884 3273 983 3325 καὶ
1015 3270 1263 3340 εἰρήνην
1286 3269 1495 3339 ψυχῆς
1522 3272 1610 3335 εις
1656 3284 1820 3337 ,περι-

247 3365 504 3431 ποίησιν
535 3364 715 3417 παντὶ
761 3362 842 3429 τῷ
870 3362 1125 3423 κτίζοντι
1164 3364 1270 3417 τοῦ
1316 3360 1660 3429 ἀναστῆσαι
1712 3361 1822 3416 τὸν

248 3456 404 3508 ναὸν
429 3455 664 3509 τοῦτον.
727 3452 981 3524 Είρηκὼς
1030 3453 1209 3508 τοίνυν
1245 3454 1275 3506 ό
1331 3452 1477 3516 θεῖος
1534 3452 1822 3523 προφήτης

249 3544 332 3615 τῷ
361 3544 701 3615 συγκριτικῷ
728 3544 823 3598 τοῦ
849 3545 1009 3612 λόγου
1039 3547 1389 3616 χρησάμενος
1416 3544 1684 3613 σχήματι,
1711 3540 1820 3594 ἐδί-

246 3636 577 3707 δαξενήμᾶς
610 3635 1083 3707 ἐπιψηφιζόμενος
1131 3638 1227 3690 καὶ
1279 3636 1378 3705 τὴν
1408 3635 1503 3687 τοῦ
1551 3633 1821 3704 προτέρου

247 3729 400 3781 οἴκου
452 3726 661 3793 ἔνδοξον
703 3728 1056 3799 ὑπάρχουσαν
1105 3728 1400 3798 διασκευήν
1438 3742 1453 3757 ’
1492 3724 1678 3795 ἐπειδὴ
1714 3725 1824 3795 γάρ

250 3838 386 3874 ποτε
417 3820 786 3891 πεπαρῴνηκέ
811 3822 908 3873 καὶ
954 3820 1262 3891 ἐξήμαρτεν
1313 3819 1391 3881 εἰς
1420 3819 1512 3871 τὸν
1562 3817 1825 3870 κτίσαντά

248 3929 313 3968 τε
343 3913 439 3965 καὶ
465 3912 858 3983 εὐεργετοῦντα
884 3911 1015 3965 Θεὸν
1049 3910 1265 3965 όπάλαι
1302 3909 1643 3979 Ἰσραηλίτης
1674 3909 1822 3972 λαὸς,

249 4005 364 4060 τῶν
411 4003 677 4059 δοθέντων
738 4003 887 4073 αὑτῷ
930 4003 1019 4057 διά
1067 4002 1311 4064 Μωσέως
1368 4001 1825 4072 κατολιγωρήσας

252 4097 496 4167 θεσμῶν,
529 4097 850 4169 παράνομον
876 4097 933 4150 δέ
971 4094 1160 4166 βιοτὴν
1208 4094 1302 4147 καὶ
1336 4092 1455 4162 Θεῷ
1514 4093 1826 4162 ἀπᾴδουσαν

251 4188 356 4258 τῆς
383 4188 781 4258 νενομισμένης
816 4186 1223 4258 ἀνθῃρημένος,
1253 4184 1529 4253 λελύπηκε
1547 4185 1644 4254 τὴν
1675 4184 1825 4235 θείαν

249 4280 433 4349 δίκην,
468 4279 642 4350 ταύτῃ
671 4295 754 4332 τοι
783 4279 879 4331 καὶ
923 4279 994 4330 τὰ
1023 4281 1088 4332 ἐκ
1137 4280 1234 4347 τῆς
1267 4275 1476 4330 ἀνωθεν
1530 4275 1700 4344 ὀργῆς
1745 4276 1826 4327 δι-

254 4375 424 4442 έφερε
455 4370 714 4440 δυσχερῆ,
749 4370 844 4422 καὶ
893 4369 1047 4431 δίκας
1074 4367 1184 4421 τῶν
1222 4366 1629 4438 ἡμαρτημένων
1659 4366 1826 4419 ἐδίδο-

254 4482 390 4518 σαν·
417 4462 666 4533 πολέμιοι
686 4464 796 4534 γάρ
828 4463 971 4516 κατά
990 4462 1281 4531 διαφόρους
1318 4461 1562 4521 ἐπιόντες
1579 4459 1826 4530 χρόνους,

250 4555 592 4626 αὐτάνδρους
617 4554 717 4617 τάς
746 4554 928 4616 πόλεις
948 4552 1127 4606 αὐτῶν
1152 4550 1472 4622 ἀνήρπαζον
1498 4567 1511 4581 ⁸
1558 4551 1663 4602 ὑπὸ
1694 4549 1826 4620 βαρ-

252 4650 449 4719 ϐάροις
492 4647 625 4716 γοῦν
674 4646 894 4718 ἐχθροῖς
936 4646 1241 4715 γενόμενοι,
1300 4643 1535 4697 καὶτῶν
1579 4643 1827 4714 πατρίων

250 4738 396 4793 ἐθῶν
455 4739 931 4809 μετανιστάμενοι,
984 4737 1082 4806 τὴν
1134 4736 1424 4806 ἀλλοτρίαν
1482 4734 1746 4806 νέμεσθαι
1778 4734 1839 4788 οί’

252 4830 569 4905 δορίληπτοι
601 4830 1021 4893 κατεδικάζοντο
1048 4846 1062 4861 ·
1120 4828 1361 4897 ὑστάτην
1415 4823 1509 4881 οὖν
1554 4828 1828 4899 τιμωρίαν

256 4920 530 4986 ἐξέτισαν,
559 4922 721 4973 όπότε
751 4921 1065 4991 ἐπέστησαν
1100 4917 1463 4981 Βαϐυλώνιοι,
1503 4919 1597 4970 καὶ
1639 4920 1672 4988 η
1733 4935 1829 4969 πε-

255 5015 481 5085 ρίοπτος
504 5011 691 5082 ἐκείνη
721 5013 815 5065 καὶ
840 5010 1247 5082 πολυθρύλητος
1278 5009 1432 5072 πόλις
1482 5008 1827 5081 πορθουμένη

251 5101 657 5172 κατέστραπτο,
691 5102 760 5154 τά
787 5117 845 5153 τε
883 5100 1188 5170 περικαλλῆ
1236 5100 1407 5170 αὐτῆς
1433 5101 1528 5152 καὶ
1562 5100 1831 5169 κράτιστα

251 5196 485 5268 δώματα
542 5195 885 5268 βαρϐαρικοῦ
942 5195 1111 5267 πυρὸς
1152 5196 1371 5264 ἐγένετο
1424 5195 1827 5266 παρανάλωμα,

252 5292 325 5341 τά
347 5303 410 5340 τε
452 5285 696 5357 βασίλεια
735 5288 829 5339 καὶ
879 5287 908 5338 ὁ
941 5285 1288 5355 περιώνυμος
1337 5282 1431 5337 τοῦ
1483 5284 1828 5354 Σολομῶντος

255 5376 397 5441 νεὼς
445 5376 848 5447 συγκαθῄρητο,
882 5378 977 5430 καὶ
1020 5376 1089 5431 τά
1141 5377 1271 5448 παρ’
1320 5378 1502 5438 αὐτοῖς
1536 5375 1667 5445 ἅγια
1724 5377 1829 5429 ὑπὸ

253 5470 421 5540 χερσὶ
454 5468 700 5540 βεϐήλοις
728 5470 835 5521 τῶν
866 5469 1076 5539 ἐχθρῶν
1106 5468 1404 5538 διεφέρετο·
1437 5467 1587 5532 θείας
1619 5468 1677 5522 δὲ
1703 5468 1828 5535 φιλ·

253 5560 577 5632 ανθρωπίας
623 5563 985 5633 τετυχηκότες
1038 5564 1092 5616 oi
1150 5562 1494 5627 ἑαλωκότες,
1552 5563 1644 5614 καί
1701 5562 1826 5623 τους

256 5652 467 5707 ἀνωθεν
504 5653 945 5724 καθωρισμένους
996 5655 1081 5707 ἐπ’
1104 5655 1287 5719 αὐτοῖς
1320 5652 1680 5719 ἐξανύσαντες
1728 5655 1824 5721 τῆς

333 5810 380 5836 ⁸⁸
412 5807 542 5875 Αὐς
580 5821 647 5875 ll,
687 5808 770 5864 10.

1927 3270 2128 3338 ficanti,
2154 3271 2215 3323 ob
2241 3271 2337 3325 hoc
2369 3270 2617 3338 templum
2647 3271 3011 3325 suscitandum
3034 3270 3104 3327 ⁸⁸.
3138 3269 3228 3325 Sic
3257 3285 3386 3339 ergo
3417 3272 3496 3325 lo-

1927 3371 2085 3417 cutus
2131 3361 2286 3416 divus
2333 3360 2592 3431 propheta
2617 3401 2631 3426 ,
2678 3363 3042 3432 comparativa
3079 3364 3292 3417 dicendi
3325 3364 3494 3431 lignra

1929 3464 2084 3516 usus,
2117 3448 2303 3505 docuit
2328 3464 2445 3514 nos,
2473 3450 2804 3506 conilrrnans
2833 3451 3031 3520 prioris
3058 3465 3273 3521 quoque
3313 3454 3493 3521 templi

1929 3541 2219 3611 gloriosam
2263 3540 2430 3597 fuisse
2472 3553 2820 3597 structuram.
2870 3542 3163 3613 Postquam
3222 3544 3364 3597 enim
3422 3544 3497 3596 in-

1929 3634 2092 3689 saniit
2123 3634 2473 3704 peccavitque
2515 3634 2772 3689 adversus
2822 3636 3140 3689 Creatorem
3195 3633 3498 3689 benefacto-

1933 3738 2156 3793 remque
2198 3724 2361 3778 Deum
2409 3725 2620 3794 priscos
2660 3725 2908 3794 populus
2950 3724 3279 3781 lsraelitieus
3309 3769 3324 3794 ,
3375 3733 3497 3783 data

1932 3816 2031 3870 sibi
2069 3832 2095 3870 a
2141 3815 2323 3887 Moyse
2353 3818 2646 3871 constituta
2684 3818 2981 3889 negligens,
3019 3819 3249 3887 vitasque
3303 3822 3499 3889 iniqua!

1932 3924 2100 3977 genus
2144 3907 2359 3978 Deoque
2409 3910 2673 3964 absonum
2723 3925 2820 3980 pro
2873 3910 3030 3980 legali
3079 3910 3239 3983 247
3295 3913 3497 3983 elegit,

1933 4001 2169 4055 divinam
2205 4002 2849 4069 contristavitjustitiam,
2875 4003 3104 4073 ideoque
3126 4018 3375 4073 superna:
3408 4006 3501 4058 irai

1931 4093 2190 4149 molestos
2220 4101 2476 4161 expertus
2520 4104 2604 4147 est
2645 4092 2889 4158 ell‘ectns,
2929 4104 2984 4149 ct
3020 4110 3207 4165 paruas
3246 4106 3501 4165 peccato-

1936 4197 2053 4235 rum
2091 4182 2221 4236 luit.-
2258 4181 2453 4237 Hostes
2484 4183 2625 4237 enim
2671 4185 2903 4239 diversis
2949 4186 3258 4254 ingruentes
3296 4196 3503 4254 tempo-

1937 4274 2085 4328 ribus
2131 4274 2291 4328 urbes
2345 4290 2465 4329 cum
2511 4274 2701 4330 incolis
2742 4275 3107 4344 diripuerunt.
3163 4276 3505 4348 Quapropter

1934 4368 2042 4420 sub
2060 4366 2306 4419 barbaris
2336 4367 2583 4421 hostibus
2603 4369 2910 4434 constituti,
2941 4378 2996 4422 et
3033 4387 3061 4423 a
3093 4370 3280 4438 patriis
3308 4371 3504 4425 ritibus

1938 4459 2194 4523 submoti,
2234 4458 2463 4512 alienam
2497 4458 2770 4527 regionem
2823 4461 3071 4514 habitare
3099 4463 3295 4531 captivi
3329 4465 3503 4517 coacti

1867 4541 1908 4594 Ι)
1934 4558 2078 4602 sunt.
2130 4550 2423 4618 Supremas
2468 4550 2651 4620 itaque
2696 4566 2885 4621 pinnas
2915 4553 3215 4621 dederunt,
3246 4571 3368 4609 cum
3409 4570 3505 4610 eos

1937 4644 2186 4697 invasere
2246 4641 2560 4712 Babylonii,
2620 4652 2675 4697 et
2707 4644 2999 4713 conspicua
3046 4646 3134 4701 illa
3190 4646 3504 4717 famosaque

1937 4732 2066 4785 urbs
2100 4742 2220 4800 post
2260 4731 2712 4801 expugnationem
2747 4746 2932 4787 eversa
2982 4733 3113 4799 fuit,
3145 4735 3366 4805 ejusque
3397 4739 3507 4805 pul-

1936 4823 2203 4876 cherrima
2234 4834 2288 4875 et
2327 4823 2527 4890 optima
2560 4822 2787 4876 mdiilcia
2828 4824 3096 4879 barbarici
3150 4826 3287 4895 ignis
3327 4829 3502 4895 praeda

1937 4911 2172 4976 luerunt,
2204 4921 2257 4965 et
2290 4913 2432 4979 regia
2467 4912 2689 4980 palatia,
2724 4922 2779 4967 et
2812 4915 2991 4969 nobile
3023 4915 3331 4971 Salomonis
3377 4928 3506 4971 tem-
3558 4900 3563 4907 ’

1938 5005 2082 5074 plum
2130 5005 2291 5058 situni
2342 5006 2584 5073 periere,
2640 5006 2863 5076 ejusque
2912 5023 2999 5062 res
3046 5023 3216 5064 sacra:
3265 5008 3507 5079 profanis

1938 5095 2168 5149 hostium
2189 5096 2436 5151 manibus
2458 5097 2732 5153 distractae
2754 5108 2898 5153 sunt.
2924 5096 3301 5155 Verumtamen
3325 5102 3505 5157 divina

1940 5187 2222 5255 impetrata
2250 5187 2532 5241 clementia
2551 5190 2771 5258 captivi,
2798 5200 3081 5260 postquam
3110 5207 3344 5260 superne
3376 5194 3508 5263 ipsis

1934 5283 2194 5350 prmiittilu
2237 5284 2347 5351 jam
2393 5294 2686 5353 exegerant
2727 5288 3062 5356 captivitatis
3097 5297 3362 5357 tempora,
3393 5292 3508 5341 vin-

1937 5375 2072 5429 culis
2102 5386 2225 5430 sunt
2257 5376 2463 5441 emissi,
2497 5375 2912 5446 libertatemque
2946 5379 3122 5433 denuo
3162 5390 3503 5447 receperunt,

1936 5480 1987 5521 ct
2042 5469 2273 5539 patriqu
2332 5468 2503 5523 solum
2573 5469 2870 5524 incolumes
2921 5483 3330 5536 recuperarunt,
3388 5487 3508 5539 pro-

1939 5562 2176 5629 priisque
2203 5561 2427 5615 ducibus
2458 5569 2619 5629 atque
2662 5560 3029 5631 principibus,
3070 5563 3221 5629 juxta
3278 5564 3505 5629 prazvins

1940 5654 2248 5719 prophetias
2307 5654 2386 5707 nsi
2451 5663 2607 5714 sunt;
2664 5668 2770 5723 quo
2828 5667 3067 5724 tempore
3117 5667 3166 5707 et
3205 5654 3505 5709 Zurobabei
