4198 6442
217 417 324 480 7739

1069 421 1636 482 APOLOGETICUS
1673 422 1824 483 PRO
1857 425 2122 487 SACRIS
2159 423 2640 486 IMAGINIBUS-

3361 405 3466 483 τοο

233 543 360 594 μενα
383 542 397 556 ο
439 527 508 592 ὡς
541 527 598 582 εἰ
621 547 707 595 τις
729 529 949 603 ἀριθμῷ
975 529 1248 586 διαλαϐεῖν
1271 531 1335 585 τὸ
1361 530 1564 598 πλῆθος
1613 530 1793 584 αὐτῶν

1901 535 2045 600 velit,
2078 535 2245 589 maris
2290 548 2508 588 srenam
2539 546 2597 587 se
2619 544 2908 586 numerare
2942 529 3220 585 incautum
3247 524 3462 588 sentiet.

228 617 525 688 ἐθελήσειε,
558 620 713 675 λάθοι
744 621 810 676 ἂν
843 623 1036 677 ἑαυτὸν
1067 625 1166 693 την
1195 623 1285 676 ἐπὶ
1327 622 1602 693 Θαλάσσης
1645 623 1794 693 ψάμ-

231 725 326 776 μον
378 711 948 784 άπαριθμούμενος,ἢ
999 714 1110 768 τῶν
1163 713 1424 783 κυμάτων
1479 712 1651 767 ἐπιὼν
1697 713 1795 784 τὴν

229 801 596 856 δπινάστασιν
619 821 633 835 ο
661 804 880 876 χάριτος
931 805 987 859 δὲ
1039 805 1245 874 ὁπόσης
1273 807 1367 859 καὶ
1400 805 1674 874 ἁγιασμοῦ
1701 806 1797 859 δα-

225 889 396 956 ψιλῶς
439 893 586 954 ὅπως
634 895 729 946 καὶ
762 894 1035 956 πλουσίως
1080 894 1793 965 μετειληχότες’βρύουσιν,

225 979 346 1032 οὐδὲ
381 981 772 1050 παρεξετάζειν
812 986 949 1049 ὅλως
981 986 1176 1056 ἐκείνῳ
1207 986 1429 1056 θεμιτόν
1452 1008 1464 1018 ·
1502 987 1594 1040 καὶ
1623 987 1798 1041 ταῦτα

223 1070 377 1137 δηλοί
409 1071 518 1123 τῶν
545 1075 886 1143 πραγμάτων
921 1078 954 1147 ἠ
1001 1076 1230 1146 ἀλήθεια
1265 1093 1279 1106 '
1313 1079 1381 1132 τὰ
1415 1079 1469 1132 δὲ
1508 1078 1678 1142 οὕτως
1711 1080 1796 1132 ἔνο

224 1159 344 1226 θεα,
385 1164 479 1216 καί.
514 1164 624 1217 τῶν
648 1166 876 1231 ἐνδόξων
915 1168 1252 1240 ἐνδοξότερα,
1284 1171 1378 1223 καὶ
1423 1171 1532 1222 τῶν
1581 1171 1800 1241 θαυμαο

225 1252 359 1305 σίων
410 1255 836 1327 θαυμασιώτερα
877 1259 1155 1332 ⁴ἰιγνόησαν
1198 1262 1477 1325 παντελῶς
1510 1281 1524 1294 ο
1561 1265 1677 1327 πῶς
1704 1266 1799 1318 καὶ

221 1343 345 1396 τίνα
377 1347 828 1419 τρόπονςὲπειδὴ
873 1350 979 1405 ἀνὰ
1029 1351 1196 1421 μέσον
1249 1353 1407 1420 ἁγίου
1442 1355 1537 1405 καὶ
1567 1353 1798 1424 βεϐήλου

220 1433 286 1486 c5
315 1435 640 1502 διέστειλαν,
670 1441 791 1492 οὐδὲ
843 1442 1082 1511 συνῆκαν
1113 1443 1195 1496 ὅτι
1222 1443 1348 1496 οὔτε
1395 1446 1800 1512 συγκατάθεσις

221 1526 337 1594 ναῷ
383 1527 519 1579 Θεοῦ
565 1529 706 1598 μετὰ
750 1531 1004 1597 εἰδώλων,
1035 1533 1158 1586 οὐδὲ
1208 1534 1465 1588 κοινωνία
1494 1536 1632 1603 φωτὶ
1663 1535 1798 1606 πρὸς

222 1619 435 1682 σκότος·
468 1621 571 1674 Διὰ
599 1623 778 1676 τοῦτο
801 1624 1225 1691 περιεϐάλοντο
1253 1626 1493 1680 ἀδικίαν
1521 1628 1623 1680 καί
1660 1627 1800 1683 ἀσέ-

221 1709 391 1762 ϐειαν
419 1710 673 1776 ἑαυτῶν,
699 1714 798 1767 καί
832 1713 1240 1782 διενοήθησαν
1266 1719 1362 1770 καὶ
1391 1718 1709 1786 ἐλάλησαν
1732 1721 1802 1773 ὲν

220 1805 503 1870 πονηρίᾳ,
528 1803 769 1858 ἀδικίαν
794 1808 881 1872 είς
925 1807 992 1860 τὸ
1027 1808 1186 1876 ὕψος
1213 1810 1532 1876 ἐλάλησαν
1551 1825 1566 1839 ⁶
1598 1812 1672 1875 ὼς
1717 1812 1802 1864 οὐ·

1901 626 1978 680 vel
2010 625 2328 679 ﬂuctuantes
2365 623 2536 677 undas
2564 635 2869 677 recensere.
2902 621 3112 688 Quanta
3141 628 3319 674 autem
3347 633 3471 690 grs-

1903 716 1972 769 tia
2004 726 2058 770 ct
2097 715 2383 770 sanctitate
2442 714 2661 784 copiose
2711 712 3098 780 amuenterque
3127 709 3388 779 fulgeant,
3416 708 3468 762 id

1902 823 1968 861 ne
1994 805 2298 876 comparari
2329 808 2549 874 quidem
2591 805 2821 874 antiquo
2865 805 2940 857 illi
2975 803 3119 858 licet.
3156 802 3332 868 Atque
3366 801 3467 854 hoc

1902 915 2080 952 rerum
2137 899 2336 952 veritas
2362 898 2619 951 ostendit.
2656 894 2852 948 Verum
2895 895 2947 948 hi
3000 905 3105 946 tam
3158 890 3380 954 eximia,
3415 898 3476 944 et

1901 991 2148 1060 gloriosis
2166 990 2508 1059 gloriosiora,
2521 1004 2585 1045 ac
2601 989 2938 1043 mirabilibus
2958 985 3288 1040 mirabiliora
3311 985 3466 1052 igno~

1903 1093 2022 1134 rant
2057 1095 2299 1150 prorsus.
2329 1080 2442 1136 Cur
2494 1095 2643 1143 vero,
2675 1089 2768 1134 aut
2795 1077 3109 1148 quomodo?
3134 1075 3259 1146 quia
3329 1077 3474 1129 inter

1901 1184 2146 1227 sanctum
2172 1181 2225 1225 et
2253 1170 2536 1241 profanum
2568 1186 2671 1226 non
2711 1170 3071 1239 distinguunt,
3108 1182 3282 1236 neque
3308 1165 3472 1221 intel-

1901 1264 2075 1332 ligunt
2110 1263 2308 1317 nullam
2341 1277 2465 1318 esse
2513 1262 2924 1317 conventionem
2967 1260 3058 1313 Dei
3112 1257 3316 1327 templo
3346 1272 3471 1313 cum

1903 1355 2080 1417 idolis,
2147 1369 2319 1423 neque
2366 1354 2470 1410 luci
2527 1368 2652 1408 cum
2711 1350 2951 1406 tenebris
3005 1349 3469 1403 communionem.

1901 1447 2108 1501 Idcirco
2133 1447 2312 1502 obruti
2341 1455 2465 1502 sunt
2497 1445 2783 1516 iniquitate
2831 1455 2995 1512 atque
3037 1441 3313 1510 impietate
3344 1453 3465 1505 sus,

1900 1539 2266 1607 cogitaverant
2313 1549 2362 1591 et
2424 1539 2585 1591 locuti
2621 1547 2742 1592 sunt
2799 1537 3103 1604 nequitiam,
3133 1533 3471 1602 iniquitatem

1903 1639 2087 1683 contra
2135 1629 2396 1683 excelsum
2456 1630 2613 1682 locuti
2669 1629 2953 1682 sunt"'“:
3012 1624 3143 1678 nihil
3188 1623 3358 1692 magis
3417 1621 3469 1674 in

1905 1723 2105 1776 mundo
2135 1736 2295 1789 quam
2335 1731 2545 1788 turpem
2569 1719 2859 1786 voluptatis
2903 1718 3150 1769 morbum
3179 1712 3469 1782 exspiran-

1907 1821 2007 1874 tes,
2050 1811 2132 1865 vel
2163 1813 2341 1882 lingua
2377 1808 2722 1878 impudenter
2753 1810 2803 1862 in
2839 1809 3104 1863 idolorum
3169 1822 3352 1859 amore
3389 1806 3476 1859 in-

218 1889 310 1942 δὲν
339 1910 391 1945 τι
439 1895 640 1962 μᾶλλον
688 1896 750 1949 τὸ
794 1899 853 1950 ὲν
897 1899 1091 1969 κόσμῳ
1125 1900 1327 1964 ἀδόξως
1359 1901 1643 1964 νοσοῦντες
1677 1903 1801 1969 φιλ-

1906 1904 2223 1968 Sanientes;
2265 1903 2487 1957 cuilibet
2519 1912 2697 1955 autem
2754 1903 2978 1953 honesto
3027 1897 3255 1952 consilio
3313 1911 3473 1950 aures

221 1983 476 2054 ήδονον,ῆ
495 1986 554 2039 τὸ
575 1986 860 2059 ἐνί-γλώττῃ
881 1990 1138 2060 ἀκόσμως
1153 1992 1217 2062 λη
1227 1992 1447 2062 ροῦντες
1470 1993 1801 2063 φιλείδωλον·

220 2074 480 2140 καθάπαξ
522 2079 579 2131 δὲ
606 2083 742 2148 πρὸς
774 2081 882 2133 πᾶν
910 2080 1087 2135 ὁτιοῦν
1137 2083 1247 2136 τῶν
1279 2084 1462 2137 καλῶν
1502 2086 1602 2149 τὰς
1637 2086 1805 2148 ἀκοὰς

220 2167 802 2236 ἁποςςράξαντεςψὺδὲ
834 2171 941 2224 τῶν
969 2173 1342 2241 εὐαγγελικῶν
1367 2177 1634 2247 ῥημάτων
1667 2193 1801 2228 κατ·

219 2255 441 2309 ακούειν
485 2259 790 2330 ἀνέχονται,
820 2263 888 2316 δι’
922 2258 999 2318 ὧν
1031 2267 1143 2329 τοῖς
1189 2267 1528 2337 Φαρισαίοις,
1561 2269 1802 2334 νομικῶν

222 2353 664 2418 παρατηρήσεων
693 2352 900 2418 ἕνεκεν,
941 2357 1088 2410 κατά
1131 2357 1240 2410 τῶν
1277 2356 1580 2411 θεσπεσίων
1630 2359 1795 2428 ἐγκα-

219 2438 376 2492 λοῦσι
417 2443 709 2514 μαθητῶν,
754 2449 1103 2518 ἐπιπλήττων
1138 2451 1166 2502 ὁ
1200 2451 1390 2520 Σωτὴρ
1449 2450 1631 2518 ἔλεγεν
1667 2468 1678 2479 ·
1721 2452 1796 2510 Ἦ

219 2531 335 2582 οὐκ
371 2531 665 2601 ἀνέγνωτε
693 2537 766 2591 ἐν
792 2539 872 2603 τῷ
908 2541 1090 2608 νόμῳ,
1113 2539 1200 2593 ὅτι
1237 2539 1360 2605 τοῖς
1396 2542 1694 2595 Σάϐϐασιν
1742 2544 1797 2595 οι

1902 1993 2123 2046 omnino
2152 1992 2478 2060 oppilantes,
2508 2006 2573 2044 ne
2600 1989 2908 2055 evangelica
2937 1988 3154 2057 quidem
3180 1987 3341 2042 verba
3373 2002 3472 2038 su-

1903 2083 2018 2137 dirc
2040 2083 2331 2146 sustinent,
2364 2084 2558 2152 quibus
2583 2080 2892 2136 Pbarisatus
2916 2096 3036 2133 cum
3063 2079 3204 2133 divis
3231 2076 3476 2145 discipu-

1902 2175 1968 2228 lis
1991 2181 2214 2245 propter
2239 2173 2441 2244 legales
2468 2175 2877 2228 observationes
2904 2171 3313 2239 cxnostulantes
3338 2168 3471 2222 Ser-

1904 2276 2056 2320 vatur
2086 2266 2422 2334 increpabat,
2454 2265 2642 2320 dicens
2675 2283 2690 2318 :
2721 2266 2822 2318 Aut
2854 2279 2956 2317 non
3014 2263 3212 2331 legistis
3255 2261 3310 2313 in
3336 2259 3468 2328 lege,

1903 2355 2041 2425 quod
2061 2354 2306 2410 Sabbatis
2331 2353 2629 2408 sacerdotes
2651 2354 2706 2407 in
2729 2353 2920 2421 templo
2948 2350 3238 2406 Sabbatum
3257 2347 3472 2409 violant,

1904 2459 1950 2502 et
1977 2457 2150 2501 tamen
2177 2449 2290 2502 sine
2310 2450 2526 2501 crimine
2579 2449 2746 2502 sunt?
2784 2446 2911 2500 Dico
2965 2457 3137 2498 autent
3166 2444 3328 2508 vobis,
3348 2442 3475 2512 quia

1907 2541 2098 2608 templo
2126 2539 2298 2608 major
2320 2550 2393 2593 est
2412 2542 2495 2592 hic
2522 2540 2588 2596 ⁸⁸.
2625 2539 2756 2592 Item
2783 2556 2797 2591 :
2838 2536 2949 2590 Viri
2981 2536 3235 2590 Ninivitte
3256 2541 3472 2603 surgent

221 2621 399 2688 ιερεῖς
438 2624 509 2676 ἐν
566 2624 646 2690 τῷ
680 2627 814 2694 ίερῷ
861 2630 930 2682 τὸ
971 2630 1278 2685 Σάϐϐατον
1315 2633 1670 2698 βεὸτιλοῦσι.
1699 2632 1798 2686 καί

1907 2632 1958 2684 in
2000 2631 2210 2699 judicio
2261 2648 2376 2684 cum
2427 2633 2754 2700 generatione
2812 2631 2914 2684 ista
2958 2639 3008 2682 et
3057 2627 3473 2680 condemnabam

219 2711 480 2766 ἀναίτιοί
509 2718 662 2780 εἰσι;
693 2718 860 2785 Λέγω
886 2721 954 2772 δὲ
982 2721 1124 2792 ὑμῖν
1148 2721 1238 2775 ὅτι
1270 2722 1374 2775 τοῦ
1407 2724 1564 2790 ἱεροῦ
1587 2724 1801 2792 μείζων

1906 2733 2041 2787 eam,
2059 2723 2183 2791 quia
2202 2723 2561 2790 paenitentiam
2582 2732 2796 2790 egerunt
2821 2722 2875 2774 in
2894 2717 3270 2788 praedicatione
3293 2714 3476 2780 Iona;

219 2799 721 2878 iactr-(58811192);
748 2809 804 2861 δέ
888 2812 1050 2879 Λέγω
1071 2812 1138 2864 δὲ
1162 2811 1323 2881 ὑμῖν,
1352 2811 1440 2865 ὅτι
1461 2811 1560 2864 καί
1587 2813 1799 2880 ἄνδρες

1901 2822 1947 2865 et
1975 2828 2089 2865 ecce
2121 2813 2243 2877 plus
2266 2829 2420 2883 quam
2447 2810 2618 2866 Jonas
2645 2812 2748 2866 hic.
2787 2813 2920 2865 Item
2950 2828 2965 2864 :
2997 2810 3125 2863 Dico
3149 2807 3314 2869 vobis,
3345 2806 3470 2876 quia

221 2893 404 2944 Νινευ
417 2893 532 2947 ttat
558 2897 1012 2963 ἀναστήσονται
1046 2902 1116 2953 ἐν
1139 2902 1332 2969 κρίσει
1358 2905 1508 2970 μετὰ
1557 2902 1666 2969 τῆς
1709 2918 1798 2970 γε·

1903 2905 2078 2973 regina
2140 2905 2311 2957 austri
2371 2915 2542 2973 surget
2599 2906 2652 2957 in
2708 2904 2915 2972 judicio
2954 2902 3207 2955 adversus
3254 2911 3478 2968 genera-

221 2981 366 3049 νδᾶς
397 2987 618 3054 ταύτης
639 3031 652 3050 ,
680 2991 775 3044 καὶ
811 2992 1278 3059 κατακρινοῦσιν
1307 2994 1523 3058 αὐτὴν,
1549 2993 1634 3045 ὅτι
1666 3010 1801 3061 μετ-

1901 2999 2091 3049 tionem
2123 2996 2276 3061 lianc,
2316 3007 2363 3050 ct
2392 2997 2760 3050 condemnabit
2783 3010 2934 3057 eam;
2959 2993 3087 3061 quia
3116 2992 3255 3044 venit
3285 3006 3318 3042 α
3347 2987 3473 3056 ﬁtti-

219 3079 492 3140 ενόησαν
514 3083 602 3144 εἰς
644 3081 707 3133 τὸ
762 3081 1034 3151 κήρυγμα
1080 3083 1271 3147 Ἰωνᾶ,
1296 3085 1395 3137 καί
1450 3085 1576 3137 ίδοὺ
1611 3086 1804 3138 πλέον

1903 3088 1994 3139 bus
2025 3098 2178 3140 terra:
2207 3089 2396 3140 audire
2425 3089 2738 3151 sapientiam
2775 3083 3111 3147 Salomonis;
3137 3094 3182 3136 et
3208 3095 3326 3135 eccs
3353 3080 3470 3147 plus

234 3167 408 3223 Ἰωνᾶ
438 3162 577 3224 ὦδε.
621 3173 762 3240 Πρὸς
799 3174 896 3237 δὲ,
932 3175 1013 3227 ὅτι
1069 3175 1174 3228 Kal
1217 3176 1561 3239 ,ϐασίλισσα
1616 3177 1796 3230 νότου

1903 3195 2060 3247 quam
2094 3177 2343 3231 Salomon
2369 3178 2453 3230 hic
2479 3179 2550 3232 “.

217 3257 607 3325 ἐγερθήσεται
636 3264 708 3315 ἐν
738 3263 811 3332 τῇ
845 3267 1039 3332 κρίσει
1069 3266 1220 3333 μετὰ
1244 3264 1352 3332 τῆς
1388 3264 1598 3334 γενεᾶς
1625 3268 1848 3332 ταύτης
1878 3268 1973 3320 κιιί
2008 3266 2351 3335 κατακρινεῖ
2373 3265 2589 3332 αὐτὴν,
2625 3266 2714 3318 ὅτι
2747 3259 2937 3333 ἦλθεν
2965 3266 3035 3318 ἐκ
3059 3262 3178 3317 τῶν
3200 3262 3469 3330 περάτων

225 3351 331 3417 τῆς
379 3351 489 3420 γῆς
543 3356 803 3409 ἀκοῦσαι
849 3359 1076 3425 σοφίαν
1131 3359 1518 3427 Σολομῶντος
1547 3379 1559 3390 ο
1602 3361 1701 3414 καὶ
1734 3362 1862 3414 ἰδοὺ
1888 3361 2079 3416 πλέον
2106 3361 2494 3430 Σολομῶντος
2518 3355 2655 3413 ὧδε.

293 3445 384 3499 οδ’.
429 3447 894 3519 Παρασημαντὲον
927 3451 982 3503 δὲ
1023 3451 1237 3521 πρῶτον
1262 3494 1277 3517 ,
1306 3454 1389 3506 ὅτι
1442 3453 1634 3507 πλέον
1684 3449 1799 3508 ὦδε
1828 3460 1872 3520 C

223 3537 310 3602 ιφ·
340 3537 557 3607 ἑκάστῳ
592 3538 699 3591 τῶν
750 3541 1059 3610 εἰρημένων
1105 3543 1326 3614 τρόπων
1376 3546 1794 3615 προσκείμενον,

220 3627 284 3678 οὐ
319 3628 552 3698 τοπικήν
577 3645 699 3681 τινα
720 3631 1048 3701 παρίστησιν
1077 3631 1306 3699 ἔννοιαν,
1337 3635 1452 3688 ἀλλ’
1480 3637 1604 3688 ὅσον
1627 3637 1800 3705 ὑπερ-

221 3719 369 3790 αίρει
425 3721 519 3773 καί⁸
566 3722 925 3792 ὑπερίδρυται
952 3725 1021 3777 τά
1054 3725 1150 3779 νέα
1189 3729 1282 3781 καὶ
1309 3729 1455 3796 παρὰ
1482 3727 1578 3780 τοῦ
1612 3729 1799 3797 Σωτῆ-

225 3825 319 3876 ρος
353 3811 509 3880 ἡμῶν
551 3812 726 3880 Ἰησοῦ
751 3813 987 3883 Χριστοῦ
1017 3816 1475 3887 οἰκονομούμενα,
1504 3822 1597 3872 καὶ
1630 3823 1801 3886 ἀσυγη

221 3900 428 3968 arpi-ctu;
483 3898 545 3951 τὸ
603 3900 766 3953 πλέον
815 3901 1009 3971 ἔχοντα
1047 3904 1152 3957 τῶν
1186 3921 1242 3957 τε
1294 3907 1436 3959 κατὰ
1476 3907 1802 3978 Σολομῶντα

220 3989 714 4060 τεθαυμασμένων,
748 3993 843 4046 καὶ
880 3993 988 4046 τῶν
1040 3998 1101 4048 ὲν
1145 3998 1256 4060 τοῖς
1300 3997 1479 4060 ἄλλοις
1525 3999 1800 4063 παλαιοῖς,

223 4083 321 4134 καὶ
377 4085 496 4144 ταῖς
549 4082 658 4136 τῶν
709 4085 1052 4154 πραγμάτων
1096 4089 1415 4158 ὑπεροχαῖς,
1444 4091 1502 4143 ὲν
1550 4090 1803 4160 ἀμείνοσι

227 4172 427 4242 μακρῷ
452 4173 681 4243 κείμενα
719 4175 1075 4231 διαδείκνυσιν
1109 4195 1122 4208 ·
1158 4173 1233 4232 ὦν
1259 4181 1319 4232 τὸ
1359 4181 1803 4253 ὐπερανεστηκὸς

224 4264 324 4314 καὶ
381 4263 785 4336 ἐξηλλαγμένον
834 4270 1119 4340 προσεχῶς
1171 4273 1388 4342 εἰρηται
1421 4290 1433 4302 ·
1467 4273 1557 4327 διὰ
1591 4275 1799 4328 τούτων

226 4355 341 4423 γάρ
373 4357 504 4425 ἡμῖν
530 4357 600 4408 τὰ
638 4357 756 4409 θεῖα
787 4359 886 4428 τῆς
917 4361 1230 4432 οἰκονομίας
1261 4365 1541 4434 μυστήρια
1569 4366 1805 4436 παραδέ-

224 4447 402 4509 δοται,
431 4448 500 4498 τὰ
539 4448 768 4518 οὐράνια
821 4454 936 4514 τοῖς
970 4453 1063 4503 ἐπὶ
1108 4454 1212 4521 γῆς
1242 4454 1674 4522 ὲκκαλύπτεται,
1705 4460 1804 4529 τῆς

227 4538 504 4602 υἱοθεσίας
525 4542 558 4609 ἡ
587 4541 745 4612 χάρις
771 4542 1125 4612 προέρχεται,
1155 4545 1248 4597 καὶ
1277 4545 1526 4614 βασιλεία
1554 4548 1805 4619 οὐρανῶν

225 4629 381 4691 ἐντὸς
426 4629 585 4699 ἡμῶν
625 4629 835 4697 γίνεται
859 4671 874 4692 .
919 4634 1068 4686 πᾶσα
1105 4634 1357 4705 είδωλικὴ
1387 4637 1481 4688 καὶ
1513 4637 1805 4711 δαιμονικὴ

226 4723 416 4789 ἀπάτη
464 4722 729 4774 πάντοθεν
784 4723 1150 4777 ἀπελαύνεται
1184 4743 1196 4756 ·
1231 4728 1325 4778 καὶ
1356 4728 1408 4779 τί
1435 4727 1545 4798 γάρ
1592 4729 1741 4793 ἄλλο,
1770 4732 1801 4801 ἢ

1977 3454 2064 3508 74.
2101 3456 2374 3522 Inprimis
2426 3464 2603 3506 autem
2635 3451 3175 3506 animadvertendum
3229 3460 3335 3514 est,
3393 3450 3476 3503 di-

1902 3547 2136 3601 ctionem
2169 3547 2285 3613 plus
2317 3547 2401 3599 hic
2435 3545 2659 3614 singulis
2683 3544 2768 3598 his
2797 3543 2974 3598 cﬂ'atis
3003 3541 3290 3609 adiectam,
3332 3541 3472 3595 haud

1903 3639 2127 3692 localem
2158 3640 2394 3706 aliquam
2419 3639 2692 3691 notionem
2725 3651 2835 3704 prae
2861 3651 2920 3689 se
2972 3635 3138 3698 ferre,
3171 3634 3264 3688 sed
3302 3633 3474 3687 deno-

1905 3740 2021 3785 tare
2047 3730 2223 3800 potius
2246 3743 2504 3799 quantttm
2537 3737 2789 3797 prmstcnt
2823 3739 2985 3796 atque
3003 3727 3274 3779 excellant
3323 3739 3474 3778 nova:

1904 3838 1990 3877 res
2015 3838 2047 3877 a
2101 3823 2389 3876 Servatore
2443 3832 2628 3876 nostro
2662 3821 2788 3876 Iesu
2833 3820 3050 3875 Christo
3091 3819 3474 3872 humanatione

1903 3928 1998 3968 sua
2026 3925 2280 3983 peractae,
2312 3928 2580 3982 quamque
2606 3913 2713 3965 sint
2741 3910 3190 3980 incomparabiles
3220 3925 3329 3978 pra:
3373 3908 3474 3962 nti-

1907 4007 2168 4061 rabilibus
2198 4006 2302 4060 illis
2325 4020 2444 4074 quae
2481 4006 2580 4059 sub
2608 4003 2897 4058 Salomone
2924 4003 3246 4070 ueterisque
3275 3999 3475 4055 veteri-

1904 4095 2005 4150 bus
2031 4095 2354 4149 exstiterunt
2388 4110 2402 4146 :
2452 4108 2614 4162 quam
2660 4094 2893 4161 denique
2929 4108 3023 4147 eas
3063 4102 3317 4159 superent
3347 4104 3476 4158 pra-

1905 4185 2152 4256 gmnticis
2199 4184 2598 4252 praerogativis,
2631 4184 2698 4237 de
2751 4198 2979 4252 quarum
3041 4181 3350 4251 prtestantia
3420 4189 3478 4236 et

1906 4275 2187 4331 nobilitate
2214 4290 2354 4343 saepe
2371 4276 2573 4329 dictum
2596 4283 2700 4329 est.
2731 4273 2814 4328 Ab
2839 4274 2924 4327 his
2947 4273 3091 4327 enim
3119 4271 3275 4327 nobis
3290 4270 3473 4324 divina

1906 4367 2298 4422 incarnationis
2330 4365 2585 4436 mysteria
2619 4374 2746 4417 sunt
2778 4365 3000 4427 tradita,
3034 4361 3278 4418 ctrlestia
3312 4361 3468 4415 terri-

1906 4460 2060 4532 genis
2098 4458 2354 4520 revelata,
2388 4457 2566 4510 omnis
2591 4455 2822 4510 idolicus
2855 4464 2914 4509 et
2960 4453 3259 4508 diabolicus
3317 4465 3476 4504 error

1908 4552 2145 4619 undique
2185 4549 2518 4619 prolligatus.
2564 4548 2702 4614 Quid
2742 4548 2887 4600 aliud
2937 4548 3174 4608 demum,
3207 4543 3310 4598 nisi
3339 4543 3478 4598 Deus

1907 4658 2028 4698 cum
2058 4642 2367 4695 hominibus
2393 4640 2661 4696 versans?
2689 4655 2797 4708 quo
2826 4639 3042 4709 quidem
3073 4637 3329 4706 quidnam
3361 4652 3477 4688 mn-

1903 4734 1992 4803 jus
2013 4743 2105 4786 aut
2137 4732 2405 4787 excelsius
2431 4731 2543 4785 ﬁeri
2578 4741 2753 4800 potest
2779 4731 2801 4784 τ
2824 4731 2976 4796 Quod
3014 4729 3056 4782 si
3082 4728 3149 4781 de
3170 4728 3287 4782 loco
3315 4727 3476 4781 etiam

224 4813 312 4864 ὅτι
343 4811 474 4875 Θεὸς
528 4811 668 4882 μετὰ
707 4811 1046 4882 ἀνθρώπων;
1086 4809 1147 4870 οὗ
1176 4814 1227 4869 τί
1257 4814 1322 4868 ἂν
1355 4817 1440 4885 εἴη
1483 4818 1669 4887 μεῖζον
1704 4821 1798 4874 καί⁸

1906 4825 2030 4893 quis
2064 4827 2285 4894 cogitet,
2325 4825 2543 4893 quinam
2579 4824 2769 4878 melior
2805 4831 2899 4876 ant
2934 4821 3169 4874 divinior
3201 4835 3361 4888 quam
3392 4818 3479 4872 ille

229 4902 601 4973 ὑψηλότερονς
655 4906 704 4956 εξ
753 4903 809 4956 δὲ
863 4905 957 4957 καὶ
1005 4905 1170 4960 τόπον
1217 4924 1302 4970 τις
1354 4908 1712 4980 ὑπολήψεται,
1748 4913 1800 4965 τί

228 4998 476 5064 κρεῖττον
491 4995 586 5048 καὶ
617 4994 860 5050 ὲνθεέστε
867 5013 980 5066 ρον,
997 4997 1143 5052 ἔνθα
1165 5001 1309 5066 Θεὸς
1328 5001 1398 5054 ἐν
1420 5006 1600 5072 σαρκί
1619 5021 1806 5074 παρα-

227 5091 498 5158 τι’νεται;
530 5081 604 5140 ὧν
630 5089 784 5141 οὐδὲν
808 5089 875 5140 τά
894 5089 1100 5143 παλαιά
1131 5093 1312 5146 ἐκεῖνα
1341 5093 1658 5168 διεκέκτητο
1690 5099 1802 5153 πώ-

223 5194 366 5232 ποτε
401 5197 404 5199 λ
438 5178 571 5232 ἀλλὰ
597 5178 801 5250 καίπερ
827 5182 1052 5234 τοιαῦτά
1078 5200 1139 5251 γε
1169 5183 1318 5249 ὄντα,
1347 5187 1454 5240 τῶν
1478 5188 1803 5260 θαυμασίων

221 5270 430 5324 ὁπόσον
454 5272 628 5323 εἰπεῖν
648 5270 1075 5343 θαυμασιώτερά
1101 5277 1246 5328 ἐστιν
1268 5278 1568 5348 ἀμήχανον,
1594 5281 1629 5334 ά
1652 5284 1804 5354 παρὰ

219 5366 342 5425 τοῖς
410 5362 623 5435 ἐχθροῖς
684 5364 780 5416 τοῦ
832 5365 1163 5434 Εὑαγγελίου
1219 5371 1378 5423 ὁποῖα
1439 5373 1535 5426 νῦν
1596 5374 1804 5442 λελόγι-

223 5471 355 5506 σται
411 5456 504 5504 καὶ
567 5455 988 5524 κατωνόμασται
1016 5473 1030 5487 ·
1060 5455 1219 5508 πάλιν
1253 5461 1402 5512 αὐτοὶ
1436 5461 1801 5533 θεομαχείτω-

1913 4915 2013 4971 Ubi
2039 4916 2176 4970 Deus
2203 4917 2255 4969 in
2270 4932 2426 4969 carne
2443 4916 2588 4968 adest
2605 4913 2861 4986 (78-79)?
2886 4914 3127 4980 Quorum
3150 4912 3282 4965 nihil
3305 4911 3478 4978 prisca

1915 5008 1998 5062 illa
2019 5007 2354 5061 habuerunt?
2388 5006 2495 5061 Sed
2525 5023 2832 5076 quanquam
2871 5008 2982 5060 hanc
3003 5007 3070 5058 ita
3099 5021 3157 5060 sc
3185 5005 3402 5065 habent,
3424 5011 3477 5055 et

1903 5099 2241 5154 mirabilibus
2256 5099 2611 5164 mirabiliora,
2628 5109 2683 5151 ut
2699 5099 2767 5151 ita
2786 5099 2980 5159 dicatn,
2998 5105 3144 5160 sunt;
3163 5093 3478 5148 incredibile

1902 5203 2078 5247 tamen
2093 5201 2195 5257 est,
2214 5203 2346 5260 quot
2363 5201 2674 5260 quantaque
2691 5191 2759 5242 ab
2775 5189 3046 5258 Evangelii
3068 5188 3314 5242 hostibus
3335 5201 3477 5239 nunc

1900 5286 2203 5356 excogitata
2236 5284 2437 5338 iuerint
2491 5296 2545 5338 et
2567 5285 2789 5349 jactata.
2835 5282 2976 5336 Sane
3005 5281 3055 5334 hi
3093 5295 3279 5334 rursus
3309 5280 3493 5333 Deum-

1900 5375 2302 5444 oppugnent,hi
2335 5375 2726 5430 incarnationis
2761 5374 3079 5444 mysterium
3107 5370 3340 5424 ludibrio
3381 5369 3480 5423 Ita-

1901 5466 2081 5533 beaut,
2112 5468 2161 5521 hi
2189 5468 2379 5521 salutis
2414 5477 2614 5522 nostra:
2639 5477 2799 5536 caput
2828 5474 3172 5520 contemnant
3208 5475 3368 5532 atque
3400 5463 3478 5516 Ιτ-

297 5607 344 5636 ⁸⁷
373 5605 418 5637 ³⁸
446 5605 586 5660 Psal.
618 5623 785 5671 Lutt,
822 5609 873 5662 8.
949 5610 995 5642 "
1028 5609 1216 5666 Matth.
1254 5630 1349 5680 XII,
1373 5617 1426 5669 5.
1505 5618 1551 5650 ”
1587 5619 1716 5672 ibid.
1750 5619 1843 5684 4i,
1877 5621 1964 5674 4:2.

301 5745 510 5829 378'79)
557 5746 714 5829 Vides
748 5749 832 5803 hic
876 5750 1039 5804 etiam
1091 5752 1378 5823 Nicephori
1417 5761 1781 5815 testimonium
1824 5763 1889 5816 de
1931 5764 2128 5818 Christi
2162 5778 2321 5817 carne
2377 5764 2427 5816 in
2466 5764 2662 5816 tteslris
2708 5764 2918 5829 templis
2955 5763 3051 5816 sub
3096 5759 3476 5812 Eucltaristico

225 5832 243 5866 ι
262 5821 348 5868 el’i
380 5826 720 5870 cottscrvata.
