4206 6440
234 394 337 457 809

1094 382 1656 445 APOLOGETICUS
1692 384 1839 443 PRO
1882 383 2147 444 SACRIS
2187 383 2666 447 IMAGINIBUS.

3381 390 3486 459 810

239 518 563 575 κικρατηκε,
600 498 695 554 καὶ
726 498 786 552 τὸ
820 496 1019 569 κράτος
1051 496 1162 566 ἔχει
1205 496 1368 567 μέχρι
1397 495 1494 565 τῇς
1519 494 1672 548 τοῦδε
1700 493 1793 547 τοῦ
1848 495 2051 558 παντὸς
2117 495 2514 565 παρατάσεως·
2556 496 2658 551 κᾶν
2717 495 3003 568 ὲκοέτμως
3041 500 3128 554 ἐπ’
3157 502 3337 568 αὐτοῖς
3366 509 3489 557 ἐπι-

238 597 444 666 μαίνων
460 612 536 647 ;αι
566 594 616 645 oi
640 594 972 661 παράνομοι.

306 687 415 759 πβ’.
453 682 599 758 ’Λρα
623 683 729 754 γὰρ
756 683 816 735 οὐ
856 682 1032 753 σαφὴς
1063 680 1235 733 ταῦτα
1270 679 1436 750 μανία
1460 682 1558 731 ικαὶ
1590 678 1803 748 ὲμπλη-
1839 682 1881 737 Α

237 784 353 848 ξία;
384 780 438 835 τί
470 782 579 851 γὰρ
608 777 841 849 φήσουσι
875 773 1009 845 περ)⁸
1045 772 1153 827 τῶν
1182 771 1285 842 ἤδη
1329 770 1806 841 προσεὸιιυκότων,

235 875 448 929 ἐνθένδε
480 889 538 926 τε
578 868 994 941 ἀποιχομένων;
1025 862 1138 937 ἆρά
1172 881 1235 933 γε
1291 864 1492 925 πάντες
1523 861 1809 916 εἰδωλολά-

234 984 363 1041 τραι
394 966 688 1036 γεγόνασι,
720 963 812 1016 καὶ
838 960 938 1031 τῆς
969 958 1245 1030 σωτηρίας
1264 959 1445 1013 τέλεον
1479 954 1809 1010 ἀποπεπτὼ-

237 1077 369 1114 κασι
405 1076 419 1124 ;
477 1056 594 1119 πῶς
633 1050 726 1108 οὖν
757 1052 1047 1122 ἀληθεύσει
1089 1050 1327 1121 Χριστὸς
1364 1050 1493 1119 παρ’
1544 1050 1727 1111 αὐτοῖς
1775 1049 1807 1118 ἡ

234 1149 497 1220 inﬂecte,
527 1147 560 1217 ἢ
612 1146 728 1209 πῶς
758 1144 907 1214 αὐτῷ
949 1142 1223 1197 πεισθεῖεν
1272 1142 1539 1213 εἰρηκότι,
1573 1144 1805 1196 Πολλιιί

232 1240 412 1312 μοναὶ
461 1242 623 1308 παρὰ
662 1236 742 1304 τῷ
786 1238 974 1306 Harp!
1005 1254 1023 1301 ;
1091 1233 1210 1305 ἦτοι
1241 1234 1435 1289 πολλαὶ
1480 1235 1809 1305 ἀξιωμάτων

233 1331 491 1401 διανομαὶ
520 1330 552 1401 ἢ
584 1327 876 1400 διαφοραί·
909 1326 984 1390 ὡς
1012 1324 1120 1396 γὰρ
1154 1325 1346 1380 πολλαὶ
1379 1325 1510 1396 βίων
1546 1325 1805 1396 αίρέσεις,

233 1421 378 1475 οὕτω
426 1423 522 1474 καὶ
578 1419 689 1472 τῶν
732 1418 1087 1489 βεϐιωμένων
1145 1418 1364 1486 ἑκάστῳ
1420 1419 1453 1489 ή
1507 1416 1806 1482 ἀντίδοσις,

233 1510 413 1575 ἀξίαις
449 1512 572 1572 ταῖς
611 1507 868 1579 ἀμοιϐαῖς
900 1507 1347 1578 ὲπιμετρουμένη
1400 1507 1551 1576 παρά
1580 1506 1674 1559 τοῦ
1719 1506 1808 1570 ἐξ·

232 1601 565 1672 ερευνῶντος
596 1598 791 1663 ταῦτα,
822 1598 917 1652 καὶ
945 1599 1014 1651 τὰ
1042 1598 1164 1651 κατ’
1202 1594 1364 1661 ἀξίαν
1393 1598 1599 1653 ἅπασιν
1626 1599 1806 1650 ἐπινέ-

236 1709 466 1763 μοντος·
519 1693 615 1745 καὶ
666 1690 873 1753 πολλὰς
929 1689 995 1744 ἂν
1048 1690 1207 1758 σχοίη
1249 1689 1340 1741 καὶ
1375 1689 1665 1758 διαφόρους
1711 1688 1811 1753 τὰς

232 1781 653 1853 ἀποκληρώσεις
704 1780 845 1835 κατά
891 1781 988 1852 τὴν
1040 1779 1339 1851 μέλλουσαν
1387 1779 1806 1850 μακαριότητα·’

232 1876 349 1930 ἀλλ’
380 1878 513 1938 ίσως
564 1874 658 1928 καὶ
686 1866 878 1927 ταῦτα’
908 1874 959 1927 oi
1018 1874 1197 1927 πάντα
1257 1872 1478 1927 ἄπιστοι
1499 1873 1592 1935 ’ὡς
1643 1871 1809 1944 λῆρον

232 1965 691 2036 ἀποπεμψάμενοι
743 1963 1172 2035 διαγράψονταιο
1224 1963 1342 2027 πῶς
1392 1964 1502 2034 γὰρ
1552 1962 1605 2016 οἵ
1634 1979 1695 2032 γε
1729 1963 1808 2026 είς

1978 673 2067 727 82.
2106 672 2311 738 Nonne,
2346 674 2585 743 inquam,
2612 675 2726 729 ltmc
2755 686 2836 729 est
2874 679 3155 734 tttattilesta
3192 682 3399 738 insania
3436 700 3490 741 et

1915 765 2194 819 amentia?
2227 765 2363 832 Quid
2393 765 2537 819 enim
2563 767 2742 822 dicent
2775 769 2840 823 de
2859 770 2972 839 jam
3004 775 3254 840 mortuis,
3289 790 3344 832 et
3364 779 3488 835 hinc

1916 853 2210 923 profectis?
2237 853 2374 909 Num
2399 854 2698 910 idololatra:
2723 859 2903 913 cuncti
2935 859 3176 928 fuerunt,
3219 875 3275 920 et
3322 880 3375 919 δ’
3397 882 3485 923 sa-

1916 944 2027 999 lute
2076 942 2322 1000 {intrditus
2376 946 2740 1001 exciderunt?
2780 947 3063 1014 Quomodo
3114 954 3281 1024 igitur
3322 971 3485 1014 verax

1915 1038 2020 1091 erit
2062 1037 2204 1107 apud
2229 1051 2325 1091 eos
2367 1036 2619 1094 Christus
2659 1040 2749 1109 qui
2808 1050 2894 1095 est
2947 1042 3060 1109 ipsa
3116 1049 3354 1102 veritas?
3395 1049 3488 1105 Vel

1914 1129 2183 1198 quomodo
2237 1130 2287 1184 ei
2330 1130 2554 1185 credent
2586 1132 2828 1188 dicenti:
2856 1132 3043 1189 Multa:
3080 1141 3221 1205 apud
3275 1140 3488 1196 Patrem
3526 1189 3537 1199 .

1917 1220 2214 1274 mansiones
2248 1230 2368 1274 sunt
2401 1220 2481 1275 "?
2514 1222 2563 1276 id
2596 1233 2679 1278 est
2719 1223 2903 1279 multa:
2954 1226 3273 1295 dignitatum
3301 1233 3488 1287 distri-

1915 1311 2165 1368 butiones
2200 1322 2289 1368 :et
2323 1315 2393 1368 ita
2421 1315 2715 1370 viventium
2753 1318 2917 1371 etiam
2945 1320 3236 1391 unicuique
3285 1322 3374 1378 lict
3406 1340 3490 1378 re-

1915 1404 2241 1471 muneratio,
2272 1406 2525 1475 congruis
2568 1407 2915 1474 prmmiorum
2952 1412 3213 1479 gradibus
3232 1416 3487 1469 dctucnsa

1914 1495 1983 1550 ab
2007 1509 2073 1550 eo
2094 1495 2185 1565 qui
2218 1498 2330 1552 haec
2352 1498 2578 1567 inquirit
2601 1539 2616 1564 ,
2647 1508 2703 1554 et
2746 1514 2844 1570 pro
2878 1516 2977 1556 suo
3022 1502 3249 1572 singulis
3295 1508 3491 1561 lllcrilu

1917 1587 2207 1643 retribuit?
2235 1590 2524 1658 multaeque
2546 1602 2707 1646 erunt
2736 1601 2791 1645 et
2824 1591 3051 1647 diversae
3082 1595 3133 1648 in
3158 1594 3338 1652 l‘utnra
3370 1600 3490 1655 bea-

1918 1680 2148 1734 titudine
2181 1680 2593 1751 assignatioues.
2628 1684 2792 1756 256
2833 1684 2939 1739 Sed
2974 1686 3088 1741 hinc
3118 1702 3339 1757 quoque
3378 1690 3491 1745 l’or-

1919 1784 2063 1828 tasse
2107 1772 2160 1825 hi
2205 1776 2428 1828 cumino
2474 1774 2720 1829 iulldcles
2759 1791 2855 1831 ceu
2920 1793 3096 1846 nugas
3140 1780 3490 1848 repudiamus

1915 1862 2382 1917 circumscribent.
2419 1861 2702 1929 Quomodo
2729 1864 2874 1918 enim
2918 1852 3092 1922 nostri
3141 1868 3394 1925 homines
3436 1874 3487 1923 iu

1917 1953 2021 2010 hoc
2049 1967 2164 2008 aevo
2192 1963 2459 2024 extremo,
2483 1965 2538 2010 et
2558 1956 2714 2025 quasi
2751 1956 2878 2011 vitae
2908 1960 3189 2014 mundana:
3216 1963 3451 2017 termino
3471 2002 3485 2019 .

232 2061 369 2115 αὐτὸ
584 2058 781 2122 αίῶνος
821 2057 883 2109 τὸ
930 2056 1193 2128 ἔσχατον,
1252 2056 1346 2109 καὶ
1379 2050 1493 2109 οἷον
1534 2056 1594 2109 τὸ
1631 2056 1808 2125 τέρμα

1917 2049 2117 2117 quique
2156 2048 2429 2121 prioribus
2457 2047 2616 2102 valde
2646 2057 2774 2103 sunt
2821 2047 3133 2118 inferiores,
3190 2058 3487 2123 quomodo.

231 2153 461 2223 ἥκοντες
520 2149 582 2203 τὸ
637 2149 734 2202 τοῦ
793 2148 933 2219 βίου,
997 2148 1151 2220 παρά
1208 2147 1347 2200 πολὺ
1407 2147 1518 2200 τῶν
1558 2147 1813 2218 προειλη-

234 2242 420 2306 φότων
461 2238 911 2309 ἐλαττονούμενοι
938 2280 953 2304 ,
1004 2238 1105 2309 τὴν
1158 2237 1427 2307 ἀπείρονα
1476 2236 1585 2289 τῶν
1631 2236 1813 2306 μονῶν

232 2332 464 2385 ἐκείνων
524 2329 737 2400 πληθὺν
795 2327 1216 2399 ἀποπλήσουσις
1268 2327 1371 2380 ποῦ
1412 2327 1482 2381 τὰ
1524 2323 1665 2381 ἆθλα
1705 2328 1812 2383 τῶν

231 2421 336 2493 ἤδη
390 2422 478 2475 ἐπ’
529 2420 784 2492 εὐσεϐείᾳ
842 2420 1060 2492 μέχριςλ
1087 2418 1317 2490 αἵματος
1364 2418 1811 2490 διηγωνισμὲνων

232 2515 675 2585 ὲκνεμηθήσεται
728 2514 822 2568 καὶ
870 2514 920 2566 oi
980 2513 1270 2581 στέφανοι;
1329 2509 1486 2578 οἶμαι
1536 2516 1628 2568 καὶ
1683 2506 1817 2569 Ἴου-

208 2605 401 2659 ,δαίων
431 2622 492 2674 τε
533 2605 714 2659 αὐτῶν
746 2605 968 2672 παῖδες,
1008 2605 1150 2676 μέγα
1180 2606 1267 2658 ἐπ’
1292 2605 1476 2669 αὐτοῖς
1507 2607 1813 2677 ἐπικαγχά-

234 2712 391 2750 σουσι
410 2698 503 2751 καὶ
520 2697 862 2766 γελάσονται,
880 2695 1099 2750 καὶτῶν
1120 2696 1296 2751 ἄλλων
1322 2695 1494 2751 ἐθνῶν
1520 2698 1568 2751 τί
1587 2698 1814 2753 ἀκούον-

231 2804 360 2851 τες·
396 2789 636 2851 ἅπαντες
665 2788 775 2858 γὰρ
814 2788 915 2858 τὴν
970 2787 1180 2841 ἑαυτῶν
1197 2788 1494 2859 Θρησκείαν
1526 2790 1816 2860 κρατύνειν

234 2877 603 2945 σπουδάζουσι
626 2918 643 2944 ,
684 2878 824 2933 κατά
850 2878 912 2932 τὸ
943 2882 1335 2951 γεγραμμένον
1366 2898 1379 2911 ·
1405 2883 1475 2935 El
1511 2881 1816 2948 ἀλλάξων-

231 2986 333 3023 ται
351 2970 510 3038 ’ἔθνη
544 2970 721 3038 θεοὺς
770 2969 1001 3038 acritr;
1032 2973 1134 3027 καί
1161 2969 1329 3029 οὗτοι
1360 2977 1472 3029 οὐκ
1513 2977 1632 3031 είσί
1667 2979 1813 3041 θεοί,

230 3062 337 3116 καί
390 3062 528 3131 οὐχί
580 3062 765 3129 ἔθνος
854 3063 1006 3133 πρὸς
1064 3066 1214 3120 Θεὸν
1269 3066 1478 3121 αὐτοῦ.
1552 3068 1719 3123 Μόνοι
1766 3070 1822 3122 Σὲ

230 3151 540 3225 ἀνθρώπων
588 3152 903 3224 Χριστιανοὶ
950 3154 1023 3226 (εί
1070 3154 1153 3209 δεῖ
1185 3156 1544 3227 Χριστιανοὺς
1587 3159 1770 3212 καλεῖν
1799 3200 1813 3223 ,

231 3244 503 3314 ὀνόματος
575 3244 683 3315 γὰρ
754 3244 939 3316 μόνου,
1005 3247 1067 3300 οὐ
1147 3248 1479 3320 πράγματος
1558 3250 1815 3322 Χριστια-

231 3332 345 3387 νῶν
396 3334 879 3407 μεταποιοῦνται),
916 3336 1015 3407 τὴν
1079 3339 1186 3392 τῶν
1238 3340 1580 3410 Χριστιανῶν
1633 3344 1813 3397 πίστιν

232 3426 614 3495 ὑπάρχουσαν,
647 3426 823 3490 ἀθέως
877 3428 973 3482 καὶ
1002 3429 1251 3494 αὐθαδῶς
1278 3432 1728 3504 ἐκπολιορκοῦσιν
1762 3436 1811 3488 oi

228 3515 491 3580 δείλαιοι,
535 3520 628 3570 καὶ
670 3518 877 3591 ταύτης
903 3519 971 3574 τά
1001 3522 1122 3592 ίερά
1156 3522 1406 3595 σύμϐολα
1455 3526 1813 3599 καθαιροῦσιν

228 3606 465 3687 ἀνιέρως
486 3608 535 3661 oi
571 3608 773 3663 ἀνόσιοι
798 3626 812 3640 ·
831 3610 960 3664 ιάλλ’
987 3604 1032 3665 ὦ
1056 3612 1482 3682 θεοστυγέστατε
1518 3618 1612 3670 καὶ
1637 3616 1815 3670 ἀθεώ-

230 3715 397 3764 τατε,
438 3700 684 3754 ἀκουέτω
713 3703 821 3765 πᾶς
847 3705 875 3756 ὁ
906 3702 1051 3758 κατὰ
1079 3703 1254 3759 ταῦτα
1304 3707 1521 3779 φρονῶν
1547 3711 1643 3762 καὶ
1665 3709 1808 3761 οὕτω

229 3787 498 3855 δοξάζων,
524 3788 667 3845 οὕτω
694 3808 754 3844 σε
783 3792 867 3846 δεῖ
902 3804 926 3833 ο
960 3794 1086 3865 περὶ
1115 3795 1208 3854 τὸν
1237 3798 1578 3870 Δημιουργὸν
1606 3800 1811 3854 δἰακεῖο

234 3880 406 3946 σθαις
440 3881 645 3945 ἐκεῖνος
672 3882 737 3936 δι’
768 3882 975 3953 ἄφατον
1009 3885 1324 3958 ἀγαθότητα
1354 3890 1418 3943 ὲκ
1445 3890 1519 3961 μὴ
1551 3891 1703 3955 ὗντος
1733 3894 1812 3957 εἰς

230 3970 298 4024 τὺ
328 3966 470 4025 εἶναι
500 3975 816 4045 παρήγαγε,
856 3977 947 4030 καὶ
978 3977 1216 4031 πεσόντα
1248 3996 1307 4032 σε
1351 3981 1455 4033 ὑπὸ
1502 3981 1599 4053 τὴν
1627 3984 1811 4055 ἀμαρ-

230 4062 361 4117 τίαν
393 4063 554 4116 πάλιν
583 4065 852 4136 ἀνέστησε
883 4106 898 4132 ,
929 4067 1095 4121 πάθει
1130 4070 1332 4140 σαρκὸς
1361 4070 1582 4142 θανάτῳ
1642 4089 1813 4143 προσ.

227 4153 526 4224 ομιλήσας,
546 4155 745 4209 καὶτὸν
766 4159 1044 4228 αἴσχιστον
1069 4160 1329 4231 ὑπέμεινε
1349 4162 1436 4215 διὰ
1464 4165 1521 4217 σὲ
1552 4164 1779 4219 θάνατον
1796 4182 1808 4194 ’

230 4244 404 4314 μέχρι
456 4245 569 4316 γὰρ
608 4245 842 4300 θανάτου
868 4289 883 4314 ,
916 4249 1148 4304 θανάτου
1190 4251 1246 4303 δὲ
1298 4253 1537 4324 σταυροῦ
1566 4294 1580 4315 ,
1622 4256 1812 4309 ἑαυτὸν

227 4333 499 4397 ἀκίνωσε,
539 4336 633 4388 καὶ
667 4337 727 4389 τὸ
745 4331 886 4406 αἷμα
915 4331 975 4391 τδ
1005 4341 1210 4393 οἰκεῖον
1241 4340 1462 4412 ἐξέχεεν
1484 4361 1497 4374 ·
1534 4344 1620 4398 ῖνα
1657 4363 1715 4398 σε
1744 4347 1810 4400 δι’

228 4422 407 4478 αὑτοῦ
437 4421 752 4501 ἐξαγοράσῃ
786 4429 877 4482 τὸν
911 4432 1267 4503 πεπραμένον
1312 4437 1377 4505 τῇ
1414 4437 1658 4508 ἁμαρτίᾳ
1679 4477 1693 4500 ,
1725 4440 1810 4491 ἵνα

228 4513 519 4607 καταλύσῃ
554 4517 622 4570 τά
642 4518 835 4574 εἴδωλα
859 4522 953 4574 καὶ
982 4522 1087 4592 τῆς
1111 4524 1397 4591 εἰδωλικῆς
1433 4545 1491 4581 σε
1526 4530 1808 4607 ἀπαλλάξῃ

235 4605 444 4687 μανίας
473 4609 567 4661 καὶ
607 4610 835 4682 πλάνης,
875 4615 970 4667 καὶ
997 4615 1095 4685 τῆς
1134 4615 1231 4669 τοῦ
1268 4618 1465 4689 ἐχθροῦ
1498 4605 1810 4692 τυραννίδος

1916 2139 2173 2209 inquam,
2226 2140 2568 2193 innumeram
2605 2138 2749 2193 illam
2786 2143 3127 2197 mansionum
3189 2146 3491 2201 multitudi-

1916 2244 2038 2283 nem
2072 2229 2391 2300 replebunt?
2447 2229 2678 2286 Ubinam
2715 2235 2939 2301 praemia
2973 2246 3135 2306 atque
3173 2254 3391 2297 corona:
3424 2242 3491 2297 iis

1915 2320 2005 2392 qui
2032 2336 2130 2390 pro
2154 2336 2282 2377 vera
2330 2322 2595 2394 religione
2631 2340 2806 2395 usque
2836 2328 2904 2381 ad
2938 2330 3255 2398 sanguinem
3302 2334 3488 2389 decer-

1917 2423 2099 2469 tarunt
2120 2414 2426 2471 dabuntur?
2459 2417 2715 2473 Arbitror
2734 2416 2953 2474 Judaeos
2988 2422 3136 2490 ipsos
3171 2424 3341 2480 risum
3364 2463 3371 2471 .
3393 2442 3489 2481 ca-

1914 2507 2283 2576 chinnnmque
2328 2507 2609 2575 elaturos,
2664 2512 2907 2580 itemque
2960 2513 3094 2569 alias
3145 2528 3488 2588 quaecunque

1917 2603 1971 2656 id
2006 2602 2278 2658 audierint
2306 2614 2513 2673 gentes.
2548 2605 2740 2660 Cuncti
2770 2606 2913 2660 enim
2948 2607 3227 2676 propriqu
3281 2609 3488 2663 cultum

1920 2699 2054 2752 tueri
2088 2707 2361 2767 satagunt,
2398 2709 2559 2767 prout
2587 2701 2846 2771 scriptum
2879 2710 2961 2756 est
2998 2719 3012 2756 :
3051 2701 3489 2758 Nummutabunl

1916 2799 2086 2856 gentes
2107 2788 2230 2842 deos
2259 2790 2425 2843 suos?
2465 2790 2677 2843 etiamsi
2707 2792 2763 2843 Ιιὶ
2796 2807 2899 2845 non
2934 2793 3037 2845 sint
3083 2793 3157 2844 dii
3181 2833 3198 2861 ,
3238 2811 3402 2862 neque
3427 2812 3490 2849 cu

1916 2897 2038 2949 gens
2077 2881 2147 2934 ad
2194 2882 2348 2935 deum
2399 2897 2554 2935 suum
2592 2884 2857 2951 pertineat
2908 2883 2974 2938 “.
3035 2884 3147 2938 Soli
3205 2885 3488 2940 hominum

1915 2972 2249 3038 Christiani,
2297 2973 2343 3027 si
2401 2981 2581 3028 tamen
2617 2972 2912 3047 Qhristiani
2965 2977 3272 3045 appellandi
3336 2991 3487 3041 sunt,

1918 3081 2039 3119 nam
2077 3066 2253 3119 solum
2287 3079 2508 3133 nomen,
2538 3080 2641 3121 non
2676 3081 2789 3121 rem
2812 3066 3248 3123 Christianorum
3267 3070 3488 3136 habent,

1917 3156 2039 3220 soli,
2070 3156 2313 3225 inquam,
2340 3156 2497 3211 [idem
2529 3155 2965 3211 Christianorum
3004 3159 3265 3213 audacter
3296 3160 3488 3231 impiu-

1917 3260 2021 3314 que
2052 3255 2363 3315 oppugnant
2396 3244 2639 3301 infelices
2668 3246 2743 3311 hi,
2783 3257 2835 3301 et
2866 3245 3107 3313 ejusdem
3143 3262 3297 3301 sacra
3340 3265 3490 3319 sym-

1919 3338 2038 3391 hola
2067 3337 2369 3409 irreligiose
2390 3335 2611 3392 abolent
2652 3336 2706 3391 hi
2739 3338 2978 3393 scelesti.
3010 3337 3139 3405 Sed,
3170 3355 3202 3390 ο
3230 3339 3321 3394 Dei
3365 3342 3492 3393 odio

1917 3428 2230 3495 dignissime
2264 3436 2320 3482 et
2360 3426 2855 3497 irreligiosissime,
2901 3429 3085 3481 audiat
3121 3429 3373 3499 quisquis
3417 3431 3492 3483 ita

1900 3517 2268 3589 ~sentitatque
2318 3519 2599 3588 opinatur,
2632 3519 2839 3575 sicciue
2887 3534 3014 3589 erga
3063 3520 3379 3575 Creatorem
3408 3530 3488 3576 ιιι-

1916 3623 2023 3668 met
2042 3626 2232 3682 gerere
2259 3610 2513 3680 oportet?
2545 3610 2639 3666 Ille
2680 3610 2935 3666 inelIabili
2986 3612 3230 3667 bonitate
3268 3629 3333 3667 ex
3384 3630 3488 3666 non

1914 3713 2164 3760 exstante
2203 3711 2255 3758 te
2274 3702 2340 3757 ad
2365 3702 2737 3757 exsistentiam
2766 3703 3039 3772 produxit,
3083 3716 3239 3773 teque
3268 3716 3493 3773 peccatu

1914 3798 2220 3866 prolapsum
2256 3794 2538 3858 relevavit,
2579 3794 2834 3866 passione
2873 3794 3057 3849 carnis
3094 3810 3205 3848 sua:
3257 3806 3488 3850 mortem

1912 3892 2126 3952 obiens,
2150 3898 2205 3943 et
2231 3888 2604 3957 turpissimum
2640 3888 2849 3957 patiens
2893 3887 3252 3956 supplicium;
3278 3888 3486 3945 etenim

1914 4000 2083 4051 usque
2109 3984 2176 4035 ad
2211 3992 2463 4042 mortem,
2509 3990 2738 4033 mortem
2776 3988 2953 4033 autem
3017 3981 3219 4042 crucis,
3250 3981 3485 4050 seipsum

1912 4071 2242 4132 exinanivit,
2291 4084 2559 4137 suumque
2602 4069 2921 4137 sanguinem
2973 4069 3141 4137 fudit;
3178 4081 3233 4122 ut
3287 4081 3339 4125 te
3393 4087 3489 4141 per

1913 4154 2053 4219 hunc
2096 4164 2382 4218 redimeret
2443 4173 2667 4230 peccato
2699 4161 3060 4224 obstrictum;
3093 4174 3149 4215 ut
3204 4162 3343 4216 idola
3388 4163 3486 4216 de-

1912 4267 2179 4318 strueret,
2217 4267 2375 4324 teque
2407 4255 2601 4309 idolica
2640 4254 2849 4308 insania
2879 4264 2933 4308 et
2974 4268 3163 4309 errore
3189 4266 3242 4308 et
3280 4255 3482 4308 inimici

1913 4349 2196 4420 tyrannide
2228 4348 2509 4411 liberaret,
2538 4355 2592 4402 et
2627 4347 2928 4415 corruptela
2964 4357 3278 4402 revocatum
3313 4349 3483 4401 salvu-

1911 4451 2013 4504 ret,
2040 4440 2277 4510 atquein
2303 4439 2577 4508 antiquam
2612 4437 2951 4492 nobilitatem
2989 4437 3321 4492 restitueret.
3356 4437 3479 4491 llaec

1909 4534 2168 4587 adversus
2199 4531 2538 4585 Salvatorem
2572 4531 2778 4585 audes?
2807 4526 2902 4583 Ille
2934 4544 3031 4598 pro
3064 4536 3117 4583 te
3150 4530 3360 4598 patitur
3383 4573 3395 4594 ,
3423 4540 3478 4584 tu

1910 4639 2034 4678 eum
2063 4621 2386 4677 contumelia
2421 4618 2737 4675 amcisHlle
2757 4618 2916 4695 cruci
2944 4619 3145 4687 llgitur,
3180 4628 3232 4672 tu
3268 4620 3316 4674 ei
3349 4636 3479 4673 cou-

228 4684 601 4772 ἐλευθερώσῃ,
633 4703 729 4755 καὶ
770 4704 866 4774 τῆς
917 4684 1123 4777 φθορᾶς
1157 4684 1596 4783 ἀνακαλούμενος
1636 4684 1806 4790 athon,

1913 4712 2164 4767 viciaris?
2192 4711 2330 4777 Quid
2372 4709 2512 4763 inter
2551 4718 2601 4762 te
2631 4716 2687 4762 et
2730 4684 3082 4775 crueitixores
3131 4707 3476 4762 iu:erest?lu

229 4793 331 4846 καὶ
349 4793 447 4864 τὴν
480 4796 713 4866 ἀρχαίαν
730 4798 1011 4864 εὐγένειαν
1030 4800 1380 4874 δωρήσηταιξυ
1412 4806 1637 4861 τοιαῦτα
1673 4812 1811 4865 κατὰ

226 4882 329 4933 τοῦ
363 4885 662 4947 σεσωκότος
688 4885 895 4956 τολμᾷς
917 4904 932 4951 ;
962 4890 1170 4954 ἐκεῖνος
1195 4891 1336 4963 ὑπὲρ
1355 4894 1449 4947 σοῦ
1479 4897 1696 4968 πάσχει,
1720 4903 1812 4954 καὶ

231 4972 305 5022 σὺ
341 4972 616 5042 ὑϐρίζειςς
649 4977 853 5038 ἐκεῖνος
881 4978 1241 5050 σταυροῦται,
1277 4984 1370 5036 καὶ
1406 4984 1470 5037 σὺ
1499 4986 1808 5059 ὀνειδίζειςς

227 5060 288 5113 τί
327 5078 410 5115 σοι
452 5064 514 5115 τὸ
551 5064 807 5137 διαφέρον
855 5068 963 5123 τῶν
1011 5073 1479 5142 σταυρωσάντων;
1515 5077 1566 5128 τί
1612 5079 1666 5132 δὲ
1700 5080 1809 5134 τῶν

231 5152 541 5207 Θεοκτόνων
590 5155 938 5227 διενήνοχας;
970 5166 1027 5214 τί
1074 5162 1130 5216 δὲ
1161 5165 1222 5217 οὑ
1257 5166 1459 5235 μᾶλλον
1494 5171 1588 5223 ἐπὶ
1642 5174 1809 5246 κακίᾳ

227 5244 590 5313 παρήλασαςς
623 5250 825 5300 ἐκεῖνοι
851 5250 996 5315 ἅπαξ
1022 5254 1399 5321 κατεδίκασαν,
1441 5262 1533 5313 καὶ
1564 5244 1809 5335 σταυρώξ

229 5349 431 5399 σαντες
456 5338 806 5405 ἀπεκτόνασι,
828 5343 892 5395 σὺ
913 5343 968 5396 δὲ
990 5362 1064 5397 πα
1074 5346 1163 5415 ρδν
1189 5355 1515 5418 προσκυνεῖν
1536 5354 1627 5405 τὸν
1652 5356 1807 5425 εύερ-

227 5427 427 5498 γὲτῃν,
456 5431 551 5481 καὶ
579 5430 862 5500 ὁμολογεῖν
892 5436 992 5504 τῆς
1018 5439 1351 5511 τηλικαύτης
1391 5445 1716 5516 εὐεργεσίας
1748 5450 1806 5503 τὸ

231 5519 491 5589 μέγεθος,
530 5522 650 5574 καθ’
682 5525 916 5596 ἑκάστην
959 5530 1172 5600 ἡμέραν
1201 5538 1449 5605 σταυροῖς
1482 5538 1573 5592 καὶ
1614 5541 1803 5592 ὀνείδί..

305 5634 352 5669 ³⁵
377 5632 530 5697 Joau.
572 5651 682 5704 ιιιν,
716 5638 771 5691 2.
866 5640 909 5672 “
932 5639 1130 5697 Jcrem.
1163 5660 1221 5709 ll,
1252 5646 1338 5701 li.

1910 4820 2016 4875 quo
2046 4803 2232 4858 dill'crs
2304 4815 2334 4855 α
2380 4797 2474 4854 Dei
2531 4796 3050 4854 occisoribusHmo
3105 4813 3233 4852 vero
3288 4798 3475 4867 quidni
3517 4816 3523 4823 ·

1911 4908 1965 4951 ιιι
1994 4898 2115 4951 illus
2141 4895 2339 4949 malitia
2365 4891 2631 4964 superas?
2651 4890 2731 4945 llli
2762 4891 2930 4946 semel
2961 4884 3477 4951 condemnaveruut,

1908 5001 1961 5045 ct
1988 4989 2133 5044 cruci
2169 4990 2334 5042 ﬁxum
2365 4986 2795 5051 interfecerunt;
2826 4995 2878 5039 tu
2908 4999 3027 5038 cum
3054 4984 3282 5062 adorare
3306 4983 3478 5038 bene-

1908 5082 2167 5137 factorem
2225 5080 2441 5145 debeas,
2498 5088 2552 5134 et
2600 5078 2732 5132 tanti
2762 5076 3009 5131 beuellcii
3051 5074 3478 5146 magnitudinem

1917 5175 2183 5241 conliteri,
2212 5173 2455 5243 quotidie
2482 5170 2775 5241 cruciﬁgis,
2817 5168 3177 5234 conviciaris,
3213 5168 3479 5223 deteriora

1916 5270 1982 5322 de
2026 5268 2116 5320 illo
2162 5266 2405 5320 sentiens
2442 5282 2457 5319 :
2507 5264 2678 5333 magis
2712 5272 2767 5317 tu
2804 5278 2925 5315 eum
2980 5261 3189 5315 infestis
3234 5260 3476 5325 vocibus,

1916 5374 2074 5427 quam
2119 5358 2189 5412 illi
2230 5357 2532 5429 lapulibus,
2565 5356 2816 5441 impetis;
2854 5352 3092 5422 nihilque
3124 5368 3187 5405 ex
3248 5354 3484 5406 Iunium
3564 5432 3567 5435 Ἴ

1914 5451 2163 5505 absurdis
2194 5449 2616 5521 etirreligiosis,
2656 5448 2835 5504 facere
2869 5454 2962 5501 aut
2991 5446 3171 5501 dicere
3216 5456 3305 5499 aut
3353 5460 3482 5514 pec:

1910 5557 2033 5597 care
2063 5542 2321 5599 adversus
2352 5541 2518 5596 Deum
2542 5539 2768 5597 omittis.

1523 5716 1751 5773 VARI}:
1786 5718 2192 5774 LEtlTlONES.

323 5782 345 5806 ⁶
375 5774 562 5838 Οὕτως
592 5776 719 5832 ἔδει.

464 5869 730 5929 Pnaon.
777 5865 889 5926 Gn.
935 5868 995 5925 [ἶ.

3049 5884 3124 5946 96
