4206 6440
208 387 298 456 813

1054 381 1621 447 APOLOGETICUS
1656 382 1806 443 PRO
1842 380 2108 440 SACRIS
2149 377 2606 439 IMAGiNlBUS

3337 378 3439 444 8M

209 499 471 551 πνεύστων
520 496 755 569 Γραφῶν
807 491 1089 548 κάνταῦθα
1140 494 1552 565 ἐρανισάμσνοι,
1599 490 1664 544 ἐκ
1695 507 1754 542 τε

1879 487 2121 540 Ιυοιιοὶιιί.ς
2164 487 2509 550 haurientes,
2551 501 2670 553 qua:
2708 485 2817 540 sint
2874 486 3151 541 memoriae
3206 498 3262 544 et
3314 508 3436 561 pto-

209 588 295 658 τῆς
319 586 424 642 τῶν
454 586 726 658 ἐκκρίτων
763 583 858 639 καὶ
883 583 1276 654 εὐσημοτέρων
1307 573 1570 654 Πατέρων
1605 581 1767 652 ἡμῶν
1794 570 1799 578 ’

204 678 533 742 δ.δασκαλίας
573 676 936 748 ἀρυσάμενοι,
969 674 1108 746 πρὸς
1141 675 1452 745 ὑπόμνησιν
1483 672 1581 726 καὶ
1619 670 1766 747 ὠςρέ-

206 768 342 824 λειαν
371 770 481 822 τῶν
510 766 783 830 εὐπειθῶς
811 782 874 820 τε
908 766 1004 819 καὶ
1029 763 1287 836 ἐμμελῶς
1332 764 1546 828 τούτοις
1577 764 1769 831 ἐντυγ-

205 860 457 932 χανόντων
504 855 972 930 χρησιμεύσοντα,
1019 856 1116 911 καὶ
1159 858 1390 928 χρήσεις
1429 856 1582 921 τινὰς
1629 853 1767 926 τῷδε

203 952 278 1023 τῷ
300 952 589 1023 γράμματι
638 948 728 1004 διὰ
769 948 1023 1020 βραχέων
1072 947 1463 1002 ὐποτεθεῖσθαι
1502 946 1769 1002 ἐσπουδά-

206 1061 389 1115 σαμεν,
427 1030 580 1104 ὅπως
611 1040 688 1111 μὴ
718 1039 916 1094 ταυτὸν
948 1041 1066 1104 τοῖς
1097 1038 1391 1093 ἀπειθοῦσι
1426 1042 1491 1111 τῇ
1540 1038 1770 1109 ἀληθείᾳ

206 1135 446 1188 πάθοιεν
496 1135 694 1186 ἐκεῖνοι
740 1131 850 1201 γὰρ
881 1130 978 1184 τοῦ
1013 1130 1249 1201 ψεύδους
1296 1130 1449 1192 ὅντες
1508 1128 1765 1202 ἐρασταὶ,

205 1223 450 1297 καὶπρὸς
481 1225 610 1288 τοὺς
638 1223 895 1293 ἐλέγχους
940 1223 1038 1293 τῆς
1067 1221 1327 1292 ἀληθείας
1357 1223 1447 1275 ἀεὶ
1484 1221 1769 1293 δυσχεραί-

205 1336 396 1384 νοντες,
425 1319 476 1370 οί
505 1317 606 1387 μὲν
637 1318 704 1386 τῇ
738 1317 996 1386 ἀπιστίᾳ,
1027 1318 1074 1368 οἱ
1100 1315 1157 1368 δὲ
1190 1317 1258 1385 τῇ
1285 1314 1502 1385 ἀμαθία
1525 1331 1768 1386 προκατηο

205 1412 541 1483 ειλημμένοι,
579 1407 659 1480 τῷ
692 1410 791 1479 τῆς
828 1406 1152 1469 δυσσεϐείας
1185 1407 1392 1476 ὀλέθρῳ
1425 1405 1770 1475 περιπεπτώι

207 1521 332 1558 κασι
357 1519 372 1532 ⁸
414 1505 526 1563 τοῖς
558 1501 669 1570 γὰρ
720 1497 937 1552 ἐαδτῶν
965 1496 1239 1569 θελήμασι
1271 1495 1642 1565 δουλούμενοι,
1671 1497 1771 1564 την

210 1596 340 1651 ίδίαν
378 1593 539 1659 δόξαν
571 1596 636 1646 ὲκ
683 1592 886 1660 πολλῆς
925 1591 1062 1659 ἄγαν
1093 1589 1356 1652 ἀϐουλίας
1415 1587 1509 1642 καὶ
1544 1588 1770 1658 ἀλογίας

208 1687 543 1740 συνιστάνειν
593 1684 911 1754 πειρῶνται,
945 1682 1040 1735 καὶ
1065 1681 1135 1733 τὰ
1172 1681 1319 1750 σαφῆ
1354 1681 1449 1732 καλ⁸
1487 1679 1624 1750 ὀρἿά
1672 1680 1774 1748 τῆς

204 1777 482 1840 εὐσεϐείας
502 1777 770 1845 δόγματα,
806 1776 889 1844 ἐφ’
914 1775 948 1828 ἃ
973 1774 1049 1843 μὴ
1072 1772 1351 1844 προσῆκεν
1376 1774 1439 1824 ἐκ
1463 1772 1772 1841 περιέργων

203 1867 296 1921 καὶ
341 1832 953 1935 φαύλωνηζητημάτων
973 1832 1454 1932 ’παρευθύΙνουσιψ
1507 1832 1640 1914 ὅθεν.
1673 1832 1773 1914 καὶ
1806 1832 1844 1888 Β

210 1959 447 2029 πατέρας
492 1958 660 2020 ίδίους
690 1955 1080 2027 χειροτονοῦσι,
1127 1957 1221 2008 καὶ
1253 1954 1608 2016 διδασκάλους
1641 1971 1772 2024 προ-

204 2053 537 2116 καθίζουσιν,
565 2051 614 2104 οῖ
639 2051 735 2120 τῆς
768 2049 1026 2112 ἀσεΰείας
1056 2049 1152 2102 καὶ
1180 2047 1370 2110 ἀθεῖας
1396 2045 1773 2117 προασπισταλ.

203 2144 370 2197 πάλαι
398 2143 680 2211 γεγόνασι,
717 2141 812 2194 καὶ
857 2141 960 2209 τῆς
1005 2138 1301 2208 καθολικῆς
1347 2138 1673 2206 Ἐκκλησίας
1701 2137 1776 2200 ὡς

203 2233 546 2306 πορρωτάτω
578 2231 1005 2301 ὲκσεσοδημένοι
1031 2230 1426 2300 τυγχάνουσινο
1461 2228 1647 2282 ἀθεῖαν
1668 2227 1776 2296 γὰρ

133 2393 136 2396 γ
199 2328 301 2396 τὴν
329 2326 553 2379 ἐκείνων
586 2325 823 2394 αἰρεσιν,
857 2324 908 2375 oi
948 2321 1072 2376 καθ’
1100 2323 1249 2391 ἡμᾶς
1297 2321 1543 2388 θεολόγοι
1575 2320 1773 2383 ένθέως

199 2416 557 2486 ὁδηγούμενοι
613 2415 1038 2485 κατωνόμασαν,
1073 2412 1166 2476 οὓς
1199 2411 1536 2482 συνηγόρους
1561 2410 1772 2481 ἔχοντες

200 2511 343 2564 κατά
373 2511 473 2577 τῆς
515 2506 846 2578 Ἑκκλησίας
892 2505 1244 2576 ὴνδρίσαντο’
1273 2506 1323 2558 οἱ
1351 2504 1408 2557 δὲ
1444 2503 1673 2575 χρηστοὶ
1701 2504 1776 2566 ὠς

202 2599 482 2663 εὐπειθεῖς
532 2601 627 2652 καὶ
677 2599 771 2652 τοῦ
817 2597 1154 2667 Εὐαγγελίου
1199 2596 1466 2669 μαθηταὶ,
1506 2598 1580 2668 μὴ
1636 2595 1778 2664 πέρα

201 2693 297 2746 τ.ῦ
343 2692 556 2755 δέοντος
621 2693 759 2762 πρὶς
812 2689 1243 2762 περιεργοτέρας
1294 2687 1521 2760 ὲρεύνας
1575 2689 1778 2754 ἀποφέ-

205 2800 402 2854 ροιντο,
436 2781 527 2835 τού
563 2779 949 2852 καρδίαεάπλῇ
997 2778 1407 2850 παραδεχθῆναι
1450 2776 1779 2848 δεδεημένου

200 2875 308 2944 τῆς
336 2874 569 2936 πίστεως
608 2873 769 2941 λόγου
801 2889 816 2904 ο
848 2873 1084 2936 πίστεως
1112 2872 1220 2942 γὰρ
1266 2871 1398 2924 ἴδιον
1433 2871 1780 2942 ἀπεριέργως

201 2968 347 3035 πρὸς
374 2965 437 3018 τὸ
470 2964 861 3036 πιστευόμενον
910 2965 1231 3034 προσιόντα,
1267 2962 1415 3034 ἁπλῇ
1466 2965 1533 3033 τῇ
1587 2963 1780 3031 γνώμῃ

202 3061 302 3113 καὶ
354 3060 498 3130 ὁρμῇ
538 3057 850 3128 αὐθαιρέτῳ
901 3039 1277 3122 σύντίθεσθαι,
1315 3056 1376 3108 οὐ
1423 3055 1532 3126 μὴν
1565 3054 1782 3108 ἀποδεξ-

1871 579 2034 634 iectui
2086 579 2339 634 dociliter
2385 571 2735 650 studioseque
2772 579 3065 651 legentium
3120 585 3439 651 prolutura;

1871 685 2063 743 nempe
2093 670 2302 740 aiiquot
2328 672 2684 727 auctoritates
2730 671 2855 726 ltuit:
2907 673 3272 732 lucubrationi
3321 679 3439 729 bre-

1871 754 2008 816 viter
2033 759 2358 816 subnectere
2384 762 2719 825 curavimus.
2747 778 2817 819 ne
2849 761 2991 819 torte
3027 764 3168 819 idem
3202 767 3267 820 iis
3301 771 3442 832 quod

1870 852 2163 909 incredulis
2220 853 2525 912 usuveuiat.
2596 853 2674 908 Illi
2720 854 2867 933 enim
2911 864 3102 926 utpo:e
3175 859 3441 912 mendacii

1869 957 2164 1010 amatores,
2209 948 2374 1024 etvad
2424 946 2672 1002 veritatis
2715 949 3178 1018 oppugnationem
3229 964 3446 1019 semper

1869 1039 2210 1108 exasperati,
2262 1038 2354 1093 alii
2403 1039 2819 1104 incredulitate,
2874 1039 2966 1093 alii
3018 1042 3230 1094 inscitia
3283 1056 3447 1093 occu-

1871 1131 2005 1200 pati,
2029 1131 2084 1185 in
2117 1129 2411 1203 impietatis
2430 1129 2654 1184 exitium
2673 1130 3020 1187 deciderunt.
3053 1129 3184 1183 Nam
3213 1133 3447 1202 propriis

1871 1223 2235 1278 voluntatibus
2263 1224 2626 1291 obsequentes
2647 1262 2662 1286 ,
2686 1223 3010 1278 sententiam
3040 1238 3194 1276 suam
3253 1225 3444 1278 incon-

1871 1315 2168 1369 siderantia
2210 1313 2375 1367 multa
2410 1321 2572 1382 atque
2619 1313 2954 1367 absurditate
3000 1314 3331 1369 conﬁrmare
3363 1316 3447 1369 ni-

1875 1415 2081 1468 tnntur,
2110 1412 2165 1458 et
2210 1405 2493 1472 perspicua
2534 1418 2598 1459 ac
2645 1413 2796 1457 recta
2846 1419 2984 1458 verte
3028 1406 3308 1475 religionis
3349 1408 3451 1460 do—

1872 1507 2090 1565 gmata,
2143 1496 2208 1549 ad
2270 1495 2598 1564 incongruos
2644 1511 2840 1551 sensus
2891 1497 3124 1551 curiosis
3183 1499 3446 1567 vanisque

1873 1588 2264 1659 qttaestiouibus
2305 1589 2648 1657 detorquent.
2699 1587 2850 1643 Unde
2890 1588 3056 1642 etiam
3094 1600 3273 1657 patres
3327 1607 3452 1660 pro-

1875 1682 2022 1750 prios
2049 1680 2151 1734 sibi
2197 1679 2459 1748 deligunt,
2513 1688 2570 1731 et
2619 1680 2906 1748 magistros
2960 1683 3449 1746 constituuutcos.

1873 1774 1964 1842 qni
2021 1773 2317 1842 impietatis
2346 1780 2402 1824 et
2431 1769 2682 1824 atheistni
2716 1783 3143 1842 prapugnatores
3175 1775 3303 1828 olim
3339 1773 3455 1829 l‘ue-

1877 1875 2022 1928 runt,
2055 1875 2218 1932 atque
2248 1879 2277 1916 a
2326 1861 2596 1916 catholica
2630 1861 2877 1917 Ecclesia
2929 1879 3094 1932 quam
3133 1865 3454 1936 longissime

1876 1955 2109 2012 submoti
2132 1952 2372 2008 fuerunt.
2405 1952 2652 2024 Namque
2687 1955 2936 2010 atlteismi
2967 1959 3189 2011 nomine
3218 1960 3450 2026 theologi

1877 2047 2074 2114 nostri,
2108 2045 2371 2102 divinitus
2395 2046 2664 2112 instincti,
2718 2047 2935 2102 illorum
2981 2050 3232 2107 haeresim
3273 2056 3452 2106 nami-

1880 2149 2271 2208 narunl;quos
2318 2138 2404 2194 isti
2457 2139 2754 2194 auxiliares
2803 2141 3105 2207 habentes,
3142 2153 3329 2198 contra

1877 2231 2098 2285 clesiant
2147 2229 2292 2285 vires
2347 2239 2715 2298 sumpserunt.
2747 2231 2823 2284 Pii
2854 2242 3060 2299 autem,
3119 2243 3305 2304 utpote
3359 2238 3455 2291 do-

1878 2323 2008 2378 ciles
2045 2322 2325 2392 Evangelii
2357 2322 2636 2391 discipuli,
2674 2334 2902 2378 caveant
2930 2340 2998 2380 ne
3028 2326 3169 2381 ultra
3208 2330 3452 2384 debitum

1878 2419 1945 2472 ad
1989 2418 2328 2472 curiosiores
2377 2416 2770 2486 vestigationes
2819 2429 3149 2483 excurrant,
3200 2424 3453 2489 quoniam

1881 2510 2002 2563 iidei
2039 2510 2288 2564 doctrina
2310 2509 2474 2563 corde
2520 2508 2750 2578 simplici
2787 2511 2951 2596 recipi
2984 2525 3045 2567 se
3073 2514 3326 2581 postulat.
3364 2515 3458 2568 Εςι

1877 2602 2026 2656 enim
2069 2602 2192 2655 lidei
2244 2601 2546 2671 proprium,
2584 2611 2642 2654 ut
2684 2601 2962 2658 incuriose
3010 2606 3076 2660 ad
3129 2609 3454 2662 credendum

1881 2693 2190 2760 incumbat,
2233 2705 2414 2746 mente
2479 2693 2752 2761 simplici,
2800 2705 3213 2767 spontant-oque
3252 2700 3454 2768 impetu

1882 2784 2204 2852 consentiat,
2233 2798 2342 2837 non
2367 2784 2863 2837 demonstrationes
2887 2789 3159 2854 exquirat,
3211 2804 3317 2844 tt0n
3353 2789 3438 2844 de-

1883 2875 2046 2944 nique
2067 2875 2354 2930 verborum
2388 2869 2776 2929 certaminibus
2801 2876 2936 2930 nihil
2970 2878 3220 2934 utilitatis
3249 2880 3456 2933 haben-

1885 2965 2048 3031 tibus,
2078 2965 2172 3020 sed
2203 2965 2590 3020 detrimentum
2627 2965 2804 3035 potius
2833 2982 2938 3020 non
2963 2970 3231 3024 modicum
3263 2975 3459 3027 anima:

1885 3056 2255 3127 parientibus,
2307 3057 2622 3112 immoretur
2654 3055 2790 3127 (8i).
2816 3055 2930 3112 Hoc
2953 3068 3038 3112 est
3082 3061 3456 3116 haereticorum

203 3148 323 3214 ξεις
363 3146 661 3216 ἐπιζητεῖν,
694 3146 789 3198 καὶ
815 3143 1179 3214 λογομαχίαις
1220 3145 1301 3206 είς
1328 3141 1483 3196 οὐδὲν
1511 3141 1783 3212 χρήσιμον

1887 3150 2156 3215 studium;
2212 3149 2316 3204 hoc
2361 3147 2703 3202 ethnicorum
2744 3149 3058 3216 artiﬁcium,
3097 3153 3189 3222 qui
3252 3154 3458 3207 vanilo-

203 3239 619 3304 συντελούσαις,
681 3236 882 3308 μᾶλλον
920 3236 978 3290 δὲ
1035 3233 1232 3303 βλάϐος
1297 3235 1358 3287 οὐ
1397 3234 1612 3306 μικρὸν
1661 3237 1782 3298 ταῖς

199 3331 413 3400 ψυχαῖς
437 3328 836 3393 ἐντικτούσαις,
867 3326 1278 3398 ωντρίὸεσθαιο
1309 3323 1468 3378 τοῦτο
1491 3326 1785 3397 αίρετικῶν

198 3423 514 3492 ἀνθρώπων
534 3422 593 3474 τὸ
616 3421 954 3490 ἐπιτήδευμα
975 3437 990 3448 ’
1019 3419 1178 3472 τοῦτο
1213 3416 1484 3489 Ἐλλήνων
1503 3418 1564 3470 τὸ
1589 3420 1782 3488 τέχναι

201 3532 353 3584 σμα,
377 3513 426 3568 οἳ
474 3513 891 3584 ματαιολογίαις
920 3514 1013 3564 καὶ
1042 3511 1263 3582 λέσχαις
1293 3510 1481 3581 ἀηδέσι
1515 3510 1783 3580 πονούμε-

199 3623 313 3672 νοι,
353 3606 554 3674 πολλῆς
604 3603 876 3676 φλυαρίας
927 3602 1159 3666 ἑαυτούς
1204 3619 1262 3655 τε
1313 3603 1406 3656 καὶ
1449 3603 1576 3665 τοὺς
1617 3601 1784 3665 πέλας

198 3695 653 3769 ἀποπληροῦσιν,
707 3694 832 3762 εἰκῆ
867 3693 960 3746 τὸν
1007 3693 1144 3763 ἀέρα
1196 3691 1543 3761 πλήττοντες,
1574 3692 1676 3761 τῆς
1728 3693 1784 3745 δὲ

198 3792 479 3865 ἀληθείας
527 3778 839 3862 ὀλοτρόπως
890 3788 1401 3858 ἀποτυγχάνοντες’
1443 3788 1504 3842 τὸ
1549 3789 1658 3856 γάρ
1703 3805 1785 3840 τοι

201 3885 545 3954 ζυγομαχεῖν
602 3881 711 3934 τῶν
771 3880 1223 3950 ὁμολογουμένων
1283 3879 1377 3932 καὶ
1443 3879 1786 3950 φαινομένων

199 3977 443 4040 εῐνεκεν,
476 3975 681 4045 ὁπόσης
727 3974 916 4035 ἀνοίας
948 3974 1044 4025 καὶ
1094 3970 1414 4038 ἀῦελτερίας
1446 3970 1615 4035 ἄξιον,
1667 3971 1786 4023 οὐδὲ

198 4067 452 4131 ἐξειπεῖν
475 4057 622 4116 ἔστιν
643 4079 656 4091 '
691 4061 1202 4131 εὐγνωμονέστερον
1228 4059 1283 4112 δὲ
1310 4061 1359 4111 οἱ
1384 4061 1788 4129 χρηστομαθεῖς

198 4153 623 4226 προσαγόμενοι
656 4154 751 4204 καὶ
766 4150 1201 4221 εὐπειθέστερον,
1229 4149 1468 4218 εὐήκοον
1521 4148 1613 4211 οὓς
1648 4167 1789 4220 παρ-

197 4247 499 4315 εχέτωσαν
561 4245 677 4305 τοῖς
706 4242 1002 4312 διδάγμασι
1032 4239 1127 4304 τοῦ
1161 4241 1501 4309 Πνεύματος,
1529 4243 1628 4311 τὴν
1661 4242 1790 4312 περὶ

205 4336 330 4390 τῶν
379 4335 724 4406 τηλικούτων
772 4332 1099 4404 παραίνεσιν
1131 4330 1423 4395 δέξασθαι·
1472 4331 1650 4395 πίστις
1679 4333 1788 4404 γὰρ

200 4429 352 4500 μόνη
389 4427 567 4491 ταῦτα
597 4428 787 4496 χωρεῖ,
819 4425 1117 4494 λογισμοὺς
1139 4423 1519 4494 ἀνθρωπίνους
1543 4425 1784 4495 ἀποκρύ-

197 4535 449 4584 πτουσα,
480 4519 573 4571 καὶ
598 4518 626 4569 ό
657 4517 792 4586 πρὸς
823 4516 890 4568 τά
919 4515 1040 4568 θεῖα
1061 4514 1170 4567 τῶν
1198 4514 1454 4583 ἐκθύμως
1487 4517 1615 4584 περὶ
1649 4517 1786 4570 αὐτὰ

1887 3240 2125 3310 quentiis
2171 3251 2225 3294 et
2253 3237 2547 3306 injucunda
2580 3237 2912 3309 loquacitate
2958 3251 3132 3296 semet
3158 3243 3459 3315 defatigan-

1891 3341 1990 3395 tes,
2026 3327 2190 3382 multa
2241 3330 2454 3397 seipsos
2518 3329 2830 3397 nugaeitate
2884 3339 2940 3384 et
2994 3332 3272 3400 proximos
3305 3349 3452 3388 com-

1887 3418 2056 3490 plent,
2085 3418 2286 3472 irustra
2312 3431 2494 3473 aerem
2528 3418 2911 3485 verberantes,
2944 3435 2973 3473 a
3011 3423 3238 3477 veritate
3275 3436 3456 3478 autem

1886 3527 2111 3582 prorsus
2157 3509 2536 3567 abhorrentes.
2589 3509 2832 3580 Namque
2877 3513 3148 3569 obluctari
3192 3518 3459 3572 adversus

1887 3602 2155 3658 evidentia
2187 3613 2240 3656 et
2277 3600 2551 3666 confessa,
2597 3614 2814 3672 quantae
2853 3607 2925 3660 sit
2954 3605 3243 3662 dementiae
3278 3617 3332 3664 et
3371 3627 3457 3662 rn-

1887 3696 2140 3750 sticitatis
2163 3692 2418 3759 cilicium,
2440 3695 2549 3750 dici
2581 3690 2792 3766 nequit.
2821 3698 2891 3752 At
2913 3701 3056 3754 enim
3083 3701 3338 3757 libentius
3367 3705 3457 3769 qui

1886 3800 2010 3842 sunt
2035 3787 2186 3840 bona:
2227 3785 2301 3840 rei
2330 3784 2514 3853 cupidi
2545 3794 2599 3839 et
2650 3787 2880 3843 docilius
2919 3792 3294 3859 attendentes,
3328 3794 3459 3849 faci-

1886 3881 1990 3937 lem
2019 3896 2203 3934 aurem
2252 3879 2530 3948 praebeant
2558 3878 2796 3946 Spiritus
2839 3884 3171 3949 magisterio,
3212 3895 3376 3955 atque
3407 3891 3458 3939 in

1890 3969 2051 4026 rebus
2109 3969 2414 4037 hujusmodi
2483 3971 2907 4025 admonitionem
2960 3975 3268 4032 admittant.
3327 3978 3458 4032 Nam

1888 4063 2000 4118 sola
2037 4062 2167 4115 lides
2194 4062 2308 4114 haec
2347 4061 2566 4129 recipit,
2602 4062 2835 4116 humana
2874 4066 3160 4120 ratiocinia
3189 4069 3459 4136 devitans,

1888 4162 1942 4206 et
1975 4152 2186 4206 illorum
2229 4151 2398 4204 mirus
2430 4151 2738 4205 divinarum
2794 4168 2974 4206 rerum
3015 4171 3188 4222 amor,
3244 4163 3334 4228 qni
3395 4166 3459 4213 ad

1891 4242 2014 4298 talia
2051 4257 2116 4296 ex
2153 4241 2332 4294 animo
2362 4240 2716 4305 incumbunt;
2753 4251 2808 4294 ιιι
2834 4244 3128 4300 docilitatis
3167 4264 3279 4301 sua:
3306 4252 3460 4319 quasi

1889 4347 2099 4407 partum
2126 4333 2478 4404 multiplicem
2507 4341 2711 4388 metant
2734 4332 2966 4388 fructum
2989 4354 3004 4402 ;
3031 4338 3099 4392 ab
3136 4355 3200 4392 eo
3231 4343 3319 4409 qui
3349 4343 3463 4398 lure

1897 4429 2121 4482 reddere
2150 4441 2270 4478 cum
2295 4440 2459 4478 usura
2489 4426 2614 4488 scil,
2650 4425 2893 4494 insignes
2938 4430 3324 4488 retributiones
3347 4471 3364 4496 ,
3403 4448 3460 4488 ut

1893 4526 2134 4588 sperant,
2168 4516 2361 4570 ideneo
2401 4530 2642 4585 tempore
2683 4517 2969 4587 recepturi.

195 4610 576 4680 διακειμένων
603 4608 785 4671 ἔνθεος
809 4605 969 4677 ἔρως,
998 4607 1083 4660 ἵνα
1107 4608 1202 4659 καὶ
1259 4605 1490 4676 τῶν-τῆς
1512 4608 1823 4672 εὐπειθείας
1857 4610 2066 4664 ὠδίνων
2149 4607 2420 4678 πολύχουν
2449 4608 2709 4680 ἀμήσωσι
2755 4609 2850 4664 τὸν
2893 4613 3127 4682 καρπὸν,
3165 4618 3314 4689 παρὰ
3366 4621 3462 4674 τοῦ

195 4703 389 4759 ταῦτα
426 4701 741 4770 ὲπιμετρεῖν
767 4698 994 4760 είδότος,
1025 4696 1267 4759 εὐκλεεῖς
1300 4696 1664 4765 τάςλάμοισᾶς
1702 4701 1774 4761 ὡς
1816 4699 2095 4762 εὐέλπιδες
2125 4699 2401 4769 εὐκαίρως
2427 4697 2857 4769 ἀποληψόμενοι.

291 4799 402 4852 Ἕκ
432 4794 538 4849 τοῦ
573 4793 721 4847 κατὰ
768 4790 1054 4859 Ἰωάννην
1081 4792 1254 4860 ἁγίου
1287 4791 1677 4860 Εὐαγτελίου.
1721 4826 1784 4836 .-

1959 4793 2125 4865 258
2199 4792 2283 4847 Ea:
2338 4803 2520 4847 sancta
2605 4793 2891 4862 Evangelia
2954 4799 3242 4854 secundum
3291 4802 3461 4860 Joan-

197 4890 493 4944 Ἰικουσεν
537 4887 566 4938 ὁ
607 4883 815 4956 Ἰησοῦς
863 4884 944 4936 ὃτι
997 4882 1253 4948 ἐξέϐαλον
1295 4884 1397 4941 ,τόν
1440 4900 1569 4936 ποτε
1596 4884 1795 4953 τυφλὸν

195 4985 318 5051 ἔξω
339 5000 352 5013 ·
391 4984 489 5036 καὶ
520 4979 699 5053 εὑρὼν
723 4980 887 5034 αὐτὸν
915 4974 1071 5031 εἶπεν
1093 4978 1242 5047 αὐτῷ
1263 4996 1276 5008 ι
1305 4979 1378 5031 Σύ
1414 4977 1692 5041 πιστεύεις
1716 4983 1794 5041 είς

189 5078 303 5129 τὸν
330 5075 458 5128 Υἱδν
483 5074 574 5127 τοῦ
607 5071 777 5136 Θεοῦς
819 5070 1116 5142 Ἀπεκρίθη
1141 5073 1349 5133 ἐκεῖνος
1380 5074 1470 5131 καὶ
1496 5068 1615 5124 εἷπε
1637 5091 1649 5104 ·
1680 5072 1790 5124 Καὶ

190 5169 292 5232 τίς
332 5170 481 5230 ἐστι,
521 5164 717 5236 Κύριε,
771 5161 862 5216 ἵνα
900 5162 1179 5217 πιστεύσω
1202 5163 1282 5226 είς
1332 5163 1536 5228 absim;
1573 5161 1704 5216 Εῐπε
1731 5164 1785 5217 δὲ

189 5260 366 5331 αὐτῷ
396 5262 425 5313 ό
465 5257 697 5330 Ἰησοῦς,
729 5257 837 5311 Καὶ
869 5255 1122 5327 ἑώρακας
1173 5255 1357 5318 αὐτὸν,
1411 5257 1506 5308 καὶ
1533 5257 1561 5308 ὁ
1611 5256 1787 5310 λαλῶν

192 5356 356 5425 μετά
384 5350 504 5415 σοῦ,
527 5348 734 5412 ἐκεῖνός
758 5348 924 5402 ἔστιν.
952 5347 1013 5401 '0
1035 5347 1089 5401 δὲ
1115 5347 1221 5418 ἔφη
1239 5365 1250 5376 ·
1276 5347 1541 5411 Πιστεύω,
1577 5348 1745 5418 Κύριε
1768 5365 1782 5380 ο

187 5445 303 5497 καὶ
340 5439 753 5513 προσεκύνησεν
782 5436 950 5508 αὐτῷ.

271 5580 328 5613 κ
366 5579 526 5632 Joan.
570 5594 652 5645 Ix,
684 5576 878 5633 35-38.

1890 4904 2004 4939 nem
2039 4886 2105 4937 “.
2139 4915 2206 4928 -—-
2244 4885 2464 4938 Audivit
2493 4882 2672 4946 Jesus,
2705 4886 2847 4954 quod
2878 4902 3002 4942 eum
3036 4893 3128 4961 qui
3173 4904 3332 4951 antea
3361 4914 3462 4953 ειη.

1887 4993 1983 5033 cus
2033 4977 2244 5042 fuerat,
2304 4977 2448 5031 foras
2483 4978 2824 5046 ejecissent:
2881 4991 2939 5035 et
2990 4997 3112 5036 cunt
3168 4986 3463 5047 invenisset

1892 5085 2042 5132 cum.
2071 5070 2208 5124 dixit
2241 5070 2290 5125 ei
2326 5069 2443 5124 :Tu
2469 5071 2644 5124 credis
2673 5069 2725 5124 in
2757 5070 2953 5127 Filium
2994 5076 3085 5130 Dei
3109 5076 3134 5129 τ
3159 5077 3462 5151 Respondit

1896 5162 1985 5217 ille
2007 5171 2060 5217 et
2080 5162 2217 5215 dixit
2258 5179 2273 5215 :
2302 5161 2367 5216 Et
2394 5161 2517 5230 quis
2550 5169 2652 5226 est,
2681 5178 2714 5216 ο
2740 5162 2982 5231 Domine,
3032 5178 3089 5220 ut
3137 5171 3358 5227 credam
3410 5176 3462 5231 in

1894 5252 2062 5308 eum?
2093 5253 2234 5307 Dixit
2269 5263 2446 5307 autem
2471 5253 2519 5308 ei
2543 5250 2702 5308 Jesus
2739 5272 2751 5307 :
2784 5252 2852 5308 Et
2889 5257 3068 5312 vidisti
3093 5275 3215 5316 eum
3242 5281 3256 5316 :
3287 5276 3340 5318 et
3367 5268 3462 5335 qui

1894 5345 2130 5414 loquitur
2158 5355 2355 5410 tecum,
2385 5345 2500 5414 ipse
2525 5354 2626 5399 est.
2653 5345 2747 5401 Ille
2770 5362 2899 5404 vero
2928 5352 3008 5404 ait
3040 5364 3055 5403 :
3087 5352 3262 5408 Credo
3286 5394 3301 5419 ,
3359 5357 3463 5412 Do-

1893 5437 2056 5492 mine.
2090 5436 2151 5492 ΕΙ
2179 5436 2421 5494 adoravit
2446 5453 2588 5493 eum.

273 5714 404 5797 (81)
441 5713 910 5798 νξόςιερκτεκίηεο
956 5713 1076 5768 lidei
1148 5715 1426 5798 catholicae
1460 5717 1787 5798 deﬁnitione-1

1894 5733 2080 5780 contra
2129 5740 2445 5798 perversam
2493 5729 2867 5786 hereticorum
2924 5734 3242 5792 libertatem.
3299 5737 3461 5798 Multa

185 5782 520 5856 hujusmodi
552 5785 688 5838 inira
722 5786 773 5838 in
817 5782 1036 5841 Patrum
1071 5787 1482 5845 auctoritatibus
1519 5790 1777 5847 invenies.
