4206 6440
208 423 310 488 817

1076 405 1644 476 APOLOGETICUS
1681 403 1829 466 PRO
1868 403 2131 464 SACRIS
2169 402 2646 464 IMAGINIBUS.

3367 391 3469 458 818

210 543 349 596 διότι
397 536 697 610 μετέθηκεν
735 533 898 590 αὐτὸν
926 531 952 582 ό
995 529 1160 594 Θεός·
1197 527 1303 600 πρὸ
1333 527 1442 597 γάρ
1473 525 1572 594 τῆς
1624 536 1787 592 μετα·

1896 518 2070 581 batur,
2102 513 2267 587 259
2295 517 2422 588 quia
2456 512 2730 569 transmlit
2759 509 2908 566 iliunt
2949 508 3126 565 Deus:
3169 517 3292 563 ante
3323 509 3466 563 enim

211 633 414 694 θέσεως
437 629 602 684 αὑτοῦ
635 625 1057 700 μεμαρτύρηται
1083 618 1509 692 εύηρεστηκέναι
1543 614 1621 686 τῷ
1649 612 1786 682 Θεῷ·

209 723 385 796 χωρὶς
417 723 474 776 δέ
505 721 764 785 πίστεως,
786 718 1048 772 ἀδύνατον
1074 711 1441 784 εὐαρεστῆσαι
1462 723 1475 738 ⁸
1502 704 1794 762 πιστεῦσαι

215 815 324 884 γὰρ
345 815 428 869 δεῖ
440 813 531 867 τὸν
561 810 1004 882 προσερχόμενον
1032 805 1110 877 τῷ
1133 805 1252 876 Θεῷ
1283 804 1367 856 δτι
1395 800 1531 865 ἐστι,
1557 799 1652 853 καὶ
1680 798 1794 859 τοῖς

215 903 539 977 ἐκζητοῦσιν
610 901 774 957 αὐτὸν
841 897 1244 971 μισθαποδότης
1313 894 1552 964 γίνεται·
1612 890 1795 942 πίστει

217 995 615 1068 χρηματισθεὶς
658 991 783 1047 Νῶε
825 992 954 1065 περὶ⁸
997 990 1105 1045 τῶν
1153 987 1378 1059 μηδέπω
1423 981 1794 1056 βλεπομένων.

216 1085 539 1157 εὐλαϐηθεὶς
577 1083 949 1138 κατεσκεύασε
988 1078 1221 1136 κιϐωτὸν
1262 1077 1341 1140 είς
1387 1073 1661 1144 σωτηρίαν
1700 1068 1795 1123 τοῦ

215 1179 368 1234 οῖκου
408 1175 602 1233 αὐτοῦ·
639 1176 706 1231 δι’
735 1169 803 1249 ἧς
847 1173 1137 1244 κατέκρινε
1164 1169 1254 1224 τὸν
1301 1169 1526 1238 κόσμον,
1564 1162 1659 1218 καὶ
1698 1160 1797 1231 τῆς

215 1271 363 1324 κατά
388 1267 573 1323 πίστιν
603 1267 950 1338 δικαιοσύνης
975 1263 1194 1333 ἐγένετο
1222 1257 1558 1331 κληρονόμος
1577 1271 1590 1285 ·
1615 1253 1797 1307 πίστει

215 1360 557 1431 καλούμενος
611 1358 886 1432 Ἀϐραάμ,
937 1355 1248 1426 ὑπήκουσεν
1299 1348 1532 1418 ἐξελθεῖν
1580 1347 1660 1409 είς
1710 1342 1799 1397 τὸν

214 1451 386 1505 τόπον
438 1450 498 1505 δν
545 1449 741 1522 έμελλε
797 1447 1096 1519 λαμϐάνειν
1143 1447 1224 1509 είς
1270 1438 1654 1514 κληρονομίαν,
1707 1436 1801 1489 καὶ

213 1540 413 1613 ἐξῆλθε
447 1542 524 1614 μή
557 1542 922 1612 ἐπιστάμενος
951 1537 1053 1593 ποῦ
1088 1536 1410 1606 ἀπέρχεται·
1442 1531 1623 1586 πίστει
1660 1545 1801 1598 παρ-

214 1631 439 1707 ῴκησεν
498 1635 580 1699 είς
610 1635 713 1705 τὴν
744 1633 848 1703 γῆν
875 1631 974 1702 τῆς
1002 1627 1336 1698 ἐπαγγελίας
1370 1626 1446 1688 ὡς
1492 1621 1800 1694 ἀλλοτρίαν,

211 1727 276 1780 ἐν
309 1727 538 1796 σκηναῖς
573 1725 905 1794 κατοικήσας
938 1719 1079 1793 μετά
1114 1720 1300 1774 Ἰσαὰκ
1335 1717 1430 1771 καὶ
1472 1712 1664 1768 Ἰακὼϐ
1693 1710 1803 1796 τῶν

215 1795 680 1886 συγκληρονόμων
722 1811 822 1884 τῆς
867 1808 1204 1878 ἐπαγγελίας
1232 1806 1331 1876 τῆς
1375 1801 1579 1874 αὐτῆς·
1622 1795 1802 1886 ἐξεδέο

1898 611 2304 666 translationem
2354 623 2508 664 suam
2552 607 2919 661 testimonium
2975 602 3164 659 habuit
3204 601 3471 671 placuisse

1899 703 2031 760 Deo.
2065 699 2194 757 Sine
2235 699 2338 755 fide
2368 707 2547 753 autem
2587 696 2921 760 impossibile
2973 700 3056 749 est
3088 692 3307 764 placere
3339 691 3466 747 Deo.

1897 795 2125 849 Credere
2157 793 2301 847 enim
2341 799 2556 861 oportet
2607 787 2955 843 accedentem
3009 786 3075 840 ad
3120 785 3285 838 Deum
3345 785 3470 853 quia

1896 897 2002 952 est,
2030 898 2084 942 et
2107 883 2507 956 inquirentibus
2535 896 2594 938 se
2626 889 3007 936 remunerator
3039 877 3131 933 sit.
3173 876 3304 932 Fide
3339 873 3469 936 Noe.

1901 992 2160 1049 responso
2183 983 2408 1042 accepto
2435 974 2502 1030 de
2532 975 2598 1029 iis
2619 987 2736 1043 qum
2774 971 2954 1027 adhuc
2985 985 3089 1024 non
3125 969 3468 1029 videbantur,

1901 1081 2150 1126 metuens
2168 1068 2376 1140 aptarit
2412 1080 2594 1121 arcam
2627 1066 2680 1120 in
2709 1065 2936 1120 salutem
2969 1063 3164 1117 domus
3211 1075 3344 1124 sum,
3376 1075 3473 1128 per

1899 1177 2060 1233 quam
2113 1159 2386 1216 damnavit
2438 1157 2739 1224 mundum;
2797 1163 2852 1210 et
2900 1155 3142 1223 iustitiae,
3206 1166 3328 1223 qua:
3378 1164 3472 1219 per

1900 1251 2058 1307 [idem
2087 1260 2192 1313 est,
2222 1249 2391 1305 heres
2431 1257 2514 1304 est
2550 1247 2853 1303 institutus.
2875 1245 3006 1300 Fide
3035 1255 3257 1298 vocatus
3301 1241 3473 1297 Abra-

1899 1343 2021 1399 ham
2050 1341 2286 1397 obedivit
2315 1341 2365 1395 in
2389 1339 2563 1394 locum
2584 1341 2735 1394 exire
2756 1378 2770 1403 ,
2801 1352 2961 1408 quem
3006 1345 3328 1403 accepturus
3355 1343 3466 1386 erat

1899 1434 1952 1488 in
1979 1431 2382 1499 lueretlitatem;
2422 1439 2475 1486 et
2500 1430 2650 1497 exiit,
2698 1431 2946 1485 nesciens
3001 1443 3111 1498 quo
3155 1427 3279 1482 iret.
3343 1424 3472 1479 Fide

1897 1526 2212 1579 demoratus
2241 1534 2326 1579 est
2361 1525 2412 1577 in
2445 1531 2589 1577 terra
2634 1521 3091 1591 repromissionis,
3125 1530 3382 1589 tanquam
3418 1519 3469 1571 in

1898 1617 2095 1680 aliena,
2131 1617 2182 1671 in
2227 1615 2425 1671 casulis
2479 1615 2795 1677 habitando,
2827 1629 2950 1667 cum
2996 1612 3151 1668 lsaac
3201 1621 3256 1666 et
3304 1609 3473 1665 Jacob

1900 1709 2268 1763 coheredibus
2321 1707 2760 1776 rcpromissio’nis
2790 1705 3059 1773 ejusdem.
3109 1703 3474 1776 Exspectahat

1900 1803 2038 1857 enim
2074 1801 2416 1856 fundamenta
2443 1801 2725 1856 habentem
2753 1800 3048 1863 civitatem,
3079 1798 3235 1864 cujus
3276 1796 3472 1850 artifex

213 1880 344 1975 χετο
369 1880 478 1977 γάρ
500 1880 598 1977 τὴν
627 1903 754 1968 τοὺς
779 1880 1081 1973 θεμελίους
1134 1899 1363 1970 ἔχουσαν
1407 1893 1580 1952 πόλιν,
1615 1884 1682 1961 ἦς
1711 1904 1794 1940 τε·

1900 1899 1952 1946 et
1977 1891 2229 1946 conditor
2271 1890 2432 1944 Deus.
2483 1887 2614 1944 Fide
2639 1900 2688 1942 et
2739 1891 2848 1958 ipsa
2903 1887 3037 1943 Sara
3066 1887 3269 1942 sterilis
3298 1888 3473 1940 virtu.

212 1995 408 2067 χνίτης
429 1993 523 2049 καὶ
556 1992 887 2065 δημιουργὸς
906 1993 938 2048 ϐ
963 1989 1116 2053 Θεός·
1132 1986 1314 2050 πίστει
1337 1984 1431 2039 καὶ
1451 1981 1586 2050 αὐτή
1610 1978 1795 2051 Σάρρα

213 2089 450 2159 δύναμιν
480 2089 560 2153 είς
598 2085 905 2157 καταϐολὴν
937 2083 1251 2154 σπέρματος
1293 2077 1474 2139 ἐλαϐε,
1515 2073 1612 2128 καὶ
1645 2071 1796 2143 παρά

217 2180 414 2253 καιρὸν
451 2179 672 2250 ήλικίας
726 2171 934 2240 ἔτεκεν,
986 2175 1111 2230 ἐπεὶ
1165 2171 1356 2226 πιστὸν
1411 2169 1658 2239 ήγήσατο
1702 2165 1795 2217 τὸν

215 2269 719 2339 ἐπαγγειλάμενον·
745 2266 825 2321 διὸ
860 2265 955 2319 καὶ
984 2265 1078 2334 ἀφ’
1116 2262 1234 2327 ἐνὸς
1277 2261 1667 2330 ἐγεννήθησαν,
1703 2255 1797 2309 καὶ

217 2357 395 2415 ταῦτα
420 2355 850 2428 νενεκρωμένου,
895 2351 1076 2416 καθὼς
1110 2351 1180 2406 τά
1221 2349 1396 2420 ἀστρα
1437 2344 1532 2400 τοῦ
1563 2341 1795 2416 ούρανοῦ

217 2453 285 2508 τὸ
315 2447 544 2519 πλῆθος,
568 2448 666 2502 καὶ
697 2446 880 2510 καθὼς
903 2447 936 2516 ή
971 2443 1152 2516 ἀμμος
1175 2444 1208 2514 ή
1239 2439 1390 2509 παρὰ
1413 2439 1471 2494 τὸ
1505 2437 1680 2510 χεῖλος
1699 2435 1797 2507 τῆς

221 2541 502 2609 θαλάσσης
546 2539 579 2609 ή
623 2535 996 2605 ἀναρίθμητος
1023 2549 1036 2566 ·
1087 2529 1230 2587 κατά
1284 2530 1464 2582 πίστιν
1524 2525 1796 2582 ἀπέθανον

214 2622 369 2684 οὗτοι
411 2631 636 2693 πάντες,
688 2625 761 2697 μή
811 2625 1069 2689 λαϐόντες
1116 2623 1211 2687 τὰς
1259 2619 1614 2689 ἐπαγγελίας,
1660 2617 1796 2672 άλλά

217 2721 508 2793 πόρρωθεν
530 2721 698 2785 αὐτάς
742 2719 941 2783 ῖδόντες
965 2717 1060 2770 καὶ
1101 2713 1514 2786 ἀσπασάμενοι,
1546 2713 1641 2765 καὶ
1664 2712 1796 2776 ὁμο-

214 2815 553 2886 λογήσαντες
585 2815 665 2868 ὅτι
697 2811 835 2878 ξένοι
871 2811 967 2865 καὶ
1005 2806 1376 2881 παρεπίδημοί
1415 2806 1553 2859 εἰσιν
1579 2803 1672 2856 ἐπὶ
1696 2801 1796 2871 τῆς

215 2906 327 2976 τῆς
346 2919 361 2936 ⁸
389 2907 438 2958 οἱ
461 2904 570 2975 γὰρ
599 2903 824 2958 τοιαῦτα
850 2901 1121 2970 λέγοντες,
1162 2896 1547 2969 ἐμφανίζουσιν
1573 2895 1652 2949 ὅτι
1687 2910 1795 2947 πα-

213 2997 378 3069 τρίδα
409 2994 755 3067 ἐπιζητοῦσι·
792 2995 885 3048 καὶ
926 2993 974 3046 εί
1021 2992 1118 3063 μὲν
1168 2989 1382 3060 ἐκείνης
1428 2987 1795 3059 ἐμνημόνευον

215 3091 317 3160 ἀφ’
345 3087 412 3163 ἦς
441 3089 683 3160 ἐξῆλθον,
716 3085 858 3159 εἶχον
901 3086 966 3142 ἀν
1010 3085 1199 3158 καιρὸν
1239 3081 1590 3152 ἀνακάμψαι·
1619 3079 1713 3133 νῦν
1738 3079 1794 3134 δὲ

216 3181 528 3252 κρείττονος
556 3179 860 3249 ὀρέγονται,
894 3176 1174 3230 τουτέστιν
1205 3173 1556 3243 ἐπουρανίου·
1594 3169 1674 3224 διὸ
1696 3169 1793 3223 οὐκ

217 3272 604 3342 ἐπαισχύνεται
639 3268 837 3332 αὐτοὺς
869 3269 897 3321 ό
925 3267 1078 3332 Θεὸς,
1110 3265 1242 3328 Θεὸς
1274 3263 1555 3318 καλεῖσθαι
1579 3262 1755 3316 αὐτῶν
1778 3277 1792 3293 ο

215 3363 486 3433 ἡτοίμασε
539 3362 649 3434 γάρ
698 3360 878 3424 αὐτοῖς
939 3357 1126 3412 πόλιν·
1175 3358 1352 3410 πίστει
1397 3355 1793 3427 προσενήνοχεν

229 3455 484 3525 Ἀϐραάμ
518 3453 607 3506 τὸν
657 3451 844 3506 Ἰσαὰκ
898 3447 1320 3519 πειραζόμενος,
1353 3445 1449 3498 καὶ
1496 3445 1588 3498 τὸν
1639 3461 1794 3514 μονο-

213 3547 354 3617 γενῆ
400 3544 742 3616 προσέφερεν
783 3543 811 3596 ό
860 3540 958 3603 τὰς
1006 3538 1337 3608 ἐπαγγελίας
1375 3537 1791 3607 ἀναδεξάμενος,

216 3638 358 3708 πρὸς
396 3637 455 3688 ὃν
483 3632 717 3704 ἐλαλήθη
744 3633 825 3686 ὃτι
852 3634 908 3684 ἐν
940 3629 1120 3684 Ἰσαάκ
1149 3627 1480 3699 κληθήσεταί
1513 3644 1593 3680 σοι
1625 3625 1793 3698 σπέρ-

215 3744 320 3798 μα,
356 3724 713 3796 λογισάμενος
747 3723 827 3777 ὅτι
851 3721 945 3776 καὶ
982 3724 1045 3775 ἐκ
1072 3720 1280 3792 νεκρῶν
1315 3718 1548 3788 ἐγείρειν
1573 3717 1793 3771 δύναται

212 3825 243 3874 ό
295 3819 460 3881 Θεός·
512 3816 634 3871 ὃθεν
683 3815 843 3869 αὐτὸν
893 3814 987 3869 καὶ
1030 3814 1089 3866 ἐν
1141 3811 1420 3884 παραϐολῇ
1465 3811 1791 3881 ἐκομίσατο·

213 3910 402 3964 πίστει
432 3906 562 3978 περὶ
595 3905 899 3977 μελλόντων
924 3903 1214 3974 εὐλόγησεν
1252 3901 1438 3956 ἰσαάκ
1467 3901 1557 3954 τὸν
1599 3898 1795 3955 Ἰακὼϐ

215 4001 317 4057 καὶ
367 4000 458 4054 τὸν
505 3997 673 4052 Ἥσαῦ
700 4014 714 4030 ·
748 3997 930 4050 πίστει
969 3995 1166 4065 Ἰωσήφ
1209 3992 1496 4057 τελευτῶν,
1534 3995 1660 4063 περὶ
1693 3992 1792 4062 τῆς

213 4093 403 4158 ἐξόδου
433 4089 541 4145 τῶν
574 4089 705 4143 υίῶν
749 4088 965 4160 ’Ῑσραὴλ
990 4087 1386 4160 ἐμνημόνευσε,
1417 4087 1508 4140 καὶ
1535 4087 1794 4158 περὶτῶν

213 4185 424 4239 ἀστέων
467 4180 630 4236 αὐτοῦ
673 4180 1004 4236 ἐνετείλατο·
1046 4178 1226 4232 πίστει
1263 4178 1468 4248 Μωσῆς
1510 4178 1794 4249 γεννηθεὶς

213 4273 428 4345 ἐκρύϐη
479 4273 741 4345 τρίμηνον
799 4271 904 4326 ὐπὸ
951 4269 1060 4324 τῶν
1110 4271 1360 4341 πατέρων
1408 4268 1608 4335 αὐτοῦ,
1656 4269 1792 4324 διότι

211 4366 363 4422 εῐδον
390 4368 603 4420 ἀστεῖον
637 4365 698 4418 τὸ
727 4363 938 4418 παιδίον
968 4363 1062 4417 καὶ
1089 4364 1190 4417 οὐκ
1216 4362 1563 4434 ἐφοϐήθησαν
1592 4364 1652 4416 τὸ
1681 4363 1794 4419 διά-

211 4472 405 4525 ταγμα
432 4454 527 4508 τοῦ
567 4453 856 4525 βασιλέως·
894 4454 1076 4508 πίστει
1111 4454 1315 4524 Μωσῆς
1361 4453 1535 4523 μέγας
1567 4455 1792 4524 γενόμετ

1903 1995 2010 2039 tem
2066 1983 2116 2036 in
2163 1984 2566 2051 conceptionem
2609 1983 2832 2037 seminis
2888 1982 3130 2051 accepit,
3175 1988 3232 2035 et
3279 1991 3474 2049 pra-ter

1904 2087 2116 2146 tempus
2154 2076 2328 2130 astatis
2367 2077 2608 2146 peperit;
2659 2076 2910 2145 quoniam
2971 2074 3184 2128 fidelem
3245 2073 3473 2127 credidit

1902 2182 2025 2224 esse
2068 2182 2188 2222 cum
2241 2167 2332 2235 qui
2388 2167 2795 2237 rcpromiserat.
2855 2167 3082 2235 i’ropter
3121 2165 3265 2235 quod
3318 2173 3372 2219 et
3406 2163 3475 2218 ab

1903 2275 2010 2314 uuo
2049 2268 2165 2316 Orta
2220 2269 2303 2314 est
2358 2258 2432 2328 (et
2475 2259 2690 2326 quidem
2741 2257 2971 2311 emortui
3036 2258 3237 2329 vigoris
3294 2256 3470 2326 viro),

1904 2361 2156 2420 tauquam
2189 2348 2366 2405 sidera
2406 2349 2525 2405 cwli
2558 2348 2872 2416 multitudo,
2901 2359 2955 2405 et
2991 2348 3130 2404 sicut
3156 2362 3320 2402 arena
3355 2362 3474 2417 quae

1902 2453 1984 2499 est
2017 2443 2080 2495 ad
2109 2456 2259 2496 oram
2297 2443 2482 2506 maris,
2518 2442 2952 2497 innumerabilis.
2984 2441 3147 2497 Juxta
3192 2442 3352 2497 iidem
3380 2444 3474 2497 de-

1904 2534 2071 2590 functi
2106 2544 2228 2590 sunt
2272 2548 2463 2588 omnes
2506 2533 2616 2597 isti,
2658 2549 2762 2586 non
2815 2533 3052 2603 acceptis
3087 2535 3468 2605 repromissio-

1904 2626 2082 2686 nibus.
2113 2624 2206 2679 sed
2232 2638 2260 2677 a
2296 2625 2449 2694 longe
2482 2637 2576 2676 eas
2610 2623 2936 2692 aspicientes
2959 2635 3011 2680 et
3047 2623 3371 2689 salutantes,
3419 2634 3473 2679 ct

1902 2717 2219 2774 confitentes
2249 2730 2308 2770 se
2341 2715 2654 2783 peregrinos
2680 2724 2734 2768 et
2770 2715 3011 2784 hospites
3028 2732 3148 2771 esse
3181 2732 3340 2787 super
3364 2729 3468 2770 ter-

1903 2825 2038 2862 rant.
2069 2807 2179 2876 Qui,
2205 2807 2350 2861 enim
2388 2807 2502 2862 hac
2527 2805 2744 2870 dicunt,
2775 2807 3086 2877 significant
3137 2824 3195 2864 se
3237 2809 3468 2878 patriam

1903 2901 2196 2969 inquirere.
2230 2896 2295 2952 Et
2333 2897 2378 2951 sl
2411 2895 2628 2967 quidem
2665 2897 2808 2952 illius
2840 2897 3234 2962 meminissent,
3270 2900 3336 2953 de
3364 2913 3470 2968 qua

1899 2993 2168 3054 exierant,
2203 2988 2475 3044 habebant
2493 2987 2674 3057 utique
2709 3000 2919 3058 tempus
2957 2989 3284 3043 revertendi.
3318 2989 3471 3043 Nune

1900 3091 2080 3136 autem
2127 3079 2406 3136 meliorem
2453 3088 2743 3150 appetunt,
2792 3079 2840 3132 id
2883 3089 2967 3133 est
3014 3079 3308 3136 caelestem.
3349 3078 3472 3134 ideo

1901 3187 2007 3229 non
2043 3171 2390 3228 confunditur
2417 3171 2554 3227 Deus
2582 3171 2760 3224 vocari
2800 3170 2936 3225 Deus
2981 3185 3206 3236 eorum;
3261 3172 3471 3240 parat-it

1897 3265 2041 3318 enim
2072 3263 2177 3318 illis
2211 3263 2509 3320 civitatem.
2563 3261 2695 3318 Fide
2745 3261 2938 3317 obtulit
2989 3259 3265 3316 Ahraham
3321 3261 3470 3317 isaae

1897 3372 2016 3411 cum
2051 3364 2370 3423 tentaretur,
2404 3365 2458 3411 et
2480 3355 2816 3426 tmigenitnm
2845 3353 3125 3420 offerebat,
3161 3355 3249 3424 qui
3281 3371 3469 3412 susce-

1896 3458 2046 3518 perat
2081 3447 2524 3517 repromissiones
2553 3463 2567 3502 :
2591 3445 2653 3500 ad
2678 3460 2838 3516 quem
2867 3445 3070 3501 dictum
3115 3445 3312 3513 fuerat,
3336 3447 3462 3517 quia

1898 3540 1948 3592 iu
1982 3535 2130 3593 lsaac
2169 3537 2452 3592 vocabitur
2487 3536 2582 3591 tibi
2625 3550 2808 3591 semen
2840 3551 2854 3588 :
2883 3536 3153 3590 arbitrans
3186 3537 3307 3604 quia
3349 3545 3402 3590 et
3438 3553 3466 3588 a

1898 3632 2124 3685 mortuis
2155 3631 2420 3686 suscitare
2452 3639 2642 3698 patens
2671 3638 2754 3684 est
2783 3629 2956 3692 Deus;
2998 3626 3139 3682 unde
3175 3644 3296 3683 eum
3329 3640 3382 3683 et
3417 3631 3467 3683 in

1899 3722 2205 3790 parabniam
2265 3723 2488 3791 accepit.
2541 3719 2674 3776 Fide
2721 3729 2776 3775 ct
2838 3719 2907 3775 de
2947 3719 3144 3774 futuris
3194 3719 3470 3777 benedixit

1897 3815 2113 3870 isaacus
2157 3811 2358 3867 Iacobo
2390 3821 2443 3867 et
2501 3812 2658 3866 Esau.
2696 3811 2827 3866 Fide
2875 3811 3074 3883 Joseph
3119 3813 3355 3868 moriens
3404 3814 3469 3868 de

1897 3907 2048 3962 exitu
2097 3906 2328 3960 filiorum
2385 3903 2547 3960 Israel
2600 3914 2932 3960 memoratus
2965 3915 3080 3972 est,
3123 3915 3176 3960 et
3221 3905 3289 3961 de
3325 3906 3470 3961 ossi~

1899 4003 1996 4056 bus
2027 4001 2139 4056 suis
2169 3998 2467 4055 mandavit.
2502 3997 2631 4053 Fide
2665 3996 2894 4068 Moyses,
2926 4005 3085 4051 natus
3115 4035 3131 4062 ,
3169 3998 3468 4056 occultatus

1896 4102 1978 4148 est
2006 4089 2284 4148 mensibus
2317 4090 2489 4145 tribus
2525 4106 2552 4143 a
2607 4089 2925 4159 parentibus
2955 4089 3091 4152 suis,
3120 4104 3184 4143 co
3213 4090 3352 4158 quod
3387 4093 3467 4146 vi-
3505 4119 3513 4124 -

1897 4185 2097 4239 dissent
2123 4182 2423 4253 elegantem
2473 4181 2760 4248 infantem,
2801 4192 2852 4236 ct
2889 4197 2993 4236 non
3044 4182 3342 4238 timuerunt
3383 4199 3470 4239 rea

1895 4275 1974 4342 gis
2005 4275 2264 4330 edictum.
2298 4271 2427 4328 Fide
2459 4273 2666 4343 Moyses
2697 4273 2918 4345 grandis
2948 4274 3156 4340 factus,
3195 4275 3367 4329 uoluit
3406 4291 3465 4330 se

1894 4364 1997 4422 dici
2047 4364 2217 4420 lilium
2279 4362 2398 4418 illia:
2445 4361 2781 4427 Pharaoais;
2829 4365 3004 4434 tnagis
3049 4365 3253 4436 eligens
3298 4364 3460 4434 affligi

1895 4473 2015 4513 cum
2049 4455 2243 4526 populo
2297 4455 2413 4519 Dei,
2445 4469 2606 4525 quam
2659 4457 2973 4526 temporalis
3019 4458 3224 4525 peccati
3265 4457 3464 4512 habere

210 4562 326 4609 νος,
355 4545 632 4616 ἠρνήσατο
652 4544 900 4614 λέγεσθαι
916 4544 1030 4608 υίὸς
1051 4544 1318 4617 θυγατρὸς
1337 4543 1555 4617 Φαραὼ,
1591 4547 1790 4616 μᾶλλον

1896 4550 2317 4621 iucunditatem;
2351 4548 2581 4620 majores
2621 4548 2840 4603 divitias
2868 4551 3148 4605 aestimans
3191 4551 3462 4605 thesauris

213 4637 470 4708 ἐλόμενος
507 4635 995 4706 συγκακουχεῖσθαι
1021 4635 1100 4706 τῷ
1122 4635 1236 4708 λαῷ
1261 4636 1353 4691 τοῦ
1378 4636 1533 4705 Θεοῦ,
1555 4638 1587 4708 ἢ
1620 4640 1790 4709 πρόσ-

216 4745 414 4801 καιρον
471 4728 616 4800 ἐχειν
644 4729 918 4799 άμαρτίας
944 4729 1244 4783 ἀπόλαυσιν
1266 4747 1278 4759 ·
1312 4730 1535 4801 μείζονα
1559 4731 1790 4786 πλοῦτον

214 4824 568 4897 ἡγησάμενος
606 4822 714 4876 τῶν
756 4822 1033 4892 Αἰγύπτου
1074 4821 1394 4896 θησαυρῶν,
1455 4825 1548 4879 τὸν
1596 4826 1790 4879 ὀνειδι-

215 4916 356 4986 σμὸν
379 4913 472 4968 τοῦ
511 4913 775 4983 Χριστοῦ·
808 4913 1083 4968 ἀπέϐλεπε
1131 4915 1238 4987 γὰρ
1278 4917 1357 4980 εἰς
1381 4916 1480 4986 τήν
1514 4917 1786 4985 μισθαπο-

210 5007 430 5062 δοσίαν·
482 5005 660 5058 πίστει
716 5005 1009 5058 κατέλιπεν
1053 5007 1348 5075 Αἴγυπτον,
1415 5007 1488 5079 μὴ
1531 5008 1788 5079 φοϐηθεὶς

210 5097 308 5150 τὸν
335 5088 509 5164 θῦμὸν
541 5096 634 5152 τοῦ
675 5096 969 5167 βασιλέως·
997 5097 1087 5150 τὸν
1115 5099 1223 5170 γάρ
1269 5099 1498 5170 ἀόρατον
1530 5100 1605 5163 ὡς
1648 5102 1789 5172 ὀρῶν

212 5187 552 5259 ἐκαρτέρησε
571 5201 587 5218 ⁸
612 5187 790 5241 πίστει
816 5189 1078 5260 πεποίηκε
1100 5192 1367 5261 τὸΠὰσχα
1387 5192 1482 5246 καὶ
1504 5192 1603 5265 τὴν
1628 5194 1790 5264 πρόσ-

213 5294 372 5346 χυσιν
399 5276 493 5331 τοῦ
541 5277 798 5349 αῖματος,
838 5279 923 5333 ῖνα
964 5280 1036 5350 μὴ
1066 5283 1094 5334 ό
1128 5281 1431 5351 ὀλοθρεύων
1472 5284 1540 5335 τὰ
1571 5284 1788 5353 πρωτόο

213 5386 348 5421 τοκα
377 5369 504 5440 θίγῃ
533 5370 709 5422 αὐτῶν
728 5387 743 5402 ·
777 5371 956 5424 πίστει
984 5371 1132 5443 διέϐη
1167 5374 1266 5442 τὴν
1299 5372 1564 5444 Ἐρυθρὰν
1586 5374 1786 5436 θάλασ-

217 5477 317 5514 σαν
341 5461 415 5524 ὡς
445 5461 532 5515 διὰ
563 5463 754 5535 ξηρᾶς·
791 5460 855 5538 ἦς
890 5468 1082 5534 πεῖραν
1109 5465 1363 5530 λαϐόντες
1403 5469 1453 5521 οί
1499 5469 1786 5537 Αἰγύπτιοι

219 5553 596 5624 κατεπόθησαν
618 5572 631 5586 ο
665 5557 929 5612 πίστειτά
956 5560 1107 5628 τείχη
1140 5559 1348 5629 Ἱεριχὼ
1380 5561 1544 5613 ἔπεσε
1578 5563 1788 5614 κυκλω-

219 5644 380 5696 θέντα
411 5646 502 5698 ἐπὶ
546 5647 684 5701 ἐπτά
719 5649 957 5721 ἡμέρας·
1009 5652 1191 5704 πίστει
1236 5652 1404 5705 Ῥαὰϐ
1447 5655 1476 5722 ἡ
1514 5654 1684 5724 πόρνη
1725 5654 1783 5706 οὔ

222 5737 565 5791 συναπώλετο
580 5741 687 5802 τοῖς
713 5739 1061 5810 ἀπειθήσασι,
1079 5741 1345 5813 δεξαμένη
1368 5746 1492 5808 τοὺς
1520 5747 1788 5800 κατασκό-

225 5843 355 5884 πους
391 5830 506 5896 μετ’
551 5831 802 5902 εἰρήνης·
839 5837 930 5887 καὶ
962 5837 1012 5887 τί
1045 5835 1122 5889 ἔτι
1169 5837 1341 5904 asyro;
1379 5838 1643 5908 ἐπιλείςρει
1682 5839 1785 5912 γάρ

1893 4641 2268 4714 Εεγριίοτυιη
2300 4642 2681 4712 improperium
2711 4640 2949 4703 Christi;
2988 4642 3287 4709 aspiciebat
3316 4643 3457 4694 enim

1893 4735 1945 4787 itt
1994 4732 2507 4788 retnttueratimtetn.
2549 4730 2678 4786 Fide
2713 4731 2930 4803 reliquit
2967 4729 3290 4802 Egyptutn,
3353 4749 3455 4785 non

1893 4826 2096 4880 veritus
2131 4827 2532 4880 animositatem
2569 4827 2711 4894 regis
2745 4843 2758 4880 :
2794 4824 3120 4891 invisibiletn
3155 4826 3297 4879 enim
3334 4833 3456 4878 tau-

1889 4935 2052 4987 quam
2084 4918 2270 4971 videus
2305 4917 2584 4973 sustinuit.
2619 4914 2750 4971 Fide
2799 4915 3093 4971 celebravit
3138 4913 3368 4979 Pascha,
3403 4923 3458 4968 et

1889 5010 2169 5078 sanguinis
2198 5009 2550 5072 effusionem,
2589 5023 2654 5061 ne
2695 5008 2785 5077 qui
2836 5009 3081 5063 vastabat
3127 5007 3454 5077 primogeni-

1892 5113 1994 5163 tos.
2025 5110 2268 5169 tangeret
2290 5117 2405 5157 eos.
2440 5100 2570 5155 Fide
2597 5100 2814 5156 transiit
2846 5114 2996 5154 mare
3050 5099 3296 5154 ilubrutn
3334 5111 3455 5153 tau-

1889 5209 2047 5258 quam
2082 5206 2176 5260 per
2211 5191 2417 5245 aridam
2453 5202 2652 5246 terram
2693 5208 2706 5246 :
2764 5192 2905 5260 quod
2937 5192 3142 5259 experti
3176 5189 3416 5260 .‘Egyptii
3439 5229 3455 5255 ,

1888 5284 2292 5354 absorptisunt.
2319 5282 2450 5336 Fide
2492 5284 2631 5338 muri
2658 5281 2878 5338 Jericho
2923 5289 3268 5356 corruerunt,
3312 5293 3459 5349 post-

1889 5392 2050 5444 quam
2085 5375 2276 5431 diebus
2306 5385 2512 5446 septem
2543 5377 2863 5431 circumdati
2908 5375 3144 5430 fuerant.
3180 5374 3310 5429 Fide
3345 5373 3455 5447 lia-

1890 5469 1995 5523 hah
2027 5468 2282 5524 meretrix
2317 5483 2422 5524 non
2457 5467 2614 5539 periit
2646 5454 3126 5546 cum-incredulis,
3177 5468 3454 5536 es’cipiens

1888 5564 2258 5634 exploratores
2288 5577 2412 5618 cum
2449 5576 2597 5632 pace.
2625 5561 2692 5617 Et
2727 5565 2853 5639 quid
2886 5543 3062 5617 adhuc
3096 5563 3314 5639 dicam?
3358 5563 3455 5616 De-

1892 5656 2034 5711 ficiet
2066 5643 2222 5709 cnim.
2254 5670 2339 5710 me
2373 5665 2578 5720 tempus
2621 5637 3059 5710 enarrantemde
3083 5637 3324 5719 Giadcon,
3357 5654 3454 5710 iia-

1889 5764 2000 5808 rac,
2039 5747 2289 5812 Samson,
2326 5743 2537 5814 Iephte,
2574 5746 2759 5813 David,
2795 5733 3081 5801 Samuelel
3129 5748 3402 5814 ιιῑοιιίιειόε
3437 5767 3448 5801 ;

1889 5840 1978 5911 qui
2006 5853 2098 5906 per
2141 5839 2299 5894 fidem
2350 5838 2692 5895 debellat-unt
2721 5855 2908 5907 ιἰςειιη,
2947 5841 3154 5908 operati
3207 5848 3328 5894 sunt
3371 5855 3458 5908 te-
