  <div class='ocr_page' id='page_1' title='image "/cluster/home/n/w/nwhite01/storage/ocr_20150623/100/nnc1.0046980229/422.png"; bbox 0 0 4206 6440; ppageno 0'>
   <div class='ocr_carea' id='block_1_1' title="bbox 209 434 306 501">
    <p class='ocr_par' dir='ltr' id='par_1_1' title="bbox 209 434 306 501">
     <span class='ocr_line' id='line_1_1' title="bbox 209 434 306 501; baseline -0.041 0"><span class='ocrx_word' id='word_1_1' title='bbox 209 434 306 501; x_wconf 77' lang='grc'><strong>841</strong></span> 
     </span>
    </p>
   </div>
   <div class='ocr_carea' id='block_1_2' title="bbox 930 417 2787 485">
    <p class='ocr_par' dir='ltr' id='par_1_2' title="bbox 930 417 2787 485">
     <span class='ocr_line' id='line_1_2' title="bbox 930 417 2787 485; baseline -0.005 -1"><span class='ocrx_word' id='word_1_2' title='bbox 930 424 1495 485; x_wconf 76' lang='lat' dir='ltr'><strong>APOLOGETICUS</strong></span> <span class='ocrx_word' id='word_1_3' title='bbox 1530 422 1778 485; x_wconf 76' lang='lat' dir='ltr'><strong>MINUR</strong></span> <span class='ocrx_word' id='word_1_4' title='bbox 1818 422 1966 481; x_wconf 84' lang='lat' dir='ltr'><strong>PRO</strong></span> <span class='ocrx_word' id='word_1_5' title='bbox 2005 422 2272 482; x_wconf 83' lang='lat' dir='ltr'><strong>SACRIS</strong></span> <span class='ocrx_word' id='word_1_6' title='bbox 2308 417 2787 481; x_wconf 83' lang='lat' dir='ltr'><strong>IMAGINIBUS.</strong></span> 
     </span>
    </p>
   </div>
   <div class='ocr_carea' id='block_1_3' title="bbox 3348 412 3456 477">
    <p class='ocr_par' dir='ltr' id='par_1_3' title="bbox 3348 412 3456 477">
     <span class='ocr_line' id='line_1_3' title="bbox 3348 412 3456 477; baseline 0.019 -3"><span class='ocrx_word' id='word_1_7' title='bbox 3348 412 3456 477; x_wconf 68' lang='lat'><strong>8£2</strong></span> 
     </span>
    </p>
   </div>
   <div class='ocr_carea' id='block_1_4' title="bbox 211 521 1801 614">
    <p class='ocr_par' dir='ltr' id='par_1_4' title="bbox 211 532 1771 614">
     <span class='ocr_line' id='line_1_4' title="bbox 211 532 1771 614; baseline -0.011 -15"><span class='ocrx_word' id='word_1_8' title='bbox 211 545 414 614; x_wconf 86' lang='grc' dir='ltr'>συνόδῳ</span> <span class='ocrx_word' id='word_1_9' title='bbox 444 537 914 608; x_wconf 74' lang='grc' dir='ltr'><strong>ἁναθεματισμοῖς</strong></span> <span class='ocrx_word' id='word_1_10' title='bbox 954 533 1181 595; x_wconf 79' lang='grc' dir='ltr'><strong>ἑαυτοὺς</strong></span> <span class='ocrx_word' id='word_1_11' title='bbox 1220 532 1727 593; x_wconf 80' lang='grc' dir='ltr'><strong>καθυποϐάλλοντες</strong></span> <span class='ocrx_word' id='word_1_12' title='bbox 1759 548 1771 561; x_wconf 90' lang='grc'><strong>·</strong></span> 
     </span>
    </p>
   </div>
   <div class='ocr_carea' id='block_1_5' title="bbox 1890 521 3457 614">
    <p class='ocr_par' dir='ltr' id='par_1_5' title="bbox 1890 521 3457 586">
     <span class='ocr_line' id='line_1_5' title="bbox 1890 521 3457 586; baseline -0.003 0"><span class='ocrx_word' id='word_1_13' title='bbox 1890 540 2093 586; x_wconf 80' lang='lat' dir='ltr'><strong>cernnt.</strong></span> <span class='ocrx_word' id='word_1_14' title='bbox 2130 529 2223 584; x_wconf 83' lang='lat' dir='ltr'><strong>Est</strong></span> <span class='ocrx_word' id='word_1_15' title='bbox 2249 537 2429 583; x_wconf 90' lang='lat' dir='ltr'><strong>autem</strong></span> <span class='ocrx_word' id='word_1_16' title='bbox 2449 525 2779 581; x_wconf 80' lang='lat' dir='ltr'><strong>deﬁnitionis</strong></span> <span class='ocrx_word' id='word_1_17' title='bbox 2800 531 2955 579; x_wconf 91' lang='lat' dir='ltr'><strong>tenor</strong></span> <span class='ocrx_word' id='word_1_18' title='bbox 2982 523 3087 576; x_wconf 83' lang='lat' dir='ltr'><strong>hic.</strong></span> <span class='ocrx_word' id='word_1_19' title='bbox 3116 538 3136 572; x_wconf 80' lang='grc' dir='ltr'><strong>ι</strong></span> <span class='ocrx_word' id='word_1_20' title='bbox 3161 521 3457 582; x_wconf 82' lang='lat' dir='ltr'><strong>Credentes</strong></span> 
     </span>
    </p>
   </div>
   <div class='ocr_carea' id='block_1_6' title="bbox 210 622 1777 707">
    <p class='ocr_par' dir='ltr' id='par_1_6' title="bbox 210 622 1777 707">
     <span class='ocr_line' id='line_1_6' title="bbox 210 622 1777 707; baseline -0.009 -18"><span class='ocrx_word' id='word_1_21' title='bbox 210 638 322 707; x_wconf 74' lang='grc' dir='ltr'><strong>ἔχει</strong></span> <span class='ocrx_word' id='word_1_22' title='bbox 355 635 413 687; x_wconf 83' lang='grc' dir='ltr'><strong>δὲ</strong></span> <span class='ocrx_word' id='word_1_23' title='bbox 461 633 529 685; x_wconf 80' lang='grc' dir='ltr'><strong>τὰ</strong></span> <span class='ocrx_word' id='word_1_24' title='bbox 567 628 858 682; x_wconf 78' lang='grc' dir='ltr'><strong>ἐκτεθέντα</strong></span> <span class='ocrx_word' id='word_1_25' title='bbox 895 625 1089 687; x_wconf 75' lang='grc' dir='ltr'><strong>οὕτως·</strong></span> <span class='ocrx_word' id='word_1_26' title='bbox 1125 641 1144 674; x_wconf 77' lang='grc' dir='ltr'><strong>ι</strong></span> <span class='ocrx_word' id='word_1_27' title='bbox 1184 622 1541 686; x_wconf 84' lang='grc' dir='ltr'><strong>Πιστεύοντες</strong></span> <span class='ocrx_word' id='word_1_28' title='bbox 1570 625 1649 686; x_wconf 81' lang='grc' dir='ltr'><strong>εἰς</strong></span> <span class='ocrx_word' id='word_1_29' title='bbox 1678 622 1777 675; x_wconf 72' lang='grc' dir='ltr'><strong>ἕνα</strong></span> 
     </span>
    </p>
   </div>
   <div class='ocr_carea' id='block_1_7' title="bbox 208 710 1779 791">
    <p class='ocr_par' dir='ltr' id='par_1_7' title="bbox 208 710 1779 791">
     <span class='ocr_line' id='line_1_7' title="bbox 208 710 1779 791; baseline -0.011 -11"><span class='ocrx_word' id='word_1_30' title='bbox 208 710 342 780; x_wconf 67' lang='grc' dir='ltr'><strong>Θεὸν</strong></span> <span class='ocrx_word' id='word_1_31' title='bbox 380 723 473 776; x_wconf 79' lang='grc' dir='ltr'><strong>τὸν</strong></span> <span class='ocrx_word' id='word_1_32' title='bbox 503 723 561 774; x_wconf 82' lang='grc' dir='ltr'><strong>ἐν</strong></span> <span class='ocrx_word' id='word_1_33' title='bbox 586 718 775 791; x_wconf 83' lang='grc' dir='ltr'><strong>Τριάδι</strong></span> <span class='ocrx_word' id='word_1_34' title='bbox 820 714 1190 785; x_wconf 84' lang='grc' dir='ltr'><strong>ὑμνούμενον,</strong></span> <span class='ocrx_word' id='word_1_35' title='bbox 1224 714 1324 777; x_wconf 82' lang='grc' dir='ltr'><strong>τὰς</strong></span> <span class='ocrx_word' id='word_1_36' title='bbox 1365 713 1525 781; x_wconf 88' lang='grc' dir='ltr'><strong>ἀγίας</strong></span> <span class='ocrx_word' id='word_1_37' title='bbox 1563 712 1779 774; x_wconf 81' lang='grc' dir='ltr'><strong>εἰκόνας</strong></span> 
     </span>
    </p>
   </div>
   <div class='ocr_carea' id='block_1_8' title="bbox 209 802 1780 884">
    <p class='ocr_par' dir='ltr' id='par_1_8' title="bbox 209 802 1780 884">
     <span class='ocr_line' id='line_1_8' title="bbox 209 802 1780 884; baseline -0.011 -12"><span class='ocrx_word' id='word_1_38' title='bbox 209 812 605 884; x_wconf 77' lang='grc' dir='ltr'><strong>ἀσπαζόμεθα’</strong></span> <span class='ocrx_word' id='word_1_39' title='bbox 640 809 736 863; x_wconf 77' lang='grc' dir='ltr'><strong>καὶ</strong></span> <span class='ocrx_word' id='word_1_40' title='bbox 767 810 815 861; x_wconf 84' lang='grc' dir='ltr'><strong>οἱ</strong></span> <span class='ocrx_word' id='word_1_41' title='bbox 871 806 946 876; x_wconf 83' lang='grc' dir='ltr'><strong>μὴ</strong></span> <span class='ocrx_word' id='word_1_42' title='bbox 1001 803 1177 867; x_wconf 76' lang='grc' dir='ltr'><strong>οὓτως</strong></span> <span class='ocrx_word' id='word_1_43' title='bbox 1232 805 1471 873; x_wconf 77' lang='grc' dir='ltr'><strong>ἔχοντες,</strong></span> <span class='ocrx_word' id='word_1_44' title='bbox 1527 802 1780 868; x_wconf 83' lang='grc' dir='ltr'><strong>ἀνάθεμα</strong></span> 
     </span>
    </p>
   </div>
   <div class='ocr_carea' id='block_1_9' title="bbox 209 891 1780 967">
    <p class='ocr_par' dir='ltr' id='par_1_9' title="bbox 209 891 1780 967">
     <span class='ocr_line' id='line_1_9' title="bbox 209 891 1780 967; baseline -0.01 -8"><span class='ocrx_word' id='word_1_45' title='bbox 209 906 449 958; x_wconf 76' lang='grc' dir='ltr'><strong>ἔστωσαν</strong></span> <span class='ocrx_word' id='word_1_46' title='bbox 473 921 486 934; x_wconf 88' lang='grc'><strong>·</strong></span> <span class='ocrx_word' id='word_1_47' title='bbox 519 902 615 954; x_wconf 70' lang='grc' dir='ltr'><strong>καὶ</strong></span> <span class='ocrx_word' id='word_1_48' title='bbox 644 900 693 952; x_wconf 85' lang='grc' dir='ltr'><strong>οἱ</strong></span> <span class='ocrx_word' id='word_1_49' title='bbox 747 896 822 967; x_wconf 81' lang='grc' dir='ltr'><strong>μὴ</strong></span> <span class='ocrx_word' id='word_1_50' title='bbox 849 896 1022 955; x_wconf 79' lang='grc' dir='ltr'><strong>οὕτως</strong></span> <span class='ocrx_word' id='word_1_51' title='bbox 1068 893 1416 965; x_wconf 83' lang='grc' dir='ltr'><strong>φρονοῦντες,</strong></span> <span class='ocrx_word' id='word_1_52' title='bbox 1449 894 1650 964; x_wconf 57' lang='grc' dir='ltr'><strong>,πόρρω</strong></span> <span class='ocrx_word' id='word_1_53' title='bbox 1679 891 1780 959; x_wconf 83' lang='grc' dir='ltr'><strong>τῆς</strong></span> 
     </span>
    </p>
   </div>
   <div class='ocr_carea' id='block_1_10' title="bbox 222 981 1783 1061">
    <p class='ocr_par' dir='ltr' id='par_1_10' title="bbox 222 981 1783 1061">
     <span class='ocr_line' id='line_1_10' title="bbox 222 981 1783 1061; baseline -0.009 -15"><span class='ocrx_word' id='word_1_54' title='bbox 222 990 549 1061; x_wconf 85' lang='grc' dir='ltr'><strong>Ἐκκλησίας</strong></span> <span class='ocrx_word' id='word_1_55' title='bbox 581 985 1053 1056; x_wconf 74' lang='grc' dir='ltr'><strong>ὲκδιωχθήτωσανο</strong></span> <span class='ocrx_word' id='word_1_56' title='bbox 1078 984 1238 1052; x_wconf 77' lang='grc' dir='ltr'><strong>ἡμεῖς</strong></span> <span class='ocrx_word' id='word_1_57' title='bbox 1262 984 1330 1053; x_wconf 78' lang='grc' dir='ltr'><strong>τῇ</strong></span> <span class='ocrx_word' id='word_1_58' title='bbox 1358 981 1563 1053; x_wconf 79' lang='grc' dir='ltr'><strong>ἀρχαίᾳ</strong></span> <span class='ocrx_word' id='word_1_59' title='bbox 1583 982 1783 1051; x_wconf 66' lang='grc' dir='ltr'><strong>θεσμοη</strong></span> 
     </span>
    </p>
   </div>
   <div class='ocr_carea' id='block_1_11' title="bbox 210 1071 1782 1153">
    <p class='ocr_par' dir='ltr' id='par_1_11' title="bbox 210 1071 1782 1153">
     <span class='ocr_line' id='line_1_11' title="bbox 210 1071 1782 1153; baseline -0.008 -17"><span class='ocrx_word' id='word_1_60' title='bbox 210 1082 367 1153; x_wconf 78' lang='grc' dir='ltr'><strong>θεσίᾳ</strong></span> <span class='ocrx_word' id='word_1_61' title='bbox 381 1077 747 1134; x_wconf 72' lang='grc' dir='ltr'><strong>ἐπακολουθοῖ)</strong></span> <span class='ocrx_word' id='word_1_62' title='bbox 756 1090 877 1147; x_wconf 89' lang='grc' dir='ltr'><strong>μεν·</strong></span> <span class='ocrx_word' id='word_1_63' title='bbox 902 1076 1063 1145; x_wconf 78' lang='grc' dir='ltr'><strong>ἡμεῖς</strong></span> <span class='ocrx_word' id='word_1_64' title='bbox 1078 1074 1205 1137; x_wconf 85' lang='grc' dir='ltr'><strong>τοὺς</strong></span> <span class='ocrx_word' id='word_1_65' title='bbox 1223 1073 1461 1144; x_wconf 76' lang='grc' dir='ltr'><strong>θεσμοὺς</strong></span> <span class='ocrx_word' id='word_1_66' title='bbox 1480 1073 1589 1126; x_wconf 85' lang='grc' dir='ltr'><strong>τῶν</strong></span> <span class='ocrx_word' id='word_1_67' title='bbox 1605 1071 1782 1125; x_wconf 87' lang='grc' dir='ltr'><strong>Πατέ-</strong></span> 
     </span>
    </p>
   </div>
   <div class='ocr_carea' id='block_1_12' title="bbox 214 1162 1785 1243">
    <p class='ocr_par' dir='ltr' id='par_1_12' title="bbox 214 1162 1785 1243">
     <span class='ocr_line' id='line_1_12' title="bbox 214 1162 1785 1243; baseline -0.007 -18"><span class='ocrx_word' id='word_1_68' title='bbox 214 1190 323 1243; x_wconf 87' lang='grc' dir='ltr'><strong>ρων</strong></span> <span class='ocrx_word' id='word_1_69' title='bbox 356 1166 766 1239; x_wconf 72' lang='grc' dir='ltr'><strong>φυλαττόμεθα·</strong></span> <span class='ocrx_word' id='word_1_70' title='bbox 787 1167 948 1236; x_wconf 79' lang='grc' dir='ltr'><strong>ἡμεῖς</strong></span> <span class='ocrx_word' id='word_1_71' title='bbox 974 1165 1099 1226; x_wconf 82' lang='grc' dir='ltr'><strong>τοὺς</strong></span> <span class='ocrx_word' id='word_1_72' title='bbox 1122 1163 1531 1234; x_wconf 78' lang='grc' dir='ltr'><strong>παρατιθέντας</strong></span> <span class='ocrx_word' id='word_1_73' title='bbox 1560 1162 1593 1232; x_wconf 82' lang='grc' dir='ltr'>ἢ</span> <span class='ocrx_word' id='word_1_74' title='bbox 1621 1163 1785 1229; x_wconf 84' lang='grc' dir='ltr'><strong>ἀφαι-</strong></span> 
     </span>
    </p>
   </div>
   <div class='ocr_carea' id='block_1_13' title="bbox 214 1251 1786 1332">
    <p class='ocr_par' dir='ltr' id='par_1_13' title="bbox 214 1251 1786 1332">
     <span class='ocr_line' id='line_1_13' title="bbox 214 1251 1786 1332; baseline -0.006 -18"><span class='ocrx_word' id='word_1_75' title='bbox 214 1260 465 1332; x_wconf 82' lang='grc' dir='ltr'><strong>ροῦντας,</strong></span> <span class='ocrx_word' id='word_1_76' title='bbox 500 1259 562 1311; x_wconf 81' lang='grc' dir='ltr'><strong>ἐκ</strong></span> <span class='ocrx_word' id='word_1_77' title='bbox 587 1259 684 1326; x_wconf 85' lang='grc' dir='ltr'><strong>τῆς</strong></span> <span class='ocrx_word' id='word_1_78' title='bbox 713 1255 1007 1324; x_wconf 82' lang='grc' dir='ltr'><strong>καθολικῆς</strong></span> <span class='ocrx_word' id='word_1_79' title='bbox 1038 1251 1786 1324; x_wconf 62' lang='grc' dir='ltr'><strong>Ἑκκλησίαςάναθεματίςοο</strong></span> 
     </span>
    </p>
   </div>
   <div class='ocr_carea' id='block_1_14' title="bbox 212 1343 1785 1421">
    <p class='ocr_par' dir='ltr' id='par_1_14' title="bbox 212 1343 1785 1421">
     <span class='ocr_line' id='line_1_14' title="bbox 212 1343 1785 1421; baseline -0.006 -17"><span class='ocrx_word' id='word_1_80' title='bbox 212 1368 334 1421; x_wconf 78' lang='grc' dir='ltr'><strong>μεψ</strong></span> <span class='ocrx_word' id='word_1_81' title='bbox 360 1350 518 1418; x_wconf 83' lang='grc' dir='ltr'><strong>ἡμεῖς</strong></span> <span class='ocrx_word' id='word_1_82' title='bbox 541 1349 663 1408; x_wconf 80' lang='grc' dir='ltr'><strong>τοὺς</strong></span> <span class='ocrx_word' id='word_1_83' title='bbox 691 1346 767 1417; x_wconf 81' lang='grc' dir='ltr'><strong>μὴ</strong></span> <span class='ocrx_word' id='word_1_84' title='bbox 788 1346 959 1404; x_wconf 77' lang='grc' dir='ltr'><strong>οὕτως</strong></span> <span class='ocrx_word' id='word_1_85' title='bbox 999 1344 1221 1414; x_wconf 80' lang='grc' dir='ltr'><strong>ἔχοντας</strong></span> <span class='ocrx_word' id='word_1_86' title='bbox 1241 1344 1319 1414; x_wconf 85' lang='grc' dir='ltr'><strong>τῷ</strong></span> <span class='ocrx_word' id='word_1_87' title='bbox 1346 1343 1649 1413; x_wconf 86' lang='grc' dir='ltr'><strong>ἀναθέματι</strong></span> <span class='ocrx_word' id='word_1_88' title='bbox 1688 1360 1785 1396; x_wconf 83' lang='grc' dir='ltr'><strong>κα-</strong></span> 
     </span>
    </p>
   </div>
   <div class='ocr_carea' id='block_1_15' title="bbox 208 1432 1778 1508">
    <p class='ocr_par' dir='ltr' id='par_1_15' title="bbox 208 1432 1778 1508">
     <span class='ocr_line' id='line_1_15' title="bbox 208 1432 1778 1508; baseline -0.005 -15"><span class='ocrx_word' id='word_1_89' title='bbox 208 1439 648 1508; x_wconf 67' lang='grc' dir='ltr'><strong>θυποὸάλλομενα</strong></span> <span class='ocrx_word' id='word_1_90' title='bbox 664 1438 775 1499; x_wconf 85' lang='grc' dir='ltr'><strong>τοῖς</strong></span> <span class='ocrx_word' id='word_1_91' title='bbox 795 1434 1197 1505; x_wconf 79' lang='grc' dir='ltr'><strong>ὲκλαμδάνουσι</strong></span> <span class='ocrx_word' id='word_1_92' title='bbox 1219 1436 1318 1497; x_wconf 84' lang='grc' dir='ltr'><strong>τὰς</strong></span> <span class='ocrx_word' id='word_1_93' title='bbox 1339 1435 1491 1502; x_wconf 84' lang='grc' dir='ltr'><strong>παρὰ</strong></span> <span class='ocrx_word' id='word_1_94' title='bbox 1508 1434 1608 1497; x_wconf 85' lang='grc' dir='ltr'><strong>τὰς</strong></span> <span class='ocrx_word' id='word_1_95' title='bbox 1629 1432 1778 1496; x_wconf 83' lang='grc' dir='ltr'><strong>θείας</strong></span> 
     </span>
    </p>
   </div>
   <div class='ocr_carea' id='block_1_16' title="bbox 210 1526 1787 1605">
    <p class='ocr_par' dir='ltr' id='par_1_16' title="bbox 210 1526 1787 1605">
     <span class='ocr_line' id='line_1_16' title="bbox 210 1526 1787 1605; baseline -0.004 -18"><span class='ocrx_word' id='word_1_96' title='bbox 210 1533 437 1605; x_wconf 75' lang='grc' dir='ltr'><strong>ι’ραφὰς</strong></span> <span class='ocrx_word' id='word_1_97' title='bbox 463 1532 648 1601; x_wconf 79' lang='grc' dir='ltr'><strong>ῥήσεις</strong></span> <span class='ocrx_word' id='word_1_98' title='bbox 668 1529 767 1591; x_wconf 82' lang='grc' dir='ltr'><strong>τὰς</strong></span> <span class='ocrx_word' id='word_1_99' title='bbox 794 1528 933 1582; x_wconf 74' lang='grc' dir='ltr'><strong>κατὰ</strong></span> <span class='ocrx_word' id='word_1_100' title='bbox 954 1526 1062 1581; x_wconf 84' lang='grc' dir='ltr'><strong>τῶν</strong></span> <span class='ocrx_word' id='word_1_101' title='bbox 1083 1526 1316 1581; x_wconf 77' lang='grc' dir='ltr'><strong>εἰδώλων</strong></span> <span class='ocrx_word' id='word_1_102' title='bbox 1342 1528 1422 1591; x_wconf 91' lang='grc' dir='ltr'><strong>είς</strong></span> <span class='ocrx_word' id='word_1_103' title='bbox 1447 1526 1548 1589; x_wconf 85' lang='grc' dir='ltr'><strong>τὰς</strong></span> <span class='ocrx_word' id='word_1_104' title='bbox 1581 1526 1787 1590; x_wconf 87' lang='grc' dir='ltr'><strong>σεπτὰς</strong></span> 
     </span>
    </p>
   </div>
   <div class='ocr_carea' id='block_1_17' title="bbox 209 1616 1788 1691">
    <p class='ocr_par' dir='ltr' id='par_1_17' title="bbox 209 1616 1788 1691">
     <span class='ocr_line' id='line_1_17' title="bbox 209 1616 1788 1691; baseline -0.005 -13"><span class='ocrx_word' id='word_1_105' title='bbox 209 1625 449 1686; x_wconf 77' lang='grc' dir='ltr'><strong>εἰκόνας,</strong></span> <span class='ocrx_word' id='word_1_106' title='bbox 476 1620 754 1691; x_wconf 79' lang='grc' dir='ltr'><strong>ἀνάθεμα’</strong></span> <span class='ocrx_word' id='word_1_107' title='bbox 777 1621 891 1682; x_wconf 82' lang='grc' dir='ltr'><strong>τοῖς</strong></span> <span class='ocrx_word' id='word_1_108' title='bbox 917 1617 1254 1671; x_wconf 82' lang='grc' dir='ltr'><strong>ἀποκαλοῦσι</strong></span> <span class='ocrx_word' id='word_1_109' title='bbox 1276 1616 1374 1680; x_wconf 81' lang='grc' dir='ltr'><strong>τὰς</strong></span> <span class='ocrx_word' id='word_1_110' title='bbox 1400 1616 1554 1688; x_wconf 80' lang='grc' dir='ltr'><strong>ίεράς</strong></span> <span class='ocrx_word' id='word_1_111' title='bbox 1573 1617 1788 1679; x_wconf 75' lang='grc' dir='ltr'><strong>εἰκόνας</strong></span> 
     </span>
    </p>
   </div>
   <div class='ocr_carea' id='block_1_18' title="bbox 211 1707 1790 1781">
    <p class='ocr_par' dir='ltr' id='par_1_18' title="bbox 211 1707 1790 1781">
     <span class='ocr_line' id='line_1_18' title="bbox 211 1707 1790 1781; baseline -0.006 -12"><span class='ocrx_word' id='word_1_112' title='bbox 211 1713 430 1777; x_wconf 71' lang='grc' dir='ltr'><strong>εἴδωλα,</strong></span> <span class='ocrx_word' id='word_1_113' title='bbox 451 1711 722 1781; x_wconf 83' lang='grc' dir='ltr'><strong>ἀνάθεμα,</strong></span> <span class='ocrx_word' id='word_1_114' title='bbox 740 1709 989 1779; x_wconf 82' lang='grc' dir='ltr'><strong>ἀνάθεμα</strong></span> <span class='ocrx_word' id='word_1_115' title='bbox 1007 1709 1104 1779; x_wconf 88' lang='grc' dir='ltr'><strong>(ο).</strong></span> <span class='ocrx_word' id='word_1_116' title='bbox 1119 1727 1137 1759; x_wconf 76' lang='grc' dir='ltr'><strong>ι</strong></span> <span class='ocrx_word' id='word_1_117' title='bbox 1164 1707 1350 1761; x_wconf 81' lang='grc' dir='ltr'><strong>Ταῦτα</strong></span> <span class='ocrx_word' id='word_1_118' title='bbox 1370 1710 1418 1761; x_wconf 79' lang='grc' dir='ltr'><strong>οἱ</strong></span> <span class='ocrx_word' id='word_1_119' title='bbox 1445 1708 1647 1779; x_wconf 79' lang='grc' dir='ltr'><strong>ἀρτίως</strong></span> <span class='ocrx_word' id='word_1_120' title='bbox 1665 1710 1790 1761; x_wconf 81' lang='grc' dir='ltr'><strong>ὲαυ-</strong></span> 
     </span>
    </p>
   </div>
   <div class='ocr_carea' id='block_1_19' title="bbox 209 1799 1788 1875">
    <p class='ocr_par' dir='ltr' id='par_1_19' title="bbox 209 1799 1788 1875">
     <span class='ocr_line' id='line_1_19' title="bbox 209 1799 1788 1875; baseline -0.005 -15"><span class='ocrx_word' id='word_1_121' title='bbox 209 1807 340 1870; x_wconf 72' lang='grc' dir='ltr'><strong>τοὺς</strong></span> <span class='ocrx_word' id='word_1_122' title='bbox 374 1805 476 1875; x_wconf 85' lang='grc' dir='ltr'><strong>τῆς</strong></span> <span class='ocrx_word' id='word_1_123' title='bbox 508 1802 835 1875; x_wconf 86' lang='grc' dir='ltr'><strong>Ἐκκλησίας</strong></span> <span class='ocrx_word' id='word_1_124' title='bbox 877 1800 1278 1871; x_wconf 84' lang='grc' dir='ltr'><strong>ἀποσχίσαντες</strong></span> <span class='ocrx_word' id='word_1_125' title='bbox 1317 1799 1788 1871; x_wconf 85' lang='grc' dir='ltr'><strong>καθωμολόγησαν</strong></span> 
     </span>
    </p>
   </div>
   <div class='ocr_carea' id='block_1_20' title="bbox 1887 612 3455 687">
    <p class='ocr_par' dir='ltr' id='par_1_20' title="bbox 1887 612 3455 687">
     <span class='ocr_line' id='line_1_20' title="bbox 1887 612 3455 687; baseline -0.003 -14"><span class='ocrx_word' id='word_1_126' title='bbox 1887 635 2048 673; x_wconf 78' lang='lat' dir='ltr'><strong>unum</strong></span> <span class='ocrx_word' id='word_1_127' title='bbox 2081 618 2244 687; x_wconf 74' lang='lat'><strong>2&#39;70</strong></span> <span class='ocrx_word' id='word_1_128' title='bbox 2279 617 2447 672; x_wconf 91' lang='lat' dir='ltr'><strong>Deum</strong></span> <span class='ocrx_word' id='word_1_129' title='bbox 2472 616 2526 670; x_wconf 91' lang='lat' dir='ltr'><strong>in</strong></span> <span class='ocrx_word' id='word_1_130' title='bbox 2549 613 2815 669; x_wconf 84' lang='lat' dir='ltr'><strong>Trinitate</strong></span> <span class='ocrx_word' id='word_1_131' title='bbox 2847 612 3205 678; x_wconf 87' lang='lat' dir='ltr'><strong>celebratum,</strong></span> <span class='ocrx_word' id='word_1_132' title='bbox 3236 626 3455 669; x_wconf 81' lang='lat' dir='ltr'><strong>sanctas</strong></span> 
     </span>
    </p>
   </div>
   <div class='ocr_carea' id='block_1_21' title="bbox 1882 705 3455 780">
    <p class='ocr_par' dir='ltr' id='par_1_21' title="bbox 1882 705 3455 780">
     <span class='ocr_line' id='line_1_21' title="bbox 1882 705 3455 780; baseline -0.001 -17"><span class='ocrx_word' id='word_1_133' title='bbox 1882 711 2144 780; x_wconf 77' lang='lat' dir='ltr'><strong>imagines</strong></span> <span class='ocrx_word' id='word_1_134' title='bbox 2200 708 2576 769; x_wconf 70' lang='lat' dir='ltr'><strong>admittimus;</strong></span> <span class='ocrx_word' id='word_1_135' title='bbox 2630 714 2687 761; x_wconf 91' lang='lat' dir='ltr'><strong>et</strong></span> <span class='ocrx_word' id='word_1_136' title='bbox 2734 705 2823 775; x_wconf 79' lang='lat' dir='ltr'><strong>qu.=</strong></span> <span class='ocrx_word' id='word_1_137' title='bbox 2886 705 3046 761; x_wconf 81' lang='lat' dir='ltr'><strong>aliter</strong></span> <span class='ocrx_word' id='word_1_138' title='bbox 3104 719 3166 760; x_wconf 90' lang='lat' dir='ltr'><strong>se</strong></span> <span class='ocrx_word' id='word_1_139' title='bbox 3217 706 3455 775; x_wconf 83' lang='lat' dir='ltr'><strong>habent,</strong></span> 
     </span>
    </p>
   </div>
   <div class='ocr_carea' id='block_1_22' title="bbox 1882 799 3460 869">
    <p class='ocr_par' dir='ltr' id='par_1_22' title="bbox 1882 799 3460 869">
     <span class='ocr_line' id='line_1_22' title="bbox 1882 799 3460 869; baseline -0.002 -11"><span class='ocrx_word' id='word_1_140' title='bbox 1882 804 2172 858; x_wconf 89' lang='lat' dir='ltr'><strong>anathema</strong></span> <span class='ocrx_word' id='word_1_141' title='bbox 2188 804 2328 865; x_wconf 89' lang='lat' dir='ltr'><strong>sint;</strong></span> <span class='ocrx_word' id='word_1_142' title='bbox 2353 810 2407 856; x_wconf 91' lang='lat' dir='ltr'><strong>et</strong></span> <span class='ocrx_word' id='word_1_143' title='bbox 2430 803 2520 869; x_wconf 90' lang='lat' dir='ltr'><strong>qui</strong></span> <span class='ocrx_word' id='word_1_144' title='bbox 2542 801 2701 856; x_wconf 84' lang='lat' dir='ltr'><strong>aliter</strong></span> <span class='ocrx_word' id='word_1_145' title='bbox 2723 801 2984 867; x_wconf 86' lang='lat' dir='ltr'><strong>sentiunt,</strong></span> <span class='ocrx_word' id='word_1_146' title='bbox 3004 799 3190 869; x_wconf 92' lang='lat' dir='ltr'><strong>procul</strong></span> <span class='ocrx_word' id='word_1_147' title='bbox 3213 800 3460 856; x_wconf 89' lang='lat' dir='ltr'><strong>Ecclesia</strong></span> 
     </span>
    </p>
   </div>
   <div class='ocr_carea' id='block_1_23' title="bbox 1882 890 3460 965">
    <p class='ocr_par' dir='ltr' id='par_1_23' title="bbox 1882 890 3460 965">
     <span class='ocr_line' id='line_1_23' title="bbox 1882 890 3460 965; baseline -0.003 -16"><span class='ocrx_word' id='word_1_148' title='bbox 1882 903 2312 965; x_wconf 76' lang='lat' dir='ltr'><strong>proterreantur.</strong></span> <span class='ocrx_word' id='word_1_149' title='bbox 2327 892 2436 948; x_wconf 85' lang='lat' dir='ltr'><strong>Nos</strong></span> <span class='ocrx_word' id='word_1_150' title='bbox 2455 893 2669 962; x_wconf 86' lang='lat' dir='ltr'><strong>quidem</strong></span> <span class='ocrx_word' id='word_1_151' title='bbox 2687 901 2899 947; x_wconf 86' lang='lat' dir='ltr'><strong>veteres</strong></span> <span class='ocrx_word' id='word_1_152' title='bbox 2919 890 3130 960; x_wconf 80' lang='lat' dir='ltr'><strong>regulas</strong></span> <span class='ocrx_word' id='word_1_153' title='bbox 3148 894 3460 961; x_wconf 86' lang='lat' dir='ltr'><strong>sequimur;</strong></span> 
     </span>
    </p>
   </div>
   <div class='ocr_carea' id='block_1_24' title="bbox 1885 982 3466 1050">
    <p class='ocr_par' dir='ltr' id='par_1_24' title="bbox 1885 982 3466 1050">
     <span class='ocr_line' id='line_1_24' title="bbox 1885 982 3466 1050; baseline -0.001 -11"><span class='ocrx_word' id='word_1_154' title='bbox 1885 1000 1981 1040; x_wconf 92' lang='lat' dir='ltr'><strong>nos</strong></span> <span class='ocrx_word' id='word_1_155' title='bbox 2016 983 2238 1038; x_wconf 75' lang='lat' dir='ltr'><strong>Patrum</strong></span> <span class='ocrx_word' id='word_1_156' title='bbox 2269 983 2486 1038; x_wconf 89' lang='lat' dir='ltr'><strong>decreta</strong></span> <span class='ocrx_word' id='word_1_157' title='bbox 2517 984 2885 1045; x_wconf 85' lang='lat' dir='ltr'><strong>custodimus;</strong></span> <span class='ocrx_word' id='word_1_158' title='bbox 2914 995 3035 1045; x_wconf 85' lang='lat' dir='ltr'><strong>nos.</strong></span> <span class='ocrx_word' id='word_1_159' title='bbox 3071 994 3166 1036; x_wconf 84' lang='lat' dir='ltr'><strong>eos</strong></span> <span class='ocrx_word' id='word_1_160' title='bbox 3191 983 3281 1050; x_wconf 88' lang='lat' dir='ltr'><strong>qui</strong></span> <span class='ocrx_word' id='word_1_161' title='bbox 3312 982 3466 1050; x_wconf 84' lang='lat' dir='ltr'><strong>quid-</strong></span> 
     </span>
    </p>
   </div>
   <div class='ocr_carea' id='block_1_25' title="bbox 1883 1074 3463 1148">
    <p class='ocr_par' dir='ltr' id='par_1_25' title="bbox 1883 1074 3463 1148">
     <span class='ocr_line' id='line_1_25' title="bbox 1883 1074 3463 1148; baseline 0 -17"><span class='ocrx_word' id='word_1_162' title='bbox 1883 1093 2046 1148; x_wconf 85' lang='lat' dir='ltr'><strong>quam</strong></span> <span class='ocrx_word' id='word_1_163' title='bbox 2075 1076 2383 1132; x_wconf 88' lang='lat' dir='ltr'><strong>addiderint</strong></span> <span class='ocrx_word' id='word_1_164' title='bbox 2405 1084 2500 1129; x_wconf 90' lang='lat' dir='ltr'><strong>aut</strong></span> <span class='ocrx_word' id='word_1_165' title='bbox 2523 1074 2873 1135; x_wconf 86' lang='lat' dir='ltr'><strong>abstulerint,</strong></span> <span class='ocrx_word' id='word_1_166' title='bbox 2903 1076 2971 1130; x_wconf 89' lang='lat' dir='ltr'><strong>de</strong></span> <span class='ocrx_word' id='word_1_167' title='bbox 2990 1074 3259 1131; x_wconf 85' lang='lat' dir='ltr'><strong>catholica</strong></span> <span class='ocrx_word' id='word_1_168' title='bbox 3285 1074 3463 1131; x_wconf 85' lang='lat' dir='ltr'><strong>Eccle-</strong></span> 
     </span>
    </p>
   </div>
   <div class='ocr_carea' id='block_1_26' title="bbox 1884 1164 3463 1234">
    <p class='ocr_par' dir='ltr' id='par_1_26' title="bbox 1884 1164 3463 1234">
     <span class='ocr_line' id='line_1_26' title="bbox 1884 1164 3463 1234; baseline 0.001 -13"><span class='ocrx_word' id='word_1_169' title='bbox 1884 1168 1963 1221; x_wconf 86' lang='lat' dir='ltr'><strong>sia</strong></span> <span class='ocrx_word' id='word_1_170' title='bbox 1994 1168 2569 1230; x_wconf 80' lang='lat' dir='ltr'><strong>excommunicamus;</strong></span> <span class='ocrx_word' id='word_1_171' title='bbox 2621 1179 2743 1230; x_wconf 88' lang='lat' dir='ltr'><strong>nos,</strong></span> <span class='ocrx_word' id='word_1_172' title='bbox 2791 1165 2882 1234; x_wconf 89' lang='lat' dir='ltr'><strong>qui</strong></span> <span class='ocrx_word' id='word_1_173' title='bbox 2925 1164 3032 1219; x_wconf 91' lang='lat' dir='ltr'><strong>alio</strong></span> <span class='ocrx_word' id='word_1_174' title='bbox 3069 1164 3255 1220; x_wconf 89' lang='lat' dir='ltr'><strong>animo</strong></span> <span class='ocrx_word' id='word_1_175' title='bbox 3296 1179 3463 1231; x_wconf 84' lang='lat' dir='ltr'><strong>sunt,</strong></span> 
     </span>
    </p>
   </div>
   <div class='ocr_carea' id='block_1_27' title="bbox 1885 1256 3464 1327">
    <p class='ocr_par' dir='ltr' id='par_1_27' title="bbox 1885 1256 3464 1327">
     <span class='ocr_line' id='line_1_27' title="bbox 1885 1256 3464 1327; baseline 0.001 -14"><span class='ocrx_word' id='word_1_176' title='bbox 1885 1257 2216 1313; x_wconf 84' lang='lat' dir='ltr'><strong>anathemati</strong></span> <span class='ocrx_word' id='word_1_177' title='bbox 2252 1256 2591 1325; x_wconf 71' lang='lat' dir='ltr'><strong>subiicimus.</strong></span> <span class='ocrx_word' id='word_1_178' title='bbox 2647 1256 2948 1322; x_wconf 71' lang='lat' dir='ltr'><strong>Anathema</strong></span> <span class='ocrx_word' id='word_1_179' title='bbox 3003 1256 3108 1311; x_wconf 88' lang='lat' dir='ltr'><strong>illis</strong></span> <span class='ocrx_word' id='word_1_180' title='bbox 3161 1257 3253 1327; x_wconf 92' lang='lat' dir='ltr'><strong>qui</strong></span> <span class='ocrx_word' id='word_1_181' title='bbox 3308 1258 3464 1314; x_wconf 89' lang='lat' dir='ltr'><strong>locu-</strong></span> 
     </span>
    </p>
   </div>
   <div class='ocr_carea' id='block_1_28' title="bbox 1887 1348 3466 1419">
    <p class='ocr_par' dir='ltr' id='par_1_28' title="bbox 1887 1348 3466 1419">
     <span class='ocr_line' id='line_1_28' title="bbox 1887 1348 3466 1419; baseline 0.003 -16"><span class='ocrx_word' id='word_1_182' title='bbox 1887 1350 2065 1403; x_wconf 86' lang='lat' dir='ltr'><strong>tiones</strong></span> <span class='ocrx_word' id='word_1_183' title='bbox 2097 1350 2150 1403; x_wconf 88' lang='lat' dir='ltr'><strong>in</strong></span> <span class='ocrx_word' id='word_1_184' title='bbox 2180 1349 2378 1405; x_wconf 87' lang='lat' dir='ltr'><strong>divinis</strong></span> <span class='ocrx_word' id='word_1_185' title='bbox 2405 1348 2707 1419; x_wconf 89' lang='lat' dir='ltr'><strong>Scripturis</strong></span> <span class='ocrx_word' id='word_1_186' title='bbox 2742 1358 2930 1403; x_wconf 89' lang='lat' dir='ltr'><strong>contra</strong></span> <span class='ocrx_word' id='word_1_187' title='bbox 2957 1349 3106 1402; x_wconf 85' lang='lat' dir='ltr'><strong>idola</strong></span> <span class='ocrx_word' id='word_1_188' title='bbox 3139 1350 3348 1414; x_wconf 84' lang='lat' dir='ltr'><strong>dictas,</strong></span> <span class='ocrx_word' id='word_1_189' title='bbox 3395 1352 3466 1407; x_wconf 88' lang='lat' dir='ltr'><strong>de</strong></span> 
     </span>
    </p>
   </div>
   <div class='ocr_carea' id='block_1_29' title="bbox 1886 1438 3466 1512">
    <p class='ocr_par' dir='ltr' id='par_1_29' title="bbox 1886 1438 3466 1512">
     <span class='ocr_line' id='line_1_29' title="bbox 1886 1438 3466 1512; baseline -0.002 -15"><span class='ocrx_word' id='word_1_190' title='bbox 1886 1439 2093 1497; x_wconf 82' lang='lat' dir='ltr'><strong>sanctis</strong></span> <span class='ocrx_word' id='word_1_191' title='bbox 2140 1439 2466 1512; x_wconf 82' lang='lat' dir='ltr'><strong>imaginibus</strong></span> <span class='ocrx_word' id='word_1_192' title='bbox 2498 1440 2685 1495; x_wconf 90' lang='lat' dir='ltr'><strong>volunt</strong></span> <span class='ocrx_word' id='word_1_193' title='bbox 2732 1439 3053 1508; x_wconf 77' lang='lat' dir='ltr'><strong>intelligere.</strong></span> <span class='ocrx_word' id='word_1_194' title='bbox 3093 1438 3204 1495; x_wconf 90' lang='lat' dir='ltr'><strong>Illis</strong></span> <span class='ocrx_word' id='word_1_195' title='bbox 3237 1443 3329 1510; x_wconf 92' lang='lat' dir='ltr'><strong>qui</strong></span> <span class='ocrx_word' id='word_1_196' title='bbox 3375 1458 3466 1495; x_wconf 92' lang='lat' dir='ltr'><strong>sa-</strong></span> 
     </span>
    </p>
   </div>
   <div class='ocr_carea' id='block_1_30' title="bbox 1888 1528 3503 1600">
    <p class='ocr_par' dir='ltr' id='par_1_30' title="bbox 1888 1528 3503 1600">
     <span class='ocr_line' id='line_1_30' title="bbox 1888 1528 3503 1600; baseline 0.001 -18"><span class='ocrx_word' id='word_1_197' title='bbox 1888 1543 2013 1584; x_wconf 89' lang='lat' dir='ltr'><strong>cras</strong></span> <span class='ocrx_word' id='word_1_198' title='bbox 2063 1530 2330 1600; x_wconf 79' lang='lat' dir='ltr'><strong>imagines</strong></span> <span class='ocrx_word' id='word_1_199' title='bbox 2386 1529 2529 1584; x_wconf 86' lang='lat' dir='ltr'><strong>idola</strong></span> <span class='ocrx_word' id='word_1_200' title='bbox 2585 1528 2899 1599; x_wconf 87' lang='lat' dir='ltr'><strong>appellant,</strong></span> <span class='ocrx_word' id='word_1_201' title='bbox 2952 1529 3280 1594; x_wconf 85' lang='lat' dir='ltr'><strong>anathema,</strong></span> <span class='ocrx_word' id='word_1_202' title='bbox 3335 1544 3503 1585; x_wconf 83' lang='lat' dir='ltr'><strong>ana-&#39;</strong></span> 
     </span>
    </p>
   </div>
   <div class='ocr_carea' id='block_1_31' title="bbox 1889 1621 3468 1692">
    <p class='ocr_par' dir='ltr' id='par_1_31' title="bbox 1889 1621 3468 1692">
     <span class='ocr_line' id='line_1_31' title="bbox 1889 1621 3468 1692; baseline 0 -15"><span class='ocrx_word' id='word_1_203' title='bbox 1889 1624 2091 1679; x_wconf 84' lang='lat' dir='ltr'><strong>thema.</strong></span> <span class='ocrx_word' id='word_1_204' title='bbox 2133 1643 2153 1675; x_wconf 72' lang='grc' dir='ltr'><strong>ι</strong></span> <span class='ocrx_word' id='word_1_205' title='bbox 2189 1622 2332 1689; x_wconf 89' lang='lat' dir='ltr'><strong>Has,</strong></span> <span class='ocrx_word' id='word_1_206' title='bbox 2370 1624 2626 1692; x_wconf 89' lang='lat' dir='ltr'><strong>inquam,</strong></span> <span class='ocrx_word' id='word_1_207' title='bbox 2665 1621 2927 1676; x_wconf 82' lang='lat' dir='ltr'><strong>formulas</strong></span> <span class='ocrx_word' id='word_1_208' title='bbox 2958 1621 3053 1685; x_wconf 90' lang='lat' dir='ltr'><strong>hi,</strong></span> <span class='ocrx_word' id='word_1_209' title='bbox 3083 1623 3174 1690; x_wconf 89' lang='lat' dir='ltr'><strong>qui</strong></span> <span class='ocrx_word' id='word_1_210' title='bbox 3206 1625 3468 1677; x_wconf 89' lang='lat' dir='ltr'><strong>adversus</strong></span> 
     </span>
    </p>
   </div>
   <div class='ocr_carea' id='block_1_32' title="bbox 1890 1712 3469 1781">
    <p class='ocr_par' dir='ltr' id='par_1_32' title="bbox 1890 1712 3469 1781">
     <span class='ocr_line' id='line_1_32' title="bbox 1890 1712 3469 1781; baseline -0.001 -13"><span class='ocrx_word' id='word_1_211' title='bbox 1890 1713 2189 1769; x_wconf 87' lang='lat' dir='ltr'><strong>Ecclesiam</strong></span> <span class='ocrx_word' id='word_1_212' title='bbox 2218 1727 2389 1781; x_wconf 87' lang='lat' dir='ltr'><strong>nuper</strong></span> <span class='ocrx_word' id='word_1_213' title='bbox 2416 1712 2651 1769; x_wconf 90' lang='lat' dir='ltr'><strong>schisma</strong></span> <span class='ocrx_word' id='word_1_214' title='bbox 2678 1712 2946 1778; x_wconf 81' lang='lat' dir='ltr'><strong>fecerunt,</strong></span> <span class='ocrx_word' id='word_1_215' title='bbox 2992 1712 3221 1781; x_wconf 80' lang='lat' dir='ltr'><strong>professi</strong></span> <span class='ocrx_word' id='word_1_216' title='bbox 3253 1713 3469 1767; x_wconf 83' lang='lat' dir='ltr'><strong>fuerant</strong></span> 
     </span>
    </p>
   </div>
   <div class='ocr_carea' id='block_1_33' title="bbox 1890 1804 3466 1877">
    <p class='ocr_par' dir='ltr' id='par_1_33' title="bbox 1890 1804 3466 1877">
     <span class='ocr_line' id='line_1_33' title="bbox 1890 1804 3466 1877; baseline -0.002 -16"><span class='ocrx_word' id='word_1_217' title='bbox 1890 1822 1987 1877; x_wconf 89' lang='lat' dir='ltr'><strong>per</strong></span> <span class='ocrx_word' id='word_1_218' title='bbox 2010 1821 2140 1862; x_wconf 87' lang='lat' dir='ltr'><strong>suas</strong></span> <span class='ocrx_word' id='word_1_219' title='bbox 2164 1806 2611 1874; x_wconf 83' lang='lat' dir='ltr'><strong>subscriptiones.</strong></span> <span class='ocrx_word' id='word_1_220' title='bbox 2647 1804 2799 1870; x_wconf 83' lang='lat' dir='ltr'><strong>Quod</strong></span> <span class='ocrx_word' id='word_1_221' title='bbox 2828 1805 2872 1859; x_wconf 92' lang='lat' dir='ltr'><strong>si</strong></span> <span class='ocrx_word' id='word_1_222' title='bbox 2902 1820 3043 1859; x_wconf 89' lang='lat' dir='ltr'><strong>nunc</strong></span> <span class='ocrx_word' id='word_1_223' title='bbox 3071 1806 3466 1861; x_wconf 82' lang='lat' dir='ltr'><strong>confessionem</strong></span> 
     </span>
    </p>
   </div>
   <div class='ocr_carea' id='block_1_34' title="bbox 209 1890 1801 1967">
    <p class='ocr_par' dir='ltr' id='par_1_34' title="bbox 209 1890 1795 1965">
     <span class='ocr_line' id='line_1_34' title="bbox 209 1890 1795 1965; baseline -0.005 -13"><span class='ocrx_word' id='word_1_224' title='bbox 209 1898 306 1951; x_wconf 83' lang='grc' dir='ltr'><strong>διὰ</strong></span> <span class='ocrx_word' id='word_1_225' title='bbox 320 1897 429 1952; x_wconf 85' lang='grc' dir='ltr'><strong>τῶν</strong></span> <span class='ocrx_word' id='word_1_226' title='bbox 449 1896 666 1950; x_wconf 73' lang='grc' dir='ltr'><strong>οἰκείων</strong></span> <span class='ocrx_word' id='word_1_227' title='bbox 688 1893 1043 1963; x_wconf 77' lang='grc' dir='ltr'><strong>ὑπογραφῶν·</strong></span> <span class='ocrx_word' id='word_1_228' title='bbox 1068 1893 1162 1945; x_wconf 79' lang='grc' dir='ltr'><strong>καὶ</strong></span> <span class='ocrx_word' id='word_1_229' title='bbox 1179 1894 1225 1945; x_wconf 85' lang='grc' dir='ltr'><strong>εί</strong></span> <span class='ocrx_word' id='word_1_230' title='bbox 1244 1890 1531 1965; x_wconf 82' lang='grc' dir='ltr'><strong>ἀρνοῦνται</strong></span> <span class='ocrx_word' id='word_1_231' title='bbox 1552 1891 1651 1960; x_wconf 82' lang='grc' dir='ltr'><strong>τὴν</strong></span> <span class='ocrx_word' id='word_1_232' title='bbox 1670 1893 1795 1963; x_wconf 86' lang='grc' dir='ltr'><strong>όμο-</strong></span> 
     </span>
    </p>
   </div>
   <div class='ocr_carea' id='block_1_35' title="bbox 1890 1890 3541 1967">
    <p class='ocr_par' dir='ltr' id='par_1_35' title="bbox 1892 1896 3541 1967">
     <span class='ocr_line' id='line_1_35' title="bbox 1892 1896 3541 1967; baseline 0.001 -14"><span class='ocrx_word' id='word_1_233' title='bbox 1892 1910 2046 1953; x_wconf 89' lang='lat' dir='ltr'><strong>suam</strong></span> <span class='ocrx_word' id='word_1_234' title='bbox 2078 1906 2277 1967; x_wconf 78' lang='lat' dir='ltr'><strong>negant</strong></span> <span class='ocrx_word' id='word_1_235' title='bbox 2301 1936 2318 1961; x_wconf 91' lang='lat'><strong>,</strong></span> <span class='ocrx_word' id='word_1_236' title='bbox 2348 1896 2384 1950; x_wconf 91' lang='lat' dir='ltr'><strong>ii</strong></span> <span class='ocrx_word' id='word_1_237' title='bbox 2410 1896 2645 1964; x_wconf 88' lang='lat' dir='ltr'><strong>scriptas</strong></span> <span class='ocrx_word' id='word_1_238' title='bbox 2671 1911 2832 1950; x_wconf 83' lang='lat' dir='ltr'><strong>manu</strong></span> <span class='ocrx_word' id='word_1_239' title='bbox 2869 1896 3086 1966; x_wconf 89' lang='lat' dir='ltr'><strong>propria</strong></span> <span class='ocrx_word' id='word_1_240' title='bbox 3121 1910 3313 1951; x_wconf 78' lang='lat' dir='ltr'><strong>cruces</strong></span> <span class='ocrx_word' id='word_1_241' title='bbox 3345 1914 3469 1951; x_wconf 86' lang='lat' dir='ltr'><strong>con-</strong></span> <span class='ocrx_word' id='word_1_242' title='bbox 3535 1949 3541 1955; x_wconf 95' lang='lat'><strong>.</strong></span> 
     </span>
    </p>
   </div>
   <div class='ocr_carea' id='block_1_36' title="bbox 210 1983 1787 2059">
    <p class='ocr_par' dir='ltr' id='par_1_36' title="bbox 210 1983 1787 2059">
     <span class='ocr_line' id='line_1_36' title="bbox 210 1983 1787 2059; baseline -0.004 -16"><span class='ocrx_word' id='word_1_243' title='bbox 210 1991 404 2059; x_wconf 83' lang='grc' dir='ltr'><strong>λογίαν</strong></span> <span class='ocrx_word' id='word_1_244' title='bbox 424 1989 624 2052; x_wconf 81' lang='grc' dir='ltr'><strong>αὐτῶν,</strong></span> <span class='ocrx_word' id='word_1_245' title='bbox 656 1987 784 2050; x_wconf 80' lang='grc' dir='ltr'><strong>τοὺς</strong></span> <span class='ocrx_word' id='word_1_246' title='bbox 813 1985 1127 2055; x_wconf 88' lang='grc' dir='ltr'><strong>ίδιοχείρους</strong></span> <span class='ocrx_word' id='word_1_247' title='bbox 1163 1983 1342 2037; x_wconf 84' lang='grc' dir='ltr'><strong>αὐτῶν</strong></span> <span class='ocrx_word' id='word_1_248' title='bbox 1367 1985 1636 2056; x_wconf 79' lang='grc' dir='ltr'><strong>σταυροὺς</strong></span> <span class='ocrx_word' id='word_1_249' title='bbox 1680 2002 1787 2037; x_wconf 88' lang='grc' dir='ltr'><strong>πα-</strong></span> 
     </span>
    </p>
   </div>
   <div class='ocr_carea' id='block_1_37' title="bbox 210 2074 1790 2148">
    <p class='ocr_par' dir='ltr' id='par_1_37' title="bbox 210 2074 1790 2148">
     <span class='ocr_line' id='line_1_37' title="bbox 210 2074 1790 2148; baseline -0.004 -14"><span class='ocrx_word' id='word_1_250' title='bbox 210 2081 391 2147; x_wconf 77' lang='grc' dir='ltr'><strong>τοῦσι,</strong></span> <span class='ocrx_word' id='word_1_251' title='bbox 410 2082 506 2134; x_wconf 61' lang='grc' dir='ltr'><strong>καλ⁵</strong></span> <span class='ocrx_word' id='word_1_252' title='bbox 520 2082 633 2142; x_wconf 82' lang='grc' dir='ltr'><strong>τοῖς</strong></span> <span class='ocrx_word' id='word_1_253' title='bbox 654 2077 1035 2148; x_wconf 82' lang='grc' dir='ltr'><strong>προκειμένοις</strong></span> <span class='ocrx_word' id='word_1_254' title='bbox 1056 2075 1391 2145; x_wconf 86' lang='grc' dir='ltr'><strong>ἀναθέμασιν</strong></span> <span class='ocrx_word' id='word_1_255' title='bbox 1409 2076 1636 2139; x_wconf 78' lang='grc' dir='ltr'><strong>ἑαυτοὺς</strong></span> <span class='ocrx_word' id='word_1_256' title='bbox 1660 2074 1790 2129; x_wconf 88' lang='grc' dir='ltr'><strong>καθ-</strong></span> 
     </span>
    </p>
   </div>
   <div class='ocr_carea' id='block_1_38' title="bbox 212 2167 1787 2252">
    <p class='ocr_par' dir='ltr' id='par_1_38' title="bbox 212 2167 1787 2252">
     <span class='ocr_line' id='line_1_38' title="bbox 212 2167 1787 2252; baseline -0.007 -23"><span class='ocrx_word' id='word_1_257' title='bbox 212 2174 607 2233; x_wconf 79' lang='grc' dir='ltr'><strong>υποϐάλλουσι,</strong></span> <span class='ocrx_word' id='word_1_258' title='bbox 626 2167 981 2239; x_wconf 70' lang='grc' dir='ltr'><strong>καὶούδαμῶς</strong></span> <span class='ocrx_word' id='word_1_259' title='bbox 1005 2167 1065 2252; x_wconf 49' lang='grc' dir='ltr'><strong>ἓν</strong></span> <span class='ocrx_word' id='word_1_260' title='bbox 1093 2171 1163 2238; x_wconf 81' lang='grc' dir='ltr'><strong>τῇ</strong></span> <span class='ocrx_word' id='word_1_261' title='bbox 1188 2167 1483 2238; x_wconf 69' lang='grc' dir='ltr'><strong>Ἐκκλησία</strong></span> <span class='ocrx_word' id='word_1_262' title='bbox 1511 2167 1756 2221; x_wconf 78' lang='grc' dir='ltr'><strong>ἵστανται</strong></span> <span class='ocrx_word' id='word_1_263' title='bbox 1775 2183 1787 2195; x_wconf 91' lang='grc'>·</span> 
     </span>
    </p>
   </div>
   <div class='ocr_carea' id='block_1_39' title="bbox 212 2252 1787 2330">
    <p class='ocr_par' dir='ltr' id='par_1_39' title="bbox 212 2252 1787 2330">
     <span class='ocr_line' id='line_1_39' title="bbox 212 2252 1787 2330; baseline -0.015 -9"><span class='ocrx_word' id='word_1_264' title='bbox 212 2267 342 2321; x_wconf 76' lang='grc' dir='ltr'><strong>ἐπεὶ</strong></span> <span class='ocrx_word' id='word_1_265' title='bbox 381 2266 437 2318; x_wconf 82' lang='grc' dir='ltr'><strong>δὲ</strong></span> <span class='ocrx_word' id='word_1_266' title='bbox 492 2264 589 2316; x_wconf 81' lang='grc' dir='ltr'><strong>καὶ</strong></span> <span class='ocrx_word' id='word_1_267' title='bbox 626 2262 687 2315; x_wconf 77' lang='grc' dir='ltr'><strong>τὸ</strong></span> <span class='ocrx_word' id='word_1_268' title='bbox 742 2260 920 2330; x_wconf 82' lang='grc' dir='ltr'><strong>δόγμα</strong></span> <span class='ocrx_word' id='word_1_269' title='bbox 965 2260 1065 2329; x_wconf 80' lang='grc' dir='ltr'><strong>τῆς</strong></span> <span class='ocrx_word' id='word_1_270' title='bbox 1117 2260 1354 2323; x_wconf 83' lang='grc' dir='ltr'><strong>πίστεως</strong></span> <span class='ocrx_word' id='word_1_271' title='bbox 1401 2262 1459 2313; x_wconf 82' lang='grc' dir='ltr'><strong>ὲν</strong></span> <span class='ocrx_word' id='word_1_272' title='bbox 1496 2252 1542 2328; x_wconf 80' lang='grc' dir='ltr'>ᾧ</span> <span class='ocrx_word' id='word_1_273' title='bbox 1579 2260 1787 2328; x_wconf 70' lang='grc' dir='ltr'><strong>ἐχειρο.</strong></span> 
     </span>
    </p>
   </div>
   <div class='ocr_carea' id='block_1_40' title="bbox 213 2350 1792 2430">
    <p class='ocr_par' dir='ltr' id='par_1_40' title="bbox 213 2350 1792 2430">
     <span class='ocr_line' id='line_1_40' title="bbox 213 2350 1792 2430; baseline -0.006 -18"><span class='ocrx_word' id='word_1_274' title='bbox 213 2359 524 2430; x_wconf 83' lang='grc' dir='ltr'><strong>τονήθησαν</strong></span> <span class='ocrx_word' id='word_1_275' title='bbox 542 2355 870 2426; x_wconf 79' lang='grc' dir='ltr'><strong>ἠρνήσαντο,</strong></span> <span class='ocrx_word' id='word_1_276' title='bbox 892 2350 1106 2423; x_wconf 81' lang='grc' dir='ltr'><strong>ἀνάγκη</strong></span> <span class='ocrx_word' id='word_1_277' title='bbox 1137 2352 1334 2416; x_wconf 79' lang='grc' dir='ltr'><strong>αὐτοὺς</strong></span> <span class='ocrx_word' id='word_1_278' title='bbox 1365 2353 1461 2405; x_wconf 79' lang='grc' dir='ltr'><strong>καὶ</strong></span> <span class='ocrx_word' id='word_1_279' title='bbox 1487 2354 1587 2422; x_wconf 77' lang='grc' dir='ltr'><strong>τὴν</strong></span> <span class='ocrx_word' id='word_1_280' title='bbox 1613 2368 1792 2422; x_wconf 80' lang='grc' dir='ltr'><strong>χειροο</strong></span> 
     </span>
    </p>
   </div>
   <div class='ocr_carea' id='block_1_41' title="bbox 215 2438 1791 2518">
    <p class='ocr_par' dir='ltr' id='par_1_41' title="bbox 215 2438 1791 2518">
     <span class='ocr_line' id='line_1_41' title="bbox 215 2438 1791 2518; baseline -0.004 -17"><span class='ocrx_word' id='word_1_281' title='bbox 215 2451 400 2504; x_wconf 84' lang='grc' dir='ltr'><strong>τονίαν</strong></span> <span class='ocrx_word' id='word_1_282' title='bbox 438 2444 811 2518; x_wconf 84' lang='grc' dir='ltr'><strong>ἀρνήσασθαι,</strong></span> <span class='ocrx_word' id='word_1_283' title='bbox 865 2444 961 2496; x_wconf 72' lang='grc' dir='ltr'><strong>καὶ</strong></span> <span class='ocrx_word' id='word_1_284' title='bbox 1020 2438 1161 2496; x_wconf 85' lang='grc' dir='ltr'><strong>εἶναι</strong></span> <span class='ocrx_word' id='word_1_285' title='bbox 1205 2442 1658 2515; x_wconf 80' lang='grc' dir='ltr'><strong>καθῃρημένους,</strong></span> <span class='ocrx_word' id='word_1_286' title='bbox 1715 2442 1791 2504; x_wconf 84' lang='grc' dir='ltr'><strong>ὡς</strong></span> 
     </span>
    </p>
   </div>
   <div class='ocr_carea' id='block_1_42' title="bbox 214 2533 1792 2612">
    <p class='ocr_par' dir='ltr' id='par_1_42' title="bbox 214 2533 1792 2612">
     <span class='ocr_line' id='line_1_42' title="bbox 214 2533 1792 2612; baseline -0.006 -18"><span class='ocrx_word' id='word_1_287' title='bbox 214 2536 854 2612; x_wconf 68' lang='grc' dir='ltr'><strong>ἑτεροδιδασκαλοῦνταςο</strong></span> <span class='ocrx_word' id='word_1_288' title='bbox 879 2536 975 2588; x_wconf 68' lang='grc' dir='ltr'><strong>καὶ</strong></span> <span class='ocrx_word' id='word_1_289' title='bbox 996 2535 1084 2587; x_wconf 79' lang='grc' dir='ltr'><strong>διὰ</strong></span> <span class='ocrx_word' id='word_1_290' title='bbox 1109 2533 1268 2587; x_wconf 81' lang='grc' dir='ltr'><strong>τοῦτο</strong></span> <span class='ocrx_word' id='word_1_291' title='bbox 1287 2534 1347 2586; x_wconf 80' lang='grc' dir='ltr'><strong>οὐ</strong></span> <span class='ocrx_word' id='word_1_292' title='bbox 1361 2534 1467 2605; x_wconf 82' lang='grc' dir='ltr'><strong>χρὴ</strong></span> <span class='ocrx_word' id='word_1_293' title='bbox 1486 2535 1686 2596; x_wconf 82' lang='grc' dir='ltr'><strong>αὐτοὺς</strong></span> <span class='ocrx_word' id='word_1_294' title='bbox 1713 2535 1792 2596; x_wconf 88' lang='grc' dir='ltr'><strong>είς</strong></span> 
     </span>
    </p>
   </div>
   <div class='ocr_carea' id='block_1_43' title="bbox 211 2624 1794 2700">
    <p class='ocr_par' dir='ltr' id='par_1_43' title="bbox 211 2624 1794 2700">
     <span class='ocr_line' id='line_1_43' title="bbox 211 2624 1794 2700; baseline -0.006 -13"><span class='ocrx_word' id='word_1_295' title='bbox 211 2633 486 2697; x_wconf 75' lang='grc' dir='ltr'><strong>διαλέξεις</strong></span> <span class='ocrx_word' id='word_1_296' title='bbox 524 2631 558 2700; x_wconf 78' lang='grc' dir='ltr'>ἢ</span> <span class='ocrx_word' id='word_1_297' title='bbox 617 2630 696 2692; x_wconf 80' lang='grc' dir='ltr'><strong>είς</strong></span> <span class='ocrx_word' id='word_1_298' title='bbox 743 2626 1049 2694; x_wconf 79' lang='grc' dir='ltr'><strong>ἀντιλογίας</strong></span> <span class='ocrx_word' id='word_1_299' title='bbox 1105 2626 1242 2696; x_wconf 77' lang='grc' dir='ltr'><strong>πρὸς</strong></span> <span class='ocrx_word' id='word_1_300' title='bbox 1296 2624 1571 2696; x_wconf 81' lang='grc' dir='ltr'><strong>ἱερατικὸν</strong></span> <span class='ocrx_word' id='word_1_301' title='bbox 1623 2625 1794 2696; x_wconf 82' lang='grc' dir='ltr'><strong>ἄνδρα</strong></span> 
     </span>
    </p>
   </div>
   <div class='ocr_carea' id='block_1_44' title="bbox 214 2715 1794 2795">
    <p class='ocr_par' dir='ltr' id='par_1_44' title="bbox 214 2715 1794 2795">
     <span class='ocr_line' id='line_1_44' title="bbox 214 2715 1794 2795; baseline -0.005 -19"><span class='ocrx_word' id='word_1_302' title='bbox 214 2722 477 2795; x_wconf 72' lang='grc' dir='ltr'><strong>ἔρχεσθαι</strong></span> <span class='ocrx_word' id='word_1_303' title='bbox 507 2721 614 2789; x_wconf 82' lang='grc' dir='ltr'><strong>(ρ)’</strong></span> <span class='ocrx_word' id='word_1_304' title='bbox 646 2721 678 2790; x_wconf 80' lang='grc' dir='ltr'><strong>ἥ</strong></span> <span class='ocrx_word' id='word_1_305' title='bbox 730 2719 837 2789; x_wconf 86' lang='grc' dir='ltr'><strong>γάρ</strong></span> <span class='ocrx_word' id='word_1_306' title='bbox 884 2717 1131 2787; x_wconf 80' lang='grc' dir='ltr'><strong>συζητῶν</strong></span> <span class='ocrx_word' id='word_1_307' title='bbox 1168 2719 1285 2787; x_wconf 76' lang='grc' dir='ltr'><strong>μετ’</strong></span> <span class='ocrx_word' id='word_1_308' title='bbox 1324 2717 1502 2768; x_wconf 81' lang='grc' dir='ltr'><strong>αὐτῶν</strong></span> <span class='ocrx_word' id='word_1_309' title='bbox 1541 2715 1671 2787; x_wconf 75' lang='grc' dir='ltr'><strong>περὶ</strong></span> <span class='ocrx_word' id='word_1_310' title='bbox 1704 2716 1794 2768; x_wconf 87' lang='grc' dir='ltr'><strong>δο-</strong></span> 
     </span>
    </p>
   </div>
   <div class='ocr_carea' id='block_1_45' title="bbox 212 2808 1797 2884">
    <p class='ocr_par' dir='ltr' id='par_1_45' title="bbox 212 2808 1797 2884">
     <span class='ocr_line' id='line_1_45' title="bbox 212 2808 1797 2884; baseline -0.004 -18"><span class='ocrx_word' id='word_1_311' title='bbox 212 2817 450 2884; x_wconf 76' lang='grc' dir='ltr'><strong>γμάτων</strong></span> <span class='ocrx_word' id='word_1_312' title='bbox 471 2809 962 2881; x_wconf 82' lang='grc' dir='ltr'><strong>ὲκκλησιαστικῶν,</strong></span> <span class='ocrx_word' id='word_1_313' title='bbox 995 2811 1108 2872; x_wconf 85' lang='grc' dir='ltr'><strong>τοῖς</strong></span> <span class='ocrx_word' id='word_1_314' title='bbox 1134 2809 1316 2869; x_wconf 85' lang='grc' dir='ltr'><strong>αὐτοῖς</strong></span> <span class='ocrx_word' id='word_1_315' title='bbox 1344 2808 1647 2878; x_wconf 83' lang='grc' dir='ltr'><strong>ἀναθέμασι</strong></span> <span class='ocrx_word' id='word_1_316' title='bbox 1667 2808 1797 2862; x_wconf 72' lang='lat' dir='ltr'><strong>lau-</strong></span> 
     </span>
    </p>
   </div>
   <div class='ocr_carea' id='block_1_46' title="bbox 213 2900 1797 2976">
    <p class='ocr_par' dir='ltr' id='par_1_46' title="bbox 213 2900 1797 2976">
     <span class='ocr_line' id='line_1_46' title="bbox 213 2900 1797 2976; baseline -0.003 -17"><span class='ocrx_word' id='word_1_317' title='bbox 213 2910 314 2959; x_wconf 71' lang='grc' dir='ltr'><strong>τὸν</strong></span> <span class='ocrx_word' id='word_1_318' title='bbox 370 2904 711 2976; x_wconf 84' lang='grc' dir='ltr'><strong>περιϐάλλει.</strong></span> <span class='ocrx_word' id='word_1_319' title='bbox 759 2902 924 2969; x_wconf 75' lang='grc' dir='ltr'><strong>Αὔξει</strong></span> <span class='ocrx_word' id='word_1_320' title='bbox 979 2902 1035 2955; x_wconf 85' lang='grc' dir='ltr'><strong>δὲ</strong></span> <span class='ocrx_word' id='word_1_321' title='bbox 1072 2900 1251 2954; x_wconf 83' lang='grc' dir='ltr'><strong>αὐτῶν</strong></span> <span class='ocrx_word' id='word_1_322' title='bbox 1291 2902 1353 2953; x_wconf 83' lang='grc' dir='ltr'><strong>τὸ</strong></span> <span class='ocrx_word' id='word_1_323' title='bbox 1392 2900 1668 2971; x_wconf 78' lang='grc' dir='ltr'><strong>ἔγκλημα,</strong></span> <span class='ocrx_word' id='word_1_324' title='bbox 1701 2904 1797 2955; x_wconf 80' lang='grc' dir='ltr'><strong>καὶ</strong></span> 
     </span>
    </p>
   </div>
   <div class='ocr_carea' id='block_1_47' title="bbox 218 2993 1794 3070">
    <p class='ocr_par' dir='ltr' id='par_1_47' title="bbox 218 2993 1794 3070">
     <span class='ocr_line' id='line_1_47' title="bbox 218 2993 1794 3070; baseline -0.004 -18"><span class='ocrx_word' id='word_1_325' title='bbox 218 2997 435 3070; x_wconf 78' lang='grc' dir='ltr'><strong>μείζων</strong></span> <span class='ocrx_word' id='word_1_326' title='bbox 464 3000 497 3067; x_wconf 86' lang='grc' dir='ltr'><strong>ὴ</strong></span> <span class='ocrx_word' id='word_1_327' title='bbox 529 2998 854 3067; x_wconf 75' lang='grc' dir='ltr'><strong>κατάκρισις</strong></span> <span class='ocrx_word' id='word_1_328' title='bbox 876 2995 1107 3063; x_wconf 86' lang='grc' dir='ltr'><strong>γίνεται,</strong></span> <span class='ocrx_word' id='word_1_329' title='bbox 1132 2995 1213 3047; x_wconf 84' lang='grc' dir='ltr'><strong>ὅτι</strong></span> <span class='ocrx_word' id='word_1_330' title='bbox 1243 2995 1302 3046; x_wconf 81' lang='grc' dir='ltr'><strong>ού</strong></span> <span class='ocrx_word' id='word_1_331' title='bbox 1327 2993 1524 3046; x_wconf 66' lang='grc' dir='ltr'><strong>νεωστλ⁸</strong></span> <span class='ocrx_word' id='word_1_332' title='bbox 1545 2994 1794 3059; x_wconf 83' lang='grc' dir='ltr'><strong>ἐπιγνόν-</strong></span> 
     </span>
    </p>
   </div>
   <div class='ocr_carea' id='block_1_48' title="bbox 210 3084 1796 3157">
    <p class='ocr_par' dir='ltr' id='par_1_48' title="bbox 210 3084 1796 3157">
     <span class='ocr_line' id='line_1_48' title="bbox 210 3084 1796 3157; baseline -0.008 -11"><span class='ocrx_word' id='word_1_333' title='bbox 210 3107 316 3154; x_wconf 81' lang='grc' dir='ltr'><strong>τες</strong></span> <span class='ocrx_word' id='word_1_334' title='bbox 345 3092 413 3144; x_wconf 72' lang='grc' dir='ltr'><strong>τὰ</strong></span> <span class='ocrx_word' id='word_1_335' title='bbox 432 3089 763 3157; x_wconf 79' lang='grc' dir='ltr'><strong>ζητούμενα,</strong></span> <span class='ocrx_word' id='word_1_336' title='bbox 794 3087 908 3140; x_wconf 85' lang='grc' dir='ltr'><strong>ἀλλ’</strong></span> <span class='ocrx_word' id='word_1_337' title='bbox 930 3088 992 3139; x_wconf 85' lang='grc' dir='ltr'><strong>ὲκ</strong></span> <span class='ocrx_word' id='word_1_338' title='bbox 1014 3085 1254 3146; x_wconf 88' lang='grc' dir='ltr'><strong>πλείονος</strong></span> <span class='ocrx_word' id='word_1_339' title='bbox 1275 3084 1468 3153; x_wconf 84' lang='grc' dir='ltr'><strong>χρόνου</strong></span> <span class='ocrx_word' id='word_1_340' title='bbox 1485 3085 1717 3153; x_wconf 84' lang='grc' dir='ltr'><strong>πρᾶγμα</strong></span> <span class='ocrx_word' id='word_1_341' title='bbox 1740 3086 1796 3135; x_wconf 79' lang='grc' dir='ltr'><strong>ἐν</strong></span> 
     </span>
    </p>
   </div>
   <div class='ocr_carea' id='block_1_49' title="bbox 210 3175 1796 3254">
    <p class='ocr_par' dir='ltr' id='par_1_49' title="bbox 210 3175 1796 3254">
     <span class='ocr_line' id='line_1_49' title="bbox 210 3175 1796 3254; baseline -0.006 -19"><span class='ocrx_word' id='word_1_342' title='bbox 210 3186 286 3254; x_wconf 82' lang='grc' dir='ltr'><strong>τῇ</strong></span> <span class='ocrx_word' id='word_1_343' title='bbox 327 3180 630 3250; x_wconf 63' lang='grc' dir='ltr'><strong>Ἐκκλησία</strong></span> <span class='ocrx_word' id='word_1_344' title='bbox 659 3180 1043 3249; x_wconf 77' lang='grc' dir='ltr'><strong>κεκυρωμένον</strong></span> <span class='ocrx_word' id='word_1_345' title='bbox 1082 3175 1284 3236; x_wconf 87' lang='grc' dir='ltr'><strong>ίὸόντες</strong></span> <span class='ocrx_word' id='word_1_346' title='bbox 1313 3177 1405 3226; x_wconf 80' lang='grc' dir='ltr'><strong>καὶ</strong></span> <span class='ocrx_word' id='word_1_347' title='bbox 1436 3175 1796 3244; x_wconf 61' lang='grc' dir='ltr'><strong>ὑπογράψανε·</strong></span> 
     </span>
    </p>
   </div>
   <div class='ocr_carea' id='block_1_50' title="bbox 210 3265 1794 3339">
    <p class='ocr_par' dir='ltr' id='par_1_50' title="bbox 210 3265 1794 3339">
     <span class='ocr_line' id='line_1_50' title="bbox 210 3265 1794 3339; baseline -0.006 -12"><span class='ocrx_word' id='word_1_348' title='bbox 210 3292 341 3337; x_wconf 73' lang='grc' dir='ltr'><strong>τις,</strong></span> <span class='ocrx_word' id='word_1_349' title='bbox 390 3272 651 3333; x_wconf 78' lang='grc' dir='ltr'><strong>ἑκουσίως</strong></span> <span class='ocrx_word' id='word_1_350' title='bbox 701 3270 929 3332; x_wconf 69' lang='grc' dir='ltr'><strong>ἑαυτοὺς</strong></span> <span class='ocrx_word' id='word_1_351' title='bbox 976 3270 1043 3339; x_wconf 78' lang='grc' dir='ltr'><strong>τῇ</strong></span> <span class='ocrx_word' id='word_1_352' title='bbox 1096 3266 1413 3337; x_wconf 75' lang='grc' dir='ltr'><strong>παρανομίᾳ</strong></span> <span class='ocrx_word' id='word_1_353' title='bbox 1442 3265 1752 3337; x_wconf 67' lang='grc' dir='ltr'><strong>ἐπέρριψαν</strong></span> <span class='ocrx_word' id='word_1_354' title='bbox 1780 3280 1794 3294; x_wconf 82' lang='grc'><em>’</em></span> 
     </span>
    </p>
   </div>
   <div class='ocr_carea' id='block_1_51' title="bbox 210 3359 1800 3429">
    <p class='ocr_par' dir='ltr' id='par_1_51' title="bbox 210 3359 1800 3429">
     <span class='ocr_line' id='line_1_51' title="bbox 210 3359 1800 3429; baseline -0.006 -10"><span class='ocrx_word' id='word_1_355' title='bbox 210 3366 326 3420; x_wconf 69' lang='lat' dir='ltr'><strong>atati.</strong></span> <span class='ocrx_word' id='word_1_356' title='bbox 349 3364 520 3418; x_wconf 79' lang='grc' dir='ltr'><strong>ταῦτα</strong></span> <span class='ocrx_word' id='word_1_357' title='bbox 547 3362 862 3416; x_wconf 78' lang='grc' dir='ltr'><strong>διδάσκαλοι</strong></span> <span class='ocrx_word' id='word_1_358' title='bbox 883 3361 993 3413; x_wconf 85' lang='grc' dir='ltr'><strong>τῶν</strong></span> <span class='ocrx_word' id='word_1_359' title='bbox 1025 3360 1125 3429; x_wconf 84' lang='grc' dir='ltr'><strong>τῆς</strong></span> <span class='ocrx_word' id='word_1_360' title='bbox 1156 3359 1484 3428; x_wconf 82' lang='grc' dir='ltr'><strong>Ἐκκλησίας</strong></span> <span class='ocrx_word' id='word_1_361' title='bbox 1514 3359 1800 3428; x_wconf 83' lang='grc' dir='ltr'><strong>δογμάτων</strong></span> 
     </span>
    </p>
   </div>
   <div class='ocr_carea' id='block_1_52' title="bbox 210 3448 1801 3527">
    <p class='ocr_par' dir='ltr' id='par_1_52' title="bbox 210 3448 1801 3527">
     <span class='ocr_line' id='line_1_52' title="bbox 210 3448 1801 3527; baseline -0.015 -15"><span class='ocrx_word' id='word_1_362' title='bbox 210 3454 694 3527; x_wconf 82' lang='grc' dir='ltr'><strong>χρηματίσαντες,</strong></span> <span class='ocrx_word' id='word_1_363' title='bbox 736 3453 830 3504; x_wconf 83' lang='grc' dir='ltr'><strong>καὶ</strong></span> <span class='ocrx_word' id='word_1_364' title='bbox 856 3452 915 3503; x_wconf 76' lang='grc' dir='ltr'><strong>ὲν</strong></span> <span class='ocrx_word' id='word_1_365' title='bbox 951 3453 1017 3521; x_wconf 76' lang='grc' dir='ltr'><strong>τῇ</strong></span> <span class='ocrx_word' id='word_1_366' title='bbox 1042 3449 1267 3519; x_wconf 82' lang='grc' dir='ltr'><strong>τοιαύτῃ</strong></span> <span class='ocrx_word' id='word_1_367' title='bbox 1290 3448 1478 3518; x_wconf 78' lang='grc' dir='ltr'><strong>διδαχῇ</strong></span> <span class='ocrx_word' id='word_1_368' title='bbox 1514 3448 1801 3517; x_wconf 76' lang='grc' dir='ltr'><strong>χρονίσαν-</strong></span> 
     </span>
    </p>
   </div>
   <div class='ocr_carea' id='block_1_53' title="bbox 208 3538 1801 3615">
    <p class='ocr_par' dir='ltr' id='par_1_53' title="bbox 208 3538 1801 3615">
     <span class='ocr_line' id='line_1_53' title="bbox 208 3538 1801 3615; baseline -0.008 -13"><span class='ocrx_word' id='word_1_369' title='bbox 208 3565 342 3612; x_wconf 81' lang='grc' dir='ltr'><strong>τες·</strong></span> <span class='ocrx_word' id='word_1_370' title='bbox 363 3547 458 3599; x_wconf 79' lang='grc' dir='ltr'><strong>καὶ</strong></span> <span class='ocrx_word' id='word_1_371' title='bbox 472 3546 673 3615; x_wconf 79' lang='grc' dir='ltr'><strong>ἑτέρως</strong></span> <span class='ocrx_word' id='word_1_372' title='bbox 698 3544 755 3597; x_wconf 82' lang='grc' dir='ltr'><strong>δὲ</strong></span> <span class='ocrx_word' id='word_1_373' title='bbox 774 3542 1150 3615; x_wconf 80' lang='grc' dir='ltr'><strong>καθῃρημένοι</strong></span> <span class='ocrx_word' id='word_1_374' title='bbox 1172 3540 1501 3610; x_wconf 85' lang='grc' dir='ltr'><strong>τυγχάνουσι</strong></span> <span class='ocrx_word' id='word_1_375' title='bbox 1519 3541 1671 3611; x_wconf 82' lang='grc' dir='ltr'><strong>παρὰ</strong></span> <span class='ocrx_word' id='word_1_376' title='bbox 1691 3538 1801 3592; x_wconf 82' lang='grc' dir='ltr'><strong>τῶν</strong></span> 
     </span>
    </p>
   </div>
   <div class='ocr_carea' id='block_1_54' title="bbox 212 3630 1801 3705">
    <p class='ocr_par' dir='ltr' id='par_1_54' title="bbox 212 3630 1801 3705">
     <span class='ocr_line' id='line_1_54' title="bbox 212 3630 1801 3705; baseline -0.007 -12"><span class='ocrx_word' id='word_1_377' title='bbox 212 3639 395 3693; x_wconf 82' lang='grc' dir='ltr'><strong>θείων</strong></span> <span class='ocrx_word' id='word_1_378' title='bbox 424 3638 684 3699; x_wconf 82' lang='grc' dir='ltr'><strong>κανόνων,</strong></span> <span class='ocrx_word' id='word_1_379' title='bbox 717 3636 795 3699; x_wconf 85' lang='grc' dir='ltr'><strong>ὡς</strong></span> <span class='ocrx_word' id='word_1_380' title='bbox 833 3633 1313 3705; x_wconf 83' lang='grc' dir='ltr'><strong>παρασυναγωγάς</strong></span> <span class='ocrx_word' id='word_1_381' title='bbox 1356 3631 1643 3694; x_wconf 81' lang='grc' dir='ltr'><strong>ποιοῦντες</strong></span> <span class='ocrx_word' id='word_1_382' title='bbox 1662 3671 1677 3693; x_wconf 97' lang='grc'><strong>,</strong></span> <span class='ocrx_word' id='word_1_383' title='bbox 1708 3630 1801 3684; x_wconf 74' lang='grc' dir='ltr'><strong>καὶ</strong></span> 
     </span>
    </p>
   </div>
   <div class='ocr_carea' id='block_1_55' title="bbox 210 3723 1801 3799">
    <p class='ocr_par' dir='ltr' id='par_1_55' title="bbox 210 3723 1801 3799">
     <span class='ocr_line' id='line_1_55' title="bbox 210 3723 1801 3799; baseline -0.005 -16"><span class='ocrx_word' id='word_1_384' title='bbox 210 3730 327 3793; x_wconf 72' lang='grc' dir='ltr'><strong>τὰς</strong></span> <span class='ocrx_word' id='word_1_385' title='bbox 360 3728 642 3799; x_wconf 77' lang='grc' dir='ltr'><strong>βασιλικὰς</strong></span> <span class='ocrx_word' id='word_1_386' title='bbox 672 3729 840 3789; x_wconf 70' lang='grc' dir='ltr'><strong>ἀκοὰς</strong></span> <span class='ocrx_word' id='word_1_387' title='bbox 886 3726 1221 3795; x_wconf 80' lang='grc' dir='ltr'><strong>διοχλοῦντες</strong></span> <span class='ocrx_word' id='word_1_388' title='bbox 1249 3725 1325 3795; x_wconf 88' lang='lat' dir='ltr'><strong>(q)</strong></span> <span class='ocrx_word' id='word_1_389' title='bbox 1347 3739 1362 3756; x_wconf 76' lang='grc' dir='ltr'><strong>ο</strong></span> <span class='ocrx_word' id='word_1_390' title='bbox 1399 3724 1581 3776; x_wconf 89' lang='grc' dir='ltr'><strong>τέλεον</strong></span> <span class='ocrx_word' id='word_1_391' title='bbox 1613 3723 1670 3776; x_wconf 82' lang='grc' dir='ltr'><strong>δὲ</strong></span> <span class='ocrx_word' id='word_1_392' title='bbox 1700 3723 1801 3775; x_wconf 85' lang='grc' dir='ltr'><strong>αύ-</strong></span> 
     </span>
    </p>
   </div>
   <div class='ocr_carea' id='block_1_56' title="bbox 209 3814 1805 3888">
    <p class='ocr_par' dir='ltr' id='par_1_56' title="bbox 209 3814 1805 3888">
     <span class='ocr_line' id='line_1_56' title="bbox 209 3814 1805 3888; baseline -0.005 -12"><span class='ocrx_word' id='word_1_393' title='bbox 209 3824 360 3885; x_wconf 77' lang='grc' dir='ltr'><strong>τοὺς</strong></span> <span class='ocrx_word' id='word_1_394' title='bbox 396 3819 678 3873; x_wconf 79' lang='grc' dir='ltr'><strong>ἀποκλείει</strong></span> <span class='ocrx_word' id='word_1_395' title='bbox 718 3820 819 3888; x_wconf 83' lang='grc' dir='ltr'><strong>τῆς</strong></span> <span class='ocrx_word' id='word_1_396' title='bbox 879 3818 1018 3888; x_wconf 82' lang='grc' dir='ltr'><strong>πρὸς</strong></span> <span class='ocrx_word' id='word_1_397' title='bbox 1064 3815 1557 3885; x_wconf 74' lang='grc' dir='ltr'><strong>ἐκκλησιαστικοὺς</strong></span> <span class='ocrx_word' id='word_1_398' title='bbox 1604 3814 1805 3883; x_wconf 83' lang='grc' dir='ltr'><strong>ἄνδρας</strong></span> 
     </span>
    </p>
   </div>
   <div class='ocr_carea' id='block_1_57' title="bbox 208 3905 1805 3984">
    <p class='ocr_par' dir='ltr' id='par_1_57' title="bbox 208 3905 1805 3984">
     <span class='ocr_line' id='line_1_57' title="bbox 208 3905 1805 3984; baseline -0.009 -15"><span class='ocrx_word' id='word_1_399' title='bbox 208 3912 472 3984; x_wconf 79' lang='grc' dir='ltr'><strong>ὁμιλίας,</strong></span> <span class='ocrx_word' id='word_1_400' title='bbox 507 3912 602 3964; x_wconf 75' lang='grc' dir='ltr'><strong>καὶ</strong></span> <span class='ocrx_word' id='word_1_401' title='bbox 637 3908 735 3962; x_wconf 81' lang='grc' dir='ltr'><strong>τοῦ</strong></span> <span class='ocrx_word' id='word_1_402' title='bbox 788 3906 1064 3979; x_wconf 78' lang='grc' dir='ltr'><strong>ἱερατικοῦ</strong></span> <span class='ocrx_word' id='word_1_403' title='bbox 1104 3906 1362 3972; x_wconf 82' lang='grc' dir='ltr'><strong>συλλόγου</strong></span> <span class='ocrx_word' id='word_1_404' title='bbox 1405 3905 1675 3969; x_wconf 82' lang='grc' dir='ltr'><strong>ὲκὸάλλει,</strong></span> <span class='ocrx_word' id='word_1_405' title='bbox 1711 3906 1805 3959; x_wconf 75' lang='grc' dir='ltr'><strong>καὶ</strong></span> 
     </span>
    </p>
   </div>
   <div class='ocr_carea' id='block_1_58' title="bbox 207 3996 1807 4076">
    <p class='ocr_par' dir='ltr' id='par_1_58' title="bbox 207 3996 1807 4076">
     <span class='ocr_line' id='line_1_58' title="bbox 207 3996 1807 4076; baseline -0.006 -17"><span class='ocrx_word' id='word_1_406' title='bbox 207 4007 399 4076; x_wconf 76' lang='grc' dir='ltr'><strong>ἕτερα</strong></span> <span class='ocrx_word' id='word_1_407' title='bbox 436 4006 536 4074; x_wconf 82' lang='grc' dir='ltr'><strong>μέν</strong></span> <span class='ocrx_word' id='word_1_408' title='bbox 568 4018 712 4065; x_wconf 84' lang='grc' dir='ltr'><strong>τινα,</strong></span> <span class='ocrx_word' id='word_1_409' title='bbox 754 3999 1046 4069; x_wconf 79' lang='grc' dir='ltr'><strong>ἐξαιρέτως</strong></span> <span class='ocrx_word' id='word_1_410' title='bbox 1084 3996 1141 4050; x_wconf 84' lang='grc' dir='ltr'><strong>δὲ</strong></span> <span class='ocrx_word' id='word_1_411' title='bbox 1171 3999 1241 4051; x_wconf 83' lang='grc' dir='ltr'><strong>τὰ</strong></span> <span class='ocrx_word' id='word_1_412' title='bbox 1274 3999 1332 4050; x_wconf 81' lang='grc' dir='ltr'><strong>ὲν</strong></span> <span class='ocrx_word' id='word_1_413' title='bbox 1370 4000 1436 4068; x_wconf 70' lang='grc' dir='ltr'><strong>τῇ</strong></span> <span class='ocrx_word' id='word_1_414' title='bbox 1466 3997 1599 4067; x_wconf 83' lang='grc' dir='ltr'><strong>ἁγίᾳ</strong></span> <span class='ocrx_word' id='word_1_415' title='bbox 1625 3997 1807 4050; x_wconf 81' lang='grc' dir='ltr'><strong>οίκου-</strong></span> 
     </span>
    </p>
   </div>
   <div class='ocr_carea' id='block_1_59' title="bbox 209 4086 1802 4168">
    <p class='ocr_par' dir='ltr' id='par_1_59' title="bbox 209 4086 1802 4168">
     <span class='ocr_line' id='line_1_59' title="bbox 209 4086 1802 4168; baseline -0.006 -18"><span class='ocrx_word' id='word_1_416' title='bbox 209 4098 433 4168; x_wconf 78' lang='grc' dir='ltr'><strong>μενικῇ</strong></span> <span class='ocrx_word' id='word_1_417' title='bbox 454 4100 506 4158; x_wconf 84' lang='grc' dir='ltr'><strong>ς’</strong></span> <span class='ocrx_word' id='word_1_418' title='bbox 524 4092 727 4162; x_wconf 87' lang='grc' dir='ltr'><strong>συνόδῳ</strong></span> <span class='ocrx_word' id='word_1_419' title='bbox 747 4091 1066 4159; x_wconf 80' lang='grc' dir='ltr'><strong>ὲγκείμενα,</strong></span> <span class='ocrx_word' id='word_1_420' title='bbox 1086 4087 1271 4151; x_wconf 86' lang='grc' dir='ltr'><strong>καθὼς</strong></span> <span class='ocrx_word' id='word_1_421' title='bbox 1304 4086 1625 4157; x_wconf 72' lang='grc' dir='ltr'><strong>ἐμφαίνεται</strong></span> <span class='ocrx_word' id='word_1_422' title='bbox 1658 4089 1717 4140; x_wconf 81' lang='grc' dir='ltr'><strong>ὲν</strong></span> <span class='ocrx_word' id='word_1_423' title='bbox 1736 4092 1802 4159; x_wconf 79' lang='grc' dir='ltr'><strong>τῇ</strong></span> 
     </span>
    </p>
   </div>
   <div class='ocr_carea' id='block_1_60' title="bbox 207 4176 1804 4255">
    <p class='ocr_par' dir='ltr' id='par_1_60' title="bbox 207 4176 1804 4255">
     <span class='ocr_line' id='line_1_60' title="bbox 207 4176 1804 4255; baseline -0.009 -13"><span class='ocrx_word' id='word_1_424' title='bbox 207 4187 484 4254; x_wconf 79' lang='grc' dir='ltr'><strong>συνοδικῇ</strong></span> <span class='ocrx_word' id='word_1_425' title='bbox 511 4182 765 4255; x_wconf 67' lang='grc' dir='ltr'><strong>ἐπιστολῇ</strong></span> <span class='ocrx_word' id='word_1_426' title='bbox 798 4179 1104 4249; x_wconf 78' lang='grc' dir='ltr'><strong>Ἀγάθωνος</strong></span> <span class='ocrx_word' id='word_1_427' title='bbox 1129 4177 1285 4231; x_wconf 86' lang='grc' dir='ltr'><strong>πάπα</strong></span> <span class='ocrx_word' id='word_1_428' title='bbox 1312 4178 1409 4247; x_wconf 84' lang='grc' dir='ltr'><strong>τῆς</strong></span> <span class='ocrx_word' id='word_1_429' title='bbox 1427 4176 1804 4248; x_wconf 74' lang='grc' dir='ltr'><strong>πρεσϐυτέρας</strong></span> 
     </span>
    </p>
   </div>
   <div class='ocr_carea' id='block_1_61' title="bbox 217 4262 1803 4346">
    <p class='ocr_par' dir='ltr' id='par_1_61' title="bbox 217 4262 1803 4346">
     <span class='ocr_line' id='line_1_61' title="bbox 217 4262 1803 4346; baseline -0.009 -14"><span class='ocrx_word' id='word_1_430' title='bbox 217 4278 463 4346; x_wconf 79' lang='grc' dir='ltr'><strong>Ῥώμης</strong></span> <span class='ocrx_word' id='word_1_431' title='bbox 485 4276 575 4344; x_wconf 84' lang='lat' dir='ltr'><strong>(r)&#39;</strong></span> <span class='ocrx_word' id='word_1_432' title='bbox 608 4272 721 4342; x_wconf 73' lang='grc' dir='ltr'><strong>ἔχει</strong></span> <span class='ocrx_word' id='word_1_433' title='bbox 750 4270 858 4340; x_wconf 81' lang='grc' dir='ltr'><strong>γὰρ</strong></span> <span class='ocrx_word' id='word_1_434' title='bbox 887 4262 1010 4323; x_wconf 78' lang='grc' dir='ltr'><strong>ὧδε·</strong></span> <span class='ocrx_word' id='word_1_435' title='bbox 1046 4286 1066 4318; x_wconf 79' lang='grc' dir='ltr'><strong>ι</strong></span> <span class='ocrx_word' id='word_1_436' title='bbox 1104 4267 1295 4329; x_wconf 84' lang='grc' dir='ltr'><strong>Ὅστις</strong></span> <span class='ocrx_word' id='word_1_437' title='bbox 1324 4266 1453 4319; x_wconf 82' lang='grc' dir='ltr'><strong>ποτὲ</strong></span> <span class='ocrx_word' id='word_1_438' title='bbox 1484 4266 1591 4319; x_wconf 82' lang='grc' dir='ltr'><strong>τῶν</strong></span> <span class='ocrx_word' id='word_1_439' title='bbox 1617 4266 1803 4335; x_wconf 76' lang='grc' dir='ltr'><strong>ἱερέων</strong></span> 
     </span>
    </p>
   </div>
   <div class='ocr_carea' id='block_1_62' title="bbox 201 4356 1804 4436">
    <p class='ocr_par' dir='ltr' id='par_1_62' title="bbox 201 4356 1804 4436">
     <span class='ocr_line' id='line_1_62' title="bbox 201 4356 1804 4436; baseline -0.009 -14"><span class='ocrx_word' id='word_1_440' title='bbox 201 4370 284 4423; x_wconf 79' lang='grc' dir='ltr'><strong>τὰ</strong></span> <span class='ocrx_word' id='word_1_441' title='bbox 310 4371 378 4420; x_wconf 77' lang='grc' dir='ltr'><strong>ὲν</strong></span> <span class='ocrx_word' id='word_1_442' title='bbox 395 4370 460 4436; x_wconf 84' lang='grc' dir='ltr'><strong>τῇ</strong></span> <span class='ocrx_word' id='word_1_443' title='bbox 481 4364 742 4436; x_wconf 57' lang='grc' dir='ltr'><strong>ὁμολογίῃ.</strong></span> <span class='ocrx_word' id='word_1_444' title='bbox 756 4361 855 4430; x_wconf 85' lang='grc' dir='ltr'><strong>τῆς</strong></span> <span class='ocrx_word' id='word_1_445' title='bbox 872 4362 1148 4430; x_wconf 78' lang='grc' dir='ltr'><strong>ἡμετέρας</strong></span> <span class='ocrx_word' id='word_1_446' title='bbox 1172 4356 1523 4428; x_wconf 82' lang='grc' dir='ltr'><strong>μετριότητος</strong></span> <span class='ocrx_word' id='word_1_447' title='bbox 1552 4358 1804 4426; x_wconf 82' lang='grc' dir='ltr'><strong>περιεχό-</strong></span> 
     </span>
    </p>
   </div>
   <div class='ocr_carea' id='block_1_63' title="bbox 203 4445 1802 4530">
    <p class='ocr_par' dir='ltr' id='par_1_63' title="bbox 203 4445 1802 4530">
     <span class='ocr_line' id='line_1_63' title="bbox 203 4445 1802 4530; baseline -0.008 -19"><span class='ocrx_word' id='word_1_448' title='bbox 203 4475 372 4530; x_wconf 76' lang='grc' dir='ltr'><strong>μενα</strong></span> <span class='ocrx_word' id='word_1_449' title='bbox 429 4456 545 4525; x_wconf 70' lang='grc' dir='ltr'><strong>ἃμα</strong></span> <span class='ocrx_word' id='word_1_450' title='bbox 584 4457 718 4524; x_wconf 80' lang='grc' dir='ltr'><strong>ἡμῖν</strong></span> <span class='ocrx_word' id='word_1_451' title='bbox 765 4449 1076 4521; x_wconf 78' lang='grc' dir='ltr'><strong>εἰλικρινῶς</strong></span> <span class='ocrx_word' id='word_1_452' title='bbox 1112 4446 1415 4517; x_wconf 82' lang='grc' dir='ltr'><strong>κηρύσσειν</strong></span> <span class='ocrx_word' id='word_1_453' title='bbox 1443 4445 1802 4516; x_wconf 79' lang='grc' dir='ltr'><strong>ἐπιθυμήσει,</strong></span> 
     </span>
    </p>
   </div>
   <div class='ocr_carea' id='block_1_64' title="bbox 199 4536 1801 4621">
    <p class='ocr_par' dir='ltr' id='par_1_64' title="bbox 199 4536 1801 4621">
     <span class='ocr_line' id='line_1_64' title="bbox 199 4536 1801 4621; baseline -0.007 -22"><span class='ocrx_word' id='word_1_454' title='bbox 199 4550 358 4621; x_wconf 73' lang='grc' dir='ltr'><strong>περὶ</strong></span> <span class='ocrx_word' id='word_1_455' title='bbox 391 4549 455 4616; x_wconf 83' lang='grc' dir='ltr'><strong>τῇ</strong></span> <span class='ocrx_word' id='word_1_456' title='bbox 483 4543 727 4615; x_wconf 78' lang='grc' dir='ltr'><strong>ἡμετέρα</strong></span> <span class='ocrx_word' id='word_1_457' title='bbox 757 4539 1089 4609; x_wconf 81' lang='grc' dir='ltr'><strong>ἀποστολικῇ</strong></span> <span class='ocrx_word' id='word_1_458' title='bbox 1122 4537 1326 4602; x_wconf 77' lang='grc' dir='ltr'><strong>πίστει,</strong></span> <span class='ocrx_word' id='word_1_459' title='bbox 1360 4539 1435 4599; x_wconf 82' lang='grc' dir='ltr'><strong>ὠς</strong></span> <span class='ocrx_word' id='word_1_460' title='bbox 1468 4536 1801 4606; x_wconf 73' lang='grc' dir='ltr'><strong>ὁμόφρονας,</strong></span> 
     </span>
    </p>
   </div>
   <div class='ocr_carea' id='block_1_65' title="bbox 198 4599 1882 4705">
    <p class='ocr_par' dir='ltr' id='par_1_65' title="bbox 198 4599 1882 4705">
     <span class='ocr_line' id='line_1_65' title="bbox 198 4599 1882 4705; baseline -0.01 -11"><span class='ocrx_word' id='word_1_461' title='bbox 198 4599 304 4702; x_wconf 73' lang='grc' dir='ltr'><strong>ὡςΙ</strong></span> <span class='ocrx_word' id='word_1_462' title='bbox 331 4599 631 4705; x_wconf 60' lang='grc' dir='ltr'><strong>συνίερεῖς,</strong></span> <span class='ocrx_word' id='word_1_463' title='bbox 772 4630 1247 4698; x_wconf 82' lang='grc' dir='ltr'><strong>συλλειτουργοὺς,</strong></span> <span class='ocrx_word' id='word_1_464' title='bbox 1287 4628 1361 4690; x_wconf 83' lang='grc' dir='ltr'><strong>ὡς</strong></span> <span class='ocrx_word' id='word_1_465' title='bbox 1385 4628 1484 4697; x_wconf 86' lang='grc' dir='ltr'><strong>τῆς</strong></span> <span class='ocrx_word' id='word_1_466' title='bbox 1515 4627 1688 4695; x_wconf 77' lang='grc' dir='ltr'><strong>αὐτῆς</strong></span> <span class='ocrx_word' id='word_1_467' title='bbox 1714 4627 1804 4679; x_wconf 85' lang='grc' dir='ltr'><strong>πί-</strong></span> <span class='ocrx_word' id='word_1_468' title='bbox 1837 4599 1882 4655; x_wconf 75' lang='lat' dir='ltr'><strong>D</strong></span> 
     </span>
    </p>
   </div>
   <div class='ocr_carea' id='block_1_66' title="bbox 199 4716 1804 4792">
    <p class='ocr_par' dir='ltr' id='par_1_66' title="bbox 199 4716 1804 4792">
     <span class='ocr_line' id='line_1_66' title="bbox 199 4716 1804 4792; baseline -0.01 -7"><span class='ocrx_word' id='word_1_469' title='bbox 199 4746 426 4792; x_wconf 84' lang='grc' dir='ltr'><strong>στεως,</strong></span> <span class='ocrx_word' id='word_1_470' title='bbox 478 4726 573 4779; x_wconf 79' lang='grc' dir='ltr'><strong>καὶ</strong></span> <span class='ocrx_word' id='word_1_471' title='bbox 617 4725 704 4776; x_wconf 83' lang='grc' dir='ltr'><strong>ἶνα</strong></span> <span class='ocrx_word' id='word_1_472' title='bbox 737 4721 924 4784; x_wconf 83' lang='grc' dir='ltr'><strong>ἁπλῶς</strong></span> <span class='ocrx_word' id='word_1_473' title='bbox 978 4721 1245 4788; x_wconf 88' lang='grc' dir='ltr'><strong>είπωμεν,</strong></span> <span class='ocrx_word' id='word_1_474' title='bbox 1292 4716 1366 4779; x_wconf 85' lang='grc' dir='ltr'><strong>ὡς</strong></span> <span class='ocrx_word' id='word_1_475' title='bbox 1399 4720 1804 4786; x_wconf 81' lang='grc' dir='ltr'><strong>πνευματικοὺς</strong></span> 
     </span>
    </p>
   </div>
   <div class='ocr_carea' id='block_1_67' title="bbox 194 4805 1806 4888">
    <p class='ocr_par' dir='ltr' id='par_1_67' title="bbox 194 4805 1806 4888">
     <span class='ocr_line' id='line_1_67' title="bbox 194 4805 1806 4888; baseline -0.011 -13"><span class='ocrx_word' id='word_1_476' title='bbox 194 4820 495 4888; x_wconf 67' lang='grc' dir='ltr'><strong>ἀδελφοὺς</strong></span> <span class='ocrx_word' id='word_1_477' title='bbox 524 4814 619 4868; x_wconf 74' lang='grc' dir='ltr'><strong>καὶ</strong></span> <span class='ocrx_word' id='word_1_478' title='bbox 667 4810 1103 4871; x_wconf 67' lang='grc' dir='ltr'><strong>συνεπισκόπους</strong></span> <span class='ocrx_word' id='word_1_479' title='bbox 1136 4807 1295 4878; x_wconf 79' lang='grc' dir='ltr'><strong>ἡμῶν</strong></span> <span class='ocrx_word' id='word_1_480' title='bbox 1336 4806 1606 4877; x_wconf 87' lang='grc' dir='ltr'><strong>δεχόμεθα</strong></span> <span class='ocrx_word' id='word_1_481' title='bbox 1628 4823 1642 4836; x_wconf 73' lang='grc' dir='ltr'><strong><em>ο</em></strong></span> <span class='ocrx_word' id='word_1_482' title='bbox 1680 4805 1806 4868; x_wconf 83' lang='grc' dir='ltr'><strong>τοὺς</strong></span> 
     </span>
    </p>
   </div>
   <div class='ocr_carea' id='block_1_68' title="bbox 194 4896 1804 4977">
    <p class='ocr_par' dir='ltr' id='par_1_68' title="bbox 194 4896 1804 4977">
     <span class='ocr_line' id='line_1_68' title="bbox 194 4896 1804 4977; baseline -0.014 -7"><span class='ocrx_word' id='word_1_483' title='bbox 194 4917 262 4970; x_wconf 79' lang='grc' dir='ltr'><strong>δὲ</strong></span> <span class='ocrx_word' id='word_1_484' title='bbox 290 4909 487 4967; x_wconf 72' lang='grc' dir='ltr'><strong>ταῦτα</strong></span> <span class='ocrx_word' id='word_1_485' title='bbox 517 4906 901 4977; x_wconf 85' lang='grc' dir='ltr'><strong>συνομολογεῖν</strong></span> <span class='ocrx_word' id='word_1_486' title='bbox 928 4902 1004 4972; x_wconf 81' lang='grc' dir='ltr'><strong>μὴ</strong></span> <span class='ocrx_word' id='word_1_487' title='bbox 1024 4899 1305 4963; x_wconf 79' lang='grc' dir='ltr'><strong>θέλοντας,</strong></span> <span class='ocrx_word' id='word_1_488' title='bbox 1348 4899 1424 4962; x_wconf 86' lang='grc' dir='ltr'><strong>ὼς</strong></span> <span class='ocrx_word' id='word_1_489' title='bbox 1453 4897 1683 4969; x_wconf 77' lang='grc' dir='ltr'><strong>ἐχθροὺς</strong></span> <span class='ocrx_word' id='word_1_490' title='bbox 1706 4896 1804 4967; x_wconf 77' lang='grc' dir='ltr'><strong>τῆς</strong></span> 
     </span>
    </p>
   </div>
   <div class='ocr_carea' id='block_1_69' title="bbox 196 4985 1805 5071">
    <p class='ocr_par' dir='ltr' id='par_1_69' title="bbox 196 4985 1805 5071">
     <span class='ocr_line' id='line_1_69' title="bbox 196 4985 1805 5071; baseline -0.011 -10"><span class='ocrx_word' id='word_1_491' title='bbox 196 5002 528 5071; x_wconf 79' lang='grc' dir='ltr'><strong>καθολικῆς</strong></span> <span class='ocrx_word' id='word_1_492' title='bbox 554 5001 649 5053; x_wconf 60' lang='grc' dir='ltr'><strong>καὶ⁵</strong></span> <span class='ocrx_word' id='word_1_493' title='bbox 679 4995 1049 5065; x_wconf 84' lang='grc' dir='ltr'><strong>ἀποστολικῆς</strong></span> <span class='ocrx_word' id='word_1_494' title='bbox 1083 4992 1399 5063; x_wconf 83' lang='grc' dir='ltr'><strong>ὁμολογίας,</strong></span> <span class='ocrx_word' id='word_1_495' title='bbox 1420 4990 1638 5061; x_wconf 66' lang='grc' dir='ltr'><strong>ἐνόχους</strong></span> <span class='ocrx_word' id='word_1_496' title='bbox 1665 4985 1805 5043; x_wconf 79' lang='grc' dir='ltr'><strong>εἶναι</strong></span> 
     </span>
    </p>
   </div>
   <div class='ocr_carea' id='block_1_70' title="bbox 193 5081 1807 5171">
    <p class='ocr_par' dir='ltr' id='par_1_70' title="bbox 193 5081 1807 5171">
     <span class='ocr_line' id='line_1_70' title="bbox 193 5081 1807 5171; baseline -0.012 -18"><span class='ocrx_word' id='word_1_497' title='bbox 193 5097 495 5171; x_wconf 76' lang='grc' dir='ltr'><strong>κρίνομεν</strong></span> <span class='ocrx_word' id='word_1_498' title='bbox 529 5091 626 5160; x_wconf 83' lang='grc' dir='ltr'><strong>τῆς</strong></span> <span class='ocrx_word' id='word_1_499' title='bbox 681 5088 906 5150; x_wconf 84' lang='grc' dir='ltr'><strong>αἰωνίας</strong></span> <span class='ocrx_word' id='word_1_500' title='bbox 960 5085 1373 5155; x_wconf 79' lang='grc' dir='ltr'><strong>κατακρίσεως’</strong></span> <span class='ocrx_word' id='word_1_501' title='bbox 1408 5081 1533 5136; x_wconf 73' lang='grc' dir='ltr'><strong>οὔτε</strong></span> <span class='ocrx_word' id='word_1_502' title='bbox 1579 5082 1634 5134; x_wconf 83' lang='grc' dir='ltr'><strong>δὲ</strong></span> <span class='ocrx_word' id='word_1_503' title='bbox 1680 5083 1807 5145; x_wconf 83' lang='grc' dir='ltr'><strong>τοὺς</strong></span> 
     </span>
    </p>
   </div>
   <div class='ocr_carea' id='block_1_71' title="bbox 193 5172 1803 5248">
    <p class='ocr_par' dir='ltr' id='par_1_71' title="bbox 193 5172 1803 5248">
     <span class='ocr_line' id='line_1_71' title="bbox 193 5172 1803 5248; baseline -0.018 -6"><span class='ocrx_word' id='word_1_504' title='bbox 193 5184 509 5244; x_wconf 81' lang='grc' dir='ltr'><strong>τοιούτους</strong></span> <span class='ocrx_word' id='word_1_505' title='bbox 544 5181 673 5233; x_wconf 82' lang='grc' dir='ltr'><strong>ποτὲ</strong></span> <span class='ocrx_word' id='word_1_506' title='bbox 706 5182 765 5232; x_wconf 82' lang='grc' dir='ltr'><strong>ὲν</strong></span> <span class='ocrx_word' id='word_1_507' title='bbox 817 5178 896 5248; x_wconf 82' lang='grc' dir='ltr'><strong>τῷ</strong></span> <span class='ocrx_word' id='word_1_508' title='bbox 962 5176 1203 5246; x_wconf 80' lang='grc' dir='ltr'><strong>συλλόγῳ</strong></span> <span class='ocrx_word' id='word_1_509' title='bbox 1230 5177 1329 5245; x_wconf 77' lang='grc' dir='ltr'><strong>τῆς</strong></span> <span class='ocrx_word' id='word_1_510' title='bbox 1376 5172 1655 5243; x_wconf 80' lang='grc' dir='ltr'><strong>ἡμετέρας</strong></span> <span class='ocrx_word' id='word_1_511' title='bbox 1707 5191 1803 5242; x_wconf 83' lang='grc' dir='ltr'><strong>με-</strong></span> 
     </span>
    </p>
   </div>
   <div class='ocr_carea' id='block_1_72' title="bbox 192 5267 1585 5353">
    <p class='ocr_par' dir='ltr' id='par_1_72' title="bbox 192 5267 1585 5353">
     <span class='ocr_line' id='line_1_72' title="bbox 192 5267 1585 5353; baseline -0.009 -20"><span class='ocrx_word' id='word_1_512' title='bbox 192 5280 537 5353; x_wconf 69' lang='grc' dir='ltr'><strong>τριότητος,</strong></span> <span class='ocrx_word' id='word_1_513' title='bbox 566 5276 613 5327; x_wconf 84' lang='grc' dir='ltr'><strong>εἰ</strong></span> <span class='ocrx_word' id='word_1_514' title='bbox 654 5273 729 5344; x_wconf 81' lang='grc' dir='ltr'><strong>μὴ</strong></span> <span class='ocrx_word' id='word_1_515' title='bbox 752 5272 1166 5342; x_wconf 81' lang='grc' dir='ltr'><strong>διορθωθέντας,</strong></span> <span class='ocrx_word' id='word_1_516' title='bbox 1198 5267 1585 5337; x_wconf 82' lang='grc' dir='ltr'><strong>ἀναδεξόμεθα·</strong></span> 
     </span>
    </p>
   </div>
   <div class='ocr_carea' id='block_1_73' title="bbox 194 5361 1591 5438">
    <p class='ocr_par' dir='ltr' id='par_1_73' title="bbox 194 5361 1591 5438">
     <span class='ocr_line' id='line_1_73' title="bbox 194 5361 1591 5438; baseline -0.013 -10"><span class='ocrx_word' id='word_1_517' title='bbox 194 5372 506 5438; x_wconf 71' lang='grc' dir='ltr'><strong>ελὰϐομεν</strong></span> <span class='ocrx_word' id='word_1_518' title='bbox 538 5368 690 5437; x_wconf 68' lang='grc' dir='ltr'><strong>παρὰ</strong></span> <span class='ocrx_word' id='word_1_519' title='bbox 717 5364 827 5419; x_wconf 81' lang='grc' dir='ltr'><strong>τῶν</strong></span> <span class='ocrx_word' id='word_1_520' title='bbox 852 5362 1328 5433; x_wconf 83' lang='grc' dir='ltr'><strong>προηγησαμένων</strong></span> <span class='ocrx_word' id='word_1_521' title='bbox 1366 5361 1537 5431; x_wconf 65' lang='grc' dir='ltr'><strong>ἡμᾶς.</strong></span> <span class='ocrx_word' id='word_1_522' title='bbox 1571 5379 1591 5410; x_wconf 74' lang='grc' dir='ltr'><strong>ι</strong></span> 
     </span>
    </p>
   </div>
   <div class='ocr_carea' id='block_1_74' title="bbox 1890 1987 3469 2058">
    <p class='ocr_par' dir='ltr' id='par_1_74' title="bbox 1890 1987 3469 2058">
     <span class='ocr_line' id='line_1_74' title="bbox 1890 1987 3469 2058; baseline 0 -15"><span class='ocrx_word' id='word_1_523' title='bbox 1890 1988 2131 2053; x_wconf 84' lang='lat' dir='ltr'><strong>culcant,</strong></span> <span class='ocrx_word' id='word_1_524' title='bbox 2179 2004 2348 2058; x_wconf 86' lang='lat' dir='ltr'><strong>seque</strong></span> <span class='ocrx_word' id='word_1_525' title='bbox 2403 1987 2731 2057; x_wconf 87' lang='lat' dir='ltr'><strong>supradictis</strong></span> <span class='ocrx_word' id='word_1_526' title='bbox 2781 1987 3218 2042; x_wconf 79' lang='lat' dir='ltr'><strong>anathematibus</strong></span> <span class='ocrx_word' id='word_1_527' title='bbox 3268 2004 3469 2057; x_wconf 77' lang='lat' dir='ltr'><strong>suppo-</strong></span> 
     </span>
    </p>
   </div>
   <div class='ocr_carea' id='block_1_75' title="bbox 1890 2077 3470 2148">
    <p class='ocr_par' dir='ltr' id='par_1_75' title="bbox 1890 2077 3470 2148">
     <span class='ocr_line' id='line_1_75' title="bbox 1890 2077 3470 2148; baseline -0.001 -16"><span class='ocrx_word' id='word_1_528' title='bbox 1890 2089 2045 2143; x_wconf 84' lang='lat' dir='ltr'><strong>nunt,</strong></span> <span class='ocrx_word' id='word_1_529' title='bbox 2078 2088 2243 2148; x_wconf 89' lang='lat' dir='ltr'><strong>atque</strong></span> <span class='ocrx_word' id='word_1_530' title='bbox 2262 2078 2486 2131; x_wconf 90' lang='lat' dir='ltr'><strong>omnino</strong></span> <span class='ocrx_word' id='word_1_531' title='bbox 2510 2077 2560 2130; x_wconf 94' lang='lat' dir='ltr'><strong>in</strong></span> <span class='ocrx_word' id='word_1_532' title='bbox 2588 2077 2829 2131; x_wconf 83' lang='lat' dir='ltr'><strong>Ecclesia</strong></span> <span class='ocrx_word' id='word_1_533' title='bbox 2859 2093 2962 2130; x_wconf 90' lang='lat' dir='ltr'><strong>non</strong></span> <span class='ocrx_word' id='word_1_534' title='bbox 2996 2088 3143 2133; x_wconf 90' lang='lat' dir='ltr'><strong>sunt.</strong></span> <span class='ocrx_word' id='word_1_535' title='bbox 3171 2077 3306 2144; x_wconf 86' lang='lat' dir='ltr'><strong>Quia</strong></span> <span class='ocrx_word' id='word_1_536' title='bbox 3340 2094 3470 2133; x_wconf 84' lang='lat' dir='ltr'><strong>veto</strong></span> 
     </span>
    </p>
   </div>
   <div class='ocr_carea' id='block_1_76' title="bbox 1890 2167 3466 2241">
    <p class='ocr_par' dir='ltr' id='par_1_76' title="bbox 1890 2167 3466 2241">
     <span class='ocr_line' id='line_1_76' title="bbox 1890 2167 3466 2241; baseline 0.001 -18"><span class='ocrx_word' id='word_1_537' title='bbox 1890 2179 1945 2223; x_wconf 90' lang='lat' dir='ltr'><strong>et</strong></span> <span class='ocrx_word' id='word_1_538' title='bbox 1978 2169 2105 2225; x_wconf 85' lang='lat' dir='ltr'><strong>fidei</strong></span> <span class='ocrx_word' id='word_1_539' title='bbox 2158 2170 2355 2239; x_wconf 79' lang='lat' dir='ltr'><strong>dogma</strong></span> <span class='ocrx_word' id='word_1_540' title='bbox 2406 2169 2459 2222; x_wconf 91' lang='lat' dir='ltr'><strong>in</strong></span> <span class='ocrx_word' id='word_1_541' title='bbox 2495 2180 2601 2237; x_wconf 91' lang='lat' dir='ltr'><strong>quo</strong></span> <span class='ocrx_word' id='word_1_542' title='bbox 2652 2169 2887 2223; x_wconf 87' lang='lat' dir='ltr'><strong>ordinati</strong></span> <span class='ocrx_word' id='word_1_543' title='bbox 2935 2167 3123 2233; x_wconf 85' lang='lat' dir='ltr'><strong>fuere,</strong></span> <span class='ocrx_word' id='word_1_544' title='bbox 3160 2181 3466 2241; x_wconf 82' lang='lat' dir='ltr'><strong>negarunt,</strong></span> 
     </span>
    </p>
   </div>
   <div class='ocr_carea' id='block_1_77' title="bbox 1890 2260 3466 2331">
    <p class='ocr_par' dir='ltr' id='par_1_77' title="bbox 1890 2260 3466 2331">
     <span class='ocr_line' id='line_1_77' title="bbox 1890 2260 3466 2331; baseline 0 -15"><span class='ocrx_word' id='word_1_545' title='bbox 1890 2262 2140 2330; x_wconf 73' lang='lat' dir='ltr'><strong>sequitur</strong></span> <span class='ocrx_word' id='word_1_546' title='bbox 2164 2269 2224 2315; x_wconf 87' lang='lat' dir='ltr'><strong>ut</strong></span> <span class='ocrx_word' id='word_1_547' title='bbox 2254 2276 2404 2315; x_wconf 88' lang='lat' dir='ltr'><strong>suam</strong></span> <span class='ocrx_word' id='word_1_548' title='bbox 2432 2274 2649 2331; x_wconf 90' lang='lat' dir='ltr'><strong>quoque</strong></span> <span class='ocrx_word' id='word_1_549' title='bbox 2679 2260 3077 2315; x_wconf 88' lang='lat' dir='ltr'><strong>ordinationem</strong></span> <span class='ocrx_word' id='word_1_550' title='bbox 3112 2261 3431 2331; x_wconf 79' lang='lat' dir='ltr'><strong>negaverint</strong></span> <span class='ocrx_word' id='word_1_551' title='bbox 3450 2302 3466 2327; x_wconf 84' lang='lat'><strong>,</strong></span> 
     </span>
    </p>
   </div>
   <div class='ocr_carea' id='block_1_78' title="bbox 1891 2350 3465 2422">
    <p class='ocr_par' dir='ltr' id='par_1_78' title="bbox 1891 2350 3465 2422">
     <span class='ocr_line' id='line_1_78' title="bbox 1891 2350 3465 2422; baseline -0.001 -16"><span class='ocrx_word' id='word_1_552' title='bbox 1891 2354 2110 2422; x_wconf 86' lang='lat' dir='ltr'><strong>sintque</strong></span> <span class='ocrx_word' id='word_1_553' title='bbox 2168 2351 2424 2422; x_wconf 86' lang='lat' dir='ltr'><strong>depositi.</strong></span> <span class='ocrx_word' id='word_1_554' title='bbox 2470 2366 2567 2406; x_wconf 81' lang='lat' dir='ltr'><strong>ceu</strong></span> <span class='ocrx_word' id='word_1_555' title='bbox 2622 2352 2812 2406; x_wconf 73' lang='lat' dir='ltr'><strong>aliena:</strong></span> <span class='ocrx_word' id='word_1_556' title='bbox 2855 2352 3118 2405; x_wconf 70' lang='lat' dir='ltr'><strong>doctrina:</strong></span> <span class='ocrx_word' id='word_1_557' title='bbox 3173 2350 3465 2421; x_wconf 77' lang='lat' dir='ltr'><strong>magistri;</strong></span> 
     </span>
    </p>
   </div>
   <div class='ocr_carea' id='block_1_79' title="bbox 1893 2441 3469 2513">
    <p class='ocr_par' dir='ltr' id='par_1_79' title="bbox 1893 2441 3469 2513">
     <span class='ocr_line' id='line_1_79' title="bbox 1893 2441 3469 2513; baseline -0.001 -16"><span class='ocrx_word' id='word_1_558' title='bbox 1893 2444 2121 2513; x_wconf 87' lang='lat' dir='ltr'><strong>ideoque</strong></span> <span class='ocrx_word' id='word_1_559' title='bbox 2155 2457 2260 2497; x_wconf 87' lang='lat' dir='ltr'><strong>non</strong></span> <span class='ocrx_word' id='word_1_560' title='bbox 2292 2443 2419 2497; x_wconf 85' lang='lat' dir='ltr'><strong>licet</strong></span> <span class='ocrx_word' id='word_1_561' title='bbox 2445 2456 2539 2497; x_wconf 86' lang='lat' dir='ltr'><strong>eos</strong></span> <span class='ocrx_word' id='word_1_562' title='bbox 2559 2441 2626 2496; x_wconf 87' lang='lat' dir='ltr'><strong>ad</strong></span> <span class='ocrx_word' id='word_1_563' title='bbox 2648 2441 2976 2512; x_wconf 89' lang='lat' dir='ltr'><strong>colloquium</strong></span> <span class='ocrx_word' id='word_1_564' title='bbox 3014 2442 3098 2497; x_wconf 84' lang='lat' dir='ltr'><strong>vel</strong></span> <span class='ocrx_word' id='word_1_565' title='bbox 3122 2443 3469 2512; x_wconf 84' lang='lat' dir='ltr'><strong>disceptatio-</strong></span> 
     </span>
    </p>
   </div>
   <div class='ocr_carea' id='block_1_80' title="bbox 1895 2533 3468 2603">
    <p class='ocr_par' dir='ltr' id='par_1_80' title="bbox 1895 2533 3468 2603">
     <span class='ocr_line' id='line_1_80' title="bbox 1895 2533 3468 2603; baseline -0.002 -14"><span class='ocrx_word' id='word_1_566' title='bbox 1895 2549 2016 2590; x_wconf 89' lang='lat' dir='ltr'><strong>nem</strong></span> <span class='ocrx_word' id='word_1_567' title='bbox 2047 2549 2168 2589; x_wconf 91' lang='lat' dir='ltr'><strong>cum</strong></span> <span class='ocrx_word' id='word_1_568' title='bbox 2190 2535 2308 2589; x_wconf 89' lang='lat' dir='ltr'><strong>viro</strong></span> <span class='ocrx_word' id='word_1_569' title='bbox 2332 2533 2570 2603; x_wconf 90' lang='lat' dir='ltr'><strong>quolibet</strong></span> <span class='ocrx_word' id='word_1_570' title='bbox 2597 2534 2917 2588; x_wconf 81' lang='lat' dir='ltr'><strong>sacerdmali</strong></span> <span class='ocrx_word' id='word_1_571' title='bbox 2942 2534 3230 2589; x_wconf 87' lang='lat' dir='ltr'><strong>admittere</strong></span> <span class='ocrx_word' id='word_1_572' title='bbox 3257 2552 3274 2589; x_wconf 88' lang='lat'><strong>:</strong></span> <span class='ocrx_word' id='word_1_573' title='bbox 3310 2548 3468 2589; x_wconf 88' lang='lat' dir='ltr'><strong>secus</strong></span> 
     </span>
    </p>
   </div>
   <div class='ocr_carea' id='block_1_81' title="bbox 1893 2624 3469 2697">
    <p class='ocr_par' dir='ltr' id='par_1_81' title="bbox 1893 2624 3469 2697">
     <span class='ocr_line' id='line_1_81' title="bbox 1893 2624 3469 2697; baseline 0.002 -17"><span class='ocrx_word' id='word_1_574' title='bbox 1893 2627 2066 2690; x_wconf 90' lang='lat' dir='ltr'><strong>enim,</strong></span> <span class='ocrx_word' id='word_1_575' title='bbox 2095 2626 2185 2697; x_wconf 89' lang='lat' dir='ltr'><strong>qui</strong></span> <span class='ocrx_word' id='word_1_576' title='bbox 2219 2641 2337 2679; x_wconf 90' lang='lat' dir='ltr'><strong>cum</strong></span> <span class='ocrx_word' id='word_1_577' title='bbox 2372 2626 2456 2679; x_wconf 90' lang='lat' dir='ltr'><strong>his</strong></span> <span class='ocrx_word' id='word_1_578' title='bbox 2486 2625 2551 2680; x_wconf 91' lang='lat' dir='ltr'><strong>de</strong></span> <span class='ocrx_word' id='word_1_579' title='bbox 2575 2624 2960 2681; x_wconf 83' lang='lat' dir='ltr'><strong>ecclesiasticis</strong></span> <span class='ocrx_word' id='word_1_580' title='bbox 2991 2626 3331 2697; x_wconf 80' lang='lat' dir='ltr'><strong>dogmatibus</strong></span> <span class='ocrx_word' id='word_1_581' title='bbox 3357 2627 3469 2683; x_wconf 83' lang='lat' dir='ltr'><strong>dis-</strong></span> 
     </span>
    </p>
   </div>
   <div class='ocr_carea' id='block_1_82' title="bbox 1896 2717 3466 2787">
    <p class='ocr_par' dir='ltr' id='par_1_82' title="bbox 1896 2717 3466 2787">
     <span class='ocr_line' id='line_1_82' title="bbox 1896 2717 3466 2787; baseline 0.001 -15"><span class='ocrx_word' id='word_1_582' title='bbox 1896 2720 2185 2786; x_wconf 83' lang='lat' dir='ltr'><strong>putaverit.</strong></span> <span class='ocrx_word' id='word_1_583' title='bbox 2220 2719 2410 2772; x_wconf 86' lang='lat' dir='ltr'><strong>iisdem</strong></span> <span class='ocrx_word' id='word_1_584' title='bbox 2442 2729 2502 2770; x_wconf 83' lang='lat' dir='ltr'><strong>se</strong></span> <span class='ocrx_word' id='word_1_585' title='bbox 2530 2719 2969 2773; x_wconf 84' lang='lat' dir='ltr'><strong>anathematibus</strong></span> <span class='ocrx_word' id='word_1_586' title='bbox 3008 2718 3267 2787; x_wconf 89' lang='lat' dir='ltr'><strong>implicat.</strong></span> <span class='ocrx_word' id='word_1_587' title='bbox 3297 2717 3466 2775; x_wconf 87' lang='lat' dir='ltr'><strong>Porro</strong></span> 
     </span>
    </p>
   </div>
   <div class='ocr_carea' id='block_1_83' title="bbox 1896 2812 3463 2887">
    <p class='ocr_par' dir='ltr' id='par_1_83' title="bbox 1896 2812 3463 2887">
     <span class='ocr_line' id='line_1_83' title="bbox 1896 2812 3463 2887; baseline 0.001 -20"><span class='ocrx_word' id='word_1_588' title='bbox 1896 2813 2100 2868; x_wconf 85' lang='lat' dir='ltr'><strong>crimen</strong></span> <span class='ocrx_word' id='word_1_589' title='bbox 2130 2814 2343 2867; x_wconf 89' lang='lat' dir='ltr'><strong>illorum</strong></span> <span class='ocrx_word' id='word_1_590' title='bbox 2374 2813 2631 2885; x_wconf 81' lang='lat' dir='ltr'><strong>augebit,</strong></span> <span class='ocrx_word' id='word_1_591' title='bbox 2662 2813 2984 2887; x_wconf 73' lang='lat' dir='ltr'><strong>graviorque</strong></span> <span class='ocrx_word' id='word_1_592' title='bbox 3024 2813 3303 2867; x_wconf 89' lang='lat' dir='ltr'><strong>damnatio</strong></span> <span class='ocrx_word' id='word_1_593' title='bbox 3342 2812 3463 2876; x_wconf 80' lang='lat' dir='ltr'><strong>ﬁet.</strong></span> 
     </span>
    </p>
   </div>
   <div class='ocr_carea' id='block_1_84' title="bbox 1896 2904 3575 2975">
    <p class='ocr_par' dir='ltr' id='par_1_84' title="bbox 1896 2904 3575 2975">
     <span class='ocr_line' id='line_1_84' title="bbox 1896 2904 3575 2975; baseline 0 -18"><span class='ocrx_word' id='word_1_594' title='bbox 1896 2907 2021 2974; x_wconf 86' lang='lat' dir='ltr'><strong>quia</strong></span> <span class='ocrx_word' id='word_1_595' title='bbox 2069 2920 2175 2959; x_wconf 90' lang='lat' dir='ltr'><strong>non</strong></span> <span class='ocrx_word' id='word_1_596' title='bbox 2227 2920 2397 2973; x_wconf 89' lang='lat' dir='ltr'><strong>nuper</strong></span> <span class='ocrx_word' id='word_1_597' title='bbox 2444 2906 2795 2975; x_wconf 69' lang='lat' dir='ltr'><strong>quaestionem</strong></span> <span class='ocrx_word' id='word_1_598' title='bbox 2847 2905 2988 2958; x_wconf 88' lang='lat' dir='ltr'><strong>hanc</strong></span> <span class='ocrx_word' id='word_1_599' title='bbox 3034 2915 3326 2970; x_wconf 86' lang='lat' dir='ltr'><strong>noverunt,</strong></span> <span class='ocrx_word' id='word_1_600' title='bbox 3371 2904 3465 2960; x_wconf 84' lang='lat' dir='ltr'><strong>sed</strong></span> <span class='ocrx_word' id='word_1_601' title='bbox 3556 2934 3575 2942; x_wconf 54' lang='grc' dir='ltr'><em>π</em></span> 
     </span>
    </p>
   </div>
   <div class='ocr_carea' id='block_1_85' title="bbox 1900 2996 3466 3066">
    <p class='ocr_par' dir='ltr' id='par_1_85' title="bbox 1900 2996 3466 3066">
     <span class='ocr_line' id='line_1_85' title="bbox 1900 2996 3466 3066; baseline 0.001 -16"><span class='ocrx_word' id='word_1_602' title='bbox 1900 3011 2012 3050; x_wconf 88' lang='lat' dir='ltr'><strong>rem</strong></span> <span class='ocrx_word' id='word_1_603' title='bbox 2050 2996 2217 3049; x_wconf 88' lang='lat' dir='ltr'><strong>multo</strong></span> <span class='ocrx_word' id='word_1_604' title='bbox 2248 3005 2375 3051; x_wconf 89' lang='lat' dir='ltr'><strong>ante</strong></span> <span class='ocrx_word' id='word_1_605' title='bbox 2416 3005 2656 3066; x_wconf 84' lang='lat' dir='ltr'><strong>tempore</strong></span> <span class='ocrx_word' id='word_1_606' title='bbox 2692 2997 2744 3049; x_wconf 92' lang='lat' dir='ltr'><strong>in</strong></span> <span class='ocrx_word' id='word_1_607' title='bbox 2774 2996 3010 3052; x_wconf 86' lang='lat' dir='ltr'><strong>Ecclesia</strong></span> <span class='ocrx_word' id='word_1_608' title='bbox 3041 2997 3338 3058; x_wconf 84' lang='lat' dir='ltr'><strong>definitam,</strong></span> <span class='ocrx_word' id='word_1_609' title='bbox 3377 2998 3466 3052; x_wconf 84' lang='lat' dir='ltr'><strong>cui</strong></span> 
     </span>
    </p>
   </div>
   <div class='ocr_carea' id='block_1_86' title="bbox 1898 3088 3469 3161">
    <p class='ocr_par' dir='ltr' id='par_1_86' title="bbox 1898 3088 3469 3161">
     <span class='ocr_line' id='line_1_86' title="bbox 1898 3088 3469 3161; baseline 0.001 -19"><span class='ocrx_word' id='word_1_610' title='bbox 1898 3091 2061 3143; x_wconf 87' lang='lat' dir='ltr'><strong>etiam</strong></span> <span class='ocrx_word' id='word_1_611' title='bbox 2110 3088 2521 3159; x_wconf 86' lang='lat' dir='ltr'><strong>subscripsere.</strong></span> <span class='ocrx_word' id='word_1_612' title='bbox 2558 3098 2979 3161; x_wconf 74' lang='lat' dir='ltr'><strong>cognoscentes,</strong></span> <span class='ocrx_word' id='word_1_613' title='bbox 3028 3102 3221 3159; x_wconf 82' lang='lat' dir='ltr'><strong>sponte</strong></span> <span class='ocrx_word' id='word_1_614' title='bbox 3270 3091 3469 3146; x_wconf 88' lang='lat' dir='ltr'><strong>sceleri</strong></span> 
     </span>
    </p>
   </div>
   <div class='ocr_carea' id='block_1_87' title="bbox 1900 3181 3473 3251">
    <p class='ocr_par' dir='ltr' id='par_1_87' title="bbox 1900 3181 3473 3251">
     <span class='ocr_line' id='line_1_87' title="bbox 1900 3181 3473 3251; baseline 0.001 -18"><span class='ocrx_word' id='word_1_615' title='bbox 1900 3190 2322 3247; x_wconf 83' lang='lat' dir='ltr'><strong>consenserunt;</strong></span> <span class='ocrx_word' id='word_1_616' title='bbox 2341 3192 2395 3235; x_wconf 88' lang='lat' dir='ltr'><strong>et</strong></span> <span class='ocrx_word' id='word_1_617' title='bbox 2415 3181 2632 3249; x_wconf 88' lang='lat' dir='ltr'><strong>quidem</strong></span> <span class='ocrx_word' id='word_1_618' title='bbox 2659 3181 3034 3250; x_wconf 75' lang='lat' dir='ltr'><strong>magistrorum</strong></span> <span class='ocrx_word' id='word_1_619' title='bbox 3057 3182 3216 3251; x_wconf 74' lang='lat'><strong>271</strong></span> <span class='ocrx_word' id='word_1_620' title='bbox 3246 3182 3473 3249; x_wconf 77' lang='lat' dir='ltr'><strong>dogma-</strong></span> 
     </span>
    </p>
   </div>
   <div class='ocr_carea' id='block_1_88' title="bbox 1907 3270 3472 3340">
    <p class='ocr_par' dir='ltr' id='par_1_88' title="bbox 1907 3270 3472 3340">
     <span class='ocr_line' id='line_1_88' title="bbox 1907 3270 3472 3340; baseline 0.001 -16"><span class='ocrx_word' id='word_1_621' title='bbox 1907 3271 2136 3325; x_wconf 90' lang='lat' dir='ltr'><strong>ticorum</strong></span> <span class='ocrx_word' id='word_1_622' title='bbox 2153 3272 2330 3327; x_wconf 91' lang='lat' dir='ltr'><strong>locum</strong></span> <span class='ocrx_word' id='word_1_623' title='bbox 2355 3271 2408 3325; x_wconf 90' lang='lat' dir='ltr'><strong>in</strong></span> <span class='ocrx_word' id='word_1_624' title='bbox 2434 3270 2672 3326; x_wconf 89' lang='lat' dir='ltr'><strong>Ecclesia</strong></span> <span class='ocrx_word' id='word_1_625' title='bbox 2698 3279 2963 3335; x_wconf 90' lang='lat' dir='ltr'><strong>tenentes,</strong></span> <span class='ocrx_word' id='word_1_626' title='bbox 2982 3281 3035 3324; x_wconf 90' lang='lat' dir='ltr'><strong>et</strong></span> <span class='ocrx_word' id='word_1_627' title='bbox 3065 3273 3118 3324; x_wconf 93' lang='lat' dir='ltr'><strong>in</strong></span> <span class='ocrx_word' id='word_1_628' title='bbox 3141 3272 3241 3326; x_wconf 89' lang='lat' dir='ltr'><strong>hoc</strong></span> <span class='ocrx_word' id='word_1_629' title='bbox 3266 3272 3472 3340; x_wconf 75' lang='lat' dir='ltr'><strong>magis-</strong></span> 
     </span>
    </p>
   </div>
   <div class='ocr_carea' id='block_1_89' title="bbox 1911 3360 3476 3416">
    <p class='ocr_par' dir='ltr' id='par_1_89' title="bbox 1911 3360 3476 3416">
     <span class='ocr_line' id='line_1_89' title="bbox 1911 3360 3476 3416; baseline 0.001 -3"><span class='ocrx_word' id='word_1_630' title='bbox 1911 3362 2050 3416; x_wconf 91' lang='lat' dir='ltr'><strong>terio</strong></span> <span class='ocrx_word' id='word_1_631' title='bbox 2080 3362 2170 3416; x_wconf 90' lang='lat' dir='ltr'><strong>diu</strong></span> <span class='ocrx_word' id='word_1_632' title='bbox 2206 3361 2423 3416; x_wconf 84' lang='lat' dir='ltr'><strong>versati.</strong></span> <span class='ocrx_word' id='word_1_633' title='bbox 2443 3360 2563 3414; x_wconf 83' lang='lat' dir='ltr'><strong>Alio</strong></span> <span class='ocrx_word' id='word_1_634' title='bbox 2590 3360 2752 3414; x_wconf 84' lang='lat' dir='ltr'><strong>etiam</strong></span> <span class='ocrx_word' id='word_1_635' title='bbox 2784 3360 2937 3414; x_wconf 90' lang='lat' dir='ltr'><strong>titulo</strong></span> <span class='ocrx_word' id='word_1_636' title='bbox 2969 3376 2997 3414; x_wconf 89' lang='lat' dir='ltr'><strong>a</strong></span> <span class='ocrx_word' id='word_1_637' title='bbox 3030 3360 3226 3415; x_wconf 80' lang='lat' dir='ltr'><strong>divinis</strong></span> <span class='ocrx_word' id='word_1_638' title='bbox 3248 3361 3476 3415; x_wconf 81' lang='lat' dir='ltr'><strong>canoni-</strong></span> 
     </span>
    </p>
   </div>
   <div class='ocr_carea' id='block_1_90' title="bbox 1906 3449 3474 3517">
    <p class='ocr_par' dir='ltr' id='par_1_90' title="bbox 1906 3449 3474 3517">
     <span class='ocr_line' id='line_1_90' title="bbox 1906 3449 3474 3517; baseline 0.001 -15"><span class='ocrx_word' id='word_1_639' title='bbox 1906 3449 2004 3505; x_wconf 83' lang='lat' dir='ltr'><strong>bus</strong></span> <span class='ocrx_word' id='word_1_640' title='bbox 2032 3457 2485 3514; x_wconf 79' lang='lat' dir='ltr'><strong>exauctorantur,</strong></span> <span class='ocrx_word' id='word_1_641' title='bbox 2534 3463 2633 3502; x_wconf 92' lang='lat' dir='ltr'><strong>ceu</strong></span> <span class='ocrx_word' id='word_1_642' title='bbox 2676 3449 2769 3517; x_wconf 90' lang='lat' dir='ltr'><strong>qui</strong></span> <span class='ocrx_word' id='word_1_643' title='bbox 2815 3449 3169 3503; x_wconf 78' lang='lat' dir='ltr'><strong>conciliabula</strong></span> <span class='ocrx_word' id='word_1_644' title='bbox 3220 3449 3474 3515; x_wconf 83' lang='lat' dir='ltr'><strong>fecerint,</strong></span> 
     </span>
    </p>
   </div>
   <div class='ocr_carea' id='block_1_91' title="bbox 1904 3539 3476 3608">
    <p class='ocr_par' dir='ltr' id='par_1_91' title="bbox 1904 3539 3476 3608">
     <span class='ocr_line' id='line_1_91' title="bbox 1904 3539 3476 3608; baseline -0.001 -13"><span class='ocrx_word' id='word_1_645' title='bbox 1904 3550 1959 3595; x_wconf 90' lang='lat' dir='ltr'><strong>et</strong></span> <span class='ocrx_word' id='word_1_646' title='bbox 1986 3541 2150 3608; x_wconf 70' lang='lat' dir='ltr'><strong>regiis</strong></span> <span class='ocrx_word' id='word_1_647' title='bbox 2184 3539 2410 3595; x_wconf 88' lang='lat' dir='ltr'><strong>auribus</strong></span> <span class='ocrx_word' id='word_1_648' title='bbox 2452 3541 2666 3595; x_wconf 91' lang='lat' dir='ltr'><strong>molesti</strong></span> <span class='ocrx_word' id='word_1_649' title='bbox 2707 3539 2933 3595; x_wconf 77' lang='lat' dir='ltr'><strong>fuerint.</strong></span> <span class='ocrx_word' id='word_1_650' title='bbox 2970 3541 3250 3597; x_wconf 78' lang='lat' dir='ltr'><strong>Postremo</strong></span> <span class='ocrx_word' id='word_1_651' title='bbox 3281 3556 3375 3596; x_wconf 89' lang='lat' dir='ltr'><strong>eos</strong></span> <span class='ocrx_word' id='word_1_652' title='bbox 3406 3546 3476 3596; x_wconf 81' lang='lat' dir='ltr'><strong>ab</strong></span> 
     </span>
    </p>
   </div>
   <div class='ocr_carea' id='block_1_92' title="bbox 1904 3627 3475 3694">
    <p class='ocr_par' dir='ltr' id='par_1_92' title="bbox 1904 3627 3475 3694">
     <span class='ocr_line' id='line_1_92' title="bbox 1904 3627 3475 3694; baseline 0.004 -13"><span class='ocrx_word' id='word_1_653' title='bbox 1904 3627 2397 3681; x_wconf 82' lang='lat' dir='ltr'><strong>ecclesiasticorutn</strong></span> <span class='ocrx_word' id='word_1_654' title='bbox 2425 3629 2706 3682; x_wconf 84' lang='lat' dir='ltr'><strong>consortio</strong></span> <span class='ocrx_word' id='word_1_655' title='bbox 2737 3630 3050 3694; x_wconf 77' lang='lat' dir='ltr'><strong>excludunt,</strong></span> <span class='ocrx_word' id='word_1_656' title='bbox 3069 3644 3125 3684; x_wconf 91' lang='lat' dir='ltr'><strong>et</strong></span> <span class='ocrx_word' id='word_1_657' title='bbox 3151 3632 3475 3687; x_wconf 86' lang='lat' dir='ltr'><strong>sacerdotali</strong></span> 
     </span>
    </p>
   </div>
   <div class='ocr_carea' id='block_1_93' title="bbox 1904 3718 3479 3792">
    <p class='ocr_par' dir='ltr' id='par_1_93' title="bbox 1904 3718 3479 3792">
     <span class='ocr_line' id='line_1_93' title="bbox 1904 3718 3479 3792; baseline 0.004 -21"><span class='ocrx_word' id='word_1_658' title='bbox 1904 3728 2047 3772; x_wconf 78' lang='lat' dir='ltr'><strong>CtBlll</strong></span> <span class='ocrx_word' id='word_1_659' title='bbox 2080 3718 2323 3785; x_wconf 89' lang='lat' dir='ltr'><strong>ejiciunt,</strong></span> <span class='ocrx_word' id='word_1_660' title='bbox 2353 3719 2457 3772; x_wconf 86' lang='lat' dir='ltr'><strong>alia</strong></span> <span class='ocrx_word' id='word_1_661' title='bbox 2493 3723 2759 3788; x_wconf 68' lang='lat' dir='ltr'><strong>quaedam,</strong></span> <span class='ocrx_word' id='word_1_662' title='bbox 2795 3721 3223 3792; x_wconf 85' lang='lat' dir='ltr'><strong>nominatimque</strong></span> <span class='ocrx_word' id='word_1_663' title='bbox 3261 3738 3326 3778; x_wconf 89' lang='lat' dir='ltr'><strong>ea</strong></span> <span class='ocrx_word' id='word_1_664' title='bbox 3357 3739 3479 3792; x_wconf 71' lang='lat' dir='ltr'><strong>quae</strong></span> 
     </span>
    </p>
   </div>
   <div class='ocr_carea' id='block_1_94' title="bbox 1906 3811 3482 3885">
    <p class='ocr_par' dir='ltr' id='par_1_94' title="bbox 1906 3811 3482 3885">
     <span class='ocr_line' id='line_1_94' title="bbox 1906 3811 3482 3885; baseline 0.003 -22"><span class='ocrx_word' id='word_1_665' title='bbox 1906 3811 1958 3864; x_wconf 89' lang='lat' dir='ltr'><strong>in</strong></span> <span class='ocrx_word' id='word_1_666' title='bbox 2002 3818 2152 3864; x_wconf 79' lang='lat' dir='ltr'><strong>sexta</strong></span> <span class='ocrx_word' id='word_1_667' title='bbox 2190 3811 2527 3865; x_wconf 70' lang='lat' dir='ltr'><strong>meumenica</strong></span> <span class='ocrx_word' id='word_1_668' title='bbox 2570 3813 2779 3883; x_wconf 85' lang='lat' dir='ltr'><strong>synodo</strong></span> <span class='ocrx_word' id='word_1_669' title='bbox 2819 3811 3091 3877; x_wconf 87' lang='lat' dir='ltr'><strong>feruntur,</strong></span> <span class='ocrx_word' id='word_1_670' title='bbox 3127 3815 3288 3869; x_wconf 90' lang='lat' dir='ltr'><strong>sicuti</strong></span> <span class='ocrx_word' id='word_1_671' title='bbox 3321 3830 3482 3885; x_wconf 82' lang='lat' dir='ltr'><strong>appa-</strong></span> 
     </span>
    </p>
   </div>
   <div class='ocr_carea' id='block_1_95' title="bbox 1907 3899 3479 3970">
    <p class='ocr_par' dir='ltr' id='par_1_95' title="bbox 1907 3899 3479 3970">
     <span class='ocr_line' id='line_1_95' title="bbox 1907 3899 3479 3970; baseline 0.004 -19"><span class='ocrx_word' id='word_1_672' title='bbox 1907 3909 1988 3953; x_wconf 90' lang='lat' dir='ltr'><strong>ret</strong></span> <span class='ocrx_word' id='word_1_673' title='bbox 2017 3914 2079 3953; x_wconf 82' lang='lat' dir='ltr'><strong>ex</strong></span> <span class='ocrx_word' id='word_1_674' title='bbox 2116 3900 2368 3970; x_wconf 85' lang='lat' dir='ltr'><strong>synodica</strong></span> <span class='ocrx_word' id='word_1_675' title='bbox 2397 3899 2626 3969; x_wconf 89' lang='lat' dir='ltr'><strong>epistola</strong></span> <span class='ocrx_word' id='word_1_676' title='bbox 2668 3900 2972 3970; x_wconf 80' lang='lat' dir='ltr'><strong>Agathonis</strong></span> <span class='ocrx_word' id='word_1_677' title='bbox 3017 3900 3203 3957; x_wconf 63' lang='lat' dir='ltr'><strong>Romae</strong></span> <span class='ocrx_word' id='word_1_678' title='bbox 3248 3905 3479 3958; x_wconf 86' lang='lat' dir='ltr'><strong>senioris</strong></span> 
     </span>
    </p>
   </div>
   <div class='ocr_carea' id='block_1_96' title="bbox 1906 3990 3479 4062">
    <p class='ocr_par' dir='ltr' id='par_1_96' title="bbox 1906 3990 3479 4062">
     <span class='ocr_line' id='line_1_96' title="bbox 1906 3990 3479 4062; baseline 0.005 -19"><span class='ocrx_word' id='word_1_679' title='bbox 1906 4006 2088 4061; x_wconf 68' lang='lat' dir='ltr'><strong>papae,</strong></span> <span class='ocrx_word' id='word_1_680' title='bbox 2135 4006 2254 4060; x_wconf 69' lang='lat' dir='ltr'><strong>qua:</strong></span> <span class='ocrx_word' id='word_1_681' title='bbox 2304 3990 2377 4045; x_wconf 90' lang='lat' dir='ltr'><strong>ita</strong></span> <span class='ocrx_word' id='word_1_682' title='bbox 2409 3991 2593 4047; x_wconf 87' lang='lat' dir='ltr'><strong>habet.</strong></span> <span class='ocrx_word' id='word_1_683' title='bbox 2648 4011 2665 4043; x_wconf 84' lang='grc' dir='ltr'><strong>ι</strong></span> <span class='ocrx_word' id='word_1_684' title='bbox 2703 3993 2976 4061; x_wconf 82' lang='lat' dir='ltr'><strong>Quotquot</strong></span> <span class='ocrx_word' id='word_1_685' title='bbox 3023 3996 3368 4062; x_wconf 86' lang='lat' dir='ltr'><strong>sacerdotes,</strong></span> <span class='ocrx_word' id='word_1_686' title='bbox 3414 4012 3479 4051; x_wconf 86' lang='lat' dir='ltr'><strong>ea</strong></span> 
     </span>
    </p>
   </div>
   <div class='ocr_carea' id='block_1_97' title="bbox 1906 4082 3651 4164">
    <p class='ocr_par' dir='ltr' id='par_1_97' title="bbox 1906 4082 3651 4164">
     <span class='ocr_line' id='line_1_97' title="bbox 1906 4082 3651 4164; baseline 0.007 -29"><span class='ocrx_word' id='word_1_687' title='bbox 1906 4096 2024 4150; x_wconf 65' lang='lat' dir='ltr'><strong>qua;</strong></span> <span class='ocrx_word' id='word_1_688' title='bbox 2052 4082 2103 4135; x_wconf 94' lang='lat' dir='ltr'><strong>in</strong></span> <span class='ocrx_word' id='word_1_689' title='bbox 2136 4090 2337 4137; x_wconf 69' lang='lat' dir='ltr'><strong>nostra:</strong></span> <span class='ocrx_word' id='word_1_690' title='bbox 2369 4082 2688 4138; x_wconf 89' lang='lat' dir='ltr'><strong>humilitatis</strong></span> <span class='ocrx_word' id='word_1_691' title='bbox 2731 4084 3074 4139; x_wconf 88' lang='lat' dir='ltr'><strong>confessione</strong></span> <span class='ocrx_word' id='word_1_692' title='bbox 3103 4088 3477 4155; x_wconf 83' lang='lat' dir='ltr'><strong>continentur,</strong></span> <span class='ocrx_word' id='word_1_693' title='bbox 3540 4144 3543 4147; x_wconf 44' lang='grc' dir='ltr'>η</span> <span class='ocrx_word' id='word_1_694' title='bbox 3637 4154 3651 4164; x_wconf 29' lang='grc' dir='ltr'><em>κ</em></span> 
     </span>
    </p>
   </div>
   <div class='ocr_carea' id='block_1_98' title="bbox 1906 4175 3480 4244">
    <p class='ocr_par' dir='ltr' id='par_1_98' title="bbox 1906 4175 3480 4244">
     <span class='ocr_line' id='line_1_98' title="bbox 1906 4175 3480 4244; baseline 0.004 -16"><span class='ocrx_word' id='word_1_695' title='bbox 1906 4176 2187 4230; x_wconf 88' lang='lat' dir='ltr'><strong>nobiscum</strong></span> <span class='ocrx_word' id='word_1_696' title='bbox 2213 4175 2424 4230; x_wconf 90' lang='lat' dir='ltr'><strong>sincere</strong></span> <span class='ocrx_word' id='word_1_697' title='bbox 2453 4177 2747 4244; x_wconf 77' lang='lat' dir='ltr'><strong>praedicare</strong></span> <span class='ocrx_word' id='word_1_698' title='bbox 2770 4177 3035 4232; x_wconf 88' lang='lat' dir='ltr'><strong>voluerint</strong></span> <span class='ocrx_word' id='word_1_699' title='bbox 3061 4178 3205 4233; x_wconf 90' lang='lat' dir='ltr'><strong>circa</strong></span> <span class='ocrx_word' id='word_1_700' title='bbox 3234 4190 3480 4235; x_wconf 88' lang='lat' dir='ltr'><strong>nostram</strong></span> 
     </span>
    </p>
   </div>
   <div class='ocr_carea' id='block_1_99' title="bbox 1906 4265 3482 4336">
    <p class='ocr_par' dir='ltr' id='par_1_99' title="bbox 1906 4265 3482 4336">
     <span class='ocr_line' id='line_1_99' title="bbox 1906 4265 3482 4336; baseline 0.006 -21"><span class='ocrx_word' id='word_1_701' title='bbox 1906 4265 2254 4333; x_wconf 89' lang='lat' dir='ltr'><strong>apostolicam</strong></span> <span class='ocrx_word' id='word_1_702' title='bbox 2281 4266 2440 4322; x_wconf 81' lang='lat' dir='ltr'><strong>fidem</strong></span> <span class='ocrx_word' id='word_1_703' title='bbox 2466 4282 2481 4331; x_wconf 94' lang='lat'><strong>;</strong></span> <span class='ocrx_word' id='word_1_704' title='bbox 2510 4268 2606 4321; x_wconf 90' lang='lat' dir='ltr'><strong>hos</strong></span> <span class='ocrx_word' id='word_1_705' title='bbox 2630 4276 2687 4321; x_wconf 92' lang='lat' dir='ltr'><strong>ut</strong></span> <span class='ocrx_word' id='word_1_706' title='bbox 2718 4281 2905 4336; x_wconf 90' lang='lat' dir='ltr'><strong>parem</strong></span> <span class='ocrx_word' id='word_1_707' title='bbox 2933 4277 3131 4323; x_wconf 63' lang='lat' dir='ltr'><strong>nostra;</strong></span> <span class='ocrx_word' id='word_1_708' title='bbox 3156 4270 3482 4325; x_wconf 85' lang='lat' dir='ltr'><strong>sententiam</strong></span> 
     </span>
    </p>
   </div>
   <div class='ocr_carea' id='block_1_100' title="bbox 1907 4357 3489 4429">
    <p class='ocr_par' dir='ltr' id='par_1_100' title="bbox 1907 4357 3489 4429">
     <span class='ocr_line' id='line_1_100' title="bbox 1907 4357 3489 4429; baseline 0.004 -21"><span class='ocrx_word' id='word_1_709' title='bbox 1907 4365 2155 4423; x_wconf 73' lang='lat' dir='ltr'><strong>gerentes</strong></span> <span class='ocrx_word' id='word_1_710' title='bbox 2175 4396 2193 4419; x_wconf 91' lang='lat'><strong>,</strong></span> <span class='ocrx_word' id='word_1_711' title='bbox 2218 4357 2636 4411; x_wconf 87' lang='lat' dir='ltr'><strong>consacerdotes</strong></span> <span class='ocrx_word' id='word_1_712' title='bbox 2658 4398 2672 4421; x_wconf 91' lang='lat'><strong>,</strong></span> <span class='ocrx_word' id='word_1_713' title='bbox 2702 4366 2755 4412; x_wconf 90' lang='lat' dir='ltr'><strong>et</strong></span> <span class='ocrx_word' id='word_1_714' title='bbox 2781 4358 3185 4412; x_wconf 85' lang='lat' dir='ltr'><strong>comministros</strong></span> <span class='ocrx_word' id='word_1_715' title='bbox 3204 4398 3218 4423; x_wconf 89' lang='lat'><strong>,</strong></span> <span class='ocrx_word' id='word_1_716' title='bbox 3251 4369 3305 4414; x_wconf 90' lang='lat' dir='ltr'><strong>et</strong></span> <span class='ocrx_word' id='word_1_717' title='bbox 3334 4360 3454 4429; x_wconf 88' lang='lat' dir='ltr'><strong>ejus</strong></span> <span class='ocrx_word' id='word_1_718' title='bbox 3480 4390 3489 4404; x_wconf 82' lang='lat'><strong>-</strong></span> 
     </span>
    </p>
   </div>
   <div class='ocr_carea' id='block_1_101' title="bbox 1908 4444 3479 4517">
    <p class='ocr_par' dir='ltr' id='par_1_101' title="bbox 1908 4444 3479 4517">
     <span class='ocr_line' id='line_1_101' title="bbox 1908 4444 3479 4517; baseline 0.006 -22"><span class='ocrx_word' id='word_1_719' title='bbox 1908 4444 2028 4500; x_wconf 89' lang='lat' dir='ltr'><strong>dem</strong></span> <span class='ocrx_word' id='word_1_720' title='bbox 2064 4445 2189 4500; x_wconf 82' lang='lat' dir='ltr'><strong>fidei</strong></span> <span class='ocrx_word' id='word_1_721' title='bbox 2218 4457 2535 4513; x_wconf 81' lang='lat' dir='ltr'><strong>consortes;</strong></span> <span class='ocrx_word' id='word_1_722' title='bbox 2579 4456 2739 4517; x_wconf 89' lang='lat' dir='ltr'><strong>atque</strong></span> <span class='ocrx_word' id='word_1_723' title='bbox 2772 4456 2831 4502; x_wconf 91' lang='lat' dir='ltr'><strong>ut</strong></span> <span class='ocrx_word' id='word_1_724' title='bbox 2860 4449 3184 4516; x_wconf 83' lang='lat' dir='ltr'><strong>simpliciter</strong></span> <span class='ocrx_word' id='word_1_725' title='bbox 3216 4453 3479 4517; x_wconf 83' lang='lat' dir='ltr'><strong>dicamus,</strong></span> 
     </span>
    </p>
   </div>
   <div class='ocr_carea' id='block_1_102' title="bbox 1909 4537 3482 4611">
    <p class='ocr_par' dir='ltr' id='par_1_102' title="bbox 1909 4537 3482 4611">
     <span class='ocr_line' id='line_1_102' title="bbox 1909 4537 3482 4611; baseline 0.006 -23"><span class='ocrx_word' id='word_1_726' title='bbox 1909 4548 1964 4589; x_wconf 92' lang='lat' dir='ltr'><strong>ut</strong></span> <span class='ocrx_word' id='word_1_727' title='bbox 1991 4537 2265 4606; x_wconf 88' lang='lat' dir='ltr'><strong>spiritales</strong></span> <span class='ocrx_word' id='word_1_728' title='bbox 2286 4537 2480 4593; x_wconf 86' lang='lat' dir='ltr'><strong>fratres</strong></span> <span class='ocrx_word' id='word_1_729' title='bbox 2495 4549 2547 4593; x_wconf 91' lang='lat' dir='ltr'><strong>et</strong></span> <span class='ocrx_word' id='word_1_730' title='bbox 2570 4540 2918 4607; x_wconf 88' lang='lat' dir='ltr'><strong>coepiscopos</strong></span> <span class='ocrx_word' id='word_1_731' title='bbox 2933 4550 3151 4596; x_wconf 89' lang='lat' dir='ltr'><strong>nostros</strong></span> <span class='ocrx_word' id='word_1_732' title='bbox 3170 4544 3482 4611; x_wconf 84' lang='lat' dir='ltr'><strong>recipimus.</strong></span> 
     </span>
    </p>
   </div>
   <div class='ocr_carea' id='block_1_103' title="bbox 1915 4628 3488 4699">
    <p class='ocr_par' dir='ltr' id='par_1_103' title="bbox 1915 4628 3488 4699">
     <span class='ocr_line' id='line_1_103' title="bbox 1915 4628 3488 4699; baseline 0.006 -18"><span class='ocrx_word' id='word_1_733' title='bbox 1915 4628 2017 4683; x_wconf 80' lang='lat' dir='ltr'><strong>Eos</strong></span> <span class='ocrx_word' id='word_1_734' title='bbox 2054 4643 2175 4682; x_wconf 59' lang='lat' dir='ltr'><strong>me</strong></span> <span class='ocrx_word' id='word_1_735' title='bbox 2220 4631 2304 4693; x_wconf 49' lang='lat' dir='ltr'><strong>qui</strong></span> <span class='ocrx_word' id='word_1_736' title='bbox 2341 4630 2413 4683; x_wconf 86' lang='lat' dir='ltr'><strong>ita</strong></span> <span class='ocrx_word' id='word_1_737' title='bbox 2453 4630 2699 4686; x_wconf 82' lang='lat' dir='ltr'><strong>confiteri</strong></span> <span class='ocrx_word' id='word_1_738' title='bbox 2732 4632 2957 4699; x_wconf 87' lang='lat' dir='ltr'><strong>nolunt,</strong></span> <span class='ocrx_word' id='word_1_739' title='bbox 2986 4648 3083 4688; x_wconf 88' lang='lat' dir='ltr'><strong>ceu</strong></span> <span class='ocrx_word' id='word_1_740' title='bbox 3118 4635 3401 4690; x_wconf 82' lang='lat' dir='ltr'><strong>catholicae</strong></span> <span class='ocrx_word' id='word_1_741' title='bbox 3430 4647 3488 4691; x_wconf 83' lang='lat' dir='ltr'><strong>et</strong></span> 
     </span>
    </p>
   </div>
   <div class='ocr_carea' id='block_1_104' title="bbox 1914 4721 3488 4791">
    <p class='ocr_par' dir='ltr' id='par_1_104' title="bbox 1914 4721 3488 4791">
     <span class='ocr_line' id='line_1_104' title="bbox 1914 4721 3488 4791; baseline 0.007 -18"><span class='ocrx_word' id='word_1_742' title='bbox 1914 4721 2218 4789; x_wconf 67' lang='lat' dir='ltr'><strong>apostolica:</strong></span> <span class='ocrx_word' id='word_1_743' title='bbox 2241 4723 2604 4779; x_wconf 83' lang='lat' dir='ltr'><strong>confessionis</strong></span> <span class='ocrx_word' id='word_1_744' title='bbox 2636 4727 2814 4781; x_wconf 82' lang='lat' dir='ltr'><strong>hostes</strong></span> <span class='ocrx_word' id='word_1_745' title='bbox 2841 4764 2855 4791; x_wconf 86' lang='lat'><strong>,</strong></span> <span class='ocrx_word' id='word_1_746' title='bbox 2882 4737 3099 4781; x_wconf 80' lang='lat' dir='ltr'><strong>aeternae</strong></span> <span class='ocrx_word' id='word_1_747' title='bbox 3120 4729 3488 4784; x_wconf 76' lang='lat' dir='ltr'><strong>datttnationis</strong></span> 
     </span>
    </p>
   </div>
   <div class='ocr_carea' id='block_1_105' title="bbox 1916 4816 3590 4888">
    <p class='ocr_par' dir='ltr' id='par_1_105' title="bbox 1916 4816 3590 4888">
     <span class='ocr_line' id='line_1_105' title="bbox 1916 4816 3590 4888; baseline 0.004 -19"><span class='ocrx_word' id='word_1_748' title='bbox 1916 4830 2039 4869; x_wconf 89' lang='lat' dir='ltr'><strong>reos</strong></span> <span class='ocrx_word' id='word_1_749' title='bbox 2065 4832 2184 4871; x_wconf 87' lang='lat' dir='ltr'><strong>esse</strong></span> <span class='ocrx_word' id='word_1_750' title='bbox 2202 4816 2530 4885; x_wconf 87' lang='lat' dir='ltr'><strong>judicamus.</strong></span> <span class='ocrx_word' id='word_1_751' title='bbox 2578 4819 2762 4887; x_wconf 80' lang='lat' dir='ltr'><strong>Neque</strong></span> <span class='ocrx_word' id='word_1_752' title='bbox 2794 4821 2888 4872; x_wconf 87' lang='lat' dir='ltr'><strong>hos</strong></span> <span class='ocrx_word' id='word_1_753' title='bbox 2918 4836 3152 4888; x_wconf 84' lang='lat' dir='ltr'><strong>unquam</strong></span> <span class='ocrx_word' id='word_1_754' title='bbox 3183 4824 3250 4876; x_wconf 87' lang='lat' dir='ltr'><strong>ad</strong></span> <span class='ocrx_word' id='word_1_755' title='bbox 3289 4832 3487 4876; x_wconf 81' lang='lat' dir='ltr'><strong>nostra:</strong></span> <span class='ocrx_word' id='word_1_756' title='bbox 3584 4857 3590 4865; x_wconf 89' lang='lat'><strong><em>-</em></strong></span> 
     </span>
    </p>
   </div>
   <div class='ocr_carea' id='block_1_106' title="bbox 1916 4907 3488 4977">
    <p class='ocr_par' dir='ltr' id='par_1_106' title="bbox 1916 4907 3488 4977">
     <span class='ocr_line' id='line_1_106' title="bbox 1916 4907 3488 4977; baseline 0.006 -19"><span class='ocrx_word' id='word_1_757' title='bbox 1916 4907 2235 4962; x_wconf 89' lang='lat' dir='ltr'><strong>humilitatis</strong></span> <span class='ocrx_word' id='word_1_758' title='bbox 2276 4910 2652 4972; x_wconf 79' lang='lat' dir='ltr'><strong>consortium,</strong></span> <span class='ocrx_word' id='word_1_759' title='bbox 2708 4912 2808 4964; x_wconf 86' lang='lat' dir='ltr'><strong>nisi</strong></span> <span class='ocrx_word' id='word_1_760' title='bbox 2849 4913 3199 4977; x_wconf 87' lang='lat' dir='ltr'><strong>emendatos,</strong></span> <span class='ocrx_word' id='word_1_761' title='bbox 3231 4914 3488 4967; x_wconf 86' lang='lat' dir='ltr'><strong>admitte-</strong></span> 
     </span>
    </p>
   </div>
   <div class='ocr_carea' id='block_1_107' title="bbox 1916 4996 3484 5075">
    <p class='ocr_par' dir='ltr' id='par_1_107' title="bbox 1916 4996 3484 5075">
     <span class='ocr_line' id='line_1_107' title="bbox 1916 4996 3484 5075; baseline 0.004 -26"><span class='ocrx_word' id='word_1_762' title='bbox 1916 5012 2053 5051; x_wconf 83' lang='lat' dir='ltr'><strong>Inus.</strong></span> <span class='ocrx_word' id='word_1_763' title='bbox 2091 4996 2279 5068; x_wconf 87' lang='lat' dir='ltr'><strong>Neque</strong></span> <span class='ocrx_word' id='word_1_764' title='bbox 2325 5015 2454 5055; x_wconf 81' lang='lat' dir='ltr'><strong>vero</strong></span> <span class='ocrx_word' id='word_1_765' title='bbox 2503 5003 2776 5071; x_wconf 76' lang='lat' dir='ltr'><strong>quispiam</strong></span> <span class='ocrx_word' id='word_1_766' title='bbox 2831 5014 3009 5070; x_wconf 89' lang='lat' dir='ltr'><strong>putet,</strong></span> <span class='ocrx_word' id='word_1_767' title='bbox 3051 5020 3150 5058; x_wconf 85' lang='lat' dir='ltr'><strong>nos</strong></span> <span class='ocrx_word' id='word_1_768' title='bbox 3190 5005 3484 5075; x_wconf 87' lang='lat' dir='ltr'><strong>quidquam</strong></span> 
     </span>
    </p>
   </div>
   <div class='ocr_carea' id='block_1_108' title="bbox 1916 5093 3485 5162">
    <p class='ocr_par' dir='ltr' id='par_1_108' title="bbox 1916 5093 3485 5162">
     <span class='ocr_line' id='line_1_108' title="bbox 1916 5093 3485 5162; baseline 0.005 -23"><span class='ocrx_word' id='word_1_769' title='bbox 1916 5101 2101 5140; x_wconf 84' lang='lat' dir='ltr'><strong>eorum</strong></span> <span class='ocrx_word' id='word_1_770' title='bbox 2152 5093 2455 5160; x_wconf 68' lang='lat' dir='ltr'><strong>transgredi</strong></span> <span class='ocrx_word' id='word_1_771' title='bbox 2483 5134 2498 5156; x_wconf 90' lang='lat'><strong>,</strong></span> <span class='ocrx_word' id='word_1_772' title='bbox 2530 5109 2646 5162; x_wconf 76' lang='lat' dir='ltr'><strong>qum</strong></span> <span class='ocrx_word' id='word_1_773' title='bbox 2690 5113 2717 5145; x_wconf 89' lang='lat' dir='ltr'><strong>a</strong></span> <span class='ocrx_word' id='word_1_774' title='bbox 2756 5094 3053 5162; x_wconf 82' lang='lat' dir='ltr'><strong>majoribus</strong></span> <span class='ocrx_word' id='word_1_775' title='bbox 3103 5096 3301 5150; x_wconf 81' lang='lat' dir='ltr'><strong>tradita</strong></span> <span class='ocrx_word' id='word_1_776' title='bbox 3333 5109 3485 5150; x_wconf 76' lang='lat' dir='ltr'><strong>aecn-</strong></span> 
     </span>
    </p>
   </div>
   <div class='ocr_carea' id='block_1_109' title="bbox 1915 5191 2169 5243">
    <p class='ocr_par' dir='ltr' id='par_1_109' title="bbox 1915 5191 2169 5243">
     <span class='ocr_line' id='line_1_109' title="bbox 1915 5191 2169 5243; baseline -0.008 -14"><span class='ocrx_word' id='word_1_777' title='bbox 1915 5191 2113 5243; x_wconf 90' lang='lat' dir='ltr'><strong>ptmus.</strong></span> <span class='ocrx_word' id='word_1_778' title='bbox 2152 5196 2169 5227; x_wconf 71' lang='grc' dir='ltr'><strong>ι</strong></span> 
     </span>
    </p>
   </div>
   <div class='ocr_carea' id='block_1_110' title="bbox 1686 5268 3485 5353">
    <p class='ocr_par' dir='ltr' id='par_1_110' title="bbox 1686 5268 3485 5353">
     <span class='ocr_line' id='line_1_110' title="bbox 1686 5268 3485 5353; baseline 0.011 -35"><span class='ocrx_word' id='word_1_779' title='bbox 1686 5268 1820 5338; x_wconf 83' lang='grc' dir='ltr'><strong>μηδὲ</strong></span> <span class='ocrx_word' id='word_1_780' title='bbox 1862 5272 2176 5341; x_wconf 80' lang='grc' dir='ltr'><strong>παραϐῆναι</strong></span> <span class='ocrx_word' id='word_1_781' title='bbox 2216 5276 2364 5343; x_wconf 81' lang='grc' dir='ltr'><strong>ἡμᾶς</strong></span> <span class='ocrx_word' id='word_1_782' title='bbox 2394 5293 2477 5339; x_wconf 72' lang='grc' dir='ltr'><strong>τις</strong></span> <span class='ocrx_word' id='word_1_783' title='bbox 2541 5278 2600 5340; x_wconf 76' lang='grc' dir='ltr'><strong>ἐξ</strong></span> <span class='ocrx_word' id='word_1_784' title='bbox 2632 5278 2809 5331; x_wconf 82' lang='grc' dir='ltr'><strong>αὐτῶν</strong></span> <span class='ocrx_word' id='word_1_785' title='bbox 2873 5279 3165 5343; x_wconf 80' lang='grc' dir='ltr'><strong>ὑπολάϐοι,</strong></span> <span class='ocrx_word' id='word_1_786' title='bbox 3196 5283 3333 5350; x_wconf 76' lang='grc' dir='ltr'><strong>ὅπερ</strong></span> <span class='ocrx_word' id='word_1_787' title='bbox 3354 5299 3485 5353; x_wconf 60' lang='grc' dir='ltr'><strong>προσ</strong></span> 
     </span>
    </p>
   </div>
   <div class='ocr_carea' id='block_1_111' title="bbox 281 5477 1814 5554">
    <p class='ocr_par' dir='ltr' id='par_1_111' title="bbox 281 5477 1814 5554">
     <span class='ocr_line' id='line_1_111' title="bbox 281 5477 1814 5554; baseline -0.003 -17"><span class='ocrx_word' id='word_1_788' title='bbox 281 5484 382 5554; x_wconf 81' lang='grc' dir='ltr'><strong>(ο)</strong></span> <span class='ocrx_word' id='word_1_789' title='bbox 422 5480 609 5554; x_wconf 75' lang='lat' dir='ltr'><strong>Exstat</strong></span> <span class='ocrx_word' id='word_1_790' title='bbox 636 5481 749 5554; x_wconf 67' lang='lat' dir='ltr'><strong>hanc</strong></span> <span class='ocrx_word' id='word_1_791' title='bbox 781 5479 1007 5554; x_wconf 84' lang='lat' dir='ltr'><strong>formula</strong></span> <span class='ocrx_word' id='word_1_792' title='bbox 1046 5479 1235 5554; x_wconf 63' lang='lat' dir='ltr'><strong>iisdetn</strong></span> <span class='ocrx_word' id='word_1_793' title='bbox 1272 5477 1587 5546; x_wconf 88' lang='lat' dir='ltr'><strong>plerumque</strong></span> <span class='ocrx_word' id='word_1_794' title='bbox 1634 5480 1814 5533; x_wconf 80' lang='lat' dir='ltr'><strong>verbis</strong></span> 
     </span>
    </p>
   </div>
   <div class='ocr_carea' id='block_1_112' title="bbox 196 5548 1179 5623">
    <p class='ocr_par' dir='ltr' id='par_1_112' title="bbox 196 5548 1179 5623">
     <span class='ocr_line' id='line_1_112' title="bbox 196 5548 1179 5623; baseline -0.014 -10"><span class='ocrx_word' id='word_1_795' title='bbox 196 5562 260 5613; x_wconf 82' lang='lat' dir='ltr'><strong>in</strong></span> <span class='ocrx_word' id='word_1_796' title='bbox 283 5548 514 5623; x_wconf 59' lang='lat' dir='ltr'><strong>synodo</strong></span> <span class='ocrx_word' id='word_1_797' title='bbox 550 5550 666 5603; x_wconf 70' lang='lat' dir='ltr'><strong>Nic.</strong></span> <span class='ocrx_word' id='word_1_798' title='bbox 687 5551 771 5604; x_wconf 88' lang='lat' dir='ltr'><strong>ed.</strong></span> <span class='ocrx_word' id='word_1_799' title='bbox 805 5550 945 5623; x_wconf 77' lang='lat' dir='ltr'><strong>l.ab._</strong></span> <span class='ocrx_word' id='word_1_800' title='bbox 970 5567 1029 5623; x_wconf 86' lang='lat' dir='ltr'><strong>p_._</strong></span> <span class='ocrx_word' id='word_1_801' title='bbox 1054 5548 1179 5601; x_wconf 79' lang='lat'><strong>575.</strong></span> 
     </span>
    </p>
   </div>
   <div class='ocr_carea' id='block_1_113' title="bbox 286 5615 1815 5694">
    <p class='ocr_par' dir='ltr' id='par_1_113' title="bbox 286 5615 1815 5694">
     <span class='ocr_line' id='line_1_113' title="bbox 286 5615 1815 5694; baseline -0.004 -22"><span class='ocrx_word' id='word_1_802' title='bbox 286 5615 504 5694; x_wconf 54' lang='lat' dir='ltr'><strong>(indta</strong></span> <span class='ocrx_word' id='word_1_803' title='bbox 530 5632 584 5672; x_wconf 90' lang='lat' dir='ltr'><strong>et</strong></span> <span class='ocrx_word' id='word_1_804' title='bbox 626 5636 747 5673; x_wconf 82' lang='lat' dir='ltr'><strong>tunx</strong></span> <span class='ocrx_word' id='word_1_805' title='bbox 770 5635 889 5694; x_wconf 82' lang='lat' dir='ltr'><strong>cap.</strong></span> <span class='ocrx_word' id='word_1_806' title='bbox 919 5615 1208 5694; x_wconf 30' lang='lat' dir='ltr'><strong>9.’llea_p_se</strong></span> <span class='ocrx_word' id='word_1_807' title='bbox 1235 5617 1505 5694; x_wconf 63' lang='lat' dir='ltr'><strong>recusavit</strong></span> <span class='ocrx_word' id='word_1_808' title='bbox 1542 5615 1815 5694; x_wconf 75' lang='lat' dir='ltr'><strong>Nicepho-</strong></span> 
     </span>
    </p>
   </div>
   <div class='ocr_carea' id='block_1_114' title="bbox 195 5685 1811 5758">
    <p class='ocr_par' dir='ltr' id='par_1_114' title="bbox 195 5685 1811 5758">
     <span class='ocr_line' id='line_1_114' title="bbox 195 5685 1811 5758; baseline 0.004 -6"><span class='ocrx_word' id='word_1_809' title='bbox 195 5685 327 5753; x_wconf 73' lang='grc' dir='ltr'><strong>1·υέ</strong></span> <span class='ocrx_word' id='word_1_810' title='bbox 352 5685 642 5758; x_wconf 79' lang='lat' dir='ltr'><strong>disputare</strong></span> <span class='ocrx_word' id='word_1_811' title='bbox 667 5705 787 5742; x_wconf 88' lang='lat' dir='ltr'><strong>cum</strong></span> <span class='ocrx_word' id='word_1_812' title='bbox 817 5685 1206 5741; x_wconf 82' lang='lat' dir='ltr'><strong>Iconomachis.</strong></span> <span class='ocrx_word' id='word_1_813' title='bbox 1230 5685 1424 5758; x_wconf 66' lang='lat' dir='ltr'><strong>(lgIIjH-</strong></span> <span class='ocrx_word' id='word_1_814' title='bbox 1443 5687 1582 5739; x_wconf 64' lang='lat' dir='ltr'><strong>diﬂc-</strong></span> <span class='ocrx_word' id='word_1_815' title='bbox 1610 5689 1664 5739; x_wconf 74' lang='lat' dir='ltr'><strong>i“</strong></span> <span class='ocrx_word' id='word_1_816' title='bbox 1698 5686 1811 5739; x_wconf 62' lang='lat' dir='ltr'><strong>Vi”</strong></span> 
     </span>
    </p>
   </div>
   <div class='ocr_carea' id='block_1_115' title="bbox 194 5755 1810 5833">
    <p class='ocr_par' dir='ltr' id='par_1_115' title="bbox 194 5755 1810 5833">
     <span class='ocr_line' id='line_1_115' title="bbox 194 5755 1810 5833; baseline -0.002 -20"><span class='ocrx_word' id='word_1_817' title='bbox 194 5776 338 5833; x_wconf 64' lang='grc' dir='ltr'><strong>ειυς</strong></span> <span class='ocrx_word' id='word_1_818' title='bbox 390 5755 513 5833; x_wconf 70' lang='lat' dir='ltr'><strong>cap.</strong></span> <span class='ocrx_word' id='word_1_819' title='bbox 541 5762 594 5818; x_wconf 82' lang='lat' dir='ltr'><strong>ti.</strong></span> <span class='ocrx_word' id='word_1_820' title='bbox 628 5758 725 5821; x_wconf 64' lang='lat' dir='ltr'><strong>4t;</strong></span> <span class='ocrx_word' id='word_1_821' title='bbox 754 5758 1023 5833; x_wconf 37' lang='grc' dir='ltr'><strong>Δ(ξι-9η5ιός</strong></span> <span class='ocrx_word' id='word_1_822' title='bbox 1054 5758 1144 5833; x_wconf 54' lang='grc' dir='ltr'><strong>ιθ,</strong></span> <span class='ocrx_word' id='word_1_823' title='bbox 1179 5758 1292 5833; x_wconf 72' lang='lat' dir='ltr'><strong>tit.)</strong></span> <span class='ocrx_word' id='word_1_824' title='bbox 1338 5755 1413 5811; x_wconf 83' lang='lat' dir='ltr'><strong>De</strong></span> <span class='ocrx_word' id='word_1_825' title='bbox 1466 5758 1714 5825; x_wconf 80' lang='lat' dir='ltr'><strong>dogmate</strong></span> <span class='ocrx_word' id='word_1_826' title='bbox 1760 5760 1810 5811; x_wconf 90' lang='lat' dir='ltr'><strong>in</strong></span> 
     </span>
    </p>
   </div>
   <div class='ocr_carea' id='block_1_116' title="bbox 194 5827 1272 5894">
    <p class='ocr_par' dir='ltr' id='par_1_116' title="bbox 194 5827 1272 5894">
     <span class='ocr_line' id='line_1_116' title="bbox 194 5827 1272 5894; baseline -0.01 -6"><span class='ocrx_word' id='word_1_827' title='bbox 194 5827 588 5892; x_wconf 64' lang='lat' dir='ltr'><strong>écumcnirts</strong></span> <span class='ocrx_word' id='word_1_828' title='bbox 616 5829 855 5881; x_wconf 71' lang='lat' dir='ltr'><strong>enm-iliis</strong></span> <span class='ocrx_word' id='word_1_829' title='bbox 896 5827 1004 5894; x_wconf 86' lang='lat' dir='ltr'><strong>jam</strong></span> <span class='ocrx_word' id='word_1_830' title='bbox 1035 5828 1272 5879; x_wconf 75' lang='lat' dir='ltr'><strong>definito.</strong></span> 
     </span>
    </p>
   </div>
   <div class='ocr_carea' id='block_1_117' title="bbox 624 5922 3126 6003">
    <p class='ocr_par' dir='ltr' id='par_1_117' title="bbox 624 5922 3126 6003">
     <span class='ocr_line' id='line_1_117' title="bbox 624 5922 3126 6003; baseline 0.002 -21"><span class='ocrx_word' id='word_1_831' title='bbox 624 5922 889 5983; x_wconf 55' lang='lat' dir='ltr'><strong>Panos.</strong></span> <span class='ocrx_word' id='word_1_832' title='bbox 927 5924 1042 5985; x_wconf 69' lang='lat' dir='ltr'><strong>(in.</strong></span> <span class='ocrx_word' id='word_1_833' title='bbox 1077 5922 1145 5982; x_wconf 91' lang='lat' dir='ltr'><strong>C.</strong></span> <span class='ocrx_word' id='word_1_834' title='bbox 1784 6002 1787 6003; x_wconf 16' lang='grc' dir='ltr'><em>ν</em></span> <span class='ocrx_word' id='word_1_835' title='bbox 3053 5928 3126 5989; x_wconf 75' lang='grc' dir='ltr'><strong>2τ</strong></span> 
     </span>
    </p>
   </div>
   <div class='ocr_carea' id='block_1_118' title="bbox 1993 5484 3488 5563">
    <p class='ocr_par' dir='ltr' id='par_1_118' title="bbox 1993 5484 3488 5563">
     <span class='ocr_line' id='line_1_118' title="bbox 1993 5484 3488 5563; baseline 0.009 -29"><span class='ocrx_word' id='word_1_836' title='bbox 1993 5484 2527 5563; x_wconf 30' lang='lat' dir='ltr'><strong>(qlExhcanoni‘bus</strong></span> <span class='ocrx_word' id='word_1_837' title='bbox 2582 5488 2669 5549; x_wconf 80' lang='grc'><strong>11,</strong></span> <span class='ocrx_word' id='word_1_838' title='bbox 2707 5498 2761 5542; x_wconf 92' lang='lat' dir='ltr'><strong>et</strong></span> <span class='ocrx_word' id='word_1_839' title='bbox 2829 5488 3346 5563; x_wconf 68' lang='lat' dir='ltr'><strong>12._Antiocheuis,</strong></span> <span class='ocrx_word' id='word_1_840' title='bbox 3394 5496 3488 5563; x_wconf 65' lang='lat' dir='ltr'><strong>qui</strong></span> 
     </span>
    </p>
   </div>
   <div class='ocr_carea' id='block_1_119' title="bbox 1920 5554 3491 5627">
    <p class='ocr_par' dir='ltr' id='par_1_119' title="bbox 1920 5554 3491 5627">
     <span class='ocr_line' id='line_1_119' title="bbox 1920 5554 3491 5627; baseline 0.01 -21"><span class='ocrx_word' id='word_1_841' title='bbox 1920 5554 2132 5627; x_wconf 68' lang='lat' dir='ltr'><strong>suntin</strong></span> <span class='ocrx_word' id='word_1_842' title='bbox 2190 5554 2392 5627; x_wconf 61' lang='lat' dir='ltr'><strong>Phntii:</strong></span> <span class='ocrx_word' id='word_1_843' title='bbox 2418 5556 2768 5627; x_wconf 58' lang='lat' dir='ltr'><strong>Syutagmate</strong></span> <span class='ocrx_word' id='word_1_844' title='bbox 2808 5561 2948 5627; x_wconf 84' lang='lat' dir='ltr'><strong>apud</strong></span> <span class='ocrx_word' id='word_1_845' title='bbox 2996 5577 3095 5615; x_wconf 87' lang='lat' dir='ltr'><strong>nos</strong></span> <span class='ocrx_word' id='word_1_846' title='bbox 3136 5554 3491 5626; x_wconf 36' lang='lat' dir='ltr'><strong>Spicifrront.</strong></span> 
     </span>
    </p>
   </div>
   <div class='ocr_carea' id='block_1_120' title="bbox 1920 5621 3208 5699">
    <p class='ocr_par' dir='ltr' id='par_1_120' title="bbox 1920 5621 3208 5699">
     <span class='ocr_line' id='line_1_120' title="bbox 1920 5621 3208 5699; baseline 0.007 -24"><span class='ocrx_word' id='word_1_847' title='bbox 1920 5633 1958 5675; x_wconf 88' lang='lat' dir='ltr'><strong>t.</strong></span> <span class='ocrx_word' id='word_1_848' title='bbox 1996 5621 2181 5699; x_wconf 57' lang='lat' dir='ltr'><strong>Yl|._p.</strong></span> <span class='ocrx_word' id='word_1_849' title='bbox 2214 5625 2344 5699; x_wconf 76' lang='grc'><strong>200,</strong></span> <span class='ocrx_word' id='word_1_850' title='bbox 2366 5621 2492 5679; x_wconf 54' lang='grc'><strong>201⁷.</strong></span> <span class='ocrx_word' id='word_1_851' title='bbox 2523 5621 2722 5681; x_wconf 65' lang='grc' dir='ltr'><strong>(ὶιίιιῖιει-</strong></span> <span class='ocrx_word' id='word_1_852' title='bbox 2756 5621 2976 5692; x_wconf 82' lang='lat' dir='ltr'><strong>ibidem,</strong></span> <span class='ocrx_word' id='word_1_853' title='bbox 3009 5646 3060 5699; x_wconf 78' lang='grc' dir='ltr'><strong>ιι.</strong></span> <span class='ocrx_word' id='word_1_854' title='bbox 3088 5621 3208 5683; x_wconf 61' lang='grc'><strong>124.</strong></span> 
     </span>
    </p>
   </div>
   <div class='ocr_carea' id='block_1_121' title="bbox 1992 5693 3493 5812">
    <p class='ocr_par' dir='ltr' id='par_1_121' title="bbox 1992 5693 3493 5812">
     <span class='ocr_line' id='line_1_121' title="bbox 1992 5693 3493 5812; baseline 0.011 -70"><span class='ocrx_word' id='word_1_855' title='bbox 1992 5693 2062 5812; x_wconf 50' lang='lat' dir='ltr'><strong>vl)</strong></span> <span class='ocrx_word' id='word_1_856' title='bbox 2096 5693 2386 5812; x_wconf 46' lang='lat' dir='ltr'><strong>Exitnégatt</strong></span> <span class='ocrx_word' id='word_1_857' title='bbox 2416 5699 2643 5753; x_wconf 86' lang='lat' dir='ltr'><strong>concilio</strong></span> <span class='ocrx_word' id='word_1_858' title='bbox 2679 5708 2836 5752; x_wconf 75' lang='lat' dir='ltr'><strong>sexto</strong></span> <span class='ocrx_word' id='word_1_859' title='bbox 2870 5693 3208 5756; x_wconf 64' lang='lat' dir='ltr'><strong>metit&#39;nenico</strong></span> <span class='ocrx_word' id='word_1_860' title='bbox 3240 5702 3327 5756; x_wconf 89' lang='lat' dir='ltr'><strong>ed.</strong></span> <span class='ocrx_word' id='word_1_861' title='bbox 3362 5701 3493 5760; x_wconf 84' lang='lat' dir='ltr'><strong>Lab.</strong></span> 
     </span>
     <span class='ocr_line' id='line_1_122' title="bbox 2074 5780 2375 5812; baseline 0 0"><span class='ocrx_word' id='word_1_862' title='bbox 2074 5804 2088 5812; x_wconf 88' lang='lat'><strong>.</strong></span> <span class='ocrx_word' id='word_1_863' title='bbox 2118 5780 2180 5812; x_wconf 74' lang='grc' dir='ltr'><strong>ρο</strong></span> <span class='ocrx_word' id='word_1_864' title='bbox 2208 5806 2220 5812; x_wconf 86' lang='grc'><strong>-</strong></span> <span class='ocrx_word' id='word_1_865' title='bbox 2361 5804 2375 5812; x_wconf 93' lang='grc'>.</span> 
     </span>
    </p>
   </div>
   <div class='ocr_carea' id='block_1_122' title="bbox 1919 5763 2375 5833">
    <p class='ocr_par' dir='ltr' id='par_1_122' title="bbox 1919 5763 2375 5833">
     <span class='ocr_line' id='line_1_123' title="bbox 1919 5763 2375 5833; baseline 0.004 -17"><span class='ocrx_word' id='word_1_866' title='bbox 1919 5771 1959 5816; x_wconf 87' lang='grc' dir='ltr'><strong>ι.</strong></span> <span class='ocrx_word' id='word_1_867' title='bbox 1994 5763 2220 5833; x_wconf 46' lang='grc' dir='ltr'><strong>νιιεοι.</strong></span> <span class='ocrx_word' id='word_1_868' title='bbox 2252 5763 2375 5819; x_wconf 85' lang='lat'><strong>690.</strong></span> 
     </span>
    </p>
   </div>
  </div>
