4206 6440
203 441 305 505 845

898 437 1464 500 APOLOGETICUS
1505 435 1753 496 MINOR
1793 434 1940 492 PRO
1975 434 2242 493 SACRIS
2281 434 2763 497 IMAGINIBUS.

3357 436 3462 504 846

206 554 449 624 παθῆσαι
496 551 674 619 αὐτοῖς
725 548 867 619 ὑπὲρ
912 549 1016 618 τῆς
1063 545 1348 608 εὐσεϐείας
1386 543 1604 611 δεήσοι’
1647 545 1819 612 ὃπερί

1908 541 2202 610 ἐιίεἱοιιείη
2261 542 2408 611 ipsos
2459 546 2787 612 Oportuerit;
2848 543 2991 613 quod
3045 547 3262 614 quidem
3313 559 3468 603 aeter-

213 647 358 697 ὲστὶν
401 645 480 706 είς
510 641 775 710 καύχημα
824 638 1067 700 αἰώνιον,
1103 637 1200 690 καὶ
1234 635 1474 705 ψυχικῆς
1508 633 1783 702 σωτηρίας

209 735 465 806 πρόξενον
485 751 496 764 ·
539 735 621 786 ὅτι
647 731 768 784 οὐδὲ
802 728 1129 800 συζητήσεις
1162 727 1289 796 περὶ
1314 723 1422 778 τῶν
1451 723 1612 794 ἱερῶν
1644 723 1787 776 εἰκός

209 846 316 880 νων
371 825 641 879 ποιεῖσθαι
671 824 780 875 δεῖ·
826 821 888 873 οὐ
920 822 1033 890 γὰρ
1086 819 1418 889 προσφάτως
1464 815 1674 886 ἁνεφύη
1727 815 1789 867 τὸ

213 920 344 988 περὶ
382 917 564 970 αὐτῶν
614 916 814 984 δόγμα,
853 912 969 966 ἀλλ’
1021 914 1085 963 ὲκ
1117 900 1372 970 πλείονος
1394 908 1589 977 χρόνου
1621 907 1789 976 ζητη-

212 1012 329 1072 θὲν,
363 1013 460 1079 τὴν
491 1010 731 1079 κύρωσιν
762 1007 912 1077 παρὰ
943 1005 1043 1074 τῆς
1069 1005 1289 1057 συνόδου
1322 1002 1480 1056 ἔλαϐε
1502 1019 1514 1033 ·
1551 1003 1645 1055 καὶ
1680 1002 1790 1054 πᾶν

211 1105 324 1172 γὰρ
350 1102 570 1172 ζήτημα
615 1097 947 1170 δογματικδν
979 1100 1036 1149 ὲν
1066 1099 1134 1167 τῇ
1197 1094 1494 1164 Ἐκκλησία
1519 1092 1614 1146 τοῦ
1654 1090 1789 1145 Θεοῦ

213 1194 476 1260 αναφυὲν,
532 1193 668 1261 μετὰ
725 1189 954 1261 ζήτησιν
1007 1185 1291 1255 συνοδικὴν
1335 1186 1430 1238 καὶ
1482 1183 1793 1252 ἐκφώνησιν

217 1283 521 1341 πέπαυται,
546 1279 876 1350 ἀμφιϐολίαν
905 1277 961 1328 δὲ
983 1276 1080 1345 τὴν
1106 1273 1318 1344 οίανοῦν
1337 1274 1437 1326 οὐκ
1453 1272 1758 1341 ἐπιδέχεται
1777 1286 1792 1301 ⁵

214 1368 394 1433 οὕτως
423 1370 532 1439 γὰρ
562 1372 657 1422 ἐπὶ
689 1368 796 1421 τῶν
841 1366 1046 1420 λοιπῶν
1063 1365 1243 1434 ,ἁγίων
1275 1366 1369 1417 καὶ
1399 1362 1794 1432 οίκουμενικῶν

220 1462 456 1514 συνόδων
485 1461 699 1528 γέγονε.

296 1552 362 1604 θ’.
403 1554 538 1622 Περὶ
563 1551 619 1604 δὲ
646 1552 756 1604 τῶν
778 1551 994 1614 ἀσεϐῶς
1018 1549 1491 1621 δογματισθέντων
1525 1547 1676 1618 παρὰ
1702 1544 1796 1598 τοῦ

220 1643 669 1708 Κωνσταντίνου,
695 1643 877 1705 καλῶς
901 1643 1048 1712 ἔχειν
1077 1643 1227 1698 δοκεῖ
1262 1641 1338 1718 μὴ
1371 1640 1568 1704 ἐξεῖναι
1599 1637 1798 1708 ὲκκλη-

222 1732 494 1803 σιαστικῷ
517 1734 792 1804 ἀνθρώπῳ
819 1736 898 1796 είς
930 1734 1177 1801 ἐξέτασιν
1213 1733 1307 1786 καὶ
1338 1729 1664 1801 δοκιμασίαν
1697 1730 1797 1783 αύ-

217 1828 321 1879 τοῦ
344 1826 604 1898 ἔρχεσθαι
624 1845 637 1858 ·
662 1825 771 1877 τῶν
793 1829 902 1896 γὰρ
936 1829 993 1881 ὲν
1021 1828 1133 1889 τοῖς
1162 1825 1397 1886 ἀνοσίοις
1429 1820 1802 1891 συγγράμμα-

224 1934 314 1971 σιν
340 1891 506 1971 αύτοῦ
537 1891 933 1986 ἐμφερομένων
959 1917 1230 1987 χρήσεων,
1264 1912 1358 1974 τὰς
1397 1910 1495 1982 μὲν
1517 1909 1624 1961 τῶν
1650 1910 1802 1978 αἱρε·
1836 1891 1875 1944 Β

221 2008 398 2061 τικῶν
431 2006 620 2071 ούσας,
676 2007 956 2071 παντελῶς
991 2006 1444 2077 ἀποπέμπεσθαιο
1476 2004 1572 2066 τὰς
1605 2002 1663 2056 δὲ
1702 2001 1804 2055 οὐκ

225 2101 446 2169 εὐαγῶς
483 2102 573 2154 ὑπ’
603 2099 773 2154 αὐτοῦ
802 2101 1112 2171 νοηθείσας,
1138 2099 1453 2170 ἀπράκτους
1481 2097 1575 2148 καὶ
1627 2094 1804 2163 ἀργὰς

227 2193 594 2259 ἀποφαίνειν·
634 2191 728 2244 ἐὰν
757 2192 814 2244 δὲ
864 2193 929 2244 ὲκ
978 2191 1186 2244 τούτων
1236 2189 1344 2240 τῶν
1373 2188 1646 2258 χρήσεων,
1686 2182 1808 2237 τινὰ.

229 2281 422 2352 βιϐλία
471 2282 754 2352 πρακτικὰ
786 2281 1095 2352 εὑρέθησαν
1122 2281 1254 2347 περὶ
1291 2279 1515 2331 εἰκόνων
1543 2294 1596 2328 τι
1624 2275 1806 2342 διαγο-

231 2373 491 2444 ρεύοντα,
521 2373 610 2425 διὰ
640 2373 739 2443 τὴν
756 2374 837 2434 είς
861 2371 953 2423 τὸν
983 2371 1370 2424 εὐσεϐέστατον
1399 2367 1622 2438 βασιλέα
1653 2365 1809 2435 ἡμῶν

232 2467 638 2537 πληροφορίαν,
667 2465 925 2534 δέχεσθαι
957 2464 1128 2522 ταῦτα
1161 2463 1187 2503 ἀ
1214 2464 1313 2532 τὴν
1347 2460 1676 2530 Ἐκκλησίαν
1715 2459 1810 2511 καὶ

233 2558 562 2612 ἐπιλύεσθαι
586 2574 598 2587 ·
628 2560 678 2610 εί
698 2558 756 2610 δὲ
784 2561 882 2610 οὐκ
904 2556 1190 2628 ἐξαρκέσει
1217 2556 1284 2614 τὰ
1312 2555 1410 2624 τῆς
1439 2553 1811 2623 πληροφορίας

232 2647 332 2709 διὰ
361 2647 470 2698 τῶν
505 2649 562 2698 ἐν
592 2650 659 2717 τῇ
705 2647 1009 2715 Ἐκκλησία
1058 2645 1351 2716 ίερατικῶν
1402 2642 1634 2711 ἀνδρῶν,
1664 2635 1812 2694 οὗτοι

234 2737 320 2805 τῷ
369 2736 808 2806 ὲκκλησιαστικῷ
863 2736 979 2790 ἔθει
1011 2738 1102 2789 καὶ
1148 2737 1334 2789 κανόνι
1383 2735 1813 2810 ὲπερειδόμενοι,

238 2830 462 2882 σύνοδον
488 2828 876 2899 οἰκουμενικὴν
913 2827 1319 2881 ἁποκαλοῦνται
1341 2843 1354 2857 ·
1385 2826 1529 2878 ὥστε
1558 2821 1685 2885 τοὺς
1709 2824 1814 2877 τῶν

236 2920 447 2972 λοιπῶν
465 2919 671 2989 θρόνων
698 2921 974 2991 ἀρχιερεῖς
991 2921 1086 2974 καὶ
1112 2919 1275 2988 ἱερεῖς
1298 2918 1388 2968 ἐπὶ
1413 2919 1478 2986 τῇ
1511 2915 1618 2972 τῶν
1641 2913 1815 2967 τοιού-

235 3027 354 3076 των
377 3009 597 3077 βιϐλίων
622 3008 866 3072 ἐξετάσει
893 3010 989 3062 καὶ
1005 3007 1323 3078 δοκιμασία,
1343 3009 1440 3059 καὶ
1465 3006 1532 3059 τὰ
1555 3003 1817 3070 δοκοῦντα

236 3101 526 3154 ἐπινεύσει
548 3101 643 3154 τοῦ
676 3102 820 3154 θείου
851 3097 1170 3170 Πνεύματος
1194 3101 1324 3169 περὶ
1353 3097 1535 3152 αὐτῶν
1564 3100 1817 3164 ἐκφωνη-

240 3191 442 3264 θῆναι⁹
497 3193 580 3245 ὅτι
630 3193 948 3260 ἀναγκαίως
1007 3193 1102 3245 καὶ
1155 3191 1250 3244 νῦν
1302 3189 1670 3261 φυλάττονται
1727 3187 1820 3242 καὶ

239 3282 580 3353 κρατοῦνται
608 3285 657 3336 οἱ
683 3283 783 3352 τῆς
812 3283 973 3350 ἁγίας
1001 3281 1055 3347 ς’
1087 3281 1303 3334 συνόδου
1328 3279 1579 3342 κανόνες,
1610 3277 1702 3341 οὒς
1729 3278 1820 3346 ἀφ’

239 3368 310 3431 οὗ
357 3375 538 3444 χάριτι
593 3375 690 3427 τοῦ
725 3375 870 3427 θείου
915 3374 1234 3442 Πνεύματος
1293 3371 1734 3442 ὲξεφωνήθησαν,
1789 3371 1822 3440 ἡ

255 3465 564 3533 Ἐκκλησία
620 3464 1016 3535 παραλαϐοῦσα
1056 3465 1125 3517 δι’
1171 3464 1353 3516 αὐτῶν
1390 3462 1458 3523 τὰ
1491 3463 1600 3514 τῶν
1633 3462 1824 3531 ίερέων

246 3556 584 3625 μετέρχεται
635 3557 914 3626 κρίματα·
969 3555 1112 3626 ὑπὲρ
1159 3555 1270 3625 γὰρ
1301 3557 1368 3607 τὰ
1415 3554 1607 3612 ἑκατὸν
1651 3554 1825 3613 εἴκοσι

241 3649 350 3718 ἒτη
376 3647 437 3716 (ι)
470 3650 527 3699 ἐν
554 3647 691 3716 αὐτῇ
717 3647 1111 3715 διαπρέπουσιν
1145 3648 1192 3699 οι
1212 3647 1445 3699 τοιοῦτοι
1474 3645 1722 3711 κανόνες,
1752 3646 1827 3709 ὼς

242 3740 299 3791 εί
339 3738 415 3807 μὴ
447 3740 504 3790 ὲν
533 3741 601 3805 τῇ
653 3738 952 3808 Ἐκκλησία
983 3737 1378 3808 ἐχρημάτιζον,
1417 3737 1676 3806 πλείστην
1695 3738 1828 3804 ὅσην

244 3827 464 3898 ζημίαν
528 3827 835 3898 ὑπέμενεν,
876 3829 976 3890 οὐκ
1030 3829 1227 3897 ὀλίγων
1277 3828 1610 3899 σφαλμάτων
1657 3828 1714 3879 ὲν
1758 3828 1826 3896 τῇ

246 3921 532 3991 ἱερωσύνῃ
561 3921 871 3983 ἀνευθύνων
903 3921 1269 3990 διαμενόντων
1288 3936 1301 3950 °
1333 3921 1427 3974 καὶ
1451 3920 1511 3972 τὸ
1535 3919 1828 3990 ἀξιόχρεων

240 4011 366 4064 τῶν
400 4011 711 4080 ὲκθεμένων
741 4013 940 4074 αὐτοὺς
966 4013 1026 4065 τό
1060 4029 1120 4064 τε
1155 4011 1361 4080 πλῆθος
1396 4013 1491 4064 καὶ
1529 4011 1591 4063 τὸ
1619 4009 1831 4073 ἀξιόπι-

245 4119 384 4155 στον
405 4102 514 4154 τῶν
538 4101 848 4172 προσώπων
878 4104 1011 4156 πᾶσι
1037 4105 1394 4174 Χριστιανοῖς
1424 4102 1668 4173 ἐμφανὲς
1695 4103 1832 4155 καο-

246 4196 474 4247 ίσταται
497 4211 510 4224 ·
558 4196 697 4248 οἵτε
751 4197 862 4268 γὰρ
890 4194 1034 4248 κατὰ
1061 4195 1153 4247 τὸν
1183 4195 1375 4266 χρόνον
1429 4197 1636 4248 ἐκεῖνον
1673 4193 1832 4262 ἱερώ-

239 4303 412 4338 τατοι
462 4289 818 4358 πατριάρχαι,
874 4288 970 4340 καὶ
1014 4287 1191 4356 ἕτεροι
1224 4288 1329 4350 ἕως
1380 4286 1490 4341 τῶν
1541 4286 1833 4340 διακοσίων

241 4376 356 4429 καὶ
409 4377 818 4446 τεσσαράκοντα
873 4377 1220 4443 ἐπισκόπων,
1294 4377 1532 4440 οἰκείους
1604 4377 1833 4439 κανόνας

243 4466 681 4534 ἔκφωνήσαντες
713 4467 802 4519 διὰ
840 4466 952 4519 τῶν
990 4467 1210 4523 οἰκείων
1240 4466 1580 4536 ὑπογραφῶν
1611 4464 1833 4526 δηλοῦν-

1891 648 2011 686 nam
2087 633 2311 700 gloriam
2373 634 2675 702 animaeque
2734 635 2963 690 salutem
3018 636 3152 703 ipsis
3234 636 3465 691 confert.

1891 725 2102 794 Reapse
2134 741 2200 779 ne
2229 726 2605 781 controversia
2635 727 2852 795 quidem
2906 729 3164 798 deinceps
3219 731 3286 784 de
3339 746 3468 784 san-

1892 815 1995 870 ctis
2044 814 2372 883 imaginibus
2426 817 2538 869 ﬁeri
2584 816 2763 870 debet.
2808 814 2926 870 Non
2969 819 3115 872 enim
3163 819 3359 887 dogma
3406 819 3475 872 de

1894 907 2044 977 ipsis,
2099 922 2270 976 nuper
2323 915 2507 960 natum
2561 919 2683 973 est,
2738 909 2836 964 sed
2893 909 3096 976 jamdiu
3149 912 3475 980 disputando

1895 997 2170 1061 libratum,
2197 1006 2499 1068 ratumque
2540 1012 2570 1050 a
2621 1000 2828 1067 synodo
2884 999 3126 1053 habitum
3166 1012 3268 1056 est.
3308 1002 3474 1056 Porro

1897 1091 2072 1143 omnis
2102 1089 2332 1158 qumstio
2368 1089 2670 1158 dogma‘tica
2697 1105 2818 1160 quae
2848 1091 2900 1145 in
2937 1092 3176 1146 Ecclesia
3221 1093 3312 1146 Dei
3357 1104 3474 1149 orta

1899 1179 2082 1247 fuerit,
2114 1190 2235 1248 post
2278 1195 2504 1234 examen
2555 1181 2878 1253 synodicum
2927 1183 3202 1254 latamque
3264 1184 3479 1254 publice

1897 1271 2247 1332 sumentium,
2272 1269 2508 1334 desiuit;
2542 1285 2718 1340 neque
2761 1280 2946 1338 postea
2990 1275 3288 1340 quamlibet
3319 1275 3480 1328 dubi.

1901 1363 2159 1416 tationem
2197 1362 2424 1430 patitur.
2467 1361 2559 1416 Sic
2618 1365 2762 1416 enim
2812 1373 2867 1418 et
2925 1365 2976 1422 in
3014 1367 3229 1431 caeteris
3278 1370 3480 1424 sanctis

1900 1461 2062 1520 atque
2092 1454 2445 1507 (ecumenicis
2479 1453 2700 1522 synodis
2728 1465 2910 1509 aetum
2944 1464 3050 1510 est.

1971 1543 2026 1604 9.
2063 1543 2176 1613 Age
2219 1559 2345 1599 vero
2379 1545 2447 1604 de
2494 1544 2673 1612 impiis
2719 1543 3063 1601 Constantini
3107 1549 3479 1622 (Copronymi)

1895 1634 2232 1701 constitutis,
2272 1643 2425 1690 recte
2467 1634 2575 1690 dici
2603 1636 2816 1691 videtur
2848 1652 2953 1692 non
2991 1637 3156 1694 licere
3220 1643 3484 1695 ecclesia-

1905 1727 2042 1782 Stico
2082 1726 2288 1782 homini
2353 1741 2581 1782 examen
2625 1738 2680 1783 et
2739 1730 3267 1787 animadversionem
3310 1737 3377 1788 de
3422 1735 3486 1789 iis

1906 1818 2212 1875 instituere.
2241 1817 2377 1872 Nam
2409 1818 2702 1874 relatarum
2724 1822 2776 1873 in
2803 1821 3045 1890 profanis
3069 1824 3237 1898 ipsius
3266 1826 3487 1894 scriptis

1905 1911 2315 1976 auctoritatum,
2349 1909 2466 1964 alia:
2494 1911 2619 1978 quia
2656 1911 2941 1972 haereticos
2971 1924 3222 1970 auctores
3261 1917 3483 1983 habent,

1906 2017 2132 2075 prorsus
2165 2009 2294 2056 sunt
2336 1999 2690 2069 abiiciendie;
2725 2003 2844 2062 alia:
2894 2019 3022 2059 vero
3051 2021 3147 2067 ceu
3203 2022 3308 2060 non
3341 2007 3486 2061 bono

1907 2112 2067 2162 sensu
2100 2094 2168 2149 ab
2196 2093 2288 2148 illo
2319 2093 2625 2159 intellecta},
2657 2095 2871 2150 inutiles
2895 2097 3057 2168 273
3092 2108 3146 2152 et
3180 2101 3368 2157 otiosa:
3399 2116 3488 2154 re-

1909 2187 2157 2256 putanda:
2173 2196 2321 2242 sunt.
2343 2187 2496 2253 Quod
2516 2187 2562 2240 si
2586 2188 2800 2241 demum
2821 2187 2874 2241 in
2897 2190 3086 2242 harutn
3107 2192 3488 2244 anctoritatum

1911 2292 2138 2331 numero
2155 2275 2443 2345 synodales
2462 2275 2666 2345 aliquot
2693 2278 2815 2331 libri
2834 2281 3098 2347 comperti
3124 2279 3295 2345 fuere,
3309 2283 3400 2351 qui
3422 2284 3489 2338 de

1913 2367 2240 2435 imaginibus
2269 2366 2470 2436 aliquid
2487 2369 2755 2432 dicerent,
2780 2371 2878 2424 hos
2907 2380 2963 2423 ut
2992 2372 3234 2439 piissimo
3255 2374 3491 2440 impera-

1915 2461 2018 2512 tori
2051 2468 2236 2514 nostro
2267 2458 2654 2529 (Constantino
2684 2459 2896 2533 lrenes)‘
2917 2464 3054 2526 satis
3085 2463 3258 2526 ﬂeret,
3292 2465 3489 2520 Eccle-

1917 2551 1996 2604 sia
2020 2551 2237 2604 admisit
2260 2561 2315 2604 et
2337 2550 2646 2618 explicavit.
2672 2551 2823 2618 Quod
2849 2554 2893 2608 si
2918 2555 3174 2610 suasoria:
3196 2555 3494 2612 solutiones

1920 2659 2022 2696 non
2073 2642 2432 2708 soiliciebant,
2470 2658 2568 2711 per
2600 2645 3011 2700 ecclesiasticos
3041 2648 3188 2702 viros
3241 2648 3416 2713 factm,
3441 2649 3496 2701 hi

1919 2736 2132 2804 quidem
2161 2735 2533 2789 ecclesiastica
2566 2738 2963 2792 consuetudine
3014 2740 3309 2808 regulaque
3344 2738 3492 2806 freti,

1919 2828 2312 2881 uacuntenicam
2357 2828 2619 2898 synodum
2649 2837 3054 2896 convocarunt;
3091 2831 3164 2884 ita
3196 2841 3254 2885 ut
3284 2843 3339 2885 et
3371 2833 3500 2888 reli-

1920 2933 2148 2986 quarum
2204 2919 2412 2972 sedium
2476 2920 2760 2987 pontiﬁces
2813 2935 2878 2974 ae
2931 2923 3246 2978 sacerdotes
3304 2925 3496 2978 horum

1923 3009 2183 3066 librorum
2239 3024 2468 3063 examen
2517 3019 2571 3062 et
2604 3010 3012 3078 inquisitionem
3069 3024 3408 3082 peragerent,
3442 3025 3501 3068 et

1923 3099 2065 3167 quod
2116 3098 2292 3152 visum
2348 3098 2827 3167 fuisset,Spiritus
2879 3101 3052 3156 sancti
3082 3112 3210 3155 nutu
3241 3103 3308 3157 de
3366 3105 3501 3173 ipsis

1849 3219 1894 3278 ο
1927 3189 2140 3258 publice
2208 3190 2635 3257 pronuntiarent.
2708 3189 2920 3243 Etenim
2989 3195 3302 3247 necessario
3358 3212 3503 3250 nunc

1925 3282 2088 3336 etiam
2140 3281 2496 3336 observantur
2536 3291 2590 3336 et
2619 3282 2801 3352 vigent
2852 3292 3054 3337 sanctae
3101 3287 3289 3355 synodi
3335 3297 3503 3341 sextae

1927 3387 2196 3439 canones;
2230 3387 2388 3441 quos,
2424 3389 2488 3427 ex
2524 3390 2632 3441 quo
2662 3389 2783 3427 cum
2833 3374 3001 3428 divini
3037 3374 3274 3441 Spiritus
3325 3378 3500 3443 gratia

1927 3465 2248 3533 promulgati
2298 3464 2539 3530 fuerunt,
2577 3465 2818 3520 Ecclesia
2879 3467 3118 3531 admisit,
3166 3483 3370 3536 perque
3407 3485 3504 3528 eos

1929 3555 2282 3609 sacerdotalia
2311 3554 2512 3622 judicia
2562 3566 2801 3611 exercet.
2844 3555 2978 3610 Nam
3024 3558 3144 3626 plus
3179 3568 3394 3613 centum
3448 3570 3506 3615 et

1928 3645 2115 3712 viginti
2143 3645 2256 3713 jam
2287 3646 2445 3698 annis
2498 3645 2550 3699 hi
2589 3645 2854 3699 habentur
2890 3646 2943 3698 in
2987 3647 3191 3701 honore
3244 3663 3504 3713 canones,

1929 3737 2019 3804 qui
2080 3736 2181 3790 nisi
2237 3737 2290 3789 in
2343 3736 2584 3789 Ecclesia
2641 3737 3021 3802 exstitissent,
3091 3739 3379 3807 plurimum
3439 3756 3505 3795 ea

1931 3842 2086 3897 passa
2134 3838 2281 3881 esset
2322 3828 2734 3891 detrimentum,
2787 3830 2914 3898 quia
2971 3829 3141 3895 eulpae
3204 3832 3387 3884 multa:
3452 3834 3506 3886 in

1930 3929 2073 3972 emtu
2115 3918 2437 3972 sacerdotali
2467 3919 2584 3971 sine
2617 3918 2854 3972 remedio
2888 3931 3114 3986 pcenave
3153 3920 3506 3979 mansissent.

1929 4008 2048 4063 lam
2090 4019 2146 4064 et
2193 4010 2425 4078 dignitas
2477 4009 2694 4063 illorum
2743 4009 2834 4077 qui
2887 4025 2982 4066 eos
3031 4012 3410 4077 candiderunt,
3454 4024 3509 4066 et

1933 4099 2220 4152 multitudo
2255 4107 2417 4168 atque
2440 4099 2740 4154 auctoritas
2779 4115 3157 4169 personarum,
3187 4101 3510 4158 Christianis

1932 4192 2184 4244 omnibus
2215 4190 2496 4258 explorata
2523 4199 2631 4246 est.
2671 4191 2805 4244 Nam
2853 4202 2907 4246 et
2932 4195 3026 4262 qui
3059 4204 3188 4248 tunc
3227 4202 3384 4248 erant
3422 4209 3511 4250 sa-

1935 4281 2225 4337 cratissimi
2251 4282 2598 4350 patriarchae,
2622 4291 2679 4335 et
2697 4283 2784 4335 alii
2809 4298 2978 4350 usque
3002 4283 3070 4335 ad
3087 4298 3221 4337 ceu.
3243 4284 3508 4353 episcopi,

1937 4382 2193 4440 tanquam
2234 4360 2502 4426 suos'ltos
2549 4384 2788 4424 canones
2833 4372 3237 4439 pronuntiasse,
3278 4372 3512 4440 proin-iis

1935 4463 2419 4532 subseriptionibus
2463 4464 2862 4516 demonstrant.
2906 4462 3115 4528 Quibus
3155 4463 3511 4517 consentiens

238 4573 348 4609 ται
366 4572 381 4585 ο
398 4551 479 4617 οἷς
503 4555 794 4627 σύμψηφος
817 4559 911 4610 καὶ
938 4558 1200 4627 συνεργὸς
1221 4557 1460 4625 γεγονὼς
1479 4562 1507 4610 ό
1532 4558 1819 4626 τηνικαῦτα

1908 4570 2317 4628 'etc00perans
2370 4557 2544 4612 factus
2595 4559 2660 4620 is,
2709 4559 2801 4627 qui
2866 4568 2990 4611 tunc
3043 4568 3158 4612 erat
3219 4560 3513 4626 imperator

245 4646 518 4716 βασιλεὺς
563 4647 936 4712 Ἰουστινιανδς
965 4660 1010 4713 θ,
1045 4649 1140 4702 καὶ
1159 4648 1321 4710 αὐτὸς
1351 4649 1480 4717 περὶ
1506 4649 1604 4719 τὴν
1632 4648 1833 4701 εὐκλεᾶ

242 4738 355 4788 καὶ
407 4736 706 4806 ἀμώμητον
735 4740 894 4808 ήμῶν
944 4738 1242 4810 θρησκείαν
1291 4740 1552 4804 εὐσεϐῶν,
1596 4742 1683 4796 διὰ
1735 4743 1834 4812 τῆς

247 4827 405 4890 ἰδίας
437 4828 764 4899 ὑπογραφῆς
785 4831 1085 4884 δείκνυται.

332 4925 392 4971 ι’.
421 4918 545 4982 Πῶς
569 4916 664 4972 οὖν
703 4919 813 4992 [ού]
855 4921 1199 4992 βλάσφημον,
1235 4923 1331 4976 καὶ
1363 4923 1700 4994 παράνομον,
1737 4925 1835 4997 τὴν

239 5010 533 5079 τοσαύτην
554 5011 662 5064 τῶν
702 5014 894 5081 ἱερέων
941 5013 1155 5084 πληθὺν
1199 5015 1274 5086 μὴ
1308 5017 1695 5085 ἀποδέχεσθαι,
1743 5019 1838 5071 καὶ

245 5101 389 5154 ἀντὶ
413 5100 527 5162 ἑνὸς
558 5101 834 5171 ἱστορικοῦ
870 5103 1224 5171 λογίζεσθαι;
1277 5106 1346 5158 τὰ
1377 5107 1484 5178 γὰρ
1520 5107 1625 5175 πρὸ
1666 5108 1841 5176 αὐτῆς

244 5192 531 5259 γεγονότα
559 5193 901 5262 ἱστοροῦντες
930 5195 1206 5263 λέγουσιν,
1238 5199 1319 5251 ὅτι
1354 5200 1546 5250 σεπταὶ
1590 5200 1835 5269 ὑπῆρχον

245 5283 315 5336 αἱ
357 5282 588 5344 εἰκόνες,
609 5285 704 5341 καὶ
735 5284 818 5336 ὅτι
841 5286 1158 5354 Χριστιανοὶ
1191 5287 1605 5356 κατησπάζοντο
1632 5291 1801 5353 αὑτάς
1819 5307 1833 5322 ο

245 5374 323 5426 οὐ
362 5373 475 5442 γὰρ
509 5374 637 5427 [διον
684 5377 804 5429 τότε
845 5376 1014 5431 τύπον
1041 5378 1385 5449 παρέδωκαν,
1424 5379 1561 5437 ἀλλὰ
1593 5379 1662 5431 τὰ
1695 5383 1838 5434 ίστο-

335 5535 364 5565 ο
403 5524 524 5580 cod.
572 5526 830 5590 εὐσεϐῶς.
908 5527 934 5567 ἀ
969 5529 1090 5584 cod.
1121 5531 1347 5601 ταύτην.

428 5673 563 5764 [iure
585 5678 955 5764 agnoscimus
977 5682 1206 5736 natalem
1232 5681 1389 5764 huius
1408 5683 1589 5764 scripti
1607 5699 1842 5764 “annum.

249 5744 566 5833 Hapigquia
595 5744 833 5833 Trullaui
869 5764 1117 5833 canones
1130 5767 1270 5806 anno
1287 5744 1386 5807 691
1407 5822 1419 5833 θ
1444 5744 1573 5807 editi
1605 5755 1839 5833 fuerunt,

251 5815 470 5872 additis
498 5831 637 5870 nunc
677 5816 816 5872 baud
856 5818 973 5887 plus
1016 5819 1137 5888 122,
1171 5822 1446 5893 consurgit
1507 5838 1681 5879 annus
1716 5815 1840 5891 813,

1424 5543 1443 5564 '
1498 5533 1901 5591 Rhinottnetus.

1939 4650 2295 4714 Justinianus,
2331 4659 2384 4704 et
2412 4651 2524 4718 ipse
2557 4665 2769 4718 quoque
2803 4649 2870 4702 de
2899 4649 3092 4702 illuSIri
3124 4649 3513 4717 irrepreliensi+

1943 4743 2143 4812 bilique
2192 4742 2295 4795 [ide
2330 4753 2518 4796 nostra
2555 4757 2612 4801 se
2645 4744 2729 4811 pic
2757 4741 2992 4804 sensisse
3025 4743 3241 4811 propria
3269 4744 3511 4804 subseri-.-

1927 4835 2113 4906 ptione
2157 4832 2424 4887 declarat.

2013 4926 2178 4998 274
2204 4927 2290 4981 l0.
2320 4927 2524 4994 Quidni
2548 4943 2676 4995 ergo
2699 4928 3073 4996 blasphemum
3099 4941 3262 4998 atque
3288 4929 3508 4998 impium

1945 5019 2033 5082 sit,
2071 5019 2230 5070 talem
2279 5027 2595 5084 tantumque
2643 5018 3018 5092 episcoporum
3079 5033 3362 5072 numerum
3405 5031 3509 5071 non

1946 5109 2240 5175 suscipere,
2267 5118 2321 5161 et
2381 5108 2605 5174 alicujus
2659 5110 2830 5162 instar
2905 5109 3146 5164 historici
3190 5126 3292 5163 non
3354 5124 3513 5179 repit.

1945 5202 2094 5255 tare?
2113 5199 2250 5254 Dum
2283 5202 2424 5255 enim
2453 5216 2570 5268 qua:
2586 5211 2710 5256 ante
2735 5203 2996 5272 synodum
3031 5203 3356 5256 exstiterunt
3385 5217 3512 5256 nar-

1948 5303 2088 5354 rant,
2146 5292 2480 5346 venerabiles
2527 5291 2694 5347 tuisse
2770 5294 3034 5364 imagines
3097 5293 3405 5370 aﬂirmant,
3460 5305 3515 5348 et

1946 5384 2084 5450 apud
2140 5382 2482 5439 Christianos
2539 5385 2592 5439 in
2652 5385 2859 5442 honore
2920 5387 3152 5445 habitas.
3210 5386 3324 5441 Non
3372 5387 3514 5442 enim

1951 5701 2058 5764 quo
2082 5686 2366 5767 imperium
2397 5689 2517 5742 iniit
2548 5689 2659 5745 Leo
2695 5692 2982 5767 Armenius
3015 5714 3165 5752 nova:
3197 5704 3519 5767 persecutio-

1952 5758 2037 5839 nis
2082 5769 2287 5835 auctor.
2321 5758 2450 5838 Erat
2494 5773 2674 5815 autem
2705 5764 2749 5817 is
2781 5781 2954 5823 annus
2981 5758 3324 5839 episcopatus
3362 5770 3518 5830 Nico»

1948 5827 2104 5891 phori
2145 5838 2366 5889 octavus
2409 5828 2670 5894 inceptus.
