4206 6440
217 423 302 481 849
879 425 1437 487 APOLOGETICUS
1476 427 1724 488 MINOR
1764 430 1910 489 PRO
1950 431 2212 491 SACRIS
2251 433 2731 493 IMAGINIBUS.

3328 433 3438 492 8:30

216 529 464 593 vrvs'aiiat,
499 529 595 584 καὶ
623 530 720 600 τὴν
763 532 987 602 εἰρήνην
1021 534 1202 604 χάριτι
1230 536 1323 588 καὶ
1369 538 1590 608 εὐδοκία
1619 538 1753 592 Θεοῦ
1799 540 2166 612 βραϐευθῆναι
2213 545 2269 595 ὲν
2333 544 2472 614 αὐτῇ
2505 548 2584 607 εἰς
2644 547 2769 609 τοὺς
2822 543 3022 606 αἰῶνας
3053 544 3162 596 τῶν
3200 541 3434 597 αἰώνων.

225 626 398 696 Ἀμήν.
505 657 514 665 -

225 787 567 802 ———_——

1020 931 1242 984 ΕΤΕΡΔ
1281 931 1635 988 ΔΠΟΔΕΙΞΙΣ
1673 932 1836 987 ΠΕΡΙ
1874 934 2011 988 ΤΩΝ
2045 934 2250 988 APION
2289 934 2613 988 ΕΙΚΟΝΩΝ.

689 1241 853 1312 276
892 1244 1211 1304 ALTERA
1254 1243 1896 1306 DEMONSTRATIO
1942 1242 2047 1303 DE
2090 1240 2419 1302 SANCTIS
2463 1237 2948 1300 lMAGlNlBUS.

273 1406 370 1458 Τὸν
397 1407 493 1460 ’ἐνα
519 1405 754 1476 Χριστὸν
775 1405 1148 1476 ὁμολογοῦμεν
1171 1407 1402 1475 ἀόρατον
1430 1407 1523 1459 καὶ
1548 1406 1762 1475 ὁρατὸν,
1793 1417 1810 1466 Α

1939 1404 2115 1459 Unum
2146 1402 2423 1456 Christum
2448 1400 2768 1453 conlitemur
2806 1398 3131 1452 invisihiIem
3163 1409 3217 1454 et
3251 1399 3438 1453 visibi-

207 1498 578 1569 ἀκατάληπτον
635 1500 728 1550 καὶ
775 1497 1157 1567 καταληπτὸν,
1206 1498 1621 1568 ἀπερίγραπτον
1668 1497 1762 1550 καὶ

207 1590 600 1658 περιγραπτὸν,
633 1589 820 1656 άπαθῆ
851 1606 909 1640 τε
945 1590 1040 1642 καὶ
1066 1588 1332 1658 παθητὸν,
1356 1588 1634 1656 ἄγραπτον
1668 1588 1763 1641 καὶ

204 1681 470 1750 γραπτόν·
523 1682 616 1733 καὶ
645 1679 1117 1750 ἀναθεματίζομεν
1160 1682 1288 1744 τοὺς
1341 1681 1582 1734 ἐναντίον
1633 1699 1763 1751 φρο-

200 1769 441 1833 νοῦντας,
455 1771 762 1840 ὁμόφρονας
783 1770 876 1822 καὶ
893 1770 1233 1838 συνίστορας,
1253 1772 1340 1839 ὑφ’
1357 1765 1432 1824 ὧν
1452 1773 1479 1823 ὁ
1493 1772 1590 1840 τῆς
1611 1771 1762 1833 θείας

200 1859 663 1929 ἐνανορωπήσεως
687 1859 844 1927 λόγος
869 1861 1010 1912 κατὰ
1039 1862 1341 1928 φαντασίαν
1364 1863 1644 1930 γεγονέναι
1669 1861 1763 1914 καὶ

197 1949 416 2018 δόκησιν
446 1949 731 2014 ἐδοξάζετο
753 1966 766 1980 ο
795 1951 885 2004 διὰ
915 1955 1014 2022 τῆς
1044 1953 1380 2021 ἀναιρέσεως
1417 1954 1516 2022 τῆς
1554 1953 1761 2016 εἰκόνος

194 2041 292 2093 τοῦ
318 2040 554 2109 Χριστοῦ
581 2043 674 2093 καὶ
702 2042 954 2111 Σωτῆρος
974 2043 1152 2111 ἡμῶν,
1183 2045 1645 2113 ὲναναιρουμένης
1667 2044 1761 2096 καὶ

193 2129 298 2199 τῆς
339 2131 715 2201 άληθεστάτης
764 2132 932 2186 αὑτοῦ
977 2135 1072 2186 καὶ
1126 2134 1385 2204 θεοφόρου
1435 2136 1634 2202 σαρκὸς
1667 2137 1761 2189 καὶ

194 2220 415 2289 μορφῆς
435 2238 448 2250 ·
482 2222 643 2291 διχῶς
674 2222 784 2292 γὰρ
816 2223 1107 2292 νοούμενον
1144 2226 1251 2276 πᾶν
1281 2226 1342 2276 τὸ
1376 2225 1646 2295 μηδαμῶς
1686 2226 1759 2277 εἰ·

189 2311 502 2374 κονίζεσθαι
556 2314 887 2383 πεφυκὸς,ἢ
932 2315 1006 2378 ὼς
1063 2315 1138 2386 μὴ
1189 2314 1335 2386 δ’),ἣ
1387 2317 1464 2380 ῶς
1518 2315 1577 2368 ὃν
1637 2317 1757 2387 μὲν,

183 2402 395 2471 ἥκιστα
453 2403 509 2456 δὲ
554 2403 1130 2474 καταλαμϐανόμενον,
1165 2405 1242 2468 ὡς
1283 2407 1516 2478 ἀόρατόν
1562 2424 1621 2460 τε
1664 2407 1758 2461 καὶ

185 2491 450 2561 κρύφιον,
502 2493 764 2562 ὁπότερον
794 2494 858 2546 ἄν
894 2511 978 2557 τις
1023 2495 1117 2547 ἐπὶ
1146 2495 1385 2565 Χριστοῦ
1416 2497 1510 2550 τοῦ
1539 2499 1758 2552 πάντων

182 2583 352 2651 ήμῶν
376 2582 510 2636 Θεοῦ
541 2585 634 2636 καὶ
655 2585 908 2653 Σωτῆρος
939 2584 1172 2651 δοξάσει,
1206 2588 1307 2640 οὐκ
1347 2587 1547 2658 ἀσεϐὴς
1573 2605 1757 2657 φωρα-

177 2671 417 2741 θήσεται
439 2673 867 2741 προδηλότατονς
894 2674 967 2726 Τὸ
998 2675 1094 2744 μὲν
1123 2675 1255 2744 γὰρ,
1285 2675 1347 2726 τὸ
1374 2675 1448 2745 μὴ
1473 2676 1756 2743 γεγονέναι

1868 1498 1997 1561 lcm,
2053 1491 2593 1562 inconiprehensilein
2641 1501 2696 1545 et
2744 1492 3312 1560 comprehensiliilem,
3350 1493 3434 1545 in-

1863 1585 2339 1651 circumscriptuni
2403 1590 2457 1635 et
2497 1582 2995 1649 circumscriptum,
3043 1581 3433 1650 impassihileiu

1864 1687 1919 1730 et
1958 1676 2289 1745 passibilein,
2321 1689 2423 1725 non
2455 1670 2830 1726 delineandum
2880 1671 3043 1724 simul
3075 1679 3130 1724 et
3156 1671 3433 1725 delinean-

1864 1771 2011 1825 dum.
2075 1763 2618 1821 Anatheinatizamus
2674 1769 2856 1814 autem
2915 1771 3314 1815 consectaneus
3380 1771 3435 1814 et

1863 1858 2238 1927 cnnspirantes
2289 1854 2382 1922 qui
2431 1852 2763 1907 contrariam
2822 1851 3146 1906 sententiam
3197 1860 3434 1922 gerunt,
3515 1913 3529 1932 δ

1862 1967 1892 2004 a
1950 1950 2149 2020 quibus
2202 1948 2397 2000 divina:
2453 1945 2844 1999 incarnationis
2897 1947 3036 1999 ratio
3088 1947 3436 2002 existimatur

1862 2041 2229 2112 phanslastica
2288 2047 2343 2091 et
2418 2037 2687 2104 pntativa;
2748 2051 2777 2088 a
2845 2037 3041 2104 quibus
3100 2038 3231 2090 item
3308 2054 3433 2093 cum

1863 2132 2113 2200 imaginis
2142 2129 2338 2183 Christi
2382 2125 2686 2181 Servatoris
2733 2128 2900 2180 nostri
2935 2128 3250 2192 abolitione,
3284 2129 3432 2199 ejus-

1858 2221 1981 2274 dem
2037 2221 2238 2288 pariler
2291 2219 2570 2273 verissima
2617 2226 2669 2270 ct
2723 2217 2927 2270 deifera
2976 2232 3107 2270 caro
3143 2227 3199 2272 et
3255 2216 3429 2273 fol-ina

1861 2313 2178 2368 destruitur.
2213 2310 2345 2364 Nam
2389 2325 2510 2365 cum
2569 2308 2856 2377 dupliciter
2911 2309 3115 2376 aliquid
3173 2324 3271 2362 ceu
3326 2311 3429 2363 mi-

1861 2403 2006 2456 nime
2079 2402 2422 2471 ﬁgurandum
2473 2399 2774 2455 existimari
2831 2400 3037 2467 possit;
3098 2413 3289 2469 nempe
3346 2401 3431 2455 vel

1859 2494 1982 2564 quia
2025 2493 2228 2547 nullum
2275 2503 2392 2557 est;
2427 2492 2504 2546 vel
2532 2492 2653 2560 quia
2708 2501 2788 2545 est
2842 2492 3085 2560 quidem,
3116 2492 3209 2545 sed
3247 2501 3428 2546 tamen

1859 2584 2240 2654 comprehendi
2278 2585 2688 2652 nequit,utpote
2733 2564 3005 2635 invisibile
3033 2591 3087 2635 et
3130 2597 3424 2648 arcanum;

1860 2678 2175 2733 utrumlibet
2220 2680 2271 2732 in
2315 2678 2534 2732 Christo
2575 2677 2816 2730 omnium
2873 2687 3180 2732 nostrorum
3226 2678 3336 2732 Deo
3366 2695 3428 2734 ac

177 2762 335 2815 κατά
376 2761 638 2831 ἀληθειαν
685 2763 974 2833 ἄνθρωπον
1022 2765 1114 2818 τὸν
1164 2767 1508 2837 Ἐμμανουὴλ
1560 2756 1810 2820 διαδεί-1

1863 2768 2153 2824 Servatore
2207 2769 2472 2837 quispiam
2520 2770 2812 2832 existimet,
2849 2783 3028 2822 nonne
3094 2768 3428 2824 manifestis-

172 2870 379 2906 κνυσι·
418 2852 478 2904 τὸ
517 2854 591 2917 δὲ,
640 2855 924 2920 γεγονέναι
976 2857 1094 2924 μὲν,
1147 2856 1497 2928 ὲξεστηκέναι
1540 2858 1595 2910 δὲ
1650 2857 1756 2911 τῶν

169 2942 547 3013 ἀνθρωπίνων
612 2944 913 3015 ἱδιοτήτων,
992 2949 1089 3000 καὶ
1164 2949 1264 3018 τὴν
1319 2948 1758 3018 προσληφθεῖσαν

166 3032 563 3086 ἀποϐαλὲσοαι
596 3036 794 3105 σάρκα,
845 3037 944 3087 καὶ
976 3036 1114 3107 πρὸς
1164 3037 1260 3106 τὴν
1297 3037 1446 3092 Θείαν
1488 3040 1758 3110 ἀκαταλη-

165 3125 343 3195 ψὲαν,
372 3127 550 3194 πάντη
595 3143 652 3178 τε
690 3127 783 3179 καὶ
810 3124 969 3190 αὖθις
1010 3127 1343 3198 ἀναδραμεῖν
1367 3146 1382 3161 ·
1417 3131 1553 3200 ὅπερ
1601 3131 1758 3184 άλλόο

161 3216 344 3284 τριὸν
374 3217 491 3268 ἐστι
527 3215 718 3269 πασῶν
748 3217 856 3269 τῶν
881 3217 1254 3271 θεοπνεύστων
1287 3220 1542 3290 Γραφῶν,
1577 3221 1633 3273 αἳ
1665 3222 1758 3274 καὶ

162 3307 358 3360 πάλιν
392 3306 554 3358 αὐτὸν
584 3307 904 3376 ἐληλυθέναι
935 3307 1116 3379 φασὶ]
1161 3308 1351 3379 κριτὴν
1377 3310 1622 3380 δηλονότι
1648 3312 1757 3365 τῶν

157 3401 330 3450 ὅλων
357 3398 499 3450 κατὰ
528 3398 594 3451 τά
634 3398 773 3451 αύτὰ
807 3399 901 3450 καὶ
941 3400 1200 3463 ὡσαύτως
1239 3401 1666 3473 θεαθησόμενον,
1697 3405 1756 3457 ὃν

155 3490 395 3561 τρόπον
424 3488 617 3559 ἐθεάθη
651 3492 764 3552 τοῖς
801 3490 1069 3560 μαθηταῖς
1113 3492 1278 3546 αὐτοῦ
1311 3496 1403 3546 καὶ
1436 3496 1754 3560 ἀποστόλοις

152 3585 258 3642 εἰς
299 3580 568 3648 οὐρανοὺς
599 3581 1150 3651 ἁναλαμὸανόμενος·
1193 3587 1290 3653 τῆς
1330 3586 1388 3638 δὲ
1410 3587 1756 3659 Μανιχαϊκῆς

149 3673 350 3740 δόξης
399 3673 493 3724 κα)⁸
537 3673 855 3736 δυσσεϐείας
886 3674 946 3726 τὸ
987 3674 1226 3727 τοιοῦτόν
1273 3678 1420 3730 ἐστιν
1453 3679 1758 3747 ἀνάμεστον

149 3760 636 3833 φρενοδλαϐοῦς·
694 3765 788 3816 καὶ
826 3764 955 3833 περὶ
981 3763 1145 3816 αὑτοῦ
1186 3764 1247 3816 τὸ
1279 3765 1372 3817 τοῦ
1416 3765 1561 3818 Θείου
1598 3768 1760 3820 Δαὸὶδ

147 3853 633 3925 προσφθέγγεται
687 3854 868 3921 λόγιον
930 3855 992 3907 τὸ
1029 3856 1255 3924 φάσκον,
1327 3857 1430 3910 Ἔν
1484 3857 1564 3922 τῷ
1609 3860 1761 3924 ἡλίῳ

138 3946 360 3999 ἔθετο
390 3944 454 3996 τὸ
491 3945 782 4012 σκήνωμα
813 3946 1021 4009 αὐτοῦ,
1053 3946 1148 4015 τὴν
1184 3947 1454 4016 ἀποϐολὴν
1500 3949 1593 4002 καὶ
1627 3951 1759 4004 ἀπό-

141 4038 347 4088 Θεσιν
372 4035 749 4104 αἰνιττόμενον
787 4035 877 4088 τοῦ
922 4037 1205 4106 Κυριακοῦ
1267 4038 1471 4110 δηλαδὴ
1505 4042 1598 4094 καὶ
1643 4040 1757 4096 θεο-

134 4130 362 4199 φόρου
397 4125 665 4196 σώματος.

217 4373 249 4402 ¹³
303 4370 436 4423 Act.
475 4382 515 4432 ι,
547 4369 630 4423 ll.
671 4367 692 4398 ³
721 4365 865 4424 Psal.
899 4384 1051 4435 xvm,
1080 4370 1132 4425 6.

1859 2856 1997 2911 sime
2047 2858 2246 2926 impius
2297 2855 2592 2910 eritiNam
2645 2858 2816 2925 prima
2851 2857 3066 2925 quidem
3107 2859 3289 2925 opinio
3333 2859 3429 2914 de-

1861 2956 2182 3002 monstraret
2213 2946 2616 3002 Emmanuelem
2646 2949 2785 3002 haud
2823 2963 2948 3001 vere
2991 2947 3192 3001 factum
3251 2950 3427 3003 homi-

1860 3053 2017 3104 nem;
2049 3039 2216 3093 altera
2237 3039 2437 3094 factum
2459 3055 2589 3094 sane
2623 3041 2915 3102 hominem,
2936 3041 3028 3094 sed
3059 3051 3237 3094 tamen
3269 3051 3424 3094 extra

1861 3129 2123 3184 humanas
2145 3132 2507 3199 proprietates
2531 3129 2718 3196 fuisse,
2747 3134 2811 3184 et
2838 3139 3173 3198 assumptum
3203 3147 3424 3186 carnem

1859 3218 2141 3288 abiecisse,
2173 3231 2336 3290 atque
2365 3221 2430 3275 ad
2454 3221 2688 3274 divinam
2722 3221 3420 3290 incomprehensibilitatem

1860 3326 2047 3365 rursus
2078 3312 2298 3366 omnino
2323 3312 2562 3365 rediisse.
2596 3311 2748 3377 Quod
2796 3313 3006 3366 cunctis
3055 3313 3276 3366 omnino
3339 3312 3423 3365 in-

1861 3400 2081 3470 Spiratis
2127 3398 2422 3468 Scripturis
2453 3400 2682 3454 alienum
2712 3412 2815 3464 est,
2861 3416 2981 3468 quae
3034 3411 3195 3454 etiam
3245 3402 3419 3455 denuo

1860 3507 1982 3547 eum
2027 3507 2368 3546 reversurum
2412 3493 2605 3559 aiunt,
2651 3491 2888 3560 judicem
2964 3491 3174 3546 scilicet
3232 3492 3420 3545 eodem

1859 3585 2018 3637 modo
2047 3584 2419 3652 conspicuum,
2445 3600 2552 3652 quo
2587 3586 2734 3638 visus
2782 3583 2883 3636 fuit
2927 3583 3206 3651 discipulis
3260 3593 3422 3650 atque

1860 3675 2118 3744 apostolis
2181 3690 2305 3728 cum
2343 3676 2396 3728 in
2443 3675 2638 3728 cmlum
2691 3683 3060 3727 assumeretur
3109 3675 3153 3726 '.
3187 3670 3418 3727 Contra-

1861 3764 1997 3816 rium
2015 3763 2211 3832 quippe
2240 3774 2602 3817 commentum
2635 3763 2930 3817 mauichaaa
2971 3763 3214 3816 doctrina
3239 3771 3296 3815 et
3334 3762 3417 3815 iu-

1859 3869 1987 3911 sana
2018 3856 2292 3923 impietate
2311 3862 2521 3909 scatet:
2555 3857 2623 3908 de
2643 3868 2750 3922 quo
2783 3854 2889 3907 divi
2925 3853 3144 3906 Davidis
3165 3854 3423 3906 recitatur

1861 3947 1929 4000 ab
1965 3947 2233 4001 haereticis
2264 3947 2463 4000 dictum
2494 3945 2620 3999 illud
2655 3964 2668 4000 :
2715 3945 2779 3999 In
2807 3948 2914 4000 sole
2954 3948 3124 4013 posuit
3175 3947 3423 3998 taberna-

1861 4037 2036 4091 culum
2081 4054 2231 4091 suum
2271 4038 2324 4103 ³;
2357 4036 2549 4106 quibus
2587 4036 2766 4091 verbis
2815 4036 3202 4105 depositiouein
3261 4045 3423 4104 atque

1863 4127 2219 4193 ahjemionem
2291 4127 2549 4183 Dominici
2600 4125 2898 4196 deiferique
2968 4126 3213 4194 corporis
3272 4124 3422 4179 iunui
3504 4141 3506 4143 ·

1865 4220 2074 4275 dicunt.
