4206 6440
196 402 294 463 853
1639 395 1857 456 ΕΑΝοῖ

1776 393 2004 456 [ΟΝΕΞ.
3331 391 3437 456 854

261 510 354 562 Ili.
420 506 482 561 '0
542 507 927 579 χειορισάμενος
974 505 1068 560 τὸν
1114 506 1313 560 ἑαυτοῦ
1363 505 1614 576 πατέρα,
1670 506 1763 558 καὶ
1792 511 1837 566 Α

1792 511 1837 566 Α
1944 503 2060 560 XII.
2104 504 2206 571 Qui
2241 505 2533 574 pulsaverit
2565 512 2775 574 patrem
2805 519 2960 571 suum
2987 512 3040 558 et
3075 515 3265 573 sponte
3287 506 3437 557 occi-

193 601 512 663 ἀποκτείνας
561 599 845 660 ἑκουσίως,
882 598 949 652 τὰ
984 597 1087 651 τοῦ
1112 597 1275 667 φόνου
1320 597 1575 667 ἐπιτίμια
1611 595 1759 649 τελέ-

1861 596 2025 660 derit,
2075 595 2235 650 annis
2279 594 2498 665 triginta
2540 595 2779 666 quinque
2831 597 2988 665 deget
3022 595 3075 650 in
3130 592 3305 664 pmnis
3337 595 3438 648 Ito-

193 708 274 744 σει
300 691 391 760 ἐτη
428 691 718 761 τριάκοντα
745 691 924 743 πέντε.
1865 687 2090 739 ιιιὶοιιιςει.

259 780 356 837 II".
387 782 543 835 Κατᾶ
580 783 905 853 περίστασιν
935 785 1028 835 καὶ
1058 781 1287 852 μοναχὸς
1309 780 1455 844 λιτὸς
1483 780 1758 850 βαπτίζει,

1943 775 2082 828 XIII.
2109 775 2283 828 Etiam
2308 774 2537 851 simplex
2570 780 2872 832 monachus
2895 794 2957 831 ex
2982 793 3143 833 causa
3174 779 3437 849 baptizat,

190 865 446 936 ὡσαύτως
477 875 572 926 καὶ⁵
592 874 840 937 διάκονος
865 876 1004 928 κατὰ
1031 873 1352 942 περίστασιν
1384 872 1659 941 βαπτίζει.
1865 877 1924 920 ιιι
1963 878 2016 921 οι
2048 867 2333 922 diaconus.

261 965 356 1021 lA'.
416 965 537 1017 Ἐὰν
577 966 719 1018 κατὰ
776 964 1000 1033 ἄγνοιαν
1049 965 1330 1036 πληθυνθῇ
1387 961 1762 1034 ἀντιμίνσιον,

1941 956 2083 1014 XIV.
2121 959 2179 1013 Si
2222 960 2600 1015 antitninsium
2640 975 2735 1029 per
2767 961 3129 1030 ignorantiam
3164 960 3440 1030 impletunt

189 1057 250 1108 οὗ
291 1056 599 1125 μολύνεται.
666 1057 724 1109 '0
757 1058 865 1128 γὰρ
903 1057 1173 1126 ἁγιασμὸς
1226 1060 1286 1109 ὲν
1335 1054 1485 1125 αὐτῷ
1524 1058 1660 1108 ἐστι.
1691 1056 1765 1108 Τὸ

1866 1051 1958 1116 sit,
2010 1065 2115 1102 non
2165 1049 2444 1118 polluitur.
2492 1049 2865 1105 Sanctilicatio
2913 1053 3056 1104 enim
3106 1052 3158 1106 itt
3221 1067 3286 1106 eo
3338 1063 3440 1107 est.

191 1147 296 1214 γὰρ
328 1146 472 1216 ἱερὸν
492 1185 506 1205 ,
539 1148 735 1218 μιαρὸν
762 1149 823 1200 οὐ
855 1149 1082 1214 γίνεται.

1869 1142 2096 1196 Sacrum
2143 1144 2312 1208 enim,
2342 1142 2614 1212 impurum
2643 1160 2755 1197 non
2779 1141 3029 1198 eIIicitur.

263 1239 362 1291 IE'.
408 1240 470 1290 Οἱ
506 1239 614 1290 ἀπὸ
639 1239 965 1302 παλλακίδος
1001 1240 1096 1292 καὶ
1140 1240 1397 1308 πορνείας
1421 1240 1514 1292 καὶ
1548 1240 1655 1292 ἀπὸ
1689 1240 1765 1292 διο

1944 1234 2058 1288 χγ.
2103 1233 2204 1300 Qui
2241 1250 2308 1288 ex
2345 1236 2651 1290 concubina
2684 1245 2737 1290 et
2766 1246 2971 1301 scorto,
3019 1246 3073 1290 et
3105 1252 3171 1290 ex
3213 1237 3443 1306 higamis

190 1329 387 1396 γάμων
432 1330 528 1383 καὶ
571 1330 680 1382 ἀπὸ
708 1331 1012 1400 τριγαμίας
1058 1331 1367 1399 τικτόμενοι
1405 1331 1624 1391 παῖδες,
1674 1329 1768 1382 ἐὰν

1868 1338 1922 1383 et
1955 1327 2203 1396 trigatnis
2235 1327 2364 1379 ‘nati
2399 1338 2546 1391 sunt,
2603 1328 2650 1382 si
2691 1330 2983 1384 virtutibus
3037 1329 3247 1400 praediti
3277 1342 3444 1400 appa-

192 1419 437 1487 φανῶσιν
478 1421 680 1488 ἀρετὰς
709 1420 923 1490 ἔχοντες
943 1463 958 1484 ,
979 1422 1074 1475 καὶ
1101 1421 1238 1474 εἰσὶν
1271 1419 1410 1485 ἄξιοι
1444 1420 1766 1492 ἱερωσύνης,

1519 1420 1766 1490 ιωσύνης,
1873 1431 2047 1483 reant,
2086 1429 2142 1473 et
2167 1420 2275 1473 sittt
2306 1422 2614 1475 sacerdotio
2643 1421 2811 1491 digni,
2842 1423 3180 1478 ordinentur.

190 1511 729 1580 χειροτονείσθωσαν.

269 1600 385 1668 lq".
417 1603 536 1672 Χρὴ
561 1605 631 1655 τὰ
660 1603 972 1657 ἀϐάπτιστα
1002 1603 1194 1674 νήπια,
1225 1603 1318 1657 ἐὰν
1349 1602 1550 1674 εὑρεθῇ
1583 1619 1667 1664 τις
1691 1603 1772 1664 εἰς

1946 1600 2085 1655 XVI.
2128 1601 2368 1655 infantes
2400 1618 2505 1655 non
2531 1603 2834 1673 baptizatos
2865 1615 3101 1674 oportet,
3120 1607 3162 1660 si
3191 1621 3298 1675 quo
3328 1607 3447 1662 loco

191 1695 360 1748 τόπον
397 1695 472 1765 μὴ
490 1696 643 1759 ὄντος
679 1698 892 1764 ἱερέως,
915 1697 1302 1766 βαπτισθῆναι.
1342 1697 1404 1749 Ei
1435 1697 1688 1766 βαπτίσει
1713 1695 1770 1748 δὲ

1875 1695 2181 1760 reperiatur
2233 1695 2378 1763 quis,
2421 1695 2509 1749 ubi
2552 1710 2657 1749 non
2703 1698 2773 1750 sit
2832 1699 3111 1764 sacerdos,
3163 1699 3443 1767 baptizari.

191 1787 292 1840 καὶ
339 1787 368 1837 ὁ
399 1786 528 1849 ἴδιος
562 1787 744 1858 πατὴρ
767 1829 780 1853 ,
812 1787 845 1858 ἧ
879 1788 1199 1858 οἱοσδήποτε
1229 1789 1553 1859 ἄνθρωπος,
1608 1787 1772 1859 μόνον
1806 1843 1845 1859 η

1806 1785 2026 1859 ηουοά
2079 1786 2123 1840 si
2170 1786 2252 1840 vel
2305 1795 2492 1854 pater,
2528 1798 2620 1841 ant
2662 1790 2892 1858 quilibet
2945 1790 3102 1856 alius,
3160 1792 3318 1845 modo
3381 1793 3450 1845 sit

191 1877 285 1928 ἵνα
320 1876 436 1929 ἐστὶ
463 1843 790 1948 Χβιστιανὺξ
811 1843 958 1942 ,ιούκ
986 1843 1132 1932 ἑσσιν
1160 1843 1426 1950 ἀμαρτιία.
1503 1843 1507 1848 Ι
1538 1843 1552 1853 1
1608 1843 1623 1859 ‘
1802 1843 1847 1899 Β

1802 1843 1847 1899 Β
1879 1876 2244 1941 Christianus,
2279 1877 2537 1946 baptizet,
2569 1843 2849 1947 peccatum
2885 1897 2990 1936 non
3027 1843 3340 1936 committit.

267 1970 367 2023 IZ'.
425 1969 549 2023 Ὀτι
601 1972 664 2023 οὐ
709 1972 817 2041 χρὴ
872 1973 1214 2044 μεταδιδόναι
1264 1975 1378 2035 τοῖς
1433 1971 1772 2043 λαμϐάνουσι

1955 1967 2116 2022 XVII.
2158 1966 2387 2022 Usuram
2422 1969 2813 2038 accipientibus
2855 1988 2959 2025 non
2993 1981 3120 2026 sunt
3141 1972 3447 2041 elargiendit

187 2061 392 2126 τὸκον,
441 2061 474 2132 ἧ
534 2064 835 2119 συνεσθίειν
884 2065 1098 2132 αὐτοῖς,
1135 2065 1455 2137 ἐπιμένουσι
1492 2070 1557 2138 τῇ
1590 2082 1773 2137 παρα-

1880 2066 2218 2116 sacrantenta
2250 2075 2264 2111 :
2299 2072 2398 2112 nec
2416 2073 2540 2112 cum
2577 2063 3049 2128 perseverantibus
3075 2063 3129 2118 in
3167 2063 3452 2133 iniquitate

189 2153 382 2224 νομίᾳ.

1881 2149 2250 2209 communiter
2285 2150 2441 2204 cibus
2477 2152 2794 2207 sumendus.

1519 2433 2134 2524 APPENDIX

1034 2612 1142 2673 AD
1179 2610 1547 2675 CANONES
1592 2607 2028 2670 NICEPHORI
2062 2610 2626 2672 PATRIARCHIE.

1311 2763 1407 2825 (Ex
1432 2761 1608 2824 Suppl.
1647 2757 1821 2818 “ausi,
1850 2763 1972 2811 tom.
2004 2759 2043 2819 Ι,
2069 2772 2181 2822 pag.
2217 2758 2352 2821 805.)

271 2999 466 3055 Sancti
497 2997 787 3070 Nicephori
813 3000 1398 3072 Constantinopolitani
1430 3000 1779 3073 patriarchae,
1893 3010 2134 3052 canones
2164 2994 2238 3049 illi
2265 2993 2500 3050 extracti
2536 2999 2683 3057 sunt,
2733 3001 2787 3046 et
2815 2993 3037 3063 quinam
3083 2998 3296 3045 exstent
3331 2989 3462 3042 editi

186 3100 250 3143 et
273 3093 598 3144 orthodoxa:
620 3092 685 3143 de
705 3093 1054 3147 veneratione
1071 3108 1379 3146 sanctarum
1401 3094 1696 3162 imaginum
1723 3090 1784 3145 Ιί-
1892 3089 1944 3142 in
1968 3088 2098 3141 Jure
2127 3086 2317 3142 Graeco
2343 3086 2588 3139 Romano
2608 3094 2662 3138 et
2690 3082 2815 3137 alibi
2839 3102 2854 3150 ;
2881 3083 2972 3153 qui
3001 3097 3129 3135 vero
3151 3097 3208 3134 se
3231 3082 3462 3149 primum

185 3181 284 3234 dei
314 3181 642 3234 confessoris
662 3182 1362 3250 egregii,canones,qnosin
1380 3183 1549 3236 variis
1567 3181 1786 3252 synodis
1813 3209 1856 3267 ο
1891 3190 2114 3232 eruente
2141 3178 2392 3244 prodant.
2426 3177 2694 3232 Caeterum
2730 3175 2990 3228 obscuros
3030 3173 3149 3226 illos
3184 3173 3338 3235 ritus,
3375 3169 3463 3238 qui

185 3276 319 3323 suis
355 3274 509 3324 t‘tltttii
536 3275 591 3324 Iit
625 3288 688 3326 ex
721 3274 844 3341 jure
871 3273 1059 3327 Graeco
1096 3273 1344 3326 Romano
1369 3283 1656 3340 excerptos
1685 3273 1782 3327 de-
1823 3262 1855 3267 ’⁷
1893 3270 1946 3323 in
1978 3269 2064 3323 his
2095 3271 2393 3322 canonibus
2421 3277 2743 3337 tanguntur,
2780 3267 2824 3321 si
2858 3266 2980 3334 quis
3015 3279 3176 3318 nosse
3213 3262 3462 3326 \‘0ltteril,

182 3364 276 3414 «lit
330 3361 578 3414 Liiiiileus
621 3374 749 3416 IOIII.
793 3361 887 3425 IX,
940 3380 1060 3432 pag.
1093 3363 1222 3428 587,
1255 3361 1477 3416 Veneta!
1505 3365 1779 3418 editionis.
1892 3361 2052 3413 adeat
2083 3358 2342 3414 Goarium
2377 3359 2428 3412 itt
2456 3358 2808 3425 Enchologio,
2844 3369 2904 3410 et
2935 3355 3200 3424 Cangintn
3232 3357 3281 3407 in
3306 3354 3463 3408 Glos-

183 3455 311 3505 δραι
354 3469 472 3503 cum
515 3454 586 3505 ibi
637 3455 805 3506 nnnili
839 3465 892 3508 et
947 3456 1073 3508 hinc
1123 3455 1249 3509 inde
1288 3456 1527 3524 excerpti
1568 3470 1789 3524 contpa-
1891 3452 2038 3506 sario
2099 3451 2426 3507 Graecitatis.
2492 3451 2585 3506 llis
2638 3466 2769 3504 vero
2836 3449 3136 3506 canonibns
3190 3446 3467 3516 sulujungit

183 3554 406 3608 rc.mt;
456 3546 919 3611 idcoitttegriores
956 3546 1075 3599 illos
1109 3547 1161 3599 in
1207 3562 1362 3612 non,
1401 3547 1445 3600 si
1479 3560 1598 3613 quae
1621 3546 1786 3598 ador-
1889 3543 2193 3599 Cotelerius
2247 3544 2534 3613 epistolam
2592 3540 2652 3596 S.
2709 3541 2996 3611 Nicepltori
3044 3541 3363 3610 patriarcha:
3416 3547 3466 3593 et

180 3649 457 3701 nan-vtnr,
525 3637 854 3692 Collectione
917 3639 1280 3693 Conciliorunt
1321 3647 1583 3706 optarunt
1651 3638 1786 3691 Ituc-
1892 3639 2236 3710 confessoris,
2282 3651 2442 3706 quam
2475 3635 2881 3704 inscriptionem
2935 3635 2987 3688 in
3020 3648 3121 3688 IIIS.
3156 3633 3342 3686 codice
3385 3645 3468 3684 re-

182 3747 384 3796 (hunc
429 3730 629 3781 habere
680 3731 876 3782 eruditi
911 3747 925 3784 :
963 3745 1137 3798 neque
1184 3745 1271 3782 res
1301 3740 1418 3782 erat
1464 3727 1740 3796 deplorata
1768 3768 1782 3792 ,
1893 3737 2070 3806 peril;
2104 3746 2222 3801 quae
2271 3744 2404 3784 sane
2451 3729 2676 3797 epistola
2730 3728 3024 3782 canonicos
3083 3725 3470 3794 responsiones

178 3835 332 3874 Cm"
390 3818 541 3886 Plura
585 3829 773 3872 esset“
814 3819 1084 3871 "Olllmiﬂil
1142 3833 1364 3882 excusa,
1419 3820 1562 3871 unde
1610 3817 1789 3886 collisi
1895 3827 1963 3880 ad
1998 3822 2454 3892 interrogationes
2493 3819 2778 3886 cujusdam
2807 3819 3052 3873 exhibet.
3083 3818 3181 3872 Diu
3218 3817 3470 3870 IIIIIilIIII:-

176 3908 541 3975 potuissent.
575 3918 628 3959 et
663 3908 715 3959 iu
765 3908 982 3960 easdem
1029 3905 1390 3960 Collectiones
1428 3905 1644 3961 referri.
1682 3905 1790 3960 Sed
1896 3930 2005 3986 que
2033 3914 2165 3968 haesi
2205 3925 2428 3978 anceps,
2461 3925 2584 3962 ntnn
2615 3909 2752 3961 hanc
2793 3908 2997 3976 pariter
3033 3907 3086 3960 in
3126 3922 3297 3959 tncatn
3332 3905 3468 3957 hanc

176 4001 361 4052 Itunc
410 3998 648 4049 laborent
705 3995 939 4050 Venetus
991 3996 1189 4051 Labbei
1245 3998 1422 4050 editor
1463 4006 1518 4050 et
1571 4003 1790 4066 supple-
1899 4006 2278 4061 collectionem
2313 3999 2594 4064 referrent,
2642 3999 2849 4052 veritus
2887 4013 2952 4051 ne
2994 3998 3136 4050 fttrlc
3171 4011 3277 4049 non
3311 3994 3475 4048 Nicc-

174 4106 284 4145 me.
321 4101 525 4167 .tornni
559 4099 749 4140 auctor
779 4088 995 4157 refugit.
1032 4087 1184 4140 Hunc
1227 4085 1341 4154 ejus
1394 4088 1661 4141 defectum
1709 4088 1797 4142 hic
1899 4094 2052 4164 phori
2115 4088 2694 4158 ConstantinOpoIitani
2757 4089 3100 4157 patriarcha),
3149 4089 3240 4142 sed
3279 4089 3474 4152 potius

186 4182 591 4249 supplendum
620 4180 772 4244 dmi,
806 4194 1042 4232 canones
1071 4179 1193 4233 illos
1215 4181 1482 4234 exhibens
1533 4182 1796 4251 integrio-

1904 4188 2144 4241 doctoris
2202 4183 2481 4252 cujusdam
2543 4182 2775 4251 privati,
2833 4194 3026 4247 nempe
3077 4179 3136 4232 S.
3203 4178 3469 4232 Theodori

174 4291 285 4328 res
330 4283 391 4324 et
438 4287 662 4325 numero
705 4273 962 4339 majores,
991 4272 1183 4339 quales
1210 4287 1277 4324 ex
1321 4287 1421 4325 ms.
1458 4274 1647 4326 codice
1681 4272 1798 4324 vnl-

1901 4278 2131 4332 Studitaa
2194 4276 2404 4330 sanetio
2472 4275 2718 4328 habenda
2780 4273 2871 4334 sit,
2926 4287 3047 4324 cum
3103 4272 3280 4338 reipsa
3335 4271 3475 4324 inter

167 4378 286 4432 gat
308 4364 357 4414 it
399 4359 704 4414 Cutelerius
730 4359 1054 4413 Monument.
1085 4371 1214 4414 tom.
1249 4359 1311 4412 Ill
1334 4398 1349 4423 ,
1389 4375 1511 4429 pag.
1539 4359 1667 4413 ιιὸ.
1700 4360 1795 4413 llis

1900 4370 2160 4440 epistolas
2213 4367 2272 4421 S.
2318 4365 2588 4419 Theodori
2640 4378 2670 4416 a
2721 4362 3015 4416 Sirmnndo
3075 4363 3249 4413 editas
3301 4362 3474 4414 locum

173 4468 343 4506 *ειίι
408 4450 653 4518 adiicere
688 4451 863 4503 Visum
896 4459 979 4504 εει
1012 4449 1252 4506 canones
1299 4451 1608 4515 ηοηιιιιηοε,
1662 4466 1798 4521 quos
1902 4475 2059 4516 suum
2097 4457 2354 4513 vindicet.
2406 4456 2602 4511 Verum
2650 4455 2832 4509 omnia
2887 4453 3076 4506 sedulo
3117 4452 3478 4521 perquirendo

167 4543 662 4610 ll.-rmenopnla:s
699 4545 883 4600 in.sna
935 4560 1206 4598 canonum
1243 4545 1481 4614 epitome
1535 4547 1795 4611 servavit,
1831 4537 1876 4593 Ι)
1899 4553 2010 4620 jam
2043 4549 2259 4604 tandem
2288 4549 2618 4616 comperisse
2655 4560 2740 4599 me
2763 4543 2998 4597 arbitror
3018 4543 3305 4610 epistolam
3341 4543 3481 4595 hanc

165 4639 249 4690 iis
315 4649 521 4686 tamen
571 4635 853 4700 detractis,
885 4650 1023 4704 quos
1051 4635 1162 4704 jam
1206 4636 1457 4690 Labbeus
1512 4637 1698 4701 dedit;
1731 4653 1796 4690 ex
1904 4649 2065 4712 plane
2097 4641 2470 4708 abnegaudam
2529 4651 2650 4691 esse
2686 4635 3027 4704 Nicephoro,
3086 4645 3140 4688 et
3192 4633 3480 4688 Theodoro

160 4729 434 4796 quibus.
463 4727 714 4778 υηηιδὺυε
762 4729 1106 4796 “uerisque.
1153 4741 1290 4793 (I003
1328 4742 1393 4780 εἰ
1444 4727 1575 4782 lure
1609 4725 1798 4782 Gram0
1905 4740 2132 4795 Studita:
2175 4736 2544 4790 asserendam.
2579 4734 2634 4786 Id
2669 4732 2802 4786 nnhi
2853 4732 3093 4785 indicare
3124 4733 3237 4783 visa
3266 4739 3351 4782 est
3382 4743 3481 4798 pe-

165 4822 471 4876 Rouaano
513 4814 761 4870 Labheus
808 4818 1069 4879 eorrasit,
1116 4819 1640 4887 integra,quantnm
1685 4820 1800 4874 ﬁeri

1909 4832 2094 4885 riocha
2157 4829 2242 4881 illa
2274 4842 2379 4897 qua
2431 4823 2662 4893 epistola
2716 4821 2986 4874 clauditur
3041 4837 3054 4873 :
3099 4819 3225 4873 "rec
3269 4820 3479 4886 quidem

192 4912 443 4980 potuit,
470 4907 716 4960 collcc:io
746 4923 1012 4961 canonum
1043 4905 1336 4977 Nicepltori
1393 4912 1716 4980 patriarcha:
1750 4913 1802 4966 itt
1906 4921 2023 4983 tibi,
2053 4930 2305 4987 tanquam
2335 4916 2597 4980 unanimi,
2634 4925 2680 4967 et
2721 4913 3106 4966 collaboratori
3160 4927 3252 4964 nos
3284 4927 3380 4979 pro
3413 4911 3482 4964 ei-

169 5002 571 5057 ljullcl'ttone
599 4998 967 5052 Conciliorutn
997 4999 1278 5053 habeatur.
1307 4999 1628 5070 Quanquam
1671 5017 1801 5057 vero
1911 5012 2054 5064 ribus
2109 5008 2475 5077 explicuimus'.
2535 5004 2613 5058 Tu
2647 5021 2764 5059 vero
2809 5015 2920 5057 tute
2972 5003 3250 5071 fratribus,
3287 5003 3377 5072 qui
3435 4992 3482 5054 te

160 5100 231 5152 ia
283 5096 398 5156 iis,
449 5105 588 5160 quos
621 5105 688 5144 ex
716 5083 986 5146 Cot'elerio
1023 5090 1259 5147 inferius
1288 5095 1542 5159 exhibeo,
1568 5109 1805 5150 canones
1906 5100 2386 5166 interrogaverunt,
2421 5098 2641 5159 tradita,
2686 5107 2792 5151 etc.
2833 5097 2937 5148 Ista
2981 5095 3200 5160 quidem
3257 5093 3484 5161 aqualis

158 5191 446 5257 quidam
480 5193 802 5247 occnrrnnt,
833 5198 972 5253 quos
1025 5184 1231 5254 pariter
1263 5186 1430 5240 habes
1474 5187 1615 5255 apud
1660 5184 1796 5240 !.fnb-
1914 5202 2043 5247 sunt
2081 5191 2149 5244 ad
2179 5193 2460 5260 aequalem,
2490 5190 2668 5259 qualis
2707 5191 2952 5258 prol’ecto
2991 5196 3110 5240 erat
3165 5185 3474 5241 Methodius

157 5282 373 5338 belli“
456 5285 741 5340 repetitos,
804 5273 1136 5329 omittendos
1203 5286 1379 5329 tamen
1432 5292 1538 5331 non
1596 5279 1803 5342 censui,
1912 5283 2211 5336 monachus
2270 5281 2377 5350 (cui
2413 5281 2671 5346 inscripta
2730 5280 2846 5332 haec
2875 5277 3106 5345 epistola
3141 5277 3282 5331 inter
3311 5291 3477 5344 opera

165 5382 312 5424 tum
360 5377 452 5418 ne
477 5360 872 5417 Collectionent
896 5377 1166 5417 canonum
1201 5363 1516 5434 Nicephori,
1550 5381 1711 5435 quam
1753 5368 1805 5419 in
1912 5373 2187 5428 Theodori
2224 5372 2448 5426 Stndita:
2484 5370 2725 5440 legitur),
2771 5385 2898 5438 erga
2929 5371 3176 5423 entndcm
3231 5368 3482 5422 'l‘heodo-

157 5457 387 5516 veteri
456 5455 646 5508 codice
704 5453 1012 5509 Cotelerius
1059 5453 1324 5522 offendit,
1368 5457 1419 5510 in
1475 5459 1656 5527 aliquo
1707 5459 1808 5512 tni-
1915 5481 2031 5518 runt
2062 5463 2366 5525 Stnditam,
2402 5461 2547 5513 nulla
2582 5476 2710 5514 vero
2741 5461 3019 5528 dignitatis
3054 5459 3289 5528 aequatio
3319 5460 3488 5514 inter-

157 5561 486 5608 nuerem.
523 5561 650 5598 cum
687 5547 849 5600 etiam
883 5548 935 5600 ill
964 5549 1193 5616 gratiam
1232 5550 1589 5604 accuratioris
1609 5552 1810 5604 νειοῖο·
1913 5556 2110 5609 cedere
2154 5556 2296 5607 inter
2346 5551 2678 5605 Hcthodiunt
2730 5561 2785 5604 et
2825 5551 3195 5618 Nicephorum
3237 5559 3481 5619 poterat;

157 5646 277 5702 nis
343 5657 383 5694 a
467 5637 743 5693 Cutelerio
791 5642 1094 5695 adornatae.
1150 5639 1405 5695 Cotelcrii
1467 5657 1595 5696 vero
1652 5652 1808 5697 notas
1916 5662 2087 5714 quare
2108 5659 2170 5698 ea
2193 5644 2438 5712 neglecta
2466 5642 2912 5712 ntpotehoniinis
2938 5641 3135 5710 privati
3167 5643 3484 5700 monitione.

157 5731 571 5806 atljicicndas
619 5730 843 5786 minimc
875 5733 1086 5796 censui,
1119 5736 1263 5804 quod
1319 5733 1451 5787 nihil
1495 5735 1810 5804 plerumque
1914 5754 2019 5790 non
2050 5736 2310 5792 canonica
2337 5736 2575 5806 episcopi
2605 5735 2915 5800 sanctione,
2945 5734 3152 5804 reliqua
3182 5748 3247 5788 ex
3271 5733 3487 5790 Cotclc-

168 5831 359 5888 aliud
417 5824 630 5883 ferant.
677 5841 836 5892 quam
861 5825 1121 5882 indicium
1155 5827 1481 5894 pluteorum,
1513 5844 1576 5881 cs
1614 5827 1809 5896 quibus
1916 5829 1994 5882 rio
2023 5829 2232 5882 damus.
