4206 6440
806 366 910 427 859

1846 355 1904 413 5.
1944 348 2358 413 NICEPHORI
2397 347 2899 410 PATRIAIICH/E
2937 355 3044 415 (ΞΡ.

3953 359 4052 418 δδίι

877 471 1044 526 XXX.
1077 472 1132 526 Si
1160 472 1325 527 laicus
1352 474 1531 538 lapsus
1554 482 1681 524 suos
1709 478 1900 536 sponte
1927 465 2207 520 confessus
2243 464 2361 517 fue-
2390 464 2417 518 Α

2532 461 2609 514 Δ’.
2683 463 2807 514 Ἐὰν
2873 464 3336 537 ἐξομολογήσηται
3391 469 3576 532 λαῖκὺς
3617 471 3649 509 ι
3719 468 3791 521 τὰ
3849 466 4046 520 ἑαυτοῦ

803 566 896 627 rit,
931 565 1384 631 dispensationem
1435 560 1695 615 adhibere
1728 570 1900 629 potest
1935 559 2025 627 qui
2053 555 2355 612 confessio-

804 671 927 708 nem
970 670 1044 706 rei
1065 655 1180 721 ipit.

875 745 1068 798 XXXI.
1097 743 1171 797 Es
1202 743 1438 812 episcopi
1463 742 1838 812 permissione,
1875 739 2038 793 etiam
2071 736 2352 806 presbyter

803 836 1201 902 stauropegium
1225 834 1371 898 facit,
1393 849 1485 888 seu
1509 835 1803 887 solemnem
1826 831 2006 884 crucis
2028 829 2361 881 infixionem.

876 924 1086 978 XXXII.
1134 925 1367 980 Usuram
1419 923 1807 992 accipientibus
1863 936 1968 975 non
2011 927 2137 973 sunt
2189 919 2364 971 danda

804 1026 1167 1078 sacramenta,
1192 1031 1361 1083 neque
1391 1030 1513 1067 cum
1551 1014 1616 1067 iis
1648 1022 1860 1081 oportet
1881 1011 2166 1064 convivere
2194 1023 2364 1076 quan-

803 1109 895 1159 iiiu
931 1108 982 1159 in
1013 1107 1294 1174 iniquitate
1327 1105 1815 1174 perseveraverint.

877 1197 1114 1252 XXXIII.
1152 1196 1376 1264 Oportet
1403 1197 1695 1250 monachos
1719 1192 1974 1261 jejunare
2001 1198 2194 1259 quarta
2229 1187 2364 1241 feria

806 1289 1156 1342 hebdomadas:
1207 1286 1456 1341 lacticinii
1505 1299 1569 1338 ac
1615 1284 1940 1349 Parasceve,
1973 1291 2031 1338 et
2063 1290 2187 1350 post
2222 1278 2365 1333 Prae-

803 1379 1265 1432 sanctificatorum
1311 1379 1474 1431 finem
1507 1379 1990 1445 dimisslonemque
2018 1388 2238 1428 caseum
2273 1383 2364 1424 co-

807 1469 1056 1531 medere,
1091 1470 1302 1522 obicum
1340 1469 1729 1532 habitaverint;
1777 1467 1844 1520 ad
1888 1465 2230 1519 eversionem
2264 1462 2361 1515 do-

804 1563 1000 1627 gtnatis
1027 1558 1235 1624 Jacobi,
1259 1571 1419 1628 atque
1446 1562 1712 1614 haereseos
1746 1560 2168 1614 Tetraditarum.

877 1649 1113 1704 XXXIV.
1149 1651 1205 1704 Si
1243 1653 1363 1719 quis
1410 1652 1709 1704 concubina
1759 1661 1940 1713 utens,
1973 1664 2078 1702 non
2128 1646 2244 1698 vult
2272 1654 2365 1698 aut

806 1741 953 1793 illam
991 1744 1319 1808 relinquere,
1351 1751 1444 1794 aut
1474 1741 1851 1794 benedictione
1881 1738 2097 1802 donari,
2143 1744 2198 1789 et
2241 1749 2362 1788 cum

2470 551 2761 621 σφάλματα
2799 557 2864 607 ἐκ
2895 557 3284 627 προαιρέσεως,
3315 558 3540 614 δύναται
3577 559 3807 628 ποιῆσαι
3841 560 4048 610 οἰκονο-

2471 642 2600 712 μίαν
2621 645 2650 695 ό
2670 644 2977 714 δεχόμενος.

2538 736 2664 788 AA'.
2701 737 2835 788 Κατ’
2859 738 3162 810 ἐπιτροπὴν
3188 739 3283 794 τοῦ
3315 739 3619 793 ἐπισκόπου
3645 743 3794 793 me?
3822 755 4051 807 σταυρο-

2469 825 2581 894 πήγ
2590 843 2664 878 ιον
2687 829 2780 879 καὶ
2812 829 3201 901 πρεσϐύτερος.
3676 898 3685 905 ,

2538 917 2660 970 AB’.
2718 921 2838 972 Ὅτι
2886 922 2949 973 οὐ
2995 923 3101 992 χρὴ
3150 923 3491 993 μεταδιδόναι
3539 927 3655 986 τοῖς
3705 924 4049 992 λαμϐάνουσι

2467 1007 2647 1073 τόκον,
2684 1010 2716 1079 ἢ
2750 1011 3054 1064 συνεσθίειν
3084 1013 3288 1079 αὐτοῖς,
3339 1015 3657 1084 ἐπιμένουσι
3703 1016 3773 1083 τῇ
3811 1028 4052 1081 παρανοο

2473 1101 2589 1170 μίᾳ.

2539 1189 2659 1245 Al".
2700 1194 2792 1245 Δεῖ
2821 1193 3102 1262 νηστεύειν
3129 1194 3256 1257 τοὺς
3288 1195 3559 1264 μονσχοῦς
3589 1196 3655 1264 τῇ
3688 1193 3930 1261 Τετραδι
3958 1192 4049 1254 τῆς

2469 1282 2800 1352 τυροφάγου,
2839 1285 2928 1335 καὶ
2954 1286 3020 1353 τῇ
3043 1285 3377 1355 Παρασκευῇ
3405 1301 3418 1314 ο
3445 1287 3539 1337 καὶ
3605 1285 3742 1354 μετά
3771 1283 3876 1353 τὴν
3912 1283 3954 1333 ll
3967 1297 4049 1349 ρο-

2471 1372 2821 1442 ηγιασμένων
2841 1373 3109 1426 ἀπόλυσιν
3131 1375 3340 1427 ἐσθίειν
3366 1376 3531 1445 τυρὸν
3561 1377 3605 1439 ί,
3628 1377 3737 1442 61:7,
3774 1373 3787 1422 ι
3827 1373 3895 1424 ἂν
3931 1377 4023 1424 ὲπι

2473 1463 2852 1534 χωριάζωσιν·
2895 1466 2973 1528 είς
3015 1465 3333 1535 ἀνατροπὴν
3367 1465 3460 1518 τοῦ
3508 1465 3779 1534 δόγματος
3814 1462 3914 1515 τοῦ
3949 1461 4051 1515 Ἰα-

2472 1556 2673 1619 κώϐου,
2711 1555 2806 1606 καὶ
2837 1557 2936 1625 τῆς
2969 1555 3079 1607 τῶν
3107 1556 3449 1625 Τετραδιτῶν
3477 1556 3762 1626 αἱρέσεως.

2540 1649 2659 1699 ΛΔ⁹.
2702 1645 2770 1701 Εἴ
2791 1664 2874 1708 τις
2911 1647 3191 1717 παλλακὴν
3239 1651 3600 1717 κεκτημένος,
3630 1649 3691 1699 οὐ
3727 1647 3988 1716 βούλεται
4018 1651 4047 1718 ἢ

2474 1741 2792 1793 καταλιπεῖν
2822 1740 3011 1809 αὐτὴν,
3047 1740 3082 1811 ἢ
3124 1740 3488 1811 εὐλογηθῆναι
3519 1742 3613 1794 καὶ
3652 1743 3797 1809 μετὰ
3847 1742 4050 1809 ἱερολοο

807 1833 1130 1884 sacramenti
1175 1833 1276 1884 ritu
1314 1847 1431 1884 eam
1473 1834 1694 1896 habere,
1729 1847 1832 1884 non
1863 1840 2079 1899 oportet
2123 1827 2364 1896 recipere
2398 1807 2417 1862 Ι

2476 1827 2592 1894 γίας
2625 1827 2788 1896 ἔχειν,
2819 1829 2880 1880 οὐ
2907 1807 3011 1899 χρὴ
3035 1807 3282 1899 δέχεσθαι
3422 1832 3553 1899 παρ’
3600 1807 3765 1882 auso-3
3807 1807 4050 1898 προσφεο

808 1938 926 1990 qua:
949 1926 1015 1976 ab
1045 1923 1159 1993 ipso
1187 1924 1435 1977 ecclesias
1464 1922 1786 1986 afferentur,
1817 1923 1975 1991 cujus
2003 1921 2215 1976 divinas
2245 1935 2368 1974 san-

805 2014 1021 2066 ctiones
1049 2014 1301 2081 operibus
1332 2014 1637 2068 contemnit
1670 2014 2112 2082 contumeliaqne
2137 2011 2321 2067 allicit.

882 2102 1096 2156 XXXV.
1159 2105 1214 2157 Si
1261 2105 1580 2168 monachus,
1612 2115 1800 2158 sancto
1869 2104 2052 2158 habitu
2103 2104 2366 2172 deposito,

807 2211 1024 2249 carnem
1094 2196 1411 2262 comederit,
1476 2211 1806 2264 uxoremque
1859 2197 2096 2262 duxerit,
2157 2206 2371 2264 oportet

806 2301 954 2346 eum,
998 2289 1240 2340 converti
1300 2287 1600 2352 nolentem,
1647 2289 1978 2341 anathemati
2012 2288 2280 2352 submitti,
2317 2297 2370 2341 et

808 2379 1034 2431 invitum
1073 2379 1384 2432 monasticis
1418 2379 1662 2432 vestibus
1693 2379 1863 2444 indtti,
1901 2388 2063 2448 atque
2100 2380 2152 2432 in
2187 2393 2371 2432 mona-

806 2471 977 2524 sterio
997 2470 1261 2524 concludi.

879 2561 1122 2616 XXXVI.
1156 2562 1256 2628 Qui
1288 2562 1370 2616 vel
1399 2567 1565 2619 semel
1592 2565 1885 2619 fornicatus
1903 2573 2006 2627 est,
2032 2575 2369 2630 nequaquam

808 2654 1109 2716 ordinetur,
1157 2655 1371 2708 tametsi
1400 2670 1429 2708 a
1467 2655 1593 2710 vitio
1644 2655 1993 2710 abscesserit.
2048 2655 2137 2707 Ait
2173 2654 2370 2721 quippe

811 2757 1040 2810 magnus
1075 2741 1336 2796 Basilius:
1373 2763 1391 2795 ι
1428 2743 1577 2799 Licet
1606 2747 1765 2799 homo
1799 2744 2368 2813 hujusmodimortuos

810 2832 1173 2892 suscitaverit,
1203 2835 1454 2885 sacerdos
1483 2849 1589 2886 non
1618 2833 1729 2887 fiet.
1771 2851 1789 2882 ι
1809 2886 1821 2899 κ

882 2920 1143 2975 XXXVII.
1186 2923 1412 2987 Quando
1441 2924 1734 2992 Apostolus
1757 2925 1886 2978 dicit
1914 2939 1928 2976 :
1962 2921 2019 2977 Si
2056 2923 2171 2991 quis
2199 2921 2370 2989 frater

2474 1919 2767 1989 ρόμενατῇ
2814 1919 3099 1989 ἐκκλησίᾳ,
3133 1913 3202 1990 ἧς
3253 1922 3381 1983 τοὺς
3431 1919 3610 1982 θείους
3674 1920 3918 1990 θεσμοὺς
3969 1919 4052 1972 διὰ

2469 2010 2577 2063 τῶν
2607 2009 2782 2079 ἔργων
2816 2011 3168 2080 καταφρονῶν
3203 2011 3493 2080 ἑνυϐρίζει.

2541 2105 2664 2158 ΛΕ’.
2710 2103 2835 2155 Ἐὰν
2889 2105 3118 2175 μοναχὸς
3151 2104 3212 2158 τὸ
3261 2106 3418 2173 ἅγιον
3463 2103 3807 2173 ἀποθέμενος
3867 2104 4052 2174 σχῆμα

2472 2198 2840 2267 κρεωφαγήσῃ
2868 2197 2960 2249 καὶ
2981 2201 3214 2264 γυναῖκα
3245 2197 3408 2269 λάϐῃ,
3440 2199 3522 2251 δεῖ
3546 2197 3622 2269 μὴ
3650 2199 4052 2267 ἐπιστρέφοντα

2471 2287 2691 2352 τοῦτον,
2727 2288 3030 2356 ἀναθέματι
3062 2288 3574 2359 καθυποϐληθῆναι,
3614 2291 3710 2342 καὶ
3746 2289 3958 2341 ἄκοντα
3987 2289 4051 2340 τὰ

2476 2377 2744 2447 μοναχικά
2786 2379 3102 2448 ὲνδυθῆναι,
3167 2379 3262 2431 καὶ
3294 2382 3644 2451 μοναστηρίῳ
3694 2383 4053 2448 ἐγκατακλει-

2474 2470 2686 2540 σθῆναι.

2543 2561 2683 2628 AC’.
2716 2563 2788 2614 Ού
2817 2562 2898 2614 δεῖ
2915 2562 3005 2615 τὸν
3029 2561 3176 2629 ἅπαξ
3195 2563 3568 2634 πορνεύσαντα
3599 2561 4050 2631 χειροτονεῖσθαι,

2473 2651 2521 2704 εί
2551 2652 2647 2704 καὶ
2678 2651 2767 2704 τοῦ
2820 2652 3025 2715 πάθους
3058 2653 3269 2724 ἀπέστη
3294 2669 3308 2682 ·
3370 2653 3503 2722 φησὶ
3535 2652 3643 2722 γὰρ
3671 2653 3702 2702 ὁ
3733 2651 3914 2719 μέγας
3950 2651 4054 2702 Βα-

2476 2741 2694 2803 σίλειος.
2736 2761 2754 2792 ι
2793 2741 2856 2795 Ei
2882 2744 2974 2796 καὶ
3000 2745 3228 2815 νεκροὺς
3273 2745 3469 2814 ἀνιστᾷ
3513 2746 3541 2796 ὁ
3571 2742 3838 2804 τοιοῦτος,
3879 2742 4053 2810 laps-3;

2472 2832 2532 2884 οὐ
2565 2834 2852 2903 γενήσεται
2881 2834 2928 2886 II.
2945 2853 2962 2885 ι

2543 2923 2663 2976 ΛΖ’.
2717 2925 2776 2976 '0
2838 2926 3163 2989 ’Δπόστολος
3185 2926 3382 2993 λέγων,
3410 2925 3481 2979 El
3508 2941 3598 2987 τις
3625 2923 3901 2990 ἀδελφὸς
3926 2923 4054 2973 c'ro—

810 3013 1108 3065 nominalus
1155 3016 1222 3066 sit
1263 3015 1590 3082 fornicator,
1628 3031 1745 3068 cum
1788 3015 2046 3084 ejusmodi
2075 3029 2167 3066 nec
2200 3012 2372 3065 cibum

2476 3012 2794 3083 μαζύμενος
2807 3010 2848 3085 ᾖ
2863 3015 3108 3082 πόρνος-ι
3122 3057 3136 3080 ,
3155 3014 3234 3080 τῷ
3248 3017 3494 3078 τοιούτῳ
3503 3013 3658 3081 μηδὲ
3676 3013 4052 3072 συνεσθίειν,

809 3119 1011 3156 sumere
1034 3103 1085 3169 ’ς
1118 3119 1220 3155 ιιοη
1257 3119 1416 3172 quem
1462 3105 1551 3158 ille
1581 3115 1636 3159 et
1678 3106 1765 3158 ille
1809 3104 2166 3158 fornicantem
2199 3101 2368 3164 novit,
2400 3131 2417 3190 ⁴

2476 3106 2572 3174 οὐχ
2599 3106 2658 3159 ὃν
2691 3108 2718 3159 ὀ
2747 3107 2894 3158 δεῖνα
2927 3109 3021 3161 καὶ
3042 3110 3070 3160 ὁ
3091 3109 3237 3160 δεῖνα
3284 3103 3389 3159 εἶδε
3422 3118 3462 3145 ιιι
3511 3104 3850 3172 πορνεύοντα
3880 3102 4058 3165 λέγειν

812 3194 1028 3244 vidi-tur
1057 3193 1263 3257 dicere,
1289 3197 1383 3247 sed
1409 3196 1760 3260 nominatum,
1792 3196 1909 3248 sive
1942 3195 2155 3248 cunctis
2189 3194 2374 3259 cogni-

813 3290 946 3334 tum.
979 3280 1112 3333 Nam
1162 3298 1281 3350 quae
1321 3284 1664 3351 impudenter
1697 3285 2108 3337 committuntur
2141 3283 2367 3345 delicta,

814 3373 1044 3441 majores
1071 3388 1255 3442 pinnas
1286 3375 1590 3430 attrahunt.

1125 3483 1210 3536 sx
1260 3463 1647 3561 assumens
1694 3484 2062 3541 NICEPIIORI
2160 3457 2162 3459 ’

812 3589 1140 3645 διιηειὲεεὶηιί
1175 3594 1635 3648 Pniriarchw'CP.
1669 3609 1714 3648 et
1758 3599 2082 3663 acumenici,
2125 3615 2188 3651 es:
2213 3599 2372 3666 ipsius

1147 3666 1507 3718 ecclesiasticis
1535 3669 2019 3739 constitutionibus.

881 3813 1014 3868 Can.
1052 3813 1096 3868 l.r
1129 3816 1183 3868 In
1212 3818 1475 3872 ecclesias
1502 3819 1569 3873 ab
1603 3821 1876 3874 haereticis
1907 3820 2368 3876 intbronizatione

810 3898 1108 3964 dedicatas,
1141 3905 1346 3971 ingredi
1382 3921 1446 3959 ex
1483 3909 1827 3971 necessitate,
1861 3909 2005 3961 velut
2039 3910 2089 3961 in
2124 3925 2372 3962 cominu-

812 4004 911 4044 nes
937 3993 1101 4053 mdcs,
1148 4003 1202 4047 et
1254 3995 1306 4047 in
1349 3997 1413 4048 iis
1455 3997 1556 4049 fisa
1611 3999 1661 4050 in
1716 4000 1892 4052 medio
1945 4016 2106 4053 cruce
2147 4002 2379 4068 psallere

815 4083 1214 4150 permittimus;
1274 4102 1376 4139 non
1421 4097 1597 4141 tamen
1653 4091 1702 4142 in
1749 4091 1919 4145 altare
1967 4092 2197 4161 ingredi,
2255 4093 2377 4146 thus

814 4175 1053 4236 adolere,
1085 4191 1297 4242 precem
1329 4193 1611 4250 peragere,
1648 4196 1745 4235 nec
1770 4185 2047 4238 candelam
2077 4195 2170 4236 aut
2204 4184 2378 4238 lucer-

816 4276 940 4313 nam
969 4267 1291 4320 accendere.

892 4352 975 4406 Vl.
1005 4353 1325 4410 Monachum
1357 4361 1445 4426 qni
1497 4373 1745 4417 sanctum
1803 4365 2048 4419 habitum
2104 4368 2375 4436 deposuit,

2475 3198 2642 3259 δοκεῖ,
2671 3197 2806 3249 ἀλλά
2829 3197 2920 3248 τὸν
2957 3197 3378 3266 ὀνομαζόμενον,
3435 3196 3554 3260 ἦτοι
3609 3195 3748 3245 πᾶσι
3783 3191 4054 3258 γινωσκό-

2479 3303 2637 3356 μενον
2661 3303 2673 3316 ·
2703 3287 2771 3339 τά
2793 3286 2899 3356 γάρ
2920 3287 3291 3356 ἀναισχύντως
3311 3287 3421 3356 πλη
3430 3283 3638 3354 μμελού
3647 3300 3811 3352 μενα,
3839 3282 4058 3333 πλείοια

2476 3376 2574 3446 τὴν
2603 3377 2872 3448 τιμωρίαν
2904 3377 3216 3445 ἐφέλκεται.

2924 3492 3015 3544 ΕΚ
3058 3491 3193 3543 ΤΩΝ
3249 3489 3580 3544 ΚΑΝΟΝΩΝ

2484 3604 2591 3657 Τοῦ
2627 3604 3074 3670 «aranturde
3103 3606 3444 3673 Νικηφόρον
3477 3599 3885 3676 πατριάρχου-
3904 3601 4056 3676 Κίον-

2546 3676 3103 3738 σταντινουπόλεως
3132 3676 3228 3726 καὶ
3257 3671 3696 3739 οἰκουμενικοῦ,
3721 3672 3790 3724 ἐκ
3812 3671 3937 3720 τῶν
3965 3671 4056 3718 ἐκ·

2547 3743 2992 3808 κλησιαστικῶν
3027 3745 3242 3796 τούτου
3281 3741 3659 3804 συντάξεων.

2549 3832 2688 3885 Καν.
2726 3833 2802 3885 A'.
2839 3833 2950 3893 Τὰς
2991 3833 3291 3903 ἐκκλησίας
3343 3833 3441 3894 τὰς
3477 3833 3581 3884 ὑπὸ
3611 3831 3922 3902 αἱρετικῶν
3969 3831 4052 3878 ὲν-

2480 3921 2906 3993 θρονιασθείσας,
2938 3925 3426 3996 παρακελευόμεθα
3459 3925 3534 3985 ὡς
3566 3925 3645 3986 είς
3677 3927 3866 3975 κοινὴν
3914 3921 4057 3978 οἷκον

2481 4016 2618 4068 κατὰ
2682 4016 2926 4084 ἀνάγκην
2977 4017 3198 4068 εἰσιέναι
3254 4018 3349 4068 καὶ
3397 4015 3639 4084 ψάλλειν,
3674 4015 3962 4084 πήξαντας
4005 4018 4060 4066 ὲν

2484 4106 2636 4174 μέσῳ
2674 4105 2934 4175 σταυρόν’
2962 4107 3018 4157 ὲν
3061 4106 3117 4158 δὲ
3167 4104 3244 4174 τῷ
3275 4105 3666 4174 θυσιαστηρίῳ,
3703 4108 3848 4174 μήτε
3888 4107 4058 4174 εἰσέρ-

2481 4195 2690 4264 χεσθαι,
2728 4197 2866 4264 μήτε
2914 4196 3134 4266 θυμιᾷν,
3189 4198 3324 4266 μήτε
3380 4198 3545 4268 εὐχὴν
3596 4199 3898 4262 ἐπιτελεῖν,
3930 4199 4058 4267 μήτε

2483 4288 2748 4356 κανδήλαν
2775 4288 2806 4357 ἢ
2849 4288 3038 4356 λύχνον
3065 4289 3277 4346 ἅπτειν.

2555 4379 2646 4441 ς’.
2687 4378 2808 4430 Ὀτι
2862 4379 2943 4431 δεῖ
2997 4379 3089 4431 τὸν
3136 4379 3432 4434 ἀθετοῦντα
3489 4380 3721 4450 μοναχὸν
3779 4381 3844 4431 τὸ
3913 4380 4062 4448 apo»

818 4454 1114 4510 rursusque
1133 4447 1494 4511 convertitur,
1531 4462 1744 4518 oportet
1775 4468 1802 4505 a
1840 4453 2098 4510 fratribus
2121 4454 2173 4509 in
2201 4456 2379 4509 oﬂicio
2410 4455 2417 4508 1

2489 4470 2694 4536 σχῆμα,
2745 4469 2837 4519 καὶ
2883 4470 3044 4521 πάλιν
3086 4447 3504 4540 ἐπιστρέφοντα,
3541 4447 3912 4538 κατηχεῖσθαι
3963 4468 4062 4522 ὑπὸ

818 4529 1054 4595 institui,
1113 4549 1220 4588 non
1284 4547 1461 4591 tamen
1518 4555 1613 4608 per
1665 4541 2014 4607 Catecbeses,
2220 4556 2380 4614 prout

818 4624 1112 4692 unicuique
1162 4628 1538 4695 suppeditatur
1585 4647 1649 4686 ex
1689 4634 1871 4688 verbis
1912 4633 2145 4689 Domini.
2183 4639 2289 4690 Sed
2322 4649 2376 4693 et

815 4716 1046 4785 psallere
1094 4728 1306 4785 oportet
1359 4724 1798 4789 compunclivum
1853 4741 2118 4780 canoneni
2174 4729 2376 4798 obliqui

821 4807 951 4865 toni.
992 4821 1057 4861 ac
1111 4824 1311 4876 ponere
1345 4812 1512 4878 ipsius
1549 4823 1727 4867 vestes
1780 4817 1830 4868 in
1883 4817 2045 4871 altari
2093 4822 2193 4872 sub
2223 4836 2378 4889 saera

820 4913 1027 4962 mensa,
1057 4910 1114 4951 ut
1143 4915 1266 4954 eum
1316 4901 1534 4956 habitus
1565 4905 1832 4972 sumitur;
1867 4918 2028 4978 atque
2053 4921 2172 4978 post
2206 4911 2384 4966 Evan-
2411 4916 2417 4922 ’

818 4990 1015 5058 griinm
1073 4985 1250 5045 missm
1299 4997 1612 5048 monasterii
1660 5000 1983 5066 praepositus
2047 5002 2207 5056 debet
2257 5018 2380 5057 eum

821 5080 1068 5139 tondere,
1105 5088 1159 5131 et
1225 5080 1415 5134 habitu
1471 5083 1716 5149 Induere,
1770 5089 1974 5157 absque
2031 5089 2140 5144 ulla
2193 5091 2383 5145 excla-

820 5166 1082 5220 matione.

892 5254 982 5309 IX.
1022 5256 1097 5310 Ex
1131 5263 1408 5315 sacerdote
1432 5264 1523 5334 qni
1551 5267 1760 5334 quartis
1791 5268 2066 5337 sextisqne
2093 5270 2247 5328 feriis
2276 5288 2380 5327 non

814 5349 1047 5419 ieiunat,
1079 5357 1588 5412 communicandum
1628 5377 1730 5414 non
1765 5373 1879 5425 est,
1911 5367 2160 5431 quamvis
2189 5370 2376 5422 ortho-

821 5448 996 5494 dosns
1017 5458 1137 5497 esse
1169 5447 1436 5503 videatur.
1474 5449 1682 5505 Etenim
1713 5468 1778 5506 ex
1817 5465 1969 5522 parte
2001 5458 2085 5524 pie
2116 5474 2296 5528 agere,
2331 5470 2384 5514 et

818 5547 885 5586 ex
923 5543 1074 5600 parte
1125 5537 1418 5607 inquinari,
1457 5543 1744 5611 profanum
1781 5546 2156 5618 impurumqne
2187 5562 2286 5606 est.

891 5647 909 5676 '
953 5647 968 5699 Ι
1001 5646 1126 5700 Cor.
1163 5664 1209 5709 ν,
1250 5651 1335 5706 ll.

891 5771 911 5796 "
955 5761 1024 5814 ul.
1055 5760 1333 5831 κοσμικός.

1420 5769 1428 5803 ¹
1461 5767 1531 5818 ul.
1560 5767 1718 5837 τυρὸν
1746 5770 1833 5822 καὶ
1859 5768 1959 5824 ὑλ.
2043 5770 2056 5822 i
2108 5773 2180 5829 nl.
2212 5778 2370 5834 ὅπου).
2452 5779 2475 5819 li
2516 5781 2589 5833 ul.
2621 5778 2829 5846 γίνεται
2861 5786 2914 5834 ct
2935 5776 3179 5850 γένηται.

2486 4560 2593 4612 τῶν
2623 4559 2867 4628 ἀδελφῶν
2893 4561 2959 4612 τά
2989 4561 3198 4622 δέοντα.
3239 4561 3353 4613 ἀλλ’
3384 4563 3501 4630 οὐχὶ
3550 4563 3614 4613 ὲκ
3655 4561 3766 4613 τῶν
3799 4561 4061 4630 Κατῃχή-

2491 4667 2660 4711 σεων,
2714 4651 2830 4702 ἀλλ’
2870 4652 3100 4714 ἕκαστος
3143 4651 3201 4715 ὲξ
3231 4645 3307 4704 ὧν
3346 4653 3764 4720 ἐπιχορηγεῖται
3793 4652 3908 4704 ὑπὸ
3974 4649 4062 4702 τοῦ

2489 4741 2696 4810 Κυρίου
2727 4740 2927 4807 λόγωνο
2952 4741 3042 4792 καὶ
3067 4739 3288 4809 ψάλλειν
3321 4741 3412 4792 τὸν
3439 4739 3834 4792 κατανυκτικδν
3864 4738 4061 4792 κανόνα

2487 4830 2582 4882 τοῦ
2617 4831 2845 4897 πλαγίου
2873 4832 3005 4900 {meo
3039 4847 3053 4861 '
3081 4833 3174 4883 καὶ
3207 4829 3413 4884 τιθέναι
3455 4831 3522 4882 τά
3579 4831 3774 4898 ίμὰτια
3803 4830 3978 4882 αὑτοῦ
4007 4832 4062 4880 ἐν

2486 4919 2563 4987 τῷ
2615 4919 2986 4989 θυσιαστηρίῳ
3028 4920 3286 4972 ὑποκάτω
3315 4920 3413 4988 τῆς
3453 4920 3613 4985 ἁγίας
3651 4919 3967 4986 τραπέζης,
3992 4920 4063 4970 ὡς

2488 5011 2580 5062 ἐπὶ
2627 5011 2719 5062 τοῦ
2763 5013 3040 5081 σχήματος
3073 5027 3088 5042 ·
3120 5013 3213 5064 καὶ
3261 5011 3368 5064 ἀπὸ
3407 5010 3503 5063 τοῦ
3568 5010 3917 5074 Εὑαγγελίου
3973 5010 4063 5075 τῆς

2487 5099 2828 5169 λειτουργίας
2876 5099 3158 5170 κουρεύειν
3201 5101 3362 5152 αὐτόν
3417 5100 3509 5150 τὸν
3554 5097 3865 5167 ἡγούμενον
3902 5115 3916 5126 ·
3977 5099 4065 5148 καὶ

2488 5189 2693 5243 ἑνδύειν
2721 5193 2782 5241 τὸ
2809 5191 2992 5260 σχῆμα
3019 5190 3184 5258 μηδὲν
3206 5189 3576 5257 ὲκφωνοῦντα.

2556 5280 2633 5334 Θ’.
2672 5281 2776 5332 Τὸν
2804 5281 2876 5348 μὴ
2901 5280 3230 5349 νηστεύοντα
3277 5279 3521 5350 Τετράεα
3565 5279 3659 5331 καὶΙ
3695 5278 4065 5347 Παρασκευὴν

2489 5371 2657 5438 ἱερέα,
2687 5371 2745 5421 οὐ
2779 5371 2884 5440 χρὴ
2918 5373 3194 5422 κοινωνεῖν
3234 5370 3292 5434 ἐξ
3339 5370 3526 5428 αὑτοῦ,
3555 5370 3660 5421 κᾶν
3708 5368 3844 5437 δοκῇ
3908 5368 4063 5435 ὀρθό-

2484 5464 2631 5527 δοξος
2685 5457 2824 5513 εἶναι
2860 5474 2872 5488 ·
2927 5462 2988 5513 τὸ
3043 5461 3150 5530 γὰρ
3187 5463 3250 5514 ἐκ
3309 5461 3508 5531 μέρους
3547 5458 3820 5523 εὐσεϐεῖν,
3861 5461 3960 5513 καὶ
4004 5461 4063 5512 ἐκ

2492 5556 2689 5624 μέρους
2725 5553 3050 5618 κοινοῦσθαι,
3085 5552 3333 5623 βέϐηλον.

3263 5773 3278 5815 ι
3316 5775 3378 5828 ub
3408 5784 3480 5829 cal
3511 5777 3573 5828 ab
3606 5778 3678 5830 nl.
3755 5785 3792 5807 "
3829 5779 3912 5833 al.
3934 5772 4057 5834 οἰδα.
