4206 6440
226 417 321 481 861

1677 423 1918 485 CANON
1930 407 2041 485 Es.

3377 421 3486 488 862

295 530 408 598 ις’.
461 529 584 583 Ὅτι
634 530 717 584 δεῖ
774 531 901 593 τοὺς
955 533 1361 603 ἐργαζομένους
1426 537 1694 604 μοναχοὺς
1732 538 1794 603 τῇ

1980 533 2119 589 XVI.
2157 533 2311 600 Quod
2344 540 2596 604 oporteat
2639 534 2940 589 monachos
2976 533 3066 602 qui
3100 549 3199 605 per
3237 548 3479 592 sanctam

223 624 355 695 ἁγίᾳ
389 624 809 695 Τισσαρακοστῇ
850 626 949 696 τὴν
1004 626 1219 696 ϐ’ὦραν
1272 627 1572 694 γεύσασθαι
1629 629 1797 695 ἄρτου

224 716 474 786 βραχέος,
517 716 612 770 καὶ
633 721 698 788 τῇ
726 718 939 788 ἑσπέρᾳ.
958 701 1215 775 δειπνεῖν.

292 809 390 862 IZ'.
427 809 549 862 Ὀτι
594 810 655 862 οὑ
691 810 795 880 χρὴ
826 812 882 861 ἐν
925 814 990 881 τῇ
1038 811 1169 882 ἁγίᾳ
1211 811 1634 883 Τεσσαρακοστῇ
1674 812 1801 875 τοὺς

226 900 495 968 μοναχοὺς
525 900 788 969 ἐργασίαν
830 903 1021 961 ποιεῖν,
1052 900 1146 953 καὶ
1175 901 1449 972 προφάσει
1476 902 1571 957 τοῦ
1612 901 1797 973 ἔργου,

223 987 514 1040 καταλύειν
540 990 615 1050 είς
643 985 784 1039 οἶνον
813 989 906 1040 καὶ
944 989 1123 1041 ἔλαιον
1158 1006 1169 1019 ·
1201 988 1377 1042 ταῦτα
1418 989 1528 1059 γὰρ
1575 1006 1800 1060 γαστρι-

226 1080 465 1149 μαργίας
488 1080 916 1149 ἐπιτηδεύματα.

299 1171 397 1222 IB'.
433 1170 579 1223 Πόσα
610 1171 883 1235 κεφάλαια
932 1168 1249 1224 ἐκϐάλλουσι
1290 1170 1382 1222 τδν
1425 1169 1659 1239 μοναχὸν
1694 1171 1799 1221 ἀπὸ

223 1263 322 1332 τῆς
351 1264 556 1331 μονῆςς
589 1263 810 1331 Πρῶτον
845 1265 965 1332 μὲν,
1004 1266 1052 1315 εί
1080 1263 1228 1315 ἔστιν
1255 1265 1283 1315 ὁ
1314 1264 1616 1332 ἡγούμενος
1648 1266 1798 1325 αἱρε-

221 1353 375 1414 τικός
407 1371 421 1384 ·
472 1354 817 1423 δεύτερον,εί
867 1354 1013 1407 ἐστιν
1070 1354 1271 1416 είσοδος
1301 1353 1578 1422 γυναικῶν
1630 1357 1685 1405 ὲν
1732 1356 1798 1423 τῇ

226 1448 362 1515 μονῇ
392 1461 406 1476 ·
435 1446 496 1497 τὸ
525 1446 579 1497 δὲ
613 1447 816 1515 τρίτον,
849 1445 944 1497 ἐὰν
978 1445 1166 1496 παιδία
1204 1445 1519 1514 μανθάνωσι
1562 1444 1801 1512 κοσμικὰ

221 1540 283 1589 ὲν
307 1536 383 1606 τῷ
409 1537 659 1607 κοινοὸίῳ
694 1554 706 1567 ·
736 1536 935 1589 ἄτοπον
967 1537 1077 1607 γὰρ
1105 1537 1281 1601 τοῦτο,
1301 1537 1362 1589 τὸ
1382 1536 1799 1606 δημοσιεύεσοαι

220 1630 291 1681 τὰ
338 1631 394 1681 ὲν
446 1632 512 1700 τῇ
559 1632 691 1699 μονῇ
748 1629 928 1691 καλῶς
986 1630 1337 1700 πραττόμενα
1374 1645 1388 1658 °
1428 1628 1502 1691 ῶς
1552 1646 1688 1698 φησι
1740 1630 1799 1680 τὸ

220 1720 557 1785 Εὑαγγέλιον
589 1737 603 1750 ο
662 1720 757 1787 Μὴ
794 1720 1139 1792 σαλπίσητε
1184 1723 1527 1788 ἔμπροσθεν
1577 1719 1744 1788 ὑμῶν
1780 1712 1808 1786 ,’

218 1808 367 1863 ὅταν
383 1805 451 1863 εὖ
475 1808 705 1876 ποιῆτε.

1907 625 2393 693 Quadragesimam
2452 638 2616 692 opera
2657 623 2885 691 faciunt,
2920 625 3051 679 hora
3110 642 3250 679 nona
3287 642 3481 697 parum

1905 716 2063 785 panis
2095 730 2333 783 sumere,
2372 730 2599 783 vespere
2633 707 2813 769 auiem
2842 730 3083 771 coenare.

1973 800 2133 855 XVII.
2174 803 2287 856 Non
2312 804 2508 858 debent
2532 805 2781 857 monachi
2824 821 3015 874 magna
3050 806 3479 878 Qttadragesima

1902 908 2079 960 Opera:
2119 895 2453 958 incumbere,
2495 910 2557 947 ac
2584 896 2766 963 Operis
2797 906 3057 963 prtetextu
3091 900 3302 953 solvere
3332 899 3481 970 jeju-

1903 984 2050 1036 nium
2083 1000 2178 1051 per
2230 986 2416 1037 viuum
2462 996 2517 1038 et
2546 987 2747 1041 oleum.
2790 985 2916 1041 Haec
2965 989 3107 1042 enim
3163 990 3299 1061 gulae
3352 997 3481 1046 sunt

1904 1073 2122 1126 iuventa
2149 1071 2189 1128 ⁸.

1974 1160 2117 1215 XIX.
2147 1164 2290 1226 Quot
2323 1163 2501 1216 cuu’sae
2534 1164 2856 1218 monachum
2900 1178 2931 1218 e
2964 1167 3295 1221 monasterio
3326 1169 3477 1221 exire

1902 1254 2272 1320 compellunt?
2304 1246 2485 1307 Primo
2508 1256 2726 1321 quidem
2753 1256 2795 1308 si
2830 1259 3151 1324 praepositus
3183 1259 3477 1315 haereticus

1901 1345 1967 1395 sit
2009 1363 2021 1396 :
2073 1345 2314 1397 secundo
2364 1346 2406 1397 si
2457 1348 2774 1400 monasterii
2843 1346 3099 1402 introitus
3158 1350 3478 1404 mulieribus

1900 1436 2248 1502 permittatur
2290 1453 2302 1488 :
2336 1438 2501 1490 tertio
2530 1439 2765 1504 denique
2796 1440 3015 1507 quando
3061 1438 3223 1493 ludus
3268 1440 3477 1495 littera-

1902 1528 2013 1579 rius
2046 1528 2099 1580 in
2138 1531 2393 1583 eoenobio
2445 1531 2627 1597 pueris
2655 1529 3010 1583 Saecularibus
3042 1531 3322 1597 aperitur;
3374 1532 3476 1585 hoc

1898 1617 2043 1668 enim
2095 1618 2389 1671 absurdum
2432 1629 2535 1682 est,
2568 1633 2689 1686 qua:
2741 1618 2792 1671 in
2831 1619 3164 1673 monasterio
3216 1622 3474 1687 praeclaro

1900 1718 2130 1775 aguntur
2155 1710 2437 1773 evulgari;
2475 1711 2616 1763 sicut
2658 1708 3012 1777 Evangelitun
3065 1710 3196 1763 dicit
3237 1727 3251 1762 :
3298 1709 3474 1764 Nolite

1899 1800 2022 1850 tuba
2060 1809 2245 1849 cauere
2275 1807 2396 1851 ante
2433 1815 2539 1863 vos,
2572 1813 2686 1849 cum
2721 1798 2843 1849 bene
2876 1796 3053 1864 facitis
3078 1797 3119 1852 ‘.

292 1899 422 1954 ΚΘ.
446 1901 556 1969 Τὴν
598 1865 1055 1971 ΣΓεσσαρακοστὴν
1094 1900 1204 1953 τῶν
1231 1902 1403 1970 ἁγίων
1436 1893 1793 1961 Ἀποστὸλων,

1973 1883 2163 1938 XXIX.
2226 1886 2653 1955 Quadra‘gesima
2737 1899 2831 1937 seu
2894 1883 3103 1952 jejunio
3160 1896 3470 1940 sanctorum

216 1989 448 2061 ἧτοιτὴν
475 1991 737 2060 νήστιμον
761 1992 960 2055 αὐτῶν,
995 1992 1101 2062 χρὴ
1123 1993 1425 2062 νηστεύειν,
1449 1991 1678 2060 Τετράδι
1703 1992 1796 2042 καὶ

216 2079 572 2150 Παρασκευῇ,
626 2082 753 2143 τοὺς
789 2081 1209 2150 ἐργαζομένους,
1259 2082 1362 2145 ἕως
1408 2080 1555 2151 ὥρας
1607 2080 1792 2149 ἕκτης,

213 2170 317 2222 καὶ
362 2169 533 2231 οὕτως
586 2170 865 2238 γεύεσθαι,
895 2171 989 2223 καὶ
1052 2171 1153 2241 τὴν
1210 2173 1255 2224 θ’
1303 2171 1454 2243 ὥραν
1517 2172 1749 2243 ἀριστᾷν
1779 2186 1795 2203 °

214 2259 479 2322 ὡσαύτως
522 2259 579 2312 δὲ
624 2261 717 2312 καὶ
760 2259 854 2312 τοῦ
904 2261 1060 2327 ἁγίου
1106 2260 1396 2323 Φιλίππου,
1436 2260 1585 2332 ὤραν
1629 2259 1797 2329 ἕκτην

214 2349 497 2417 γεύεσθαι,
530 2351 625 2403 καὶ
642 2351 878 2421 ἑσπέρας
907 2352 1146 2403 δειπνεῖν
1168 2367 1181 2381 ο
1209 2353 1336 2415 τοὺς
1365 2351 1420 2404 δὲ
1443 2354 1500 2404 ὲν
1524 2353 1590 2421 τῇ
1635 2356 1792 2421 μονῇ.

214 2442 367 2507 ἅπαξ
398 2445 499 2506 ἓως
521 2443 778 2513 ἑσπέρας.

286 2611 431 2679 NG.
464 2614 588 2665 Ἐὰν
617 2613 986 2682 πρεσὸύτερός
1023 2614 1190 2680 ἐστιν,
1218 2616 1250 2685 ἦ
1283 2614 1552 2679 διάκονος,
1583 2613 1615 2684 ἢ
1663 2612 1793 2664 ἀνα-

210 2704 465 2771 γνώστης
497 2705 896 2777 καθῃρημένος,
933 2704 1245 2777 καὶεὺρεθῇ
1297 2706 1552 2776 μοναχδς,
1579 2705 1793 2774 εὐλογεῖ

210 2797 316 2865 τὴν
343 2796 638 2862 τράπεζαν.

286 2886 425 2953 ET.
472 2888 596 2941 Ἐάν
643 2904 725 2950 τις
785 2887 1027 2958 ἀθετήσῃ
1072 2888 1133 2939 τὸ
1159 2887 1316 2955 ἅγιον
1360 2888 1564 2956 σχῆμα,
1596 2886 1692 2938 καὶ
1730 2886 1790 2938 οὐ

209 2976 545 3047 διορθοῦται,
590 2976 687 3045 τὴν
741 2977 796 3028 δὲ
848 2976 1158 3046 ὀρθοδοξίαν
1208 2978 1407 3046 κρατῇ,
1436 2976 1497 3028 οὐ
1555 2974 1662 3044 χρὴ
1701 2976 1792 3026 τὸν

208 3068 457 3121 τοιοῦτον
490 3067 592 3120 ὑπὸ
635 3070 832 3136 στέγην
889 3069 1064 3135 ἄγειν,
1089 3066 1213 3119 οὔτε
1246 3066 1542 3118 συνεσθίειν
1563 3105 1577 3130 ,
1612 3065 1793 3135 ἣχαί-

216 3173 343 3227 ρειν
376 3171 574 3224 Λεγειν.

545 3271 655 3326 Τοῦ
710 3271 1077 3340 πατριάρχου
1106 3272 1471 3340 Νικηφόρου.

304 3385 367 3439 '0
390 3384 647 3455 δημοσίου
682 3384 891 3452 κλοπῆς
924 3384 1179 3447 ἑαλωκὼς
1214 3386 1342 3454 περὶ
1364 3386 1432 3437 τὰ
1475 3384 1795 3454 καφαλαιῶ-

208 3477 282 3546 δη
304 3476 617 3544 κλέμματα,
655 3475 752 3543 οὐχ
793 3475 1004 3542 ἱερᾶται
1027 3489 1040 3503 ο
1066 3474 1206 3526 ἀλλὰ
1227 3475 1322 3526 καὶ
1342 3477 1370 3527 ὁ
1400 3474 1669 3545 ίερωθεὶς,
1700 3476 1796 3527 κα)⁵

208 3567 297 3637 τῷ
325 3566 553 3634 τοιούτῳ
595 3563 931 3635 περιπεσὼν,
965 3564 1328 3635 καθαιρεῖται.

825 3743 937 3797 Τοῦ
970 3743 1178 3799 αὐτοῦ.

288 3837 378 3893 Τὰ
418 3836 752 3906 ἀντιμίνσια,
784 3835 911 3889 ενθα
955 3836 1022 3889 ἂν
1079 3836 1237 3907 χρεία
1291 3837 1514 3907 γένηται
1566 3838 1791 3904 τούτων,

206 3926 516 3991 ἀκωλύτως
551 3927 1037 3998 παραπέμπονται,
1063 3929 1156 3981 καὶ
1177 3929 1239 3981 οὐ
1272 3928 1706 4000 περιγράφονται
1736 3931 1794 3981 ὲν

206 4022 351 4089 τῇδε
376 4024 441 4091 τῇ
466 4022 698 4092 ὲνορὶᾳῆ
728 4021 940 4093 ἐκείνῃ,
973 4021 1107 4074 ἀλλὰ
1126 4023 1217 4074 καὶ
1250 4022 1517 4092 ὑπερόρια
1533 4023 1792 4088 γίνονται,

204 4114 368 4167 καθὰ
394 4114 487 4165 καὶ
516 4114 576 4164 τὸ
615 4112 757 4164 Θείον
787 4113 982 4183 μύρον.
1045 4113 1348 4183 Καλοῦνται
1398 4114 1455 4165 δὲ
1505 4112 1698 4176 οὕτως,
1721 4114 1795 4175 ὼς

204 4200 613 4267 ἀντιπρόσωπα
673 4200 768 4251 καὶ
821 4200 1088 4252 ἀντίτυπα
1137 4201 1245 4254 τῶν
1289 4201 1498 4253 πολλῶν
1569 4204 1794 4271 μίνσων,

201 4293 329 4346 τῶν
357 4291 789 4361 καταρτιζὸντων
814 4293 914 4362 τὴν
938 4293 1097 4361 ἁγίαν
1125 4293 1221 4345 καὶ
1238 4293 1573 4364 Δεσποτικὴν
1591 4295 1796 4364 τράπε-

202 4384 343 4447 ζαν.
414 4384 629 4453 κυρίως
654 4384 711 4437 δὲ
771 4384 858 4438 ἐπ’
885 4386 1123 4449 ἐκείναις
1155 4387 1262 4440 τῶν
1289 4387 1578 4460 τραπεζῶν
1624 4388 1795 4441 τίθεν-

200 4493 329 4534 ται,
372 4473 437 4537 ἃς
464 4474 789 4546 καθιέρωσις
820 4476 919 4546 οὐχ
944 4477 1191 4547 ἡγίασεν.

468 4673 530 4724 '0
552 4673 623 4726 ιδ’
650 4675 757 4728 τοῦ
773 4676 1141 4746 πατριάρχου
1178 4680 1539 4746 Νικηφόρον.

278 4786 386 4837 Δεῖ
408 4783 505 4846 τὰς
531 4785 869 4853 μοναζούσας
892 4788 1120 4840 εἰσιέναι
1138 4790 1216 4850 είς
1242 4788 1302 4840 τὸ
1323 4789 1478 4856 ἅγιον
1503 4787 1794 4858 Θυσιαστήο

200 4894 360 4948 ριον,
392 4877 487 4929 καὶ
521 4876 712 4929 ἅπτειν
756 4879 926 4947 κηρὸν
955 4880 1050 4930 καὶ
1094 4879 1388 4949 κανδήλας,
1423 4881 1518 4933 καὶ
1567 4884 1793 4950 κοσμεῖν

193 4968 304 5020 τὸν
329 4964 466 5017 ναόν
497 4980 513 4996 ⁸
547 4967 687 5019 κατὰ
707 4967 1025 5036 περίστασιν
1053 4969 1148 5020 καὶ
1173 4968 1403 5039 μοναχός
1436 4970 1578 5033 λιτὸς
1602 4968 1792 5039 βαπτί-

194 5060 319 5123 ζει.
378 5056 648 5119 Ὡσαύτως
690 5059 787 5110 καὶ
824 5058 1089 5120 διάκονος.
1154 5060 1263 5111 Καὶ
1322 5059 1506 5121 λαῖκὸς
1557 5060 1635 5123 δὲ,
1697 5060 1792 5111 ἐὰν

192 5149 421 5222 εὑρεθῇ
440 5152 519 5213 είς
546 5150 730 5215 τόπον,
752 5150 829 5221 μὴ
856 5151 1008 5212 ὖντος
1041 5151 1251 5221 ἱερέως.

824 5265 934 5318 Τοῦ
977 5265 1185 5319 αὐτοῦ.

288 5373 430 5425 Ἐὰν
462 5374 599 5444 γυνὴ
624 5376 879 5446 γεννήσῃ,
916 5378 1007 5429 καὶ
1029 5377 1177 5458 ἐστιν
1228 5379 1287 5433 ὲν
1316 5379 1544 5450 κινδύνῳ
1574 5381 1633 5433 τὸ
1659 5396 1789 5433 παι⁶

188 5466 349 5529 δίον,
405 5464 514 5517 ἀπὸ
559 5466 780 5535 ἡμερῶν
830 5468 997 5538 τριῶν
1037 5470 1071 5541 ἢ
1104 5471 1264 5524 πέντε
1295 5487 1308 5500 ·
1344 5473 1406 5525 τὸ
1437 5475 1535 5543 μὲν
1581 5474 1789 5526 παιδίον

188 5553 566 5625 φωτισθήτω,
600 5554 736 5623 ἄλλη
756 5556 811 5608 δὲ
846 5558 982 5629 γυνὴ
1009 5557 1415 5631 βεϐαπτισμένη
1454 5562 1547 5613 καὶ
1573 5561 1789 5631 καθαρὰ

1898 1981 2263 2045 apostolorum
2290 1986 2506 2046 oportet
2531 1976 2810 2043 operarios
2834 1973 3131 2029 monachos
3163 1977 3213 2029 in
3240 1977 3473 2031 Tetradc

1898 2085 1962 2123 ac
2011 2070 2314 2125 Parasceve
2367 2067 2615 2137 jejuuare
2663 2082 2834 2135 usque
2878 2067 2943 2120 ad
3000 2069 3188 2120 horam
3236 2077 3469 2131 sextam,

1894 2166 2191 2224 posteaque
2236 2156 2432 2219 edere,
2490 2156 2621 2208 hora
2674 2170 2804 2207 vero
2856 2170 2997 2208 nona
3061 2156 3360 2223 prandere;
3417 2168 3473 2211 et

1895 2247 2167 2301 consimili
2214 2250 2372 2300 modo
2432 2245 2861 2313 Quadragesima
2917 2254 2973 2298 et
3029 2246 3234 2313 jejunio
3292 2249 3471 2315 sancti

1895 2336 2151 2405 Philippi,
2208 2336 2342 2389 hora
2395 2344 2547 2389 sexta
2579 2343 2824 2404 gustare,
2880 2348 2944 2388 ac
2974 2336 3182 2403 vesperi
3217 2350 3468 2403 coenare;

1894 2442 1990 2483 eos
2021 2436 2202 2481 autem
2235 2426 2326 2496 qui
2361 2427 2415 2479 in
2466 2426 2804 2480 monasterio
2837 2434 3178 2491 manserunt,
3209 2428 3375 2480 semel
3402 2428 3468 2481 ad

1894 2534 2176 2587 vesperam
2219 2519 2531 2574 comedere.

1966 2609 2100 2663 LVI.
2144 2609 2199 2663 Si
2233 2609 2508 2679 depositus
2536 2608 2824 2678 presbyter
2861 2608 3025 2672 adsit,
3057 2616 3149 2661 aut
3179 2609 3464 2673 diaconus,

1895 2715 1986 2758 aut
2016 2705 2205 2767 lector,
2240 2714 2296 2758 et
2333 2702 2637 2756 monachus
2668 2700 2923 2756 inventus
2961 2701 3145 2765 fuerit,
3182 2702 3271 2755 hic
3301 2703 3467 2758 bene-

1895 2797 2183 2851 dictionem
2219 2809 2419 2849 mensa:
2445 2793 2597 2848 facit.

1966 2887 2099 2941 LXI.
2165 2886 2222 2940 Si
2254 2886 2375 2956 quis
2427 2886 2687 2952 abiecerit
2742 2894 2987 2939 sanctum
3052 2885 3317 2952 habitum,
3370 2900 3467 2941 nec

1895 2982 2231 3044 emendatur,
2273 2988 2468 3031 rectam
2504 2992 2630 3029 vero
2678 2976 2836 3029 [idem
2894 2987 3058 3039 tenet,
3116 2993 3220 3032 non
3255 2987 3469 3047 oportet

1896 3070 2207 3139 ltujusmodi
2264 3068 2534 3120 hominem
2576 3076 2722 3119 tecto
2745 3067 2969 3133 donare,
3006 3084 3181 3136 neque
3224 3084 3345 3121 cum
3379 3066 3469 3121 illo

1823 3198 1866 3255 ο
1900 3163 2067 3227 vesci,
2104 3171 2196 3214 aut
2222 3162 2337 3214 Ave
2368 3158 2415 3211 ei
2457 3158 2663 3212 dicere.

2341 3264 2627 3335 Nicepltort'
2684 3266 3023 3334 patriarc/tw.

1969 3382 2069 3451 Qui
2102 3380 2302 3450 publici
2336 3377 2465 3432 l'urti
2503 3378 2785 3432 convictus
2819 3389 2901 3431 est
2943 3378 2997 3430 in
3030 3379 3190 3433 furtis
3216 3378 3468 3447 capitali-

1897 3477 2018 3538 Ιιιιε,
2070 3475 2134 3526 ad
2175 3471 2541 3527 sacerdotium
2585 3486 2693 3523 non
2748 3469 3076 3522 admittitur.
3131 3470 3269 3536 Quin
3301 3471 3465 3524 etiam

1896 3566 2195 3621 sacerdotio
2227 3564 2490 3628 initiatus,
2516 3562 2560 3615 si
2588 3560 2694 3614 tale
2753 3561 2957 3614 crimen
2991 3561 3266 3624 inciderit,
3302 3563 3466 3629 depo-

1895 3660 2061 3713 nitur.

2542 3742 2814 3812 Ejusdem.

1969 3839 2289 3894 Antiminsia
2339 3836 2475 3890 citra
2509 3835 2927 3904 prohibitionem
2957 3875 2972 3899 ,
3011 3834 3318 3902 ubicunque
3354 3830 3459 3886 fue-

1899 3935 1967 3987 rit
1994 3934 2058 3987 iis
2091 3946 2254 4000 opus,
2284 3930 2594 3993 mittuntur,
2627 3941 2725 3979 nec
2755 3926 2834 3978 vel
2879 3928 2976 3980 hac
3008 3926 3090 3979 vel
3118 3926 3203 3977 illa
3246 3926 3465 3992 regione

1896 4023 2447 4083 circutnscribunlur,
2474 4020 2566 4073 sed
2590 4020 2650 4091 iu
2682 4019 2841 4071 aliam
2876 4033 3090 4086 quoque
3126 4016 3462 4085 provinciam

1899 4114 2323 4175 transferuntur,
2361 4110 2503 4163 sicut
2531 4122 2587 4163 et
2616 4124 2831 4163 sacrum
2861 4116 3217 4175 unguentum.
3257 4104 3347 4159 Sic
3372 4120 3467 4156 au-

1899 4220 2002 4261 tem
2050 4204 2411 4275 appellantur,
2466 4202 2614 4255 velut
2678 4200 2926 4270 apposita
2975 4209 3028 4251 et
3083 4196 3465 4265 respondentia

1896 4298 2078 4353 multis
2128 4297 2237 4349 illis
2292 4295 2496 4347 mensis
2538 4293 2701 4361 (quid
2741 4291 3070 4344 untimt’nsiu.
3132 4287 3327 4340 Missus
3368 4283 3465 4338 alii

1897 4388 2188 4458 reddunt),
2244 4402 2363 4455 qua:
2426 4401 2643 4439 sacram
2703 4393 2758 4438 et
2820 4383 3153 4438 Dotuiuicam
3224 4393 3463 4432 mensam

1897 4483 2208 4537 absolvunt.
2242 4479 2469 4547 Proprie
2504 4492 2653 4540 vero,
2703 4490 2917 4528 mensas
2962 4475 3082 4527 illas
3131 4472 3462 4540 signiﬁcant,

1897 4589 2030 4635 uuas
2061 4570 2406 4626 consecratio
2434 4583 2538 4621 non
2571 4564 2955 4622 sanctilicavit.

2209 4680 2348 4736 XIV.
2387 4678 2677 4749 Nirephori
2711 4678 3033 4747 patt'iarclttc
3065 4678 3107 4728 ⁸.

1967 4794 2267 4847 Monachas
2313 4792 2611 4848 sacrariqu
2664 4789 2870 4859 ingredi
2903 4795 3137 4858 Oportet,
3195 4797 3250 4839 et
3281 4798 3467 4839 cereos

1897 4898 2059 4956 atque
2090 4885 2346 4939 candelas
2376 4884 2709 4947 aceendere,
2744 4882 3109 4947 templumque
3148 4892 3371 4933 ornare.
3411 4877 3465 4929 In

1898 4976 2138 5047 periculo
2169 4975 2396 5042 simplex
2429 4974 2596 5026 etiam
2633 4972 2930 5025 monachus
2971 4970 3228 5039 baptizat.
3264 4966 3470 5022 Simili-

1901 5077 1981 5122 ter
2010 5077 2063 5120 et
2114 5069 2395 5120 diaconus.
2432 5065 2573 5130 Quin
2604 5066 2770 5117 etiam
2825 5063 3017 5127 laicus,
3051 5063 3096 5116 si
3131 5070 3377 5129 repertus
3413 5059 3468 5114 in

1901 5163 2016 5215 loco
2047 5160 2229 5224 fuerit,
2267 5159 2495 5212 absente
2525 5157 2833 5212 sacerdote.

2514 5269 2789 5339 Ejusdem.

1969 5382 2025 5437 Si
2059 5381 2251 5435 mulier
2298 5381 2528 5447 peperit,
2580 5386 2637 5431 et
2687 5376 2863 5431 infans
2920 5377 2971 5429 in
3027 5374 3264 5445 pericqu
3296 5382 3400 5437 est,
3434 5388 3464 5428 a

1902 5475 2077 5527 tribus
2124 5482 2216 5524 aut
2258 5472 2498 5539 quinque
2547 5469 2758 5533 diebus,
2816 5485 2947 5537 puer
2978 5470 3194 5537 quidem
3232 5481 3327 5535 per
3365 5467 3465 5521 ba-

1903 5565 2160 5635 ptismum
2192 5562 2554 5627 illttminatur,
2608 5562 2701 5615 sed
2737 5561 2841 5614 alia
2890 5562 3081 5616 mulier
3113 5561 3384 5628 baptizata
3412 5569 3461 5606 et

272 5738 299 5768 ³
336 5732 485 5806 Idem
510 5744 590 5786 est
612 5748 734 5787 cum
763 5750 969 5791 canone
998 5738 1061 5791 Ili
1088 5737 1284 5806 prioris
1317 5738 1679 5795 Collectiouis.
1762 5740 1779 5768 ⁸
1807 5738 2000 5793 Matth.
2039 5755 2112 5802 γι,
2139 5740 2193 5792 ει.
2271 5740 2290 5770 ³
2320 5738 2556 5792 (Sationis
2587 5735 2742 5804 hujus
2767 5750 2896 5803 pars
2930 5736 3075 5805 prior
3106 5744 3281 5791 exstat.
3303 5748 3465 5803 supra

191 5808 252 5863 in
290 5821 310 5860 ι
348 5802 573 5858 Collect.
607 5821 729 5859 can.
764 5806 845 5860 15.
