4206 6440
763 356 866 415 863
1569 424 1577 436 ι
1781 367 1839 425 S.
1876 367 2287 427 NICEPHORI
2330 369 2830 430 PATlllARL‘l'LE
2868 372 2977 429 Cl’.
3908 362 4011 426 801

770 467 969 517 munda
1006 467 1227 522 lactabit
1257 483 1398 523 eum.
1433 469 1603 524 Mater
1628 482 1802 526 autem
1839 476 2008 543 ipsius
2032 477 2332 530 cubiculum
2365 482 2408 536 Α

2365 482 2408 536 Α
2441 479 2664 548 ϐηλάσει
2697 480 2825 532 αἱ)τὸ
2853 496 2866 508 ·
2900 481 2934 548 ἡ
2967 478 3022 529 δὲ
3059 478 3241 545 μήτηρ
3265 474 3429 527 αὖτοῦ
3458 472 3533 542 μὴ
3561 472 3780 542 εἰσέλοῃ
3821 473 3908 533 εἰς
3937 473 4022 522 τὶν

769 574 871 609 non
927 560 1244 629 ingreditur,
1293 561 1344 614 in
1383 579 1488 630 quo
1540 581 1671 632 puer
1699 565 1867 630 jacet,
1915 570 2173 635 usquead
2203 583 2335 636 qua-

2441 570 2694 630 κοιτῶνα,
2735 571 2815 631 εἰς
2841 567 2900 618 ὃν
2926 568 2987 618 τὸ
3021 564 3233 617 παιδίον
3269 564 3576 624 ἀνάκειται,
3609 563 3774 628 μέχρι
3822 561 3942 610 τῶν
3975 571 4028 627 ξι·

768 651 1130 715 dragesimum
1187 652 1350 715 diem,
1400 654 1526 706 dum
1590 667 1813 723 purgata
1866 659 2076 711 scilicet
2132 660 2338 726 integre

2441 659 2683 730 ἡμερῶν,
2720 660 2825 722 ἕως
2859 658 2924 711 ἂν
2972 655 3222 725 καθαρθῇ
3260 653 3501 716 τελείως,
3537 651 3632 702 καὶ
3679 649 3827 719 λάϐῃ
3856 649 4024 714 εὐχὴν

771 739 959 802 fuerit,
988 751 1040 793 et
1077 758 1267 809 pret-cs
1297 760 1324 796 a
1353 746 1633 798 sacerdote
1666 749 2058 816 impetraverit,
2093 765 2192 804 nec
2222 767 2339 803 om-

2439 752 2587 823 παρὰ
2611 753 2704 804 τοῦ
2739 751 2948 822 ἱερέως,
2978 749 3115 819 μήτε
3141 746 3246 816 μὴν
3278 745 3481 815 ἅψηται
3508 741 3796 796 τοσύνολον
3824 738 4022 792 αὑτοῦ.

772 847 896 882 nmo
932 849 1158 900 puerum
1187 840 1430 906 attinget.

1417 932 1685 1001 Ejusdem.
3043 928 3078 979 T

3043 926 3151 979 Τοῦ
3196 923 3404 977 αὑτοῦ.

839 1016 896 1066 Si
926 1018 1107 1072 adulta
1145 1023 1335 1074 mulier
1363 1023 1506 1078 facta
1543 1025 1849 1080 Christiana
1881 1033 2003 1093 post
2034 1042 2200 1080 unum
2251 1028 2334 1081 vel

2519 1021 2642 1073 Ἐὰν
2672 1020 2854 1071 τελεία
2885 1019 3022 1086 γυνὴ
3043 1017 3307 1085 γενομένη
3327 1013 3628 1083 Χριστιανὴ
3666 1013 3804 1080 μετὰ
3829 1013 3970 1080 μίαν
3994 1012 4023 1080 ῆ

765 1111 897 1158 tlttns
927 1110 1006 1160 vel
1049 1122 1414 1179 quotcumque
1455 1114 1572 1167 dies
1605 1131 1778 1183 usque
1833 1116 1901 1170 ad
1960 1126 2191 1183 septem,
2230 1119 2331 1171 sibi

2435 1111 2547 1172 δύο,
2578 1111 2610 1180 ἦ
2642 1113 2770 1171 ὅσας
2823 1110 3024 1179 δήποτε
3060 1107 3276 1177 ἡμέρας
3320 1105 3484 1174 μέχρι
3513 1104 3619 1154 τῶν
3649 1102 3810 1166 ἑπτὰ,
3839 1102 3932 1170 ἴδη
3964 1104 4023 1152 τὰ

763 1210 1020 1248 (ουιιςιιιτιη
1059 1199 1271 1263 viderit,
1317 1203 1367 1254 in
1398 1204 1555 1254 domo
1595 1219 1690 1256 sua
1717 1206 2163 1260 communicabit.
2229 1208 2334 1260 Ee-

2437 1201 2597 1269 ἒοιμα
2632 1203 2787 1271 αὐτῇ,
2830 1202 2884 1251 ὲν
2908 1200 2984 1267 τῷ
3014 1201 3147 1268 οἴκῳ
3166 1197 3336 1264 αὐτῆς
3357 1197 3696 1263 κοινωνήσει.
3728 1195 3822 1254 Ei;
3847 1194 3909 1245 δὲ
3931 1194 4023 1261 τὴν

763 1288 984 1340 clcsiatn
1016 1305 1143 1342 vero
1177 1307 1280 1344 n0n
1307 1292 1665 1361 ingredietur,
1695 1298 1866 1349 dooec
1893 1309 2120 1365 purgata
2149 1297 2332 1352 fuerit.

2149 1297 2332 1352 fuerit.
2436 1293 2732 1362 ἐκκλησίαν
2758 1291 2820 1344 ob
2857 1291 2931 1359 μὴ
2962 1289 3203 1357 εἰσέλθῃ,
3242 1287 3346 1350 ἕως
3375 1278 3437 1338 οὗ
3469 1283 3799 1354 καθαρισθῇ.

884 1397 1167 1467 ΝὲσρρΙιονί
1193 1404 1571 1471 archiepiswpi
1603 1403 2193 1474 Comtantinopolitani.
2435 1407 2545 1458 Nm

2435 1407 2773 1472 Νικηφόρον
2795 1401 3269 1470 ἀρχιεπισκόπου
3303 1396 4020 1457 Κωσταντινουπόλεως.

835 1507 985 1570 Quod
1018 1521 1267 1576 oporteat
1308 1515 1554 1580 jejunare
1599 1517 1898 1569 monachos
1929 1529 2122 1584 quarta
2156 1515 2332 1586 Tyro-

2507 1517 2627 1568 Ὀτι
2655 1515 2737 1567 δεῖ
2765 1513 3052 1584 νηστεύειν
3086 1513 3215 1573 τοὺς
3253 1510 3522 1579 μοναχοὺς
3556 1510 3621 1576 τῇ
3655 1507 3892 1574 Τετράὖι
3926 1504 4022 1571 τὴς

763 1597 915 1663 phasi
946 1598 1103 1661 feria,
1133 1614 1188 1655 et
1219 1605 1269 1654 in
1300 1604 1620 1670 l’arasccve,
1649 1622 1712 1660 ac
1743 1617 1864 1675 post
1885 1610 2332 1676 praesanctilieata

2436 1608 2743 1678 τυροφάγυυ
2797 1607 2890 1658 καὶ
2936 1607 3002 1674 τῇ
3068 1603 3421 1672 Παρασκευῇ,
3457 1600 3552 1651 καὶ
3594 1599 3729 1666 μετὰ
3758 1596 3858 1664 τὴν
3912 1596 4023 1646 τῶν

763 1704 979 1743 caseum
1017 1696 1304 1747 comedere
1337 1711 1664 1766 quocunque
1709 1698 1762 1751 in
1795 1699 1917 1752 loco
1964 1701 2326 1767 reperiantur.

2436 1699 2906 1772 Προηγιασμένων
2955 1694 3217 1749 ἁπόὶυσιν
3269 1692 3474 1746 ἐσθίειν
3519 1691 3704 1760 τυρὸν,
3755 1689 3896 1740 ὅπου
3959 1687 4023 1738 ἂν

765 1779 861 1872 llic
905 1793 1083 1834 autem
1119 1798 1292 1838 canon
1350 1785 1536 1841 Jacobi
1589 1790 1781 1857 dogma
1827 1798 1880 1844 et
1926 1789 2327 1846 Tetraditarum
2360 1817 2404 1872 Β

2361 1817 2404 1872 Β
2434 1790 2752 1860 εὑρεθῶσιν.
2819 1788 3141 1856 ’Λνατρὲπει
3183 1784 3238 1836 δὲ
3283 1783 3379 1834 καὶ
3427 1776 3580 1843 οὗτος
3621 1782 3650 1831 ὁ
3694 1777 3876 1830 κανὼν
3929 1777 4022 1828 τοῦ

767 1870 1010 1924 Ιιαξιρείιιι
1043 1879 1262 1927 evertit.
2360 1870 2390 1872 Γ
2446 1881 2701 1936 Ἰακώϐου
2724 1881 2785 1933 τὸ
2812 1880 2990 1948 δόγμα
3029 1878 3125 1930 καὶ
3152 1876 3248 1946 τὴν
3269 1874 3379 1926 τῶν
3405 1870 3743 1942 Τετραδιτῶν
3783 1870 4021 1937 αῖρεπιν.

1955 2040 4019 2073 *ηυξ-ΨΜ*

795 2047 4016 2089 W

1319 2202 1997 2361 SANCTI
2108 2211 3144 2366 NICEPHORI
3200 2260 3206 2266 '
3263 2208 3543 2360 ΟΡ.

1897 2458 2389 2518 BREVIARIUM
2426 2458 2897 2518 HISTORICUM

995 2631 1138 2718 DE
1219 2633 1591 2723 BEBUS
1661 2635 2065 2726 GESTIS
2135 2638 2433 2728 POST
2507 2637 3064 2729 MAURICII
3152 2633 3802 2723 IMPERIUM.

1799 2803 2203 2855 RECOGNOVIT
2239 2805 2595 2857 EMMANUEL
2629 2804 2990 2857 BEKKERUS.

1306 3029 1764 3073 ILLUSTRISSIMO
1805 3032 1954 3076 νιΚο
1995 3034 2306 3082 GULIELMO
2343 3038 2554 3084 VAIRIO
2587 3035 2868 3082 FRANCLE
2901 3030 3478 3086 PROCANCELLARIU,

1556 3132 1890 3177 DIONYSIUS
1922 3135 2228 3182 PETAVIUS
2274 3143 2310 3183 E
2354 3140 2689 3185 SOCIETATE
2732 3139 2881 3181 JESU
2929 3135 3239 3180 SALUTEM.

854 3255 972 3320 Quo
1008 3254 1238 3323 primum
1277 3265 1514 3324 tempore
1548 3259 1896 3326 magistratus
1933 3264 2253 3330 amplissimi
2283 3266 2600 3333 dignitatem
2632 3267 2856 3332 adeptus
2890 3278 2969 3326 es,
3007 3261 3098 3314 Vir
3136 3257 3554 3317 Illustrissime,
3598 3255 3906 3308 communis
3949 3253 4034 3307 hic

781 3341 1247 3425 οιιιιιὶιιιιιέειιειις
1294 3343 1411 3406 luit,
1464 3359 1568 3395 non
1602 3345 1780 3397 minus
1824 3346 2127 3401 litterarum
2181 3351 2536 3405 incolumitati
2579 3366 2738 3418 quam
2771 3351 2978 3416 imperii
3021 3346 3178 3400 saluti
3241 3359 3360 3398 esse
3399 3350 3766 3410 prospectum.
3824 3339 4032 3392 l-Itenim

782 3428 925 3492 quod
958 3427 1024 3481 de
1046 3428 1353 3480 civitatibus
1386 3445 1413 3481 a
1440 3428 1665 3483 Platone
1699 3431 1903 3484 dictum
1933 3445 2040 3497 est,
2084 3435 2251 3489 multo
2292 3437 2341 3489 id
2386 3441 2558 3506 magis
2592 3438 2656 3489 ad
2690 3438 2884 3489 artium
2921 3435 3098 3487 studia
3150 3431 3575 3499 disciplinasque
3622 3428 3886 3494 ρεταιν-ι.
3925 3438 4033 3477 tum

783 3531 876 3566 eas
907 3517 1119 3566 dcmmn
1163 3513 1348 3568 felices
1383 3514 1613 3579 futuras,
1641 3533 1762 3569 cum
1795 3529 1886 3570 aut
1918 3522 2191 3587 sapientes
2219 3539 2444 3592 praeesse

2375 3535 2513 3578 ssent
2537 3535 2628 3576 aut
2659 3524 2968 3591 εςινὶυιιιιιιιι
3008 3522 3083 3574 illi
3121 3521 3219 3587 ipsi
3247 3519 3335 3585 qui
3371 3524 3662 3584 praaessent
3705 3516 4036 3565 auctoritate

787 3611 1127 3668 regerentur.
1162 3601 1236 3654 Ea
1292 3617 1456 3669 porro
1499 3609 1552 3654 te
1585 3604 1851 3670 sapientia
1924 3608 2198 3661 hominem
2234 3626 2356 3664 esse
2395 3610 2605 3677 qualem
2657 3609 3052 3662 constituendis
3095 3607 3412 3660 civitatibus
3470 3601 3840 3653 adhibendam
3887 3597 4037 3650 Ρι.ιιο

785 3689 1018 3748 censuit,
1037 3686 1352 3754 jamdudum
1374 3687 1582 3755 publica
1615 3692 1856 3756 (praedam
1882 3693 2062 3760 pepuli
2084 3710 2183 3747 vox
2209 3712 2272 3749 ac
2301 3708 2446 3750 consl

2375 3708 2557 3750 ustans
2585 3698 2749 3750 totius
2776 3696 2924 3764 regni
2952 3693 3094 3745 fama
3126 3691 3446 3746 celebravit.
3471 3689 3621 3753 Quod
3659 3690 3839 3752 ipsum
3905 3689 4036 3739 adeo

789 3773 907 3826 leve
931 3788 1036 3826 non
1072 3783 1156 3826 est
1187 3782 1246 3825 ut
1278 3774 1326 3825 in
1355 3790 1420 3825 co
1450 3775 1750 3828 divinitatis
1781 3776 1988 3846 aliquid
2026 3780 2199 3834 inesse
2245 3793 2430 3836 vetere
2475 3785 2546 3837 sit
2578 3783 2867 3850 proverbio
2913 3780 3234 3834 contritum.
3274 3778 3417 3830 ldetn
3457 3789 3584 3826 vero
3629 3773 3798 3824 multo
3834 3785 4040 3825 certius

789 3875 911 3913 eum
961 3870 1212 3913 anteacta
1257 3861 1366 3913 vita
1411 3862 1611 3925 omnis,
1664 3873 1797 3926 tum,
1847 3875 1902 3917 ut
1941 3867 2180 3919 nondum
2213 3867 2282 3920 ab
2311 3870 2450 3923 alien

2376 3871 2491 3925 ieno
2526 3869 2784 3940 suffragio
2830 3869 3160 3930 discedatur,
3213 3865 3530 3933 gravissima
3559 3863 3622 3914 de
3652 3872 3701 3913 te
3733 3862 4037 3929 principum

784 3946 990 4013 judicia
1031 3947 1487 4015 comprobarunt,
1539 3963 1772 4016 quorum
1825 3952 1962 4005 alter
2007 3954 2326 4020 amplissimi
2369 3966 2419 4010 te
2450 3958 2660 4012 consilii
2715 3955 3012 4025 principem
3058 3952 3223 4016 fecit,
3270 3951 3406 4004 alter
3440 3950 3506 4002 ab
3540 3948 3697 4000 unius
3741 3952 4042 4013 provinciae

790 4049 920 4086 cura
967 4035 1132 4088 totius
1172 4036 1240 4089 ad
1277 4035 1425 4103 regni
1480 4037 1904 4091 moderationem
1954 4041 2244 4094 convertit.
2282 4041 2386 4095 Sed
2436 4045 2524 4098 hic
2555 4053 2831 4112 postremo
2863 4050 3127 4109 quantum
3177 4037 3459 4105 sapientiai
3514 4045 3617 4086 tiu:
3671 4048 3796 4086 cum
3855 4037 4038 4101 regina

792 4134 966 4178 matre
999 4127 1266 4179 tribueret
1308 4126 1571 4186 ostemlit,
1616 4141 1739 4180 cum
1781 4129 1941 4181 ambo
1973 4138 2022 4181 te
2054 4130 2259 4185 ultimis
2287 4147 2317 4183 e
2341 4129 2527 4183 Gallia:
2566 4130 2759 4182 linibus
2795 4129 3137 4189 exciverunt,
3173 4139 3333 4192 quem
3370 4121 3737 4177 formidulosis
3773 4122 4039 4189 tempori-

793 4211 896 4264 bus
928 4212 981 4264 in
1019 4213 1252 4279 quadam
1297 4212 1442 4265 velut
1475 4213 1686 4281 imperii
1724 4215 1944 4281 specula
1976 4216 2336 4278 collocarent,
2372 4218 2637 4286 siquidem
2668 4227 2860 4284 pacato
2893 4215 3025 4267 mari
3058 4212 3458 4281 tranquilloque
3501 4209 3640 4262 coelo
3676 4208 3840 4261 facile
3871 4209 4041 4260 cuivis

792 4302 1143 4368 gubernatori
1167 4301 1429 4366 creditur,
1466 4301 1546 4354 vel
1578 4302 1929 4355 mediocriter
1960 4303 2156 4369 perito,
2185 4304 2238 4357 in
2267 4305 2506 4372 periculo
2529 4321 2686 4358 nemo
2718 4312 2802 4356 est
2831 4303 2922 4370 qui
2956 4317 3060 4354 non
3091 4313 3240 4365 eum,
3273 4297 3317 4353 si
3348 4304 3548 4365 potest,
3580 4293 3845 4356 asciscat,
3882 4310 4038 4362 quem

795 4389 1221 4442 scientissimum
1255 4387 1852 4456 prudentissimumquc
1882 4389 2157 4456 cognorit.

866 4473 922 4526 lu
960 4489 1067 4541 quo
1103 4491 1266 4527 unum
1296 4484 1378 4527 est
1412 4475 1634 4527 minime
1672 4478 2134 4543 pratereundum,
2176 4478 2320 4546 quod
2349 4475 2414 4528 ad
2449 4474 2551 4527 hoc
2583 4471 2858 4540 negotium
2894 4469 3123 4523 multum
3162 4468 3430 4522 interesse
3463 4465 3657 4519 sentio.
3697 4463 3836 4516 Nam
3883 4465 4042 4530 pleri-

792 4576 900 4628 que
925 4561 1014 4627 qui
1045 4561 1305 4628 prodesse
1344 4561 1611 4628 sapientia
1647 4575 1741 4614 sua
1783 4562 1998 4627 publice
2027 4565 2269 4626 student,
2310 4575 2595 4629 operosam
2635 4559 2782 4612 illam
2811 4557 3076 4611 duntaxat
3103 4568 3169 4607 ac
3199 4554 3360 4606 rebus
3392 4549 3643 4620 gerendis
3679 4552 4040 4602 exercitatam

795 4647 1075 4709 adhibent,
1102 4661 1222 4699 eam
1250 4660 1378 4699 vero
1413 4662 1533 4713 quae
1560 4646 1610 4698 in
1650 4646 1808 4700 libris
1845 4647 2220 4716 doctrinisque
2253 4650 2517 4712 cernitur,
2554 4657 2812 4714 tanquam
2847 4641 3163 4697 civitatibus
3201 4638 3448 4692 inutilem
3483 4635 3690 4689 feriatis
3725 4638 4044 4689 hominibus

793 4732 1131 4800 relinquunt.
1163 4731 1241 4784 Tu
1276 4747 1406 4784 vero
1433 4731 1511 4783 sic
1541 4740 1832 4800 utramque
1863 4733 2263 4788 admirabiliter
2293 4735 2604 4801 complexus
2630 4749 2711 4797 es,
2740 4744 2800 4786 ut
2825 4746 2946 4784 cum
2979 4743 3139 4784 neruo
3170 4726 3574 4782 tractandarum
3606 4738 3789 4777 rerum
3829 4725 4040 4792 majore

793 4818 990 4883 peritia
1025 4817 1116 4880 sit,
1146 4828 1257 4869 tum
1292 4833 1390 4870 usu
1424 4817 1732 4870 litterarum
1771 4833 1835 4873 ac
1867 4819 2225 4889 philosophia:
2259 4821 2438 4875 studio
2463 4821 2547 4874 his
2579 4819 2914 4888 temporibus
2959 4815 3271 4870 autecellas.

867 4904 1019 4958 llanc
1049 4904 1194 4957 enim
1239 4905 1443 4972 primus
1474 4905 1613 4957 inter
1646 4904 1851 4970 Gallus,
1881 4918 1938 4959 ut
1979 4907 2066 4960 ille
2101 4910 2377 4976 quondam
2409 4908 2462 4960 in
2491 4907 2702 4961 Gratcia
2755 4903 3033 4967 Socrates,
3070 4903 3412 4971 languentem
3447 4899 3500 4952 in
3529 4898 3732 4953 scholis
3757 4898 3826 4950 ab
3865 4899 4042 4950 otiosa

792 4991 1254 5060 contemplatione
1295 5006 1504 5044 morum
1536 4993 1601 5045 ad
1635 4992 1923 5047 utilitatem
1961 5009 2229 5062 usumque
2257 4995 2599 5050 transtulisti.
2633 4993 2769 5047 Tum
2799 5010 2860 5048 ea
2905 4990 3253 5046 monimentis
3288 4987 3557 5042 mandasti
3601 4985 3880 5054 plurimis,
3918 4986 4040 5052 qui-

795 5077 894 5129 bus
922 5090 974 5129 et
1005 5077 1219 5130 dicendi
1276 5078 1484 5131 civibus
1533 5079 1640 5132 tuis
1669 5089 1724 5133 ct
1753 5081 1965 5133 vivendi
2012 5081 2108 5134 tibi
2137 5083 2302 5135 etiam
2334 5097 2397 5136 ac
2430 5083 2655 5151 reliquis
2698 5081 2947 5148 exempla
2997 5076 3400 5147 praascriberes.
3439 5073 3645 5140 Quibus
3680 5074 3732 5124 in
3772 5071 3935 5124 libris
3968 5074 4040 5125 ita

797 5166 1019 5216 \irltttis
1053 5175 1158 5216 tua:
1185 5164 1476 5233 imaginem
1508 5168 1851 5233 expressisd,
1880 5178 1936 5221 ut
1959 5183 2053 5221 eos
2079 5184 2180 5220 una
2210 5171 2356 5222 velut
2382 5169 2607 5239 pignora
2640 5170 2966 5236 obsidesque
2997 5165 3166 5219 Gallis
3202 5163 3555 5226 traderes;ut
3587 5174 3706 5227 quae
3736 5169 3827 5210 tua
3860 5157 4042 5212 futura

797 5265 944 5304 esset
984 5252 1060 5304 rei
1095 5252 1320 5316 publica:
1359 5255 1607 5321 gerenda:
1665 5257 1804 5306 ratio
1828 5294 1842 5317 ,
1882 5264 2134 5322 tanquam
2173 5271 2238 5308 ex
2270 5259 2517 5324 praetoris
2553 5258 2733 5310 edicto
2777 5261 3170 5323 cognoscerent
3217 5264 3391 5316 neque
3422 5262 3540 5300 eam
3595 5260 3831 5312 unquam
3876 5245 4039 5297 licere

795 5340 1102 5402 crederent,
1138 5353 1300 5407 quam
1329 5350 1442 5394 tute
1477 5343 1572 5392 tibi
1612 5341 1989 5408 imposuissvs,
2039 5358 2325 5409 personam
2360 5342 2665 5396 detrahere.
2701 5342 2851 5408 Quod
2896 5340 3112 5409 quidem
3153 5337 3356 5406 paucis
3388 5335 3473 5389 his
3505 5333 3804 5392 mensibus,
3835 5345 3906 5382 ex
3943 5347 4042 5398 quo

801 5439 1036 5493 praeesse
1063 5427 1110 5478 ei
1143 5426 1351 5480 muneri
1398 5428 1630 5494 cwpisti,
1681 5443 1897 5496 egregie
1922 5438 2008 5482 est
2042 5444 2070 5481 a
2110 5442 2160 5482 te
2195 5427 2527 5497 perfectum;
2575 5448 2749 5498 neque
2787 5430 3078 5496 quisquam
3126 5426 3358 5488 dubitat,
3404 5421 3704 5491 cujusmodi
3737 5421 3856 5472 lucc
3890 5419 4041 5471 initia

804 5520 954 5574 sunt,
992 5515 1119 5578 quin
1155 5512 1301 5566 brevi
1335 5529 1430 5581 per
1467 5523 1515 5567 te
1551 5515 1705 5579 hujus
1738 5515 1946 5583 imperii
1985 5515 2132 5570 s‘alus
2159 5518 2418 5570 constitui
2457 5534 2520 5570 ac
2547 5520 2721 5587 legum
2755 5517 3052 5570 auctoritas
3085 5511 3392 5581 recuperari
3424 5510 3614 5579 possit.

880 5598 990 5652 llac
1019 5609 1070 5651 tu
1102 5601 1351 5666 graviore
1381 5617 1509 5654 cura
1547 5603 1703 5655 simul
1736 5617 1798 5655 ac
1828 5604 2148 5671 perfunctus
2185 5605 2296 5657 eris
2324 5615 2378 5656 ot
2411 5604 2619 5670 maiora
2660 5605 2749 5657 illa
2790 5603 2939 5671 regni
2983 5601 3198 5669 negotia
3242 5598 3514 5666 sapienter
3563 5591 3883 5660 explicaris,
3928 5601 4032 5642 tum

810 5695 861 5738 te
888 5687 951 5738 ad
984 5686 1097 5738 lure
1146 5697 1323 5738 nostra
1347 5725 1361 5749 ,
1417 5702 1513 5741 nec
1552 5688 1728 5741 minus
1765 5697 1941 5741 tamen
1976 5692 2040 5742 ad
2074 5691 2205 5743 bene
2258 5689 2514 5758 beateque
2561 5691 2846 5743 vivendum
2896 5688 3201 5741 necessaria
3231 5725 3244 5749 ,
3288 5691 3600 5743 convertes,
3631 5693 3690 5732 ac
3723 5680 4032 5730 litterarum

802 5785 1014 5828 lUJl'UIll
1046 5773 1162 5830 salu
1191 5773 1373 5828 lii-itali
1408 5775 1764 5844 dignitatique
1799 5777 2063 5830 consules.
2104 5774 2252 5830 Venit
2293 5781 2433 5830 enim
2484 5778 2615 5831 mihi
2645 5778 2694 5830 in
2733 5785 2988 5836 mentem,
3027 5775 3118 5841 qui
3154 5783 3274 5826 tuus
3308 5779 3433 5824 ante
3465 5783 3664 5836 paucos
3698 5767 3811 5819 dies
3840 5761 4038 5831 partim
