4206 6440
196 424 298 485 865
774 448 800 474 ι·
834 484 836 487 ,
1103 424 1197 481 Ι)ἰῦ
1234 425 1486 484 REBUS
1521 428 1703 485 I‘t‘tS'i‘
1744 427 2186 485 MAURICIUM
2228 427 2513 483 t‘iES’l'ité.
3331 428 3457 505 366
3502 469 3505 473 -

195 553 220 582 a
258 547 341 584 tne
383 532 597 586 auditus
636 519 832 607 partim
865 526 935 584 tu.
969 532 1088 586 aliis
1120 545 1378 600 exceptus
1413 551 1592 588 seruio
1629 537 1820 600 fuerit,
1855 553 1976 590 eum
2007 549 2061 590 tu
2100 537 2228 590 illud
2259 539 2607 602 proiitebat‘e,
2644 537 2773 588 nihil
2811 535 2902 590 tibi
2943 537 3149 601 gratius
3192 553 3430 604 unquam

193 619 463 670 exstitisse
496 619 651 671 bonis
685 620 896 672 artilms
938 621 1242 687 artiumque
1272 623 1479 690 peritis.
1529 637 1703 691 neque
1731 625 1782 678 in
1814 634 2116 691 pes-terum,
2153 640 2258 690 quo
2293 622 2463 688 major
2516 621 2831 675 sublevandi
2868 631 3012 675 esset
3052 621 3297 684 faeiiltas,
3329 627 3444 686 ulla

193 704 244 756 in
279 719 332 756 re
358 704 685 757 defuturum.

261 791 615 856 Quamobrem
656 801 711 843 ιιι
754 791 868 858 ejus
900 792 1047 846 vocis
1084 795 1406 863 consiliique
1442 797 1808 862 meminisses,
1867 807 2120 865 tanquam
2171 797 2572 848 admoniturum
2616 795 2843 864 alit-gari
2917 795 3281 865 Nicephorum
3333 817 3430 850 uo-

188 889 390 939 strum,
437 881 527 946 qui
565 878 658 931 tibi
693 895 814 932 cum
858 881 1108 947 privatim
1154 883 1235 934 sui
1274 893 1384 934 tum
1417 886 1690 937 communi
1739 885 1954 937 nomine
2003 885 2299 935 litterarum
2334 885 2694 950 patrocinium
2746 882 3005 944 deferret,
3060 887 3216 936 simul
3264 891 3426 938 ctiam

189 977 423 1033 rogaret,
451 967 591 1034 quod
623 969 674 1020 in
714 969 777 1020 iis
810 969 1109 1022 tractandis
1141 971 1568 1038 prolitemlisque
1604 983 1790 1024 nostra
1825 974 2060 1024 socii-tas
2097 973 2360 1029 claborct,
2399 983 2604 1038 partem
2639 982 2693 1024 ut
2724 974 2789 1025 ad
2817 989 2935 1026 eant
2966 975 3200 1040 aliquam
3228 977 3432 1026 sollici-

189 1054 388 1106 tudinis
425 1054 583 1120 hujus
617 1054 1115 1122 benevolentiaeque
1167 1057 1528 1123 transferres;
1562 1071 1617 1109 ut
1652 1060 1717 1110 iis
1749 1060 1942 1127 quibus
1976 1077 2118 1127 sepe
2158 1061 2359 1122 jactata
2411 1067 2494 1110 est
2549 1062 2810 1112 molestiis
2844 1060 3130 1128 perfuncta
3176 1078 3279 1112 non
3320 1073 3426 1114 tam

187 1141 298 1207 ipsa
351 1141 738 1208 conquiescere
794 1142 983 1210 possit,
1021 1154 1260 1210 quamet
1288 1143 1544 1198 Ecclesia:
1599 1144 1789 1197 oliieiis
1836 1149 2085 1198 munibus
2126 1157 2180 1198 ct
2224 1149 2596 1198 doctrinarum
2633 1148 2832 1200 studiis
2871 1148 3068 1216 vigiliis
3126 1148 3430 1201 laboribus-

184 1241 292 1293 que
333 1227 444 1280 suis
502 1227 768 1280 connnodi
822 1229 1025 1296 aliquid
1080 1229 1296 1283 all'erre.
1335 1231 1408 1283 De
1457 1247 1542 1284 me
1574 1247 1704 1284 vero
1755 1236 1895 1300 quod
1947 1234 2213 1298 pl'atttiplle
2264 1234 2526 1301 postulem
2581 1234 2710 1284 nihil
2767 1243 2868 1294 est,
2930 1235 3032 1286 nisi
3085 1247 3136 1286 ut
3187 1238 3428 1288 audacia:

190 1313 242 1366 in
278 1323 328 1365 te
361 1313 754 1382 interpellando
786 1330 918 1368 mea:
949 1317 1027 1369 sic
1057 1317 1307 1386 ignoscas
1334 1327 1390 1370 ut
1425 1319 1597 1371 amori
1641 1333 1768 1387 erga
1796 1331 1847 1372 te
1876 1319 2249 1387 voluntatique
2300 1320 2504 1374 faveas.
2547 1319 2694 1371 \ialc.
2751 1319 2974 1373 Lutetia:
3027 1320 3200 1372 I’arts.
3235 1326 3266 1372 ti
3306 1324 3422 1374 ιιηι.

185 1398 334 1468 Sept.
365 1414 416 1452 a.
441 1396 504 1452 D.
538 1399 696 1452 1616.

187 1592 3146 1616 mw.—

617 1782 734 1869 D.
811 1779 1294 1870 PETAVII
1372 1779 1518 1867 AD
1589 1780 2225 1872 LECTOREM
2300 1783 2978 1872 PIUEFATIO.

209 2043 214 2048 ,
247 1994 534 2066 Nicephori
579 1995 880 2065 epitomen,
927 2010 1088 2064 quam
1125 1995 1216 2049 hic
1257 1995 1350 2050 tibi
1382 1996 1596 2056 damus,
1633 1994 1869 2048 candide
1908 2001 1959 2046 et
1990 1995 2202 2048 erudite
2233 1993 2448 2057 Lector,
2482 1993 2791 2062 accepimus
2814 2009 2840 2044 a
2873 1993 2941 2046 R.
2971 1993 3030 2046 P.
3059 1993 3259 2047 .lacoho
3303 1996 3421 2048 Sir-

176 2084 400 2150 mondo,
430 2085 520 2152 qui
553 2098 673 2139 eam
708 2083 896 2138 Romae
928 2099 990 2137 ex
1028 2083 1196 2138 veteri
1231 2082 1532 2151 exemplari
1564 2081 1875 2148 descripsit.
1903 2081 1977 2134 De
2002 2091 2224 2135 auctore
2249 2095 2408 2148 porro
2443 2081 2559 2148 ipso
2590 2089 2769 2133 exstat
2800 2079 2975 2132 Photii
3012 2083 3061 2132 in
3090 2081 3419 2135 Bibliotheca

173 2171 574 2238 perhonorifica
623 2171 850 2234 mentio,
890 2186 994 2239 qua
1030 2179 1084 2223 et
1109 2171 1380 2238 epitomeu
1421 2169 1577 2222 istam
1636 2182 1973 2237 magnopere
2019 2169 2384 2230 commendat,
2421 2177 2473 2220 et
2510 2166 2608 2220 hac
2642 2182 2745 2220 una
2797 2166 3174 2220 lucubratione
3209 2169 3421 2237 jndicat

174 2273 288 2312 non
319 2272 642 2326 provocasse
696 2260 853 2313 modo
902 2259 1214 2327 superiores
1261 2256 1691 2326 quamplurimas
1749 2258 1841 2310 sed
1894 2255 2049 2323 longo
2086 2257 2250 2308 etiam
2306 2255 2593 2306 inlervallo
2657 2270 2968 2322 superasse.
3006 2256 3076 2307 lle
3115 2257 3236 2308 aliis
3287 2273 3416 2310 vero

177 2345 387 2400 relictis
414 2347 481 2399 ab
515 2359 580 2399 eo
606 2345 954 2400 monimentis
995 2359 1061 2398 ne
1087 2345 1252 2398 verbo
1292 2343 1508 2413 quidem
1546 2342 1828 2395 meminit.
1870 2341 1943 2394 lix
1977 2356 2084 2409 quo
2131 2341 2289 2392 dubia
2341 2343 2511 2393 videri
2551 2352 2725 2409 potest
2779 2341 3082 2393 communis
3127 2345 3413 2406 sententia,

174 2447 299 2499 qua:
327 2447 448 2485 cum
488 2433 589 2486 hoc
623 2432 929 2500 Niceplioro
981 2432 1300 2500 scriptorem
1343 2429 1586 2496 ejusdem
1634 2429 1871 2481 nominis
1921 2428 2151 2479 alterum
2206 2427 2509 2490 confundit,
2543 2429 2695 2497 cujus
2738 2429 2938 2482 editum
2986 2439 3070 2482 est
3110 2430 3415 2485 tilirouicon

179 2517 383 2572 Latine
414 2520 540 2572 olim
571 2535 600 2572 a
636 2519 840 2582 multis,
874 2515 1064 2572 Gra'ce
1111 2519 1273 2572 etiam
1310 2533 1339 2570 a
1371 2518 1664 2581 Sraligero.
1699 2515 1905 2568 Etenim
1942 2531 2061 2566 cum
2102 2516 2240 2565 inter
2277 2513 2592 2581 Cpolitanos
2643 2517 2923 2581 pontilices
2962 2515 3186 2570 l'liozius
3227 2519 3414 2571 eodeni

176 2608 228 2659 in
260 2607 533 2659 Chronico
572 2617 902 2668 numeretur,
936 2607 1082 2660 credi
1114 2613 1291 2672 potest
1319 2620 1426 2657 non
1463 2605 1565 2657 hoc
1587 2619 1710 2656 esse
1735 2604 1893 2654 abeo
1930 2601 2231 2667 Niccplioro
2267 2599 2568 2666 profectum
2595 2600 2686 2668 qui
2725 2610 2854 2664 tum,
2888 2617 3009 2654 cum
3057 2605 3157 2655 ista
3193 2605 3417 2659 Pliotius

182 2694 433 2761 scripsit,
465 2707 494 2745 e
522 2694 629 2747 vita
666 2693 986 2747 discesserat
1033 2702 1192 2760 atque
1220 2693 1280 2743 ὲν
1311 2691 1510 2758 ἁγίοις,
1549 2699 1608 2743 ιιι
1645 2691 1729 2742 hic
1763 2689 2020 2758 loquitur.
2059 2687 2161 2740 boc
2204 2695 2288 2740 est
2325 2697 2634 2740 sanctorum
2683 2702 2911 2740 numero
2945 2701 3061 2741 crul
3106 2691 3410 2754 adjunctus.

186 2778 395 2833 Verum
427 2781 539 2832 ﬁeri
571 2790 743 2849 potest
772 2790 829 2832 ut
867 2783 931 2832 ad
974 2779 1280 2834 Chronicou
1328 2779 1613 2846 Niccpliori
1666 2778 1935 2831 recentior
1967 2775 2054 2828 illa
2090 2791 2282 2828 manus
2312 2775 2592 2841 adiecerit.
2631 2774 2917 2844 Utcunque
2943 2793 3026 2829 res
3065 2777 3245 2838 habet.
3284 2782 3416 2833 nihil

173 2881 300 2920 esse
328 2883 504 2920 causa».
548 2869 759 2920 videtur
804 2868 930 2936 quin
977 2867 1312 2934 Nicepliorus
1355 2879 1534 2936 uoster
1587 2865 1896 2932 patriarcha
1945 2863 2034 2914 ille
2070 2863 2142 2916 sit
2187 2863 2276 2930 qui
2319 2872 2401 2915 est
2448 2865 2500 2914 in
2537 2862 2625 2914 illo
2656 2863 2931 2914 Chronico
2981 2867 3169 2918 ordine
3214 2867 3301 2919 78.
3343 2867 3416 2919 De

171 2967 288 3020 quo
323 2953 516 3004 ibidem
579 2954 690 3006 haec
731 2955 1030 3021 produntur
1061 2971 1074 3006 :
1107 2954 1417 3022 Νικηφόρος
1442 2953 1470 3003 ὁ
1498 2950 1801 3020 ἀσηκρῆτις

1753 2967 1801 3012 ις
1859 2949 2089 3019 μοναχὸς
2153 2951 2393 3016 γεγονὼς
2448 2951 2542 3019 ἔτη
2594 2949 2659 3002 θ’..
2721 2951 2824 3001 Καὶ
2874 2951 3139 3020 ἐξεϐλήθη
3176 2953 3280 3003 ὑπὸ
3318 2953 3411 3006 τοῦ

169 3040 407 3103 ἀσεϐοῦς
427 3042 654 3104 Λέοντος
684 3041 773 3094 τοῦ
817 3043 875 3094 Ἀ
892 3042 1111 3112 ρμένου.
1149 3041 1277 3107 Qua:
1295 3042 1484 3095 Latine
1518 3041 1620 3094 hoc
1655 3038 1830 3104 signil‘t

1750 3038 1962 3090 uilicant
1996 3054 2008 3089 :
2046 3035 2377 3103 Nicephorus
2412 3054 2442 3087 α
2474 3039 2683 3088 secretis
2715 3043 3002 3089 monachus
3037 3042 3170 3090 sedit
3194 3058 3244 3091 α.
3279 3040 3331 3102 9,
3363 3053 3411 3092 et

169 3129 239 3179 ab
273 3128 430 3192 impio
478 3126 646 3182 Leone
699 3130 921 3182 Armeuo
957 3130 1011 3182 in
1046 3132 1289 3182 exsilmu
1321 3129 1515 3197 cjertus
1545 3137 1642 3180 est.
1689 3124 1818 3176 Nam
1855 3133 1907 3176 et
1937 3123 2125 3176 unicus
2163 3126 2249 3176 hic
2281 3134 2404 3176 ante
2452 3123 2702 3176 l’liolium
2748 3125 3053 3192 patriarcha
3096 3125 3416 3192 Cpolitauns

170 3213 308 3273 fuit,
345 3223 400 3265 ut
431 3215 618 3268 abillo
665 3230 821 3268 nemo
851 3215 990 3269 alius
1041 3215 1264 3284 intelligi
1307 3215 1566 3282 potuerit,
1601 3221 1656 3267 et
1685 3213 1824 3264 inter
1871 3221 2090 3263 sanctos
2122 3227 2226 3262 non
2275 3210 2646 3261 Graeculorum
2695 3212 3068 3263 assentatione
3116 3211 3287 3263 solum
3321 3215 3415 3264 sed

167 3301 342 3353 etiam
374 3303 642 3352 connmmi
689 3301 939 3354 Ecclesiae
972 3300 1232 3370 suﬂ'ragio
1284 3310 1528 3367 receptus
1564 3309 1648 3351 est
1679 3315 1691 3349 :
1725 3296 1881 3364 hujus
1919 3297 2062 3348 enim
2109 3300 2368 3348 memoria
2425 3313 2452 3346 a
2493 3297 2701 3348 Latinis
2733 3298 2767 3350 5
2817 3298 2891 3351 ld.
2926 3297 3115 3361 Maias,
3145 3314 3172 3349 ει
3209 3298 3412 3351 Graecis

169 3384 207 3438 4
248 3383 391 3438 Non.
427 3384 614 3438 Junius
655 3386 1041 3440 ecclesiasticis
1071 3398 1153 3439 est
1180 3394 1494 3439 consecrata
1542 3384 1757 3447 tabulis,
1791 3394 2075 3452 postquam
2105 3398 2132 3433 a
2167 3382 2347 3435 Leone
2388 3385 2627 3434 Aruleno
2675 3383 3006 3436 iconoclasta
3043 3385 3416 3451 perditissimo

168 3475 430 3526 redactus
464 3474 515 3526 in
561 3475 804 3528 ordinem
836 3491 888 3529 a.
921 3475 982 3530 Ι).
1020 3475 1144 3535 8?8,
1167 3475 1344 3528 exsilii
1380 3475 1466 3538 14,
1499 3473 1727 3527 feliciter
1749 3489 1778 3526 e
1819 3472 1956 3525 vivis
1987 3471 2243 3523 excessit.
2281 3471 2522 3535 Quocum
2557 3473 2826 3538 praecipua
2865 3470 3151 3542 Theodoro
3183 3471 3410 3524 Studitae

169 3561 302 3611 viro
327 3559 683 3612 sanctissimo
715 3561 1056 3614 familiaritas
1085 3561 1412 3615 intercessit.
1450 3560 1729 3614 Postremo
1755 3573 1920 3612 unum
1952 3558 2324 3610 admonemlus
2345 3572 2424 3620 cs,
2453 3555 2765 3625 Nicephori,
2795 3559 2936 3624 quod
2965 3572 3129 3626 penes
3160 3572 3257 3611 nos
3285 3557 3409 3619 fuit,

165 3647 544 3714 apograplium
575 3649 775 3714 passim
819 3650 1133 3702 mendosum
1167 3663 1230 3701 ac
1257 3652 1607 3716 depravatum
1653 3647 1844 3712 fuisse,
1879 3661 2104 3714 nosque,
2133 3655 2190 3698 ut
2217 3645 2556 3699 tolerabilem
2604 3661 2822 3701 sensum
2856 3646 3200 3710 eliceremus,
3237 3647 3412 3715 pluri-

163 3748 326 3785 mum
359 3733 412 3784 in
442 3735 857 3801 interpretando
890 3735 1165 3788 laborasse
1197 3753 1209 3787 :
1241 3750 1424 3787 verum
1453 3750 1516 3789 ex
1544 3749 1603 3787 ea
1638 3734 1755 3802 lege
1787 3749 1944 3802 quam
1977 3733 2104 3785 olim
2152 3733 2309 3786 nobis
2349 3733 2727 3800 imposuimus,
2781 3733 2913 3785 nihil
2949 3748 3046 3785 nos
3075 3734 3125 3784 in
3153 3743 3406 3786 contextu

173 3818 304 3884 ipso
343 3828 603 3883 mutasse,
643 3829 837 3888 praeter
885 3819 1153 3874 levissima
1190 3821 1434 3887 quasdam
1480 3821 1809 3888 omninoque
1859 3818 2160 3882 manifesta,
2197 3828 2359 3887 atque
2394 3819 2446 3871 in
2481 3820 2732 3873 omnibus
2784 3819 3144 3888 Pythagorico
3193 3819 3413 3872 decreto

160 3903 442 3972 paruisse,
483 3907 625 3973 quod
655 3920 723 3959 ex
757 3906 976 3975 Synesii
1032 3905 1197 3958 Dione
1237 3916 1486 3972 tanquam
1517 3921 1581 3960 ex
1619 3904 1837 3960 Solonis
1882 3905 2078 3958 tabulis
2124 3905 2225 3957 hoc
2256 3905 2378 3958 loco
2427 3906 2806 3972 proferendum
2859 3917 2964 3968 est,
3015 3907 3234 3973 dignum
3276 3922 3412 3960 sane

160 3991 316 4056 quod
344 3990 516 4042 critici
547 4005 746 4044 omnes
775 4001 897 4044 ante
926 3998 1114 4044 oculos
1153 3993 1406 4054 habeant,
1440 3992 1505 4044 ad
1553 3992 1714 4060 idque
1761 4002 1986 4046 conatus
2043 4007 2106 4046 ac
2165 3992 2566 4046 lucubrationes
2605 3999 3015 4048 accommodent
3044 4012 3059 4048 ς
3088 3994 3409 4063 Πυθαγόρας

155 4077 505 4144 Μνησάρχου
553 4077 753 4146 Σάμιος
801 4079 1204 4148 ἐπιγέγραπται
1241 4077 1318 4144 τῷ
1355 4078 1523 4147 νόμῳ,
1571 4078 1718 4142 ὅστις
1747 4080 1775 4131 ὁ
1805 4079 1968 4148 νόμος
2000 4079 2098 4130 οὐκ
2136 4080 2200 4147 ἐᾷ
2233 4081 2348 4142 τοῖς
2387 4079 2614 4148 βιϐλίοις
2653 4080 2944 4145 ὲπιποιείν,
2987 4082 3125 4135 ἀλλὰ
3156 4081 3406 4152 βούλεται

159 4164 356 4231 μένειν
387 4163 525 4216 αὐτὰ
557 4164 649 4216 ἐπὶ
682 4165 781 4234 τῆς
805 4165 1026 4235 πρώτης
1059 4165 1262 4235 χειρὸς,
1295 4166 1443 4229 ὅπως
1473 4166 1603 4217 ποτὲ
1632 4166 1756 4235 ἔσχε
1785 4166 1953 4234 τύχης
1983 4166 2014 4234 ἢ
2049 4167 2264 4235 τέχνης.

176 4382 370 4396 —

1326 4559 2231 4678 ΠΡΟΘΕΩΡΙΑ.

230 4777 318 4831 Ex
364 4777 602 4830 omnium
662 4776 1052 4861 imperatorum
1108 4793 1334 4832 numero
1389 4778 1658 4832 nemiuem
1715 4787 1952 4849 reperies
2003 4789 2092 4854 qui
2138 4799 2232 4842 aut
2280 4791 2577 4846 dilliciliora
2628 4807 2787 4861 quam
2838 4793 3113 4848 llcraclius
3159 4802 3397 4860 tempora

151 4872 367 4944 nat-tus
401 4861 468 4944 sit
497 4871 589 4913 aut
622 4860 1298 4944 pluraprmstanlioraque
1333 4861 1482 4913 brevi
1514 4863 1648 4913 adeo
1696 4866 1870 4930 Spatio
1919 4870 2226 4934 perfecerit.
2276 4872 2476 4926 Eadem
2516 4860 2661 4926 νει-ογ
2689 4875 2772 4927 illa
2817 4883 3054 4943 tempora
3093 4891 3196 4929 non
3230 4880 3400 4944 magis

148 4945 300 4995 olim
338 4942 595 4995 l-eiltil'lllll
631 4941 952 4996 tumultibus
1000 4953 1156 4996 erant
1189 4959 1350 5010 quam
1378 4944 1538 4995 hodie
1585 4947 1895 5001 narratione
1922 4951 2033 5016 ipsa
2064 4962 2188 5006 sunt
2224 4962 2385 5022 atque
2431 4971 2694 5007 annorum
2747 4957 2890 5010 serie
2921 4941 3256 5023 perturbata.
3293 4941 3400 5012 lloc

145 5027 315 5079 enim
346 5025 482 5077 citra
533 5023 788 5077 invidiam
823 5025 926 5078 dici
962 5034 1158 5092 potest,
1215 5027 1418 5078 nullum
1453 5026 1558 5078 huc
1589 5042 1759 5094 usque
1785 5030 2100 5093 clironicon,
2159 5038 2383 5089 annales
2431 5038 2610 5091 nullos
2658 5041 2954 5102 exstitisse,
2989 5041 3038 5093 in
3068 5043 3259 5109 quibus
3296 5060 3398 5095 non

145 5110 250 5162 illa
295 5117 624 5175 praepostere
648 5107 921 5176 descripta
953 5107 1083 5172 sint,
1121 5117 1284 5175 atque
1312 5121 1378 5161 ex
1405 5121 1668 5161 annorum
1699 5110 1778 5164 vel
1810 5113 2200 5182 anticipatione
2227 5117 2306 5168 vcl
2339 5119 2659 5188 traiectione
2707 5120 2821 5173 vitii
2855 5122 3054 5189 aliquid
3085 5107 3399 5178 adluescrit.

144 5191 431 5257 Equidem
481 5199 744 5256 quantum
770 5190 824 5242 in
855 5190 959 5243 illis
1010 5191 1204 5258 partim
1248 5190 1508 5244 eruendis
1549 5192 1748 5257 partim
1799 5198 2153 5252 emendandis
2200 5215 2379 5266 operas
2420 5203 2715 5269 posuerim,
2764 5203 2893 5254 milii
2943 5204 3054 5270 ipse
3102 5221 3219 5258 smn
3268 5222 3403 5261 ι-οιι-

144 5275 312 5326 seins
349 5287 361 5322 :
401 5279 658 5336 quantum
709 5285 871 5338 porro
918 5280 1244 5326 consecutus
1280 5271 1496 5338 fuerim,
1550 5274 1692 5329 malo
1738 5277 1790 5329 id
1833 5276 2060 5332 aliorum
2103 5280 2309 5346 judicio
2361 5284 2664 5352 relinquere
2719 5299 2878 5353 quam
2919 5289 2970 5338 in
3014 5288 3254 5343 oratione
3285 5306 3400 5342 inea

145 5367 387 5424 ponere.

226 5437 527 5518 Auctor-res,
553 5447 680 5487 vero
709 5448 773 5486 ac
802 5434 968 5518 duces
997 5435 1218 5489 adhibui
1270 5451 1390 5490 cum
1435 5437 1569 5491 alios
1622 5440 1935 5510 plerosque,
1977 5453 2087 5496 tum
2143 5444 2449 5500 Cedreuuin
2478 5462 2542 5500 ac
2577 5445 2983 5517 Theophanem,
3027 5451 3182 5518 cujus
3212 5452 3399 5508 Grzeca

145 5517 407 5572 nondum
437 5517 487 5568 in
517 5517 657 5569 hanc
687 5518 827 5570 diem
870 5517 1082 5586 vulgata
1114 5533 1275 5586 penes
1309 5536 1408 5573 nos
1436 5521 1746 5588 habuimus,
1790 5534 1900 5577 tum
1950 5526 2376 5581 Alexandrinum
2430 5529 2741 5585 Clironicon
2782 5535 2896 5587 sive
2928 5517 3122 5588 Fastos
3166 5536 3399 5598 Siculos,

142 5615 304 5667 quos
327 5599 434 5650 hoc
469 5613 609 5651 anno
641 5598 698 5651 P.
735 5598 1018 5654 Mattliteus
1051 5599 1316 5666 Raderus,
1352 5603 1432 5655 vir
1466 5619 1587 5657 cum
1637 5606 1826 5673 primis
1860 5609 2124 5672 eruditus,
2156 5612 2207 5662 in
2239 5611 2410 5664 lucem
2439 5614 2627 5668 edidit.
2665 5614 2866 5668 Horum
2918 5622 3243 5672 auctoritate
3279 5621 3398 5672 freti

140 5695 262 5732 non
303 5680 464 5771 modo
500 5680 627 5747 quid
670 5695 997 5771 tiroquoque
1039 5683 1382 5751 iniperaloris
1413 5702 1552 5740 anno
1585 5700 1792 5754 gestum
1828 5691 1899 5743 sit
1930 5707 2186 5747 accurate
2217 5695 2588 5759 distinximus,
2623 5713 2808 5751 verum
2849 5703 3034 5763 ctiam,
3070 5706 3213 5768 quod
3244 5716 3401 5771 caput

139 5775 257 5824 οτι,
295 5763 512 5816 cuinam
541 5773 680 5818 esset
706 5763 919 5819 .Iul‘ano
953 5780 1094 5819 anno
1127 5767 1492 5832 tribuendum,
1544 5786 1646 5838 qua
1694 5774 1817 5825 anni
1850 5775 2212 5830 ntdluleti-‘me
2259 5779 2481 5832 annales
2523 5782 2691 5834 nostri
2722 5798 2906 5837 omnes
2937 5800 2997 5836 ac
3030 5763 3393 5853 ciiz'onoloéim
