4206 6440
771 363 872 423 867
1792 354 1851 411 S.
1892 353 1940 410 N
1955 349 2309 412 [CEPHORI
2351 349 2432 406 ΡΑ

2362 349 2570 410 ιιΑΤιιι
2583 348 2853 406 ΑΗΕΗΑΞ
2892 347 3002 405 CP.
3921 338 4023 400 868

776 471 1040 523 nituntur.
1071 468 1186 533 Quo
1211 466 1424 533 quidem
1459 477 1556 515 nos
1585 462 1780 530 partim
1835 460 2212 518 indictionum,
2250 473 2384 525 quas
2426 459 2530 509 duo
2561 456 2632 508 illi
2662 456 2988 523 posteriores
3023 453 3326 521 ascribunt,
3362 464 3552 511 exacta
3599 463 3768 513 ratio,
3821 464 4024 517 parum

778 567 1043 605 annorum
1078 557 1216 602 noue
1249 546 1389 599 velut
1418 559 1577 597 manu
1610 544 1967 596 deduxerunt.
2003 541 2138 592 Sunt
2175 540 2224 592 hi
2263 540 2399 591 luna:
2428 539 2664 606 solisque
2703 538 2864 606 cycli,
2899 552 2962 590 ac
2992 537 3306 603 paschatnm
3343 549 3398 590 et
3431 537 3690 589 feriarum
3725 536 4028 586 characte—

781 635 953 687 risini.
995 635 1228 695 Quorum
1269 627 1548 679 methodus
1588 637 1642 676 ιιι
1669 624 1846 675 facilis
1891 634 1996 684 est,
2029 623 2107 673 sic
2143 621 2510 672 incredihilem
2549 635 2613 672 ac
2649 634 2813 686 prope
2860 622 3224 672 necessarium
3258 620 3421 671 habet
3466 634 3646 677 usum,
3684 627 3744 669 ut
3779 616 4031 669 historia:

785 717 1170 769 munimentum
1201 725 1262 763 ac
1291 720 1587 776 temporum
1616 707 1798 775 ὄχημα
1832 707 1936 758 dici
1969 706 2159 757 merito
2189 707 2375 771 possit.
2407 702 2683 771 EjuSmtidi
2713 701 2856 753 enim
2893 711 3019 754 sunt
3051 711 3107 753 ιιι
3136 702 3253 754 sine
3286 702 3352 754 iis
3382 702 3434 753 in
3467 716 3736 752 annorum
3767 701 4033 765 designa-

788 803 928 852 tione
956 800 1240 862 plurumum
1275 796 1513 852 alit't'res,
1553 793 1657 840 imo
1689 792 1852 840 etiam
1890 791 2178 856 pugnantia
2211 801 2397 842 secum
2428 787 2755 854 minimeque
2785 784 3110 837 coha'rentia
3159 783 3416 851 loquare;
3447 797 3538 835 aut
3566 785 3609 834 si
3645 794 3841 834 tamen
3890 794 4038 831 rei-te

785 883 960 947 aliqua
991 879 1301 942 digesseris,
1338 878 1387 927 in
1414 890 1474 924 ea
1513 873 1733 924 fortuito
1769 872 2089 935 incurrisse,
2120 886 2224 921 non
2256 881 2406 921 certo
2431 869 2595 924 animi
2624 868 2825 934 judicio
2857 868 3120 930 delegisse
3156 868 3397 918 videare.
3425 867 3503 916 Ac
3531 881 3652 917 cum
3697 865 3952 914 diversis
3977 878 4038 914 es

787 944 956 1015 init—ais
1003 961 1383 1026 imperatorum
1415 957 1464 1005 io
1495 954 1669 1008 Fastis
1702 956 1967 1020 descripta
2005 954 2112 1005 sint
2158 962 2418 1016 tempora,
2469 965 2567 1010 nec
2606 953 2673 1003 ab
2701 951 2890 1003 eodem
2930 964 3036 1014 quo
3086 948 3209 1000 anni
3241 945 3440 999 Juliani
3492 949 3670 1014 capite
3702 944 4039 1000 Cra-corum

788 1044 1108 1096 indic-tiones
1139 1042 1370 1105 annique
1419 1048 1751 1102 repetantur,
1804 1051 2023 1087 necesse
2060 1046 2142 1087 est
2168 1034 2416 1086 eumdem
2459 1047 2621 1084 unum
2656 1047 2854 1084 annum
2887 1029 3086 1099 aliquid
3114 1047 3143 1084 e
3171 1030 3383 1082 duobus
3426 1027 3662 1081 Juliauis
3705 1033 4039 1089 ilecerpvre.

790 1126 942 1192 Quod
977 1127 1076 1175 nisi
1106 1137 1273 1175 annos
1312 1122 1452 1179 illos,
1488 1120 1552 1169 ad
1600 1134 1732 1184 quos
1785 1118 1928 1169 velut
1969 1119 2034 1170 ad
2086 1117 2319 1182 rcgnlam
2370 1116 2659 1184 quamdam
2706 1114 2985 1166 historiam
3041 1114 3236 1181 exigis,
3282 1114 3448 1164 certis
3485 1112 3632 1165 notis
3674 1127 3744 1163 ac
3789 1110 4042 1173 vestigiis

793 1209 1124 1265 distinxi-ris,
1161 1219 1355 1268 uoime,
1393 1215 1450 1256 ut
1479 1204 1635 1274 paulo
1660 1213 1781 1253 ante
1807 1202 1941 1259 dixi.
1978 1201 2193 1252 ariolari
2222 1215 2283 1251 ac
2313 1198 2555 1250 divinare
2583 1195 2776 1265 saepius
2807 1193 3124 1262 oportebit?
3157 1196 3262 1246 dici
3297 1195 3384 1245 vix
3411 1205 3588 1260 potest
3621 1194 3852 1259 quoties
3887 1193 4043 1252 hujus

792 1305 856 1343 ex
887 1289 1143 1337 iltit'lriltte
1174 1287 1253 1336 vel
1285 1293 1594 1350 contemptu
1639 1281 1717 1332 vel
1766 1282 2194 1332 dissimulatione
2247 1289 2524 1344 peccatum
2562 1279 2629 1329 sit
2667 1279 2734 1328 ab
2777 1275 3086 1335 hominibus
3118 1277 3370 1340 eruditis,
3405 1286 3460 1328 ut
3493 1278 3572 1327 vel
3619 1290 3822 1326 eorum
3880 1288 4041 1323 Casus

794 1373 1084 1424 admonere
1113 1383 1210 1418 nos
1235 1367 1426 1419 debeat
1453 1376 1506 1416 ut
1534 1367 1583 1415 in
1618 1365 1912 1416 tractandis
1940 1363 2282 1428 antiquorum
2317 1360 2650 1426 temporibus
2677 1359 2740 1409 ad
2766 1373 2887 1409 eum
2931 1359 3110 1409 omnia
3140 1358 3302 1409 Veluti
3332 1360 3397 1410 ad
3427 1373 3669 1409 normam
3715 1358 4040 1423 exiguntur.

796 1453 946 1517 Quod
976 1466 1040 1503 ne
1073 1451 1190 1516 quis
1222 1449 1386 1515 gratis
1420 1463 1448 1498 a
1485 1447 1637 1498 nobis
1678 1444 1928 1496 allirniari
1980 1454 2148 1510 putet,
2188 1456 2293 1494 uno
2323 1441 2371 1492 id
2402 1441 2451 1491 in
2486 1439 2735 1507 exemplo
2797 1439 3036 1490 alterove
3075 1438 3486 1507 periclitandum
3518 1449 3618 1502 est,
3666 1453 3736 1491 es
3784 1440 3858 1489 iis
3909 1452 4044 1500 pr:-

797 1534 979 1587 Sertin.
1014 1548 1130 1597 quit:
1180 1547 1299 1583 cum
1355 1532 1598 1580 instituto
1648 1537 1831 1578 nostro
1885 1526 2191 1578 necessario
2233 1522 2518 1589 conjuncta
2552 1530 2699 1572 sunt.
2741 1518 2818 1571 Ac
2847 1519 3079 1587 primum
3126 1521 3267 1588 quod
3315 1520 3382 1572 ad
3434 1520 3767 1573 indictiones
3813 1521 4042 1579 attinet,

799 1620 995 1682 quibus
1023 1616 1136 1666 hinc
1186 1623 1362 1663 nostra
1388 1621 1444 1661 ut
1476 1621 1529 1662 et
1557 1611 1882 1662 recentiores
1936 1621 2125 1658 omnes
2162 1604 2469 1659 Graecorum
2515 1603 2752 1655 historia:
2805 1613 3004 1656 notata:
3054 1612 3199 1665 sunt,
3232 1604 3506 1656 videamus
3547 1603 3675 1669 quid
3717 1604 3785 1654 de
3821 1603 4041 1652 illarum

799 1699 1000 1763 θιιοι-Ιιιι
1048 1695 1254 1758 magnis
1309 1693 1414 1748 illis
1463 1702 1622 1758 atque
1672 1690 1818 1743 omni
1863 1687 2121 1739 doctrina:
2168 1702 2366 1754 genere
2415 1686 2629 1739 refertis
2685 1685 2736 1738 in
2780 1686 3076 1738 Annalibus
3132 1683 3458 1752 disputetur.
3516 1682 3609 1737 Sic
3659 1685 3833 1750 igitur
3902 1697 4045 1736 anno

801 1779 1000 1834 Chriin
1048 1776 1175 1838 562,.
1214 1773 1502 1827 Justiniani
1530 1772 1618 1834 '56,
1646 1771 1838 1825 scribit
1879 1768 2165 1832 Baronins,
2216 1769 2433 1822 omissis
2474 1769 2725 1834 deinceps
2774 1766 3109 1828 consulibus,
3159 1769 3250 1834 qni
3303 1767 3432 1822 nulli
3485 1769 3598 1822 lere
3645 1775 3941 1831 notantur,
3990 1780 4044 1819 se

804 1862 1190 1918 itidirtionihns
1239 1873 1461 1909 usurum
1495 1871 1556 1906 ex
1590 1855 1841 1907 methodo
1881 1853 2237 1918 exemploque
2280 1851 2610 1905 Cassiodori.
2645 1850 2708 1904 In
2738 1866 2839 1920 quo
2870 1852 3002 1902 illud
3043 1851 3381 1912 monendum,
3412 1852 3510 1913 ait,
3542 1855 3683 1919 quod
3719 1852 3817 1904 etsi
3862 1865 4045 1902 nerineb

805 1959 876 1996 re:
907 1943 1253 1996 Cussiodorns
1283 1939 1343 1989 ab
1376 1937 1757 1999 incarnatione,
1789 1951 1880 1987 nos
1931 1951 2044 1986 vero
2077 1951 2107 1984 a
2140 1933 2307 1985 natali
2354 1935 2584 1997 Domini,
2637 1950 2772 1986 unus
2816 1934 3056 2001 idemque
3095 1949 3263 1986 annus
3308 1932 3524 1986 Domini
3559 1944 3656 1996 est,
3686 1951 3806 1986 cum
3862 1949 4044 1986 noeens

809 2037 1010 2080 tantum
1049 2041 1242 2076 menses
1281 2024 1598 2073 intercedant
1626 2020 1688 2070 ab
1725 2020 2104 2069 incarnationis
2146 2028 2375 2077 tempore
2409 2034 2569 2084 nsque
2603 2019 2670 2069 ad
2697 2016 2924 2069 natalem
2965 2017 3133 2084 ipsius
3179 2017 3341 2077 diem,
3371 2027 3479 2070 etc.
3518 2016 3708 2070 Verum
3731 2021 3776 2072 si
3807 2036 3841 2070 a
3870 2032 4044 2070 utens:

811 2109 1099 2168 Septembri
1129 2121 1265 2155 more
1298 2103 1557 2168 majorum
1598 2116 1872 2152 numerare
1913 2101 2128 2166 caperis
2161 2100 2493 2161 indictiones,
2537 2111 2657 2150 tunc
2683 2098 2768 2162 ﬁet
2805 2109 2858 2150 ut
2898 2114 2999 2150 non
3029 2101 3210 2151 eadem
3244 2100 3313 2150 sit
3341 2101 3557 2152 indictio
3597 2103 3724 2152 anni
3755 2104 3818 2151 ab
3866 2105 4044 2153 incar-

812 2191 1019 2241 natione
1060 2186 1315 2238 numerati
1340 2197 1386 2238 et
1416 2185 1528 2252 ejus
1576 2185 1663 2252 qui
1715 2183 1982 2234 exorditur
2012 2201 2041 2231 η
2081 2185 2310 2246 sementi
2362 2181 2525 2232 natali
2565 2180 2798 2232 Domini.
2852 2179 3001 2243 Swpe
3046 2182 3184 2233 enim
3218 2197 3348 2250 opus
3393 2183 3495 2234 erit
3528 2193 3585 2235 nt
3627 2185 3786 2235 anius
3821 2201 4043 2235 numero

810 2278 1006 2320 crescat
1036 2281 1201 2317 annus
1231 2285 1258 2315 ιι
1288 2266 1449 2315 natali
1487 2263 1692 2315 Domini
1725 2270 1956 2313 notatus.
1997 2260 2180 2328 Sit-que
2208 2262 2293 2311 hic
2316 2262 2423 2326 ipse
2447 2279 2616 2314 annus
2647 2265 2855 2314 Domini
2886 2263 3327 2332 quingentesimum
3355 2268 3718 2333 sexagesimus
3752 2271 4042 2323 secundes.

813 2350 907 2401 sub
944 2349 1219 2416 t'ousnlattt
1270 2345 1455 2396 Basilii
1492 2345 1644 2396 vicies
1681 2342 1859 2402 semel,
1894 2343 2194 2394 indictionis
2226 2342 2438 2394 decinttc
2464 2344 2526 2403 ab
2559 2345 2921 2397 incarnatione
2977 2344 3211 2408 Domini,
3243 2346 3386 2398 idem
3414 2350 3478 2398 sit
3508 2349 3819 2400 indictionis
3877 2349 4045 2400 stude-

814 2436 961 2485 cinun
990 2445 1029 2482 ιι·
1054 2427 1248 2480 natalis
1280 2439 1524 2491 tempore.
1573 2425 1923 2489 Quamobrem
1961 2439 2076 2474 cum
2123 2425 2219 2474 hoc
2265 2439 2403 2474 anno
2441 2425 2667 2493 (Christi
2704 2425 2826 2490 562)
2877 2427 3092 2478 indictio
3128 2428 3327 2480 decima
3354 2446 3387 2481 ιι
3413 2429 3734 2482 Cassiodoro
3779 2443 4042 2497 ponatur,

814 2513 1090 2566 Undecima
1143 2511 1378 2577 ponenda
1416 2524 1448 2559 a
1477 2507 1622 2561 nobis
1673 2517 1824 2568 esset,
1855 2509 1968 2574 ipsa
2011 2507 2288 2571 incipiente
2318 2524 2347 2556 a
2388 2523 2560 2558 mense
2608 2505 2891 2574 Septembri
2931 2509 3160 2572 ejusdem
3211 2512 3338 2562 anni
3377 2513 3780 2580 quingentesimi
3825 2515 4046 2565 serendi

816 2595 1197 2650 incarnationis
1231 2593 1459 2652 Domini,
1489 2592 1578 2658 qui
1608 2590 1886 2642 deducitur
1925 2607 2084 2658 usque
2112 2597 2176 2641 ad
2206 2589 2498 2641 vicesimam
2531 2591 2764 2657 quintam
2794 2592 2985 2644 mensis
3017 2591 3205 2646 Martii
3245 2600 3369 2648 anni
3414 2595 3593 2662 hujus,
3626 2612 3656 2646 a
3685 2612 3790 2664 quo
3820 2607 4050 2662 tempore

817 2691 993 2744 postea
1019 2677 1367 2742 sexagesimus
1413 2674 1594 2724 tertius
1635 2674 1817 2736 incipit
1855 2673 2144 2728 numerari.
2181 2670 2306 2724 llaec
2345 2671 2431 2724 ille
2458 2671 2711 2738 perplexa
2746 2687 2873 2725 sane
2904 2689 2963 2726 ac
2996 2689 3219 2741 prorsus
3258 2677 3683 2729 inextricabilis.
3730 2678 3832 2740 Qui
3877 2693 4051 2732 annos

817 2759 1023 2815 Christi
1055 2759 1123 2810 ab
1148 2757 1518 2809 incarnatione
1551 2765 1739 2822 putare
1763 2755 2068 2814 instituunt,
2107 2753 2140 2805 ii
2169 2753 2488 2806 numerandi
2520 2755 2587 2805 ab
2615 2768 2680 2806 eo
2712 2769 2855 2808 anno
2883 2766 3097 2814 sumunt
3140 2758 3424 2810 exordium
3453 2759 3544 2826 qui
3575 2772 3697 2811 ara:
3720 2757 4051 2813 Christiana

819 2843 1026 2908 primus
1059 2849 1139 2891 est
1166 2849 1216 2891 et
1251 2838 1397 2907 ryclo
1429 2845 1648 2890 notatur
1677 2836 1807 2888 solis
1835 2835 1888 2898 9,
1921 2836 2059 2888 luna:
2089 2837 2142 2897 2,
2179 2836 2471 2888 indictione
2496 2833 2550 2886 4.
2584 2833 2658 2888 lta
2689 2837 2832 2889 enim
2884 2837 3240 2897 Cassiodorus
3274 2841 3342 2892 ad
3371 2855 3542 2896 annos
3565 2843 3630 2896 ab
3668 2842 4052 2896 incarnatione

817 2924 968 2991 jubet
1015 2921 1210 2973 addere
1237 2920 1291 2981 5,
1323 2928 1382 2971 ut
1414 2918 1636 2972 indictio
1685 2917 1921 2986 cujusvis
1960 2919 2084 2970 anni
2137 2919 2456 2986 reperiatur.
2513 2920 2682 2989 Igitur
2720 2936 2892 2975 annus
2947 2924 3154 2988 primus
3205 2925 3596 2980 incarnationis
3649 2927 3936 2979 notandus
3972 2935 4053 2978 est

825 3005 1117 3058 indictione
1143 3010 1354 3068 quarta,
1391 3015 1495 3067 qua
1524 3009 1578 3053 et
1603 3014 1723 3052 atra:
1751 2998 2076 3052 Christiana!
2108 2999 2311 3066 primus
2340 3000 2582 3066 signatur
2611 3017 2804 3056 annus.
2839 3004 2992 3068 Quod
3039 3005 3259 3073 insuper
3289 3023 3353 3060 es
3381 3007 3864 3060 decemnovennali
3897 3007 4047 3075 cyclo

824 3098 878 3138 et
908 3087 1182 3138 Dominica
1212 3083 1479 3151 paschalis
1507 3083 1593 3136 die
1623 3083 1766 3135 illius
1799 3082 1922 3133 anni
1952 3081 2230 3149 probatur,
2262 3097 2423 3150 quam
2455 3083 2507 3135 in
2537 3087 2840 3152 exemplum
2889 3086 3124 3140 methodi
3150 3103 3259 3141 sua:
3288 3087 3430 3142 idem
3468 3089 3832 3143 Cassiodorus
3855 3090 4051 3153 affert;

827 3169 917 3235 qui
945 3178 1028 3220 est
1061 3183 1232 3219 anuus
1259 3167 1458 3219 Christi
1496 3165 1618 3219 562.
1659 3165 1810 3217 llunc
1842 3164 1984 3217 enim
2025 3178 2222 3214 annum
2257 3165 2632 3218 duodecimum
2683 3175 2932 3220 numerat
2961 3169 3096 3234 cycli
3137 3169 3669 3232 decetnnovennalis,
3705 3185 3817 3238 quo
3845 3169 4054 3224 Pascha

829 3251 1080 3303 incidisse
1116 3249 1302 3301 scribit
1333 3248 1384 3299 in
1418 3249 1557 3299 diem
1604 3260 1805 3298 nonum
1859 3244 2077 3311 Aprilis.
2112 3243 2242 3309 Qum
2275 3260 2465 3299 omnes
2512 3259 2649 3301 nota:
2693 3248 2973 3303 conﬂuunt
3001 3251 3054 3302 io
3087 3266 3284 3304 annum
3328 3253 3530 3307 Christi
3560 3251 3686 3316 562,
3719 3254 3814 3320 qui
3847 3253 4053 3321 cyclum

829 3335 958 3387 solis
991 3334 1174 3385 habuit
1216 3333 1297 3390 ll.
1325 3332 1462 3384 luna:
1495 3331 1582 3390 l2,
1604 3329 1954 3381 indictionem
1983 3327 2069 3380 ll).
2098 3325 2301 3379 Littera
2330 3328 2676 3384 Dominicalis
2707 3333 2772 3394 A,
2799 3333 3079 3385 neonienia
3111 3335 3384 3401 paschalis
3413 3334 3594 3391 Martii
3617 3334 3712 3399 2'2,
3747 3347 3950 3404 quarta
3973 3339 4056 3392 de-

831 3419 992 3475 cima,
1025 3415 1224 3480 Aprilis
1264 3414 1318 3478 4,
1357 3413 1490 3465 l’eria
1526 3413 1707 3465 tertia.
1742 3409 1882 3478 Ergo
1908 3409 2108 3475 Aprilis
2143 3424 2286 3462 nono
2317 3410 2592 3466 Dominica
2629 3412 2898 3481 paschalis
2931 3413 3048 3467 fuit.

906 3499 1070 3562 Igitur
1101 3500 1142 3549 si
1172 3512 1346 3548 annus
1393 3510 1513 3548 tera:
1541 3494 1864 3547 Christiana:
1917 3492 2380 3559 quingentesimus
2425 3496 2794 3564 sexagesimus
2849 3498 3140 3564 secundus,
3192 3499 3452 3567 praeditus
3485 3498 3588 3553 fuit
3618 3498 3774 3569 cyclo
3804 3500 3945 3554 solis
3975 3501 4055 3568 tl,

835 3580 974 3634 lunae
1003 3580 1083 3642 l2,
1120 3579 1426 3631 indictionis
1461 3576 1548 3638 10.
1574 3586 1628 3630 et
1655 3577 1860 3643 primus
1912 3589 2176 3627 annorum
2207 3573 2409 3628 Christi
2450 3586 2665 3630 notatur
2709 3578 2861 3646 cyclo
2907 3579 3036 3632 solis
3082 3579 3329 3645 decimo,
3398 3581 3540 3636 luntc
3591 3583 3870 3644 secundo,
3918 3583 4056 3635 indi-

835 3666 1031 3719 ctiuuis
1079 3672 1294 3730 quarto,
1343 3670 1396 3714 et
1440 3662 1532 3728 qui
1589 3659 1732 3717 hunc
1769 3658 2014 3726 proxime
2049 3658 2347 3725 praecessit,
2397 3658 2579 3731 cyclos
2624 3661 2968 3716 habuitsolis
2998 3677 3225 3731 nonum,
3264 3664 3405 3717 luna:
3438 3666 3699 3734 primum,
3745 3665 4059 3720 indictionis

836 3745 1070 3800 tertium.

909 3851 1042 3903 Cum
1075 3859 1254 3904 autem
1286 3859 1497 3903 veteres
1523 3849 1864 3916 computista:
1898 3861 2067 3900 annos
2097 3847 2297 3902 Christi
2335 3848 2402 3900 ab
2437 3848 2805 3903 incarnatione
2843 3861 3215 3915 numerarent,
3250 3867 3481 3923 eamque
3515 3851 3837 3909 conferrent
3870 3853 3925 3906 in
3953 3852 4058 3922 pri-

841 3947 987 3985 mum
1029 3948 1227 3985 annum
1262 3947 1382 3985 εει-ιι»
1414 3931 1755 3993 Christiania,
1811 3931 1971 3983 iidem
2021 3931 2256 3984 natalem
2305 3930 2506 3986 Christi
2556 3941 2674 3999 post
2726 3948 2939 3988 menses
2986 3944 3208 3988 exactos
3257 3949 3450 3989 novem
3508 3936 3856 4004 imputabant
3891 3937 4058 3993 eidem

842 4029 983 4066 anno
1030 4013 1319 4080 desinenti,
1374 4015 1682 4072 Decembris
1735 4016 1994 4067 vicesimo
2045 4013 2264 4079 quinto;
2308 4022 2366 4068 ut
2418 4015 2800 4068 incarnatioin
2835 4016 3081 4069 emndem
3136 4030 3260 4070 cum
3315 4017 3483 4071 natali
3535 4017 3816 4074 lulianum
3870 4037 4060 4076 annum

841 4100 1079 4152 caderet.
1114 4102 1181 4151 At
1234 4109 1413 4166 postea
1451 4099 1644 4152 natalis
1693 4096 1892 4149 Christi
1950 4096 2247 4150 translatus
2295 4104 2379 4150 est
2427 4096 2481 4151 in
2515 4112 2714 4153 annum
2770 4099 3198 4163 antecedentem,
3247 4100 3341 4168 qui
3395 4104 3642 4169 proxime
3697 4105 4062 4159 Christianam

844 4184 1328 4246 praecessitagram,
1355 4181 1426 4233 ita
1469 4190 1526 4233 ut
1569 4183 1691 4234 anni
1729 4177 1924 4232 Christi
1984 4179 2050 4230 ab
2108 4175 2272 4229 natali
2322 4177 2590 4244 prolicisci
2641 4180 2924 4250 coeperint,
2975 4181 3101 4249 quia
3147 4183 3360 4251 primus
3410 4192 3604 4240 octavo
3632 4185 3720 4240 die
3750 4198 3878 4256 post
3919 4199 4063 4244 nata-

844 4261 946 4316 lem
976 4265 1114 4317 iniit.

916 4368 1031 4421 Jam
1066 4384 1191 4422 vero
1223 4367 1362 4434 quod
1392 4369 1456 4422 ad
1490 4367 1839 4422 indictionem
1888 4375 2116 4436 spectat,
2144 4383 2207 4420 ea
2240 4381 2304 4421 es
2338 4366 2694 4421 Orientalium
2733 4370 2981 4424 instituto
3009 4370 3077 4424 ab
3109 4369 3411 4438 Septembri
3458 4386 3645 4426 mense
3693 4374 3867 4440 coepit
3917 4389 4064 4428 exor-

850 4453 993 4504 dium
1021 4469 1035 4515 ;
1069 4464 1122 4504 et
1155 4454 1244 4519 qui
1272 4453 1372 4506 boc
1399 4452 1568 4506 secuti
1593 4460 1737 4515 sunt,
1771 4461 2003 4518 quatuor
2033 4461 2158 4503 ante
2196 4449 2474 4504 mensibus
2505 4449 2848 4504 indictionem
2882 4463 3072 4519 putare
3100 4461 3385 4520 coeperunt
3415 4467 3575 4520 quam
3600 4453 3692 4520 qui
3730 4455 3797 4507 ab
3819 4455 4065 4510 Kalendis

850 4534 1122 4587 Januariis
1154 4550 1270 4587 eam
1306 4533 1562 4598 anspicati
1617 4543 1742 4586 sunt
1771 4551 1782 4586 :
1817 4546 2090 4599 nunquam
2148 4542 2325 4584 autem
2357 4533 2423 4583 ab
2456 4531 2757 4599 Septembri
2810 4534 3059 4587 ineuntes
3106 4534 3256 4586 illum
3286 4534 3500 4602 elegere
3538 4534 3954 4603 Scptembrem,
3986 4539 4064 4605 qui

852 4634 1028 4673 nonus
1071 4627 1212 4670 esset
1240 4619 1306 4668 ab
1337 4617 1588 4670 Kalendis
1620 4616 1911 4680 Januariis,
1949 4615 2088 4669 unde
2119 4616 2348 4668 aliorum
2386 4615 2608 4669 indictio
2653 4618 2937 4685 processit.
2972 4617 3046 4670 De
3074 4631 3178 4684 quo
3222 4616 3346 4670 vide
3377 4631 3495 4684 qua:
3527 4617 3579 4669 in
3615 4619 3916 4675 undecimo
3945 4621 4066 4674 libro

853 4700 917 4753 de
946 4701 1198 4752 Doctrina
1229 4710 1533 4767 temporum,
1567 4713 1616 4752 c.
1645 4697 1736 4761 40,
1766 4699 1899 4752 dixi.

925 4801 1283 4866 Quamobrem
1315 4815 1503 4853 omnes
1534 4799 1604 4852 illi
1634 4803 1724 4868 qui
1752 4816 1780 4852 a
1809 4800 2111 4869 Septembri
2144 4799 2460 4853 iadictiones
2485 4808 2792 4864 numerant,
2820 4799 3094 4854 Christum
3123 4817 3187 4855 es
3219 4801 3423 4871 vulgari
3457 4815 3710 4872 computo
3734 4807 4066 4859 incarnatum

855 4900 975 4938 esse
1012 4895 1226 4936 censent
1273 4884 1561 4936 indictione
1595 4886 1775 4945 tertia,
1828 4895 2015 4937 natum
2067 4899 2194 4937 vero
2240 4882 2535 4936 imlictionc
2587 4893 2798 4951 quarta.
2833 4885 2903 4935 At
2932 4895 3141 4937 veteres
3185 4886 3544 4954 computistaa,
3580 4889 3669 4954 qui
3719 4905 3873 4942 anno
3911 4893 4067 4958 primo

855 4982 978 5020 tum
1028 4967 1294 5021 hodiernae
1332 4964 1532 5019 Christi
1585 4967 2006 5020 incarnationem
2054 4981 2117 5020 ac
2182 4967 2412 5019 natalem
2468 4969 2672 5030 pariter
2719 4963 2960 5032 alligant,
3015 4967 3372 5020 incarnationi
3423 4977 3671 5035 quartam
3726 4969 4067 5025 indictionem

858 5050 1155 5117 assignant,
1193 5047 1356 5101 natali
1404 5050 1668 5116 quintani.
1715 5047 1867 5113 Quod
1901 5050 1945 5102 si
1975 5050 2040 5102 ab
2071 5049 2326 5103 Januario
2356 5047 2437 5100 vel
2465 5047 2536 5100 ab
2561 5056 2753 5099 octavo
2778 5047 2902 5100 Kal.
2949 5047 3159 5116 Apriles
3208 5049 3518 5104 indictionis
3547 5051 3761 5103 initium
3809 5065 4068 5120 repetant.

860 5133 1197 5186 incarnatum
1252 5143 1544 5198 natumque
1595 5130 1778 5184 dicunt
1823 5131 1907 5184 vel
1953 5131 2246 5185 indictione
2299 5132 2490 5194 tertia,
2539 5145 2682 5183 anno
2729 5130 2818 5181 illo
2873 5131 2962 5197 qui
3009 5146 3131 5185 aera:
3192 5131 3520 5186 Christiana:
3579 5133 3821 5202 primum
3889 5151 4069 5188 sariunt

862 5215 1104 5282 proxime
1135 5214 1427 5279 praecessit,
1460 5214 1540 5267 vel
1568 5225 1780 5280 quarta,
1814 5215 1858 5266 si
1889 5215 1939 5266 in
1969 5216 2202 5284 primum
2234 5215 2409 5283 ipsum
2439 5230 2560 5267 tera:
2584 5214 2909 5267 Christianae
2935 5225 3223 5284 utrumque
3258 5216 3572 5282 cOnjiciant.

931 5318 1006 5374 Ex
1038 5320 1119 5371 his
1148 5318 1370 5372 evidens
1411 5328 1493 5371 est
1524 5336 1626 5372 non
1660 5330 1806 5374 recte
1831 5319 1959 5373 illud
2002 5322 2274 5388 usurpari,
2320 5335 2437 5384 nos,
2479 5321 2570 5389 qui
2600 5320 2668 5373 ab
2695 5319 2857 5374 natali
2905 5335 3250 5375 numeramus
3281 5336 3451 5375 annos
3486 5321 3710 5384 Christi,
3749 5325 3802 5376 in
3839 5327 4069 5380 eumdem

860 5420 981 5457 cum
1031 5404 1355 5458 Cassiodoro
1389 5404 1481 5471 qui
1523 5405 1590 5455 ab
1622 5405 1994 5456 incarnatione
2038 5413 2188 5470 putat
2237 5419 2434 5456 annum
2487 5418 2836 5467 concurrere,
2885 5403 2929 5456 si
2975 5404 3192 5471 quidem
3240 5403 3597 5457 Cassiodorus
3653 5404 4068 5462 incarnationem

857 5488 1062 5541 Christi
1113 5490 1300 5540 statuit
1354 5489 1405 5540 in
1432 5502 1573 5541 anno
1599 5490 1775 5557 prlmo
1806 5504 1927 5543 terte
1955 5488 2296 5553 Christianae,
2336 5485 2634 5539 indictione
2666 5495 2858 5552 quarta
2898 5488 3134 5549 ineunte,
3163 5488 3206 5538 si
3242 5486 3310 5539 ab
3338 5497 3530 5540 octavo
3555 5485 3676 5540 Kal.
3705 5490 3921 5557 Aprilis
3945 5508 4068 5545 coui-

862 5579 1051 5633 putare
1098 5569 1416 5622 indictiones
1465 5568 1716 5632 instituit,
1771 5583 1867 5621 nos
1916 5577 2092 5621 autem
2126 5566 2180 5619 in
2225 5581 2367 5619 anno
2410 5568 2759 5620 antecedente
2810 5568 3105 5621 indictione
3158 5568 3376 5626 labente
3420 5571 3599 5634 tertia.
3636 5571 3683 5625 si
3725 5571 4067 5642 indictioamii

863 5651 1124 5719 epot-ham
1163 5650 1446 5719 deligimus
1478 5653 1530 5705 in
1561 5649 1822 5705 Kalendis
1847 5646 2118 5703 Januariis
2153 5658 2241 5700 aut
2272 5647 2324 5700 in
2358 5645 2536 5702 Martii
2567 5649 2650 5703 die
2679 5649 2939 5703 vicesima
2973 5650 3181 5718 quinta.
