4206 6440
152 444 261 505 869
1091 444 1189 502 DE
1230 445 1484 504 REBUS
1527 444 1705 503 POST
1738 442 2178 501 MAURICIUM
2221 440 2510 498 GES’I‘IS.
3288 440 3395 501 870

225 554 462 622 Denique
504 568 678 608 annos
707 554 795 607 ille
823 554 912 621 qui
947 569 974 607 a
1004 553 1333 611 Cassiodoro
1380 558 1601 626 ponitur
1640 563 1706 609 ah
1745 554 2115 609 incarnatione
2167 555 2275 619 qui:
2301 551 2628 620 gentcsimos
2676 550 3046 615 sexagesimLs
3100 554 3389 615 secundus,

148 639 252 689 Sub
300 636 583 690 consulatu
652 635 835 689 Basilii
879 637 1046 690 vicies
1091 640 1278 700 semel,
1346 639 1635 692 indictione
1701 639 1903 689 decima
1971 645 2190 687 notatur
2239 643 2344 684 tam
2394 633 2461 682 ab
2506 633 2587 683 bis
2619 632 2703 695 qui
2756 631 3080 684 indictioues
3118 646 3145 683 a
3175 630 3391 693 Martio,

146 735 310 785 quam
349 719 419 771 ab
452 719 572 771 aliis
614 720 702 787 qui
742 720 808 770 ab
843 720 1154 772 Decembris
1191 722 1277 774 die
1306 720 1377 774 25
1413 729 1504 773 aut
1536 720 1793 773 Kalendis
1834 716 2073 770 Januarii
2121 714 2474 780 sequentibus
2523 713 2824 764 ordiuntur.
2877 710 3072 767 Verum
3128 714 3392 779 prioresa

146 800 406 855 Kalendis
456 800 736 855 Januariis
771 801 836 854 ad
873 803 904 855 8
938 801 1213 855 Kalendas
1257 804 1471 872 Apriles
1528 803 1874 855 indit-tionem
1913 800 2086 850 adlmc
2140 798 2354 849 tertiam
2411 796 2695 861 putabant.
2749 794 3162 846 Cottmtrrehant
3212 805 3392 846 autem

148 886 312 938 ambo
346 885 396 936 in
442 886 687 938 eamdem
750 885 1097 939 indictionem
1148 898 1420 952 quartatn,
1470 887 1585 953 ipso
1632 886 1717 938 die
1761 883 2167 944 incarnationis,
2224 878 2400 930 Martii
2453 877 2543 941 9.5,
2579 894 2606 928 ιι
2636 891 2745 943 quo
2790 878 2998 929 scilicet
3036 878 3392 931 Cassiodorus

153 983 358 1019 annum
390 967 593 1021 Christi
633 978 883 1021 numerat
917 970 1413 1036 quingentesimum
1455 970 1846 1037 sexagesimum
1885 964 2201 1017 secundum.

223 1070 339 1124 Non
398 1071 558 1137 igitur
608 1073 793 1126 eodem
824 1086 965 1124 anno
1011 1072 1310 1141 iisdemque
1353 1073 1667 1125 conSnlihus
1710 1070 1868 1123 ambo
1924 1070 2034 1120 luec
2070 1066 2224 1119 initio
2272 1066 2621 1127 conveniunt,
2666 1064 3055 1118 incarnationis
3104 1065 3309 1118 si-ilicet
3340 1076 3397 1123 et

148 1154 348 1207 natalis
387 1152 758 1220 Demini._Qui
795 1156 936 1208 enim
975 1169 1001 1205 a
1060 1155 1225 1206 natali
1259 1155 1539 1220 incipiunt,
1576 1154 1675 1206 hoc
1706 1161 1789 1205 est
1821 1152 1890 1205 ‘25
1924 1152 2251 1214 liecemlu-is,
2300 1166 2483 1202 eorum
2533 1150 2792 1215 epoeham
2831 1166 2934 1199 non
2967 1161 3267 1212 sequuntur
3302 1149 3395 1215 qui

148 1240 218 1291 ab
253 1238 644 1301 incarnatione,
693 1240 794 1291 h‘oc
841 1247 925 1289 est
957 1236 1027 1290 25
1060 1236 1259 1297 Martii,
1317 1246 1623 1298 numerant,
1674 1237 1766 1287 sed
1801 1236 1968 1287 trilms
2003 1234 2279 1286 mensibus
2309 1242 2687 1296 antevortunt;
2724 1241 2779 1282 ut
2824 1242 2875 1284 et
2902 1231 3071 1284 Cra-ei
3116 1236 3239 1281 anni
3280 1235 3399 1296 plus

149 1318 403 1380 semisse,
449 1318 563 1381 qui,
606 1322 750 1386 quod
802 1320 883 1372 vel
924 1319 1073 1384 pueri
1123 1328 1345 1380 norunt,
1398 1318 1719 1371 indictiones
1769 1332 1894 1372 snas
1932 1318 2058 1370 olim
2094 1341 2119 1366 ε.
2156 1332 2224 1368 2o
2254 1316 2609 1383 Septembris,
2672 1325 2857 1383 postea
2914 1331 3040 1367 vero
3071 1333 3098 1366 a
3133 1318 3398 1371 Kalendis

149 1398 334 1451 (ιλιιιεὶ
370 1408 512 1452 sunt.
546 1401 698 1465 Quod
733 1401 1022 1469 posterius,
1056 1411 1113 1452 ut
1143 1400 1277 1453 alios
1309 1401 1577 1463 omittam,
1614 1399 1905 1466 Gregorius
1936 1399 2229 1469 Κεραμεύς
2260 1398 2742 1454 Taurominitanus
2776 1398 3221 1466 archiepiscoitus
3252 1400 3395 1452 indi-

148 1494 237 1535 cat
282 1482 498 1535 humilia
531 1485 609 1546 εἰς
639 1482 737 1553 τὴν
769 1482 943 1553 ἀρχὴν
971 1483 1070 1552 τῆς
1105 1482 1356 1535 Ἰνδικτου
1392 1483 1511 1553 ἦτοι
1543 1481 1635 1535 τοῦ
1665 1482 1787 1536 νέου
1823 1482 1999 1545 ἔτους.

218 1587 488 1642 Ca-terum
518 1588 659 1655 quod
693 1590 757 1640 dc
790 1588 1142 1639 indictionum
1179 1589 1381 1653 epocha
1419 1588 1549 1655 dixi,
1584 1588 1897 1640 meminisse
1935 1602 2056 1641 eum
2090 1587 2277 1653 primis
2309 1597 2519 1652 oportet
2550 1600 2643 1637 eos
2671 1584 2760 1649 qui
2791 1584 3101 1637 Grecorum
3142 1584 3396 1654 historias

147 1672 448 1737 attingunt,
493 1672 615 1722 dum
655 1671 1043 1738 imperatorum
1079 1684 1252 1721 annos
1302 1670 1460 1721 simul
1490 1680 1543 1723 et
1577 1684 1698 1721 cum
1752 1670 2136 1723 indietionilms
2170 1680 2376 1721 etcum
2425 1668 2581 1720 annis
2613 1666 2841 1720 .lnlianis
2881 1680 3216 1732 comparant.
3262 1668 3394 1720 Nam

148 1759 243 1823 qui
276 1771 303 1809 a
329 1754 584 1807 Kalendis
615 1754 860 1807 Januarii
901 1771 1100 1808 annum
1145 1756 1351 1816 ineunt,
1391 1754 1440 1805 id
1474 1756 1615 1819 quod
1656 1751 1904 1805 hodierni
1956 1752 2251 1817 scriptores
2289 1749 2512 1811 faciunt,
2559 1764 2756 1800 anntnn
2818 1750 3214 1816 quetnlihct‘ea
3251 1751 3398 1800 indi-

147 1840 334 1890 ctione
375 1849 564 1889 notare
596 1836 792 1888 debent
821 1851 939 1903 qua:
962 1852 1024 1889 ex
1049 1836 1333 1902 Cpolitana
1363 1836 1617 1887 melhodo
1642 1850 1670 1886 a
1696 1833 1952 1889 Kalendis
1992 1832 2324 1899 Septembris
2358 1833 2482 1884 anni
2520 1834 2807 1883 anterioris
2846 1833 3058 1883 initium
3099 1832 3301 1891 habuit,
3343 1833 3394 1883 in

144 1936 312 1985 quam
362 1919 560 1971 Juliaui
617 1919 743 1971 anni
799 1919 1153 1985 primordium
1207 1918 1416 1978 incidit,
1475 1932 1578 1970 non
1612 1918 1680 1970 ab
1712 1931 1774 1969 ea
1811 1931 1927 1982 qum
1975 1916 2162 1965 eodem
2220 1928 2361 1965 anno
2417 1914 2632 1965 nonnisi
2663 1914 2696 1966 8
2733 1914 3071 1965 vertentdins
3122 1915 3395 1966 mensibus

145 2002 461 2054 inchoatur.
498 1999 633 2052 Tum
680 2015 806 2054 \‘ero
837 2003 883 2055 si
913 2002 1004 2067 qui
1040 2003 1394 2067 imperatores
1426 2006 1657 2053 exeunte
1691 2000 1872 2067 aliquo
1921 2014 2064 2050 anno
2108 1997 2320 2048 .luliano
2370 1996 2654 2064 imperium
2708 1997 2973 2063 auspicati
3008 2008 3153 2059 sunt,
3190 2013 3291 2049 non
3326 1998 3395 2051 ab

144 2084 213 2135 iis
252 2084 628 2149 cognominati
664 2074 807 2137 hunc
837 2098 1061 2149 annum,
1095 2084 1189 2137 sed
1222 2084 1290 2136 ab
1319 2083 1766 2137 antecedentibus
1800 2098 1896 2151 par
1924 2091 2030 2147 est,
2075 2080 2165 2149 qui
2197 2080 2405 2148 majore
2434 2081 2559 2132 anni
2590 2091 2744 2148 parte
2777 2082 2958 2133 adhuc
2994 2081 3218 2148 imperio
3261 2096 3397 2149 prte-

142 2165 257 2219 fue:
277 2177 395 2218 unt.
532 2180 563 2214 ρ

532 2180 563 2214 ρ
2170 2180 2176 2187 .

216 2272 345 2326 Hzrc
374 2272 644 2326 levissima
678 2272 893 2337 quidem
929 2283 1075 2335 sunt,
1120 2271 1212 2326 sed
1246 2287 1273 2323 a
1308 2271 1631 2338 quilmsdam
1676 2273 1853 2324 minus
1900 2270 2311 2331 animadversa;
2342 2282 2405 2318 ex
2439 2282 2544 2333 quo
2577 2268 2835 2326 Ileraclii,
2871 2276 2927 2321 ut
2956 2269 3107 2320 initio
3140 2268 3395 2336 praefatus

139 2371 292 2417 sum,
327 2369 593 2406 annorum
639 2354 772 2406 ordo
808 2352 1160 2405 labefactatus
1207 2363 1310 2415 est,
1363 2353 1629 2421 siquidem
1685 2356 1888 2421 primus
1939 2356 2080 2407 illius
2128 2366 2298 2404 amans
2348 2351 2642 2403 indictione
2692 2351 2971 2419 Cpolitana
3015 2355 3177 2416 rmpit
3222 2352 3308 2409 14.
3340 2370 3392 2404 a.

139 2438 201 2491 C.
240 2436 370 2495 6l0,
403 2435 623 2487 th-tobri
657 2451 862 2497 mense,
903 2445 959 2487 ut
989 2450 1054 2487 ex
1092 2434 1442 2500 Theophane,
1472 2434 1715 2487 Cedreno
1760 2436 1989 2503 aliisque
2019 2446 2270 2487 constare
2301 2434 2692 2499 potuit.Quare
2723 2448 2864 2484 anno
2892 2443 3172 2500 sequente,
3204 2439 3393 2485 eadem

140 2520 446 2572 indictione
481 2518 697 2570 labente
733 2528 823 2568 aut
851 2517 1069 2569 ineunte
1103 2516 1369 2579 Romana,
1403 2520 1675 2570 numerati
1717 2523 1921 2585 prinms
1956 2519 2188 2572 Ileraclii
2220 2517 2426 2578 debuit,
2475 2532 2597 2567 cum
2634 2518 3042 2569 antecedentem
3096 2516 3288 2584 majori
3326 2531 3396 2570 ex

139 2614 301 2669 parte
333 2601 528 2655 Phoca:
562 2602 595 2653 8
625 2610 968 2666 oceupasset.
999 2602 1070 2652 At
1098 2601 1169 2652 illi
1204 2599 1435 2652 Ileraclii
1488 2610 1779 2653 secundum
1808 2601 2011 2653 Christi
2043 2600 2137 2652 611
2179 2600 2481 2667 signarunt.
2514 2598 2585 2649 Ita
2629 2598 2836 2665 priums
2869 2599 3108 2665 ejusdem
3158 2603 3396 2665 impera~

140 2684 281 2735 toris
315 2698 490 2735 annos
521 2682 774 2734 trituc3tri
809 2683 984 2748 spatio
1015 2683 1463 2747 circumscriptus
1490 2692 1591 2736 est.
1621 2683 1791 2747 Quam
1828 2684 1997 2736 labem
2030 2700 2150 2734 cum
2179 2683 2426 2735 homines
2455 2682 2654 2735 eruditi
2691 2682 2845 2734 facile
2884 2683 3391 2748 deprehendissent,

139 2765 214 2817 ita
246 2767 542 2818 emendare
588 2775 715 2817 sunt
763 2765 997 2832 aggressi
1029 2775 1087 2816 ut
1114 2766 1270 2817 annis
1305 2764 1497 2817 Phoea:
1546 2766 1757 2817 nonnisi
1793 2767 1820 2817 7
1854 2767 2139 2818 attributis
2189 2781 2284 2831 pro
2334 2774 2554 2827 octavo,
2598 2765 2687 2830 qui
2718 2766 2768 2817 in
2796 2764 2999 2818 Christi
3041 2764 3147 2819 6l0
3180 2766 3390 2829 incidit,

140 2847 380 2901 Heraclii
409 2850 435 2902 1
472 2848 864 2914 inscripserint.
900 2846 1004 2901 Sed
1042 2849 1170 2902 illud
1201 2857 1332 2903 'erat
1360 2865 1598 2901 errorem
1634 2849 1903 2915 corrigere
1931 2847 2010 2899 vel
2043 2846 2209 2899 veteri
2230 2845 2406 2912 potius
2434 2859 2630 2898 novum
2657 2856 2905 2899 astruere
2932 2853 3090 2898 :‘natn
3118 2856 3172 2898 et
3205 2845 3395 2898 Phoco:

137 2929 171 2982 8
209 2930 456 2983 adimere
484 2940 673 2983 contra
710 2931 951 2981 historia:
1002 2930 1160 2983 tidem
1212 2939 1317 2992 est,
1364 2947 1522 2998 quem
1552 2941 1762 2983 constat
1790 2930 1823 2982 8
1852 2929 2054 2982 solidos
2093 2943 2284 2990 annos,
2318 2926 2462 2981 binis
2507 2927 2746 2993 exceptis
2778 2927 3079 2989 mensibus,
3113 2926 3391 3000 implesse,

138 3012 219 3064 uti
251 3011 499 3079 pluribus
528 3021 714 3083 postea
746 3014 1269 3067 demonstrabimus.
1309 3014 1413 3066 Sed
1442 3024 1496 3067 et
1532 3013 1873 3066 Constantini
1901 3012 2169 3066 Manassis
2200 3011 2251 3064 id
2276 3026 2463 3066 versus
2490 3010 2717 3073 indicat,

849 3139 933 3207 ἐφ’
973 3140 1114 3201 ὅλοις
1146 3140 1322 3191 ἐτεσιν
1352 3140 1497 3191 ὀκτὼ
1525 3139 1749 3209 βιώσας,
1784 3144 2152 3212 τυραννήσας.

136 3272 192 3317 et
224 3280 295 3318 ne
330 3266 410 3319 sic
445 3268 665 3334 quidem
702 3268 1101 3335 insequentium
1134 3286 1398 3322 annorum
1434 3270 1562 3324 vitia
1596 3273 1805 3325 sublata
1840 3281 1986 3326 sunt.
2022 3270 2154 3323 Nam
2193 3270 2424 3324 Ileraclii
2460 3270 2691 3338 primus,
2727 3272 2771 3324 si
2802 3270 3102 3325 Romanam
3138 3273 3392 3326 indictio-

140 3360 267 3397 nem
314 3362 566 3413 sequare,
617 3353 679 3399 ad
722 3350 788 3400 11
842 3351 1034 3417 majori
1076 3365 1142 3403 ex
1178 3364 1330 3417 parte
1366 3352 1680 3406 referendus
1723 3362 1827 3405 est.
1866 3353 2151 3407 Secundus
2186 3356 2313 3407 item
2347 3368 2467 3406 cum
2522 3353 2588 3405 14
2621 3354 2979 3420 copulandus,
3020 3370 3141 3407 cum
3200 3370 3263 3406 ex
3303 3355 3390 3406 illa

141 3444 367 3482 menses
404 3434 648 3509 integros
680 3432 736 3497 9,
769 3448 834 3485 ex
868 3434 970 3485 hac
1002 3441 1112 3486 tres
1144 3434 1243 3486 sibi
1273 3434 1611 3487 solummodo
1653 3435 1907 3490 vindicet.
1952 3437 2162 3504 Alioqui
2195 3447 2249 3489 et
2286 3436 2477 3490 Phoca:
2510 3436 2561 3497 1,
2600 3438 2689 3504 qui
2727 3439 3103 3504 sesquimense
3136 3438 3247 3490 fere
3289 3438 3383 3489 lle

143 3512 443 3565 raclianam
479 3516 737 3579 epocham
766 3517 1033 3583 sequitur,
1081 3532 1227 3569 anno
1272 3532 1380 3585 quo
1414 3518 1581 3583 cmpit
1615 3517 1720 3571 602
1749 3521 2069 3574 tribuendus
2100 3519 2204 3573 fuit
2227 3558 2245 3584 ,
2279 3534 2440 3589 quem
2482 3520 2643 3573 iidem
2699 3520 2774 3572 illi
2807 3520 3052 3575 Mauricii
3092 3522 3161 3573 9.0
3201 3524 3395 3575 merito

141 3604 551 3661 nuncuparunt.
3287 3618 3297 3628 .

212 3696 328 3750 Par
378 3698 505 3752 huic
556 3707 612 3751 et
646 3698 823 3753 allinis
861 3715 1017 3755 error
1064 3702 1116 3756 in
1150 3702 1447 3759 Justiniani
1490 3719 1661 3758 annos
1693 3703 1880 3759 iisdem
1917 3705 1985 3758 de
2028 3706 2209 3759 causis
2243 3707 2502 3773 irrepsit,
2530 3707 2670 3773 quod
2710 3708 2868 3761 annis
2897 3707 3102 3761 Christi
3137 3708 3253 3762 sive
3296 3705 3393 3760 Ja-

144 3782 316 3834 lianis
347 3791 456 3834 tam
488 3782 845 3835 indictionum
874 3784 1029 3837 initia
1058 3801 1220 3853 quam
1258 3788 1471 3855 imperii
1503 3802 1766 3841 annorttm
1797 3789 2013 3856 epochre
2045 3803 2323 3856 perperam
2358 3789 2652 3856 illigantur.
2690 3789 2918 3843 Creatus
2944 3799 3026 3843 est
3054 3788 3395 3845 .Iustinianus

144 3864 451 3932 imperator
501 3862 771 3919 Kalendas
815 3866 1017 3933 Aprilis
1048 3868 1343 3939 indictione
1388 3869 1441 3933 5,
1471 3885 1500 3921 a
1546 3886 1653 3937 quo
1684 3869 1771 3923 die
1803 3881 2012 3938 tempus
2058 3873 2288 3939 imperiii
2332 3883 2685 3931 numeratur.
2720 3883 2775 3924 ut
2811 3882 2893 3926 cst
2933 3874 2982 3924 in
3027 3875 3396 3928 Alexandrino

142 3947 421 4000 Chronico
471 3968 483 4002 :
519 3949 885 4015 astipulantur
911 3958 965 4002 et
990 3951 1347 4019 Theophanes
1384 3970 1447 4007 ac
1479 3953 1823 4006 Marcellinus
1853 3952 1903 4004 in
1939 3953 2228 4007 Chronico.
2266 3955 2454 4007 Annus
2478 3964 2597 4007 erat
2627 3954 2831 4007 Christi
2869 3956 2994 4017 5‘27,
3029 3971 3134 4021 quo
3170 3957 3394 4009 indictio

142 4030 177 4080 5
217 4030 564 4096 Septembris
603 4032 976 4086 antecedentis
1018 4035 1145 4086 anni
1194 4036 1443 4087 inchoata
1490 4036 1753 4087 decurrit.
1802 4034 1967 4101 llujus
2014 4036 2354 4103 imperatoris
2403 4052 2455 4088 a.
2492 4037 2544 4099 5,
2587 4046 2643 4088 ut
2700 4047 2783 4089 est
2830 4038 2968 4102 apud
3004 4039 3396 4105 Theophanem

143 4112 449 4165 Alexandr.
489 4113 694 4166 Chron.
730 4125 785 4167 et
818 4114 983 4178 alios,
1016 4116 1312 4170 indictione
1356 4120 1419 4171 10
1460 4119 1646 4187 ingens
1672 4118 1823 4187 Cpoli
1859 4118 2116 4170 tumultus
2163 4120 2229 4171 ab
2268 4120 2542 4173 Anastasii
2582 4121 2867 4187 nepotibus
2898 4121 3187 4183 excitatur,
3236 4137 3396 4188 queat

148 4194 318 4247 iidem
366 4196 437 4247 illi
481 4196 758 4251 lusissime
791 4198 1122 4251 describunt.
1153 4200 1340 4253 Annus
1382 4202 1467 4253 hic
1502 4202 1552 4253 in
1583 4201 1871 4253 annalibus
1902 4209 1984 4253 est
2013 4200 2212 4254 Christi
2241 4202 2336 4255 531
2366 4220 2379 4267 ;
2416 4202 2466 4253 id
2503 4204 2643 4269 quod
2672 4204 2834 4255 etiam
2870 4202 3140 4258 Calvisius
3180 4215 3398 4256 secutus

147 4286 257 4329 est.
287 4277 360 4328 At
384 4277 528 4330 enim
558 4292 679 4331 cum
711 4279 935 4333 indictio
972 4281 1037 4333 lt)
1074 4283 1285 4336 nonnisi
1319 4299 1369 4334 a.
1404 4283 1498 4337 551
1536 4284 1836 4350 Septembri
1868 4298 2051 4335 mense
2083 4284 2263 4336 inierit
2305 4286 2602 4350 cadentque
2632 4300 2684 4335 a.
2718 4284 2823 4336 582
2854 4294 3144 4353 propagata
3178 4287 3269 4344 sit.
3302 4304 3397 4339 ne-

148 4374 307 4412 cesse
334 4370 416 4410 est
444 4360 763 4413 seditionem
799 4361 943 4414 illam
976 4366 1079 4416 hoc
1122 4367 1419 4429 posteriore
1452 4382 1617 4431 anno,
1669 4366 1715 4418 si
1753 4356 1967 4431 quidem
1996 4367 2238 4420 Julianos
2269 4369 2567 4435 sequimur,
2603 4369 2919 4437 contigisse.
2969 4369 3119 4434 Quod
3151 4380 3198 4421 ct
3235 4368 3400 4422 feria-

150 4456 271 4491 tum
302 4441 647 4494 characteres
677 4442 1003 4496 conﬁrmant
1035 4446 1085 4497 in
1110 4446 1267 4499 Alex.
1295 4447 1570 4500 Chronico
1603 4449 1692 4500 ubi
1719 4447 1824 4500 778
1854 4450 1953 4501 huc
1982 4464 2121 4501 anno
2146 4447 2391 4527 Januarii
2426 4452 2489 4502 16
2520 4449 2816 4503 Pal-ascere
2844 4451 3010 4504 fuisse
3040 4452 3313 4513 scribitur,
3347 4464 3399 4505 et

144 4524 408 4586 sequenti
443 4524 531 4576 die
563 4524 882 4589 Sabbatum,
921 4526 1048 4581 inde
1077 4528 1143 4582 18
1168 4530 1253 4582 die
1275 4531 1628 4583 Dominicatn.
1668 4529 1778 4585 lloc
1805 4546 1932 4585 vero
1962 4546 2065 4585 non
2095 4524 2248 4586 alteri
2281 4534 2511 4601 quadrat
2553 4548 2713 4601 quam
2747 4532 2852 4585 552
2893 4549 3057 4601 anno,
3093 4536 3244 4603 cyclo
3270 4537 3400 4590 solis

148 4606 183 4658 9
209 4607 508 4670 bissextili,
540 4609 719 4663 littera
752 4608 905 4663 Dom.
947 4611 1007 4664 D.

217 4713 304 4765 Ab
344 4716 444 4765 hoc
482 4711 630 4765 lonte
663 4715 715 4767 in
745 4715 882 4768 alios
922 4715 1539 4788 ejusdemitnperatoris
1575 4735 1746 4774 annos
1778 4721 2022 4774 derivata
2057 4735 2179 4775 sunt
2210 4724 2360 4775 vitia.
2397 4722 2502 4776 Sed
2534 4723 2743 4791 insigne
2776 4723 2876 4776 hoc
2903 4733 2985 4775 est
3022 4739 3132 4790 pne
3166 4729 3397 4779 iacteris.

149 4793 309 4844 Anno
369 4792 657 4847 Justiniani
730 4796 819 4857 l9,
877 4799 1067 4852 indict.
1128 4799 1160 4853 9
1223 4802 1400 4853 adhuc
1465 4801 1699 4863 labente,
1762 4804 1957 4856 aeridit
2019 4804 2302 4857 Paschalis
2367 4805 2689 4873 διαστροφή,
2747 4815 2803 4856 ιιι
2869 4806 3059 4857 scribit
3119 4806 3398 4859 Cedrenus

146 4892 211 4928 ac
285 4874 669 4941 Theophanes.
736 4879 901 4947 Ilujus
974 4883 1136 4935 verba
1195 4884 1477 4947 subjiciam
1532 4902 1544 4936 :
1604 4883 1667 4936 Et
1722 4885 1892 4951 fartus
1942 4897 2017 4939 est
2075 4898 2399 4938 Ierm'molus
2462 4902 2679 4954 magnus
2731 4885 2881 4949 Cpoli
2944 4897 2991 4939 et
3059 4891 3255 4941 eversio
3315 4892 3400 4944 die

145 4968 338 5010 sancto
398 4957 635 5019 Paulae,
676 4972 723 5013 et
755 4963 901 5028 carpit
965 4965 1149 5032 vulgus
1211 4968 1470 5019 abstinere
1528 4985 1557 5019 a
1602 4968 1844 5019 carnibus
1885 4984 2053 5020 meu-e
2108 4966 2396 5020 Februario
2444 4968 2529 5019 die
2568 4968 2621 5019 4.
2678 4966 2979 5031 Imperator
3032 4982 3206 5021 autem
3259 4986 3398 5031 pra:-

146 5048 282 5105 repit
343 5040 452 5092 alia
506 5041 831 5097 hebdomade
870 5062 1079 5097 carnem
1127 5051 1353 5112 apponi;
1396 5060 1441 5100 et
1482 5065 1657 5103 autne:
1702 5052 1939 5101 carnium
1982 5051 2269 5101 venditores
2318 5051 2617 5101 occiderunt
2663 5061 2707 5101 et
2756 5062 3128 5117 opposuerunt,
3165 5064 3209 5103 et
3245 5068 3395 5102 nemo

145 5124 335 5174 edebat
363 5133 453 5174 aut
488 5128 710 5177 emebat.
746 5125 912 5179 Porro
938 5127 1140 5181 l‘asclia
1169 5130 1367 5196 factum
1398 5141 1471 5182 est
1503 5142 1555 5182 ut
1591 5133 1877 5198 imperator
1897 5134 2079 5200 jussit,
2104 5143 2148 5184 et
2181 5134 2416 5184 inventus
2449 5143 2521 5185 est
2555 5134 2777 5200 populus
2793 5134 3045 5200 jejauans
3072 5134 3397 5186 hebdomade

146 5205 445 5271 superﬂua.
484 5206 554 5258 Ex
583 5209 776 5272 quibus
809 5210 1080 5277 colligitur
1112 5213 1363 5279 populum
1396 5216 1669 5280 prmlixum
1694 5218 1759 5268 ab
1786 5216 2116 5283 imperatore
2150 5216 2439 5267 terminum
2472 5216 2804 5267 hclulomada
2838 5218 3007 5269 solida
3041 5220 3390 5285 praevertisse.

146 5285 206 5338 ιιι
235 5286 531 5340 annalibus
558 5289 835 5343 confertur
866 5293 965 5345 hoc
1002 5293 1056 5345 in
1088 5309 1136 5345 a.
1167 5295 1227 5346 C.
1254 5294 1378 5346 545.
1423 5296 1615 5348 Verum
1644 5300 1886 5365 sequenti
1915 5299 2069 5364 plane
2095 5299 2315 5363 contigit
2344 5298 2468 5359 546,
2489 5296 2775 5350 .lustiniani
2817 5300 2881 5353 19
2907 5299 3142 5351 nondum
3175 5298 3393 5350 et'oluto

150 5368 345 5435 (quod
386 5370 557 5436 ipsum
600 5374 958 5441 scriptoribus
997 5374 1252 5443 imposuit
1277 5377 1315 5443 ),
1354 5377 1732 5448 iucln-atajam
1771 5380 1955 5436 indict.
1994 5382 2044 5433 9.
2082 5381 2135 5433 lu
2168 5395 2275 5448 quo
2319 5381 2665 5433 vehementer
2706 5382 3108 5434 hallucinantur
3152 5383 3239 5446 qui
3301 5392 3393 5433 aut

146 5466 398 5533 errorem
428 5451 573 5503 illum
598 5452 904 5508 Justiniano
932 5456 1190 5519 ttibuunt,
1218 5470 1309 5511 aut
1336 5462 1494 5513 nllatu
1521 5464 1737 5513 omnino
1764 5463 2043 5517 Paschalis
2065 5465 2391 5533 διαστροφήν
2420 5464 2675 5515 accidisse
2698 5466 2960 5527 scribunt,
2993 5466 3066 5517 uti
3094 5465 3391 5529 Cedrenus,

149 5530 514 5600 Theophanes
562 5546 613 5586 et
649 5538 771 5599 alii,
807 5540 899 5605 qui
932 5555 1112 5592 secum
1161 5542 1260 5608 ipsi
1290 5544 1573 5610 perspicue
1622 5556 1875 5612 pugnant.
1916 5546 2121 5600 Etenim
2172 5530 2309 5599 siles
2349 5530 2701 5613 imperatoris
2751 5550 3095 5615 prarscripto,
3131 5551 3268 5613 quod
3302 5564 3392 5600 ca-

150 5616 278 5668 noni
313 5628 743 5698 consentaneum
802 5620 965 5674 fuisse
1000 5639 1120 5675 mox
1158 5626 1532 5691 ostendemus,
1571 5627 1773 5679 PaSt‘lia
1805 5629 2132 5683 celebratum
2172 5640 2289 5691 est,
2322 5630 2464 5681 nulla
2498 5630 2612 5697 ejus
2658 5629 2898 5695 profecto
2929 5629 3223 5698 διαστροφή
3254 5629 3386 5687 fuit,

153 5698 250 5783 sed
282 5697 382 5763 τῆς
426 5699 851 5771 ἁποκρεωσέμου
887 5704 1081 5775 ὲςρτῆς
1116 5707 1393 5768 duntaxat,
1432 5726 1588 5775 quant
1632 5712 1814 5777 Volgus

1726 5727 1820 5777 gos
1867 5711 2171 5778 imperitum
2215 5728 2335 5765 cunt
2375 5712 2865 5779 quartadoeiinanis
2895 5725 3077 5763 contra
3131 5727 3384 5765 Cllllttllt‘ll'

153 5778 353 5829 inierat
384 5778 665 5835 Februarii
700 5783 741 5837 l.
769 5784 878 5839 lloc
908 5790 1051 5838 enim
1083 5803 1223 5842 anno
1251 5790 1433 5857 eyrlus
1465 5792 1599 5844 luna:
1626 5792 1726 5847 fuit
1750 5794 1833 5860 15,
1859 5796 2039 5861 ryclus
2068 5797 2194 5849 solis
2225 5795 2497 5848 Romanus
2516 5795 2605 5855 Elii,
2635 5796 2711 5847 Iit.
2744 5794 2894 5850 llum.
2920 5796 2981 5855 (ἶ,
3010 5808 3390 5849 concurrrnte~
