  <div class='ocr_page' id='page_1' title='image "/cluster/home/n/w/nwhite01/storage/ocr_20150623/100/nnc1.0046980229/456.png"; bbox 0 0 4206 6440; ppageno 0'>
   <div class='ocr_carea' id='block_1_1' title="bbox 223 405 316 468">
    <p class='ocr_par' dir='ltr' id='par_1_1' title="bbox 223 405 316 468">
     <span class='ocr_line' id='line_1_1' title="bbox 223 405 316 468; baseline -0.043 0"><span class='ocrx_word' id='word_1_1' title='bbox 223 405 316 468; x_wconf 77' lang='lat'><strong>909</strong></span> 
     </span>
    </p>
   </div>
   <div class='ocr_carea' id='block_1_2' title="bbox 1173 392 2592 456">
    <p class='ocr_par' dir='ltr' id='par_1_2' title="bbox 1173 392 2592 456">
     <span class='ocr_line' id='line_1_2' title="bbox 1173 392 2592 456; baseline -0.003 0"><span class='ocrx_word' id='word_1_2' title='bbox 1173 396 1270 456; x_wconf 87' lang='lat' dir='ltr'><strong>DE</strong></span> <span class='ocrx_word' id='word_1_3' title='bbox 1312 395 1562 454; x_wconf 70' lang='lat' dir='ltr'><strong>IlEBUS</strong></span> <span class='ocrx_word' id='word_1_4' title='bbox 1598 392 1779 452; x_wconf 82' lang='lat' dir='ltr'><strong>POST</strong></span> <span class='ocrx_word' id='word_1_5' title='bbox 1821 393 2267 455; x_wconf 82' lang='lat' dir='ltr'><strong>MAURICIUM</strong></span> <span class='ocrx_word' id='word_1_6' title='bbox 2305 395 2592 455; x_wconf 84' lang='lat' dir='ltr'><strong>GESTIS.</strong></span> 
     </span>
    </p>
   </div>
   <div class='ocr_carea' id='block_1_3' title="bbox 3352 393 3457 455">
    <p class='ocr_par' dir='ltr' id='par_1_3' title="bbox 3352 393 3457 455">
     <span class='ocr_line' id='line_1_3' title="bbox 3352 393 3457 455; baseline 0.01 -1"><span class='ocrx_word' id='word_1_7' title='bbox 3352 393 3457 455; x_wconf 78' lang='lat'><strong>910</strong></span> 
     </span>
    </p>
   </div>
   <div class='ocr_carea' id='block_1_4' title="bbox 222 505 1883 583">
    <p class='ocr_par' dir='ltr' id='par_1_4' title="bbox 222 505 1863 583">
     <span class='ocr_line' id='line_1_4' title="bbox 222 505 1863 583; baseline -0.01 -10"><span class='ocrx_word' id='word_1_8' title='bbox 222 541 247 574; x_wconf 92' lang='grc' dir='ltr'><strong>ο</strong></span> <span class='ocrx_word' id='word_1_9' title='bbox 273 518 378 570; x_wconf 84' lang='grc' dir='ltr'><strong>τῶν</strong></span> <span class='ocrx_word' id='word_1_10' title='bbox 407 511 702 583; x_wconf 80' lang='grc' dir='ltr'>Ῥωμαίων</span> <span class='ocrx_word' id='word_1_11' title='bbox 726 509 979 580; x_wconf 60' lang='grc' dir='ltr'>βασιλεὺς</span> <span class='ocrx_word' id='word_1_12' title='bbox 1005 509 1145 578; x_wconf 81' lang='grc' dir='ltr'>ὑπὲρ</span> <span class='ocrx_word' id='word_1_13' title='bbox 1164 510 1260 578; x_wconf 75' lang='grc' dir='ltr'>τῆς</span> <span class='ocrx_word' id='word_1_14' title='bbox 1293 507 1486 561; x_wconf 73' lang='grc' dir='ltr'>ἑαυτοῦ</span> <span class='ocrx_word' id='word_1_15' title='bbox 1514 505 1790 568; x_wconf 70' lang='grc' dir='ltr'>πολιτείας</span> <span class='ocrx_word' id='word_1_16' title='bbox 1819 513 1863 566; x_wconf 75' lang='grc' dir='ltr'>Α</span> 
     </span>
    </p>
   </div>
   <div class='ocr_carea' id='block_1_5' title="bbox 1796 505 3457 583">
    <p class='ocr_par' dir='ltr' id='par_1_5' title="bbox 1819 506 3457 576">
     <span class='ocr_line' id='line_1_5' title="bbox 1819 506 3457 576; baseline 0.004 -18"><span class='ocrx_word' id='word_1_17' title='bbox 1819 513 1863 566; x_wconf 75' lang='grc' dir='ltr'>Α</span> <span class='ocrx_word' id='word_1_18' title='bbox 1897 506 2278 575; x_wconf 78' lang='lat' dir='ltr'><strong>imperatorem</strong></span> <span class='ocrx_word' id='word_1_19' title='bbox 2308 506 2568 561; x_wconf 91' lang='lat' dir='ltr'><strong>vidissent</strong></span> <span class='ocrx_word' id='word_1_20' title='bbox 2605 521 2700 575; x_wconf 86' lang='lat' dir='ltr'><strong>pro</strong></span> <span class='ocrx_word' id='word_1_21' title='bbox 2735 506 2931 559; x_wconf 87' lang='lat' dir='ltr'><strong>tuendo</strong></span> <span class='ocrx_word' id='word_1_22' title='bbox 2959 507 3186 576; x_wconf 89' lang='lat' dir='ltr'><strong>imperio</strong></span> <span class='ocrx_word' id='word_1_23' title='bbox 3227 523 3293 561; x_wconf 90' lang='lat' dir='ltr'><strong>ne</strong></span> <span class='ocrx_word' id='word_1_24' title='bbox 3338 511 3457 564; x_wconf 71' lang='lat' dir='ltr'><strong>vita:</strong></span> 
     </span>
    </p>
   </div>
   <div class='ocr_carea' id='block_1_6' title="bbox 220 591 1790 677">
    <p class='ocr_par' dir='ltr' id='par_1_6' title="bbox 220 591 1790 677">
     <span class='ocr_line' id='line_1_6' title="bbox 220 591 1790 677; baseline -0.008 -20"><span class='ocrx_word' id='word_1_25' title='bbox 220 609 313 677; x_wconf 76' lang='grc' dir='ltr'>τῆς</span> <span class='ocrx_word' id='word_1_26' title='bbox 334 606 545 667; x_wconf 75' lang='grc' dir='ltr'>οἰκείας</span> <span class='ocrx_word' id='word_1_27' title='bbox 596 600 742 668; x_wconf 77' lang='grc' dir='ltr'><strong>ζωῆς</strong></span> <span class='ocrx_word' id='word_1_28' title='bbox 790 597 1187 669; x_wconf 71' lang='grc' dir='ltr'>κατεφρόνησε,</span> <span class='ocrx_word' id='word_1_29' title='bbox 1241 596 1381 666; x_wconf 76' lang='grc' dir='ltr'>μετὰ</span> <span class='ocrx_word' id='word_1_30' title='bbox 1424 593 1644 664; x_wconf 89' lang='grc' dir='ltr'>Σειρόου</span> <span class='ocrx_word' id='word_1_31' title='bbox 1695 591 1790 645; x_wconf 79' lang='grc' dir='ltr'>τοῦ</span> 
     </span>
    </p>
   </div>
   <div class='ocr_carea' id='block_1_7' title="bbox 222 687 1794 767">
    <p class='ocr_par' dir='ltr' id='par_1_7' title="bbox 222 687 1794 767">
     <span class='ocr_line' id='line_1_7' title="bbox 222 687 1794 767; baseline -0.008 -16"><span class='ocrx_word' id='word_1_32' title='bbox 222 697 333 752; x_wconf 74' lang='grc' dir='ltr'>υἱοῦ</span> <span class='ocrx_word' id='word_1_33' title='bbox 356 697 598 767; x_wconf 79' lang='grc' dir='ltr'>Χοσρόσυ</span> <span class='ocrx_word' id='word_1_34' title='bbox 631 691 974 763; x_wconf 71' lang='grc' dir='ltr'><strong>βουλεύονται</strong></span> <span class='ocrx_word' id='word_1_35' title='bbox 1006 691 1256 762; x_wconf 83' lang='grc' dir='ltr'>Χοσρόην</span> <span class='ocrx_word' id='word_1_36' title='bbox 1299 688 1592 750; x_wconf 64' lang='grc' dir='ltr'>ἅνελεῖντδ,</span> <span class='ocrx_word' id='word_1_37' title='bbox 1649 687 1794 754; x_wconf 84' lang='grc' dir='ltr'>μέγα</span> 
     </span>
    </p>
   </div>
   <div class='ocr_carea' id='block_1_8' title="bbox 224 777 1792 858">
    <p class='ocr_par' dir='ltr' id='par_1_8' title="bbox 224 777 1792 858">
     <span class='ocr_line' id='line_1_8' title="bbox 224 777 1792 858; baseline -0.008 -17"><span class='ocrx_word' id='word_1_38' title='bbox 224 788 466 858; x_wconf 74' lang='grc' dir='ltr'>περὶτῆς</span> <span class='ocrx_word' id='word_1_39' title='bbox 494 783 704 846; x_wconf 73' lang='grc' dir='ltr'>οἰκείας</span> <span class='ocrx_word' id='word_1_40' title='bbox 735 782 1010 843; x_wconf 78' lang='grc' dir='ltr'><strong>πολιτείας</strong></span> <span class='ocrx_word' id='word_1_41' title='bbox 1039 785 1551 849; x_wconf 73' lang='grc' dir='ltr'>καταφρονήσαντα.</span> <span class='ocrx_word' id='word_1_42' title='bbox 1588 777 1792 830; x_wconf 82' lang='grc' dir='ltr'>Τοῦτον</span> 
     </span>
    </p>
   </div>
   <div class='ocr_carea' id='block_1_9' title="bbox 222 867 1790 944">
    <p class='ocr_par' dir='ltr' id='par_1_9' title="bbox 222 867 1790 944">
     <span class='ocr_line' id='line_1_9' title="bbox 222 867 1790 944; baseline -0.008 -15"><span class='ocrx_word' id='word_1_43' title='bbox 222 872 311 929; x_wconf 72' lang='grc' dir='ltr'><strong>οὖν</strong></span> <span class='ocrx_word' id='word_1_44' title='bbox 345 876 499 944; x_wconf 70' lang='grc' dir='ltr'>ἐφ’τδ</span> <span class='ocrx_word' id='word_1_45' title='bbox 531 875 610 927; x_wconf 83' lang='grc' dir='ltr'><strong>ἐνί</strong></span> <span class='ocrx_word' id='word_1_46' title='bbox 669 871 780 926; x_wconf 81' lang='grc' dir='ltr'><strong>τῶν</strong></span> <span class='ocrx_word' id='word_1_47' title='bbox 839 868 1138 939; x_wconf 82' lang='grc' dir='ltr'><strong>βασιλικῶν</strong></span> <span class='ocrx_word' id='word_1_48' title='bbox 1186 869 1352 920; x_wconf 77' lang='grc' dir='ltr'>οἴκων</span> <span class='ocrx_word' id='word_1_49' title='bbox 1401 867 1790 927; x_wconf 76' lang='grc' dir='ltr'>κατέκλεισαν,</span> 
     </span>
    </p>
   </div>
   <div class='ocr_carea' id='block_1_10' title="bbox 225 958 1784 1035">
    <p class='ocr_par' dir='ltr' id='par_1_10' title="bbox 225 958 1784 1035">
     <span class='ocr_line' id='line_1_10' title="bbox 225 958 1784 1035; baseline -0.006 -15"><span class='ocrx_word' id='word_1_50' title='bbox 225 970 316 1020; x_wconf 77' lang='grc' dir='ltr'>καὶ</span> <span class='ocrx_word' id='word_1_51' title='bbox 344 966 554 1035; x_wconf 80' lang='grc' dir='ltr'>τροφὴν</span> <span class='ocrx_word' id='word_1_52' title='bbox 581 965 679 1017; x_wconf 75' lang='grc' dir='ltr'>οὐκ</span> <span class='ocrx_word' id='word_1_53' title='bbox 707 962 972 1025; x_wconf 83' lang='grc' dir='ltr'>ἐδίδοσαν,</span> <span class='ocrx_word' id='word_1_54' title='bbox 1001 959 1320 1032; x_wconf 68' lang='grc' dir='ltr'>προῦθηκαν</span> <span class='ocrx_word' id='word_1_55' title='bbox 1355 958 1410 1010; x_wconf 79' lang='grc' dir='ltr'><strong>δὲ</strong></span> <span class='ocrx_word' id='word_1_56' title='bbox 1437 959 1635 1030; x_wconf 87' lang='grc' dir='ltr'>χρυσὸν</span> <span class='ocrx_word' id='word_1_57' title='bbox 1688 958 1784 1010; x_wconf 72' lang='grc' dir='ltr'>καὶ</span> 
     </span>
    </p>
   </div>
   <div class='ocr_carea' id='block_1_11' title="bbox 224 1047 1794 1127">
    <p class='ocr_par' dir='ltr' id='par_1_11' title="bbox 224 1047 1794 1127">
     <span class='ocr_line' id='line_1_11' title="bbox 224 1047 1794 1127; baseline -0.007 -18"><span class='ocrx_word' id='word_1_58' title='bbox 224 1058 459 1127; x_wconf 80' lang='grc' dir='ltr'>ἄργυρον</span> <span class='ocrx_word' id='word_1_59' title='bbox 513 1054 608 1107; x_wconf 70' lang='grc' dir='ltr'><strong>καὶ</strong></span> <span class='ocrx_word' id='word_1_60' title='bbox 666 1053 814 1105; x_wconf 81' lang='grc' dir='ltr'>λίθον</span> <span class='ocrx_word' id='word_1_61' title='bbox 879 1051 1152 1116; x_wconf 87' lang='grc' dir='ltr'>πλεῖστον,</span> <span class='ocrx_word' id='word_1_62' title='bbox 1203 1049 1473 1116; x_wconf 86' lang='grc' dir='ltr'>λέγοντες·</span> <span class='ocrx_word' id='word_1_63' title='bbox 1517 1067 1536 1099; x_wconf 75' lang='grc' dir='ltr'><strong>ι</strong></span> <span class='ocrx_word' id='word_1_64' title='bbox 1573 1047 1794 1099; x_wconf 85' lang='grc' dir='ltr'>Τούτων</span> 
     </span>
    </p>
   </div>
   <div class='ocr_carea' id='block_1_12' title="bbox 225 1137 1793 1213">
    <p class='ocr_par' dir='ltr' id='par_1_12' title="bbox 225 1137 1793 1213">
     <span class='ocr_line' id='line_1_12' title="bbox 225 1137 1793 1213; baseline -0.007 -12"><span class='ocrx_word' id='word_1_65' title='bbox 225 1149 459 1202; x_wconf 79' lang='grc' dir='ltr'>ἀπόλαυε</span> <span class='ocrx_word' id='word_1_66' title='bbox 515 1141 598 1209; x_wconf 74' lang='grc' dir='ltr'>οἷς</span> <span class='ocrx_word' id='word_1_67' title='bbox 645 1142 961 1213; x_wconf 79' lang='grc' dir='ltr'>κατεμάνης</span> <span class='ocrx_word' id='word_1_68' title='bbox 1016 1146 1111 1196; x_wconf 79' lang='grc' dir='ltr'>καὶ</span> <span class='ocrx_word' id='word_1_69' title='bbox 1167 1140 1312 1210; x_wconf 82' lang='grc' dir='ltr'>ἆπερ</span> <span class='ocrx_word' id='word_1_70' title='bbox 1368 1141 1661 1209; x_wconf 68' lang='grc' dir='ltr'>ἠγάπησας</span> <span class='ocrx_word' id='word_1_71' title='bbox 1696 1137 1793 1191; x_wconf 74' lang='grc' dir='ltr'><strong>καὶ</strong></span> 
     </span>
    </p>
   </div>
   <div class='ocr_carea' id='block_1_13' title="bbox 227 1230 1796 1309">
    <p class='ocr_par' dir='ltr' id='par_1_13' title="bbox 227 1230 1796 1309">
     <span class='ocr_line' id='line_1_13' title="bbox 227 1230 1796 1309; baseline -0.007 -17"><span class='ocrx_word' id='word_1_72' title='bbox 227 1241 546 1309; x_wconf 87' lang='grc' dir='ltr'>συνήγαγες.</span> <span class='ocrx_word' id='word_1_73' title='bbox 614 1255 632 1287; x_wconf 74' lang='grc' dir='ltr'><strong>ι</strong></span> <span class='ocrx_word' id='word_1_74' title='bbox 712 1236 824 1290; x_wconf 71' lang='grc' dir='ltr'>Καὶ</span> <span class='ocrx_word' id='word_1_75' title='bbox 873 1233 1016 1288; x_wconf 75' lang='grc' dir='ltr'>οὕτω</span> <span class='ocrx_word' id='word_1_76' title='bbox 1084 1233 1421 1302; x_wconf 79' lang='grc' dir='ltr'>λιμώττοντα</span> <span class='ocrx_word' id='word_1_77' title='bbox 1475 1230 1796 1292; x_wconf 77' lang='grc' dir='ltr'>ἐπελθόντες</span> 
     </span>
    </p>
   </div>
   <div class='ocr_carea' id='block_1_14' title="bbox 225 1322 1796 1400">
    <p class='ocr_par' dir='ltr' id='par_1_14' title="bbox 225 1322 1796 1400">
     <span class='ocr_line' id='line_1_14' title="bbox 225 1322 1796 1400; baseline -0.007 -16"><span class='ocrx_word' id='word_1_78' title='bbox 225 1332 448 1384; x_wconf 79' lang='grc' dir='ltr'>ἀνεῖλον.</span> <span class='ocrx_word' id='word_1_79' title='bbox 485 1329 707 1400; x_wconf 88' lang='grc' dir='ltr'>Σειρόην</span> <span class='ocrx_word' id='word_1_80' title='bbox 737 1328 793 1381; x_wconf 81' lang='grc' dir='ltr'><strong>δὲ</strong></span> <span class='ocrx_word' id='word_1_81' title='bbox 819 1327 909 1380; x_wconf 82' lang='grc' dir='ltr'><strong>τὸν</strong></span> <span class='ocrx_word' id='word_1_82' title='bbox 936 1325 1124 1380; x_wconf 79' lang='grc' dir='ltr'>τούτου</span> <span class='ocrx_word' id='word_1_83' title='bbox 1153 1326 1269 1376; x_wconf 61' lang='grc' dir='ltr'>υἱὸν</span> <span class='ocrx_word' id='word_1_84' title='bbox 1317 1323 1544 1393; x_wconf 76' lang='grc' dir='ltr'>βασιλέα</span> <span class='ocrx_word' id='word_1_85' title='bbox 1571 1322 1796 1393; x_wconf 85' lang='grc' dir='ltr'>Περσῶν</span> 
     </span>
    </p>
   </div>
   <div class='ocr_carea' id='block_1_15' title="bbox 225 1414 1791 1490">
    <p class='ocr_par' dir='ltr' id='par_1_15' title="bbox 225 1414 1791 1490">
     <span class='ocr_line' id='line_1_15' title="bbox 225 1414 1791 1490; baseline -0.004 -17"><span class='ocrx_word' id='word_1_86' title='bbox 225 1423 634 1490; x_wconf 77' lang='grc' dir='ltr'>ἀνηγόρευσαν·</span> <span class='ocrx_word' id='word_1_87' title='bbox 689 1420 747 1481; x_wconf 83' lang='grc' dir='ltr'>ὃς</span> <span class='ocrx_word' id='word_1_88' title='bbox 789 1418 952 1480; x_wconf 76' lang='grc' dir='ltr'>εὐθὺς</span> <span class='ocrx_word' id='word_1_89' title='bbox 1001 1417 1138 1487; x_wconf 82' lang='grc' dir='ltr'>πρὸς</span> <span class='ocrx_word' id='word_1_90' title='bbox 1186 1416 1507 1487; x_wconf 80' lang='grc' dir='ltr'>Ἡράκλειον</span> <span class='ocrx_word' id='word_1_91' title='bbox 1562 1414 1791 1484; x_wconf 81' lang='grc' dir='ltr'>διαπρε-</span> 
     </span>
    </p>
   </div>
   <div class='ocr_carea' id='block_1_16' title="bbox 229 1506 1796 1582">
    <p class='ocr_par' dir='ltr' id='par_1_16' title="bbox 229 1506 1796 1582">
     <span class='ocr_line' id='line_1_16' title="bbox 229 1506 1796 1582; baseline -0.005 -17"><span class='ocrx_word' id='word_1_92' title='bbox 229 1513 500 1575; x_wconf 78' lang='grc' dir='ltr'>σϐεύεται,</span> <span class='ocrx_word' id='word_1_93' title='bbox 545 1512 692 1582; x_wconf 84' lang='grc' dir='ltr'><strong>δῶρά</strong></span> <span class='ocrx_word' id='word_1_94' title='bbox 754 1527 813 1563; x_wconf 88' lang='grc' dir='ltr'><strong>τε</strong></span> <span class='ocrx_word' id='word_1_95' title='bbox 864 1508 1172 1578; x_wconf 69' lang='grc' dir='ltr'>ἐξέπεμψεν</span> <span class='ocrx_word' id='word_1_96' title='bbox 1253 1509 1329 1570; x_wconf 82' lang='grc' dir='ltr'>ὠς</span> <span class='ocrx_word' id='word_1_97' title='bbox 1404 1506 1731 1559; x_wconf 82' lang='grc' dir='ltr'>σπείσασθαι</span> <span class='ocrx_word' id='word_1_98' title='bbox 1751 1507 1796 1537; x_wconf 84' lang='grc'><strong>⁷⁸</strong></span> 
     </span>
    </p>
   </div>
   <div class='ocr_carea' id='block_1_17' title="bbox 226 1583 1796 1672">
    <p class='ocr_par' dir='ltr' id='par_1_17' title="bbox 226 1583 1796 1672">
     <span class='ocr_line' id='line_1_17' title="bbox 226 1583 1796 1672; baseline -0.004 -17"><span class='ocrx_word' id='word_1_99' title='bbox 226 1603 392 1670; x_wconf 84' lang='grc' dir='ltr'>αὐτῷ.</span> <span class='ocrx_word' id='word_1_100' title='bbox 439 1603 640 1672; x_wconf 74' lang='grc' dir='ltr'>Γράφει</span> <span class='ocrx_word' id='word_1_101' title='bbox 662 1583 719 1653; x_wconf 76' lang='grc' dir='ltr'>δὲ</span> <span class='ocrx_word' id='word_1_102' title='bbox 754 1601 890 1670; x_wconf 83' lang='grc' dir='ltr'>πρὸς</span> <span class='ocrx_word' id='word_1_103' title='bbox 920 1601 1082 1653; x_wconf 74' lang='grc' dir='ltr'>αὑτὸν</span> <span class='ocrx_word' id='word_1_104' title='bbox 1105 1599 1216 1667; x_wconf 81' lang='lat'><strong>(6|)</strong></span> <span class='ocrx_word' id='word_1_105' title='bbox 1248 1597 1504 1652; x_wconf 78' lang='grc' dir='ltr'>ἐνοῦσθαί</span> <span class='ocrx_word' id='word_1_106' title='bbox 1533 1615 1592 1650; x_wconf 88' lang='grc' dir='ltr'><strong>τε</strong></span> <span class='ocrx_word' id='word_1_107' title='bbox 1627 1598 1796 1667; x_wconf 84' lang='grc' dir='ltr'>ἀλλή-</span> 
     </span>
    </p>
   </div>
   <div class='ocr_carea' id='block_1_18' title="bbox 226 1689 1794 1758">
    <p class='ocr_par' dir='ltr' id='par_1_18' title="bbox 226 1689 1794 1758">
     <span class='ocr_line' id='line_1_18' title="bbox 226 1689 1794 1758; baseline -0.003 -13"><span class='ocrx_word' id='word_1_108' title='bbox 226 1695 345 1755; x_wconf 90' lang='grc' dir='ltr'>λαις</span> <span class='ocrx_word' id='word_1_109' title='bbox 365 1693 407 1725; x_wconf 78' lang='grc'><strong>⁷⁷</strong></span> <span class='ocrx_word' id='word_1_110' title='bbox 436 1694 534 1755; x_wconf 78' lang='grc' dir='ltr'>τὰς</span> <span class='ocrx_word' id='word_1_111' title='bbox 567 1691 659 1744; x_wconf 85' lang='grc' dir='ltr'>ὑπ’</span> <span class='ocrx_word' id='word_1_112' title='bbox 690 1693 869 1745; x_wconf 82' lang='grc' dir='ltr'>αὐτῶν</span> <span class='ocrx_word' id='word_1_113' title='bbox 915 1691 1194 1754; x_wconf 83' lang='grc' dir='ltr'>πολιτείας</span> <span class='ocrx_word' id='word_1_114' title='bbox 1238 1691 1333 1742; x_wconf 82' lang='grc' dir='ltr'><strong>καὶ</strong></span> <span class='ocrx_word' id='word_1_115' title='bbox 1382 1691 1607 1758; x_wconf 76' lang='grc' dir='ltr'>εἰρήνην</span> <span class='ocrx_word' id='word_1_116' title='bbox 1640 1689 1794 1758; x_wconf 79' lang='grc' dir='ltr'>παρᾶ</span> 
     </span>
    </p>
   </div>
   <div class='ocr_carea' id='block_1_19' title="bbox 227 1779 1797 1850">
    <p class='ocr_par' dir='ltr' id='par_1_19' title="bbox 227 1779 1797 1850">
     <span class='ocr_line' id='line_1_19' title="bbox 227 1779 1797 1850; baseline -0.004 -14"><span class='ocrx_word' id='word_1_117' title='bbox 227 1783 365 1837; x_wconf 77' lang='grc' dir='ltr'>Θεοῦ</span> <span class='ocrx_word' id='word_1_118' title='bbox 444 1784 814 1847; x_wconf 80' lang='grc' dir='ltr'>ἀσπάζεσθαι,</span> <span class='ocrx_word' id='word_1_119' title='bbox 895 1784 971 1845; x_wconf 87' lang='grc' dir='ltr'>ὼς</span> <span class='ocrx_word' id='word_1_120' title='bbox 1048 1783 1285 1848; x_wconf 79' lang='grc' dir='ltr'>ἑκάστην</span> <span class='ocrx_word' id='word_1_121' title='bbox 1382 1781 1514 1850; x_wconf 81' lang='grc' dir='ltr'>παρ’</span> <span class='ocrx_word' id='word_1_122' title='bbox 1595 1779 1797 1848; x_wconf 79' lang='grc' dir='ltr'>ἑαυτὴν</span> 
     </span>
    </p>
   </div>
   <div class='ocr_carea' id='block_1_20' title="bbox 226 1868 1796 1946">
    <p class='ocr_par' dir='ltr' id='par_1_20' title="bbox 226 1868 1796 1946">
     <span class='ocr_line' id='line_1_20' title="bbox 226 1868 1796 1946; baseline -0.006 -16"><span class='ocrx_word' id='word_1_123' title='bbox 226 1876 540 1946; x_wconf 74' lang='grc' dir='ltr'>ἡσυχάζειν.</span> <span class='ocrx_word' id='word_1_124' title='bbox 561 1868 630 1945; x_wconf 81' lang='grc' dir='ltr'>ᾯ</span> <span class='ocrx_word' id='word_1_125' title='bbox 655 1875 961 1944; x_wconf 81' lang='grc' dir='ltr'>ἀντέγραφε</span> <span class='ocrx_word' id='word_1_126' title='bbox 987 1875 1080 1926; x_wconf 59' lang='grc' dir='ltr'><strong>καὶ¹</strong></span> <span class='ocrx_word' id='word_1_127' title='bbox 1109 1872 1452 1943; x_wconf 77' lang='grc' dir='ltr'>Ἡράκλειος,</span> <span class='ocrx_word' id='word_1_128' title='bbox 1485 1871 1677 1923; x_wconf 85' lang='grc' dir='ltr'>τέκνον</span> <span class='ocrx_word' id='word_1_129' title='bbox 1705 1870 1796 1922; x_wconf 76' lang='grc' dir='ltr'><strong>τὸν</strong></span> 
     </span>
    </p>
   </div>
   <div class='ocr_carea' id='block_1_21' title="bbox 229 1960 1791 2037">
    <p class='ocr_par' dir='ltr' id='par_1_21' title="bbox 229 1960 1791 2037">
     <span class='ocr_line' id='line_1_21' title="bbox 229 1960 1791 2037; baseline -0.004 -17"><span class='ocrx_word' id='word_1_130' title='bbox 229 1965 453 2037; x_wconf 81' lang='grc' dir='ltr'>Σειρόην</span> <span class='ocrx_word' id='word_1_131' title='bbox 481 1964 678 2028; x_wconf 80' lang='grc' dir='ltr'>καλῶν,</span> <span class='ocrx_word' id='word_1_132' title='bbox 704 1966 800 2018; x_wconf 74' lang='grc' dir='ltr'>καὶ</span> <span class='ocrx_word' id='word_1_133' title='bbox 826 1965 901 2028; x_wconf 83' lang='grc' dir='ltr'>ὼς</span> <span class='ocrx_word' id='word_1_134' title='bbox 933 1965 1032 2018; x_wconf 84' lang='grc' dir='ltr'><strong>οὐκ</strong></span> <span class='ocrx_word' id='word_1_135' title='bbox 1051 1960 1118 2034; x_wconf 83' lang='grc' dir='ltr'>ἦν</span> <span class='ocrx_word' id='word_1_136' title='bbox 1147 1964 1298 2033; x_wconf 80' lang='grc' dir='ltr'>αὐτῷ</span> <span class='ocrx_word' id='word_1_137' title='bbox 1324 1981 1453 2016; x_wconf 86' lang='grc' dir='ltr'>ποτε</span> <span class='ocrx_word' id='word_1_138' title='bbox 1477 1965 1621 2017; x_wconf 81' lang='grc' dir='ltr'>κατᾶ</span> <span class='ocrx_word' id='word_1_139' title='bbox 1649 1962 1760 2030; x_wconf 65' lang='grc' dir='ltr'>γνώ</span> <span class='ocrx_word' id='word_1_140' title='bbox 1778 1991 1791 2000; x_wconf 80' lang='lat'><strong><em>~</em></strong></span> 
     </span>
    </p>
   </div>
   <div class='ocr_carea' id='block_1_22' title="bbox 231 2053 1797 2126">
    <p class='ocr_par' dir='ltr' id='par_1_22' title="bbox 231 2053 1797 2126">
     <span class='ocr_line' id='line_1_22' title="bbox 231 2053 1797 2126; baseline -0.003 -18"><span class='ocrx_word' id='word_1_141' title='bbox 231 2073 339 2126; x_wconf 82' lang='grc' dir='ltr'>μην</span> <span class='ocrx_word' id='word_1_142' title='bbox 391 2056 615 2126; x_wconf 80' lang='grc' dir='ltr'>βασιλέα</span> <span class='ocrx_word' id='word_1_143' title='bbox 649 2058 746 2125; x_wconf 78' lang='grc' dir='ltr'><strong>τῆς</strong></span> <span class='ocrx_word' id='word_1_144' title='bbox 795 2056 987 2108; x_wconf 83' lang='grc' dir='ltr'>ἐαυτοῦ</span> <span class='ocrx_word' id='word_1_145' title='bbox 1022 2054 1178 2124; x_wconf 80' lang='grc' dir='ltr'>δόξης</span> <span class='ocrx_word' id='word_1_146' title='bbox 1212 2055 1666 2108; x_wconf 82' lang='grc' dir='ltr'>ὲκπεπτωκέναι’</span> <span class='ocrx_word' id='word_1_147' title='bbox 1717 2053 1797 2106; x_wconf 84' lang='grc' dir='ltr'><strong>διὸ</strong></span> 
     </span>
    </p>
   </div>
   <div class='ocr_carea' id='block_1_23' title="bbox 225 2143 1800 2215">
    <p class='ocr_par' dir='ltr' id='par_1_23' title="bbox 225 2143 1800 2215">
     <span class='ocr_line' id='line_1_23' title="bbox 225 2143 1800 2215; baseline -0.002 -17"><span class='ocrx_word' id='word_1_148' title='bbox 225 2146 350 2198; x_wconf 72' lang='grc' dir='ltr'><strong>οὐδὲ</strong></span> <span class='ocrx_word' id='word_1_149' title='bbox 400 2146 665 2215; x_wconf 84' lang='grc' dir='ltr'>Χοσρόην.</span> <span class='ocrx_word' id='word_1_150' title='bbox 737 2144 877 2196; x_wconf 82' lang='grc' dir='ltr'>Ἀλλ’</span> <span class='ocrx_word' id='word_1_151' title='bbox 917 2146 965 2196; x_wconf 79' lang='grc' dir='ltr'>εἰ</span> <span class='ocrx_word' id='word_1_152' title='bbox 1019 2145 1112 2196; x_wconf 77' lang='grc' dir='ltr'><strong>καὶ</strong></span> <span class='ocrx_word' id='word_1_153' title='bbox 1165 2143 1392 2197; x_wconf 80' lang='grc' dir='ltr'>πλεῖστα</span> <span class='ocrx_word' id='word_1_154' title='bbox 1421 2143 1515 2195; x_wconf 78' lang='grc' dir='ltr'>καὶ</span> <span class='ocrx_word' id='word_1_155' title='bbox 1563 2143 1800 2196; x_wconf 76' lang='grc' dir='ltr'>κάκιστα</span> 
     </span>
    </p>
   </div>
   <div class='ocr_carea' id='block_1_24' title="bbox 234 2233 1798 2306">
    <p class='ocr_par' dir='ltr' id='par_1_24' title="bbox 234 2233 1798 2306">
     <span class='ocr_line' id='line_1_24' title="bbox 234 2233 1798 2306; baseline -0.004 -18"><span class='ocrx_word' id='word_1_156' title='bbox 234 2234 532 2306; x_wconf 77' lang='grc' dir='ltr'>Ῥωμαίοις</span> <span class='ocrx_word' id='word_1_157' title='bbox 592 2238 688 2288; x_wconf 70' lang='grc' dir='ltr'><strong>καὶ</strong></span> <span class='ocrx_word' id='word_1_158' title='bbox 736 2235 974 2305; x_wconf 83' lang='grc' dir='ltr'>Πέρσαις</span> <span class='ocrx_word' id='word_1_159' title='bbox 1023 2235 1319 2300; x_wconf 78' lang='grc' dir='ltr'>ἐπέδειξεν,</span> <span class='ocrx_word' id='word_1_160' title='bbox 1351 2233 1626 2287; x_wconf 81' lang='grc' dir='ltr'>Ἐσπευσα</span> <span class='ocrx_word' id='word_1_161' title='bbox 1709 2234 1798 2297; x_wconf 84' lang='grc' dir='ltr'><strong>ἂν,</strong></span> 
     </span>
    </p>
   </div>
   <div class='ocr_carea' id='block_1_25' title="bbox 226 2327 1802 2398">
    <p class='ocr_par' dir='ltr' id='par_1_25' title="bbox 226 2327 1802 2398">
     <span class='ocr_line' id='line_1_25' title="bbox 226 2327 1802 2398; baseline -0.003 -15"><span class='ocrx_word' id='word_1_162' title='bbox 226 2329 456 2398; x_wconf 72' lang='grc' dir='ltr'>ἔφασκε,</span> <span class='ocrx_word' id='word_1_163' title='bbox 493 2327 885 2398; x_wconf 85' lang='grc' dir='ltr'>περισωθέντα,</span> <span class='ocrx_word' id='word_1_164' title='bbox 931 2330 978 2381; x_wconf 75' lang='grc' dir='ltr'>εἰ</span> <span class='ocrx_word' id='word_1_165' title='bbox 1029 2330 1119 2380; x_wconf 74' lang='grc' dir='ltr'>καὶ</span> <span class='ocrx_word' id='word_1_166' title='bbox 1149 2328 1222 2380; x_wconf 85' lang='grc' dir='ltr'>τὰ</span> <span class='ocrx_word' id='word_1_167' title='bbox 1281 2328 1515 2397; x_wconf 81' lang='grc' dir='ltr'>μάλιστα</span> <span class='ocrx_word' id='word_1_168' title='bbox 1570 2329 1802 2398; x_wconf 83' lang='grc' dir='ltr'>ἐπικρα-</span> 
     </span>
    </p>
   </div>
   <div class='ocr_carea' id='block_1_26' title="bbox 221 2417 1791 2492">
    <p class='ocr_par' dir='ltr' id='par_1_26' title="bbox 221 2417 1791 2492">
     <span class='ocr_line' id='line_1_26' title="bbox 221 2417 1791 2492; baseline -0.004 -17"><span class='ocrx_word' id='word_1_169' title='bbox 221 2423 481 2492; x_wconf 80' lang='grc' dir='ltr'>τέστερος</span> <span class='ocrx_word' id='word_1_170' title='bbox 549 2418 846 2487; x_wconf 86' lang='grc' dir='ltr'>ἐγενόμην,</span> <span class='ocrx_word' id='word_1_171' title='bbox 912 2421 992 2480; x_wconf 80' lang='grc' dir='ltr'><strong>εἰς</strong></span> <span class='ocrx_word' id='word_1_172' title='bbox 1053 2419 1152 2490; x_wconf 80' lang='grc' dir='ltr'>τὴν</span> <span class='ocrx_word' id='word_1_173' title='bbox 1195 2418 1361 2470; x_wconf 79' lang='grc' dir='ltr'>αὑτοῦ</span> <span class='ocrx_word' id='word_1_174' title='bbox 1413 2417 1791 2486; x_wconf 75' lang='grc' dir='ltr'>ἁποκαθιστᾷν</span> 
     </span>
    </p>
   </div>
   <div class='ocr_carea' id='block_1_27' title="bbox 227 2509 1798 2581">
    <p class='ocr_par' dir='ltr' id='par_1_27' title="bbox 227 2509 1798 2581">
     <span class='ocr_line' id='line_1_27' title="bbox 227 2509 1798 2581; baseline -0.003 -17"><span class='ocrx_word' id='word_1_175' title='bbox 227 2510 528 2581; x_wconf 67' lang='grc' dir='ltr'>βασιλειαν.</span> <span class='ocrx_word' id='word_1_176' title='bbox 573 2509 705 2570; x_wconf 90' lang='grc' dir='ltr'>Θεὸς</span> <span class='ocrx_word' id='word_1_177' title='bbox 733 2509 832 2579; x_wconf 80' lang='grc' dir='ltr'>τὴν</span> <span class='ocrx_word' id='word_1_178' title='bbox 859 2510 1070 2562; x_wconf 77' lang='grc' dir='ltr'>ἐκείνου</span> <span class='ocrx_word' id='word_1_179' title='bbox 1099 2509 1360 2581; x_wconf 82' lang='grc' dir='ltr'>πρόθεσιν</span> <span class='ocrx_word' id='word_1_180' title='bbox 1385 2509 1642 2576; x_wconf 86' lang='grc' dir='ltr'>ἐγνωκὼς</span> <span class='ocrx_word' id='word_1_181' title='bbox 1667 2525 1798 2578; x_wconf 80' lang='grc' dir='ltr'>μετ-</span> 
     </span>
    </p>
   </div>
   <div class='ocr_carea' id='block_1_28' title="bbox 235 2599 1797 2672">
    <p class='ocr_par' dir='ltr' id='par_1_28' title="bbox 235 2599 1797 2672">
     <span class='ocr_line' id='line_1_28' title="bbox 235 2599 1797 2672; baseline -0.001 -18"><span class='ocrx_word' id='word_1_182' title='bbox 235 2603 411 2672; x_wconf 80' lang='grc' dir='ltr'>ῆλθεν</span> <span class='ocrx_word' id='word_1_183' title='bbox 446 2601 595 2670; x_wconf 84' lang='grc' dir='ltr'>αὐτῷ</span> <span class='ocrx_word' id='word_1_184' title='bbox 623 2601 783 2666; x_wconf 80' lang='grc' dir='ltr'>ἀξίαν</span> <span class='ocrx_word' id='word_1_185' title='bbox 814 2601 912 2672; x_wconf 83' lang='grc' dir='ltr'>τὴν</span> <span class='ocrx_word' id='word_1_186' title='bbox 943 2602 1118 2670; x_wconf 80' lang='grc' dir='ltr'>δίκην,</span> <span class='ocrx_word' id='word_1_187' title='bbox 1147 2602 1222 2664; x_wconf 88' lang='grc' dir='ltr'>ὡς</span> <span class='ocrx_word' id='word_1_188' title='bbox 1255 2603 1329 2671; x_wconf 79' lang='grc' dir='ltr'><strong>μὴ</strong></span> <span class='ocrx_word' id='word_1_189' title='bbox 1364 2601 1473 2653; x_wconf 82' lang='grc' dir='ltr'>τῶν</span> <span class='ocrx_word' id='word_1_190' title='bbox 1520 2599 1731 2653; x_wconf 85' lang='grc' dir='ltr'>πολλῶν</span> <span class='ocrx_word' id='word_1_191' title='bbox 1752 2601 1797 2632; x_wconf 81' lang='grc'><strong>⁷⁸</strong></span> 
     </span>
    </p>
   </div>
   <div class='ocr_carea' id='block_1_29' title="bbox 225 2691 1800 2762">
    <p class='ocr_par' dir='ltr' id='par_1_29' title="bbox 225 2691 1800 2762">
     <span class='ocr_line' id='line_1_29' title="bbox 225 2691 1800 2762; baseline -0.002 -16"><span class='ocrx_word' id='word_1_192' title='bbox 225 2693 481 2761; x_wconf 83' lang='grc' dir='ltr'>γενέσθαι</span> <span class='ocrx_word' id='word_1_193' title='bbox 509 2692 822 2754; x_wconf 79' lang='grc' dir='ltr'>κατάλυσιν,</span> <span class='ocrx_word' id='word_1_194' title='bbox 850 2695 978 2762; x_wconf 80' lang='grc' dir='ltr'>ἡμῖν</span> <span class='ocrx_word' id='word_1_195' title='bbox 1026 2691 1120 2744; x_wconf 82' lang='grc' dir='ltr'>νῦν</span> <span class='ocrx_word' id='word_1_196' title='bbox 1167 2693 1264 2758; x_wconf 80' lang='grc' dir='ltr'>τὴν</span> <span class='ocrx_word' id='word_1_197' title='bbox 1301 2694 1492 2744; x_wconf 76' lang='grc' dir='ltr'>ἕνωσιν</span> <span class='ocrx_word' id='word_1_198' title='bbox 1523 2693 1800 2762; x_wconf 80' lang='grc' dir='ltr'>παρασχό-</span> 
     </span>
    </p>
   </div>
   <div class='ocr_carea' id='block_1_30' title="bbox 226 2774 1799 2852">
    <p class='ocr_par' dir='ltr' id='par_1_30' title="bbox 226 2774 1799 2852">
     <span class='ocr_line' id='line_1_30' title="bbox 226 2774 1799 2852; baseline -0.003 -18"><span class='ocrx_word' id='word_1_199' title='bbox 226 2799 419 2852; x_wconf 84' lang='grc' dir='ltr'>μενος.</span> <span class='ocrx_word' id='word_1_200' title='bbox 454 2781 588 2850; x_wconf 83' lang='grc' dir='ltr'>ιῐερί</span> <span class='ocrx_word' id='word_1_201' title='bbox 615 2797 672 2832; x_wconf 87' lang='grc' dir='ltr'><strong>τε</strong></span> <span class='ocrx_word' id='word_1_202' title='bbox 695 2779 804 2832; x_wconf 79' lang='grc' dir='ltr'><strong>τῶν</strong></span> <span class='ocrx_word' id='word_1_203' title='bbox 834 2780 1116 2843; x_wconf 80' lang='grc' dir='ltr'>ζιυοποιῶν</span> <span class='ocrx_word' id='word_1_204' title='bbox 1143 2780 1313 2844; x_wconf 88' lang='grc' dir='ltr'>ξύλων</span> <span class='ocrx_word' id='word_1_205' title='bbox 1345 2774 1419 2832; x_wconf 84' lang='grc' dir='ltr'>ὧν</span> <span class='ocrx_word' id='word_1_206' title='bbox 1442 2775 1551 2832; x_wconf 75' lang='grc' dir='ltr'>εἷλε</span> <span class='ocrx_word' id='word_1_207' title='bbox 1585 2779 1799 2849; x_wconf 77' lang='grc' dir='ltr'>Σαρδα-</span> 
     </span>
    </p>
   </div>
   <div class='ocr_carea' id='block_1_31' title="bbox 228 2870 1796 2943">
    <p class='ocr_par' dir='ltr' id='par_1_31' title="bbox 228 2870 1796 2943">
     <span class='ocr_line' id='line_1_31' title="bbox 228 2870 1796 2943; baseline -0.002 -19"><span class='ocrx_word' id='word_1_208' title='bbox 228 2889 326 2943; x_wconf 84' lang='grc' dir='ltr'><strong>ρος</strong></span> <span class='ocrx_word' id='word_1_209' title='bbox 376 2872 434 2935; x_wconf 81' lang='grc' dir='ltr'><strong>ἐξ</strong></span> <span class='ocrx_word' id='word_1_210' title='bbox 471 2871 881 2941; x_wconf 83' lang='grc' dir='ltr'>Ἰεροσολύμων,</span> <span class='ocrx_word' id='word_1_211' title='bbox 912 2870 1155 2940; x_wconf 81' lang='grc' dir='ltr'>λιπαρῶς</span> <span class='ocrx_word' id='word_1_212' title='bbox 1190 2871 1438 2923; x_wconf 87' lang='grc' dir='ltr'>ἐπέκειτο</span> <span class='ocrx_word' id='word_1_213' title='bbox 1484 2870 1759 2939; x_wconf 78' lang='grc' dir='ltr'>ἐπιζητῶν</span> <span class='ocrx_word' id='word_1_214' title='bbox 1783 2886 1796 2900; x_wconf 80' lang='grc'><em>’</em></span> 
     </span>
    </p>
   </div>
   <div class='ocr_carea' id='block_1_32' title="bbox 223 2961 1794 3032">
    <p class='ocr_par' dir='ltr' id='par_1_32' title="bbox 223 2961 1794 3032">
     <span class='ocr_line' id='line_1_32' title="bbox 223 2961 1794 3032; baseline -0.001 -16"><span class='ocrx_word' id='word_1_215' title='bbox 223 2965 256 3016; x_wconf 75' lang='grc' dir='ltr'><strong>ὁ</strong></span> <span class='ocrx_word' id='word_1_216' title='bbox 275 2965 336 3017; x_wconf 80' lang='grc' dir='ltr'>δὲ</span> <span class='ocrx_word' id='word_1_217' title='bbox 361 2963 623 3032; x_wconf 81' lang='grc' dir='ltr'>ὑπέσχετο</span> <span class='ocrx_word' id='word_1_218' title='bbox 650 2962 861 3025; x_wconf 79' lang='grc' dir='ltr'>δώσειν,</span> <span class='ocrx_word' id='word_1_219' title='bbox 891 2961 1049 3030; x_wconf 79' lang='grc' dir='ltr'>εἴπερ</span> <span class='ocrx_word' id='word_1_220' title='bbox 1065 2961 1214 3029; x_wconf 79' lang='grc' dir='ltr'>αὐτῷ</span> <span class='ocrx_word' id='word_1_221' title='bbox 1237 2962 1533 3032; x_wconf 73' lang='grc' dir='ltr'>κατά’ρωρα</span> <span class='ocrx_word' id='word_1_222' title='bbox 1564 2961 1794 3028; x_wconf 86' lang='grc' dir='ltr'>γένοιτο.</span> 
     </span>
    </p>
   </div>
   <div class='ocr_carea' id='block_1_33' title="bbox 229 3048 1797 3121">
    <p class='ocr_par' dir='ltr' id='par_1_33' title="bbox 229 3048 1797 3121">
     <span class='ocr_line' id='line_1_33' title="bbox 229 3048 1797 3121; baseline 0 -18"><span class='ocrx_word' id='word_1_223' title='bbox 229 3051 372 3121; x_wconf 76' lang='grc' dir='ltr'>Περί</span> <span class='ocrx_word' id='word_1_224' title='bbox 399 3067 459 3102; x_wconf 88' lang='grc' dir='ltr'><strong>τε</strong></span> <span class='ocrx_word' id='word_1_225' title='bbox 491 3051 597 3102; x_wconf 84' lang='grc' dir='ltr'>τῶν</span> <span class='ocrx_word' id='word_1_226' title='bbox 638 3049 990 3119; x_wconf 76' lang='grc' dir='ltr'>πρεσῦευτῶν</span> <span class='ocrx_word' id='word_1_227' title='bbox 1022 3048 1117 3109; x_wconf 85' lang='grc' dir='ltr'><strong>οὒς</strong></span> <span class='ocrx_word' id='word_1_228' title='bbox 1151 3051 1341 3110; x_wconf 74' lang='grc' dir='ltr'>Σαΐτος</span> <span class='ocrx_word' id='word_1_229' title='bbox 1386 3051 1524 3120; x_wconf 84' lang='grc' dir='ltr'>πρὸς</span> <span class='ocrx_word' id='word_1_230' title='bbox 1551 3052 1797 3120; x_wconf 84' lang='grc' dir='ltr'>Χοσρόην</span> 
     </span>
    </p>
   </div>
   <div class='ocr_carea' id='block_1_34' title="bbox 227 3139 1798 3211">
    <p class='ocr_par' dir='ltr' id='par_1_34' title="bbox 227 3139 1798 3211">
     <span class='ocr_line' id='line_1_34' title="bbox 227 3139 1798 3211; baseline 0 -19"><span class='ocrx_word' id='word_1_231' title='bbox 227 3141 494 3208; x_wconf 80' lang='grc' dir='ltr'>ἀπήγαγε</span> <span class='ocrx_word' id='word_1_232' title='bbox 518 3139 671 3210; x_wconf 74' lang='grc' dir='ltr'>δόλῳ,</span> <span class='ocrx_word' id='word_1_233' title='bbox 703 3140 775 3203; x_wconf 84' lang='grc' dir='ltr'>ὼς</span> <span class='ocrx_word' id='word_1_234' title='bbox 805 3140 1051 3201; x_wconf 85' lang='grc' dir='ltr'>Λεόντιος</span> <span class='ocrx_word' id='word_1_235' title='bbox 1084 3139 1180 3207; x_wconf 82' lang='grc' dir='ltr'>μὲν</span> <span class='ocrx_word' id='word_1_236' title='bbox 1209 3141 1372 3210; x_wconf 84' lang='grc' dir='ltr'>κοινῷ</span> <span class='ocrx_word' id='word_1_237' title='bbox 1408 3142 1627 3211; x_wconf 75' lang='grc' dir='ltr'>θανάτῳ</span> <span class='ocrx_word' id='word_1_238' title='bbox 1679 3143 1798 3192; x_wconf 86' lang='grc' dir='ltr'>ἐτε-</span> 
     </span>
    </p>
   </div>
   <div class='ocr_carea' id='block_1_35' title="bbox 225 3231 1797 3300">
    <p class='ocr_par' dir='ltr' id='par_1_35' title="bbox 225 3231 1797 3300">
     <span class='ocr_line' id='line_1_35' title="bbox 225 3231 1797 3300; baseline -0.003 -14"><span class='ocrx_word' id='word_1_239' title='bbox 225 3234 426 3296; x_wconf 84' lang='grc' dir='ltr'>λεύτα,</span> <span class='ocrx_word' id='word_1_240' title='bbox 475 3233 600 3293; x_wconf 77' lang='grc' dir='ltr'>τοὺς</span> <span class='ocrx_word' id='word_1_241' title='bbox 657 3232 712 3283; x_wconf 88' lang='grc' dir='ltr'><strong>δέ</strong></span> <span class='ocrx_word' id='word_1_242' title='bbox 769 3231 959 3294; x_wconf 78' lang='grc' dir='ltr'>ἄλλους</span> <span class='ocrx_word' id='word_1_243' title='bbox 1013 3231 1260 3300; x_wconf 83' lang='grc' dir='ltr'>Χοσρόης</span> <span class='ocrx_word' id='word_1_244' title='bbox 1315 3231 1492 3294; x_wconf 80' lang='grc' dir='ltr'>ξύλοις</span> <span class='ocrx_word' id='word_1_245' title='bbox 1538 3232 1797 3294; x_wconf 79' lang='grc' dir='ltr'>ἔκτεινεν,</span> 
     </span>
    </p>
   </div>
   <div class='ocr_carea' id='block_1_36' title="bbox 226 3323 1801 3395">
    <p class='ocr_par' dir='ltr' id='par_1_36' title="bbox 226 3323 1801 3395">
     <span class='ocr_line' id='line_1_36' title="bbox 226 3323 1801 3395; baseline -0.003 -15"><span class='ocrx_word' id='word_1_246' title='bbox 226 3326 555 3395; x_wconf 78' lang='grc' dir='ltr'>αἰσθόμενος</span> <span class='ocrx_word' id='word_1_247' title='bbox 613 3324 774 3377; x_wconf 80' lang='grc' dir='ltr'>αὑτὸν</span> <span class='ocrx_word' id='word_1_248' title='bbox 851 3323 1170 3393; x_wconf 81' lang='grc' dir='ltr'>Ἡράκλειον</span> <span class='ocrx_word' id='word_1_249' title='bbox 1220 3325 1302 3385; x_wconf 86' lang='grc' dir='ltr'>εἰς</span> <span class='ocrx_word' id='word_1_250' title='bbox 1374 3325 1466 3393; x_wconf 79' lang='grc' dir='ltr'>τὴν</span> <span class='ocrx_word' id='word_1_251' title='bbox 1527 3325 1801 3395; x_wconf 74' lang='grc' dir='ltr'>Περσικὴν</span> 
     </span>
    </p>
   </div>
   <div class='ocr_carea' id='block_1_37' title="bbox 228 3418 576 3471">
    <p class='ocr_par' dir='ltr' id='par_1_37' title="bbox 228 3418 576 3471">
     <span class='ocr_line' id='line_1_37' title="bbox 228 3418 576 3471; baseline -0.006 -1"><span class='ocrx_word' id='word_1_252' title='bbox 228 3418 576 3471; x_wconf 70' lang='grc' dir='ltr'>εἰσϐαλόντα.</span> 
     </span>
    </p>
   </div>
   <div class='ocr_carea' id='block_1_38' title="bbox 302 3587 1801 3661">
    <p class='ocr_par' dir='ltr' id='par_1_38' title="bbox 302 3587 1801 3661">
     <span class='ocr_line' id='line_1_38' title="bbox 302 3587 1801 3661; baseline -0.001 -15"><span class='ocrx_word' id='word_1_253' title='bbox 302 3593 484 3656; x_wconf 67' lang='grc' dir='ltr'>Εὐθὺς</span> <span class='ocrx_word' id='word_1_254' title='bbox 513 3587 604 3645; x_wconf 74' lang='grc' dir='ltr'><strong>οὖν</strong></span> <span class='ocrx_word' id='word_1_255' title='bbox 640 3591 864 3660; x_wconf 88' lang='grc' dir='ltr'>Σειρόης</span> <span class='ocrx_word' id='word_1_256' title='bbox 892 3590 1170 3654; x_wconf 79' lang='grc' dir='ltr'>ἐτελεύτα,</span> <span class='ocrx_word' id='word_1_257' title='bbox 1202 3592 1400 3660; x_wconf 77' lang='grc' dir='ltr'>κρατεῖ</span> <span class='ocrx_word' id='word_1_258' title='bbox 1441 3589 1495 3642; x_wconf 77' lang='grc' dir='ltr'><strong>δὲ</strong></span> <span class='ocrx_word' id='word_1_259' title='bbox 1525 3592 1623 3660; x_wconf 83' lang='grc' dir='ltr'>τῆς</span> <span class='ocrx_word' id='word_1_260' title='bbox 1651 3591 1801 3661; x_wconf 85' lang='grc' dir='ltr'>βασι-</span> 
     </span>
    </p>
   </div>
   <div class='ocr_carea' id='block_1_39' title="bbox 223 3681 1802 3752">
    <p class='ocr_par' dir='ltr' id='par_1_39' title="bbox 223 3681 1802 3752">
     <span class='ocr_line' id='line_1_39' title="bbox 223 3681 1802 3752; baseline -0.001 -16"><span class='ocrx_word' id='word_1_261' title='bbox 223 3683 388 3745; x_wconf 77' lang='grc' dir='ltr'>λείας</span> <span class='ocrx_word' id='word_1_262' title='bbox 421 3683 644 3752; x_wconf 81' lang='grc' dir='ltr'>Περσῶν</span> <span class='ocrx_word' id='word_1_263' title='bbox 666 3682 776 3750; x_wconf 80' lang='lat'><strong>(6‘2)</strong></span> <span class='ocrx_word' id='word_1_264' title='bbox 805 3681 1044 3750; x_wconf 79' lang='grc' dir='ltr'>Καὸόης,</span> <span class='ocrx_word' id='word_1_265' title='bbox 1100 3683 1248 3743; x_wconf 86' lang='grc' dir='ltr'>ὅστις</span> <span class='ocrx_word' id='word_1_266' title='bbox 1291 3683 1407 3750; x_wconf 85' lang='grc' dir='ltr'>μετ’</span> <span class='ocrx_word' id='word_1_267' title='bbox 1437 3683 1496 3732; x_wconf 82' lang='grc' dir='ltr'><strong>οὑ</strong></span> <span class='ocrx_word' id='word_1_268' title='bbox 1537 3683 1672 3734; x_wconf 88' lang='grc' dir='ltr'>πολὺ</span> <span class='ocrx_word' id='word_1_269' title='bbox 1719 3684 1802 3738; x_wconf 77' lang='grc' dir='ltr'>τέ-</span> 
     </span>
    </p>
   </div>
   <div class='ocr_carea' id='block_1_40' title="bbox 222 3771 1801 3843">
    <p class='ocr_par' dir='ltr' id='par_1_40' title="bbox 222 3771 1801 3843">
     <span class='ocr_line' id='line_1_40' title="bbox 222 3771 1801 3843; baseline 0.001 -18"><span class='ocrx_word' id='word_1_270' title='bbox 222 3776 426 3843; x_wconf 84' lang='grc' dir='ltr'>θνηκε.</span> <span class='ocrx_word' id='word_1_271' title='bbox 452 3773 586 3826; x_wconf 83' lang='grc' dir='ltr'>Μεθ’</span> <span class='ocrx_word' id='word_1_272' title='bbox 608 3771 668 3824; x_wconf 83' lang='grc' dir='ltr'>ὃν</span> <span class='ocrx_word' id='word_1_273' title='bbox 708 3771 981 3841; x_wconf 88' lang='grc' dir='ltr'>βασιλεύει</span> <span class='ocrx_word' id='word_1_274' title='bbox 1013 3771 1235 3841; x_wconf 84' lang='grc' dir='ltr'>Περσῶν</span> <span class='ocrx_word' id='word_1_275' title='bbox 1274 3772 1582 3841; x_wconf 76' lang='grc' dir='ltr'>Ὀρμίσδας,</span> <span class='ocrx_word' id='word_1_276' title='bbox 1618 3773 1675 3836; x_wconf 82' lang='grc' dir='ltr'>ὃς</span> <span class='ocrx_word' id='word_1_277' title='bbox 1708 3774 1801 3826; x_wconf 75' lang='grc' dir='ltr'><strong>καὶ</strong></span> 
     </span>
    </p>
   </div>
   <div class='ocr_carea' id='block_1_41' title="bbox 223 3859 1800 3931">
    <p class='ocr_par' dir='ltr' id='par_1_41' title="bbox 223 3859 1800 3931">
     <span class='ocr_line' id='line_1_41' title="bbox 223 3859 1800 3931; baseline -0.001 -16"><span class='ocrx_word' id='word_1_278' title='bbox 223 3863 398 3924; x_wconf 79' lang='grc' dir='ltr'>αὐτὸς</span> <span class='ocrx_word' id='word_1_279' title='bbox 423 3860 873 3931; x_wconf 78' lang='grc' dir='ltr'>διαπρεσϐεύεται</span> <span class='ocrx_word' id='word_1_280' title='bbox 903 3860 1039 3930; x_wconf 83' lang='grc' dir='ltr'>πρὸς</span> <span class='ocrx_word' id='word_1_281' title='bbox 1082 3859 1422 3930; x_wconf 80' lang='grc' dir='ltr'>Ἡράκλειον,</span> <span class='ocrx_word' id='word_1_282' title='bbox 1455 3862 1546 3913; x_wconf 89' lang='grc' dir='ltr'><strong>τόν</strong></span> <span class='ocrx_word' id='word_1_283' title='bbox 1574 3879 1630 3913; x_wconf 82' lang='grc' dir='ltr'><strong>τε</strong></span> <span class='ocrx_word' id='word_1_284' title='bbox 1671 3861 1800 3914; x_wconf 76' lang='grc' dir='ltr'>ἴδιον</span> 
     </span>
    </p>
   </div>
   <div class='ocr_carea' id='block_1_42' title="bbox 221 3950 1802 4022">
    <p class='ocr_par' dir='ltr' id='par_1_42' title="bbox 221 3950 1802 4022">
     <span class='ocr_line' id='line_1_42' title="bbox 221 3950 1802 4022; baseline -0.001 -16"><span class='ocrx_word' id='word_1_285' title='bbox 221 3955 352 4006; x_wconf 84' lang='grc' dir='ltr'>υἱὸν</span> <span class='ocrx_word' id='word_1_286' title='bbox 402 3953 497 4004; x_wconf 81' lang='grc' dir='ltr'><strong>σὺν</strong></span> <span class='ocrx_word' id='word_1_287' title='bbox 555 3953 802 4021; x_wconf 78' lang='grc' dir='ltr'>χρήμασι</span> <span class='ocrx_word' id='word_1_288' title='bbox 851 3952 945 4004; x_wconf 80' lang='grc' dir='ltr'>καὶ</span> <span class='ocrx_word' id='word_1_289' title='bbox 991 3950 1182 4021; x_wconf 84' lang='grc' dir='ltr'>δώροις</span> <span class='ocrx_word' id='word_1_290' title='bbox 1238 3951 1618 4022; x_wconf 83' lang='grc' dir='ltr'>πολυτιμήτοις</span> <span class='ocrx_word' id='word_1_291' title='bbox 1667 3953 1802 4022; x_wconf 87' lang='grc' dir='ltr'>πρὸς</span> 
     </span>
    </p>
   </div>
   <div class='ocr_carea' id='block_1_43' title="bbox 222 4039 1801 4113">
    <p class='ocr_par' dir='ltr' id='par_1_43' title="bbox 222 4039 1801 4113">
     <span class='ocr_line' id='line_1_43' title="bbox 222 4039 1801 4113; baseline -0.006 -16"><span class='ocrx_word' id='word_1_292' title='bbox 222 4042 401 4096; x_wconf 81' lang='grc' dir='ltr'>αὐτὸν</span> <span class='ocrx_word' id='word_1_293' title='bbox 452 4041 785 4092; x_wconf 83' lang='grc' dir='ltr'>ἀπέστειλεν.</span> <span class='ocrx_word' id='word_1_294' title='bbox 859 4039 1152 4109; x_wconf 84' lang='grc' dir='ltr'>Ἐσήμαινε</span> <span class='ocrx_word' id='word_1_295' title='bbox 1203 4041 1259 4093; x_wconf 81' lang='grc' dir='ltr'><strong>δὲ.</strong></span> <span class='ocrx_word' id='word_1_296' title='bbox 1316 4042 1405 4093; x_wconf 77' lang='grc' dir='ltr'><strong>διὰ</strong></span> <span class='ocrx_word' id='word_1_297' title='bbox 1456 4045 1801 4113; x_wconf 78' lang='grc' dir='ltr'>γραμμάτων</span> 
     </span>
    </p>
   </div>
   <div class='ocr_carea' id='block_1_44' title="bbox 220 4129 1799 4201">
    <p class='ocr_par' dir='ltr' id='par_1_44' title="bbox 220 4129 1799 4201">
     <span class='ocr_line' id='line_1_44' title="bbox 220 4129 1799 4201; baseline 0.001 -18"><span class='ocrx_word' id='word_1_298' title='bbox 220 4133 362 4186; x_wconf 72' lang='grc' dir='ltr'>τάδε</span> <span class='ocrx_word' id='word_1_299' title='bbox 393 4145 407 4159; x_wconf 76' lang='grc'><strong><em>⁸</em></strong></span> <span class='ocrx_word' id='word_1_300' title='bbox 449 4149 467 4181; x_wconf 73' lang='grc' dir='ltr'><strong>ι</strong></span> <span class='ocrx_word' id='word_1_301' title='bbox 507 4133 603 4184; x_wconf 89' lang='grc' dir='ltr'>Ὃν</span> <span class='ocrx_word' id='word_1_302' title='bbox 631 4131 830 4201; x_wconf 84' lang='grc' dir='ltr'>τρόπον</span> <span class='ocrx_word' id='word_1_303' title='bbox 873 4129 1058 4197; x_wconf 82' lang='grc' dir='ltr'>λέγετε</span> <span class='ocrx_word' id='word_1_304' title='bbox 1097 4131 1186 4182; x_wconf 89' lang='grc' dir='ltr'><strong>τὸν</strong></span> <span class='ocrx_word' id='word_1_305' title='bbox 1224 4131 1356 4184; x_wconf 83' lang='grc' dir='ltr'>Θεὸν</span> <span class='ocrx_word' id='word_1_306' title='bbox 1400 4133 1552 4201; x_wconf 83' lang='grc' dir='ltr'>ὑμῶν</span> <span class='ocrx_word' id='word_1_307' title='bbox 1581 4133 1799 4201; x_wconf 81' lang='grc' dir='ltr'>δοθῆναι</span> 
     </span>
    </p>
   </div>
   <div class='ocr_carea' id='block_1_45' title="bbox 221 4220 1798 4291">
    <p class='ocr_par' dir='ltr' id='par_1_45' title="bbox 221 4220 1798 4291">
     <span class='ocr_line' id='line_1_45' title="bbox 221 4220 1798 4291; baseline 0.003 -18"><span class='ocrx_word' id='word_1_308' title='bbox 221 4221 454 4290; x_wconf 79' lang='grc' dir='ltr'>γηραιῷ</span> <span class='ocrx_word' id='word_1_309' title='bbox 500 4237 604 4273; x_wconf 81' lang='grc' dir='ltr'>τινι</span> <span class='ocrx_word' id='word_1_310' title='bbox 654 4220 924 4290; x_wconf 76' lang='grc' dir='ltr'>ἀνθρώπῳ</span> <span class='ocrx_word' id='word_1_311' title='bbox 979 4220 1200 4290; x_wconf 85' lang='grc' dir='ltr'>Συμεὼν</span> <span class='ocrx_word' id='word_1_312' title='bbox 1252 4225 1331 4285; x_wconf 83' lang='grc' dir='ltr'><strong>εἰς</strong></span> <span class='ocrx_word' id='word_1_313' title='bbox 1381 4225 1478 4286; x_wconf 77' lang='grc' dir='ltr'><strong>τὰς</strong></span> <span class='ocrx_word' id='word_1_314' title='bbox 1533 4225 1798 4291; x_wconf 80' lang='grc' dir='ltr'>ἀγκάλας,</span> 
     </span>
    </p>
   </div>
   <div class='ocr_carea' id='block_1_46' title="bbox 221 4310 1800 4384">
    <p class='ocr_par' dir='ltr' id='par_1_46' title="bbox 221 4310 1800 4384">
     <span class='ocr_line' id='line_1_46' title="bbox 221 4310 1800 4384; baseline 0.002 -21"><span class='ocrx_word' id='word_1_315' title='bbox 221 4313 413 4373; x_wconf 69' lang='grc' dir='ltr'>οὕτως</span> <span class='ocrx_word' id='word_1_316' title='bbox 439 4313 535 4364; x_wconf 80' lang='grc' dir='ltr'>καὶ</span> <span class='ocrx_word' id='word_1_317' title='bbox 561 4313 652 4363; x_wconf 90' lang='grc' dir='ltr'><strong>τὸν</strong></span> <span class='ocrx_word' id='word_1_318' title='bbox 681 4310 866 4364; x_wconf 66' lang='grc' dir='ltr'>δοῦλόν</span> <span class='ocrx_word' id='word_1_319' title='bbox 895 4327 990 4363; x_wconf 90' lang='grc' dir='ltr'><strong>σου</strong></span> <span class='ocrx_word' id='word_1_320' title='bbox 1035 4312 1126 4363; x_wconf 84' lang='grc' dir='ltr'><strong>τὸν</strong></span> <span class='ocrx_word' id='word_1_321' title='bbox 1178 4313 1290 4364; x_wconf 77' lang='grc' dir='ltr'>υἱόν</span> <span class='ocrx_word' id='word_1_322' title='bbox 1339 4331 1443 4384; x_wconf 84' lang='grc' dir='ltr'><strong>μου</strong></span> <span class='ocrx_word' id='word_1_323' title='bbox 1482 4313 1673 4384; x_wconf 78' lang='grc' dir='ltr'>δίδωμι</span> <span class='ocrx_word' id='word_1_324' title='bbox 1720 4318 1800 4377; x_wconf 86' lang='grc' dir='ltr'>εἰς</span> 
     </span>
    </p>
   </div>
   <div class='ocr_carea' id='block_1_47' title="bbox 222 4401 1800 4476">
    <p class='ocr_par' dir='ltr' id='par_1_47' title="bbox 222 4401 1800 4476">
     <span class='ocr_line' id='line_1_47' title="bbox 222 4401 1800 4476; baseline 0.003 -22"><span class='ocrx_word' id='word_1_325' title='bbox 222 4403 331 4464; x_wconf 83' lang='grc' dir='ltr'>τὰς</span> <span class='ocrx_word' id='word_1_326' title='bbox 367 4402 556 4472; x_wconf 81' lang='grc' dir='ltr'>χεῖράς</span> <span class='ocrx_word' id='word_1_327' title='bbox 587 4419 701 4455; x_wconf 84' lang='grc' dir='ltr'>σου.</span> <span class='ocrx_word' id='word_1_328' title='bbox 730 4403 768 4454; x_wconf 89' lang='grc' dir='ltr'><strong>Γ</strong></span> <span class='ocrx_word' id='word_1_329' title='bbox 772 4402 887 4471; x_wconf 75' lang='grc' dir='ltr'>νοίη</span> <span class='ocrx_word' id='word_1_330' title='bbox 909 4402 967 4454; x_wconf 84' lang='grc' dir='ltr'><strong>δὲ</strong></span> <span class='ocrx_word' id='word_1_331' title='bbox 996 4401 1126 4465; x_wconf 86' lang='grc' dir='ltr'>Θεὸς</span> <span class='ocrx_word' id='word_1_332' title='bbox 1156 4403 1214 4456; x_wconf 84' lang='grc' dir='ltr'>ὃν</span> <span class='ocrx_word' id='word_1_333' title='bbox 1236 4404 1279 4435; x_wconf 74' lang='grc'>⁷³</span> <span class='ocrx_word' id='word_1_334' title='bbox 1307 4405 1519 4473; x_wconf 84' lang='grc' dir='ltr'>σεμνῶς</span> <span class='ocrx_word' id='word_1_335' title='bbox 1554 4409 1800 4476; x_wconf 83' lang='grc' dir='ltr'>ποιήσεις</span> 
     </span>
    </p>
   </div>
   <div class='ocr_carea' id='block_1_48' title="bbox 1896 597 3457 671">
    <p class='ocr_par' dir='ltr' id='par_1_48' title="bbox 1896 597 3457 671">
     <span class='ocr_line' id='line_1_48' title="bbox 1896 597 3457 671; baseline 0.003 -21"><span class='ocrx_word' id='word_1_336' title='bbox 1896 600 2111 666; x_wconf 86' lang='lat' dir='ltr'><strong>quidem</strong></span> <span class='ocrx_word' id='word_1_337' title='bbox 2137 614 2245 653; x_wconf 69' lang='lat' dir='ltr'><strong>suae</strong></span> <span class='ocrx_word' id='word_1_338' title='bbox 2278 614 2503 668; x_wconf 77' lang='lat' dir='ltr'><strong>parcere</strong></span> <span class='ocrx_word' id='word_1_339' title='bbox 2545 597 2662 670; x_wconf 69' lang='grc' dir='ltr'>[ειη.</span> <span class='ocrx_word' id='word_1_340' title='bbox 2693 598 2844 671; x_wconf 72' lang='lat'><strong>69.8],</strong></span> <span class='ocrx_word' id='word_1_341' title='bbox 2892 600 2958 652; x_wconf 87' lang='lat' dir='ltr'><strong>de</strong></span> <span class='ocrx_word' id='word_1_342' title='bbox 2991 599 3248 655; x_wconf 86' lang='lat' dir='ltr'><strong>Citosrois</strong></span> <span class='ocrx_word' id='word_1_343' title='bbox 3304 617 3457 664; x_wconf 87' lang='lat' dir='ltr'><strong>nece,</strong></span> 
     </span>
    </p>
   </div>
   <div class='ocr_carea' id='block_1_49' title="bbox 1894 688 3462 757">
    <p class='ocr_par' dir='ltr' id='par_1_49' title="bbox 1894 688 3462 757">
     <span class='ocr_line' id='line_1_49' title="bbox 1894 688 3462 757; baseline 0.003 -18"><span class='ocrx_word' id='word_1_344' title='bbox 1894 688 1984 754; x_wconf 84' lang='lat' dir='ltr'><strong>qui</strong></span> <span class='ocrx_word' id='word_1_345' title='bbox 2015 688 2299 757; x_wconf 86' lang='lat' dir='ltr'><strong>imperium</strong></span> <span class='ocrx_word' id='word_1_346' title='bbox 2331 704 2486 742; x_wconf 89' lang='lat' dir='ltr'><strong>suum</strong></span> <span class='ocrx_word' id='word_1_347' title='bbox 2532 689 2668 741; x_wconf 89' lang='lat' dir='ltr'><strong>adeo</strong></span> <span class='ocrx_word' id='word_1_348' title='bbox 2700 696 3095 753; x_wconf 88' lang='lat' dir='ltr'><strong>contemneret,</strong></span> <span class='ocrx_word' id='word_1_349' title='bbox 3140 703 3260 742; x_wconf 92' lang='lat' dir='ltr'><strong>cum</strong></span> <span class='ocrx_word' id='word_1_350' title='bbox 3301 688 3462 744; x_wconf 85' lang='lat' dir='ltr'><strong>Siroe</strong></span> 
     </span>
    </p>
   </div>
   <div class='ocr_carea' id='block_1_50' title="bbox 1893 777 3459 846">
    <p class='ocr_par' dir='ltr' id='par_1_50' title="bbox 1893 777 3459 846">
     <span class='ocr_line' id='line_1_50' title="bbox 1893 777 3459 846; baseline 0.001 -16"><span class='ocrx_word' id='word_1_351' title='bbox 1893 777 2008 846; x_wconf 83' lang='lat' dir='ltr'><strong>ejus</strong></span> <span class='ocrx_word' id='word_1_352' title='bbox 2041 779 2149 833; x_wconf 83' lang='lat' dir='ltr'><strong>ﬁlio</strong></span> <span class='ocrx_word' id='word_1_353' title='bbox 2190 779 2474 833; x_wconf 85' lang='lat' dir='ltr'><strong>consilium</strong></span> <span class='ocrx_word' id='word_1_354' title='bbox 2505 778 2758 846; x_wconf 89' lang='lat' dir='ltr'><strong>capiunt;</strong></span> <span class='ocrx_word' id='word_1_355' title='bbox 2809 793 2965 845; x_wconf 85' lang='lat' dir='ltr'><strong>quem</strong></span> <span class='ocrx_word' id='word_1_356' title='bbox 2999 779 3215 832; x_wconf 90' lang='lat' dir='ltr'><strong>demum</strong></span> <span class='ocrx_word' id='word_1_357' title='bbox 3253 778 3306 832; x_wconf 92' lang='lat' dir='ltr'><strong>in</strong></span> <span class='ocrx_word' id='word_1_358' title='bbox 3355 795 3459 833; x_wconf 85' lang='lat' dir='ltr'><strong>una</strong></span> 
     </span>
    </p>
   </div>
   <div class='ocr_carea' id='block_1_51' title="bbox 1894 868 3458 936">
    <p class='ocr_par' dir='ltr' id='par_1_51' title="bbox 1894 868 3458 936">
     <span class='ocr_line' id='line_1_51' title="bbox 1894 868 3458 936; baseline 0.001 -16"><span class='ocrx_word' id='word_1_359' title='bbox 1894 882 1959 920; x_wconf 81' lang='lat' dir='ltr'><strong>ex</strong></span> <span class='ocrx_word' id='word_1_360' title='bbox 1991 868 2156 936; x_wconf 82' lang='lat' dir='ltr'><strong>regiis</strong></span> <span class='ocrx_word' id='word_1_361' title='bbox 2174 868 2380 923; x_wconf 74' lang='lat' dir='ltr'><strong>:I&#39;diblls</strong></span> <span class='ocrx_word' id='word_1_362' title='bbox 2403 868 2752 932; x_wconf 81' lang='lat' dir='ltr'><strong>concludunt,</strong></span> <span class='ocrx_word' id='word_1_363' title='bbox 2779 877 2830 922; x_wconf 92' lang='lat' dir='ltr'><strong>et</strong></span> <span class='ocrx_word' id='word_1_364' title='bbox 2853 868 2972 921; x_wconf 88' lang='lat' dir='ltr'><strong>cibo</strong></span> <span class='ocrx_word' id='word_1_365' title='bbox 2994 870 3139 922; x_wconf 90' lang='lat' dir='ltr'><strong>onmi</strong></span> <span class='ocrx_word' id='word_1_366' title='bbox 3158 869 3458 931; x_wconf 84' lang='lat' dir='ltr'><strong>subtracto,</strong></span> 
     </span>
    </p>
   </div>
   <div class='ocr_carea' id='block_1_52' title="bbox 1896 957 3458 1027">
    <p class='ocr_par' dir='ltr' id='par_1_52' title="bbox 1896 957 3458 1027">
     <span class='ocr_line' id='line_1_52' title="bbox 1896 957 3458 1027; baseline -0.001 -15"><span class='ocrx_word' id='word_1_367' title='bbox 1896 958 2010 1012; x_wconf 84' lang='lat' dir='ltr'><strong>auri</strong></span> <span class='ocrx_word' id='word_1_368' title='bbox 2035 968 2088 1012; x_wconf 90' lang='lat' dir='ltr'><strong>et</strong></span> <span class='ocrx_word' id='word_1_369' title='bbox 2121 960 2330 1027; x_wconf 87' lang='lat' dir='ltr'><strong>argenti</strong></span> <span class='ocrx_word' id='word_1_370' title='bbox 2363 972 2427 1012; x_wconf 86' lang='lat' dir='ltr'><strong>ac</strong></span> <span class='ocrx_word' id='word_1_371' title='bbox 2464 957 2768 1026; x_wconf 88' lang='lat' dir='ltr'><strong>lapillorum</strong></span> <span class='ocrx_word' id='word_1_372' title='bbox 2813 958 2920 1010; x_wconf 85' lang='lat' dir='ltr'><strong>vim</strong></span> <span class='ocrx_word' id='word_1_373' title='bbox 2960 958 3245 1010; x_wconf 80' lang='lat' dir='ltr'><strong>maximam</strong></span> <span class='ocrx_word' id='word_1_374' title='bbox 3273 972 3458 1012; x_wconf 85' lang='lat' dir='ltr'><strong>coram</strong></span> 
     </span>
    </p>
   </div>
   <div class='ocr_carea' id='block_1_53' title="bbox 1895 1049 3461 1119">
    <p class='ocr_par' dir='ltr' id='par_1_53' title="bbox 1895 1049 3461 1119">
     <span class='ocr_line' id='line_1_53' title="bbox 1895 1049 3461 1119; baseline -0.001 -14"><span class='ocrx_word' id='word_1_375' title='bbox 1895 1067 1960 1105; x_wconf 87' lang='lat' dir='ltr'><strong>eo</strong></span> <span class='ocrx_word' id='word_1_376' title='bbox 1986 1062 2310 1119; x_wconf 87' lang='lat' dir='ltr'><strong>proponunt,</strong></span> <span class='ocrx_word' id='word_1_377' title='bbox 2337 1059 2500 1118; x_wconf 88' lang='lat' dir='ltr'><strong>atque</strong></span> <span class='ocrx_word' id='word_1_378' title='bbox 2522 1050 2588 1103; x_wconf 91' lang='lat' dir='ltr'><strong>iis</strong></span> <span class='ocrx_word' id='word_1_379' title='bbox 2617 1050 3117 1104; x_wconf 88' lang='lat' dir='ltr'><strong>vocibusinsultant</strong></span> <span class='ocrx_word' id='word_1_380' title='bbox 3162 1067 3176 1103; x_wconf 89' lang='lat'><strong>:</strong></span> <span class='ocrx_word' id='word_1_381' title='bbox 3207 1067 3227 1100; x_wconf 72' lang='grc' dir='ltr'><strong>ι</strong></span> <span class='ocrx_word' id='word_1_382' title='bbox 3260 1049 3461 1104; x_wconf 85' lang='lat' dir='ltr'><strong>Fruere</strong></span> 
     </span>
    </p>
   </div>
   <div class='ocr_carea' id='block_1_54' title="bbox 1897 1137 3464 1210">
    <p class='ocr_par' dir='ltr' id='par_1_54' title="bbox 1897 1137 3464 1210">
     <span class='ocr_line' id='line_1_54' title="bbox 1897 1137 3464 1210; baseline -0.001 -18"><span class='ocrx_word' id='word_1_383' title='bbox 1897 1140 1966 1193; x_wconf 87' lang='lat' dir='ltr'><strong>iis</strong></span> <span class='ocrx_word' id='word_1_384' title='bbox 1995 1142 2246 1210; x_wconf 82' lang='lat' dir='ltr'><strong>agedum,</strong></span> <span class='ocrx_word' id='word_1_385' title='bbox 2274 1154 2505 1208; x_wconf 89' lang='lat' dir='ltr'><strong>quorum</strong></span> <span class='ocrx_word' id='word_1_386' title='bbox 2536 1139 2726 1191; x_wconf 85' lang='lat' dir='ltr'><strong>insana</strong></span> <span class='ocrx_word' id='word_1_387' title='bbox 2753 1139 3005 1207; x_wconf 87' lang='lat' dir='ltr'><strong>cupidine</strong></span> <span class='ocrx_word' id='word_1_388' title='bbox 3030 1137 3293 1207; x_wconf 83' lang='lat' dir='ltr'><strong>ﬂagrasti,</strong></span> <span class='ocrx_word' id='word_1_389' title='bbox 3316 1153 3464 1208; x_wconf 67' lang='lat' dir='ltr'><strong>qua:-</strong></span> 
     </span>
    </p>
   </div>
   <div class='ocr_carea' id='block_1_55' title="bbox 1897 1231 3464 1301">
    <p class='ocr_par' dir='ltr' id='par_1_55' title="bbox 1897 1231 3464 1301">
     <span class='ocr_line' id='line_1_55' title="bbox 1897 1231 3464 1301; baseline 0.001 -17"><span class='ocrx_word' id='word_1_390' title='bbox 1897 1248 2002 1301; x_wconf 86' lang='lat' dir='ltr'><strong>que</strong></span> <span class='ocrx_word' id='word_1_391' title='bbox 2036 1233 2227 1287; x_wconf 88' lang='lat' dir='ltr'><strong>amasti</strong></span> <span class='ocrx_word' id='word_1_392' title='bbox 2274 1242 2552 1299; x_wconf 86' lang='lat' dir='ltr'><strong>tantopere</strong></span> <span class='ocrx_word' id='word_1_393' title='bbox 2598 1242 2762 1300; x_wconf 88' lang='lat' dir='ltr'><strong>atque</strong></span> <span class='ocrx_word' id='word_1_394' title='bbox 2812 1232 3100 1300; x_wconf 78' lang='lat' dir='ltr'><strong>collegiSti.</strong></span> <span class='ocrx_word' id='word_1_395' title='bbox 3143 1252 3162 1284; x_wconf 72' lang='grc' dir='ltr'><strong>ι</strong></span> <span class='ocrx_word' id='word_1_396' title='bbox 3204 1233 3284 1288; x_wconf 88' lang='lat' dir='ltr'><strong>lta</strong></span> <span class='ocrx_word' id='word_1_397' title='bbox 3323 1231 3464 1285; x_wconf 80' lang='lat' dir='ltr'><strong>fame</strong></span> 
     </span>
    </p>
   </div>
   <div class='ocr_carea' id='block_1_56' title="bbox 1897 1323 3464 1394">
    <p class='ocr_par' dir='ltr' id='par_1_56' title="bbox 1897 1323 3464 1394">
     <span class='ocr_line' id='line_1_56' title="bbox 1897 1323 3464 1394; baseline -0.001 -15"><span class='ocrx_word' id='word_1_398' title='bbox 1897 1337 2146 1380; x_wconf 86' lang='lat' dir='ltr'><strong>enectum</strong></span> <span class='ocrx_word' id='word_1_399' title='bbox 2194 1336 2475 1394; x_wconf 88' lang='lat' dir='ltr'><strong>postremo</strong></span> <span class='ocrx_word' id='word_1_400' title='bbox 2517 1327 2781 1379; x_wconf 89' lang='lat' dir='ltr'><strong>irruentes</strong></span> <span class='ocrx_word' id='word_1_401' title='bbox 2816 1324 3177 1380; x_wconf 78' lang='lat' dir='ltr'><strong>interﬁciunt.</strong></span> <span class='ocrx_word' id='word_1_402' title='bbox 3211 1326 3345 1378; x_wconf 86' lang='lat' dir='ltr'><strong>Tum</strong></span> <span class='ocrx_word' id='word_1_403' title='bbox 3380 1323 3464 1378; x_wconf 90' lang='lat' dir='ltr'><strong>Si-</strong></span> 
     </span>
    </p>
   </div>
   <div class='ocr_carea' id='block_1_57' title="bbox 1899 1416 3461 1486">
    <p class='ocr_par' dir='ltr' id='par_1_57' title="bbox 1899 1416 3461 1486">
     <span class='ocr_line' id='line_1_57' title="bbox 1899 1416 3461 1486; baseline -0.001 -15"><span class='ocrx_word' id='word_1_404' title='bbox 1899 1433 2026 1471; x_wconf 86' lang='lat' dir='ltr'><strong>roen</strong></span> <span class='ocrx_word' id='word_1_405' title='bbox 2051 1420 2167 1486; x_wconf 90' lang='lat' dir='ltr'><strong>ejus</strong></span> <span class='ocrx_word' id='word_1_406' title='bbox 2214 1418 2333 1471; x_wconf 82' lang='lat' dir='ltr'><strong>loco</strong></span> <span class='ocrx_word' id='word_1_407' title='bbox 2384 1417 2672 1471; x_wconf 91' lang='lat' dir='ltr'><strong>Persarunt</strong></span> <span class='ocrx_word' id='word_1_408' title='bbox 2728 1432 2908 1486; x_wconf 82' lang='lat' dir='ltr'><strong>regem</strong></span> <span class='ocrx_word' id='word_1_409' title='bbox 2941 1419 3318 1486; x_wconf 86' lang='lat' dir='ltr'><strong>pronuntiant.</strong></span> <span class='ocrx_word' id='word_1_410' title='bbox 3361 1416 3461 1481; x_wconf 82' lang='lat' dir='ltr'><strong>Qui</strong></span> 
     </span>
    </p>
   </div>
   <div class='ocr_carea' id='block_1_58' title="bbox 1903 1508 3461 1576">
    <p class='ocr_par' dir='ltr' id='par_1_58' title="bbox 1903 1508 3461 1576">
     <span class='ocr_line' id='line_1_58' title="bbox 1903 1508 3461 1576; baseline -0.002 -14"><span class='ocrx_word' id='word_1_411' title='bbox 1903 1509 2087 1562; x_wconf 82' lang='lat' dir='ltr'><strong>statim</strong></span> <span class='ocrx_word' id='word_1_412' title='bbox 2120 1508 2310 1576; x_wconf 79' lang='lat' dir='ltr'><strong>legatis</strong></span> <span class='ocrx_word' id='word_1_413' title='bbox 2333 1509 2397 1561; x_wconf 91' lang='lat' dir='ltr'><strong>ad</strong></span> <span class='ocrx_word' id='word_1_414' title='bbox 2427 1508 2729 1563; x_wconf 88' lang='lat' dir='ltr'><strong>lleraclium</strong></span> <span class='ocrx_word' id='word_1_415' title='bbox 2767 1509 2948 1562; x_wconf 87' lang='lat' dir='ltr'><strong>missis</strong></span> <span class='ocrx_word' id='word_1_416' title='bbox 2993 1523 3215 1563; x_wconf 90' lang='lat' dir='ltr'><strong>munera</strong></span> <span class='ocrx_word' id='word_1_417' title='bbox 3244 1509 3311 1563; x_wconf 88' lang='lat' dir='ltr'><strong>ad</strong></span> <span class='ocrx_word' id='word_1_418' title='bbox 3338 1523 3461 1562; x_wconf 90' lang='lat' dir='ltr'><strong>eum</strong></span> 
     </span>
    </p>
   </div>
   <div class='ocr_carea' id='block_1_59' title="bbox 1899 1597 3456 1667">
    <p class='ocr_par' dir='ltr' id='par_1_59' title="bbox 1899 1597 3456 1667">
     <span class='ocr_line' id='line_1_59' title="bbox 1899 1597 3456 1667; baseline 0.001 -17"><span class='ocrx_word' id='word_1_419' title='bbox 1899 1598 2216 1667; x_wconf 87' lang='lat' dir='ltr'><strong>placandum</strong></span> <span class='ocrx_word' id='word_1_420' title='bbox 2249 1599 2463 1653; x_wconf 85' lang='lat' dir='ltr'><strong>obtulit.</strong></span> <span class='ocrx_word' id='word_1_421' title='bbox 2497 1597 2717 1650; x_wconf 82' lang='lat' dir='ltr'><strong>Addidit</strong></span> <span class='ocrx_word' id='word_1_422' title='bbox 2742 1598 2963 1666; x_wconf 86' lang='lat' dir='ltr'><strong>insuper</strong></span> <span class='ocrx_word' id='word_1_423' title='bbox 2995 1597 3225 1660; x_wconf 90' lang='lat' dir='ltr'><strong>litteras,</strong></span> <span class='ocrx_word' id='word_1_424' title='bbox 3257 1598 3456 1666; x_wconf 79' lang='lat' dir='ltr'><strong>quibus</strong></span> 
     </span>
    </p>
   </div>
   <div class='ocr_carea' id='block_1_60' title="bbox 1900 1688 3463 1759">
    <p class='ocr_par' dir='ltr' id='par_1_60' title="bbox 1900 1688 3463 1759">
     <span class='ocr_line' id='line_1_60' title="bbox 1900 1688 3463 1759; baseline -0.001 -16"><span class='ocrx_word' id='word_1_425' title='bbox 1900 1688 2220 1743; x_wconf 78' lang='lat' dir='ltr'><strong>hortabatur</strong></span> <span class='ocrx_word' id='word_1_426' title='bbox 2254 1699 2310 1742; x_wconf 90' lang='lat' dir='ltr'><strong>ut</strong></span> <span class='ocrx_word' id='word_1_427' title='bbox 2341 1689 2500 1742; x_wconf 86' lang='lat' dir='ltr'><strong>ambo</strong></span> <span class='ocrx_word' id='word_1_428' title='bbox 2546 1688 2773 1742; x_wconf 81' lang='lat' dir='ltr'><strong>invicem</strong></span> <span class='ocrx_word' id='word_1_429' title='bbox 2809 1690 3034 1757; x_wconf 91' lang='lat' dir='ltr'><strong>imperia</strong></span> <span class='ocrx_word' id='word_1_430' title='bbox 3066 1688 3463 1759; x_wconf 82' lang='lat' dir='ltr'><strong>cOnjungerent</strong></span> 
     </span>
    </p>
   </div>
   <div class='ocr_carea' id='block_1_61' title="bbox 1902 1781 3463 1849">
    <p class='ocr_par' dir='ltr' id='par_1_61' title="bbox 1902 1781 3463 1849">
     <span class='ocr_line' id='line_1_61' title="bbox 1902 1781 3463 1849; baseline 0.001 -15"><span class='ocrx_word' id='word_1_431' title='bbox 1902 1791 1954 1834; x_wconf 85' lang='lat' dir='ltr'><strong>et</strong></span> <span class='ocrx_word' id='word_1_432' title='bbox 1976 1796 2229 1835; x_wconf 89' lang='lat' dir='ltr'><strong>concessa</strong></span> <span class='ocrx_word' id='word_1_433' title='bbox 2250 1795 2278 1832; x_wconf 90' lang='lat' dir='ltr'><strong>a</strong></span> <span class='ocrx_word' id='word_1_434' title='bbox 2309 1781 2415 1834; x_wconf 90' lang='lat' dir='ltr'><strong>Deo</strong></span> <span class='ocrx_word' id='word_1_435' title='bbox 2435 1795 2566 1848; x_wconf 88' lang='lat' dir='ltr'><strong>pace</strong></span> <span class='ocrx_word' id='word_1_436' title='bbox 2595 1781 2925 1843; x_wconf 81' lang='lat' dir='ltr'><strong>fruerentur,</strong></span> <span class='ocrx_word' id='word_1_437' title='bbox 2945 1795 3007 1834; x_wconf 89' lang='lat' dir='ltr'><strong>ea</strong></span> <span class='ocrx_word' id='word_1_438' title='bbox 3034 1781 3150 1849; x_wconf 80' lang='lat' dir='ltr'><strong>lege</strong></span> <span class='ocrx_word' id='word_1_439' title='bbox 3173 1790 3228 1834; x_wconf 92' lang='lat' dir='ltr'><strong>ut</strong></span> <span class='ocrx_word' id='word_1_440' title='bbox 3253 1791 3463 1835; x_wconf 81' lang='lat' dir='ltr'><strong>utrum-</strong></span> 
     </span>
    </p>
   </div>
   <div class='ocr_carea' id='block_1_62' title="bbox 1900 1872 3464 1939">
    <p class='ocr_par' dir='ltr' id='par_1_62' title="bbox 1900 1872 3464 1939">
     <span class='ocr_line' id='line_1_62' title="bbox 1900 1872 3464 1939; baseline 0.003 -16"><span class='ocrx_word' id='word_1_441' title='bbox 1900 1887 2003 1939; x_wconf 90' lang='lat' dir='ltr'><strong>que</strong></span> <span class='ocrx_word' id='word_1_442' title='bbox 2033 1872 2145 1924; x_wconf 84' lang='lat' dir='ltr'><strong>suis</strong></span> <span class='ocrx_word' id='word_1_443' title='bbox 2168 1887 2226 1924; x_wconf 92' lang='lat' dir='ltr'><strong>se</strong></span> <span class='ocrx_word' id='word_1_444' title='bbox 2261 1872 2456 1927; x_wconf 78' lang='lat' dir='ltr'><strong>intibus</strong></span> <span class='ocrx_word' id='word_1_445' title='bbox 2485 1875 2805 1927; x_wconf 86' lang='lat' dir='ltr'><strong>contineret.</strong></span> <span class='ocrx_word' id='word_1_446' title='bbox 2839 1874 2920 1926; x_wconf 84' lang='lat' dir='ltr'><strong>Ad</strong></span> <span class='ocrx_word' id='word_1_447' title='bbox 2944 1875 3057 1928; x_wconf 67' lang='lat' dir='ltr'><strong>ham</strong></span> <span class='ocrx_word' id='word_1_448' title='bbox 3083 1872 3364 1928; x_wconf 88' lang='lat' dir='ltr'><strong>lleraclius</strong></span> <span class='ocrx_word' id='word_1_449' title='bbox 3385 1888 3464 1928; x_wconf 87' lang='lat' dir='ltr'><strong>re-</strong></span> 
     </span>
    </p>
   </div>
   <div class='ocr_carea' id='block_1_63' title="bbox 1913 1963 3460 2034">
    <p class='ocr_par' dir='ltr' id='par_1_63' title="bbox 1913 1963 3460 2034">
     <span class='ocr_line' id='line_1_63' title="bbox 1913 1963 3460 2034; baseline 0.001 -17"><span class='ocrx_word' id='word_1_450' title='bbox 1913 1963 2123 2024; x_wconf 84' lang='lat' dir='ltr'><strong>scribit,</strong></span> <span class='ocrx_word' id='word_1_451' title='bbox 2155 1963 2258 2033; x_wconf 77' lang='lat'><strong>23</strong></span> <span class='ocrx_word' id='word_1_452' title='bbox 2289 1964 2454 2018; x_wconf 80' lang='lat' dir='ltr'><strong>lilium</strong></span> <span class='ocrx_word' id='word_1_453' title='bbox 2478 1965 2756 2033; x_wconf 82' lang='lat' dir='ltr'><strong>appellans</strong></span> <span class='ocrx_word' id='word_1_454' title='bbox 2777 1965 2990 2028; x_wconf 90' lang='lat' dir='ltr'><strong>Siroen,</strong></span> <span class='ocrx_word' id='word_1_455' title='bbox 3012 1966 3211 2019; x_wconf 91' lang='lat' dir='ltr'><strong>nullise</strong></span> <span class='ocrx_word' id='word_1_456' title='bbox 3227 1981 3460 2034; x_wconf 84' lang='lat' dir='ltr'><strong>unquam</strong></span> 
     </span>
    </p>
   </div>
   <div class='ocr_carea' id='block_1_64' title="bbox 1902 2051 3462 2124">
    <p class='ocr_par' dir='ltr' id='par_1_64' title="bbox 1902 2051 3462 2124">
     <span class='ocr_line' id='line_1_64' title="bbox 1902 2051 3462 2124; baseline 0.005 -24"><span class='ocrx_word' id='word_1_457' title='bbox 1902 2051 2133 2119; x_wconf 87' lang='lat' dir='ltr'><strong>principi</strong></span> <span class='ocrx_word' id='word_1_458' title='bbox 2165 2053 2450 2121; x_wconf 89' lang='lat' dir='ltr'><strong>imperium</strong></span> <span class='ocrx_word' id='word_1_459' title='bbox 2480 2054 2691 2122; x_wconf 89' lang='lat' dir='ltr'><strong>eripere</strong></span> <span class='ocrx_word' id='word_1_460' title='bbox 2717 2053 2946 2108; x_wconf 90' lang='lat' dir='ltr'><strong>voluisse</strong></span> <span class='ocrx_word' id='word_1_461' title='bbox 2996 2070 3169 2124; x_wconf 76' lang='lat' dir='ltr'><strong>neque</strong></span> <span class='ocrx_word' id='word_1_462' title='bbox 3197 2055 3299 2121; x_wconf 86' lang='lat' dir='ltr'><strong>ipsi</strong></span> <span class='ocrx_word' id='word_1_463' title='bbox 3328 2057 3462 2108; x_wconf 89' lang='lat' dir='ltr'><strong>adeo</strong></span> 
     </span>
    </p>
   </div>
   <div class='ocr_carea' id='block_1_65' title="bbox 1899 2139 3462 2214">
    <p class='ocr_par' dir='ltr' id='par_1_65' title="bbox 1899 2139 3462 2214">
     <span class='ocr_line' id='line_1_65' title="bbox 1899 2139 3462 2214; baseline 0.003 -20"><span class='ocrx_word' id='word_1_464' title='bbox 1899 2139 2146 2197; x_wconf 86' lang='lat' dir='ltr'><strong>Cltosroi.</strong></span> <span class='ocrx_word' id='word_1_465' title='bbox 2200 2161 2218 2193; x_wconf 81' lang='grc' dir='ltr'><strong>ι</strong></span> <span class='ocrx_word' id='word_1_466' title='bbox 2280 2142 2381 2208; x_wconf 83' lang='lat' dir='ltr'><strong>Qui</strong></span> <span class='ocrx_word' id='word_1_467' title='bbox 2439 2145 2652 2197; x_wconf 87' lang='lat' dir='ltr'><strong>tametsi</strong></span> <span class='ocrx_word' id='word_1_468' title='bbox 2703 2145 3105 2214; x_wconf 88' lang='lat' dir='ltr'><strong>quamplurima</strong></span> <span class='ocrx_word' id='word_1_469' title='bbox 3160 2147 3210 2199; x_wconf 88' lang='lat' dir='ltr'><strong>in</strong></span> <span class='ocrx_word' id='word_1_470' title='bbox 3269 2146 3462 2201; x_wconf 83' lang='lat' dir='ltr'><strong>Pet-sas</strong></span> 
     </span>
    </p>
   </div>
   <div class='ocr_carea' id='block_1_66' title="bbox 1900 2233 3463 2300">
    <p class='ocr_par' dir='ltr' id='par_1_66' title="bbox 1900 2233 3463 2300">
     <span class='ocr_line' id='line_1_66' title="bbox 1900 2233 3463 2300; baseline 0.003 -17"><span class='ocrx_word' id='word_1_471' title='bbox 1900 2245 2051 2298; x_wconf 68' lang='lat' dir='ltr'><strong>aeque</strong></span> <span class='ocrx_word' id='word_1_472' title='bbox 2077 2246 2141 2285; x_wconf 88' lang='lat' dir='ltr'><strong>ac</strong></span> <span class='ocrx_word' id='word_1_473' title='bbox 2186 2233 2458 2287; x_wconf 75' lang='lat' dir='ltr'><strong>Romanos</strong></span> <span class='ocrx_word' id='word_1_474' title='bbox 2513 2235 2775 2288; x_wconf 85' lang='lat' dir='ltr'><strong>scelerate</strong></span> <span class='ocrx_word' id='word_1_475' title='bbox 2823 2237 3178 2300; x_wconf 90' lang='lat' dir='ltr'><strong>commiserit,</strong></span> <span class='ocrx_word' id='word_1_476' title='bbox 3232 2236 3463 2290; x_wconf 88' lang='lat' dir='ltr'><strong>libenter</strong></span> 
     </span>
    </p>
   </div>
   <div class='ocr_carea' id='block_1_67' title="bbox 1905 2321 3460 2395">
    <p class='ocr_par' dir='ltr' id='par_1_67' title="bbox 1905 2321 3460 2395">
     <span class='ocr_line' id='line_1_67' title="bbox 1905 2321 3460 2395; baseline 0.006 -24"><span class='ocrx_word' id='word_1_477' title='bbox 1905 2321 2278 2385; x_wconf 86' lang='lat' dir='ltr'><strong>nihilominus,</strong></span> <span class='ocrx_word' id='word_1_478' title='bbox 2299 2323 2497 2384; x_wconf 84' lang='lat' dir='ltr'><strong>aiebat,</strong></span> <span class='ocrx_word' id='word_1_479' title='bbox 2514 2325 2772 2393; x_wconf 85' lang='lat' dir='ltr'><strong>sospitem</strong></span> <span class='ocrx_word' id='word_1_480' title='bbox 2793 2339 2914 2378; x_wconf 90' lang='lat' dir='ltr'><strong>eum</strong></span> <span class='ocrx_word' id='word_1_481' title='bbox 2930 2336 3093 2395; x_wconf 85' lang='lat' dir='ltr'><strong>atque</strong></span> <span class='ocrx_word' id='word_1_482' title='bbox 3109 2327 3460 2391; x_wconf 82' lang='lat' dir='ltr'><strong>incolumem,</strong></span> 
     </span>
    </p>
   </div>
   <div class='ocr_carea' id='block_1_68' title="bbox 1902 2410 3459 2485">
    <p class='ocr_par' dir='ltr' id='par_1_68' title="bbox 1902 2410 3459 2485">
     <span class='ocr_line' id='line_1_68' title="bbox 1902 2410 3459 2485; baseline 0.007 -24"><span class='ocrx_word' id='word_1_483' title='bbox 1902 2410 2027 2463; x_wconf 88' lang='lat' dir='ltr'><strong>licet</strong></span> <span class='ocrx_word' id='word_1_484' title='bbox 2044 2411 2096 2464; x_wconf 93' lang='lat' dir='ltr'><strong>in</strong></span> <span class='ocrx_word' id='word_1_485' title='bbox 2125 2421 2392 2480; x_wconf 89' lang='lat' dir='ltr'><strong>potestate</strong></span> <span class='ocrx_word' id='word_1_486' title='bbox 2411 2413 2690 2476; x_wconf 89' lang='lat' dir='ltr'><strong>haberem,</strong></span> <span class='ocrx_word' id='word_1_487' title='bbox 2716 2418 2940 2485; x_wconf 87' lang='lat' dir='ltr'><strong>imperio</strong></span> <span class='ocrx_word' id='word_1_488' title='bbox 2962 2433 3058 2471; x_wconf 85' lang='lat' dir='ltr'><strong>suo</strong></span> <span class='ocrx_word' id='word_1_489' title='bbox 3080 2419 3459 2473; x_wconf 87' lang='lat' dir='ltr'><strong>restituisseut.</strong></span> 
     </span>
    </p>
   </div>
   <div class='ocr_carea' id='block_1_69' title="bbox 1903 2500 3463 2578">
    <p class='ocr_par' dir='ltr' id='par_1_69' title="bbox 1903 2500 3463 2578">
     <span class='ocr_line' id='line_1_69' title="bbox 1903 2500 3463 2578; baseline 0.008 -26"><span class='ocrx_word' id='word_1_490' title='bbox 1903 2500 2008 2554; x_wconf 84' lang='lat' dir='ltr'><strong>Sed</strong></span> <span class='ocrx_word' id='word_1_491' title='bbox 2059 2500 2222 2565; x_wconf 88' lang='lat' dir='ltr'><strong>Dens,</strong></span> <span class='ocrx_word' id='word_1_492' title='bbox 2266 2503 2356 2572; x_wconf 87' lang='lat' dir='ltr'><strong>qui</strong></span> <span class='ocrx_word' id='word_1_493' title='bbox 2388 2503 2528 2557; x_wconf 90' lang='lat' dir='ltr'><strong>illius</strong></span> <span class='ocrx_word' id='word_1_494' title='bbox 2568 2505 2790 2559; x_wconf 87' lang='lat' dir='ltr'><strong>consilia</strong></span> <span class='ocrx_word' id='word_1_495' title='bbox 2832 2518 3114 2576; x_wconf 84' lang='lat' dir='ltr'><strong>cognorat,</strong></span> <span class='ocrx_word' id='word_1_496' title='bbox 3167 2510 3357 2578; x_wconf 83' lang='lat' dir='ltr'><strong>dignas</strong></span> <span class='ocrx_word' id='word_1_497' title='bbox 3409 2511 3463 2565; x_wconf 87' lang='lat' dir='ltr'><strong>in</strong></span> 
     </span>
    </p>
   </div>
   <div class='ocr_carea' id='block_1_70' title="bbox 1900 2595 3464 2669">
    <p class='ocr_par' dir='ltr' id='par_1_70' title="bbox 1900 2595 3464 2669">
     <span class='ocr_line' id='line_1_70' title="bbox 1900 2595 3464 2669; baseline 0.006 -25"><span class='ocrx_word' id='word_1_498' title='bbox 1900 2607 2020 2644; x_wconf 89' lang='lat' dir='ltr'><strong>eum</strong></span> <span class='ocrx_word' id='word_1_499' title='bbox 2049 2606 2238 2660; x_wconf 78' lang='lat' dir='ltr'><strong>ptenas</strong></span> <span class='ocrx_word' id='word_1_500' title='bbox 2269 2595 2574 2658; x_wconf 85' lang='lat' dir='ltr'><strong>constituit,</strong></span> <span class='ocrx_word' id='word_1_501' title='bbox 2617 2613 2683 2651; x_wconf 93' lang='lat' dir='ltr'><strong>ne</strong></span> <span class='ocrx_word' id='word_1_502' title='bbox 2709 2599 2776 2652; x_wconf 85' lang='lat' dir='ltr'><strong>ab</strong></span> <span class='ocrx_word' id='word_1_503' title='bbox 2803 2614 2868 2653; x_wconf 92' lang='lat' dir='ltr'><strong>eo</strong></span> <span class='ocrx_word' id='word_1_504' title='bbox 2914 2600 3130 2669; x_wconf 85' lang='lat' dir='ltr'><strong>plurimi</strong></span> <span class='ocrx_word' id='word_1_505' title='bbox 3163 2603 3276 2657; x_wconf 88' lang='lat' dir='ltr'><strong>suis</strong></span> <span class='ocrx_word' id='word_1_506' title='bbox 3304 2603 3464 2658; x_wconf 73' lang='lat' dir='ltr'><strong>rebus</strong></span> 
     </span>
    </p>
   </div>
   <div class='ocr_carea' id='block_1_71' title="bbox 1901 2687 3462 2759">
    <p class='ocr_par' dir='ltr' id='par_1_71' title="bbox 1901 2687 3462 2759">
     <span class='ocr_line' id='line_1_71' title="bbox 1901 2687 3462 2759; baseline 0.006 -22"><span class='ocrx_word' id='word_1_507' title='bbox 1901 2695 2314 2749; x_wconf 85' lang='lat' dir='ltr'><strong>everterentur;</strong></span> <span class='ocrx_word' id='word_1_508' title='bbox 2349 2687 2598 2755; x_wconf 85' lang='lat' dir='ltr'><strong>idemque</strong></span> <span class='ocrx_word' id='word_1_509' title='bbox 2626 2689 2781 2744; x_wconf 88' lang='lat' dir='ltr'><strong>nobis</strong></span> <span class='ocrx_word' id='word_1_510' title='bbox 2821 2706 3003 2759; x_wconf 85' lang='lat' dir='ltr'><strong>pacem</strong></span> <span class='ocrx_word' id='word_1_511' title='bbox 3033 2709 3095 2746; x_wconf 91' lang='lat' dir='ltr'><strong>ac</strong></span> <span class='ocrx_word' id='word_1_512' title='bbox 3117 2695 3462 2749; x_wconf 83' lang='lat' dir='ltr'><strong>concordiam</strong></span> 
     </span>
    </p>
   </div>
   <div class='ocr_carea' id='block_1_72' title="bbox 1902 2776 3459 2851">
    <p class='ocr_par' dir='ltr' id='par_1_72' title="bbox 1902 2776 3459 2851">
     <span class='ocr_line' id='line_1_72' title="bbox 1902 2776 3459 2851; baseline 0.008 -23"><span class='ocrx_word' id='word_1_513' title='bbox 1902 2776 2192 2828; x_wconf 82' lang='lat' dir='ltr'><strong>concessit.</strong></span> <span class='ocrx_word' id='word_1_514' title='bbox 2226 2795 2244 2826; x_wconf 77' lang='grc' dir='ltr'><strong>ι</strong></span> <span class='ocrx_word' id='word_1_515' title='bbox 2284 2777 2492 2846; x_wconf 81' lang='lat' dir='ltr'><strong>Adjecit</strong></span> <span class='ocrx_word' id='word_1_516' title='bbox 2521 2789 2778 2848; x_wconf 68' lang='lat' dir='ltr'><strong>prmterea</strong></span> <span class='ocrx_word' id='word_1_517' title='bbox 2811 2795 2863 2836; x_wconf 89' lang='lat' dir='ltr'><strong>et</strong></span> <span class='ocrx_word' id='word_1_518' title='bbox 2896 2784 3262 2839; x_wconf 90' lang='lat' dir='ltr'><strong>conditionem</strong></span> <span class='ocrx_word' id='word_1_519' title='bbox 3302 2788 3459 2851; x_wconf 88' lang='lat' dir='ltr'><strong>hanc,</strong></span> 
     </span>
    </p>
   </div>
   <div class='ocr_carea' id='block_1_73' title="bbox 1903 2868 3463 2949">
    <p class='ocr_par' dir='ltr' id='par_1_73' title="bbox 1903 2868 3463 2949">
     <span class='ocr_line' id='line_1_73' title="bbox 1903 2868 3463 2949; baseline 0.008 -30"><span class='ocrx_word' id='word_1_520' title='bbox 1903 2878 1960 2920; x_wconf 92' lang='lat' dir='ltr'><strong>ut</strong></span> <span class='ocrx_word' id='word_1_521' title='bbox 2006 2868 2216 2922; x_wconf 80' lang='lat' dir='ltr'><strong>vivitiea</strong></span> <span class='ocrx_word' id='word_1_522' title='bbox 2265 2869 2441 2938; x_wconf 84' lang='lat' dir='ltr'><strong>ligna.</strong></span> <span class='ocrx_word' id='word_1_523' title='bbox 2496 2889 2613 2938; x_wconf 75' lang='lat' dir='ltr'><strong>qua:</strong></span> <span class='ocrx_word' id='word_1_524' title='bbox 2673 2875 2940 2930; x_wconf 87' lang='lat' dir='ltr'><strong>Sarbarus</strong></span> <span class='ocrx_word' id='word_1_525' title='bbox 2983 2892 3048 2931; x_wconf 77' lang='lat' dir='ltr'><strong>ex</strong></span> <span class='ocrx_word' id='word_1_526' title='bbox 3077 2877 3463 2949; x_wconf 85' lang='lat' dir='ltr'><strong>Hierosolymis</strong></span> 
     </span>
    </p>
   </div>
   <div class='ocr_carea' id='block_1_74' title="bbox 1913 2959 3462 3036">
    <p class='ocr_par' dir='ltr' id='par_1_74' title="bbox 1913 2959 3462 3036">
     <span class='ocr_line' id='line_1_74' title="bbox 1913 2959 3462 3036; baseline 0.009 -28"><span class='ocrx_word' id='word_1_527' title='bbox 1913 2959 2288 3023; x_wconf 85' lang='lat' dir='ltr'><strong>transtulerat,</strong></span> <span class='ocrx_word' id='word_1_528' title='bbox 2311 2962 2413 3014; x_wconf 87' lang='lat' dir='ltr'><strong>sibi</strong></span> <span class='ocrx_word' id='word_1_529' title='bbox 2446 2963 2824 3030; x_wconf 86' lang='lat' dir='ltr'><strong>redderentur,</strong></span> <span class='ocrx_word' id='word_1_530' title='bbox 2873 2969 3032 3036; x_wconf 88' lang='lat' dir='ltr'><strong>eique</strong></span> <span class='ocrx_word' id='word_1_531' title='bbox 3066 2971 3143 3022; x_wconf 81' lang='lat' dir='ltr'><strong>rei</strong></span> <span class='ocrx_word' id='word_1_532' title='bbox 3175 2971 3462 3024; x_wconf 86' lang='lat' dir='ltr'><strong>admodum</strong></span> 
     </span>
    </p>
   </div>
   <div class='ocr_carea' id='block_1_75' title="bbox 1903 3049 3462 3127">
    <p class='ocr_par' dir='ltr' id='par_1_75' title="bbox 1903 3049 3462 3127">
     <span class='ocr_line' id='line_1_75' title="bbox 1903 3049 3462 3127; baseline 0.008 -27"><span class='ocrx_word' id='word_1_533' title='bbox 1903 3049 2156 3104; x_wconf 86' lang='lat' dir='ltr'><strong>instabat.</strong></span> <span class='ocrx_word' id='word_1_534' title='bbox 2195 3049 2323 3115; x_wconf 65' lang='lat' dir='ltr'><strong>Quae</strong></span> <span class='ocrx_word' id='word_1_535' title='bbox 2367 3050 2548 3106; x_wconf 85' lang='lat' dir='ltr'><strong>Siroes</strong></span> <span class='ocrx_word' id='word_1_536' title='bbox 2616 3054 2950 3109; x_wconf 86' lang='lat' dir='ltr'><strong>redditurum</strong></span> <span class='ocrx_word' id='word_1_537' title='bbox 3001 3072 3058 3111; x_wconf 89' lang='lat' dir='ltr'><strong>se</strong></span> <span class='ocrx_word' id='word_1_538' title='bbox 3105 3059 3368 3127; x_wconf 85' lang='lat' dir='ltr'><strong>promisit,</strong></span> <span class='ocrx_word' id='word_1_539' title='bbox 3419 3062 3462 3113; x_wconf 91' lang='lat' dir='ltr'><strong>si</strong></span> 
     </span>
    </p>
   </div>
   <div class='ocr_carea' id='block_1_76' title="bbox 1903 3142 3464 3218">
    <p class='ocr_par' dir='ltr' id='par_1_76' title="bbox 1903 3142 3464 3218">
     <span class='ocr_line' id='line_1_76' title="bbox 1903 3142 3464 3218; baseline 0.011 -28"><span class='ocrx_word' id='word_1_540' title='bbox 1903 3143 2110 3208; x_wconf 90' lang='lat' dir='ltr'><strong>uspiam</strong></span> <span class='ocrx_word' id='word_1_541' title='bbox 2162 3142 2404 3196; x_wconf 88' lang='lat' dir='ltr'><strong>invenire</strong></span> <span class='ocrx_word' id='word_1_542' title='bbox 2444 3154 2646 3211; x_wconf 87' lang='lat' dir='ltr'><strong>posset.</strong></span> <span class='ocrx_word' id='word_1_543' title='bbox 2681 3145 2756 3200; x_wconf 85' lang='lat' dir='ltr'><strong>De</strong></span> <span class='ocrx_word' id='word_1_544' title='bbox 2787 3147 2974 3216; x_wconf 84' lang='lat' dir='ltr'><strong>legatis</strong></span> <span class='ocrx_word' id='word_1_545' title='bbox 2994 3165 3144 3212; x_wconf 86' lang='lat' dir='ltr'><strong>vero,</strong></span> <span class='ocrx_word' id='word_1_546' title='bbox 3179 3166 3317 3218; x_wconf 84' lang='lat' dir='ltr'><strong>quos</strong></span> <span class='ocrx_word' id='word_1_547' title='bbox 3341 3151 3464 3207; x_wconf 83' lang='lat' dir='ltr'><strong>Sai-</strong></span> 
     </span>
    </p>
   </div>
   <div class='ocr_carea' id='block_1_77' title="bbox 1905 3228 3460 3309">
    <p class='ocr_par' dir='ltr' id='par_1_77' title="bbox 1905 3228 3460 3309">
     <span class='ocr_line' id='line_1_77' title="bbox 1905 3228 3460 3309; baseline 0.011 -29"><span class='ocrx_word' id='word_1_548' title='bbox 1905 3238 1988 3281; x_wconf 90' lang='lat' dir='ltr'><strong>tus</strong></span> <span class='ocrx_word' id='word_1_549' title='bbox 2034 3228 2226 3284; x_wconf 82' lang='lat' dir='ltr'><strong>fraude</strong></span> <span class='ocrx_word' id='word_1_550' title='bbox 2257 3233 2659 3289; x_wconf 88' lang='lat' dir='ltr'><strong>circumventos</strong></span> <span class='ocrx_word' id='word_1_551' title='bbox 2687 3237 2753 3289; x_wconf 87' lang='lat' dir='ltr'><strong>ad</strong></span> <span class='ocrx_word' id='word_1_552' title='bbox 2797 3237 3074 3294; x_wconf 82' lang='lat' dir='ltr'><strong>Cltosroen</strong></span> <span class='ocrx_word' id='word_1_553' title='bbox 3107 3245 3460 3309; x_wconf 72' lang='lat' dir='ltr'><strong>perduxerat,</strong></span> 
     </span>
    </p>
   </div>
   <div class='ocr_carea' id='block_1_78' title="bbox 1905 3320 3468 3388">
    <p class='ocr_par' dir='ltr' id='par_1_78' title="bbox 1905 3320 3468 3388">
     <span class='ocr_line' id='line_1_78' title="bbox 1905 3320 3468 3388; baseline 0.01 -16"><span class='ocrx_word' id='word_1_554' title='bbox 1905 3320 1976 3372; x_wconf 91' lang='lat' dir='ltr'><strong>ita</strong></span> <span class='ocrx_word' id='word_1_555' title='bbox 2007 3320 2355 3388; x_wconf 83' lang='lat' dir='ltr'><strong>signiﬁcavit,</strong></span> <span class='ocrx_word' id='word_1_556' title='bbox 2399 3323 2680 3378; x_wconf 85' lang='lat' dir='ltr'><strong>Leontium</strong></span> <span class='ocrx_word' id='word_1_557' title='bbox 2732 3330 2962 3383; x_wconf 85' lang='lat' dir='ltr'><strong>naturali</strong></span> <span class='ocrx_word' id='word_1_558' title='bbox 3014 3336 3160 3385; x_wconf 80' lang='lat' dir='ltr'><strong>exitu</strong></span> <span class='ocrx_word' id='word_1_559' title='bbox 3213 3334 3373 3386; x_wconf 87' lang='lat' dir='ltr'><strong>vitam</strong></span> <span class='ocrx_word' id='word_1_560' title='bbox 3404 3334 3468 3387; x_wconf 76' lang='lat' dir='ltr'><strong>li-</strong></span> 
     </span>
    </p>
   </div>
   <div class='ocr_carea' id='block_1_79' title="bbox 1902 3412 3466 3494">
    <p class='ocr_par' dir='ltr' id='par_1_79' title="bbox 1902 3412 3466 3494">
     <span class='ocr_line' id='line_1_79' title="bbox 1902 3412 3466 3494; baseline 0.01 -31"><span class='ocrx_word' id='word_1_561' title='bbox 1902 3412 2068 3475; x_wconf 84' lang='lat' dir='ltr'><strong>nisse,</strong></span> <span class='ocrx_word' id='word_1_562' title='bbox 2097 3422 2320 3466; x_wconf 75' lang='lat' dir='ltr'><strong>czeteros</strong></span> <span class='ocrx_word' id='word_1_563' title='bbox 2344 3414 2618 3469; x_wconf 84' lang='lat' dir='ltr'><strong>Cltosroen</strong></span> <span class='ocrx_word' id='word_1_564' title='bbox 2648 3416 2916 3474; x_wconf 81' lang='lat' dir='ltr'><strong>fustuario</strong></span> <span class='ocrx_word' id='word_1_565' title='bbox 2941 3437 3188 3486; x_wconf 80' lang='lat' dir='ltr'><strong>necasse,</strong></span> <span class='ocrx_word' id='word_1_566' title='bbox 3210 3438 3332 3478; x_wconf 86' lang='lat' dir='ltr'><strong>cum</strong></span> <span class='ocrx_word' id='word_1_567' title='bbox 3358 3426 3466 3494; x_wconf 87' lang='lat' dir='ltr'><strong>pri-</strong></span> 
     </span>
    </p>
   </div>
   <div class='ocr_carea' id='block_1_80' title="bbox 1903 3501 3387 3580">
    <p class='ocr_par' dir='ltr' id='par_1_80' title="bbox 1903 3501 3387 3580">
     <span class='ocr_line' id='line_1_80' title="bbox 1903 3501 3387 3580; baseline 0.011 -27"><span class='ocrx_word' id='word_1_568' title='bbox 1903 3517 2048 3554; x_wconf 90' lang='lat' dir='ltr'><strong>mum</strong></span> <span class='ocrx_word' id='word_1_569' title='bbox 2083 3501 2315 3558; x_wconf 79' lang='lat' dir='ltr'><strong>ﬂet-aelii</strong></span> <span class='ocrx_word' id='word_1_570' title='bbox 2355 3506 2405 3558; x_wconf 88' lang='lat' dir='ltr'><strong>itt</strong></span> <span class='ocrx_word' id='word_1_571' title='bbox 2440 3505 2714 3561; x_wconf 83' lang='lat' dir='ltr'><strong>Persidem</strong></span> <span class='ocrx_word' id='word_1_572' title='bbox 2743 3510 3096 3580; x_wconf 84' lang='lat' dir='ltr'><strong>irruptionem</strong></span> <span class='ocrx_word' id='word_1_573' title='bbox 3128 3515 3387 3571; x_wconf 78' lang='lat' dir='ltr'><strong>audisset.</strong></span> 
     </span>
    </p>
   </div>
   <div class='ocr_carea' id='block_1_81' title="bbox 1971 3593 3463 3664">
    <p class='ocr_par' dir='ltr' id='par_1_81' title="bbox 1971 3593 3463 3664">
     <span class='ocr_line' id='line_1_81' title="bbox 1971 3593 3463 3664; baseline 0.012 -20"><span class='ocrx_word' id='word_1_574' title='bbox 1971 3593 2136 3647; x_wconf 87' lang='lat' dir='ltr'><strong>Pattlo</strong></span> <span class='ocrx_word' id='word_1_575' title='bbox 2167 3606 2290 3664; x_wconf 87' lang='lat' dir='ltr'><strong>post</strong></span> <span class='ocrx_word' id='word_1_576' title='bbox 2325 3594 2483 3651; x_wconf 91' lang='lat' dir='ltr'><strong>Siroe</strong></span> <span class='ocrx_word' id='word_1_577' title='bbox 2517 3611 2752 3664; x_wconf 90' lang='lat' dir='ltr'><strong>mortuo,</strong></span> <span class='ocrx_word' id='word_1_578' title='bbox 2782 3601 2988 3659; x_wconf 84' lang='lat' dir='ltr'><strong>Caboes</strong></span> <span class='ocrx_word' id='word_1_579' title='bbox 3025 3607 3315 3662; x_wconf 83' lang='lat' dir='ltr'><strong>Persarum</strong></span> <span class='ocrx_word' id='word_1_580' title='bbox 3363 3611 3463 3662; x_wconf 90' lang='lat' dir='ltr'><strong>int-</strong></span> 
     </span>
    </p>
   </div>
   <div class='ocr_carea' id='block_1_82' title="bbox 1901 3686 3464 3768">
    <p class='ocr_par' dir='ltr' id='par_1_82' title="bbox 1901 3686 3464 3768">
     <span class='ocr_line' id='line_1_82' title="bbox 1901 3686 3464 3768; baseline 0.015 -33"><span class='ocrx_word' id='word_1_581' title='bbox 1901 3686 2108 3752; x_wconf 88' lang='lat' dir='ltr'><strong>perium</strong></span> <span class='ocrx_word' id='word_1_582' title='bbox 2144 3688 2382 3748; x_wconf 88' lang='lat' dir='ltr'><strong>obtinet;</strong></span> <span class='ocrx_word' id='word_1_583' title='bbox 2416 3704 2523 3757; x_wconf 89' lang='lat' dir='ltr'><strong>quo</strong></span> <span class='ocrx_word' id='word_1_584' title='bbox 2559 3691 2754 3746; x_wconf 80' lang='lat' dir='ltr'><strong>iterum</strong></span> <span class='ocrx_word' id='word_1_585' title='bbox 2803 3711 2910 3749; x_wconf 93' lang='lat' dir='ltr'><strong>non</strong></span> <span class='ocrx_word' id='word_1_586' title='bbox 2956 3697 3114 3767; x_wconf 84' lang='lat' dir='ltr'><strong>longe</strong></span> <span class='ocrx_word' id='word_1_587' title='bbox 3150 3713 3337 3768; x_wconf 84' lang='lat' dir='ltr'><strong>postea</strong></span> <span class='ocrx_word' id='word_1_588' title='bbox 3366 3701 3464 3758; x_wconf 86' lang='lat' dir='ltr'><strong>de-</strong></span> 
     </span>
    </p>
   </div>
   <div class='ocr_carea' id='block_1_83' title="bbox 1904 3772 3466 3857">
    <p class='ocr_par' dir='ltr' id='par_1_83' title="bbox 1904 3772 3466 3857">
     <span class='ocr_line' id='line_1_83' title="bbox 1904 3772 3466 3857; baseline 0.01 -32"><span class='ocrx_word' id='word_1_589' title='bbox 1904 3772 2090 3827; x_wconf 80' lang='lat' dir='ltr'><strong>functo</strong></span> <span class='ocrx_word' id='word_1_590' title='bbox 2129 3775 2444 3830; x_wconf 88' lang='lat' dir='ltr'><strong>llonnisdas</strong></span> <span class='ocrx_word' id='word_1_591' title='bbox 2476 3781 2740 3836; x_wconf 89' lang='lat' dir='ltr'><strong>succedit.</strong></span> <span class='ocrx_word' id='word_1_592' title='bbox 2777 3782 2877 3849; x_wconf 87' lang='lat' dir='ltr'><strong>Qui</strong></span> <span class='ocrx_word' id='word_1_593' title='bbox 2911 3786 3130 3853; x_wconf 83' lang='lat' dir='ltr'><strong>quidem</strong></span> <span class='ocrx_word' id='word_1_594' title='bbox 3174 3787 3380 3857; x_wconf 82' lang='lat' dir='ltr'><strong>legatos</strong></span> <span class='ocrx_word' id='word_1_595' title='bbox 3410 3798 3466 3842; x_wconf 86' lang='lat' dir='ltr'><strong>et</strong></span> 
     </span>
    </p>
   </div>
   <div class='ocr_carea' id='block_1_84' title="bbox 1901 3864 3467 3950">
    <p class='ocr_par' dir='ltr' id='par_1_84' title="bbox 1901 3864 3467 3950">
     <span class='ocr_line' id='line_1_84' title="bbox 1901 3864 3467 3950; baseline 0.011 -32"><span class='ocrx_word' id='word_1_596' title='bbox 1901 3864 2019 3934; x_wconf 87' lang='lat' dir='ltr'><strong>ipse</strong></span> <span class='ocrx_word' id='word_1_597' title='bbox 2042 3865 2107 3918; x_wconf 89' lang='lat' dir='ltr'><strong>ad</strong></span> <span class='ocrx_word' id='word_1_598' title='bbox 2141 3865 2448 3920; x_wconf 86' lang='lat' dir='ltr'><strong>lleraclium</strong></span> <span class='ocrx_word' id='word_1_599' title='bbox 2493 3870 2720 3926; x_wconf 83' lang='lat' dir='ltr'><strong>mittens</strong></span> <span class='ocrx_word' id='word_1_600' title='bbox 2744 3911 2760 3935; x_wconf 90' lang='lat'><strong>,</strong></span> <span class='ocrx_word' id='word_1_601' title='bbox 2810 3873 2977 3927; x_wconf 84' lang='lat' dir='ltr'><strong>lilium</strong></span> <span class='ocrx_word' id='word_1_602' title='bbox 3010 3892 3166 3930; x_wconf 87' lang='lat' dir='ltr'><strong>suum</strong></span> <span class='ocrx_word' id='word_1_603' title='bbox 3203 3895 3324 3932; x_wconf 91' lang='lat' dir='ltr'><strong>eum</strong></span> <span class='ocrx_word' id='word_1_604' title='bbox 3370 3896 3467 3950; x_wconf 86' lang='lat' dir='ltr'><strong>pe-</strong></span> 
     </span>
    </p>
   </div>
   <div class='ocr_carea' id='block_1_85' title="bbox 1902 3957 3461 4040">
    <p class='ocr_par' dir='ltr' id='par_1_85' title="bbox 1902 3957 3461 4040">
     <span class='ocr_line' id='line_1_85' title="bbox 1902 3957 3461 4040; baseline 0.011 -29"><span class='ocrx_word' id='word_1_605' title='bbox 1902 3957 2079 4011; x_wconf 89' lang='lat' dir='ltr'><strong>cuniis</strong></span> <span class='ocrx_word' id='word_1_606' title='bbox 2109 3973 2174 4010; x_wconf 86' lang='lat' dir='ltr'><strong>ac</strong></span> <span class='ocrx_word' id='word_1_607' title='bbox 2208 3960 2530 4015; x_wconf 86' lang='lat' dir='ltr'><strong>muneribus</strong></span> <span class='ocrx_word' id='word_1_608' title='bbox 2561 3964 2849 4030; x_wconf 80' lang='lat' dir='ltr'><strong>exquisitis</strong></span> <span class='ocrx_word' id='word_1_609' title='bbox 2881 3968 2948 4018; x_wconf 92' lang='lat' dir='ltr'><strong>ad</strong></span> <span class='ocrx_word' id='word_1_610' title='bbox 2976 3968 3224 4023; x_wconf 91' lang='lat' dir='ltr'><strong>eumdem</strong></span> <span class='ocrx_word' id='word_1_611' title='bbox 3245 3970 3461 4040; x_wconf 80' lang='lat' dir='ltr'><strong>allegat.</strong></span> 
     </span>
    </p>
   </div>
   <div class='ocr_carea' id='block_1_86' title="bbox 1902 4047 3465 4127">
    <p class='ocr_par' dir='ltr' id='par_1_86' title="bbox 1902 4047 3465 4127">
     <span class='ocr_line' id='line_1_86' title="bbox 1902 4047 3465 4127; baseline 0.01 -27"><span class='ocrx_word' id='word_1_612' title='bbox 1902 4047 2344 4117; x_wconf 82' lang='lat' dir='ltr'><strong>Porroejusmodi</strong></span> <span class='ocrx_word' id='word_1_613' title='bbox 2365 4053 2667 4106; x_wconf 89' lang='lat' dir='ltr'><strong>litterarum</strong></span> <span class='ocrx_word' id='word_1_614' title='bbox 2696 4058 2963 4111; x_wconf 86' lang='lat' dir='ltr'><strong>sententia</strong></span> <span class='ocrx_word' id='word_1_615' title='bbox 2986 4058 3117 4114; x_wconf 82' lang='lat' dir='ltr'><strong>fuit:</strong></span> <span class='ocrx_word' id='word_1_616' title='bbox 3152 4080 3172 4113; x_wconf 74' lang='grc' dir='ltr'><strong>ι</strong></span> <span class='ocrx_word' id='word_1_617' title='bbox 3197 4061 3465 4127; x_wconf 82' lang='lat' dir='ltr'><strong>Quemad-</strong></span> 
     </span>
    </p>
   </div>
   <div class='ocr_carea' id='block_1_87' title="bbox 1903 4139 3460 4205">
    <p class='ocr_par' dir='ltr' id='par_1_87' title="bbox 1903 4139 3460 4205">
     <span class='ocr_line' id='line_1_87' title="bbox 1903 4139 3460 4205; baseline 0.011 -17"><span class='ocrx_word' id='word_1_618' title='bbox 1903 4139 2117 4190; x_wconf 88' lang='lat' dir='ltr'><strong>modum</strong></span> <span class='ocrx_word' id='word_1_619' title='bbox 2148 4139 2314 4192; x_wconf 90' lang='lat' dir='ltr'><strong>Deum</strong></span> <span class='ocrx_word' id='word_1_620' title='bbox 2347 4151 2588 4194; x_wconf 86' lang='lat' dir='ltr'><strong>vestrum</strong></span> <span class='ocrx_word' id='word_1_621' title='bbox 2629 4144 2811 4200; x_wconf 89' lang='lat' dir='ltr'><strong>dicitis</strong></span> <span class='ocrx_word' id='word_1_622' title='bbox 2845 4147 3192 4201; x_wconf 86' lang='lat' dir='ltr'><strong>senicuidatn</strong></span> <span class='ocrx_word' id='word_1_623' title='bbox 3219 4149 3460 4205; x_wconf 90' lang='lat' dir='ltr'><strong>Simeoni</strong></span> 
     </span>
    </p>
   </div>
   <div class='ocr_carea' id='block_1_88' title="bbox 1903 4229 3460 4305">
    <p class='ocr_par' dir='ltr' id='par_1_88' title="bbox 1903 4229 3460 4305">
     <span class='ocr_line' id='line_1_88' title="bbox 1903 4229 3460 4305; baseline 0.009 -25"><span class='ocrx_word' id='word_1_624' title='bbox 1903 4229 1954 4281; x_wconf 89' lang='lat' dir='ltr'><strong>itt</strong></span> <span class='ocrx_word' id='word_1_625' title='bbox 2011 4231 2165 4283; x_wconf 88' lang='lat' dir='ltr'><strong>ulnas</strong></span> <span class='ocrx_word' id='word_1_626' title='bbox 2230 4230 2434 4293; x_wconf 88' lang='lat' dir='ltr'><strong>datum,</strong></span> <span class='ocrx_word' id='word_1_627' title='bbox 2494 4233 2566 4286; x_wconf 91' lang='lat' dir='ltr'><strong>ita</strong></span> <span class='ocrx_word' id='word_1_628' title='bbox 2623 4249 2721 4303; x_wconf 76' lang='lat' dir='ltr'><strong>ego</strong></span> <span class='ocrx_word' id='word_1_629' title='bbox 2774 4250 2990 4289; x_wconf 90' lang='lat' dir='ltr'><strong>servum</strong></span> <span class='ocrx_word' id='word_1_630' title='bbox 3044 4248 3233 4305; x_wconf 90' lang='lat' dir='ltr'><strong>tuum,</strong></span> <span class='ocrx_word' id='word_1_631' title='bbox 3295 4240 3460 4294; x_wconf 83' lang='lat' dir='ltr'><strong>ﬁlium</strong></span> 
     </span>
    </p>
   </div>
   <div class='ocr_carea' id='block_1_89' title="bbox 1905 4322 3462 4401">
    <p class='ocr_par' dir='ltr' id='par_1_89' title="bbox 1905 4322 3462 4401">
     <span class='ocr_line' id='line_1_89' title="bbox 1905 4322 3462 4401; baseline 0.01 -31"><span class='ocrx_word' id='word_1_632' title='bbox 1905 4333 2103 4384; x_wconf 90' lang='lat' dir='ltr'><strong>meum,</strong></span> <span class='ocrx_word' id='word_1_633' title='bbox 2135 4330 2254 4373; x_wconf 87' lang='lat' dir='ltr'><strong>tuas</strong></span> <span class='ocrx_word' id='word_1_634' title='bbox 2285 4322 2335 4372; x_wconf 93' lang='lat' dir='ltr'><strong>in</strong></span> <span class='ocrx_word' id='word_1_635' title='bbox 2370 4337 2559 4377; x_wconf 88' lang='lat' dir='ltr'><strong>manus</strong></span> <span class='ocrx_word' id='word_1_636' title='bbox 2592 4329 2889 4379; x_wconf 89' lang='lat' dir='ltr'><strong>committo.</strong></span> <span class='ocrx_word' id='word_1_637' title='bbox 2924 4326 3079 4381; x_wconf 86' lang='lat' dir='ltr'><strong>Norit</strong></span> <span class='ocrx_word' id='word_1_638' title='bbox 3127 4329 3268 4384; x_wconf 88' lang='lat' dir='ltr'><strong>Dens</strong></span> <span class='ocrx_word' id='word_1_639' title='bbox 3300 4347 3462 4401; x_wconf 88' lang='lat' dir='ltr'><strong>quam</strong></span> 
     </span>
    </p>
   </div>
   <div class='ocr_carea' id='block_1_90' title="bbox 1904 4411 3465 4490">
    <p class='ocr_par' dir='ltr' id='par_1_90' title="bbox 1904 4411 3465 4490">
     <span class='ocr_line' id='line_1_90' title="bbox 1904 4411 3465 4490; baseline 0.01 -29"><span class='ocrx_word' id='word_1_640' title='bbox 1904 4420 1957 4463; x_wconf 91' lang='lat' dir='ltr'><strong>tu</strong></span> <span class='ocrx_word' id='word_1_641' title='bbox 1992 4411 2139 4463; x_wconf 91' lang='lat' dir='ltr'><strong>illum</strong></span> <span class='ocrx_word' id='word_1_642' title='bbox 2173 4411 2399 4466; x_wconf 81' lang='lat' dir='ltr'><strong>honeste</strong></span> <span class='ocrx_word' id='word_1_643' title='bbox 2433 4413 2509 4468; x_wconf 87' lang='lat' dir='ltr'><strong>sis</strong></span> <span class='ocrx_word' id='word_1_644' title='bbox 2542 4415 2846 4473; x_wconf 82' lang='lat' dir='ltr'><strong>habiturus.</strong></span> <span class='ocrx_word' id='word_1_645' title='bbox 2887 4437 2905 4469; x_wconf 73' lang='grc' dir='ltr'><strong>ι</strong></span> <span class='ocrx_word' id='word_1_646' title='bbox 2971 4417 3125 4474; x_wconf 90' lang='lat' dir='ltr'><strong>llttne</strong></span> <span class='ocrx_word' id='word_1_647' title='bbox 3169 4421 3465 4490; x_wconf 89' lang='lat' dir='ltr'><strong>imperator</strong></span> 
     </span>
    </p>
   </div>
   <div class='ocr_carea' id='block_1_91' title="bbox 1497 4589 2172 4645">
    <p class='ocr_par' dir='ltr' id='par_1_91' title="bbox 1497 4589 2172 4645">
     <span class='ocr_line' id='line_1_91' title="bbox 1497 4589 2172 4645; baseline 0 -2"><span class='ocrx_word' id='word_1_648' title='bbox 1497 4590 1730 4644; x_wconf 70' lang='lat' dir='ltr'><strong>VARIAE</strong></span> <span class='ocrx_word' id='word_1_649' title='bbox 1771 4589 2172 4645; x_wconf 85' lang='lat' dir='ltr'><strong>LECTIONES.</strong></span> 
     </span>
    </p>
   </div>
   <div class='ocr_carea' id='block_1_92' title="bbox 298 4742 3465 4822">
    <p class='ocr_par' dir='ltr' id='par_1_92' title="bbox 298 4742 3465 4822">
     <span class='ocr_line' id='line_1_92' title="bbox 298 4742 3465 4822; baseline 0.004 -28"><span class='ocrx_word' id='word_1_650' title='bbox 298 4742 356 4822; x_wconf 59' lang='grc' dir='ltr'>’ξ</span> <span class='ocrx_word' id='word_1_651' title='bbox 386 4742 876 4822; x_wconf 45' lang='grc' dir='ltr'>ὰχελεζνρὸνύπέρ</span> <span class='ocrx_word' id='word_1_652' title='bbox 905 4746 1096 4800; x_wconf 81' lang='grc' dir='ltr'>ἑαυτοῦ</span> <span class='ocrx_word' id='word_1_653' title='bbox 1113 4747 1246 4817; x_wconf 78' lang='grc' dir='ltr'><strong>τῆςῖ</strong></span> <span class='ocrx_word' id='word_1_654' title='bbox 1320 4747 1364 4777; x_wconf 87' lang='grc'><strong>⁷³</strong></span> <span class='ocrx_word' id='word_1_655' title='bbox 1390 4747 1483 4800; x_wconf 73' lang='lat' dir='ltr'><strong>tv?</strong></span> <span class='ocrx_word' id='word_1_656' title='bbox 1555 4748 1600 4777; x_wconf 82' lang='grc'><strong>⁷⁸</strong></span> <span class='ocrx_word' id='word_1_657' title='bbox 1629 4746 1952 4799; x_wconf 82' lang='grc' dir='ltr'>σπείσασθαι</span> <span class='ocrx_word' id='word_1_658' title='bbox 1981 4746 2253 4811; x_wconf 80' lang='lat' dir='ltr'><strong>Petavius,</strong></span> <span class='ocrx_word' id='word_1_659' title='bbox 2293 4748 2576 4801; x_wconf 80' lang='grc' dir='ltr'>πείσεσθαι</span> <span class='ocrx_word' id='word_1_660' title='bbox 2599 4749 2656 4802; x_wconf 85' lang='lat' dir='ltr'><strong>P.</strong></span> <span class='ocrx_word' id='word_1_661' title='bbox 2733 4753 2775 4782; x_wconf 88' lang='grc'><strong>⁷⁷</strong></span> <span class='ocrx_word' id='word_1_662' title='bbox 2799 4750 3067 4822; x_wconf 82' lang='grc' dir='ltr'>ἀλλήλοις.</span> <span class='ocrx_word' id='word_1_663' title='bbox 3108 4755 3166 4808; x_wconf 83' lang='lat' dir='ltr'><strong>P.</strong></span> <span class='ocrx_word' id='word_1_664' title='bbox 3244 4759 3287 4788; x_wconf 65' lang='grc'><strong>⁷⁸</strong></span> <span class='ocrx_word' id='word_1_665' title='bbox 3317 4760 3465 4815; x_wconf 84' lang='grc' dir='ltr'>πολι..</span> 
     </span>
    </p>
   </div>
   <div class='ocr_carea' id='block_1_93' title="bbox 216 4811 832 4868">
    <p class='ocr_par' dir='ltr' id='par_1_93' title="bbox 216 4811 832 4868">
     <span class='ocr_line' id='line_1_93' title="bbox 216 4811 832 4868; baseline 0.006 -4"><span class='ocrx_word' id='word_1_666' title='bbox 216 4811 438 4865; x_wconf 75' lang='grc' dir='ltr'>τιιῶνῖ</span> <span class='ocrx_word' id='word_1_667' title='bbox 514 4815 558 4846; x_wconf 82' lang='grc'><strong>⁷⁸</strong></span> <span class='ocrx_word' id='word_1_668' title='bbox 588 4813 667 4868; x_wconf 84' lang='grc' dir='ltr'><strong>ὅν.</strong></span> <span class='ocrx_word' id='word_1_669' title='bbox 701 4816 832 4868; x_wconf 71' lang='grc' dir='ltr'><strong>ὃσαῖ</strong></span> 
     </span>
    </p>
   </div>
   <div class='ocr_carea' id='block_1_94' title="bbox 1584 4950 2139 5008">
    <p class='ocr_par' dir='ltr' id='par_1_94' title="bbox 1584 4950 2139 5008">
     <span class='ocr_line' id='line_1_94' title="bbox 1584 4950 2139 5008; baseline 0.005 -3"><span class='ocrx_word' id='word_1_670' title='bbox 1584 4952 1857 5008; x_wconf 78' lang='lat' dir='ltr'><strong>PETAYII</strong></span> <span class='ocrx_word' id='word_1_671' title='bbox 1907 4950 2139 5008; x_wconf 71' lang='lat' dir='ltr'><strong>NOTAE.</strong></span> 
     </span>
    </p>
   </div>
   <div class='ocr_carea' id='block_1_95' title="bbox 295 5079 3072 5164">
    <p class='ocr_par' dir='ltr' id='par_1_95' title="bbox 295 5079 3072 5164">
     <span class='ocr_line' id='line_1_95' title="bbox 295 5079 3072 5164; baseline 0.007 -33"><span class='ocrx_word' id='word_1_672' title='bbox 295 5079 667 5164; x_wconf 53' lang='grc' dir='ltr'>(ϐίλΓριξφει</span> <span class='ocrx_word' id='word_1_673' title='bbox 699 5100 762 5136; x_wconf 79' lang='grc' dir='ltr'><strong>τε</strong></span> <span class='ocrx_word' id='word_1_674' title='bbox 819 5085 967 5151; x_wconf 78' lang='grc' dir='ltr'>πρὸς</span> <span class='ocrx_word' id='word_1_675' title='bbox 1000 5088 1243 5164; x_wconf 40' lang='grc' dir='ltr'><strong>,αὺῖόζη</strong></span> <span class='ocrx_word' id='word_1_676' title='bbox 1278 5086 1585 5164; x_wconf 74' lang='lat' dir='ltr'><strong>E_xsta_t__in</strong></span> <span class='ocrx_word' id='word_1_677' title='bbox 1637 5089 1789 5164; x_wconf 57' lang='lat' dir='ltr'><strong>Alex.</strong></span> <span class='ocrx_word' id='word_1_678' title='bbox 1825 5096 1868 5150; x_wconf 77' lang='grc' dir='ltr'><strong>υ</strong></span> <span class='ocrx_word' id='word_1_679' title='bbox 1897 5091 2170 5164; x_wconf 65' lang='lat' dir='ltr'><strong>successio</strong></span> <span class='ocrx_word' id='word_1_680' title='bbox 2196 5091 2593 5164; x_wconf 83' lang='lat' dir='ltr'><strong>_a_&#39;l‘lteopltane</strong></span> <span class='ocrx_word' id='word_1_681' title='bbox 2619 5097 2690 5148; x_wconf 89' lang='lat' dir='ltr'><strong>ita</strong></span> <span class='ocrx_word' id='word_1_682' title='bbox 2720 5095 3072 5152; x_wconf 83' lang='lat' dir='ltr'><strong>describitur.</strong></span> 
     </span>
    </p>
   </div>
   <div class='ocr_carea' id='block_1_96' title="bbox 215 5147 1784 5222">
    <p class='ocr_par' dir='ltr' id='par_1_96' title="bbox 215 5147 1784 5222">
     <span class='ocr_line' id='line_1_96' title="bbox 215 5147 1784 5222; baseline 0.006 -20"><span class='ocrx_word' id='word_1_683' title='bbox 215 5147 530 5222; x_wconf 69' lang='lat' dir='ltr'><strong>Chronico</strong></span> <span class='ocrx_word' id='word_1_684' title='bbox 548 5147 903 5216; x_wconf 76' lang='lat' dir='ltr'><strong>fragmentum</strong></span> <span class='ocrx_word' id='word_1_685' title='bbox 930 5147 1166 5222; x_wconf 67' lang='lat' dir='ltr'><strong>epistola:</strong></span> <span class='ocrx_word' id='word_1_686' title='bbox 1190 5155 1361 5210; x_wconf 86' lang='lat' dir='ltr'><strong>Sirois</strong></span> <span class='ocrx_word' id='word_1_687' title='bbox 1391 5159 1455 5210; x_wconf 90' lang='lat' dir='ltr'><strong>ad</strong></span> <span class='ocrx_word' id='word_1_688' title='bbox 1481 5156 1784 5212; x_wconf 85' lang='lat' dir='ltr'><strong>Heraclium</strong></span> 
     </span>
    </p>
   </div>
   <div class='ocr_carea' id='block_1_97' title="bbox 215 5220 1786 5289">
    <p class='ocr_par' dir='ltr' id='par_1_97' title="bbox 215 5220 1786 5289">
     <span class='ocr_line' id='line_1_97' title="bbox 215 5220 1786 5289; baseline 0.008 -18"><span class='ocrx_word' id='word_1_689' title='bbox 215 5233 357 5271; x_wconf 86' lang='lat' dir='ltr'><strong>cum</strong></span> <span class='ocrx_word' id='word_1_690' title='bbox 399 5220 908 5289; x_wconf 84' lang='lat' dir='ltr'><strong>haeiuscriptione:</strong></span> <span class='ocrx_word' id='word_1_691' title='bbox 949 5220 1186 5279; x_wconf 62' lang='lat' dir='ltr'><strong>Acabata</strong></span> <span class='ocrx_word' id='word_1_692' title='bbox 1219 5224 1488 5282; x_wconf 85' lang='lat' dir='ltr'><strong>Sadasace</strong></span> <span class='ocrx_word' id='word_1_693' title='bbox 1539 5229 1786 5283; x_wconf 86' lang='lat' dir='ltr'><strong>lleraclio</strong></span> 
     </span>
    </p>
   </div>
   <div class='ocr_carea' id='block_1_98' title="bbox 216 5289 825 5350">
    <p class='ocr_par' dir='ltr' id='par_1_98' title="bbox 216 5289 825 5350">
     <span class='ocr_line' id='line_1_98' title="bbox 216 5289 825 5350; baseline 0.007 -10"><span class='ocrx_word' id='word_1_694' title='bbox 216 5289 683 5350; x_wconf 82' lang='lat' dir='ltr'><strong>cletttentissitno.</strong></span> <span class='ocrx_word' id='word_1_695' title='bbox 719 5302 825 5344; x_wconf 85' lang='lat' dir='ltr'><strong>etc.</strong></span> 
     </span>
    </p>
   </div>
   <div class='ocr_carea' id='block_1_99' title="bbox 302 5358 1786 5432">
    <p class='ocr_par' dir='ltr' id='par_1_99' title="bbox 302 5358 1786 5432">
     <span class='ocr_line' id='line_1_99' title="bbox 302 5358 1786 5432; baseline 0.007 -22"><span class='ocrx_word' id='word_1_696' title='bbox 302 5358 426 5427; x_wconf 68' lang='lat'><strong>(62)</strong></span> <span class='ocrx_word' id='word_1_697' title='bbox 459 5360 675 5424; x_wconf 80' lang='grc' dir='ltr'>Κρατεῖ</span> <span class='ocrx_word' id='word_1_698' title='bbox 696 5359 766 5432; x_wconf 78' lang='grc' dir='ltr'><em>δὲ</em></span> <span class='ocrx_word' id='word_1_699' title='bbox 783 5359 895 5432; x_wconf 59' lang='grc' dir='ltr'>εῆς</span> <span class='ocrx_word' id='word_1_700' title='bbox 917 5362 1242 5428; x_wconf 72' lang='grc' dir='ltr'>βασιλείας</span> <span class='ocrx_word' id='word_1_701' title='bbox 1276 5364 1542 5432; x_wconf 76' lang='grc' dir='ltr'>Περσῶν.</span> <span class='ocrx_word' id='word_1_702' title='bbox 1575 5365 1786 5420; x_wconf 86' lang='lat' dir='ltr'><strong>Caboes</strong></span> 
     </span>
    </p>
   </div>
   <div class='ocr_carea' id='block_1_100' title="bbox 211 5427 1788 5502">
    <p class='ocr_par' dir='ltr' id='par_1_100' title="bbox 211 5427 1788 5502">
     <span class='ocr_line' id='line_1_100' title="bbox 211 5427 1788 5502; baseline 0.006 -22"><span class='ocrx_word' id='word_1_703' title='bbox 211 5427 333 5482; x_wconf 84' lang='lat' dir='ltr'><strong>iste</strong></span> <span class='ocrx_word' id='word_1_704' title='bbox 389 5443 651 5502; x_wconf 74' lang='lat' dir='ltr'><strong>nttsqttattt</strong></span> <span class='ocrx_word' id='word_1_705' title='bbox 693 5431 743 5482; x_wconf 88' lang='lat' dir='ltr'><strong>itt</strong></span> <span class='ocrx_word' id='word_1_706' title='bbox 779 5427 1066 5502; x_wconf 83' lang='lat' dir='ltr'><strong>Persarum</strong></span> <span class='ocrx_word' id='word_1_707' title='bbox 1117 5427 1612 5502; x_wconf 48' lang='lat' dir='ltr'><strong>regnum&#39;nutnero</strong></span> <span class='ocrx_word' id='word_1_708' title='bbox 1659 5451 1788 5489; x_wconf 83' lang='lat' dir='ltr'><strong>cen-</strong></span> 
     </span>
    </p>
   </div>
   <div class='ocr_carea' id='block_1_101' title="bbox 209 5497 1786 5572">
    <p class='ocr_par' dir='ltr' id='par_1_101' title="bbox 209 5497 1786 5572">
     <span class='ocr_line' id='line_1_101' title="bbox 209 5497 1786 5572; baseline 0.006 -22"><span class='ocrx_word' id='word_1_709' title='bbox 209 5511 407 5572; x_wconf 75' lang='lat' dir='ltr'><strong>setur.</strong></span> <span class='ocrx_word' id='word_1_710' title='bbox 444 5497 703 5572; x_wconf 84' lang='lat' dir='ltr'><strong>Suspicor</strong></span> <span class='ocrx_word' id='word_1_711' title='bbox 735 5514 920 5554; x_wconf 89' lang='lat' dir='ltr'><strong>errore</strong></span> <span class='ocrx_word' id='word_1_712' title='bbox 969 5497 1254 5572; x_wconf 73' lang='lat' dir='ltr'><strong>Niceplturi</strong></span> <span class='ocrx_word' id='word_1_713' title='bbox 1302 5504 1498 5559; x_wconf 84' lang='lat' dir='ltr'><strong>factum</strong></span> <span class='ocrx_word' id='word_1_714' title='bbox 1549 5515 1606 5558; x_wconf 93' lang='lat' dir='ltr'><strong>ut</strong></span> <span class='ocrx_word' id='word_1_715' title='bbox 1648 5507 1786 5571; x_wconf 88' lang='lat' dir='ltr'><strong>ejus-</strong></span> 
     </span>
    </p>
   </div>
   <div class='ocr_carea' id='block_1_102' title="bbox 213 5568 1779 5641">
    <p class='ocr_par' dir='ltr' id='par_1_102' title="bbox 213 5568 1779 5641">
     <span class='ocr_line' id='line_1_102' title="bbox 213 5568 1779 5641; baseline 0.006 -25"><span class='ocrx_word' id='word_1_716' title='bbox 213 5568 356 5641; x_wconf 68' lang='lat' dir='ltr'><strong>dem</strong></span> <span class='ocrx_word' id='word_1_717' title='bbox 394 5569 605 5641; x_wconf 86' lang='lat' dir='ltr'><strong>nomina</strong></span> <span class='ocrx_word' id='word_1_718' title='bbox 638 5571 742 5622; x_wconf 89' lang='lat' dir='ltr'><strong>duo</strong></span> <span class='ocrx_word' id='word_1_719' title='bbox 769 5585 868 5636; x_wconf 91' lang='lat' dir='ltr'><strong>pro</strong></span> <span class='ocrx_word' id='word_1_720' title='bbox 898 5568 1125 5624; x_wconf 80' lang='lat' dir='ltr'><strong>diversis</strong></span> <span class='ocrx_word' id='word_1_721' title='bbox 1151 5574 1364 5641; x_wconf 85' lang='lat' dir='ltr'><strong>regibus</strong></span> <span class='ocrx_word' id='word_1_722' title='bbox 1415 5568 1779 5629; x_wconf 82' lang='lat' dir='ltr'><strong>haberentur:</strong></span> 
     </span>
    </p>
   </div>
   <div class='ocr_carea' id='block_1_103' title="bbox 211 5637 1786 5709">
    <p class='ocr_par' dir='ltr' id='par_1_103' title="bbox 211 5637 1786 5709">
     <span class='ocr_line' id='line_1_103' title="bbox 211 5637 1786 5709; baseline 0.007 -22"><span class='ocrx_word' id='word_1_723' title='bbox 211 5637 622 5709; x_wconf 53' lang='lat' dir='ltr'><strong>Siroesettiut</strong></span> <span class='ocrx_word' id='word_1_724' title='bbox 671 5642 906 5692; x_wconf 83' lang='lat' dir='ltr'><strong>Acabata</strong></span> <span class='ocrx_word' id='word_1_725' title='bbox 955 5642 1148 5703; x_wconf 87' lang='lat' dir='ltr'><strong>dictus,</strong></span> <span class='ocrx_word' id='word_1_726' title='bbox 1202 5637 1339 5709; x_wconf 57' lang='lat' dir='ltr'><strong>Quod</strong></span> <span class='ocrx_word' id='word_1_727' title='bbox 1400 5644 1564 5698; x_wconf 83' lang='lat' dir='ltr'><strong>Caboi</strong></span> <span class='ocrx_word' id='word_1_728' title='bbox 1611 5645 1786 5698; x_wconf 88' lang='lat' dir='ltr'><strong>simile</strong></span> 
     </span>
    </p>
   </div>
   <div class='ocr_carea' id='block_1_104' title="bbox 209 5702 1785 5768">
    <p class='ocr_par' dir='ltr' id='par_1_104' title="bbox 209 5702 1785 5768">
     <span class='ocr_line' id='line_1_104' title="bbox 209 5702 1785 5768; baseline 0.008 -12"><span class='ocrx_word' id='word_1_729' title='bbox 209 5716 332 5758; x_wconf 76' lang='lat' dir='ltr'><strong>est.</strong></span> <span class='ocrx_word' id='word_1_730' title='bbox 401 5702 512 5758; x_wconf 85' lang='lat' dir='ltr'><strong>Nisi</strong></span> <span class='ocrx_word' id='word_1_731' title='bbox 576 5708 713 5760; x_wconf 77' lang='lat' dir='ltr'><strong>forte</strong></span> <span class='ocrx_word' id='word_1_732' title='bbox 749 5709 954 5764; x_wconf 83' lang='lat' dir='ltr'><strong>Adeser</strong></span> <span class='ocrx_word' id='word_1_733' title='bbox 1003 5702 1178 5765; x_wconf 85' lang='lat' dir='ltr'><strong>Sirois</strong></span> <span class='ocrx_word' id='word_1_734' title='bbox 1217 5702 1371 5765; x_wconf 49' lang='lat' dir='ltr'><strong>&#39;lilitts</strong></span> <span class='ocrx_word' id='word_1_735' title='bbox 1416 5714 1522 5766; x_wconf 88' lang='lat' dir='ltr'><strong>alio</strong></span> <span class='ocrx_word' id='word_1_736' title='bbox 1571 5715 1785 5768; x_wconf 88' lang='lat' dir='ltr'><strong>nomine</strong></span> 
     </span>
    </p>
   </div>
   <div class='ocr_carea' id='block_1_105' title="bbox 208 5776 1782 5851">
    <p class='ocr_par' dir='ltr' id='par_1_105' title="bbox 208 5776 1782 5851">
     <span class='ocr_line' id='line_1_105' title="bbox 208 5776 1782 5851; baseline 0.005 -21"><span class='ocrx_word' id='word_1_737' title='bbox 208 5776 440 5830; x_wconf 74' lang='lat' dir='ltr'><strong>Caboes</strong></span> <span class='ocrx_word' id='word_1_738' title='bbox 469 5777 536 5829; x_wconf 81' lang='lat' dir='ltr'><strong>sit</strong></span> <span class='ocrx_word' id='word_1_739' title='bbox 582 5789 941 5848; x_wconf 82' lang='lat' dir='ltr'><strong>nuncupatus.</strong></span> <span class='ocrx_word' id='word_1_740' title='bbox 971 5780 1049 5834; x_wconf 86' lang='lat' dir='ltr'><strong>Ac</strong></span> <span class='ocrx_word' id='word_1_741' title='bbox 1092 5796 1277 5851; x_wconf 76' lang='lat' dir='ltr'><strong>regum</strong></span> <span class='ocrx_word' id='word_1_742' title='bbox 1313 5784 1528 5851; x_wconf 89' lang='lat' dir='ltr'><strong>quidem</strong></span> <span class='ocrx_word' id='word_1_743' title='bbox 1559 5785 1782 5839; x_wconf 86' lang='lat' dir='ltr'><strong>istorum</strong></span> 
     </span>
    </p>
   </div>
   <div class='ocr_carea' id='block_1_106' title="bbox 1968 5160 2731 5228">
    <p class='ocr_par' dir='ltr' id='par_1_106' title="bbox 1968 5160 2731 5228">
     <span class='ocr_line' id='line_1_106' title="bbox 1968 5160 2731 5228; baseline 0.008 -16"><span class='ocrx_word' id='word_1_744' title='bbox 1968 5160 2152 5213; x_wconf 87' lang='lat' dir='ltr'><strong>Siroes</strong></span> <span class='ocrx_word' id='word_1_745' title='bbox 2182 5160 2653 5228; x_wconf 55' lang='lat' dir='ltr'><strong>Adeser,&#39;tnenses</strong></span> <span class='ocrx_word' id='word_1_746' title='bbox 2677 5164 2731 5217; x_wconf 87' lang='lat'><strong>7.</strong></span> 
     </span>
    </p>
   </div>
   <div class='ocr_carea' id='block_1_107' title="bbox 1967 5229 3463 5305">
    <p class='ocr_par' dir='ltr' id='par_1_107' title="bbox 1967 5229 3463 5305">
     <span class='ocr_line' id='line_1_107' title="bbox 1967 5229 3463 5305; baseline 0.011 -24"><span class='ocrx_word' id='word_1_747' title='bbox 1967 5229 2319 5305; x_wconf 79' lang='lat' dir='ltr'><strong>Sarbarazas,</strong></span> <span class='ocrx_word' id='word_1_748' title='bbox 2344 5248 2501 5300; x_wconf 89' lang='lat' dir='ltr'><strong>quem</strong></span> <span class='ocrx_word' id='word_1_749' title='bbox 2536 5234 2790 5288; x_wconf 81' lang='lat' dir='ltr'><strong>Barazam</strong></span> <span class='ocrx_word' id='word_1_750' title='bbox 2809 5245 2967 5289; x_wconf 88' lang='lat' dir='ltr'><strong>vocat</strong></span> <span class='ocrx_word' id='word_1_751' title='bbox 2988 5235 3282 5305; x_wconf 82' lang='lat' dir='ltr'><strong>Cedrenus,</strong></span> <span class='ocrx_word' id='word_1_752' title='bbox 3296 5241 3463 5299; x_wconf 87' lang='lat' dir='ltr'><strong>inter-</strong></span> 
     </span>
    </p>
   </div>
   <div class='ocr_carea' id='block_1_108' title="bbox 1893 5297 2616 5362">
    <p class='ocr_par' dir='ltr' id='par_1_108' title="bbox 1893 5297 2616 5362">
     <span class='ocr_line' id='line_1_108' title="bbox 1893 5297 2616 5362; baseline 0.014 -15"><span class='ocrx_word' id='word_1_753' title='bbox 1893 5297 2036 5351; x_wconf 75' lang='lat' dir='ltr'><strong>fecto</strong></span> <span class='ocrx_word' id='word_1_754' title='bbox 2067 5301 2292 5362; x_wconf 75' lang='lat' dir='ltr'><strong>Adeser,</strong></span> <span class='ocrx_word' id='word_1_755' title='bbox 2320 5297 2534 5356; x_wconf 82' lang='lat' dir='ltr'><strong>menses</strong></span> <span class='ocrx_word' id='word_1_756' title='bbox 2562 5306 2616 5359; x_wconf 77' lang='grc'><strong>2.</strong></span> 
     </span>
    </p>
   </div>
   <div class='ocr_carea' id='block_1_109' title="bbox 1963 5367 3460 5442">
    <p class='ocr_par' dir='ltr' id='par_1_109' title="bbox 1963 5367 3460 5442">
     <span class='ocr_line' id='line_1_109' title="bbox 1963 5367 3460 5442; baseline 0.014 -24"><span class='ocrx_word' id='word_1_757' title='bbox 1963 5367 2190 5442; x_wconf 59' lang='lat' dir='ltr'><strong>librante,</strong></span> <span class='ocrx_word' id='word_1_758' title='bbox 2210 5368 2455 5442; x_wconf 69' lang='lat' dir='ltr'><strong>Cedreuo</strong></span> <span class='ocrx_word' id='word_1_759' title='bbox 2477 5372 2668 5426; x_wconf 84' lang='lat' dir='ltr'><strong>Barant</strong></span> <span class='ocrx_word' id='word_1_760' title='bbox 2694 5373 2981 5430; x_wconf 85' lang='lat' dir='ltr'><strong>Cltrost‘ois</strong></span> <span class='ocrx_word' id='word_1_761' title='bbox 3005 5375 3137 5442; x_wconf 72' lang='lat' dir='ltr'><strong>lilia,</strong></span> <span class='ocrx_word' id='word_1_762' title='bbox 3168 5393 3382 5438; x_wconf 80' lang='lat' dir='ltr'><strong>menses</strong></span> <span class='ocrx_word' id='word_1_763' title='bbox 3409 5383 3460 5438; x_wconf 84' lang='grc'><strong>7.</strong></span> 
     </span>
    </p>
   </div>
   <div class='ocr_carea' id='block_1_110' title="bbox 1969 5435 2637 5503">
    <p class='ocr_par' dir='ltr' id='par_1_110' title="bbox 1969 5435 2637 5503">
     <span class='ocr_line' id='line_1_110' title="bbox 1969 5435 2637 5503; baseline 0.01 -14"><span class='ocrx_word' id='word_1_764' title='bbox 1969 5435 2306 5503; x_wconf 87' lang='lat' dir='ltr'><strong>llortnisdas,</strong></span> <span class='ocrx_word' id='word_1_765' title='bbox 2347 5456 2519 5495; x_wconf 87' lang='lat' dir='ltr'><strong>annos</strong></span> <span class='ocrx_word' id='word_1_766' title='bbox 2551 5444 2637 5496; x_wconf 81' lang='lat' dir='ltr'><strong>ll.</strong></span> 
     </span>
    </p>
   </div>
   <div class='ocr_carea' id='block_1_111' title="bbox 1893 5505 3458 5589">
    <p class='ocr_par' dir='ltr' id='par_1_111' title="bbox 1893 5505 3458 5589">
     <span class='ocr_line' id='line_1_111' title="bbox 1893 5505 3458 5589; baseline 0.011 -32"><span class='ocrx_word' id='word_1_767' title='bbox 1893 5505 1976 5558; x_wconf 80' lang='lat' dir='ltr'><strong>Ab</strong></span> <span class='ocrx_word' id='word_1_768' title='bbox 2002 5507 2437 5589; x_wconf 38' lang='lat' dir='ltr'><strong>iishNicepl‘tortts</strong></span> <span class='ocrx_word' id='word_1_769' title='bbox 2476 5525 2659 5567; x_wconf 87' lang='lat' dir='ltr'><strong>noster</strong></span> <span class='ocrx_word' id='word_1_770' title='bbox 2690 5515 2849 5586; x_wconf 80' lang='lat' dir='ltr'><strong>longe</strong></span> <span class='ocrx_word' id='word_1_771' title='bbox 2891 5523 3141 5578; x_wconf 86' lang='lat' dir='ltr'><strong>diversus</strong></span> <span class='ocrx_word' id='word_1_772' title='bbox 3179 5520 3332 5587; x_wconf 83' lang='lat' dir='ltr'><strong>abiit,</strong></span> <span class='ocrx_word' id='word_1_773' title='bbox 3368 5525 3458 5589; x_wconf 87' lang='lat' dir='ltr'><strong>qui</strong></span> 
     </span>
    </p>
   </div>
   <div class='ocr_carea' id='block_1_112' title="bbox 1897 5576 3466 5660">
    <p class='ocr_par' dir='ltr' id='par_1_112' title="bbox 1897 5576 3466 5660">
     <span class='ocr_line' id='line_1_112' title="bbox 1897 5576 3466 5660; baseline 0.012 -34"><span class='ocrx_word' id='word_1_774' title='bbox 1897 5585 2017 5660; x_wconf 82' lang='lat' dir='ltr'><strong>post</strong></span> <span class='ocrx_word' id='word_1_775' title='bbox 2045 5576 2242 5660; x_wconf 28' lang='lat' dir='ltr'><strong>Sitzoeu‘</strong></span> <span class='ocrx_word' id='word_1_776' title='bbox 2273 5576 2942 5660; x_wconf 42' lang='lat' dir='ltr'><strong>Caboen‘reeeusetfltinc</strong></span> <span class='ocrx_word' id='word_1_777' title='bbox 2982 5576 3346 5656; x_wconf 55' lang='lat' dir='ltr'><strong>Hormisdam&#39;,</strong></span> 
     </span>
    </p>
   </div>
   <div class='ocr_carea' id='block_1_113' title="bbox 1893 5646 3441 5729">
    <p class='ocr_par' dir='ltr' id='par_1_113' title="bbox 1893 5646 3441 5729">
     <span class='ocr_line' id='line_1_113' title="bbox 1893 5646 3441 5729; baseline 0.012 -33"><span class='ocrx_word' id='word_1_778' title='bbox 1893 5656 2094 5729; x_wconf 66' lang='lat' dir='ltr'><strong>stremo</strong></span> <span class='ocrx_word' id='word_1_779' title='bbox 2121 5646 2438 5729; x_wconf 69' lang='lat' dir='ltr'><strong>§arbarutn.</strong></span> <span class='ocrx_word' id='word_1_780' title='bbox 2471 5652 2612 5707; x_wconf 85' lang='lat' dir='ltr'><strong>Sane</strong></span> <span class='ocrx_word' id='word_1_781' title='bbox 2637 5646 2946 5729; x_wconf 78' lang='lat' dir='ltr'><strong>communis</strong></span> <span class='ocrx_word' id='word_1_782' title='bbox 2977 5646 3090 5715; x_wconf 59' lang='lat' dir='ltr'><strong>hiec</strong></span> <span class='ocrx_word' id='word_1_783' title='bbox 3120 5661 3305 5729; x_wconf 86' lang='lat' dir='ltr'><strong>opinio</strong></span> <span class='ocrx_word' id='word_1_784' title='bbox 3330 5646 3441 5716; x_wconf 66' lang='grc' dir='ltr'>’ἀει</span> 
     </span>
    </p>
   </div>
   <div class='ocr_carea' id='block_1_114' title="bbox 1893 5712 3436 5799">
    <p class='ocr_par' dir='ltr' id='par_1_114' title="bbox 1893 5712 3436 5799">
     <span class='ocr_line' id='line_1_114' title="bbox 1893 5712 3436 5799; baseline 0.013 -32"><span class='ocrx_word' id='word_1_785' title='bbox 1893 5712 2514 5799; x_wconf 62' lang='lat' dir='ltr'><strong>llormisdamultimum</strong></span> <span class='ocrx_word' id='word_1_786' title='bbox 2547 5727 2788 5778; x_wconf 88' lang='lat' dir='ltr'><strong>omnium</strong></span> <span class='ocrx_word' id='word_1_787' title='bbox 2842 5712 2909 5782; x_wconf 86' lang='lat' dir='ltr'><strong>in</strong></span> <span class='ocrx_word' id='word_1_788' title='bbox 2927 5712 3436 5799; x_wconf 34' lang='lat' dir='ltr'><strong>Pe&#39;rsi—tle&#39;regnas-s‘o</strong></span> 
     </span>
    </p>
   </div>
   <div class='ocr_carea' id='block_1_115' title="bbox 1897 5784 3346 5855">
    <p class='ocr_par' dir='ltr' id='par_1_115' title="bbox 1897 5784 3346 5855">
     <span class='ocr_line' id='line_1_115' title="bbox 1897 5784 3346 5855; baseline 0.012 -19"><span class='ocrx_word' id='word_1_789' title='bbox 1897 5784 1994 5839; x_wconf 77' lang='lat' dir='ltr'><strong>Cui</strong></span> <span class='ocrx_word' id='word_1_790' title='bbox 2018 5784 2334 5855; x_wconf 74' lang='lat' dir='ltr'><strong>Sigebertus</strong></span> <span class='ocrx_word' id='word_1_791' title='bbox 2368 5805 2570 5846; x_wconf 87' lang='lat' dir='ltr'><strong>annum</strong></span> <span class='ocrx_word' id='word_1_792' title='bbox 2605 5809 2768 5851; x_wconf 90' lang='lat' dir='ltr'><strong>unum</strong></span> <span class='ocrx_word' id='word_1_793' title='bbox 2793 5784 3054 5855; x_wconf 80' lang='lat' dir='ltr'><strong>duntaxat</strong></span> <span class='ocrx_word' id='word_1_794' title='bbox 3086 5784 3346 5854; x_wconf 54' lang='lat' dir='ltr'><strong>attribuit.</strong></span> 
     </span>
    </p>
   </div>
  </div>
