4206 6440
200 377 303 443 917

1148 384 1246 443 DE
1285 386 1535 447 REBUS
1574 389 1755 449 POST
1794 393 2235 454 MAURICIUM
2272 393 2554 453 GESTIS.

3332 382 3438 445 918

200 493 335 563 ηγδν
358 494 761 565 προχειρίζεται
793 497 885 550 καὶ
910 498 1118 568 πέμπει
1140 501 1276 554 κατὰ
1306 502 1642 572 Σαρακηνῶν
1665 505 1774 558 τῶν

1877 524 2040 562 cenos
2068 510 2159 577 qui
2189 508 2481 579 :Egyptum
2523 504 2859 574 occupabant
2893 501 3076 556 m-ittit.
3104 500 3434 567 Quibuscum

200 586 262 636 έν
285 584 578 657 Αἰγύπτῳ·
610 581 692 650 οἷς
733 586 1023 659 συμϐαλὼν
1059 590 1251 644 πίπτει
1302 595 1395 646 καὶ
1428 594 1611 657 αὐτός.
1640 597 1762 650 Ἔτι

199 676 261 729 δὲ
287 678 527 748 Μαρῖνος
554 679 583 731 6
604 678 714 731 τῶν
767 680 1058 751 Θρᾳκικῶν
1106 684 1600 754 ἐκστρατευμάτων
1630 689 1760 758 ἡγε-

205 766 324 837 μὼν
355 769 632 840 συμμίξας
692 771 879 834 αὐτοῖς
925 773 1151 844 ἡττήθη,
1220 774 1387 829 πολὺν
1414 777 1471 829 δι
1532 779 1760 847 στρατὸν

203 858 500 913 ἀποϐαλὼν
524 861 619 915 καὶ
642 862 806 923 αὐτὸς
826 862 978 932 μόλις
997 864 1344 929 ἀποσώζεται
1370 868 1441 922 ’⁸.
1460 868 1596 921 Μετ’
1625 870 1764 921 έκεῖ-

203 968 297 1003 νον
324 951 689 1020 προϐάλλεται
730 955 1037 1026 στρατηγὸν
1083 957 1360 1026 Μαριανδν
1407 939 1763 1011 κουϐικουλά-

205 1059 322 1112 ριον
351 1046 505 1113 παρὰ
544 1044 830 1115 Ῥωμαίων
866 1048 965 1117 τὴν
993 1046 1169 1113 ἀξίαν,
1201 1048 1293 1101 καὶ
1327 1050 1534 1117 πέμπει
1562 1052 1761 1117 ἐκεῖσε,

200 1137 583 1206 παραγγείλας
617 1138 692 1202 ὼς
738 1140 1151 1193 ἀνακοινοῦσθαι
1198 1142 1367 1212 Κύρῳ
1393 1142 1468 1212 τῷ
1518 1144 1765 1210 Ἀλεξαν-

198 1227 385 1297 δρείας
411 1230 658 1299 ίεράρχῃ,
718 1231 814 1284 καὶ
853 1230 929 1294 ώς
970 1231 1042 1284 ’ἂν
1092 1235 1240 1301 κοινῇ
1298 1233 1670 1301 βουλεύσοιντο
1695 1234 1763 1287 τὰ

202 1319 340 1388 πρὸς
377 1322 503 1383 τοὺς
537 1321 888 1390 Σαρακηνοὺς
913 1324 1199 1376 διάοοιντο.
1237 1324 1413 1393 Κῦρος
1440 1325 1493 1378 δὲ
1510 1321 1577 1395 ἦν
1610 1325 1763 1395 δεδη-

198 1404 395 1470 λωκὼς
416 1407 625 1477 βασιλεί
652 1410 974 1464 σπείσεσθαι
1014 1412 1108 1464 ἐπὶ
1157 1412 1487 1482 τελέσμασιν
1529 1413 1762 1483 Ἀμϐρῳ

200 1495 282 1564 τῷ
303 1496 410 1549 τῶν
442 1498 781 1569 Σαρακηνῶν
818 1500 1098 1570 φυλάρχῳ,
1125 1500 1153 1553 ὃ
1186 1501 1249 1571 δὴ
1281 1503 1373 1554 καὶ
1397 1502 1663 1574 ὑπάρχειν
1694 1504 1760 1557 δι’

200 1586 501 1653 ὲμπολαίου
533 1590 888 1659 συνεισφορᾶς
918 1590 1204 1659 ἐσήμαινε,
1231 1592 1296 1642 τά
1348 1591 1405 1643 δὲ
1430 1592 1508 1661 τῷ
1556 1592 1763 1661 βασιλεῖ

202 1676 555 1753 παρεχόμενα
603 1676 918 1731 ἀδιάπτωτα
967 1680 1182 1747 μένειν·
1216 1682 1657 1752 κατεγγυηθῆναι
1704 1684 1761 1736 δὲ

202 1765 357 1835 αὐτῷ
384 1765 646 1819 Εύδοκὲαν
668 1768 767 1838 τὴν
804 1768 1123 1836 ,λύγοῦσταν
1153 1770 1185 1839 ἣ
1233 1771 1360 1838 μίαν
1389 1772 1495 1823 τῶν
1529 1772 1760 1841 θυγατέ-

1869 600 2162 655 commisso
2213 598 2397 669 praelia
2464 598 2722 660 caeditur,
2780 610 2992 663 unaque
3063 601 3118 644 et
3196 590 3436 644 Marinus

1871 688 2122 743 Thracia:
2160 689 2495 744 exercitibus
2524 685 2813 755 pra-fectus
2842 699 2870 736 a
2902 681 3156 736 Barbarie
3179 678 3434 741 vincitur,
3486 684 3489 687 '

1870 790 1926 833 et
1953 778 2135 833 multis
2173 793 2393 833 suorum
2425 776 2643 832 amissis
2688 788 2830 843 agre
2886 774 3000 842 ipse
3046 778 3291 826 servatus
3330 779 3434 823 cst.

1869 868 1995 924 Post
2035 868 2183 923 illum
2215 868 2487 922 Marianus
2515 864 2885 921 cubicularius
2915 861 3021 915 dux
3048 860 3289 926 eligitur,
3313 873 3436 912 cutn

1870 964 2140 1019 mandatis
2193 972 2255 1017 ut
2305 962 2705 1018 communicato
2756 972 2879 1014 cum
2933 955 3080 1026 Cyro
3127 952 3437 1024 patriarcha

1868 1056 2093 1111 consilio
2116 1056 2276 1110 ambo
2308 1056 2449 1109 inter
2475 1067 2535 1108 se
2563 1052 2630 1106 de
2663 1049 2988 1105 Saracenico
3008 1046 3149 1101 bello
3170 1044 3439 1100 delibera-

1867 1155 2013 1201 rent.
2065 1145 2280 1201 Etenim
2316 1145 2490 1216 Cyrus
2520 1141 2832 1211 imperatori
2872 1138 3276 1209 significaverat
3314 1151 3421 1188 cuu

1865 1238 2068 1294 Omaro
2119 1238 2514 1293 Saracenorum
2547 1234 2827 1305 principe,
2878 1232 3196 1301 interposita
3249 1227 3413 1282 trian

1868 1333 2138 1400 pactione.
2174 1329 2453 1385 conveniri
2500 1342 2675 1396 posse,
2710 1326 2855 1396 quod
2896 1324 3072 1393 ipsum
3108 1320 3250 1372 nullo
3275 1331 3413 1372 cano

1866 1426 1951 1476 nis
2002 1422 2328 1476 detrimento
2368 1419 2636 1474 mercibus
2666 1418 3019 1472 indiceretur.
3066 1415 3146 1466 Ad
3186 1412 3302 1465 lucc
3350 1409 3438 1463 de-

1864 1512 2117 1581 sponderi
2156 1513 2389 1566 barbaro
2427 1509 2718 1565 Eudociam
2741 1509 3035 1577 Augustam
3059 1512 3330 1571 oportere,
3350 1510 3441 1553 aut

1868 1603 2212 1671 imperatoris
2265 1603 2500 1656 flliarum
2546 1600 2705 1653 aliam
2741 1598 3073 1669 quampiam.
3133 1593 3247 1649 Hoc
3293 1595 3434 1647 enini

1867 1692 2025 1747 modo
2048 1692 2116 1747 ad
2155 1693 2394 1746 divinum
2433 1692 2707 1746 lavacrum
2748 1702 3096 1744 accessurum
3135 1685 3434 1749 hominem,

1865 1790 1920 1835 et
1965 1779 2333 1834 Christianqu
2363 1779 2507 1833 haud
2542 1778 2704 1833 dubie
2744 1776 3008 1833 futurum.
3055 1775 3198 1847 Cyro
3238 1773 3439 1843 quippe

203 1871 319 1922 ρων
338 1852 432 1907 τοῦ
484 1854 747 1924 βασιλέως
775 1856 851 1919 ὠς
882 1856 1133 1910 ἐντεῦθεν
1165 1860 1259 1911 καὶ
1288 1860 1365 1930 τῷ
1394 1860 1524 1931 θείῳ
1554 1860 1763 1933 λουτρῷ

1870 1867 2099 1924 Omarus
2126 1869 2349 1938 ejusque
2378 1867 2648 1923 exercitus
2677 1866 2798 1921 fidei
2827 1865 3115 1935 plurimum
3142 1863 3435 1924 habebant,

200 1946 545 2016 βαπτισθησο
552 1947 696 2019 μένῳ
711 1951 803 2001 καὶ
815 1950 855 2001 Χ
868 1950 1125 2021 ριστιανῴ
1148 1968 1254 2022 χρη
1263 1954 1389 2022 ςιατί
1397 1970 1561 2007 σοντι.
1588 1955 1765 2008 Ἐπεί-

200 2038 331 2091 θετο
357 2038 463 2110 γάρ
498 2039 741 2112 ’Δμὸρος
771 2041 849 2110 τῷ
877 2041 1043 2112 Κύρῳ
1081 2044 1176 2095 καὶ
1205 2046 1232 2097 6
1272 2045 1460 2097 τούτου
1496 2048 1720 2116 στρατός
1746 2064 1760 2079 ο

200 2131 302 2183 xz).
321 2132 431 2202 γὰρ
454 2132 682 2201 ἠγάπων
704 2134 865 2187 αὐτὸν
904 2134 1044 2189 λίαν.
1075 2137 1185 2189 Καὶ
1206 2136 1408 2190 τούτων
1445 2138 1765 2209 Ἡράκλειος

198 2223 418 2287 οὐδενὸς
463 2224 727 2295 ἠνείχετο.
791 2226 1008 2297 Ἐπειδὴ
1040 2226 1097 2279 δὲ
1134 2230 1229 2280 καὶ
1280 2228 1562 2300 Μαριανὸς
1592 2230 1765 2283 ταῦτα

198 2312 554 2383 ἐξηπίστατο,
609 2314 852 2368 διίστατο
877 2316 977 2380 τῆς
1027 2317 1121 2370 τοῦ
1163 2317 1349 2390 Κύρου
1425 2318 1670 2391 γνώμης,
1709 2321 1803 2374 καὶ

198 2405 355 2477 αὐτῷ
386 2408 612 2479 στρατὸς
644 2410 846 2473 ἱκανός.

272 2501 461 2573 Τούτῳ
512 2503 591 2573 τῷ
624 2506 798 2575 χρόνῳ
828 2507 1083 2574 ἀνέζευξε
1121 2509 1256 2578 πρὸς
1299 2511 1366 2564 τά
1389 2511 1563 2563 οἰκεῖα
1606 2512 1769 2581 Ἡρά-

201 2592 409 2657 κλειος,
438 2596 532 2647 καὶ
564 2595 814 2665 ηὐλίζετο
862 2599 922 2649 ἐν
951 2598 1027 2671 τῷ
1058 2599 1305 2670 παλατίῳ
1337 2600 1415 2670 τῷ
1448 2602 1766 2673 καλουμένῳ

198 2687 305 2754 τῆς
370 2686 726 2759 ⁹Ιερίας<72)·
768 2689 954 2743 ἐδεδίει
1028 2694 1137 2760 γάρ
1194 2691 1447 2762 ἐπιϐῆναι
1499 2692 1763 2765 θαλάσσῃ,

201 2777 381 2830 πολλά
416 2795 474 2831 τε
502 2780 776 2847 ἀξιοῦντες
808 2783 862 2835 οῖ
882 2800 939 2836 τε
958 2783 1213 2853 ἄρχοντες
1234 2785 1324 2837 καὶ
1354 2786 1404 2837 oi
1426 2786 1526 2855 τῆς
1559 2785 1767 2849 πόλεως

201 2869 264 2921 ἐν
297 2871 361 2939 τῇ
391 2870 545 2924 πόλει
581 2872 845 2926 είσελθεῖν
877 2875 1092 2928 ἔπειθον
1118 2876 1388 2945 οὐδαμῶς.
1425 2877 1514 2929 Ἐν
1546 2877 1604 2930 δὲ
1645 2881 1767 2941 ταῖς

198 2960 421 3029 ἑορταῖς
465 2962 657 3029 μόνους
694 2963 820 3026 τοὺς
850 2966 998 3027 υἱοὺς
1051 2963 1328 3034 ἐξέπεμπε
1355 2965 1423 3028 ’⁸,
1467 2967 1560 3018 καὶ
1616 2966 1771 3019 αὐτοὶ

196 3050 582 3115 ἐπιτελοῦντες
611 3055 669 3106 ιν
697 3052 775 3123 τῷ
806 3054 939 3123 ίερῷ
961 3055 1057 3124 τὴν
1079 3054 1228 3108 θείαν
1245 3055 1586 3129 λειτουργίαν
1609 3057 1771 3120 εὐθὺς

200 3144 347 3215 πρὸς
378 3145 542 3198 αὐτὸν
570 3146 816 3217 ἐξῄεσαν.
880 3146 1156 3211 Ὡσαύτως
1201 3149 1296 3201 καὶ
1344 3149 1470 3211 τοὺς
1513 3149 1769 3213 ἱππικοὺς

1872 1975 2030 2030 quem
2060 1968 2114 2015 et
2146 1961 2389 2029 impense
2415 1958 2691 2014 amabant.
2732 1957 2840 2013 Sed
2879 1957 2995 2011 hac
3043 1952 3294 2007 Heraclio
3334 1952 3436 2005 uii-

1874 2052 2019 2106 nime
2074 2051 2413 2120 placuerunt.
2468 2048 2599 2116 Quae
2633 2049 2723 2103 ubi
2754 2047 2939 2103 omnia
2975 2044 3255 2100 Marianus
3287 2057 3436 2097 com-

1876 2141 2048 2209 perit,
2082 2154 2113 2193 a
2158 2138 2301 2210 Cyro
2338 2139 2665 2193 dissentiens
2696 2146 2894 2192 etcum
2930 2134 3220 2191 Saracenis
3248 2129 3438 2187 conﬂi-

1875 2245 2006 2299 gens
2038 2244 2159 2284 cum
2196 2230 2398 2299 ingenti
2426 2243 2653 2285 numero
2683 2227 2912 2283 militum
2945 2226 3218 2282 occubuit.

1872 2319 2165 2393 σιμϐαλὼν
2211 2321 2551 2391 Σαρακηνοῖς
2608 2318 2802 2373 πίπτει
2849 2335 2909 2371 τε
2973 2316 3138 2379 αὐτὸς
3184 2315 3279 2369 καὶ
3339 2317 3437 2368 σὺν

1949 2513 2062 2566 Sub
2094 2512 2205 2565 lucc
2236 2511 2514 2567 lleraclius
2540 2511 2607 2565 ad
2632 2511 2818 2565 urbem
2851 2524 3103 2565 reversus
3135 2509 3188 2561 in
3212 2506 3433 2576 palatio,

1874 2604 2018 2673 quod
2047 2602 2243 2658 llieritc
2264 2603 2485 2666 dicitur,
2520 2603 2721 2656 mansit
2759 2618 2772 2654 :
2803 2614 2980 2671 neque
3027 2600 3171 2653 enim
3205 2597 3339 2651 mari
3376 2613 3437 2651 su

1875 2697 2211 2751 committere
2242 2695 2491 2749 audebat.
2527 2693 2771 2762 Cumque
2794 2702 2849 2747 et
2878 2693 3228 2761 magistratus
3250 2699 3305 2744 et
3326 2689 3438 2758 pri-

1877 2802 2055 2843 mores
2077 2787 2276 2841 citium
2328 2786 2596 2841 instarent
2642 2794 2699 2838 ut
2730 2784 2784 2838 in
2817 2786 3003 2839 urbem
3042 2783 3434 2853 ingrederetur,

1876 2874 2202 2944 persuadere
2249 2872 2360 2944 29
2410 2888 2517 2929 non
2555 2882 2865 2944 potuerunt.
2897 2874 2975 2927 Ac
2995 2887 3093 2942 per
3125 2871 3293 2927 festos
3321 2871 3439 2926 dies

1873 2966 2013 3021 lilios
2042 2967 2302 3021 duntaxat
2350 2965 2617 3030 mittebat,
2661 2964 2753 3034 qui
2800 2965 2973 3019 sacris
3018 2964 3072 3016 iu
3120 2961 3319 3032 templo
3371 2975 3440 3015 ex

1872 3070 2021 3111 more
2067 3055 2321 3125 perfectis
2368 3055 2551 3109 statim
2594 3054 2662 3108 ad
2702 3055 2875 3122 ipsum
2923 3051 3299 3117 revertebant;
3353 3051 3440 3104 iti-

1872 3149 2103 3217 demque
2149 3156 2438 3216 postquam
2488 3143 2838 3201 Circensibus
2899 3144 3223 3214 spectaculis
3271 3143 3437 3197 inter.-

196 3234 425 3302 άγῶνας
470 3238 633 3306 ἡνίκα
686 3237 938 3303 ἐθεῶντο,
998 3239 1159 3292 πάλιν
1226 3239 1364 3309 πρὸς
1415 3240 1507 3292 τὸν
1559 3239 1771 3309 πατέρα

1876 3238 2108 3302 fuerant,
2154 3239 2338 3294 statim
2385 3238 2451 3291 ad
2504 3245 2781 3307 parentem
2813 3236 3082 3290 redibant.
3123 3234 3288 3302 igitur
3314 3250 3439 3286 cum

195 3326 548 3397 ἀπεχώρουν.
589 3329 677 3383 Ἑν
703 3323 748 3397 ᾧ
791 3329 847 3383 δὲ
893 3330 1159 3400 διέτριϐεν
1209 3331 1414 3393 ἐκεῖσε,
1446 3331 1773 3399 ἀγγέλλεται

197 3419 354 3488 αὐτῷ
383 3418 459 3481 ώς
484 3419 515 3471 6
558 3420 672 3482 υίὸς
724 3419 890 3474 αὑτοῦ
947 3420 1301 3489 Ἀταλάριχος
1364 3421 1458 3474 καὶ
1500 3420 1775 3492 Θεόδωρος

195 3512 227 3562 6
285 3510 387 3580 τὴν
434 3508 588 3574 ἀξίαν
638 3511 958 3580 μάγιστρος,
998 3509 1277 3582 Θεοδώρου
1310 3512 1367 3564 δὲ
1391 3511 1485 3565 τοῦ
1512 3512 1778 3584 βασιλέως

196 3600 437 3670 ἀδελφοῦ
490 3601 625 3664 υίὸς,
668 3601 763 3654 σὺν
794 3602 972 3665 ἄλλοις
1013 3605 1155 3657 τισὶν
1205 3603 1576 3658 ἐπιϐουλεύειν
1627 3604 1776 3674 αὐτῷ

196 3690 436 3762 ἤμελλον
465 3707 479 3722 ·
558 3695 653 3746 καὶ
724 3695 837 3756 τοῖς
905 3693 1179 3763 μηνύσασι
1232 3694 1478 3758 πεισθεὶς
1561 3695 1769 3751 τούτων

195 3785 302 3846 τάς
355 3784 507 3851 ῤ’ίνας
547 3784 767 3847 καὶτὰς
799 3787 985 3855 χεῖρας
1012 3784 1257 3855 ἐξέτεμε,
1318 3786 1413 3839 καὶ⁹
1477 3786 1767 3857 Ἀταλάρι-

196 3890 297 3942 χον
370 3872 469 3943 μὲν
522 3876 605 3937 είς
662 3876 761 3946 τὴν
815 3876 976 3944 νῆσον
1025 3876 1123 3947 τὴν
1170 3876 1471 3947 λεγομένην
1528 3878 1762 3948 Πρίγκι-

198 3978 305 4015 πον
340 3963 450 4033 (75)
510 3964 785 4033 ἐξόριστον
845 3964 1144 4036 ἐξέπεμψε,
1192 3965 1465 4036 Θεόδωρον
1510 3966 1568 4019 δὲ
1629 3968 1766 4036 πρὸς

196 4054 300 4125 τὴν
336 4054 497 4124 νῆσον
541 4057 642 4126 τὴν
662 4057 708 4090 ⁸⁸
738 4056 778 4108 Γ
780 4057 1142 4128 αυδομελέτην
1190 4058 1761 4130 προσαγορευομένην,

1875 3332 1985 3385 illic
2057 3330 2414 3392 consisteret,
2470 3327 2773 3382 nuntiatum
2816 3327 2866 3380 ei
2922 3335 3006 3381 est
3064 3325 3436 3379 Atalaricbuni

1874 3421 2041 3475 lilium
2074 3431 2129 3475 et
2167 3418 2506 3475 Theodorqu
2548 3418 2888 3488 magistrum,
2925 3415 3197 3472 Theodori
3253 3415 3439 3470 fratris

1874 3512 2066 3577 filium,
2091 3526 2213 3566 cum
2251 3511 2374 3565 aliis
2408 3510 2731 3580 quibusdam
2758 3518 2946 3564 contra
2995 3524 3053 3562 se
3097 3506 3433 3577 coniurasse.

1873 3604 2111 3672 Quarum
2153 3618 2332 3659 rerum
2362 3602 2632 3657 indicibus
2654 3600 2885 3657 credens
2913 3613 3073 3654 nares
3103 3598 3208 3652 illis
3240 3607 3296 3653 et
3322 3614 3438 3651 ina-

1879 3709 1978 3747 nus
2004 3691 2264 3761 pmcidit.
2292 3690 2637 3745 Atalariclnts
2673 3690 2724 3743 in
2755 3688 2987 3742 insulam
3022 3686 3240 3741 nomine
3285 3683 3439 3737 Prin-

1876 3784 2052 3851 cipum
2082 3782 2415 3852 deportatur,
2446 3780 2763 3835 Theodorus
2791 3794 2920 3832 vero
2952 3778 3004 3831 in
3038 3775 3266 3832 insulam
3301 3773 3440 3829 Cau-

1876 3872 2197 3927 domeleten.
2224 3872 2389 3942 Cujus
2419 3872 2606 3926 insula:
2635 3868 2759 3924 duci
2784 3869 3003 3922 mandat
3023 3877 3101 3933 ut,
3132 3881 3253 3921 cum
3291 3865 3356 3918 ad
3380 3881 3440 3919 sn

1874 3967 2227 4033 pervenisset,
2258 3980 2421 4019 unum
2448 3964 2496 4017 ei
2524 3978 2590 4018 ex
2626 3961 2852 4032 pedibus
2878 3969 3202 4029 atnputaret.
3238 3956 3434 4011 Eadem

1872 4066 1924 4109 et
1950 4057 2001 4109 in
2036 4071 2225 4110 omnes
2256 4054 2511 4110 facinoris
2553 4052 2798 4107 conscios
2836 4066 2991 4121 paena
3026 4048 3363 4105 decernitur.

196 4147 507 4217 ἐπιτρέψας
561 4148 637 4217 τῷ
690 4150 867 4202 έκείσε
922 4150 1092 4211 δουκὶ,
1160 4150 1322 4220 ἡνίκα
1394 4151 1529 4221 πρὸς
1586 4151 1747 4203 αὐτὸν
1813 4147 2128 4211 καταλάϐοι,
2178 4148 2273 4201 καὶ
2321 4148 2411 4200 τὸν
2479 4146 2666 4215 ἕτερον
2706 4141 2817 4194 τῶν
2898 4141 3076 4195 ποδῶν
3117 4136 3435 4209 ἀφελέσθαι.

197 4240 365 4294 Κατὰ
397 4240 567 4294 ταῦτα
594 4241 651 4294 δὲ
701 4242 794 4293 καὶ
824 4241 947 4304 τοὺς
979 4242 1305 4309 συγγνόντας
1336 4243 1516 4305 αὐτοῖς
1540 4241 1607 4295 τὰ
1646 4242 1746 4311 τῆς
1782 4239 2073 4309 ἐπιϐουλῆς
2103 4237 2503 4309 ἐτιμωρήσατο.

268 4336 484 4405 Χρόνου
534 4336 590 4387 δὲ
657 4334 841 4387 ἱκανοῦ
894 4335 1193 4398 διελθόντος
1254 4336 1766 4405 παρασκευάζουσιν

194 4428 246 4478 οἱ
273 4424 374 4480 τοῦ
408 4424 669 4494 βασιλέως
708 4426 962 4494 ἄρχοντες
1012 4426 1105 4478 τὸν
1150 4426 1387 4496 ιπαρχον
1416 4424 1491 4489 ώς
1530 4442 1767 4493 συναγα-

1944 4332 2149 4387 Deinde
2196 4331 2352 4400 longo
2386 4340 2576 4400 postea
2622 4338 2865 4399 tempore
2914 4325 3204 4396 prmfectus
3262 4324 3437 4378 urbis.

1874 4426 2284 4494 magistratuum
2312 4422 2547 4487 hortatu,
2584 4421 2767 4475 multis
2803 4422 2856 4474 in
2889 4434 3053 4473 unum
3095 4415 3303 4471 coactis
3344 4428 3440 4467 na-

196 4518 320 4581 γεῐν
378 4515 601 4568 πλεῖστα
654 4517 813 4568 πλοῖα
844 4519 936 4570 καὶ
992 4519 1227 4587 ἐχόμενα
1275 4518 1528 4588 ἀλλήλοις
1569 4518 1768 4586 ἐξάψαι

1875 4516 2028 4567 vilius
2052 4524 2106 4567 et
2127 4513 2355 4566 invicem
2386 4512 2640 4580 alligatis,
2666 4509 2805 4565 freto
2836 4510 2977 4579 quod
3014 4506 3305 4576 Angustias
3332 4520 3431 4557 vos

195 4608 395 4678 ὥσπερ
425 4607 736 4678 γεφυρώσει
764 4610 807 4641 ’⁷
867 4609 959 4661 τὸν
1006 4609 1249 4680 πορθμὸν
1300 4610 1396 4661 τοῦ
1430 4610 1768 4678 καλουμένου

1878 4614 2000 4659 cant
2048 4604 2196 4659 velut
2241 4613 2457 4671 pontem
2511 4602 2761 4671 injungit,
2788 4616 2852 4657 ac
2903 4602 3067 4655 ramis
3092 4599 3346 4651 arborum
3382 4603 3438 4650 et

196 4697 424 4759 Στενοῦ,
461 4698 686 4760 κλώνοις
714 4700 760 4731 ’⁸
792 4717 851 4752 τε
903 4700 1132 4770 δένδρων
1161 4702 1256 4753 καὶ
1284 4701 1546 4770 φυλλάσιν
1572 4700 1769 4753 ἑκατέ-

1881 4694 2030 4748 fuliis
2067 4694 2318 4761 utrinque
2380 4692 2550 4745 latera
2608 4690 2921 4759 prietendit,
2973 4697 3030 4741 ut
3087 4686 3433 4756 praetereunti

200 4791 379 4859 ρωθεν
406 4788 776 4861 διατειχίζειν,
824 4791 899 4856 ώς
937 4793 1070 4862 μηδὲ
1118 4793 1347 4863 ὁρᾶσθαι
1388 4795 1639 4863 παριόντι
1674 4792 1769 4862 τὴν

1880 4802 2141 4855 nusquam
2195 4799 2342 4839 mare
2371 4783 2796 4852 prospiceretur.
2830 4778 2983 4847 Quod
3015 4794 3150 4848 opus
3182 4791 3302 4831 cum
3342 4790 3436 4830 cc—

1493 4964 1723 5019 VAlile
1757 4958 2159 5017 LECTIONES.

271 5105 318 5132 "
346 5118 433 5168 γρ.
459 5098 775 5163 διασώζεται
807 5114 990 5169 margo
1021 5098 1078 5152 P.
1154 5100 1201 5131 "
1225 5100 1565 5168 είσέπεμπεῖ
1638 5100 1683 5131 "
1707 5102 1805 5169 τὴν
1834 5115 1943 5153 om.
1971 5099 2028 5154 Ρ.
2102 5098 2146 5130 ⁸⁷
2167 5096 2309 5150 ὥστε
2345 5097 2704 5166 γεφυρῶσαιῗ
2775 5097 2821 5130 ⁸⁸
2850 5096 3058 5160 κλόνοις
3090 5095 3150 5151 Ρ.

1561 5212 1735 5266 I’ETA
1748 5212 1835 5265 Vll
1870 5213 2106 5268 NUTA‘].

272 5342 388 5408 ('12)
422 5341 550 5414 τῆς
602 5344 829 5411 Ἰερίας.
864 5343 995 5399 Vide
1026 5361 1150 5399 num
1195 5361 1259 5399 eo
1302 5347 1569 5414 pertineat
1602 5346 1759 5398 disti-

200 5415 342 5465 r-linn
376 5413 502 5465 illud
526 5431 589 5466 ex
615 5417 775 5468 Anth.
812 5415 849 5468 l.
877 5432 949 5477 tv,
978 5431 1029 5468 (τ.
1063 5416 1114 5481 5,
1150 5416 1243 5479 Ei;
1272 5413 1473 5469 εἴσοδον
1512 5415 1758 5486 Ἰερείας.

310 5522 516 5597 ξΐοζιτον
556 5523 932 5597 Ἰουστινιανὸς
953 5526 1198 5594 ἀγακλέα
1222 5526 1445 5595 δείματο
1469 5525 1668 5597 χῶρον.

307 5593 503 5646 "fasti.
533 5596 627 5645 καὶ
657 5595 783 5665 γαίῃ
814 5596 1008 5658 κάλλος
1036 5599 1228 5667 έπικρε
1241 5593 1440 5665 μάσας.

200 5684 391 5763 Neque
420 5687 563 5738 enim
596 5686 658 5739 ad
679 5687 845 5763 (edem
874 5686 945 5763 B._
966 5687 1201 5763 Virginis
1233 5691 1502 5759 pertinere.
1520 5692 1757 5763 ridetur.

204 5766 260 5807 ut
300 5759 564 5823 interpres
619 5758 830 5819 asserit,
858 5760 947 5812 sed
978 5759 1042 5810 ad
1076 5758 1353 5830 '[ialatinm
1395 5762 1750 5815 maritimum.

1872 5349 2116 5411 Ejusdem
2181 5347 2362 5416 palatii
2405 5346 2643 5400 meminit
2704 5354 2758 5416 et
2812 5345 3169 5413 Theophanes
3193 5344 3246 5397 in
3285 5345 3434 5403 ..12

1866 5415 2231 5487 Cupronymi,
2285 5419 2372 5487 ubi
2432 5415 2854 5487 conciliabulum
2901 5416 3184 5487 adversus
3216 5422 3433 5487 sanctas

1880 5483 2140 5549 imagines
2199 5488 2252 5540 in
2301 5486 2473 5540 Ilicrte
2503 5486 2701 5554 palatio
2728 5485 3058 5537 celebratum
3102 5483 3284 5539 refert.
3326 5484 3432 5539 Sed

1875 5566 1929 5611 ct
1964 5556 2297 5621 Nicephorius
2355 5565 2537 5610 noster
2571 5556 2622 5607 in
2661 5558 2763 5607 line
2793 5554 3048 5608 historian.

1945 5628 2055 5749 $75)
2077 5626 2542 5705 Τὴνςλεγομένην
2555 5626 2899 5694 Πρίγκιπον.
2922 5622 3233 5694 Principum
3256 5622 3431 5683 insula

1998 5698 2275 5749 rononndc
2306 5708 2406 5749 stta
2437 5707 2537 5749 est.

1871 5698 1920 5750 itt
1952 5698 2275 5765 Propontide
2306 5698 2406 5750 sita
2437 5707 2537 5749 est.
