4206 6440
202 388 296 451 (ιιι

1141 396 1238 455 DE
1276 396 1527 457 REBUS
1564 398 1747 459 POST
1788 400 2234 463 MAURICIUM
2272 404 2561 464 GESTIS.

3337 404 3442 467 922

206 493 427 557 Ἄλλους
449 496 468 525 ³
497 512 556 548 τε
584 493 807 548 τοιαῦτα
840 496 1103 566 samnito
1132 498 1465 567 πράξαντας,
1493 503 1583 554 καὶ
1608 502 1767 556 αὑτὸν
1798 512 1843 567 Α

1798 512 1843 567 Α
1874 507 2181 561 insimulari
2233 512 2538 564 contendit.
2577 508 2782 564 Contra
2837 508 3133 577 imperator
3187 510 3438 578 gentilem

205 588 381 655 μάτην
410 585 549 655 ὑπὲρ
586 586 791 637 τούτων
826 586 1231 655 ἐγκαλούμενον
1262 589 1587 660 ἰσχυρίζετο.
1628 592 1687 644 'U
1712 592 1769 645 δὲ

205 677 442 745 Ἕλληνα
501 676 592 729 τὸν
652 677 833 746 Κῦρον
908 679 1174 731 ἀπεκάλει
1247 679 1324 740 ὠς
1379 681 1602 751 Ἕλληνι
1677 683 1771 736 καὶ

203 767 454 838 θεομάχῳ
526 768 621 820 καὶ
692 768 835 821 κατά
917 770 1260 841 Χριστιανῶν
1351 773 1633 843 φρονοῦντι
1692 773 1771 843 τῷ

206 857 439 927 ’Δμόρῳ
477 857 553 927 τῷ
592 857 701 910 τῶν
748 860 1085 929 Σαρακηνῶν
1115 862 1374 934 φυλάρχῳ
1436 865 1773 934 συμϐουλεύ-

205 964 371 1001 σαντα
401 950 502 1018 τὴν
528 948 623 1002 τοῦ
659 950 928 1019 βασιλέως
970 953 1420 1024 κατεγγυηθῆναι
1475 955 1766 1025 θυγατέρα.

215 1039 582 1103 Ἑν³τούτοις
653 1037 747 1093 οὖν
815 1043 1202 1113 ἀγανακτήσας
1264 1044 1386 1097 κατ’
1429 1047 1618 1111 αὑτοῦ,
1675 1049 1771 1101 καὶ

202 1131 518 1200 ἀναιρήσειν
548 1132 805 1197 ἀπειλῶν,
836 1134 914 1203 τῷ
943 1135 1041 1205 τῆς
1096 1136 1305 1200 πόλεως
1341 1138 1507 1191 αὑτὸν
1539 1139 1770 1211 ὑπάρχῳ

201 1222 277 1281 ὡς
311 1222 645 1293 αἰκισομένῳ
673 1224 1030 1294 παραδίδωσι.

271 1312 429 1365 Μετὰ
450 1314 607 1367 τοῦτο
628 1316 865 1369 ἐδικαίου
902 1318 993 1371 τὸν
1038 1321 1150 1375 υίὸν
1191 1321 1508 1392 Ἡράκλειον
1535 1322 1772 1377 ὑπατεῦ-

203 1423 317 1470 σαι,
358 1410 521 1463 Δαϐὶδ
558 1412 615 1463 δὲ
645 1411 667 1443 ’⁵
708 1413 803 1466 καὶ
832 1415 1073 1485 Μαρῖνον
1107 1416 1219 1485 (78)
1247 1420 1376 1481 τοὺς
1425 1420 1574 1483 υἱοὺς
1603 1421 1768 1473 αὑτοῦ

203 1500 489 1572 Καίσαρας
516 1504 904 1574 ἀνηγόρευσεν,
936 1508 1314 1576 Αὑγουστῖναν
1341 1511 1397 1563 δὲ
1429 1511 1524 1563 καὶ
1556 1512 1770 1582 Μαρτῖ-

201 1610 298 1645 ναν
330 1594 429 1655 τὰς
459 1594 763 1665 θυγατέρας
794 1598 1132 1665 Αὐγούσταις.
1156 1602 1361 1671 Χρόνου
1393 1602 1450 1653 δὲ
1470 1602 1771 1666 διελθόντος

200 1684 345 1753 νόσῳ
374 1684 593 1756 ὑδερικῇ
626 1689 966 1758 περιπίπτει,
991 1691 1084 1743 καὶ
1110 1691 1253 1762 ὁρῶν
1287 1691 1349 1743 τὸ
1381 1692 1555 1756 πάθος
1583 1693 1770 1747 δυσία-

198 1791 295 1827 τον
341 1778 472 1843 (ἐπὶ
502 1776 728 1830 τοσοῦτο
773 1780 884 1850 γάρ
913 1780 1280 1845 ἐπεξετείνετο
1303 1823 1318 1845 ,
1362 1783 1437 1846 ὼς
1470 1784 1567 1837 καὶ
1605 1786 1768 1854 ἡνίκα

1872 600 2019 654 illum
2051 616 2115 655 ac
2146 599 2241 655 Dei
2274 603 2481 655 hostem
2521 602 2812 671 appellare,
2850 603 2941 668 qui
2987 602 3248 654 adversus
3277 599 3439 654 Chri-

1871 692 2077 746 stianos
2101 694 2488 761 conspirasset,
2508 701 2563 747 et
2593 694 2660 747 de
2692 692 3037 761 imperatoris
3073 692 3177 744 lilia
3208 690 3441 744 Sarace-

1873 798 2061 837 normn
2089 784 2317 853 principi
2359 782 2562 839 Omaro
2603 784 2986 853 despondenda
3015 783 3298 836 consilium
3341 782 3442 835 de—

1871 877 2062 935 disset.
2095 877 2241 931 Inter
2272 879 2387 932 haec
2413 888 2601 933 eontra
2638 878 2791 930 illum
2823 887 3201 946 exasperatus,
3252 887 3307 929 et
3350 875 3439 929 in-

1874 972 2223 1029 terfecturum
2242 988 2301 1027 se
2322 973 2601 1039 minitans,
2632 971 2887 1041 praefecto
2911 971 3058 1025 urbis
3082 970 3438 1039 torquendum

1872 1083 1935 1122 ac
1968 1067 2319 1123 cruciandum
2355 1065 2596 1121 tradidit.

1940 1329 2043 1399 31
2071 1327 2261 1382 Postea
2286 1343 2415 1383 vero
2446 1327 2753 1382 Heracliam
2783 1327 2952 1381 filium
2977 1328 3247 1382 consulem
3282 1325 3431 1391 facit,

1872 1422 2126 1475 Davidem
2168 1429 2224 1476 et
2257 1418 2523 1473 Marinum
2549 1420 2684 1474 alios
2704 1420 2903 1473 liberos
2924 1419 3163 1474 Caesares
3181 1418 3432 1488 appellat,

1871 1513 2224 1581 Augustinam
2248 1511 2611 1565 et-Martinam
2635 1510 2772 1565 ﬁlias
2794 1510 3084 1580 Augustas.
3107 1507 3234 1563 lnde
3264 1511 3432 1565 inter-

1872 1605 2013 1659 cutis
2049 1619 2201 1673 aqua:
2230 1605 2421 1657 morbo
2445 1611 2731 1671 correptus
2759 1615 2880 1656 cum
2913 1602 3258 1671 desperatum
3291 1601 3435 1655 hunc

1873 1698 2098 1751 sentiret
2124 1698 2271 1765 (nam
2315 1708 2486 1763 usque
2544 1695 2679 1747 adeo
2732 1692 3077 1757 invaluerat,
3134 1702 3191 1745 ut
3222 1690 3436 1761 quoties

1873 1790 2073 1843 meiere
2105 1786 2285 1851 vellet,
2336 1785 2641 1840 ventriculo
2671 1798 2913 1838 asserem
2957 1784 3260 1851 imponeret
3295 1804 3307 1837 :
3356 1791 3438 1837 et-

200 1866 466 1936 άπουρεῖν
500 1868 702 1938 ἤμελλε
734 1873 921 1925 σανίδα
965 1873 1106 1925 κατὰ
1140 1874 1234 1926 τοῦ
1268 1876 1433 1945 ἤτρου
1478 1876 1715 1930 ἐπετίθει
1750 1891 1765 1906 ·
1797 1860 1841 1915 Β

1797 1860 1841 1915 Β
1868 1880 2010 1935 enim
2034 1880 2323 1933 distortum
2352 1877 2658 1945 pudendum
2680 1876 2892 1929 urinam
2914 1890 3130 1929 sursum
3160 1876 3213 1929 in
3245 1874 3434 1928 faciem

198 1959 498 2028 ἐστρέφετο
530 1962 638 2032 γάρ
668 1964 832 2018 αὑτοῦ
854 1966 915 2018 τὸ
937 1966 1155 2029 αἰδοῖον,
1183 1969 1435 2022 καὶκατὰ
1455 1968 1547 2022 τοῦ
1580 1988 1762 2041 προσ-

195 2049 356 2104 ώπου
392 2054 557 2108 αὑτοῦ
594 2056 664 2109 τὰ
690 2054 826 2125 οὖρα
854 2058 1100 2129 ἔπεμπεν
1127 2074 1141 2087 ·
1179 2060 1399 2132 ἐλεγχος
1434 2061 1490 2114 δὲ
1520 2057 1586 2133 ἦν
1614 2063 1769 2115 τοῦτο

195 2142 301 2211 τῆς
329 2147 673 2217 παρανομίας
699 2151 798 2219 τῆς
859 2149 1073 2213 ἑαυτοῦ,
1109 2151 1245 2222 ὑπὲρ
1274 2148 1341 2224 ἧς
1382 2152 1583 2222 ταύτην
1615 2154 1769 2225 δίκην

199 2233 443 2304 ὑστάτην
494 2238 700 2302 ἐξέτισε
759 2240 851 2292 τοῦ
881 2244 961 2305 εἰς
1006 2242 1104 2313 τὴν
1143 2244 1369 2313 ἀνεψιὰν
1408 2246 1505 2315 τὴν
1562 2247 1769 2299 οἰκείαν

197 2326 448 2396 γάμου),
486 2329 750 2400 διαθήκας
776 2328 869 2387 οὖν
906 2333 1162 2397 ἐξετίθει,
1194 2334 1334 2387 ὥστε
1361 2337 1769 2389 Κωνσταντῖνον

197 2419 298 2470 καὶ
351 2419 668 2489 Ἡράκλειον
723 2426 851 2487 τοὺς
899 2427 1048 2488 υἱοὺς
1101 2426 1264 2479 αὑτοῦ
1302 2426 1544 2495 βασιλεῖς
1584 2427 1771 2497 ὁμοτί-

200 2528 345 2581 μους
370 2509 527 2577 εἶναι,
562 2516 657 2568 καὶ
693 2518 977 2588 Μαρτῖναν
1011 2518 1108 2588 τὴν
1144 2518 1309 2571 αὑτοῦ
1342 2522 1577 2587 γυναῖκα
1606 2520 1769 2589 τιμᾶ-

200 2602 333 2656 σθαι
368 2607 496 2675 παρ’
532 2608 713 2659 αὐτῶν
764 2609 838 2672 ὡς
886 2610 1097 2679 μητέρα
1157 2612 1250 2662 καὶ
1296 2610 1634 2679 βασίλισσαν.
1676 2612 1771 2664 Ἐκ

196 2691 395 2744 τούτου
434 2694 615 2748 λοιπὸν
635 2696 743 2764 (79)
794 2697 1047 2749 ἐτελεύτα
1086 2697 1256 2767 ζήσας
1289 2699 1381 2768 ἔτη
1418 2699 1475 2765 ἒξ
1506 2701 1599 2752 καὶ
1647 2700 1772 2770 ἐξή-

196 2785 479 2844 γοντα,ἐν
502 2784 560 2836 δὲ
607 2788 670 2855 τῇ
723 2785 971 2857 βασιλείᾳ
1014 2787 1271 2849 διανύσας
1329 2787 1422 2857 ἔτη
1481 2789 1773 2857 τριάκοντα

200 2874 389 2942 μῆνας
421 2876 689 2946 τέσσαρας
711 2878 925 2947 ἡμέρας
958 2878 1037 2942 ἐξ.
1065 2878 1341 2932 Θάπτεται
1374 2879 1431 2932 δὲ
1467 2882 1523 2931 ἐν
1544 2878 1621 2947 τῷ
1641 2879 1771 2948 ἱερῷ

196 2964 315 3016 τῶν
359 2968 731 3038 πανευφήμων
781 2969 1140 3033 Ἀποστὸλων,
1188 2970 1281 3021 καὶ
1316 2970 1491 3039 τρισὶν
1540 2969 1774 3039 ἡμέραις

194 3058 476 3121 ἀσκεπὲς,
512 3058 702 3131 ὥσπερ
738 3056 805 3131 ἦν
842 3062 1098 3128 διατάξας
1131 3062 1209 3113 ἔτι
1235 3061 1462 3131 περιὼν,
1488 3064 1554 3113 τὸ
1583 3062 1776 3115 ὑποδε-

196 3147 431 3218 ξόμενον
457 3149 621 3202 αὑτοῦ
655 3150 718 3203 τὸ
768 3152 925 3221 σῶμα
958 3151 1188 3205 διετέλει
1239 3152 1431 3222 μνῆμα
1466 3154 1507 3218 ⁸,
1544 3170 1771 3223 περικα-
1798 3187 1843 3245 c

196 3238 463 3309 θημένων
499 3240 647 3310 αύτῷ
684 3242 955 3311 εὐνούχων
988 3242 1298 3311 ὑπηρετῶν.

200 3354 205 3361 ·
275 3331 435 3383 Μετὰ
466 3331 622 3384 τοῦτο
655 3333 908 3401 Μαρτῖνα
968 3335 1001 3402 ἡ
1048 3333 1332 3400 Αὑγοῦστα
1364 3333 1777 3403 ἐκκλησιάσασα.

195 3426 299 3474 καὶ
330 3424 424 3475 τὸν
458 3426 585 3494 περὶ
613 3424 674 3476 τὸ
722 3426 1013 3488 Βυζάντιον
1046 3426 1197 3490 λαὸν,
1248 3427 1345 3488 τάς
1380 3423 1483 3496 [τε]
1514 3426 1776 3495 διαθήκας

208 3512 541 3583 Ἡρακλείου
560 3514 872 3575 ὑπεδείκνυ,
897 3514 971 3577 ὡς
998 3532 1061 3567 πε
1072 3515 1124 3585 pl
1141 3515 1311 3583 αὐτῆς
1326 3516 1420 3566 καὶ
1442 3514 1549 3566 τῶν
1574 3516 1776 3567 τέκνων

191 3602 437 3655 διέθετο.
480 3604 537 3655 '0
570 3603 627 3655 δὲ
651 3602 839 3672 παρὼν
870 3604 1016 3666 ἅπας
1050 3604 1221 3674 δῆμος
1249 3606 1653 3656 Κωνσταντῖνον
1683 3605 1777 3656 καὶ

205 3696 538 3766 Ἡράκλειον
553 3697 678 3758 τοὺς
705 3696 943 3765 βασιλεῖς
967 3696 1253 3765 ἐπεζήτει·
1274 3698 1304 3764 ἠ
1322 3695 1376 3746 δὲ
1393 3691 1527 3766 ἦγεν
1557 3696 1772 3758 αὐτοὺς,

191 3788 303 3839 καὶ
342 3787 459 3856 ἅμα
483 3787 810 3855 διελογίζετο
863 3787 1158 3856 νομίζουσα
1215 3786 1311 3838 ἅτε
1344 3787 1365 3816 ⁸⁵
1392 3785 1680 3855 βασίλισσα
1710 3786 1780 3841 τὰ

191 3877 402 3946 πρῶτα
457 3880 535 3940 εἰς
589 3878 689 3949 τὴν
735 3878 1013 3947 βασιλείαν
1047 3877 1333 3948 φέρεσθαι.
1371 3878 1528 3939 Τινὲς
1572 3878 1628 3930 δὲ
1679 3877 1776 3931 τοῦ

192 3971 547 4035 συνεστῶτος
614 3972 747 4025 λαοῦ
800 3972 1110 4041 άνεφώνουν
1163 3972 1297 4041 πρὸς
1354 3973 1524 4043 αὑτὴν
1579 3971 1776 4027 δτιΣὺ

192 4063 314 4133 μὲν
362 4063 527 4134 τιμὴν
568 4063 711 4134 ἔχεις
752 4065 829 4128 ὡς
877 4067 1059 4136 μήτηρ
1098 4063 1383 4133 βασιλέων,
1424 4057 1570 4117 οὗτοι
1603 4063 1660 4116 δὲ
1700 4062 1777 4127 ὡς

192 4155 453 4224 βασιλεῖς
485 4159 578 4208 καὶ
609 4157 893 4210 δεσπόται.
939 4157 1245 4226 Ἐξαίρετον
1282 4156 1340 4208 δὲ
1371 4156 1576 4208 ἐδίδουν
1606 4155 1773 4227 γέρας

192 4248 607 4318 Κωνσταντίνῳ
641 4247 717 4311 ὡς
769 4248 971 4318 πρώτῳ
1003 4250 1083 4311 είς
1116 4248 1213 4318 τὴν
1265 4246 1543 4317 βασιλείαν
1587 4246 1731 4299 κατὰ
1753 4245 1774 4278 ⁷

187 4339 309 4407 τὴν
349 4338 563 4405 ἠλικίαν
615 4341 679 4391 ἐκ
708 4340 895 4401 παιδὸς
944 4337 1400 4408 προχειρισθέντι.
1442 4356 1459 4385 ι
1510 4337 1643 4389 Οὑδὲ
1666 4334 1777 4408 γὰρ

190 4430 499 4500 Βαρδάρου
521 4431 542 4460 ⁸
565 4432 597 4501 ἢ
647 4431 957 4500 ἀλλοφύλων
990 4433 1126 4504 πρὸς
1151 4433 1217 4485 τά
1243 4432 1490 4501 βασίλεια
1528 4433 1775 4500 εἰσερχοο

191 4524 413 4592 μενων,
453 4515 498 4574 ὦ
530 4522 805 4588 δέσποινα,
843 4542 861 4574 ι
899 4523 1159 4593 ἔφασκον,
1196 4542 1215 4574 ι
1251 4524 1480 4575 δύνασαι
1520 4522 1774 4591 ὑποδέχε-

191 4614 337 4668 σθαι
364 4612 399 4683 ἢ
424 4613 604 4683 λόγοις
631 4614 654 4646 ³
683 4614 1030 4684 ἀμείϐεσθαι,
1065 4614 1202 4686 μηδὲ
1246 4615 1360 4685 δοίη
1393 4614 1527 4677 Θεὸς
1564 4615 1622 4666 ἐν
1647 4612 1773 4667 τούο

1869 1967 2177 2029 emittebat;
2214 1967 2359 2037 quod
2394 1967 2447 2021 in
2473 1965 2766 2036 perpetrati
2805 1965 3031 2020 sceleris
3053 1975 3435 2032 argumentum

1870 2069 2031 2127 atque
2061 2060 2296 2129 incestus
2319 2073 2532 2128 pmnam
2562 2056 2821 2112 inﬂictum
2854 2068 2959 2121 est,
2986 2058 3124 2126 quod
3150 2058 3435 2113 consobri-

1870 2169 1993 2208 nam
2018 2167 2167 2206 suam
2198 2154 2251 2205 in
2275 2150 2677 2205 matrimonium
2704 2150 3051 2220 accepisset),
3079 2151 3242 2217 igitur
3269 2160 3438 2204 testa-

1870 2254 2108 2300 mentum
2162 2243 2349 2307 edidit,
2404 2257 2511 2311 quo
2560 2242 2976 2295 Constantinum
3018 2252 3074 2295 et
3132 2241 3435 2295 lleraclium

1871 2337 2012 2391 filios
2049 2350 2178 2390 suos
2223 2334 2527 2403 a-quojure
2576 2334 2818 2387 haercdes
2866 2334 3080 2401 imperii
3130 2332 3433 2392 constituit,

1872 2430 2007 2483 adeo
2039 2437 2094 2481 ut
2119 2436 2342 2496 uterque
2376 2424 2660 2479 Martinam
2691 2424 2975 2493 coniugem
3006 2439 3158 2478 suam
3179 2425 3434 2491 tanquam

1873 2532 2101 2574 matrem
2129 2529 2183 2573 et
2214 2517 2614 2586 imperatricem
2648 2514 2874 2569 coleret.
2922 2515 3130 2580 Quibus
3170 2515 3437 2567 ordinatis

1872 2621 2146 2681 postremo
2176 2610 2391 2661 tandem
2426 2606 2675 2669 moritur,
2701 2606 2877 2659 uitatis
2908 2620 3050 2659 anno
3069 2615 3259 2658 exacto
3276 2619 3436 2658 sexa-

1873 2703 2079 2772 gesimo
2106 2711 2260 2754 sexto
2283 2697 2397 2769 [an.
2431 2696 2588 2767 6H],
2626 2697 2837 2766 imperii
2882 2698 3188 2761 tricesimo,
3218 2704 3439 2764 quarto-

1874 2810 1978 2863 que
2005 2795 2227 2861 insuper
2257 2806 2442 2845 mense
2470 2800 2524 2844 et
2549 2790 2636 2843 die
2665 2800 2840 2844 sexto.
2878 2789 3130 2859 Sepultus
3156 2801 3240 2843 est
3264 2790 3314 2842 in
3350 2803 3439 2841 ce-

1873 2886 2289 2941 leberrimorum
2324 2880 2707 2951 Apostolorum
2747 2878 2969 2948 templo,
2996 2894 3059 2932 ac
3081 2879 3260 2932 triduo
3286 2890 3442 2946 aper—

1878 2986 1989 3031 tum
2032 2974 2338 3043 sepulcrum
2398 2973 2622 3035 mansit,
2680 2981 2738 3025 ut
2785 2971 2900 3039 ipse
2943 2979 3221 3038 superstes
3263 2968 3441 3022 adhuc

1871 3066 2133 3137 iusserat,
2166 3062 2429 3119 ministris
2460 3060 2722 3118 eunuchis
2750 3060 3249 3116 circumstantibus.

1944 3335 2072 3389 lude
2106 3333 2332 3388 Martina
2362 3335 2601 3403 Augusta
2636 3328 2994 3399 Byzantinum
3034 3338 3247 3379 omnem
3276 3340 3445 3393 popu-

1877 3424 1984 3478 lum
2009 3438 2337 3485 eonvocans,
2359 3421 2590 3475 Heraclii
2642 3428 3026 3473 testamentum
3058 3425 3221 3483 atque
3254 3425 3442 3469 extre-

1878 3528 2019 3567 mam
2060 3513 2215 3566 desc
2241 3511 2532 3578 liberisque
2557 3509 2671 3564 suis
2699 3507 3028 3562 voluntatem
3061 3504 3254 3573 aperit.
3283 3501 3446 3556 Cum-

1878 3618 1983 3671 que
2013 3601 2239 3671 populus
2293 3600 2550 3669 frequens
2583 3597 3003 3653 Constantinum
3045 3602 3100 3646 et
3132 3590 3443 3645 lleraclium

1880 3696 2233 3763 imperatores
2261 3702 2531 3762 posceret,
2566 3702 2852 3758 utrumque
2879 3702 3061 3743 coram
3092 3685 3337 3740 adduxit.
3367 3684 3449 3736 Ac

1878 3791 2112 3859 primum
2152 3798 2407 3855 tauquam
2450 3787 2690 3841 habenas
2721 3784 2871 3853 regni
2900 3782 3007 3852 32
3042 3780 3443 3840 moderaretur,

1878 3892 1975 3949 pro
2008 3877 2353 3947 imperatrice
2383 3890 2444 3930 se
2464 3889 2650 3944 gerere
2674 3874 2970 3940 cogitabat.
3006 3870 3111 3924 Sed
3146 3865 3386 3923 nonnulli
3414 3880 3446 3920 e

1880 3973 2035 4025 turba
2054 3971 2121 4025 ad
2138 3985 2255 4024 eam
2281 3968 2585 4023 clamarunt
2614 3983 2629 4021 :
2653 3984 2672 4017 ι
2697 3963 2818 4019 Tibi
2845 3965 3307 4033 utimperaterum
3331 3972 3447 4011 ma-

1881 4066 1946 4121 tri
1974 4063 2249 4118 habendus
2284 4061 2578 4122 houorest,
2620 4058 2706 4112 bis
2738 4066 2993 4124 tanquam
3028 4049 3446 4121 imperatoribus

1877 4173 1941 4212 ac
1988 4154 2237 4211 dominis.
2276 4171 2295 4204 ι
2344 4152 2522 4220 Atque
2576 4151 2794 4203 interim
2833 4146 3192 4203 Constantino
3234 4142 3437 4214 primas

1879 4246 2195 4303 deferebant
2221 4254 2407 4315 utpote
2428 4253 2485 4297 et
2522 4249 2680 4296 πείθω
2711 4240 2902 4308 majori
2943 4248 2999 4292 et
3031 4237 3096 4290 ad
3156 4233 3436 4303 imperium

1874 4339 1986 4409 jam
2034 4350 2147 4394 tum
2202 4354 2233 4392 a
2278 4337 2507 4407 pueritia
2547 4342 2818 4404 promoto.
2851 4350 2871 4383 ι
2936 4330 3117 4398 Neque
3139 4325 3438 4391 enim,.aie-

1882 4431 2031 4493 bant,
2061 4428 2317 4482 Barbaris
2342 4436 2436 4481 aut
2456 4426 2697 4482 externis
2735 4424 2993 4477 adversus
3048 4420 3254 4487 regiam
3307 4419 3445 4471 hanc

1884 4525 2068 4576 urbem
2095 4520 2456 4584 venientibus,
2480 4533 2512 4572 ο
2546 4516 2759 4571 domina
2780 4556 2797 4581 ,
2844 4521 2996 4582 potes
3055 4511 3310 4563 resistere
3353 4516 3446 4559 aut

1882 4614 2208 4685 respondere
2240 4612 2439 4667 verbis.
2467 4610 2692 4664 Avertat
2716 4606 2860 4662 Deus
2896 4612 2955 4658 ut
2989 4618 3051 4658 eo
3076 4601 3447 4656 Romanorum

1496 4792 1731 4850 VARUE
1768 4792 2172 4848 LECTIONES.

281 4930 305 4959 ⁸
331 4926 526 5002 ἄλλους
545 4928 826 5002 Petavius,
855 4927 1029 5002 ἄλλως
1062 4930 1142 5002 P.__
1200 4929 1221 4960 ³
1242 4929 1368 4982 sui?
1436 4931 1458 4961 ⁸
1493 4947 1552 5002 τε
1600 4930 1657 4985 Ρ.
1726 4933 1867 5002 ξτρ.
1902 4933 2056 5002 σῆμα
2079 4944 2265 4999 margo
2290 4928 2351 4981 Ρ.

194 4999 487 5063 Petavius,
509 4996 600 5050 καί
620 4996 678 5051 Ρ.
751 4998 776 5030 ⁸
795 4999 1094 5069 Βαρϐάρων
1112 4999 1383 5053 Petavius.
1461 5002 1481 5032 ⁹
1515 5000 1703 5066 λόγους
1722 5001 1779 5054 Ρ.

2428 4928 2449 4958 ⁸
2486 4928 2581 4981 ἅτε
2646 4924 2926 4984 Petavius,
2960 4919 3084 4975 οὔτε
3102 4918 3164 4975 Ρ.
3261 4918 3281 4949 ⁷
3312 4918 3448 4970 κατά

1593 5140 1871 5197 rem"
1908 5127 2146 5197 No‘ma.

282 5303 405 5369 (78‘.
430 5302 606 5356 Δαϐὶδ
649 5301 718 5355 δὲ
747 5302 847 5355 και
882 5300 1168 5370 Μαρῖνον.
1213 5280 1374 5355 ληηο
1414 5300 1642 5355 lleraclii
1689 5301 1781 5368 se,

190 5374 420 5429 Christi
452 5373 576 5429 650.
611 5374 721 5427 ind.
752 5373 807 5433 4,
863 5372 994 5425 Nov.
1030 5373 1060 5424 7
1096 5373 1470 5439 (corrigendus
1508 5372 1788 5440 Theopha-

190 5459 337 5505 nes,
374 5445 502 5496 dum
533 5441 764 5496 lleraclii
806 5443 871 5495 ‘21
908 5443 1175 5513 numerat)
1209 5453 1368 5513 natus
1406 5449 1489 5513 est
1534 5440 1783 5496 Heraclio

192 5516 260 5567 in
294 5516 521 5566 Oriente
552 5514 711 5573 tilius,
769 5528 926 5580 quem
962 5511 1238 5566 Ceilrenns
1292 5511 1547 5566 Davidem
1600 5523 1777 5566 vocat.

188 5584 529 5650 Eademque
558 5584 642 5635 die
680 5584 1038 5637 Constantino
1090 5580 1335 5634 llcraclin
1382 5583 1490 5633 tilio
1542 5582 1784 5636 nascitur

194 5655 523 5716 Ilcrarlius,
554 5654 643 5721 qui
680 5669 731 5706 a.
760 5653 1005 5721 sequenti
1047 5653 1159 5717 iud.
1193 5652 1244 5717 5,
1272 5651 1402 5705 Nov.
1433 5652 1486 5717 5,
1526 5668 1555 5705 a
1589 5652 1780 5722 Sergio

190 5724 528 5789 bstplimtus
556 5735 640 5775 est
672 5724 723 5775 in
753 5723 1085 5776 Blachernis.

288 5793 405 5864 (79)
459 5794 556 5845 Ἐκ
585 5794 793 5846 τούτου
822 5794 1057 5846 λοιπόν.
1095 5790 1230 5846 Obiit
1277 5791 1572 5857 llcrmlius,
1606 5791 1780 5860 inquit

1887 5304 2273 5373 TheOphanes,
2308 5303 2419 5356 ind.
2476 5302 2552 5375 ii
2594 5300 2786 5355 Martio
2829 5290 3289 5375 ntensc,_ilieuli,
3326 5302 3445 5375 cum

1891 5363 2205 5444 imperasset
2259 5363 2430 5427 annos
2495 5373 2564 5427 50
2618 5386 2839 5444 menses
2891 5368 2993 5444 10._
3046 5370 3113 5419 At
3159 5363 3353 5443 Noster
3393 5372 3443 5444 ai.

1888 5427 2211 5500 30'menses
2236 5443 2289 5496 4.
2344 5445 2458 5497 dies
2489 5444 2542 5497 6.
2596 5442 2702 5495 Sed
2749 5444 2791 5493 si
2849 5456 2899 5492 a.
2950 5437 3065 5498 eius
3128 5434 3329 5503 primas
3385 5427 3453 5479 ab

1887 5516 2010 5572 Oct.
2054 5516 2083 5567 7
2120 5524 2436 5569 nmneratus
2458 5524 2561 5575 est,
2603 5512 2715 5565 iud.
2747 5511 2831 5575 M,
2862 5526 2918 5562 a.
2956 5506 3173 5583 Quid,
3204 5509 3448 5583 utentem

1889 5566 2174 5655 probatum
2202 5566 2327 5649 est,
2356 5566 2744 5655 mortuusque
2764 5566 2846 5655 est
2875 5595 2927 5633 a.
2956 5579 3051 5655 n64
3066 5580 3087 5655 1Δ
3129 5573 3302 5653 Martii
3365 5566 3451 5655 li.

1888 5650 2172 5724 imperavit
2228 5672 2277 5709 a.
2333 5655 2403 5709 '50
2447 5650 2661 5709 menses
2715 5653 2748 5707 5
2786 5650 3006 5724 «ηυδε.
3063 5650 3138 5702 Ae
3192 5650 3234 5697 si
3285 5652 3452 5694 annos

1886 5722 2137 5795 liii—vixit,
2169 5727 2437 5797 imperare
2468 5726 2631 5794 cmpit
2662 5724 2837 5778 anatis
2867 5722 2956 5775 35.
