4206 6440
767 379 873 444 £23

1783 372 1844 430 S.
1885 368 2304 430 NICEPHORI
2343 369 2848 429 PATRIARCHAS
2885 369 2990 430 CP.

3907 373 4012 436 ρει

772 504 858 543 res
885 485 1096 554 publica
1133 483 1449 536 deducatur.
1479 501 1496 532 ι
1531 480 1602 531 lta
1641 479 2059 547 imperatoribus
2099 477 2327 531 feliciter
2356 480 2402 536 Α

2439 492 2506 544 τῳ
2540 475 2745 539 τάξεως
2794 477 2894 547 τὴν
2939 476 3256 548 Ῥωμαϊκὴν
3293 478 3465 532 ἐλθεῖν
3513 480 3812 536 πολιτείαν.
3852 501 3870 534 ι
3903 485 4012 537 Καὶ

772 587 1054 647 precantes
1103 583 1466 627 recesserunt.
1499 570 1707 636 Quibus
1755 570 1958 625 auditis
2008 569 2326 637 imperatrix

772 686 924 725 suum
953 669 1003 720 in
1032 665 1288 733 palatium
1330 679 1386 718 se
1412 663 1656 718 contulit.

843 755 916 807 Ex
953 767 1060 821 quo
1091 753 1342 816 deinceps
1389 751 1772 807 Constantinus
1822 754 2091 820 imperare
2141 750 2324 817 coepit.

765 848 851 900 Ad
888 846 1032 897 hunc
1061 843 1361 910 Philagrius
1389 859 1565 896 rerum
1606 845 1936 910 privatarum
1958 857 2135 897 comes
2179 845 2330 894 detu-

773 938 855 1000 lit,
895 935 1141 988 ileraclio
1169 947 1321 1002 patre
1348 936 1519 987 adhuc
1556 947 1873 1004 a‘grotante,
1900 939 2036 1004 apud
2064 937 2327 1005 Pyrrhum

773 1026 1136 1093 patriarcham
1181 1026 1434 1094 pecunias
1482 1042 1602 1080 esse
1648 1030 1940 1093 depositas,
1995 1036 2052 1082 ut
2090 1029 2331 1081 Martium:

775 1117 1104 1184 imperatrici
1154 1115 1546 1178 consuleretur,
1591 1133 1656 1170 ne
1716 1117 1852 1170 forte
1911 1134 1939 1171 a
1976 1118 2332 1172 Constantino

776 1209 1098 1276 imperatore
1131 1207 1376 1275 privigno
1405 1223 1434 1260 e
1477 1209 1674 1274 palatio
1711 1209 1993 1262 exturbata
2043 1210 2220 1276 inopia
2256 1211 2333 1264 la-

776 1301 1008 1351 horaret.
1039 1297 1330 1363 Imperator
1366 1299 1546 1366 itaque
1578 1297 1842 1369 Pyrrhum
1884 1315 2164 1355 arcessens
2206 1318 2329 1354 num

778 1388 846 1438 ita
873 1401 930 1440 se
968 1401 1052 1439 res
1101 1385 1322 1439 haberet
1368 1386 1675 1440 sciscitatus
1706 1397 1809 1439 est.
1845 1386 1945 1450 Qui
1998 1402 2027 1440 a
2061 1387 2333 1454 Philagrio

775 1477 1052 1530 convictus
1085 1477 1399 1531 commissas
1425 1478 1679 1543 pecunias
1707 1476 1827 1529 licet
1860 1478 2059 1530 invitus
2091 1480 2332 1534 tradidit.

778 1565 883 1618 Sed
912 1566 1296 1621 Constantinus
1327 1582 1446 1620 cum
1483 1568 1734 1620 diuturno
1775 1569 1961 1620 morbo
1999 1569 2336 1622 cenilietare-

780 1668 882 1720 tur,
908 1672 970 1710 ac
999 1667 1215 1726 propter
1235 1658 1376 1710 aeris
1401 1657 1768 1726 intemperiem
1793 1658 2131 1712 Chalcedone
2163 1662 2216 1713 in
2246 1677 2336 1729 pa-

778 1748 927 1810 latio.
964 1749 1106 1817 quod
1137 1749 1248 1816 ipse
1270 1758 1670 1812 construxerat,
1707 1751 1993 1813 habitaret,
2027 1749 2336 1820 Philagrius

780 1837 1026 1892 alTeclam
1057 1839 1173 1907 ejus
1199 1839 1562 1893 valetudinem
1597 1840 2058 1904 auimadvertens,
2089 1858 2151 1896 ac
2202 1858 2332 1910 pro-
2371 1825 2413 1878 Β

777 1931 984 1998 pediem
1024 1929 1297 1984 obiturum
1348 1933 1656 2000 suSpicans,
1718 1931 2022 1986 Heraclium
2059 1943 2112 1987 et
2154 1933 2336 1989 Marti-

777 2034 899 2071 nam
941 2020 1293 2074 vehementer
1337 2020 1682 2087 formidahal,
1745 2038 1810 2075 ne
1845 2024 1972 2091 quid
2007 2025 2074 2078 ab
2111 2026 2177 2078 iis
2208 2027 2332 2080 mali

779 2120 1074 2176 pateretur.
1100 2110 1277 2175 Quare
1305 2110 1664 2165 Constantino
1687 2112 1794 2182 33
1829 2115 2114 2168 consilium
2151 2117 2241 2168 dat
2280 2129 2338 2173 ut

779 2201 844 2254 ad
867 2203 1138 2254 exercitus
1171 2205 1455 2265 scriberet,
1501 2204 1573 2257 uti
1621 2217 1739 2272 post
1774 2205 1977 2260 obitum
2008 2223 2161 2262 suum
2205 2209 2338 2264 Iibe-

781 2305 961 2343 rorum
992 2306 1208 2345 suorum
1239 2309 1421 2347 curam
1456 2305 1723 2363 gererent,
1758 2310 1931 2364 neque
1975 2297 2226 2365 injuriam
2271 2301 2337 2355 iis

783 2381 966 2435 inferri
999 2383 1096 2450 ipsi
1127 2383 1219 2436 aut
1250 2383 1476 2452 imperio
1505 2386 1716 2439 extrudi
1751 2387 2011 2440 sinerent.
2043 2389 2158 2454 Quo
2202 2405 2334 2443 con-

780 2474 900 2527 silio
958 2476 1173 2543 gavisus
1236 2475 1618 2530 Constantinus
1689 2477 2026 2532 Valentinum
2082 2480 2334 2552 Philagrii

781 2563 1104 2634 armigerum
1136 2579 1255 2617 eum
1287 2564 1482 2619 litteris
1513 2566 1830 2634 exterisque
1853 2567 1916 2620 ad
1943 2584 2061 2621 eam
2096 2584 2206 2622 rem
2241 2585 2338 2622 nc-

780 2655 1032 2708 cessnriis
1063 2655 1128 2707 ad
1164 2666 1340 2708 castra
1393 2657 1596 2722 mittit;
1631 2668 1792 2725 atque
1835 2657 2052 2726 insuper
2083 2661 2339 2726 pecunias

781 2749 849 2800 ad
885 2748 1046 2802 vicies
1078 2759 1305 2802 centena
1333 2750 1718 2820 quinquaginta
1765 2752 2020 2816 tradidit,
2051 2762 2339 2820 praeterea-

783 2853 886 2906 que
937 2839 1173 2892 sedecim
1217 2855 1561 2893 nummorum
1599 2840 1799 2904 millia,
1833 2841 2027 2908 quibus
2081 2844 2340 2899 militares

779 2930 966 2996 copias
1003 2929 1298 2984 adduceret
1326 2941 1383 2984 ut
1413 2942 1532 2999 post
1557 2930 1901 2985 Constantini
1935 2944 2163 2986 mortem
2196 2934 2337 2988 Mar-

785 3021 908 3072 tiuaa
929 3017 1151 3090 ejusque
1186 3020 1308 3074 ﬁliis
1352 3022 1686 3076 resisterent.
1719 3021 1885 3092 Igitur
1914 3021 2302 3080 Constantinus
2322 3069 2338 3093 ,

785 3125 905 3163 cum
937 3121 1058 3165 octo
1079 3121 1134 3166 et
1166 3113 1351 3182 viginti
1393 3127 1562 3167 annos
1591 3128 1710 3168 cum
1749 3125 1904 3184 patre
1935 3115 2253 3184 imperasset
2286 3126 2340 3172 et
2368 3153 2410 3212 ο

782 3212 994 3257 centum
1021 3219 1081 3259 ac
1113 3205 1284 3259 tribus
1318 3205 1507 3260 diebus
1537 3208 1944 3274 supervixisset,
1979 3208 2229 3263 moritur.

858 3464 981 3518 Post
1003 3479 1159 3531 quem
1193 3464 1485 3532 imperator
1524 3465 1799 3522 Heraclius
1839 3468 2158 3539 appellatur,
2202 3484 2338 3538 quo-

787 3570 908 3607 eum
940 3557 1296 3610 communiter
1324 3555 1550 3610 Martina
1591 3557 1872 3626 imperium
1905 3560 2336 3615 administrabat.

785 3645 877 3696 Ille
907 3658 1032 3698 vero
1063 3646 1244 3699 statim
1301 3646 1470 3714 patris
1495 3661 1772 3709 coronam,
1799 3662 1960 3716 quam
1991 3664 2112 3701 cum
2156 3664 2220 3704 eo
2251 3665 2341 3704 se-

785 3733 986 3802 pultam
1011 3732 1358 3787 Constantius
1381 3734 1523 3788 [ilius
1552 3735 1622 3790 ab
1660 3736 1888 3790 ecclesia
1937 3748 2339 3804 exportaverat,

784 3839 1007 3892 quaeque
1059 3825 1394 3892 septuaginta
1429 3826 1548 3879 auri
1583 3826 1733 3881 libris
1785 3827 2177 3892 aestimabatur,
2231 3830 2340 3884 Deo

786 3915 837 3966 in
866 3914 1051 3967 eadem
1075 3913 1312 3969 Ecclesia
1343 3916 1704 3970 consecravit.
1729 3916 1864 3970 Tum
1884 3915 2080 3987 Cyrum
2102 3918 2337 3972 Alexan-

784 4003 914 4057 dria:
962 4004 1324 4072 patriarcham
1375 4004 1427 4058 iu
1489 4005 1669 4060 sedem
1725 4007 1980 4060 restituit.
2006 4006 2339 4077 Philagrium

785 4110 912 4150 vero
951 4098 1229 4150 detonsum
1263 4098 1316 4151 in
1341 4080 1515 4164 Septte
1547 4098 1847 4162 castellum,
1879 4101 2026 4167 quod
2077 4100 2145 4153 ad
2189 4101 2343 4155 Occi-

784 4191 995 4242 dentem
1037 4189 1202 4242 altera
1246 4203 1312 4242 ex
1363 4199 1516 4258 parte
1554 4189 1798 4243 llerculis
1845 4191 2110 4244 columnis
2134 4190 2344 4255 adiacet

786 4279 838 4332 in
875 4277 1058 4349 Libya,
1116 4279 1401 4348 relegavit;
1448 4289 1673 4335 exteros
1723 4280 2167 4351 quamplurimus,
2209 4297 2342 4350 quos

785 4371 986 4424 amicos
1015 4369 1130 4439 ejus
1169 4383 1328 4438 atque
1358 4373 1704 4427 administros
1770 4373 1988 4440 reperit,
2022 4374 2339 4426 verberibus

2435 568 2771 637 κατήρχοντο
2829 569 3276 639 ἀνευφημοῦντες
3331 573 3457 634 τοὺς
3509 570 3773 640 βασιλεῖς.
3825 575 4012 628 Ταῦτα

2434 656 2716 710 ἀκούσασα
2743 658 2878 728 πρὸς
2909 659 2970 711 τὸ
3012 662 3215 730 ἑαυτῆς
3255 662 3531 731 ἀπεχώρει
3563 663 3849 718 παλάτιον.

2518 746 2608 812 Ἐξ
2661 742 2722 800 οὗ
2773 749 2864 800 καὶ
2915 751 3326 816 Κωνσταντῖνος
3369 757 3467 824 τῆς
3525 755 3809 824 βασιλείας
3851 754 4014 827 ἦρχε-

2435 840 2833 907 Προσαγγέλλει
2857 841 2912 894 δὲ
2942 843 3090 912 αὖτῷ
3133 844 3445 914 Φιλάγριος,
3469 845 3528 907 ὃς
3551 841 3619 915 ἦν
3645 847 3757 911 τεῶν
3794 847 4014 916 βασιλι-

2436 928 2546 978 κῶν
2577 931 2871 999 χρημάτων
2892 931 3117 1001 ταμίας,
3163 931 3238 996 ὼς
3271 932 3627 995 ἀσθενοῦντος
3675 935 3773 986 τοῦ
3806 938 4017 1006 πατρὶς

2448 1017 2768 1086 Ἡρακλείου
2807 1021 3066 1089 χρήματα
3100 1020 3300 1090 Πύρρῳ
3327 1022 3404 1091 τῷ
3435 1024 3681 1093 ἀρχιερεῖ
3707 1024 4012 1092 παρατίθε-

2441 1108 2559 1159 σθαι
2591 1110 2870 1180 Μαρτίνης
2899 1111 2997 1180 τῆς
3035 1112 3354 1182 βασιλίσσης
3408 1114 3617 1179 ἕνεκεν,
3649 1115 3724 1177 ὼς
3765 1118 3843 1185 μή
3884 1133 4010 1168 ποτε

2437 1199 2572 1269 αὐτὴ
2599 1199 2702 1252 ὑπὸ
2727 1202 3135 1254 Κωνσταντίνου
3185 1204 3277 1256 τοῦ
3313 1204 3575 1273 βασιλέως
3612 1207 3709 1258 καὶ
3739 1208 4012 1276 προγόνοι

2438 1291 2501 1342 ἐκ
2538 1290 2644 1341 τῶν
2682 1291 2966 1359 βασιλείων
3020 1293 3354 1364 διωθουμένη
3405 1296 3706 1364 χρημάτων
3739 1296 4013 1349 καθυστε-

2440 1381 2659 1450 ρίζοιτο.
2692 1381 2760 1438 ΣΟ
2788 1384 2844 1434 δὲ
2875 1383 3087 1454 Πύρρον
3111 1386 3605 1454 μεταστειλάμενος
3623 1387 4018 1440 διεπυνθάνετ)

2439 1475 2488 1524 εί
2517 1473 2657 1525 οὕτω
2683 1473 2851 1526 ταῦτα
2873 1474 3004 1542 ἕχοτ.
3034 1475 3250 1546 Πύρρος
3274 1476 3332 1527 δὲ
3362 1477 3467 1529 ὑπὸ
3486 1476 3786 1546 ⁴Ιιιλαγρίοιι
3809 1477 4019 1542 διελεγ-

2438 1564 2663 1632 χόμενος
2686 1565 2966 1635 προεδίδου
2989 1566 3082 1618 καὶ
3103 1567 3204 1618 οὐκ
3229 1566 3430 1618 ὲθέλων
3450 1569 3516 1619 τὰ
3541 1569 3824 1638 χρήματα.
3866 1571 4019 1621 Ἐπεὶ

2439 1655 2496 1706 δὲ
2530 1656 2670 1724 νόσῳ
2696 1656 2887 1725 χρονίᾳ
2941 1658 3350 1719 Κωνσταντῖνος
3400 1658 3678 1727 συνείχετο
3710 1661 3811 1711 καὶ
3841 1662 4012 1728 ἀκρα-

2445 1746 2562 1808 σίας
2595 1745 2769 1816 ἁέρων
2796 1745 2980 1798 ἕνεκεν
3002 1748 3058 1798 ὲν
3090 1747 3395 1816 Χαλκηδόνι
3420 1749 3689 1818 διέτριϐεν
3723 1751 3786 1801 ἐν
3819 1749 3902 1818 τῷ
3931 1751 4017 1802 ὑπ’

2439 1835 2604 1889 αὐτοῦ
2635 1835 2903 1888 κτισθέντι
2939 1837 3207 1908 παλατίῳ,
3249 1837 3372 1890 ίδὼν
3401 1840 3690 1909 Φιλάγριος
3711 1841 4017 1912 ἀρρώστως

2438 1925 2596 1976 αὐτὴν
2628 1924 2994 1992 διακείμενον,
3055 1926 3148 1976 καὶ
3190 1925 3415 1988 ἐλπίσας
3460 1925 3647 1995 τάχιον
3676 1925 4014 1983 ἀποϐιῶσαι,

2437 2017 2624 2069 ἐδεδίει
2663 2016 2980 2087 Ἡράκλειον
3003 2020 3094 2069 καὶ
3115 2019 3403 2087 Μαρτίναν
3431 2017 3506 2081 ὡς
3536 2019 3696 2071 αὑτὸν
3735 2018 4017 2072 κακώσονο

2435 2123 2533 2170 τας
2559 2109 2624 2159 ⁸⁸.
2669 2108 2764 2159 Ἐκ
2805 2107 2999 2159 τούτου
3055 2107 3452 2177 Κωνσταντίνῳ
3492 2107 3846 2162 συνεϐούλευε
3879 2108 4015 2176 γράο

2437 2217 2558 2268 φειν
2593 2202 2706 2262 τοῖς
2740 2200 3196 2270 στρατευομένοις
3227 2201 3301 2262 ὡς
3327 2201 3580 2270 τελευτῆς
3602 2199 4016 2268 συμϐαινούσης

2437 2291 2586 2362 αύτῷ
2648 2292 3099 2344 ἀντιλαϐέσθαι¹¹
3158 2293 3264 2346 τῶν
3288 2292 3504 2346 τέκνων
3551 2291 3738 2356 αὐτοῦ,
3802 2293 3900 2344 καὶ
3939 2290 4015 2359 μὴ

2440 2385 2743 2453 συγχωρεῖν
2802 2383 3106 2436 ἀδικεῖσθαι
3149 2384 3258 2452 (80)
3298 2384 3432 2454 μηδὲ
3476 2383 3576 2452 τῆς
3619 2383 3897 2454 βασιλείας
3935 2382 4015 2434 δι⁹

2439 2474 2718 2532 ωθεῖσθαι.
2758 2475 2870 2542 Ἐφ’
2896 2468 2978 2537 οἷς
3008 2475 3192 2544 ἡσθεὶς
3213 2475 3624 2537 Κωνσταντῖνος
3653 2475 4015 2526 Οὑαλεντῖνσν

2437 2565 2528 2616 τὸν
2548 2564 2839 2633 Φιλαγρίου
2874 2565 3243 2634 ὑπασπιστὴν,
3273 2567 3342 2619 τά
3372 2583 3432 2618 τε
3458 2565 3765 2637 γράμματα
3788 2566 3886 2616 καὶ
3915 2565 4015 2631 τὴν

2439 2653 2632 2722 λοιπὴν
2657 2654 2751 2706 τοῦ
2776 2656 3098 2725 πράγματος
3123 2657 3382 2725 ἐργασίαν
3406 2657 3742 2726 ἐγχειρίσας,
3780 2657 3924 2724 πρὸς
3956 2656 4017 2706 τὸ

2440 2747 2748 2813 στράτευμα
2772 2746 3066 2816 ἐξέπεμψε,
3097 2747 3346 2810 δεδωκὼς
3376 2747 3523 2816 αὐτῷ
3541 2748 3796 2815 χρήματα
3819 2762 4017 2797 συντε-

2438 2833 2632 2884 λοῦντα
2667 2836 2744 2896 εἰς
2779 2836 3056 2904 ποσότητα
3106 2835 3342 2906 ἀριθμοῦ
3394 2836 3670 2907 μυριάδων
3699 2834 3862 2886 πέντε
3895 2833 4018 2885 δια-

2440 2927 2638 2976 κοσίων
2671 2927 2712 2956 ¹¹
2747 2929 2841 2978 καὶ
2867 2927 2948 2980 ἔτι
2975 2929 3144 2999 μύρια
3179 2929 3274 2982 καὶ
3306 2929 3646 2998 ἑξακισχίλια
3674 2927 4016 2995 νομίσματα.

2441 3015 2772 3086 ὑποθέμενος
2813 3019 3020 3072 πείθειν
3067 3022 3191 3084 τοὺς
3216 3021 3310 3074 τοῦ
3347 3019 3740 3090 στρατιωτικοῦ
3777 3019 4018 3070 καταλοτο

2440 3125 2537 3174 γου
2581 3109 2718 3177 μετὰ
2758 3111 3017 3180 τελευτὴν
3077 3112 3491 3165 Κωνσταντίνου
3517 3109 4018 3163 ἀντικαθίστασθαι

2441 3201 2689 3270 Μαρτίνῃ
2717 3202 2809 3253 καὶ
2839 3204 2949 3264 τοῖς
2969 3203 3179 3266 τέκνοις
3206 3204 3397 3267 αὐτῆς.
3428 3199 3875 3271 Συμϐασιλεύσας
3899 3200 4018 3266 (81)

2438 3291 2496 3343 δὲ
2527 3289 2605 3358 τῷ
2635 3294 2803 3360 πατρὶ
2843 3292 2937 3362 ἐτη
2967 3292 3112 3344 ὀκτὼ
3139 3295 3233 3346 καὶ
3282 3295 3476 3355 εἰκοσι,
3511 3294 3608 3347 καὶ
3645 3292 3895 3353 ἐπιϐιοὺς
3941 3293 4022 3352 εἰς

2438 3379 2534 3451 τὴν
2569 3380 2841 3448 βασιλείαν
2865 3381 2942 3433 ἔτι
2967 3383 3071 3451 ὴμέ
3085 3399 3180 3451 ρας
3207 3384 3400 3435 ἑκατὸν
3426 3385 3598 3452 τρεῖς,
3624 3383 3886 3450 ἐτελεύτη
3899 3398 3986 3433 σε.

2509 3470 2645 3523 Μεθ’
2678 3472 2737 3522 ὂν
2769 3473 3126 3542 αὐτοκράτωρ
3169 3473 3267 3541 τῆς
3299 3472 3576 3542 βασιλείας
3615 3471 4021 3541 ἀναγορεύεται

2451 3559 2798 3628 Ἡράκλειος,
2850 3555 2893 3628 ᾧ
2949 3562 3353 3632 συνελάμϐανεν
3383 3564 3463 3624 είς
3490 3566 3558 3614 τά
3593 3562 3691 3630 τῆς
3729 3560 4021 3629 βασιλείας

2441 3651 2737 3720 πράγματα
2767 3652 2858 3704 καὶ
2901 3653 2933 3720 ἡ
2965 3653 3234 3721 Μαρτῖνα.
3269 3652 3445 3714 Εὐθὺς
3480 3647 3572 3704 οὖν
3602 3651 3692 3703 τόν
3739 3667 3800 3703 τε
3841 3651 3886 3680 ⁸³
3916 3668 4021 3702 πα-

2439 3742 2568 3812 τρὸς
2610 3743 2719 3812 (82)
2764 3744 3062 3812 στέφανον,
3103 3745 3162 3796 ὃν
3198 3745 3289 3797 καὶ
3325 3743 3632 3812 συνέθαψαν
3671 3742 3821 3811 αὐτῷ
3868 3745 3967 3793 καὶ
3995 3744 4021 3791 ὀ

2442 3836 2555 3897 υίὸς
2589 3837 2990 3898 Κωνσταντῖνος
3034 3834 3130 3888 τοῦ
3171 3836 3299 3888 ναοῦ
3336 3834 3629 3905 ἐξήνεγκεν
3652 3874 3666 3898 ,
3711 3833 4021 3903 τιμηθέντα

2446 3926 2603 3996 μέχρι
2625 3927 2851 3995 χρυσίου
2879 3927 3077 3997 λιτρῶν
3108 3926 3501 3996 ἑϐδομήκοντα,
3527 3924 3604 3994 τῷ
3633 3924 3752 3993 Θεῷ
3777 3925 4022 3993 «pec-9&-

2446 4034 2526 4086 ρει
2552 4021 2609 4069 ὲν
2632 4017 2708 4085 τῷ
2729 4016 2881 4086 ἱερῷ,
2905 4017 3088 4088 Κῦρον
3111 4017 3165 4068 δὲ
3189 4019 3281 4070 τὸν
3309 4017 3571 4087 πρόεδρον
3605 4015 4022 4082 Ἀλεξανδρείας

2441 4108 2518 4176 τῷ
2560 4108 2743 4176 οἰκείῳ
2773 4108 2947 4178 θρόνῳ
2988 4108 3410 4178 ἀποκαθίστησι.
3454 4108 3745 4177 Φιλάγριον
3789 4105 3849 4157 δὲ
3881 4108 4018 4157 ἁπο-

2443 4196 2632 4265 κείρας
2660 4196 2934 4265 ἐξόριστον
2972 4199 3051 4258 είς
3085 4196 3144 4248 τὸ
3167 4197 3372 4256 Σέπτας
3396 4197 3688 4265 λεγόμενον
3716 4194 3984 4262 φρούριον
4004 4235 4017 4254 ,

2443 4289 2578 4357 πρὶς
2600 4287 2750 4355 ἣλιον
2773 4287 2996 4341 δύνοντα
3027 4287 3164 4339 κατὰ
3187 4285 3302 4358 [τὰ]
3328 4286 3528 4356 θάτερα
3550 4286 3659 4338 τῶν
3697 4286 4034 4354 Ἡρακλέους

2446 4375 2654 4444 στηλῶν
2711 4376 2846 4443 πρὸς
2905 4378 2972 4444 τῇ
3031 4375 3207 4445 Λιϐύῃ
3270 4376 3560 4444 κείμενον,
3625 4374 4018 4444 παρέπεμψεν.

784 4472 944 4527 atque
964 4461 1085 4514 aliis
1102 4463 1587 4531 suppliciisalfecit.
1608 4464 1728 4517 Ηαεο
1743 4463 1831 4517 ubi
1866 4462 2184 4518 Valentinus
2208 4463 2339 4517 Phi-
2372 4479 2411 4532 ι)

2456 4467 2707 4536 Ἑτέρους
2738 4484 2796 4517 τε
2828 4467 3134 4528 πλείστους,
3167 4465 3260 4528 οὒς
3289 4461 3414 4535 εὗρε
3453 4466 3641 4533 φίλους
3685 4465 3782 4518 καὶ
3821 4466 4024 4533 ὑπηρέ-

785 4551 937 4616 lagrii
965 4553 1199 4620 armiger
1227 4555 1452 4620 accepit,
1486 4555 1744 4609 militares
1780 4556 1963 4624 copias
2007 4553 2116 4624 34
2151 4566 2338 4608 contra

787 4641 1067 4695 Martinam
1085 4651 1140 4695 et
1163 4641 1281 4711 ejus
1305 4643 1442 4698 filios
1464 4655 1785 4699 commovet.
1805 4643 1928 4699 lude
1949 4641 2337 4697 Chalcedonem

2444 4575 2542 4619 τας
2581 4557 2777 4622 αὑτοῦ,
2826 4557 3062 4624 πληγαῖς
3106 4556 3203 4609 καὶ
3240 4558 3456 4626 ἑτέραις
3487 4556 3696 4618 αἰκίαις
3747 4555 4019 4622 ἠμύνατο.

2449 4646 2798 4710 Οὐαλεντίνος
2840 4648 2954 4714 (85)
3002 4648 3058 4700 δὲ
3088 4649 3116 4699 ὁ
3137 4647 3430 4716 Φιλαγρίου
3462 4648 3813 4714 ὑπασπιστὴς
3849 4647 4026 4699 ταῦτα

2073 4802 2308 4858 VARUE
2351 4801 2757 4857 LECTIONES.

857 4914 901 4947 ιο
941 4913 1297 4977 κακώσαντας
1325 4913 1400 4967 P:
1436 4929 1580 4970 corr.
1648 4913 1918 4970 Petavius.

1999 4918 2037 4947 ¹¹
2074 4918 2362 4971 ἀντιλαϐοῦ
2373 4935 2460 4972 σαι
2489 4919 2550 4972 Ρ.

2629 4921 2671 4952 ¹⁹
2700 4920 2862 4973 πέντε
2892 4922 2986 4974 καὶ
3022 4920 3207 4974 διακ.ἳ
3320 4921 3360 4953 ³⁸
3390 4937 3475 4974 τε.
3513 4921 3612 4989 μὲν
3643 4919 3776 4974 τοῦῖ

2138 5080 2409 5138 PETAVII
2450 5082 2682 5138 ΝΟΤᾸΞ.

861 5192 974 5262 (80)
1038 5193 1411 5262 Ἀδικεῖσθαι,
1436 5194 1612 5258 Deest,
1651 5203 1708 5247 ut
1735 5195 1946 5261 opinor,
1972 5197 2064 5249 τὸν
2094 5199 2210 5250 υίὸν
2237 5209 2332 5251 aut

795 5261 975 5336 simile
1017 5264 1305 5332 quidpiam.
1360 5261 1611 5318 Monebat
1639 5262 1945 5336 Philagrius
1987 5268 2063 5320 uti
2103 5268 2212 5322 lilio
2240 5285 2336 5323 suo

801 5334 1145 5402 prospiceret.
1577 5399 1580 5402 1

865 5403 974 5471 (8i)
1003 5403 1495 5470 Συμὸασιλεύσας
1530 5402 1597 5455 δέ
1622 5402 1701 5467 τῷ
1726 5405 1920 5472 πατρί.
1955 5405 2122 5459 Natus
2152 5415 2256 5468 est,
2287 5415 2344 5459 ut

797 5485 954 5526 antea
979 5475 1299 5538 notavimus,
1330 5475 1442 5526 ind.
1477 5473 1562 5536 l5,
1589 5472 1730 5537 Maii,
1759 5475 1790 5527 5
1822 5491 1869 5526 a.
1897 5475 2019 5528 612.
2044 5476 2346 5529 Coronatus

795 5557 927 5593 vero
965 5542 1148 5595 eodem
1198 5559 1272 5605 a.,
1329 5545 1439 5598 ind.
1485 5546 1536 5608 1,
1576 5542 1700 5596 Dec.
1752 5544 1842 5598 ‘25.
1887 5545 2173 5610 Imperavit
2225 5561 2346 5598 cum

800 5613 1144 5681 p_atreia.28,
1203 5623 1321 5681 post
1366 5613 1606 5681 parentis
1663 5614 1865 5667 obitum
1915 5629 2128 5668 menses
2165 5614 2218 5667 4.
2275 5615 2344 5667 At

800 5679 1128 5749 Nicephorus
1146 5679 1325 5737 noster
1341 5679 1706 5751 supervixisse
1723 5684 1797 5736 ait
1817 5685 1930 5737 dies
1947 5684 2204 5736 duntaxat
2220 5683 2338 5737 l0‘5.

805 5752 982 5817 Quare
1012 5762 1250 5807 mortuus
1295 5764 1374 5808 est
1417 5753 1538 5807 Jun.
1588 5752 1658 5805 2‘3
1699 5771 1746 5806 a.
1803 5751 1862 5805 (ἲ.
1913 5753 2034 5813 (ill,
2088 5754 2196 5806 iud.
2256 5753 2336 5807 Η.

2444 5200 2803 5255 Consentium
2831 5203 3123 5270 scriptores
3163 5203 3226 5254 ad
3265 5217 3432 5254 unum
3469 5216 3658 5255 omnes
3695 5202 3839 5255 clam
3870 5204 4024 5258 illum

2448 5285 2656 5322 veneno
2691 5289 2717 5322 a
2754 5271 2978 5340 Martin_a
3019 5283 3072 5323 et
3118 5270 3327 5340 Pyrrho
3365 5272 3672 5337 patriarcha
3704 5273 4023 5340 sublatum.

2520 5340 2631 5407 (82)
2666 5341 2864 5404 Εὐθὺς
2889 5337 3129 5394 οὗντύν
3162 5337 3230 5392 ’τε
3269 5342 3511 5407 πατρός.
3542 5341 3640 5392 Adi
3687 5339 4024 5394 Cedrenum.

2523 5409 2633 5478 (85)
2674 5410 3073 5474 Οὐαλεντῖνος
3091 5409 3177 5462 δέ.
3234 5409 3370 5463 Tom
3397 5415 3510 5463 haec
3539 5408 3812 5462 Valentini
3833 5411 4020 5478 ihlSlo-

2457 5479 2533 5532 ria
2561 5477 2887 5547 singularem
2921 5481 3064 5533 hunc
3113 5491 3390 5533 auctorem
3425 5479 3602 5532 habet.
3638 5480 3794 5545 Apud
3827 5477 4014 5532 Theo-

2459 5550 2690 5616 phanem
2744 5558 2798 5602 et
2821 5548 3121 5602 Cedrennm
3171 5549 3478 5602 nominatus
3507 5549 3783 5617 reperitur
3822 5549 4025 5601 Valen-

2457 5621 2622 5681 tinus,
2656 5634 2775 5670 cum
2810 5620 2883 5670 ita
2925 5627 3163 5680 narrant,
3192 5619 3299 5670 ind.
3335 5617 3352 5669 Ι
3402 5629 3653 5670 senatum
3698 5617 4016 5672 lieracliuut

2451 5703 2511 5741 ac
2540 5686 2821 5742 Martinam
2863 5703 2982 5742 cum
3021 5689 3298 5741 Valentino
3341 5689 3677 5756 repudiasse.
