4206 6440
261 404 365 465 925

1206 401 1303 461 DE
1344 401 1593 466 RERUS
1631 402 1815 463 POST
1854 402 2298 466 MAURICIUM
2333 404 2619 469 GESTIS.

3375 412 3482 477 926

258 508 580 576 αἰσθόμενος
607 507 669 560 τὸ
701 507 1086 577 στρατιωτικδν
1116 509 1256 561 κατὰ
1283 508 1562 578 Μαρτίνης
1596 510 1689 567 καὶ
1715 508 1821 561 τῶν
1850 516 1891 571 Α

1850 516 1891 571 Α
1923 524 2215 579 occupans,
2239 515 2392 580 quasi
2430 514 2778 569 Constantini
2810 515 2994 571 liberis
3018 516 3223 573 auxilio
3243 516 3482 584 futurus,

259 604 466 653 τέκνων
511 602 680 670 αὐτῆς
735 600 997 669 ἐτάραττε
1025 617 1039 631 ·
1097 598 1216 669 μεθ’
1256 594 1330 653 ὧν
1363 602 1461 670 τὴν
1502 600 1824 671 Χαλκηδόνα

260 692 667 761 καταλαμϐάνει
695 691 768 755 ὼς
799 695 909 754 τοῖς
941 692 1151 755 τέκνοις
1172 694 1578 745 Κωνσταντίνου
1608 694 1825 745 ἐπικου-

263 784 475 852 ρήσων,
524 785 616 835 xa‘t
656 782 822 836 αὐτοῦ
855 783 1145 852 διέτριϐεν.
1198 783 1516 853 Ἡράκλειος
1551 783 1605 836 δὲ
1635 783 1736 851 τήν
1765 801 1823 835 τε

263 871 416 923 πόλιν
446 874 504 923 ἐν
532 871 610 942 τῷ
636 872 867 938 ἀσφαλεῖ
904 867 1048 942 εἶχε,
1074 873 1168 925 καὶ
1196 875 1359 926 πᾶσιν
1396 873 1718 941 ἀπελογεῖτο
1748 873 1825 937 ὡς

272 961 590 1031 Ἡράκλειος
611 965 638 1015 ὁ
661 963 773 1026 υἱὸς
801 963 1213 1017 Κωνσταντένου
1240 966 1556 1033 ἀπήμαντος
1580 965 1824 1033 διαμένει

260 1055 355 1106 καὶ
406 1058 552 1126 πάσῃ
582 1054 756 1125 ὑγεία,
796 1053 892 1107 καὶ
938 1055 1073 1107 σῶον
1113 1055 1430 1119 ὑπεδείκνυ,
1465 1055 1559 1107 xal.
1606 1054 1722 1124 ἅμα
1751 1055 1825 1118 ὡς

258 1148 451 1200 τέκνου
479 1148 699 1217 γνησίου
745 1148 1073 1218 περιείχετο.
1110 1149 1219 1200 Καὶ
1250 1147 1407 1200 τοῦτο
1434 1145 1721 1199 ἐπιστοῦτο
1748 1145 1825 1216 τῷ

260 1242 327 1290 ὲκ
358 1239 447 1290 τοῦ
471 1236 844 1308 σωηριώδους
868 1237 1239 1308 βαπτίσματος
1262 1238 1527 1305 ἀγκάλαις
1547 1236 1823 1300 δέξασθαι.

261 1332 372 1382 Καὶ
403 1314 787 1398 συμπαρόντος
825 1328 1041 1399 Πύρρου
1072 1328 1166 1383 τοῦ
1196 1330 1298 1398 τῆς
1330 1330 1537 1387 πόλεως
1568 1328 1822 1399 ίεράρχου

259 1420 369 1471 τῶν
403 1418 681 1482 ζωοποιῶν
716 1419 888 1485 ξύλων
916 1421 1149 1489 ἦπτετο,
1189 1420 1284 1473 καὶ
1309 1419 1577 1488 διώμνυτο
1600 1420 1674 1480 ὡς
1703 1419 1825 1471 οὔτε

257 1510 329 1562 δι’
354 1508 516 1562 αὑτοῦ
547 1509 670 1562 οῦτε
700 1509 765 1562 δι’
794 1511 981 1580 ἐτέρου
1006 1511 1075 1564 τὰ
1102 1510 1195 1563 τοῦ
1229 1511 1637 1563 Κωνσταντίνου
1663 1510 1827 1562 τέκνα

260 1600 609 1672 βλαϐήσεται.
651 1603 997 1656 Οὐαλεντῖνον
1037 1602 1095 1656 δέ
1133 1603 1525 1677 ἀπισχυρίζετο
1561 1601 1827 1656 δεικνύειν

255 1692 336 1754 ὡς
366 1692 826 1746 ἐπιϐουλεύσαντα
854 1694 1036 1757 αὐτοῖς
1071 1693 1166 1746 καὶ
1193 1695 1290 1762 τῆς
1321 1692 1594 1763 βασιλείας
1631 1693 1825 1763 ἐπορε-

256 1784 511 1851 γόμενον.
570 1785 660 1848 Ὦς
692 1786 747 1837 δέ
782 1787 862 1848 εὶς
899 1785 1120 1838 πλείονα
1150 1786 1192 1817 ⁸⁸
1223 1785 1401 1839 πάντα
1439 1784 1824 1855 βεϐαιώσηται,

1926 602 1977 653 in
1995 615 2056 654 ea
2088 601 2218 658 urbe
2243 614 2627 659 commoratur.
2658 606 2725 659 At
2758 605 3039 662 Heraclius
3079 609 3287 664 ﬁrmata
3347 625 3485 679 prae-

1925 690 2076 744 sidiis
2117 692 2250 746 urbe
2294 694 2432 762 apud
2458 707 2646 747 omnes
2677 710 2797 774 sese
2827 713 3080 768 purgare,
3111 706 3272 766 atque
3303 704 3375 754 ita
3403 702 3485 755 di-

1924 784 2137 849 ctitare,
2174 783 2478 838 lleraclium
2512 785 2857 841 Constantini
2925 790 3093 843 llliurn
3150 792 3479 847 incolumem

1926 890 2165 943 manere,
2200 891 2361 945 quem
2426 888 2480 931 et
2508 878 2712 931 salvum
2756 895 2817 933 ac
2868 880 3134 935 valentem
3188 883 3479 948 indicabat,

1925 966 2145 1037 ejusque
2192 969 2406 1021 interim
2469 955 2654 1023 curam
2705 971 3073 1038 tanquamﬁlii
3123 973 3204 1026 sui
3241 974 3483 1042 gerebat.

1924 1057 2088 1125 Cujus
2126 1059 2202 1111 rei
2253 1059 2410 1112 (idem
2470 1059 2649 1113 facere
2707 1063 2929 1117 studens
2959 1065 3022 1116 de
3065 1063 3291 1118 salutari
3334 1064 3483 1118 illutn

1928 1148 2072 1202 fonte
2093 1150 2351 1216 suscepit.
2384 1149 2466 1203 Ad
2502 1152 2616 1206 haec
2642 1150 2858 1221 ’Pyrrho
2881 1154 3187 1221 patriarcha
3223 1166 3486 1223 praesente

1929 1238 2138 1291 vivilica
2186 1238 2327 1305 ligna
2371 1246 2598 1309 tangens
2653 1240 2857 1307 iuravit
2916 1257 3086 1311 neque
3118 1259 3214 1311 per
3255 1259 3313 1299 se
3343 1245 3486 1299 Con-

1925 1329 2144 1383 stantini
2169 1328 2310 1383 ﬁlios
2340 1345 2514 1399 neque
2545 1346 2638 1400 per
2659 1330 2820 1385 ilium
2843 1334 3138 1401 quemlibet
3163 1336 3484 1393 offensurum

1925 1434 2044 1473 esse
2070 1437 2083 1472 :
2117 1417 2452 1473 Valentinum
2493 1436 2617 1474 vero
2646 1422 2873 1479 docebat
2910 1426 3154 1481 insidiari
3183 1428 3377 1483 iisdem
3406 1439 3487 1483 al—

1926 1525 2031 1579 que
2088 1511 2368 1579 imperium
2406 1527 2666 1580 usurpare
2693 1514 2847 1568 velle.
2873 1516 3045 1582 Quam
3080 1528 3140 1572 ttt
3171 1521 3483 1587 opinionem

1926 1602 2164 1654 omnium
2196 1603 2391 1655 animis
2420 1604 2579 1655 altius
2612 1604 2971 1674 imprimeret,
3000 1606 3246 1661 Heraclio
3294 1625 3475 1665 secum

1927 1693 2157 1746 adducto
2177 1694 2243 1747 ad
2285 1693 2622 1747 Valentinum
2658 1695 2877 1763 trajicit,
2914 1698 3094 1766 ibique
3134 1698 3487 1769 jurejurando

1929 1798 2141 1835 rursum
2176 1782 2392 1836 ﬁrmare
2419 1783 2582 1836 voluit
2599 1798 2657 1837 se
2682 1800 2841 1853 quam
2875 1788 3205 1842 amicissime
3221 1804 3339 1844 esse
3361 1804 3487 1860 erga

258 1874 539 1927 συλλαϐὼν
570 1875 688 1945 μεθ’
719 1877 913 1928 ἐαυτοῦ
955 1874 1272 1946 Ἡράκλειον
1305 1875 1441 1946 πρὸς
1473 1875 1824 1928 Οὐαλεντῖνον
1855 1892 1897 1945 Β

1855 1892 1897 1945 Β
1928 1874 2230 1928 lleraclium
2264 1874 2537 1928 aﬂ‘eetum.
2574 1873 2679 1928 Sed
2712 1874 3026 1931 Valentinus
3060 1879 3349 1935 admittere
3390 1897 3486 1933 no.

256 1966 617 2035 περαιοῦται,
656 1968 747 2020 καὶ⁵
793 1967 954 2020 πάλιν
999 1966 1313 2019 ἐϐουλεύετο
1357 1965 1675 2035 διόμνυσθαι
1725 1964 1819 2017 καὶ

256 2055 470 2110 πείθειν
517 2059 713 2121 αὐτοὺς
770 2059 844 2122 ὡς
918 2058 1287 2127 φιλοστόργως
1349 2058 1618 2111 διάκειται
1685 2055 1822 2126 πρὸς

265 2150 609 2219 Ἡράκλειον.
654 2151 1004 2213 Οὖαλεντῖνος
1035 2150 1092 2202 δέ
1146 2150 1246 2202 οὐκ
1272 2149 1486 2218 ἐδέχετο
1534 2149 1650 2203 ἀλλ’
1715 2151 1821 2201 ἁπ-

1927 1964 2045 2020 luit.
2098 1964 2457 2031 Quamobrem
2493 1980 2741 2019 reversus
2788 1967 3083 2036 imperator
3111 1970 3293 2023 omnia
3341 1972 3486 2038 apud

1928 2054 2178 2125 populum
2214 2056 2478 2123 exposuit.
2510 2056 2608 2110 Cui
2652 2056 2738 2109 ille
2774 2056 2931 2111 ﬁdem
2984 2060 3248 2115 adhibens
3283 2062 3336 2115 in
3388 2061 3487 2115 Va-

1931 2145 2187 2198 letttittttnt
2219 2146 2506 2200 maledicta
2541 2145 2889 2214 conjiciebat.

253 2245 498 2314 ἔπεμπε.
531 2244 639 2297 Καὶ
680 2243 744 2314 δὴ
774 2243 1053 2296 ὑπενόστει
1091 2244 1184 2295 καὶ
1222 2242 1456 2312 διηγεῖτο
1486 2242 1664 2295 πάντα
1709 2242 1822 2302 τοῖς
1857 2237 1958 2308 τῆς
1999 2238 2226 2302 πόλεως.
2284 2240 2343 2291 Οἱ
2379 2238 2435 2290 δέ
2477 2237 2753 2290 ἐπείθοντο
2789 2237 2882 2290 καὶ
2942 2238 3293 2296 Οὐαλεντϊνον
3333 2243 3488 2298 ἐδυσ-

254 2340 332 2407 φή
344 2354 497 2405 μουν.

328 2429 442 2498 Τῆς
465 2429 672 2500 τρύγης
705 2429 761 2482 δέ
796 2430 1180 2500 ἐπιλαϐούσης,
1211 2433 1256 2484 οἱ
1280 2432 1376 2499 τῆς
1412 2432 1617 2505 πόλεως
1641 2430 1823 2484 αίσθό‹

255 2535 414 2586 μενοι
442 2518 516 2582 ὡς
542 2522 570 2572 ὀ
606 2520 743 2589 μετᾶ
770 2521 1124 2573 Οὐαλεντίνου
1155 2522 1383 2590 στρατὸς
1406 2521 1531 2584 τούς
1560 2539 1618 2574 τε
1650 2522 1823 2591 ἀμπε-

250 2610 435 2674 λῶνας
493 2612 672 2665 αὐτῶν
726 2612 1028 2682 διαφθείρει
1081 2613 1367 2676 κάκείνους
1428 2614 1491 2665 οὐ
1549 2614 1823 2694 συγχωεεζ

252 2704 438 2754 ἐκεῖσε
490 2702 873 2772 περαιοῦσθαι,
930 2703 1271 2756 συνίστανται
1338 2703 1537 2774 ιιύρρῳ
1589 2697 1821 2771 βοῶντες

252 2792 476 2860 στέφειν
515 2792 833 2861 Ἡράκλειον
862 2792 951 2844 τὸν
988 2792 1397 2853 Κωνσταντίνου
1429 2792 1562 2845 υίόν.
1608 2790 1822 2860 Πύρρος

250 2884 312 2937 δὲ,
350 2883 444 2951 τὴν
483 2883 728 2954 ταραχὴν
757 2885 851 2936 καλ.
887 2882 984 2951 τὴν
1017 2884 1204 2937 στάσιν
1246 2883 1338 2935 τοῦ
1367 2883 1495 2937 λαοῦ
1529 2883 1821 2953 περιαθρή-

253 2993 361 3039 σας
394 2976 709 3044 ἀπελογεῖτο
739 2976 813 3039 ὠς
846 2976 907 3029 οὐ
933 2974 1021 3029 διὰ
1047 2975 1204 3028 τοῦτο
1233 2976 1387 3029 αὐτοὶ
1417 2977 1819 3040 στασιάζουσιν.

1995 2427 2121 2482 Post
2144 2430 2254 2482 bare
2272 2442 2367 2496 per
2396 2428 2678 2483 vindemiae
2709 2437 2974 2498 tempora,
2999 2446 3120 2485 cum
3144 2430 3290 2486 cives
3316 2431 3490 2485 anim-

1922 2521 2278 2575 advertissent
2307 2520 2447 2572 vites
2479 2533 2606 2573 suas
2631 2535 2659 2572 a
2693 2519 2964 2574 Valentini
2994 2523 3235 2575 exercitu
3284 2525 3485 2576 vastari

1923 2625 2094 2678 neque
2130 2609 2231 2665 sibi
2272 2610 2327 2664 in
2376 2609 2633 2664 ulteriora
2670 2611 2956 2664 transitum
2999 2614 3258 2680 permitti,
3290 2612 3485 2667 adver-

1926 2714 2020 2753 sus
2066 2697 2329 2768 Pyrrhum
2362 2699 2594 2753 coitione
2625 2697 2766 2756 faceta
2802 2698 3109 2753 Heraclinm
3152 2701 3486 2756 Constantini

1927 2791 2093 2845 lilium
2132 2804 2392 2843 coronare
2416 2789 2628 2856 jubent.
2672 2790 2909 2860 Pyrrhus
2933 2806 3082 2854 vero,
3120 2792 3360 2860 populari
3394 2792 3485 2845 illo

1928 2882 2158 2935 tumultu
2176 2896 2239 2934 ac
2281 2881 2542 2937 seditione
2560 2893 2858 2950 perspecta,
2875 2896 3064 2938 contra
3092 2883 3332 2953 jactabat
3379 2902 3484 2940 nou

1927 2971 2130 3025 idcirco
2164 2971 2618 3033 rebellasseillos.
2647 2974 2742 3025 sed
2768 2983 2825 3025 ut
2854 2974 3135 3027 Valentino
3165 2974 3272 3044 35
3310 2976 3485 3043 impe-

250 3068 397 3122 ἀλλὰ
426 3068 763 3139 Οὐαλεντίνῳ
794 3068 890 3139 τὴν
921 3068 1195 3138 βασιλείαν
1229 3068 1662 3139 περιποιοῦνται.
1700 3069 1820 3120 Ἔτι
1847 3053 1889 3109 c

1847 3053 1889 3109 (ἶ
1925 3064 2060 3117 rium
2092 3074 2420 3118 assererent.
2455 3064 2692 3120 Instante
2721 3066 3068 3123 nihilominus
3109 3070 3259 3136 plebe
3283 3087 3392 3124 rem
3422 3074 3487 3125 ad

250 3155 356 3213 οὖν
414 3160 763 3228 ἐπικειμένου
824 3159 917 3212 τοῦ
983 3158 1142 3227 ὄχλου
1206 3157 1341 3226 δῆλα
1405 3160 1549 3210 ποιεῖ
1615 3156 1826 3227 βασιλεί

252 3253 498 3304 ἅπαντα.
545 3250 602 3302 '0
634 3250 690 3303 δὲ
717 3248 1113 3317 συλλαϐόμενος
1145 3248 1253 3317 (84)
1289 3248 1378 3301 τὸν
1402 3248 1619 3316 ἀνεψιὸν
1663 3247 1827 3317 Ἠρά-

253 3340 440 3392 κλειον
470 3337 630 3402 εὐθὺς
664 3339 759 3391 ἐπὶ
788 3338 850 3390 τὸ
877 3338 1020 3408 ἱερὸν
1042 3336 1257 3407 ἐχώρει,
1284 3338 1378 3390 καὶ
1403 3337 1689 3406 ἀνέρχεται
1709 3334 1827 3404 ἅμα

254 3435 465 3506 Πύρρῳ
500 3434 578 3503 τῷ
610 3433 846 3503 apem,
876 3434 969 3485 καὶ
1004 3432 1371 3502 προτρέπεται
1405 3431 1623 3499 στέφειν
1665 3430 1827 3498 Ἦρα-

253 3528 459 3580 κλειον.
507 3526 568 3579 Οἱ
594 3524 649 3576 δὲ
690 3524 837 3593 ὄχλοι
883 3522 974 3575 τὸν
1009 3521 1234 3592 βασιλέα
1266 3518 1543 3583 ἐϐιάζοντο
1579 3518 1639 3571 τὸ
1668 3518 1827 3588 ἔργον

254 3615 549 3668 ἐπιτελεῖν.
610 3614 667 3665 '0
702 3613 759 3665 δὲ
807 3610 989 3664 λαϐὼν
1033 3612 1098 3663 ἐκ
1139 3609 1243 3679 τῆς
1273 3609 1569 3675 ἐκκλησίας
1609 3608 1699 3660 τὸν
1730 3606 1825 3659 τοῦ

254 3707 471 3777 πατρδς
535 3703 855 3771 Ἡρακλείου
916 3700 1300 3771 στέφανονμτὸ
1355 3698 1515 3769 ἔργον
1563 3698 1823 3768 ἐπλήρου.

255 3799 441 3859 Εὐθὺς
499 3793 591 3849 οῦν
641 3798 732 3848 τὸν
784 3795 1079 3862 στεφθέντα
1136 3794 1545 3846 Κωνσταντῖνον
1585 3791 1634 3842 οἱ
1681 3790 1826 3860 ὄχλοι

256 3886 712 3957 μετονομαζουσι.
750 3886 823 3937 Τὸ
850 3882 942 3937 οὖν
976 3883 1253 3954 ἀχυρῶδες
1283 3883 1377 3934 καὶ
1402 3882 1828 3951 ἀγροικωδέστε-

257 3998 359 4049 ρον
388 3978 480 4031 τοῦ
505 3977 635 4030 λαοῦ
666 3978 807 4030 κατὰ
838 3978 1052 4049 Πύρρου
1084 3976 1182 4038 τὰς
1222 3977 1409 4046 χεῖρας
1451 3974 1702 4039 ὥπλιζον,
1734 3972 1828 4026 καὶ

258 4073 404 4142 πρδς
466 4071 526 4123 τὸ
579 4072 718 4140 ἱερὸν
775 4069 1061 4139 γενόμενοι
1107 4068 1445 4139 εἰσέρχονται
1499 4067 1827 4134 ἐπαγόμενοι

266 4160 543 4232 Ἐϐραίων
585 4162 677 4214 καὶ
707 4161 880 4214 ἄλλων
908 4160 1212 4224 κακοδόξων
1246 4159 1430 4228 ὅμιλον
1460 4160 1517 4211 ἐν
1544 4157 1621 4228 τῷ
1649 4157 1829 4210 θυσια-

257 4251 492 4320 στηρίῳ.
536 4251 644 4304 Καὶ
667 4250 765 4320 τὴν
802 4251 900 4318 μέν
938 4249 1159 4319 ἐνδυτὴν
1198 4248 1578 4319 διαῤῥηγνῦσι,
1610 4249 1703 4299 καὶ
1736 4246 1828 4299 τὸν

1927 3155 2310 3223 imperatorem
2333 3155 2538 3220 defert;
2560 3157 2649 3225 qui
2680 3156 2982 3212 lleraelinm
3006 3162 3301 3227 patruelem
3332 3177 3489 3216 suum

1927 3245 2107 3298 statim
2166 3246 2232 3298 ad
2275 3247 2530 3316 templum
2598 3250 2841 3315 adduxit,
2877 3251 3058 3319 ibique
3112 3266 3235 3306 cum
3284 3252 3492 3321 Pyrrho

1926 3335 2156 3389 ambone
2176 3351 2471 3390 conscenso
2514 3339 2822 3394 Heracliam
2850 3351 2906 3393 ιιι
2938 3354 3224 3397 eoronaret
3246 3346 3493 3400 hortatus

1927 3436 2028 3479 est.
2072 3425 2205 3479 Tum
2242 3427 2465 3495 populus
2520 3444 2711 3498 urgere
2741 3430 3122 3499 imperatorem
3156 3446 3212 3487 ut
3239 3435 3290 3489 id
3339 3438 3489 3491 omni

1928 3518 2137 3572 ratione
2167 3519 2533 3586 perﬁceretur.
2579 3521 2731 3587 Quod
2766 3524 2985 3577 demunt
3052 3523 3285 3581 lleraclii
3312 3530 3486 3595 patris

1926 3623 2122 3661 corona
2154 3623 2185 3663 e
2218 3610 2414 3678 templo
2463 3613 2705 3666 detracta
2760 3615 3028 3682 praastitit.
3070 3617 3262 3671 Statim
3314 3620 3493 3688 itaque

1928 3708 2132 3752 mutato
2164 3700 2380 3753 nomine
2418 3715 2540 3753 eum
2573 3704 2663 3771 qui
2697 3718 2988 3760 coronatus
3014 3720 3134 3760 erat
3179 3706 3494 3763 Constanti-

1929 3803 2053 3841 num
2082 3789 2373 3857 appellant.
2406 3791 2509 3844 Sed
2535 3792 2797 3860 quidquid
2817 3806 2931 3848 erat
2960 3797 3130 3862 plebis
3167 3799 3490 3853 vilissimum

1927 3884 1983 3931 et
2014 3875 2464 3945 abjectissimum,
2497 3881 2745 3935 manibus
2772 3892 2957 3938 contra
2983 3885 3247 3956 Pyrrhum
3267 3890 3494 3943 armatis

1930 3970 1981 4023 in
2012 3971 2265 4037 templum
2295 3973 2614 4041 ingreditur,
2653 3983 2707 4029 et
2740 3992 2860 4027 eum
2892 3976 3198 4037 Judzeorunt
3231 3979 3493 4035 aliorum-

1928 4076 2031 4129 que
2056 4059 2348 4113 inlidelium
2384 4066 2535 4115 tttrha
2576 4065 2627 4117 in
2655 4069 2952 4121 Sarrarium
2980 4070 3246 4137 irrumpit.
3272 4070 3349 4125 Ac
3371 4088 3491 4124 eum

1930 4167 2176 4220 mappam
2213 4152 2398 4207 altaris
2431 4156 2786 4210 eonscidisset
2814 4168 2866 4209 et
2892 4160 3357 4229 religiosissimum
3409 4161 3493 4214 Ιοο

1930 4260 2050 4297 cum
2082 4244 2312 4313 turpiter
2342 4248 2778 4312 contaminasset,
2808 4253 3049 4321 abreptis
3099 4252 3282 4320 templi
3323 4252 3493 4306 clavi-

258 4342 412 4413 ἱερὸν
452 4342 623 4412 χῶρον
671 4342 911 4411 αἰσχρῶς
948 4340 1416 4412 κατερῤύπαινον,
1449 4340 1547 4402 τὰς
1574 4355 1634 4392 τε
1680 4338 1828 4401 κλεῖς
1855 4376 1906 4434 D

1855 4376 1906 4434 υ
1931 4337 2029 4391 bus
2059 4346 2220 4407 atque
2257 4352 2287 4389 e
2320 4348 2477 4392 conto
2504 4340 2726 4395 sublatis
2748 4343 2863 4396 sine
2890 4360 3036 4398 more
3062 4354 3167 4399 tota
3197 4346 3328 4401 urbe
3370 4362 3493 4414 per-

252 4433 375 4487 τῶν
403 4434 583 4486 πυλῶν
614 4432 869 4495 λαϐόντες
912 4433 1003 4485 ἐπὶ
1032 4430 1221 4484 κοντοῦ
1253 4431 1499 4501 ἀνήρτων
1517 4470 1531 4493 ,
1567 4431 1661 4483 καλ⁸
1685 4428 1827 4482 οὕτω

250 4527 363 4594 τὴν
407 4524 558 4577 πόλιν
601 4525 855 4594 άθέσμως
916 4524 1230 4595 περιῄεσαν.
1289 4524 1505 4594 Πύρρος
1552 4522 1610 4576 δέ
1655 4523 1827 4575 ταῦτα

258 4615 455 4687 μαθὼν
484 4619 549 4687 τῇ
582 4617 810 4687 ἐπιούσῃ
841 4618 995 4669 νυκτὶ
1040 4618 1098 4669 ἐν
1132 4615 1210 4686 τῷ
1247 4615 1379 4684 ἱερῷ
1429 4614 1825 4685 παραγίνεται,

255 4709 358 4761 καὶ
386 4708 565 4760 πάντα
597 4708 662 4760 τι
695 4708 815 4779 ἱερὰ
853 4709 1190 4772 ἀσπάζεται,
1223 4708 1317 4760 καλ⁵
1346 4707 1405 4759 τὸ
1448 4707 1829 4777 περικείμενον

254 4798 414 4853 αύτῶ
454 4799 741 4869 ὠμόφορον
784 4799 1051 4871 περιελὼν
1079 4802 1144 4870 τῇ
1182 4800 1302 4870 ἱερᾷ
1346 4799 1665 4852 ἀποτίθεται
1699 4816 1831 4870 τρα-

1936 4441 2180 4498 vagatur.
2236 4427 2361 4483 Haec
2439 4431 2528 4484 ubi
2592 4430 2833 4501 Pyrrhus
2912 4438 3197 4502 comperit,
3246 4439 3493 4504 sequenti

1933 4532 2091 4576 nocte
2136 4524 2186 4575 in
2222 4520 2475 4588 templum
2533 4523 2850 4591 ingreditur.
2892 4524 2966 4577 Ibi
3020 4526 3190 4579 sacris
3246 4526 3497 4579 omnibus

1931 4613 2202 4683 salutatis,
2231 4632 2294 4672 ar.
2343 4619 2584 4672 detracto
2620 4617 2883 4671 humerali
2917 4627 2969 4671 et
3028 4617 3078 4670 in
3109 4633 3262 4670 saera
3315 4633 3496 4671 mensa

1931 4706 2176 4775 deposito
2210 4726 2224 4763 :
2255 4727 2273 4760 ι
2308 4710 2421 4763 Νοιι
2459 4711 2784 4776 sacerdotio,
2812 4710 3004 4779 inquit,
3040 4726 3123 4764 me
3163 4710 3374 4775 abdico,
3404 4711 3496 4764 sed

1932 4801 2244 4855 contumaci
2276 4802 2470 4871 populo
2493 4802 2650 4857 cedo.
2682 4821 2700 4853 ι
2730 4801 2853 4856 lude
2884 4802 3064 4856 furtim
3086 4815 3333 4873 egressus
3358 4804 3496 4870 apud

1519 4974 1751 5032 VABIE
1793 4976 2193 5034 LECTIONES.

335 5114 386 5148 ⁸⁸
418 5116 512 5170 ἐπὶ
544 5111 765 5167 πλεῖονΐ

1624 5204 1804 5259 ΡΕΤΑ
1814 5205 1897 5259 Vll
1942 5202 2170 5259 ΝΟΤΔΕ.

336 5362 451 5435 (84)
494 5365 548 5415 '0
579 5363 646 5416 δὲ
666 5365 1142 5435 συμαΰόμενος.
1170 5366 1401 5420 Discedit
1429 5366 1513 5420 bic
1542 5380 1569 5419 a
1603 5368 1814 5420 caeteris

259 5433 486 5494 Noster,
516 5435 610 5501 qui
637 5437 705 5486 ab
764 5433 1091 5488 lleraeleona
1133 5446 1186 5488 et
1224 5436 1446 5489 Martina
1484 5436 1812 5502 lierarlium,

261 5505 356 5571 qui
388 5502 653 5558 Constans
688 5504 864 5557 dictus
915 5516 1020 5569 est,
1057 5507 1249 5558 asserit
1274 5506 1652 5569 imperatorem
1695 5522 1812 5560 esse

264 5570 753 5645 factnnnCunstat
800 5573 942 5626 enim
997 5590 1026 5625 a
1061 5584 1251 5627 senatu
1297 5577 1610 5645 abrogatum
1647 5573 1812 5628 Hera-

262 5645 473 5696 eleonm
507 5644 815 5710 imperium,
846 5645 1201 5712 eamdemque
1253 5644 1543 5711 amputatis
1592 5648 1812 5701 ttat-ibus

264 5726 394 5763 «uin
446 5721 647 5782 matre,
693 5712 776 5765 cui
826 5712 1004 5782 lingua
1057 5713 1277 5779 praecisa
1322 5726 1458 5779 erat,
1496 5716 1809 5781 relegatum.

264 5782 554 5847 imperavit
611 5780 964 5838 lleracleonas
1016 5798 1230 5839 menses
1258 5785 1312 5846 6,
1354 5786 1442 5852 qni
1506 5786 1555 5838 in
1596 5785 1813 5838 Decem-

1923 5368 2072 5419 hrem
2111 5364 2269 5433 lmjus
2327 5377 2376 5415 a.
2431 5362 2553 5429 6M,
2592 5362 2701 5416 ind.
2761 5362 2856 5427 £5,
2912 5363 3156 5418 desinere
3204 5364 3477 5420 videntur.

1923 5436 2244 5504 Magnopere
2281 5448 2406 5485 vero
2465 5438 2525 5504 in
2572 5435 2668 5504 hac
2706 5433 2925 5486 hiStoria
2966 5433 3324 5500 Theophanes
3363 5437 3479 5489 hal—

1921 5503 2211 5568 lueinatur,
2249 5507 2302 5556 in
2338 5504 2457 5555 cod.
2513 5503 2705 5556 loiens.
2756 5505 2845 5571 qui
2899 5504 3184 5557 Constant.
3227 5506 3477 5559 eumdem

1919 5590 2038 5628 cum
2078 5574 2405 5628 lleracleona
2434 5574 2605 5626 facit:
2664 5572 2817 5626 Μετὰ
2864 5571 2920 5624 δέ
2985 5574 3325 5644 Ἡράκλειον,
3380 5576 3477 5637 ait,

1919 5644 2237 5698 ἐϐασίλευσε
2267 5644 2671 5706 Κωνσταντῖνος
2703 5645 2730 5695 ό
2767 5644 2881 5705 υίὸς
2927 5644 3091 5696 αὑτοῦ
3112 5646 3151 5713 ό
3190 5644 3479 5713 λεγόμενος

1934 5713 2335 5797 Ἠρακλεωνᾶς,
2374 5713 2733 5797 μρνοθελητὴς
2754 5714 2855 5797 ⁹καὶ
2879 5713 3062 5797 αῦτὺς,
3095 5712 3212 5778 ἔτος
3237 5712 3331 5767 ἓν(
3367 5715 3476 5769 Καὶ

1920 5786 2197 5855 φαρμάκῳ
2232 5786 2335 5837 ὐπδ
2363 5784 2466 5835 τῶν
2496 5783 2709 5836 οἰκείων
2743 5783 3002 5856 ἀνῃρέθη.
