4206 6440
239 402 339 467 929

1194 409 1294 468 DE
1335 410 1586 471 REBUS
1624 414 1808 473 I’OS'I‘
1844 415 2287 477 MAUlllCIUM
2325 420 2610 482 GESTIS.

3377 434 3482 498 930

237 518 473 579 αστείοις
526 517 620 572 τοῦ
677 518 1007 584 Βυζαντίου.
1070 520 1210 574 κατὰ
1240 521 1334 575 τὸν
1372 523 1817 593 παραθαλάσσιον
1844 559 1885 615 Α

1844 559 1885 615 Α
1922 529 2132 581 navium
2157 544 2381 584 munero
2415 532 2713 599 contendit,
2739 543 2792 587 et
2827 547 2923 604 per
2955 533 3255 605 frequentia
3299 549 3481 608 quati-

235 611 396 664 τόπον
443 610 535 663 τὸν
576 610 912 681 καλούμενον
965 610 1257 681 Ἕϐδομον.
1312 613 1515 668 Τοῦτον
1539 619 1581 649 ³⁸
1625 618 1811 670 αἰσθό-

237 720 398 773 μενος
455 703 862 767 Κωνσταντῖνος
912 705 1451 773 άντιπαρατάττεται
1499 711 1595 761 καὶ
1650 709 1811 773 αὐτὸς

237 797 411 868 στόλῳ
440 798 680 867 μεγάλῳ.
720 798 845 865 Ὑφ’
870 791 945 850 ὧν
971 798 1219 851 πλεῖσται
1241 801 1543 871 ναυμαχίαι
1572 803 1809 871 ἑκάστης

235 891 444 961 ἡμέρας
470 891 731 957 ἐγίνοντο,
771 889 868 942 τοῦ
908 890 1148 962 πολέμου
1200 894 1670 963 συγκροτουμένου
1700 896 1808 949 ἀπὸ

231 981 324 1033 τοῦ
357 980 575 1052 ἐαρινοῦ
617 982 776 1051 μέχρι
825 980 1224 1052 φθινοπωρινοῦ
1270 983 1488 1055 καιροῦ.
1522 987 1807 1055 Χειμῶνος

230 1073 285 1126 δὲ
313 1074 688 1142 ἐπιγινομένου
713 1077 741 1126 ό
767 1074 873 1127 τῶν
898 1075 1231 1145 Σαρακηνῶν
1263 1077 1452 1140 στόλος
1478 1079 1806 1149 διαπεραιω-

232 1166 344 1229 θεὶς
385 1168 441 1218 ἐν
483 1165 706 1237 Κυζίκῳ
732 1165 1082 1236 διεχείμαζε,
1117 1168 1209 1221 κα).
1242 1169 1407 1221 πάλιν
1446 1170 1803 1241 ἔαρος-ἀρχο-

233 1258 394 1325 μένου
439 1257 647 1309 ἐκετθεν
699 1257 952 1326 ἀναχθεὶς
982 1258 1246 1322 ὡσαύτως
1284 1260 1380 1313 τοῦ
1411 1262 1499 1313 διὰ
1532 1261 1805 1332 θαλάττης

230 1349 467 1417 πολέμου
504 1350 700 1417 εἴχετο.
744 1349 916 1404 Ἑπτά
954 1347 1047 1403 οὖν
1077 1350 1226 1404 ἔτεσι
1275 1351 1387 1423 (88)
1423 1352 1518 1405 τοῦ
1565 1355 1801 1421 πολέμου

228 1439 619 1509 διαρκέσαντος
665 1441 816 1503 τέλος
846 1442 999 1495 οὐδὲν
1054 1442 1217 1495 πλέον
1257 1445 1286 1496 6
1329 1444 1438 1496 τῶν
1474 1444 1803 1516 Σαρακηνῶν

229 1531 395 1600 ῆνυσε
443 1532 663 1596 στόλος,
716 1531 852 1585 ἀλλὰ
896 1533 1125 1597 πολλούς
1167 1552 1226 1587 τε
1283 1536 1483 1604 ἄνδρας
1529 1537 1801 1605 μαχίμους

226 1623 593 1685 ἀποϐαλόντες
637 1626 730 1677 καὶ
758 1624 949 1688 δεινῶς
986 1626 1486 1697 τραυματισθέντες
1515 1629 1607 1680 καὶ
1638 1627 1798 1697 χαλε-

228 1714 344 1777 πῶς
374 1715 665 1785 ἡττημένοι
700 1714 1028 1768 ὑπενόστουν
1054 1717 1190 1785 πρὸς
1216 1718 1282 1769 τὰ
1314 1718 1490 1768 οἰκεῖα
1520 1716 1801 1786 καταίρον-

223 1823 337 1879 τες.
382 1806 524 1876 Πρὸς
575 1806 630 1857 δὲ
676 1809 788 1869 τοῖς
820 1807 1114 1870 πελάζουσι
1146 1807 1256 1877 (89)
1286 1807 1379 1860 τοῦ
1411 1806 1669 1859 Συλλαίου
1705 1823 1799 1873 γε·

1914 620 2180 687 dianaque
2245 623 2543 677 certamina
2603 624 2798 678 bellum
2845 642 2874 681 a
2922 642 3089 681 verno
3120 637 3363 699 tempore
3417 637 3482 687 ad

1912 720 2225 765 autumnum
2261 730 2428 783 usque
2454 716 2772 785 perductum
2804 728 2906 772 est.
2949 720 3250 787 Appeteute
3306 724 3483 781 hieme

1912 800 2307 855 Saracenorum
2342 805 2536 859 classis
2568 806 2791 874 trajeclo
2823 809 2956 861 mari
2981 808 3164 879 Cyziei
3199 813 3476 881 hiemavit,

1910 905 1973 944 ac
1998 907 2210 946 rursum
2241 896 2414 962 primo
2441 912 2567 949 vere
2600 897 2939 954 instauravit.
2978 900 3131 957 llunc
3155 905 3206 957 in
3254 909 3476 964 modum

1908 989 2112 1048 septem
2174 991 2315 1036 tutos
2365 998 2535 1039 annos
2588 984 2785 1039 bellum
2830 990 3023 1043 tenuit.
3056 989 3294 1047 Tandem
3348 1012 3479 1050 vero

1910 1067 2308 1125 Saracenorum
2356 1074 2524 1141 copiae
2552 1089 2674 1128 cum
2701 1076 2832 1129 nihil
2865 1092 3264 1146 promoverent,
3289 1100 3479 1153 quam-

1906 1159 2151 1228 plurimis
2176 1178 2392 1216 suorum
2420 1167 2658 1232 amissis,
2687 1169 2988 1239 iisdemque
3020 1173 3353 1243 fortissimis,
3377 1193 3479 1232 nec

1906 1253 2091 1319 paucis
2116 1256 2358 1314 graviter
2386 1257 2702 1326 vulneratis,
2736 1276 2879 1331 aegre
2896 1266 3134 1332 superati
3166 1266 3216 1318 in
3246 1268 3473 1334 patriam

1905 1346 2105 1397 reversi
2137 1358 2284 1402 sunt.
2320 1347 2519 1403 Verum
2546 1352 2599 1403 in
2629 1352 2744 1420 ipso
2777 1354 2950 1408 reditu
2981 1358 3107 1409 dum
3133 1358 3198 1410 ad
3219 1355 3469 1427 Sylleum

1904 1448 2053 1488 mare
2100 1439 2318 1508 propius
2357 1442 2644 1505 accedunt,
2680 1444 3016 1498 vehementia
3081 1458 3365 1503 ventorum
3408 1465 3474 1504 ac

1901 1532 2153 1586 ﬂuctibus
2175 1531 2352 1584 obruti
2385 1532 2450 1583 ad
2484 1547 2651 1604 unum
2685 1548 2875 1588 omnes
2914 1538 3211 1603 perierunt.
3242 1540 3474 1595 Sarace-

1901 1639 2091 1677 norum
2112 1626 2384 1691 princeps,
2407 1624 2589 1677 audita
2623 1639 2733 1677 suae
2749 1627 2944 1682 classis
2959 1628 3286 1696 calamitate,
3320 1632 3471 1701 lega-

1901 1725 1982 1770 tos
2027 1716 2093 1769 ad
2135 1714 2549 1769 Constantinum
2585 1717 2770 1781 mittit,
2796 1718 2886 1785 qui
2935 1733 3115 1774 annua
3145 1721 3468 1776 tributorum

1900 1808 2148 1875 pactione
2178 1822 2362 1872 pacem
2412 1821 2535 1860 cum
2566 1821 2632 1859 eo
2709 1820 3115 1877 componerent.
3166 1812 3470 1881 Imperator

224 1900 440 1967 νόμενοι
509 1899 613 1950 ὑπὸ
675 1898 927 1969 σκληρῶν
978 1899 1306 1968 πνευμάτων
1360 1901 1452 1952 καὶ
1504 1898 1796 1951 θαλασσίου
1830 1910 1873 1964 Β

1830 1910 1873 1964 Β
1902 1902 1985 1955 his
2035 1902 2273 1969 exceptis
2319 1901 2628 1969 auditisque
2676 1919 2797 1972 qua:
2869 1905 3115 1971 proxime
3155 1906 3459 1970 retulimus,

224 1987 491 2049 γλύεωνος
542 1989 978 2056 καταληφθέντες
1016 1991 1356 2059 πανστρατιᾷ
1402 1989 1674 2042 διώλοντο.
1737 1989 1792 2041 ’0

222 2079 280 2132 at
303 2081 411 2132 τῶν
436 2080 771 2150 Σαρακηνῶν
800 2081 908 2149 (90)
938 2080 1189 2150 βασιλεὺς
1212 2082 1271 2133 τὸ
1300 2080 1391 2133 τοῦ
1415 2082 1602 2133 στόλου
1632 2081 1793 2134 ἀκού-

222 2188 325 2232 σας
352 2170 670 2242 δυστύχημα
703 2171 963 2241 πρέσϐεις
994 2171 1311 2225 ἀποστέλλει
1338 2172 1473 2241 πρὸς
1514 2175 1793 2225 Κωνσταν-

220 2263 366 2313 ’.ἰνον
414 2261 488 2324 ὡς
547 2263 905 2332 σπεισόμενος
935 2261 1091 2333 ’πρὸς
1130 2262 1292 2313 αὑτὸν
1334 2261 1426 2313 ἐπὶ
1470 2261 1795 2329 τελέσμασιν

220 2354 537 2412 ἐνιαυσίοις.
597 2352 654 2407 'O
692 2355 749 2407 δὲ
803 2353 1025 2418 τούτους
1063 2354 1355 2422 δεξάμενος
1385 2356 1479 2405 καὶ
1512 2354 1578 2405 τὰ
1619 2353 1791 2423 δηλω-

222 2447 386 2499 θέντα
439 2446 694 2516 ἀκηκοὼς
745 2447 1121 2517 συνεκπέμπει
1165 2446 1347 2509 αὐτοῖς
1404 2445 1659 2515 Ἰωάννην
1702 2446 1793 2498 τὸν

221 2541 553 2609 πατρίκιον,
599 2540 659 2591 τὸ
712 2538 942 2609 ἐπίκλην
995 2536 1415 2605 Πετζιγαύδιον,
1465 2537 1792 2606 πολυπειρία

219 2633 315 2684 καὶ
348 2632 604 2701 φρονήσει
642 2630 1005 2701 διαφέροντα,
1033 2630 1108 2692 ὡς
1136 2630 1204 2682 τά
1235 2629 1327 2680 ἐπὶ
1359 2630 1421 2697 τῇ
1454 2630 1643 2698 εἰρήνῃ
1671 2628 1789 2679 δια·

218 2719 616 2789 λεχθησόμενον
636 2737 650 2751 ο
678 2721 735 2783 ὃς
763 2722 897 2792 πρὸς
918 2722 985 2772 τὰ
1011 2719 1118 2772 τῶν
1144 2719 1477 2789 Σαρακηνῶν
1502 2722 1789 2788 γενόμενος

216 2810 324 2881 ἧθη
356 2812 641 2881 συμϐαίνει
670 2830 728 2864 τε
761 2814 944 2874 αὐτοῖς
972 2813 1154 2882 ὅρκοις
1179 2812 1279 2881 τὴν
1313 2811 1538 2881 εἰρήνην
1563 2810 1790 2880 βεϐαιω-

219 2903 457 2970 σάμενος
504 2904 595 2953 ἐπὶ
644 2903 935 2973 τριάκοντα
998 2901 1208 2963 ἐτεσιν,
1262 2900 1404 2952 ὥστε
1455 2900 1787 2971 παρέχεσθαι

230 2992 526 3061 Ῥωμαίοις
558 2993 661 3046 ὑπὸ
701 2993 809 3044 τῶν
847 2992 1178 3062 Σαρακηνῶν
1208 2991 1311 3045 ἀνά
1350 2991 1465 3053 ἔτος
1512 2991 1789 3059 ποσότητα

215 3084 446 3153 χρυσίου
478 3088 627 3151 τρεῖς
658 3084 898 3153 χιλιάδας
940 3083 1136 3153 ἄνδρας
1166 3100 1226 3134 τε
1257 3080 1633 3153 αἰχμαλώτους
1661 3098 1789 3135 πεν-

216 3180 455 3247 τήκοντα
484 3179 576 3230 καὶ
620 3178 818 3238 ἵππους
862 3177 1222 3245 πεντήκοντα.
1260 3176 1446 3228 Ταῦτα
1489 3176 1787 3243 ἀκηκοότες

1895 1990 2154 2045 Joaimem
2185 1991 2470 2061 patricium
2518 2008 2640 2047 cum
2669 1994 2774 2047 illis
2829 1994 3053 2047 remittit
3105 2005 3464 2062 cognomento

1894 2082 2322 2152 Pctzigaudium,
2355 2086 2526 2138 virum
2554 2100 2652 2139 usu
2685 2100 2865 2138 rerum
2896 2101 2959 2139 ac
2990 2087 3278 2155 prudentia
3328 2089 3467 2142 insi-

1893 2189 2072 2242 gnem,
2109 2183 2163 2227 ut
2190 2190 2372 2243 pacem
2438 2191 2560 2229 cum
2622 2175 2893 2230 Saraceno
2932 2178 3308 2233 constitueret.
3358 2179 3458 2245 Qui

1893 2280 2014 2318 cum
2040 2264 2101 2318 ad
2130 2265 2398 2319 Barbaros
2429 2268 2691 2332 venisset,
2722 2267 2938 2334 triginta
3008 2282 3271 2321 annorum
3304 2268 3460 2321 indu-

1893 2357 2006 2410 cias
2027 2372 2148 2410 cum
2189 2358 2267 2411 eis
2295 2366 2483 2425 pactus
2518 2366 2623 2421 est,
2675 2368 2729 2411 et
2785 2361 3035 2428 utrinque
3084 2359 3461 2428 jusjurandum

1894 2458 2194 2517 acceptum.
2218 2446 2374 2504 Pacis
2417 2450 2755 2504 conditiones
2784 2450 2867 2503 ha:
2898 2452 3114 2506 fuerunt
3145 2470 3158 2505 :
3192 2454 3267 2506 uti
3293 2453 3461 2507 Sara-

1891 2537 2008 2593 ceni
2040 2536 2296 2591 Romanis
2330 2537 2431 2591 tria
2464 2552 2751 2589 aureorum
2773 2536 2940 2591 millia
2972 2540 3288 2605 penderent,
3327 2554 3459 2606 cap-

1893 2628 2123 2681 tivorum
2171 2627 2449 2680 hominum
2519 2627 2693 2696 capita
2774 2627 3187 2697 quinquaginta,
3238 2629 3456 2683 totidem

1891 2732 2177 2787 equorum.
2219 2722 2349 2783 Qum
2380 2718 2468 2773 ubi
2494 2718 2558 2772 ad
2590 2717 2965 2772 Occidentales
3016 2718 3279 2775 barbaros
3335 2736 3460 2790 per-
3541 2785 3544 2788 γ

1888 2808 2001 2863 lata
2032 2818 2176 2873 sunt,
2197 2809 2431 2863 Avarum
2454 2809 2663 2863 scilicet
2688 2809 2877 2864 ducem
2905 2811 3147 2877 aliosque
3187 2812 3458 2880 principes

1890 2900 1984 2967 qui
2018 2899 2155 2952 ultra
2187 2914 2278 2952 cos
2296 2898 2361 2954 ad
2408 2897 2759 2954 Occidentem
2793 2900 3064 2967 habitant,
3093 2900 3204 2971 38
3229 2916 3454 2956 munera

1889 3004 2010 3043 cum
2036 2990 2227 3059 legatis
2256 2991 2323 3043 ad
2365 2989 2747 3059 imperatorem
2780 2991 3002 3046 mittunt
3039 3007 3103 3046 ac
3131 3008 3317 3060 pacem
3350 3010 3448 3063 po—

1887 3081 2123 3147 stulam;
2157 3082 2353 3148 quibus
2379 3082 2669 3151 imperator
2697 3099 2951 3140 assensus
2974 3093 3074 3137 est.
3096 3083 3172 3137 Ita
3197 3084 3453 3152 deinceps

1890 3181 1996 3224 tam
2023 3172 2077 3224 in
2116 3171 2338 3225 Oriente
2378 3187 2537 3239 quam
2584 3172 2875 3231 Occidente
2934 3172 3202 3226 altissima
3253 3188 3355 3241 pax
3388 3190 3452 3227 ac
3550 3168 3553 3170 ’

218 3270 313 3321 καὶ
340 3272 390 3323 οί
419 3269 554 3338 πρὸς
589 3270 656 3321 τὰ
680 3270 909 3338 ἑσπέρια
942 3266 1218 3328 οἰκοῦντες
1254 3266 1417 3335 μέρη,
1454 3265 1729 3317 τουτέστιν
1758 3266 1786 3315 6
1813 3254 1858 3312 C

737 3270 909 3338 ’πέρια
942 3266 1218 3328 οἰκοῦντες
1254 3266 1417 3335 μέρη,
1454 3265 1729 3317 τουτέστιν
1758 3266 1786 3315 6
1813 3254 1858 3312 C
1893 3263 2249 3331 tranquillitas
2280 3262 2398 3317 fuit.

214 3360 327 3413 τῶν
370 3362 611 3431 ’Λόάρων
643 3359 863 3431 ἡγεμὼν
892 3361 986 3412 καὶ
1012 3361 1061 3412 οἱ
1122 3361 1378 3413 ἐπέκεινα
1438 3359 1699 3428 ἄρχοντες
1734 3356 1842 3408 τῶν
1884 3357 2021 3427 πρὸς
2075 3357 2225 3409 δύσιν
2280 3358 2699 3426 παρακειμένων
2754 3357 2956 3423 ἐθνῶν,
3019 3359 3105 3412 διὰ
3163 3359 3452 3429 πρέσϐεων

214 3452 367 3522 δῶρα
399 3453 478 3521 τῷ
523 3452 730 3522 βασιλεῖ
757 3451 1061 3513 στείλαντες
1100 3453 1321 3521 εἰρήνην
1355 3448 1626 3519 ἐζήτησαν
1648 3465 1660 3477 ·
1695 3450 1778 3516 ἐφ’
1817 3444 1897 3509 οἷς
1929 3446 2171 3511 εἴξαντος
2200 3447 2296 3501 τοῦ
2361 3447 2621 3515 βασιλέως
2658 3449 2848 3518 εἰρήνη
2882 3450 2944 3501 τὸ
3001 3449 3185 3503 λοιπὸν
3214 3450 3307 3503 κα)⁵
3339 3466 3445 3518 γα-

215 3545 358 3615 λήνη
408 3544 464 3597 ἐν
518 3561 577 3596 τε
609 3547 718 3605 τοῖς
774 3543 927 3613 ἑῴοις
969 3542 1024 3595 ἕν
1062 3560 1120 3595 τε
1151 3545 1262 3605 τοῖς
1310 3542 1584 3611 ἑσπερίοις
1618 3539 1965 3610 ἐϐραϐεύετο.
1995 3540 2105 3592 Καὶ
2133 3539 2306 3592 ταῦτα
2342 3540 2440 3609 μέν
2466 3539 2636 3602 οὕτως
2664 3534 2800 3609 εἶχε.

286 3637 526 3689 Λεκτέον
552 3635 609 3687 δὲ
638 3635 737 3705 ήδη
782 3634 910 3705 περ).
952 3636 1048 3707 τῆς
1076 3634 1182 3686 τῶν
1211 3633 1522 3702 λεγομένων
1565 3630 1777 3684 υῠννων

214 3729 311 3781 καὶ
359 3727 684 3796 Βουλγάρων
740 3726 915 3795 ἀρχῆς
973 3726 1068 3778 καὶ
1126 3726 1511 3786 καταστάσεως
1578 3722 1773 3775 αὐτῶν.

214 3821 354 3891 Περὶ
403 3820 503 3889 τὴν
548 3816 797 3871 Μαιῶτιν
842 3818 953 3888 (91)
1000 3818 1200 3887 λίμνην
1240 3819 1382 3869 κατὰ
1415 3815 1506 3868 τὸν
1537 3816 1777 3883 Κώφηνα

1956 3628 2108 3683 Nunc
2132 3631 2197 3685 de
2243 3630 2582 3694 Hunnorum,
2621 3641 2677 3683 ut
2720 3639 3033 3693 vocanl,‘ac
3084 3630 3439 3699 Bulgarorum

1882 3720 2192 3791 primordiis
2235 3720 2519 3775 dicendum
2545 3729 2646 3787 est,
2670 3735 2884 3790 quoque
2923 3723 3079 3775 modo
3119 3722 3170 3775 iu
3203 3724 3269 3776 iis
3299 3725 3439 3775 sedi-

1885 3813 1983 3866 bus
2039 3812 2317 3867 constituti
2362 3821 2505 3866 sunt.
2537 3812 2621 3867 Ad
2660 3811 2956 3867 Maeotidem
3010 3814 3254 3883 paludem
3284 3813 3439 3881 juxta

1490 3966 1725 4022 νΑιιιΑπ)
1759 3966 2165 4023 LECTIUNES.

288 4088 336 4121 “
358 4086 549 4141 τούτου
571 4088 595 4144 ?
621 4087 691 4142 cl'.
716 4101 770 4155 ι).
803 4084 891 4149 15,
932 4084 1017 4139 l7.

1578 4194 1849 4251 PETAVH
1879 4194 2111 4249 ΝΟΤᾸΞ.

284 4337 402 4407 (88)
463 4335 648 4407 Ἑπτά
689 4329 803 4388 οὖν
846 4328 1278 4407 ἔτετμε-δεξίβῆ
1325 4328 1681 4407 Theophanes
1721 4342 1774 4386 et

209 4400 491 4464 Cedreims
520 4422 570 4459 a.
594 4402 931 4459 Constantini
956 4400 990 4454 9
1014 4400 1302 4454 Mardaitas
1323 4400 1585 4454 Libanum
1620 4417 1773 4455 mon-

214 4492 327 4534 tem
361 4490 680 4545 occupasse,
720 4468 1319 4545 ta_t_itutiique_Barbaris
1379 4470 1634 4545 injecisse
1660 4482 1773 4545 _ter-

215 4563 399 4602 rorem
430 4538 703 4612 bt'pacem
745 4542 893 4612 illico
946 4538 977 4592 a
1026 4538 1287 4612 Romanis
1335 4541 1604 4612 petierint.
1649 4539 1769 4593 Jam

213 4618 365 4687 quod
390 4616 421 4667 7
459 4608 598 4687 totos
634 4626 801 4687 annos
820 4611 906 4663 hic
934 4608 1315 4687 noster__i_uuuit
1342 4610 1615 4687 obsessam
1650 4625 1770 4664 esse

212 4676 449 4756 Cpolim,
500 4684 638 4756 idem
691 4681 961 4756 Cedrenus
1006 4693 1069 4756 ac
1108 4676 1459 4756 Theophanes
1504 4678 1770 4756 allirmare

209 4745 487 4810 videntur.
516 4753 714 4804 Verum
748 4750 850 4801 sub
875 4748 990 4813 ejus
1017 4747 1239 4813 imperio
1269 4745 1609 4800 Constantini
1645 4763 1771 4801 non-

209 4826 315 4879 nisi
366 4837 510 4875 anno
542 4822 576 4875 5
634 4821 688 4873 in
740 4818 1027 4872 Thraciam
1094 4815 1265 4885 delati
1293 4825 1418 4869 sunt
1456 4817 1769 4885 eodemque

208 4909 357 4947 anno
391 4893 694 4945 confectum
726 4899 810 4942 est
831 4902 931 4954 ope
956 4886 1133 4939 divina
1167 4884 1384 4938 bellum.
1437 4884 1615 4951 Quare
1642 4884 1766 4941 cum

209 4963 469 5030 ambigue
542 4961 832 5030 loquantur
890 4956 999 5018 illi,
1054 4955 1120 5007 de
1159 4964 1268 5006 toto
1318 4954 1440 5007 belli
1503 4964 1765 5023 tempore,

206 5028 555 5101 quodetiam
580 5029 680 5081 sub
701 5028 1232 5101 Constante__gestutn
1265 5032 1369 5101 est,
1407 5040 1517 5101 par;
1536 5034 1615 5101 est
1660 5040 1767 5101 au-

207 5093 404 5155 tiorum
442 5113 720 5152 numerum
760 5094 948 5161 accipi.
988 5094 1194 5146 Etenim
1226 5108 1276 5144 a.
1312 5094 1426 5159 ejus
1450 5093 1519 5145 26
1540 5094 1768 5148 Chalce-

206 5177 408 5224 donem
444 5168 649 5235 appulsi
678 5166 909 5235 tnaxiui_a
941 5163 1063 5217 inde
1106 5163 1290 5235 praeda
1345 5163 1498 5229 potiti
1552 5175 1695 5235 sunt,
1737 5181 1765 5217 a

206 5256 318 5307 quo
354 5231 594 5305 tempore
625 5236 727 5307 ad
759 5251 811 5286 a.
857 5231 1118 5307 Pogpnati
1172 5232 1416 5307 q_nin_tnm
1473 5234 1597 5307 anni
1643 5243 1766 5285 sunt

206 5301 447 5377 septeni.
466 5301 636 5377 Atqui
663 5305 823 5377 etiam
853 5318 903 5354 a.
941 5301 1345 5377 Quustantisnﬂl
1407 5311 1463 5377 et
1508 5305 1765 5377 deinceps

205 5368 411 5445 sepius
440 5376 491 5427 in
540 5368 821 5427 Thraciam
867 5373 1203 5439 navigarunt.
1241 5368 1378 5437 Ergo
1418 5372 1493 5445 ita
1540 5368 1762 5424 forsitan

206 5441 581 5513 componenda
619 5460 704 5497 res
754 5452 860 5505 est,
891 5451 970 5498 ut,
1024 5454 1331 5513 quatiquati:
1379 5441 1557 5513 plures
1594 5456 1765 5494 annos

206 5509 413 5572 bellum
437 5514 690 5574 tenuerit,
715 5520 893 5564 tamen
918 5509 1130 5562 nonnisi
1156 5510 1353 5576 septies
1370 5510 1574 5575 Cpolim
1600 5525 1766 5577 usque

209 5584 578 5654 pepuIahundi
608 5581 968 5654 pervenerint}.
1008 5579 1233 5654 Insignis
1264 5579 1350 5631 hic
1389 5595 1565 5632 annus
1620 5580 1764 5654 lion-

207 5649 438 5709 stantini
480 5649 703 5721 quintus
751 5652 850 5703 fuit
900 5649 1153 5721 Graeculi,
1228 5656 1286 5699 ιιι
1340 5659 1570 5709 vocant,
1626 5650 1763 5716 ignis

211 5726 451 5776 :uttlicio
488 5719 595 5774 tum
649 5735 884 5788 reperto,
937 5719 1091 5786 cujus
1143 5728 1420 5788 auctori-ni
1476 5721 1763 5783 perhibent

207 5796 530 5851 Callinicum
567 5787 874 5863 quemdam,
905 5792 1259 5843 architectum
1304 5787 1760 5856 llcliopolitaaum

1877 4292 1915 4387 e
1941 4330 2137 4397 Syria;
2176 4343 2285 4397 quo
2319 4327 2652 4398 potissimum
2681 4328 2905 4398 Barbari
2926 4328 3188 4398 proﬂigati
3218 4347 3365 4389 sunt.

1952 4395 2062 4471 (89)
2111 4395 2269 4465 "per:
2323 4395 2421 4471 δὲ.
2452 4397 2575 4471 τοῖς
2633 4395 2979 4471 πελάζουσι.
3038 4395 3255 4471 δῇιουηι
3298 4406 3439 4457 inter

1878 4465 2056 4539 Lycize
2092 4471 2253 4523 urbes
2300 4475 2353 4520 ct
2388 4465 2714 4539 Pamphyliae
2747 4478 2996 4539 numerat
3040 4465 3438 4525 Constantinus

1804 4525 1850 4582 Ι)
1878 4525 2213 4608 Ρῦιοριιγιιοε.
2244 4539 2280 4608 l.
2319 4550 2332 4588 l
2386 4525 2692 4608 05'7th.
2734 4553 2763 4608 a
2798 4535 3062 4608 vulcauio
3094 4541 3256 4593 edito.
3320 4541 3438 4595 Ste-

1877 4604 2087 4679 phanus
2126 4607 2383 4679 ιΣύλειον
2418 4604 2831 4679 πόλις-Φρυγίας
2860 4605 2949 4658 διὰ
2997 4608 3095 4677 τῆς
3134 4624 3185 4661 ει
3216 4610 3438 4679 διφθόγ-

1872 4674 1995 4745 γου.
2039 4678 2205 4750 Τινὲς
2233 4678 2291 4731 δὲ
2326 4674 2677 4742 Παμφυλίας.
2713 4678 2948 4730 Adverte
2976 4674 3072 4746 per
3098 4695 3170 4744 ει,
3201 4674 3303 4733 non
3340 4674 3439 4750 per

1870 4766 1927 4802 αι
1960 4748 2323 4800 scribendum.

1943 4817 2054 4886 (90)
2097 4817 2150 4886 Ὀ
2170 4815 2238 4867 δὲ
2256 4816 2374 4871 τῶν
2396 4816 2776 4886 Σαρακηινοῶνς⁸
2825 4814 3046 4886 Accidit
3067 4815 3167 4869 hoc
3202 4831 3252 4870 a.
3286 4818 3427 4872 Cou-

1870 4883 2093 4940 sta‘uliui
2127 4885 2180 4947 9,
2210 4901 2332 4938 cum
2370 4883 2628 4940 Saraceni
2659 4902 2687 4937 a
2716 4883 2996 4937 Mardaitis
3027 4884 3216 4939 Libani
3274 4903 3433 4942 mon-

1871 4958 1941 5009 tis
1978 4955 2344 5010 iusessoribus
2375 4964 2778 5025 premerentur.
2819 4953 2924 5006 Sed
2956 4956 3097 5025 quod
3142 4957 3208 5025 ad
3250 4959 3437 5013 tributi

1870 5038 2134 5077 summam
2159 5023 2415 5088 pertinei,
2445 5025 2600 5089 longe
2627 5040 2656 5076 a
2682 5023 2984 5088 Nicephoro
3008 5024 3237 5079 discedit
3261 5025 3438 5081 Then-

1871 5096 2263 5165 plianes_,_dum
2318 5096 2395 5147 ait
2446 5094 2725 5165 ἔγγραφον
2762 5091 3265 5165 γενέσθαιλείρήνης
3317 5097 3437 5165 μεθ’

1867 5166 2031 5233 ὅρκου
2067 5163 2222 5229 λόγον
2250 5164 2344 5216 ἐπὶ
2376 5162 2669 5233 συμφώνου
2701 5162 2921 5244 ἐτησίοςυ
2955 5162 3162 5241 πάκτου
3205 5162 3438 5248 παρέχε-

1869 5236 1994 5285 σθαι
2027 5235 2091 5304 τῇ
2133 5235 2415 5304 Ῥωμαϊκῇ
2448 5233 2697 5304 πολιτεία
2723 5246 2910 5304 Α-παρα
2965 5248 3076 5304 των
3119 5232 3436 5304 ’Λγαρηνων

1868 5287 2091 5376 χρυσοζΓ
2114 5287 2356 5376 χιλιάδας
2390 5287 2684 5376 "cge'ant'
2711 5287 2914 5376 άνδράς
2957 5287 3348 5376 αἰχμαλῶτδυξ-
3369 5287 3439 5376 *η’

1868 5368 2145 5439 χιλιάδας.
2162 5373 2256 5423 καὶ
2280 5373 2483 5434 ἵππους
2509 5372 2749 5436 εὐγενεῖς
2892 5368 3146 5426 Ιιιιιιιιιιιίε
3201 5368 3439 5440 pensita-

1869 5438 1978 5507 tio;
2012 5453 2067 5494 at
2093 5441 2373 5512 Cedrenus
2406 5442 2631 5512 χρυσίου
2660 5438 2992 5512 χιλιάδας-ῤ’.

1939 5513 2051 5580 (9|)
2081 5511 2218 5583 Περί
2250 5510 2366 5578 τὴν
2386 5508 2692 5583 Μαιῶτιν]
2721 5508 2832 5583 llis_
2861 5508 3048 5583 allinia
3086 5509 3155 5583 de
3185 5510 3438 5583 pttlgaris

1868 5576 2052 5634 narrat
2082 5576 2444 5646 'l‘b'etiphanes
2477 5598 2529 5648 p.
2555 5580 2661 5633 296
2692 5611 2762 5624 -
2805 5576 3130 5648 εχξιιιήίοίι
3172 5576 3438 5637 Οοιιὲιειιι-

1868 5652 1963 5722 tiui
1996 5652 2253 5704 adversus
2276 5664 2370 5705 eos
2411 5647 2840 5722 expeditionem.
2874 5647 3073 5722 Hujus_
3090 5653 3437 5722 παρεκόολῆς

1867 5718 2111 5771 Latinam
2148 5717 2643 5786 iutcrpretatiimem
2676 5734 2739 5772 ex
2776 5717 3012 5771 Miscella
3042 5717 3190 5771 Pauli
3218 5717 3434 5778 Diaconi

1868 5800 2052 5856 petere
2085 5791 2259 5856 quivis
2290 5802 2486 5858 potest,
2548 5789 2639 5859 qui
2671 5791 2942 5860 plerisque
2968 5790 3019 5842 iu
3066 5790 3220 5843 libris
3251 5789 3432 5847 Then-
