4206 6440
781 372 877 432 931

1799 374 1860 432 S.
1907 371 2325 432 NICEPIIORI
2369 374 2870 433 PATRIARCIIE
2909 378 3017 435 (ΣΡ.

3942 386 4042 445 932

3973 425 4042 448 Var

780 482 1075 550 Cophinem
1126 481 1342 535 ﬂuvium
1375 481 1475 534 sita
1507 490 1588 534 est
1623 497 1812 551 magna
1848 482 2120 550 Bulgaria,
2157 489 2210 535 et
2231 497 2350 550 quae
2379 492 2420 547 Α

2379 492 2420 547 Α
2453 485 2697 552 ποταμὸν
2750 485 3074 538 καθίσταται
3125 487 3156 555 ἡ
3227 488 3394 541 πάλαι
3446 489 3758 561 καῖιοιιμιὲντΙ
3825 497 4035 564 μεγάλη

778 574 1131 641 Cutragorum
1164 588 1291 638 gens
1322 572 1520 626 dicitur
1548 573 1786 640 ejusdem
1829 590 1948 625 cum
1987 574 2090 627 illis
2116 574 2348 643 generis.

779 663 946 718 Porro
971 664 1305 717 Constantini
1335 673 1600 731 tempore,
1629 665 1719 732 qui
1770 664 1823 716 in
1863 661 2153 716 Occidente
2181 664 2335 727 obiit,

782 754 1013 808 Curatns
1067 756 1288 822 quidam
1325 757 1562 825 gentium
1603 755 1812 806 illarum
1843 755 2096 823 princeps
2135 770 2201 808 ex
2250 755 2350 808 hac

784 847 888 898 vita
943 847 1224 898 discedens
1264 849 1500 914 quinque
1552 845 1688 899 lilios
1719 847 1957 915 reliquit,
2000 846 2197 910 quibus
2250 847 2351 898 hoc

784 946 1103 988 testamento
1136 936 1404 1005 praecepit,
1431 953 1496 989 ne
1532 938 1756 990 seorsitn
1797 952 1825 988 ιι
1878 951 1938 990 se
1988 937 2218 989 invicem
2249 937 2349 989 ha-

783 1025 1042 1086 bitarent,
1087 1043 1190 1092 quo
1215 1026 1499 1090 imperiunt
1552 1026 1822 1079 communi
1855 1027 2143 1079 concordia
2179 1028 2350 1080 stabi-

783 1117 966 1172 lirent.
994 1120 1060 1169 At
1091 1117 1161 1167 illi
1189 1117 1424 1184 paternis
1455 1118 1721 1170 mandatis
1754 1117 2008 1185 neglectis
2047 1117 2204 1183 paulo
2232 1127 2351 1185 post

785 1206 1013 1272 srjuncli
1043 1216 1186 1270 sunt,
1216 1207 1348 1260 adeo
1381 1218 1438 1260 ttt
1465 1223 1617 1260 suam
1648 1210 1877 1276 quisque
1909 1208 2086 1276 populi
2139 1218 2347 1276 partem

786 1299 1098 1351 abduceret.
1160 1297 1356 1350 "ul‘llm
1418 1299 1622 1364 primus
1686 1298 1944 1350 Basianus
1996 1313 2060 1350 ex
2109 1298 2349 1363 parentis

783 1398 1052 1457 priet-cpta
1079 1388 1253 1454 patrio
1287 1388 1339 1439 in
1367 1387 1480 1439 solo
1506 1387 1557 1440 in
1591 1387 1729 1440 hanc
1764 1403 1932 1455 usque
1963 1389 2105 1441 diem
2138 1389 2347 1441 consti-

790 1481 871 1532 tit.
911 1478 1190 1532 Secundus
1215 1477 1478 1546 Cotragus
1507 1480 1826 1533 transmisso
1851 1479 2019 1533 Tanai
2049 1482 2238 1533 horum
2280 1495 2346 1533 ex

786 1569 1012 1621 adverso
1041 1571 1194 1620 sedes
1240 1570 1439 1636 posuit.
1464 1571 1698 1633 Quartus
1736 1580 1884 1623 trans
1933 1571 2129 1622 Istrum
2189 1585 2348 1637 pene-

787 1668 956 1721 trans,
995 1659 1046 1710 in
1079 1657 1377 1721 Pannonia,
1433 1674 1553 1726 qua:
1600 1673 1742 1711 nunc
1786 1658 1885 1711 sub
1913 1658 2212 1711 Avarorutn
2253 1674 2350 1727 po-

786 1756 981 1802 testate
1018 1757 1119 1811 cst,
1152 1747 1355 1802 foede-re
1378 1764 1498 1801 cum
1532 1749 1923 1802 habitatoribus
1959 1751 2090 1802 inito
2122 1750 2348 1803 domici-

2454 576 2758 645 Βουλγαρὶα
2818 577 2913 628 καὶ
2964 578 3013 628 οἱ
3071 577 3353 646 λεγόμενοι
3396 580 3708 650 Κότραγοι,
3770 584 4037 651 ὁμόφυλοι

2454 666 2629 719 αὐτῶν
2667 668 2759 717 καὶ
2790 661 2932 719 οὗτοι
2969 666 3348 736 τυγχάνοντες.
3392 668 3482 722 Ἑν
3512 668 3569 720 δὲ
3593 671 3711 731 τοῖς
3741 671 4041 722 Κωνσταν-

2451 756 2596 808 τίνου
2628 755 2840 824 χρόνοις
2869 755 2926 816 ὃς
2957 758 3100 808 κατὰ
3125 757 3220 826 τὴν
3241 757 3394 809 δύσιν
3423 757 3676 811 ἐτελεύτα
3699 800 3716 824 ,
3750 760 4038 829 Κουρᾶτὸς

2449 865 2533 908 τις
2563 847 2797 916 τοῦνομα
2829 847 3017 918 κύριος
3042 851 3335 918 γενόμενος
3358 851 3465 902 τῶν
3494 851 3676 923 φύλων
3708 852 3927 905 τούτων
3955 855 4038 905 τὶν

2453 938 2565 1006 βίον
2599 939 2935 1008 μεταλλάξας
2973 941 3138 992 πέντε
3179 941 3581 1008 καταλιμπάνει
3615 944 3794 1005 υἱοὺς,
3829 945 3920 1012 ἐφ’
3963 942 4037 1006 οἷς

2449 1027 2744 1079 διατίθεται
2808 1029 3074 1098 μηδαμῶς
3125 1030 3225 1097 τῆς
3277 1029 3524 1098 ἀλλήλων
3583 1033 4037 1102 ἁναχωρισθῆναι

2449 1115 2678 1183 διαίτης,
2703 1117 2776 1178 ὡς
2799 1115 2863 1168 ἂν
2889 1116 2974 1168 διὰ
3001 1117 3100 1184 τῆς
3125 1118 3260 1187 πρδς
3287 1118 3552 1188 ἀλλήλους
3588 1121 3811 1182 εὐνοίας
3845 1122 3919 1172 τὰ
3943 1121 4036 1188 τῆς

2450 1211 2622 1279 ἀρχῆς
2657 1209 2835 1261 αὐτῶν
2863 1207 3200 1271 διασώζοιτο.
3233 1204 3392 1263 Οὗτοι
3427 1212 3600 1280 μικρά
3625 1212 3728 1281 τῆς
3765 1214 4038 1281 πατρικῆς

2451 1301 2836 1371 φροντίσαντες
2859 1299 3234 1370 παραινέσεως
3261 1300 3444 1367 ὀλίγου
3481 1302 3888 1370 παρῳχηκὸτος
3920 1302 4040 1370 χρό’

2450 1410 2540 1445 νου
2583 1393 2870 1460 διέστησαν
2923 1391 3208 1460 ἀλλήλοιν,
3245 1391 3476 1453 ἕκαστος
3524 1392 3706 1443 αὐτῶν
3758 1390 3860 1443 τοῦ
3916 1390 4041 1443 ὶαοῦ

2451 1483 2579 1534 ἴδιον
2627 1482 2791 1550 μέρος
2822 1480 3268 1548 ἀποτεμνόμενος
3292 1496 3305 1506 ’
3354 1474 3428 1533 ὧν
3473 1483 3500 1532 ὁ
3542 1481 3643 1549 μὲν
3677 1481 3912 1547 πρῶτος
3946 1478 4042 1531 Bz-

2451 1567 2631 1630 σιανδς
2678 1568 2722 1596 ’θ
2765 1565 2875 1634 (92)
2929 1567 3042 1628 υἱὸς
3086 1565 3382 1633 λεγόμενος
3430 1570 3569 1620 κατὰ
3603 1568 3672 1619 τὰ
3708 1569 4039 1620 ὲντα).ϐἑντα

2449 1657 2596 1726 αὑτῴ
2627 1656 2777 1726 παρὰ
2807 1656 2899 1708 τοῦ
2934 1657 3140 1723 πατρὸς
3173 1659 3230 1709 ὲν
3255 1661 3320 1727 τῇ
3356 1664 3657 1730 προγονικῇ
3690 1665 3762 1731 γῇ
3795 1662 4038 1730 διέμεινε

2459 1747 2618 1816 μέχρι
2645 1746 2739 1798 τοῦ
2774 1746 2954 1816 δεῦρο,
2988 1748 3015 1798 ὁ
3048 1747 3102 1797 δὲ
3133 1747 3383 1817 δεύτερος
3417 1750 3711 1818 λεγόμενος
3752 1753 4040 1820 Κότρατις

787 1841 915 1893 lium
966 1839 1211 1892 collocat.
1248 1837 1482 1903 Quintus
1525 1841 1576 1892 in
1614 1841 1978 1892 Ravennatem
2010 1838 2343 1908 Pentapolim
2381 1839 2448 1892 Bt

2381 1839 2419 1892 Β
2447 1841 2537 1893 τὸν
2571 1840 2769 1892 Τάναϊν
2799 1841 3126 1911 περαιωθεὶς
3160 1843 3402 1911 ποταμὸν
3433 1843 3615 1913 ᾤκησε
3645 1846 3864 1898 τούτων
3892 1847 4035 1900 ἀντι-

785 1929 995 1981 delatus
1025 1943 1089 1981 ac
1130 1927 1493 1981 Romanorum
1525 1931 1800 1998 vectigalis
1837 1931 2010 1984 factus
2053 1941 2156 1983 est.
2191 1933 2347 1984 Deni-

787 2037 890 2088 que
913 2021 1104 2074 tertius
1135 2021 1409 2086 Asparnch
1437 2021 1653 2074 nomine
1681 2021 1948 2086 Danaprin
1982 2029 2034 2074 et
2063 2021 2345 2076 Danaslrin

786 2113 895 2182 39
943 2115 1164 2164 ﬂumina
1221 2111 1495 2178 lrajiciens
1530 2113 1594 2162 ad
1632 2111 1928 2162 Danubium
1959 2113 2224 2171 consedit,
2259 2114 2346 2165 tthi

787 2206 961 2259 locum
996 2203 1060 2256 ad
1092 2204 1437 2256 habitandum
1461 2203 1709 2256 idoneum
1736 2203 2036 2268 occupavit,
2060 2219 2220 2270 quem
2253 2218 2347 2255 sua

787 2298 967 2366 lingua
995 2297 1185 2362 Dglnm
1221 2296 1508 2362 appellant,
1533 2310 1750 2349 accessu
1783 2295 2052 2348 dillicilem
2078 2304 2133 2348 et
2168 2295 2343 2348 hosti-

789 2390 888 2442 bus
920 2387 1378 2455 iueXpugnabilem
1401 2403 1414 2450 ;
1441 2387 2026 2453 cnjnsanteriorasitus
2053 2389 2346 2453 asperitate

787 2491 840 2534 e'.
862 2479 1145 2548 paludibu.
1171 2477 1376 2530 munita
1399 2487 1543 2544 sunt,
1576 2480 1868 2549 posteriora
1887 2479 2175 2547 praeruptis
2195 2478 2345 2547 rupi-

2446 1931 2569 2001 κρὺ,
2602 1935 2629 1984 ὁ
2672 1932 2729 1984 δὲ
2775 1932 3032 2001 τέταρτος
3078 1935 3168 1986 τὸν
3208 1937 3422 2005 Ἴστρον
3460 1938 3707 2005 ποταμὸν
3747 1937 3951 1998 διαϐὰς
3985 1939 4037 1989 ὲν

2448 2022 2714 2093 Παννονίᾳ
2747 2027 2812 2092 τῇ
2855 2023 2948 2075 νῦν
2998 2025 3103 2077 ὑπὸ
3145 2025 3398 2095 Ἀὅάροις
3446 2029 3700 2097 κειμένῃ,
3744 2028 4033 2089 αὐλίζεται

2450 2114 2780 2177 ὑπόσπονδος
2821 2114 2899 2185 τῷ
2929 2118 3184 2187 ἐγχωρίῳ
3212 2118 3354 2171 ἔθνει
3383 2121 3702 2189 γενόμενος,
3733 2122 3762 2172 ὁ
3784 2119 3846 2171 δὲ
3893 2120 4034 2188 πέμ-

2451 2222 2580 2267 πτος
2605 2206 2743 2257 κατὰ
2769 2206 2867 2275 τὴν
2902 2206 3291 2276 Ῥαϐεννησίαν
3316 2211 3643 2263 πεντάπολιν
3667 2211 4032 2278 ιδριισὰμενῖς

2454 2293 2725 2363 ὐπὸφορος
2763 2295 3050 2364 Ῥωμαίοις
3078 2298 3313 2364 ἐγένετο.
3343 2297 3560 2350 Τούτων
3585 2302 3613 2351 ὁ
3637 2299 3821 2360 λοιπὲς
3850 2300 4032 2368 τρίτος

2452 2385 2679 2454 ἁδελφὸς
2737 2386 2906 2455 ὃνομα
2967 2389 3281 2458 Ἀσπαροὺχ
3329 2391 3422 2442 τὸν
3465 2395 3742 2459 Δάναπριν
3797 2393 3902 2442 καὶ
3945 2390 4032 2440 τὸν

2451 2478 2749 2547 Δάναστριν
2771 2478 2882 2550 (95)
2910 2480 3148 2549 ποταμδν
3180 2482 3510 2552 περαιωθεὶς
3542 2484 3666 2553 περὶ
3691 2484 3784 2534 τὸν
3810 2483 4029 2549 Ἵστρον

2084 2627 2168 2681 VA
2181 2627 2314 2682 “UE
2354 2628 2752 2684 LECTIONES.

860 2745 903 2776 ὀ
927 2745 1040 2807 υἱὸς
1078 2744 1378 2805 Βασιανόςῖ

2137 2834 2411 2890 ΡΕΤΑἮΙ
2446 2831 2670 2890 ΝΟΤᾹΞ.

792 2975 1022 3044 pltauem
1053 2973 1116 3024 ad
1137 2974 1355 3026 verbum
1387 2972 1580 3034 reddit,
1609 2972 1906 3039 prmsertim
1933 2972 2341 3040 posterioribus,

795 3056 850 3096 nt
876 3059 939 3096 ex
974 3045 1038 3094 iis
1057 3059 1171 3106 qua:
1202 3044 1426 3110 sparsim
1452 3044 1834 3108 exscripsimus
1864 3052 2113 3095 constare
2142 3052 2340 3110 potest.

796 3114 925 3164 [Nam
959 3115 1227 3180 prioribus
1261 3119 1308 3164 ιιι
1334 3114 1480 3164 lihris
1502 3114 1656 3178 longe
1684 3111 1926 3163 diversus
1960 3128 1987 3163 a
2010 3110 2343 3179 Theophane

796 3181 1060 3232 Diaconos
1095 3192 1206 3245 est;
1244 3183 1289 3233 id
1327 3184 1467 3249 quod
1499 3182 1603 3233 alio
1630 3183 1744 3232 loco
1800 3181 2270 3234 demonstrabitnr.

868 3253 1004 3301 Ibid.
1030 3249 1191 3302 Multa
1233 3263 1354 3303 sunt
1390 3255 1489 3302 hac
1514 3253 1564 3301 in
1597 3251 1944 3317 topographia
1990 3266 2275 3316 perperam
2313 3266 2341 3305 τι

796 3320 1121 3384 Theophane
1141 3321 1424 3386 descripta.
1441 3321 1677 3372 Primum
1700 3321 1818 3371 Atcl
1837 3324 2101 3384 ingentem
2128 3320 2345 3373 ﬂuvium

799 3395 992 3442 asserit
1016 3405 1132 3439 cum
1170 3390 1335 3442 Tanai
1372 3391 1582 3441 misceri
1641 3402 1798 3455 atque
1831 3390 1882 3440 in
1919 3388 2218 3441 Maaotidem
2250 3391 2345 3440 de-

802 3474 1020 3509 curri-re
1053 3476 1065 3509 :
1109 3462 1199 3508 sed
1236 3470 1388 3510 antea
1428 3474 1616 3510 rursus
1645 3474 1671 3509 a
1702 3459 1868 3510 Tanai
1919 3461 2194 3512 diductum
2243 3459 2347 3511 Co-

802 3529 1015 3597 phinem
1048 3530 1126 3582 vel
1161 3531 1334 3582 lat-ere
1351 3530 1430 3582 vel
1460 3531 1710 3596 excipere
1734 3535 1877 3597 (nam
1904 3529 2346 3597 amhigueloqni-

805 3596 933 3666 tur).
965 3608 1122 3665 atque
1162 3602 1210 3649 in
1243 3600 1522 3651 l’onticum
1553 3596 1846 3652 exonerare
1879 3614 2015 3658 sese,
2046 3602 2111 3650 ad
2138 3596 2343 3650 Necro-

803 3671 919 3737 pyla
944 3678 997 3720 et
1033 3667 1200 3735 Κριοῦ
1225 3669 1530 3737 πρόσωπον.
1581 3667 1717 3719 Sunt
1754 3671 1865 3721 lnec
1912 3667 2098 3736 :lrgroli
2147 3669 2344 3720 veteris

807 3741 1034 3789 somnia.
1065 3740 1181 3788 Atcl
1207 3739 1343 3791 idem
1377 3748 1458 3789 est
1486 3753 1603 3788 cum
1639 3739 1750 3788 lilia
1776 3737 2055 3789 Sartnatite
2098 3737 2345 3789 Asiaticae

806 3809 1004 3873 ingenti
1032 3822 1158 3858 sane
1189 3807 1367 3868 lluvio,
1409 3822 1564 3873 quem
1605 3806 1732 3858 Ede!
1780 3807 1846 3859 ab
1877 3807 2072 3858 acColis
2103 3804 2345 3859 Tartaris

805 3876 1067 3940 hodieque
1104 3878 1368 3927 nominari
1394 3877 1653 3938 referunt,
1705 3875 1768 3927 ab
1807 3876 1928 3926 aliis
1967 3875 2147 3941 Volga.
2205 3877 2269 3926 At
2301 3877 2344 3928 is

806 3959 975 4011 neque
992 3959 1110 3995 cum
1138 3943 1303 3996 T.-uai
1336 3947 1522 3996 miscet
1550 3949 1921 4011 nndas.ncquc
1940 3945 1991 3996 itt
2022 3944 2341 4009 Mmotidem,

805 4019 896 4064 sed
936 4017 984 4064 in
1021 4015 1321 4080 Hyreanunt
1354 4015 1566 4081 pelagus
1586 4015 1868 4066 evolvitur.
1924 4015 2028 4066 Sed
2055 4023 2108 4064 et
2139 4013 2339 4065 falsum

805 4081 1007 4133 Tanain
1041 4088 1104 4135 ab
1141 4084 1357 4135 Ibericis
1387 4082 1529 4150 Pylis
1577 4095 1670 4134 attt
1701 4082 1941 4136 Caucaso
1967 4082 2149 4134 ﬂuere.
2184 4083 2335 4146 Quod

805 4167 931 4203 vero
991 4161 1286 4203 monstrum
1327 4154 1410 4204 hic
1456 4164 1718 4218 procreat,
1775 4167 1897 4203 cum
1954 4154 2019 4204 ab
2074 4152 2245 4202 Atelis
2289 4159 2343 4203 et

806 4219 1003 4273 Tanais
1046 4223 1274 4272 divortio
1308 4221 1502 4272 exinde
1558 4221 1945 4289 Cephinentﬁin
1972 4220 2140 4289 Κριοῦ
2172 4221 2342 4288 πρὸσ-

804 4306 950 4342 ωπον
1017 4291 1253 4341 derivat?
1300 4291 1451 4357 quasi
1517 4291 1629 4341 llha
1673 4301 1822 4342 trans
1862 4288 2064 4341 Tanain
2105 4289 2338 4354 elapsus,

806 4360 1104 4412 innumeris
1127 4361 1420 4427 penetratis
1443 4361 1716 4419 amnibus,
1754 4375 1816 4412 ac
1848 4359 2130 4411 Tauricam
2171 4357 2341 4409 Cher-

803 4443 1074 4489 sonesum,
1141 4443 1300 4495 quam
1350 4428 1455 4479 lata
1504 4439 1605 4490 est,
1658 4443 1910 4481 emensus
1953 4430 2004 4479 in
2053 4428 2336 4479 Ponticum

2454 2974 2559 3044 etis
2603 2970 2858 3044 utrinque
2909 2973 3176 3044 introrsus
3208 2975 3400 3044 pandis
3425 2985 3480 3028 et
3516 2977 3706 3042 patulis
3760 2983 4030 3038 cornibus

2452 3043 2678 3110 elligiem
2747 3042 2884 3095 luna:
2939 3042 3305 3098 decrescentis
3353 3049 3622 3104 ostendat.
3670 3053 4021 3106 medietatem

2453 3123 2596 3164 recta
2622 3113 2936 3183 ct_rotttttda
2969 3115 3151 3181 regula
3187 3115 3476 3183 dividente,
3526 3133 3544 3164 ι
3578 3119 3801 3183 primum
3836 3137 4020 3173 coinn

2448 3183 2516 3231 ab
2546 3195 2640 3252 ora
2684 3179 2929 3234 Thracia:
2959 3183 3008 3233 in
3033 3179 3044 3181 ⁷
3069 3182 3240 3252 Κριοῦ
3290 3184 3536 3250 μέτωπον
3579 3179 3856 3251 desinere,
3901 3193 4029 3243 inde

2449 3251 2648 3317 regnlae
2708 3253 2878 3302 instar
2907 3251 3131 3305 extento
3168 3252 3496 3305 Chersonesi
3559 3255 3739 3307 littore
3769 3259 4019 3311 alterum

2448 3334 2613 3370 cornu
2679 3320 3012 3388 aliquantum
3083 3336 3242 3388 supra
3295 3322 3649 3374 Cimmerium
3713 3326 4023 3388 Bostiorum

2449 3388 2712 3450 inchoari,
2745 3387 3089 3456 indidcmqne
3130 3387 3309 3456 procul
3345 3392 3410 3443 ad
3439 3391 3668 3444 Colchos
3701 3406 3753 3446 et
3811 3394 4024 3450 Phasin

2452 3473 2619 3525 usque
2644 3459 2875 3532 porrigi,
2904 3458 3205 3532 Minotidem
3239 3475 3398 3532 porro
3428 3459 3633 3532 Euxino
3659 3463 3829 3514 Ponto
3862 3483 4026 3532 prur-

2445 3541 2536 3580 sus
2590 3528 2656 3579 ad
2684 3529 3490 3600 septentrionumineunthere?
3517 3531 3644 3592 Qum
3670 3535 3845 3584 omnia
3863 3528 4021 3600 'poe-

2447 3609 2619 3649 tarnm
2651 3595 3078 3667 elegantissiunts
3107 3597 3391 3666 Dionysius
3417 3601 3444 3649 ὁ
3463 3602 3802 3667 περιηγητὴς
3833 3595 4024 3658 aureis

2453 3669 2700 3721 versibus
2723 3665 2937 3718 cecinit.
2966 3665 3188 3732 Reliqua
3221 3665 3358 3733 apud
3391 3665 3635 3720 eumdem
3669 3665 4022 3727 Animianum

2445 3751 2551 3788 non
2601 3735 2778 3787 minus
2806 3735 3050 3797 ridicula,
3083 3737 3228 3788 velut
3253 3752 3374 3786 cum
3407 3735 3711 3805 aCai-ambi
3750 3756 4016 3805 prum”...

2446 3807 2583 3857 torio
2608 3806 2932 3875 maritimam
2987 3821 3160 3869 oram,
3207 3806 3363 3872 cujus
3418 3803 3576 3874 Halys
3629 3803 3841 3860 initium
3906 3825 4015 3875 est,

2447 3875 2594 3927 nervi
2626 3874 2856 3939 speciem
2894 3875 3152 3930 exhibere
3191 3877 3318 3928 dicit
3347 3875 3554 3928 duabus
3588 3891 3749 3930 arcus
3786 3874 4020 3933 summi?

2447 3943 2647 3996 tatibus
2683 3941 2965 4005 implicati.
3002 3945 3164 4012 Atqui
3220 3947 3375 4010 lange
3426 3953 3551 3997 ante
3577 3945 3873 4001 Carambin
3929 3953 4015 4004 ille

2447 4028 2643 4064 nervus
2681 4012 2886 4077 incipit,
2921 4028 3094 4078 neque
3122 4013 3287 4081 llalys
3326 4013 3516 4064 ﬂuvius
3553 4016 3600 4065 ei
3629 4023 4016 4079 promontorio

2445 4081 2811 4154 adeovicinns
2842 4090 2945 4154 est.
2974 4081 3125 4154 M_E_tto
3147 4086 3251 4154 alia
3275 4097 3528 4154 peritque
3553 4084 3786 4154 absona,
3821 4103 3943 4154 qum
3968 4092 4018 4141 iii

2446 4152 2546 4220 hac
2579 4150 2732 4202 l’onti
2769 4159 2835 4220 et
2874 4151 2926 4200 ιιι
2987 4151 3203 4220 ὢςγμιί
3240 4152 3632 4218 chorographia
3687 4163 3740 4206 et
3789 4150 3850 4204 ιιῖ
3886 4160 4016 4210 aliis

2444 4218 2612 4271 ferme
2633 4219 2886 4272 omnibus
2916 4218 3261 4272 committere
3280 4223 3434 4272 solet.
3456 4220 3628 4289 Atque
3659 4235 3715 4273 ut
3737 4239 3804 4275 cx
3839 4223 4019 4279 Theo-

2443 4290 2764 4364 phanistam
2807 4290 3025 4340 turbida
3072 4290 3674 4364 descriptionehhqujdi
3735 4303 4020 4364 utcunque

2443 4358 2666 4427 aliquid
2700 4369 3370 4427 exprimatur,itttagnam
3441 4359 3528 4410 ille
3582 4361 3892 4427 Bulgariatn
3931 4358 4019 4416 ’.τά

2443 4425 2710 4499 ΜςιειιιιιΙὶεΔ
2737 4427 2959 4499 paludes
2977 4429 3052 4478 eis
3083 4426 3290 4499 Tanain
3321 4428 3601 4480 constituit
3625 4466 3639 4490 ,
3670 4425 3759 4480 tibi
3794 4429 4018 4499 Iazyges

803 4500 1072 4550 decurrat.
1113 4495 1353 4550 lnaudita
1409 4499 1564 4564 plane
1595 4502 1858 4550 suntisla.
1889 4498 1957 4549 At
1991 4498 2132 4548 enim
2168 4497 2341 4547 Theo-
2373 4495 2416 4549 D
2445 4505 2498 4546 et
2546 4495 2804 4546 Roxolaui
2863 4496 3062 4564 aliique
3117 4497 3333 4564 Scythae
3381 4499 3650 4564 quondam
3723 4500 3808 4548 vel
3881 4495 4017 4554 531·-

803 4568 964 4634 phani
997 4569 1342 4618 condonanda
1368 4583 1431 4618 eo
1486 4571 1651 4632 magis
1701 4566 1813 4618 lucc
1860 4567 2165 4627 oscitantia,
2199 4566 2338 4634 quod

801 4647 854 4685 et
878 4640 928 4687 in
965 4637 1309 4688 historiarum
1361 4636 1714 4702 scriptoribus
1765 4636 1885 4687 aliis
1915 4638 2227 4701 plerumque
2261 4633 2344 4687 vel

803 4709 936 4757 ttdes
979 4713 1076 4757 hac
1109 4708 1160 4756 in
1194 4716 1345 4772 parte
1377 4706 1458 4755 vel
1494 4706 1766 4770 diligentia
1815 4706 2110 4756 desiderari
2149 4705 2340 4755 soleat.

802 4775 904 4825 Sed
925 4789 1081 4827 nemo
1116 4777 1164 4825 in
1188 4779 1285 4825 hoc
1320 4784 1489 4825 tractu
1512 4774 1826 4825 delincando
1857 4773 2180 4824 luculentius
2200 4781 2345 4824 errat

799 4858 959 4905 qttattt
997 4844 1088 4911 qui
1122 4843 1562 4895 accuratissimus
1584 4852 1638 4895 et
1659 4844 1886 4894 habetur
1922 4842 2261 4911 agnonnullis
2292 4851 2346 4893 et

802 4913 982 4965 haberi
1014 4909 1212 4962 Noluit
1293 4911 1625 4964 Ammianus.
1668 4913 1764 4963 llic
1824 4912 1859 4963 Ι.
1915 4909 2005 4973 22,
2060 4913 2136 4963 sic
2168 4912 2347 4962 Ponti-

799 4997 916 5034 cam
977 4981 1117 5034 illam
1197 4982 1463 5048 regionem
1525 4983 1833 5032 narratione
1901 4997 1995 5032 sua
2087 4982 2350 5032 deformat

801 5059 859 5102 ut
884 5052 1040 5103 aliam
1066 5066 1129 5102 ex
1171 5051 1274 5101 alia
1306 5061 1521 5115 repente
1549 5050 1754 5102 fecerit.
1775 5049 1828 5101 lu
1862 5051 2048 5117 primis
2076 5048 2346 5101 Euxinum

800 5121 874 5172 ait
907 5120 1144 5190 Scythici
1209 5134 1366 5172 arcus
1440 5118 1492 5170 in
1551 5121 2046 5190 speciemrgetninis
2093 5121 2350 5171 t-ornibus

802 5189 1025 5252 inﬂecti,
1080 5192 1220 5256 quod
1282 5203 1462 5240 verum
1499 5199 1600 5240 cst.
1665 5189 1816 5252 Quod
1870 5200 2047 5240 autem
2107 5198 2348 5239 extrema

800 5259 962 5324 hujus
1004 5274 1159 5310 arcus
1185 5257 1318 5310 duos
1363 5273 1484 5310 εδδε
1532 5257 1800 5324 Bosporos
1845 5258 2057 5317 asserit,
2114 5259 2348 5309 Cimme-

802 5331 941 5380 rium
989 5339 1042 5380 et
1094 5325 1406 5387 Thracium,
1451 5328 1549 5380 hoc
1605 5343 1730 5379 vero
1807 5325 2194 5395 perabsurdum
2246 5336 2347 5378 est.

802 5399 963 5449 Addit
1015 5403 1263 5449 eumdem
1309 5395 1574 5449 Euxinum
1633 5396 1897 5448 Micotidis
1948 5397 2229 5463 paludibus
2285 5395 2351 5447 ad

803 5472 1079 5519 Orientem
1107 5467 1302 5527 claudi,
1333 5469 1472 5531 quod
1511 5481 1662 5533 teque
1694 5465 2078 5534 ἁνιστορησῐαν
2109 5465 2353 5534 hominis

803 5539 1000 5605 prodit.
1029 5541 1158 5599 Quis
1185 5542 1322 5586 adeo
1343 5539 1680 5602 geographiae
1716 5537 1990 5602 rttdis,qui
2021 5538 2072 5586 itt
2101 5533 2354 5605 Scythico

803 5610 898 5661 nlo
929 5621 1056 5656 arcu
1088 5607 1292 5658 nesciat
1330 5619 1479 5656 nervi
1520 5608 1688 5656 instar
1715 5607 2010 5658 Asiaticum
2049 5619 2170 5657 esse
2205 5605 2355 5656 littus

805 5693 833 5728 a
877 5675 1115 5740 Bosporo
1163 5677 1228 5726 ad
1292 5673 1522 5728 Colchos
1581 5675 1884 5742 l’hasinque
1937 5675 2206 5727 ﬂuvium?
2282 5675 2355 5726 Ae

804 5763 947 5812 cum,
970 5757 1024 5798 ut
1051 5748 1185 5799 idem
1208 5744 1462 5810 loquitur,
1502 5747 1785 5812 Scythicus
1806 5757 1962 5799 arcus
2002 5760 2020 5793 ι
2045 5743 2352 5796 circumdu-

2448 4572 2625 4622 matze,
2655 4579 2796 4616 nuttc
2831 4563 3310 4633 Moschovitzewel
3338 4567 3575 4619 minores
3613 4563 3835 4620 Tartari
3875 4587 4016 4623 nim-

2446 4637 2644 4699 copati.

2521 4700 2629 4769 (92)
2669 4703 2972 4766 Βασιανὸς
3007 4702 3158 4767 υἱός.
3198 4700 3358 4755 Varie
3393 4700 3552 4766 hujus
3595 4717 3793 4757 nomen
3830 4709 4018 4760 conci-

2447 4772 2612 4839 pitur,
2645 4782 2703 4822 nt
2727 4783 2778 4824 et
2807 4772 2996 4841 patris,
3037 4789 3126 4838 qui
3157 4773 3425 4841 Crobatns
3455 4789 3482 4822 a
3513 4771 3846 4841 Theophane
3883 4779 4017 4829 dicr-

2452 4852 2560 4902 tur,
2593 4841 2732 4909 lilius
2763 4856 2890 4892 vero
2919 4840 3211 4909 Batgaigan
3245 4843 3328 4892 vel
3359 4840 3633 4907 Batgaian.

2520 4909 2630 4978 (93)
2687 4908 2802 4961 Τὸν
2853 4908 3153 4974 Adv-(mpm
3199 4910 3295 4962 καὶ
3328 4909 3678 4974 Δάναστριν.
3735 4909 4019 4967 Cedrenus

2451 4977 2502 5031 itt
2532 4977 2588 5030 υ.
2624 4979 2951 5046 Copronymi
2986 4979 3054 5030 23
3089 4980 3279 5032 lluvios
3313 4980 3434 5030 illos
3472 4982 3806 5044 coniunctim
3847 4987 4020 5035 nomi-

2451 5058 2563 5119 ttat,
2605 5047 2928 5111 Danubium,
2983 5047 3230 5119 Κούφην,
3281 5046 3564 5101 Danastrtn
3609 5059 3663 5119 et
3715 5048 4015 5119 Danapriu.

2451 5117 2978 5186 Kodcmviversimile
3001 5128 3084 5170 est
3110 5118 3407 5186 Uopltinein
3439 5132 3582 5179 esse,
3617 5117 3684 5186 de
3713 5133 3828 5185 quo
3864 5117 4019 5186 paulo

2453 5183 2641 5239 antea.
2677 5185 2997 5250 Jornaudes,
3032 5186 3108 5238 De
3140 5192 3287 5238 rebus
3333 5183 3545 5247 Geticis,
3583 5203 3600 5234 ι
3640 5183 3890 5254 Scythia,
3941 5191 4019 5240 in-

2452 5258 2590 5321 quit,
2641 5254 2922 5309 Germmae
2976 5266 3130 5307 terra:
3169 5259 3398 5308 conlitus
3429 5271 3494 5308 eo
3539 5266 3699 5307 tenus
3752 5260 3844 5308 ubi
3885 5260 4019 5310 ISter

2455 5337 2628 5376 oritur
2684 5328 2882 5385 amnis,
2945 5327 3026 5377 vel
3075 5335 3320 5390 stagnum
3371 5327 3626 5376 dilatatur
3685 5326 4015 5392 Mysianum,

2456 5398 2681 5462 tendens
2737 5409 2906 5461 usque
2948 5397 3013 5446 ad
3067 5396 3285 5446 ﬂumina
3317 5392 3904 5462 Tyt'aut,Dattastrutu
3966 5409 4016 5447 et

2457 5460 2776 5529 Vagosolam
2815 5460 3174 5532 magnumque
3211 5460 3375 5515 illum
3413 5463 3738 5529 Danaprnm.
3793 5483 3813 5514 ι
3861 5466 4017 5531 paulo

2458 5544 2577 5600 post
2629 5549 2641 5584 :
2694 5549 2713 5582 ι
2756 5533 2923 5584 Antes
2978 5548 3128 5595 vero,
3181 5536 3270 5601 qui
3319 5544 3444 5586 sunt
3491 5547 3674 5585 eorum
3731 5534 4015 5587 [οτιιδτιιιιι

2457 5604 2546 5668 qui
2626 5603 2690 5654 ad
2734 5603 3012 5655 Ponticum
3079 5619 3227 5656 mare
3285 5609 3618 5662 curvantur,
3664 5617 3693 5654 ιι
3753 5604 4018 5656 Danastro

2458 5674 2821 5725 extenduntur
2879 5686 3046 5739 usque
3093 5675 3158 5724 ad
3210 5674 3551 5739 Danaprum;
3611 5686 3732 5739 qua:
3799 5674 4016 5724 lluiiiina

2463 5744 2643 5794 multis
2693 5741 3065 5797 mansionibus
3114 5743 3180 5796 ab
3248 5745 3476 5798 inrtcetn
3546 5742 3762 5796 absunt.
3831 5761 3849 5792 ι
3901 5740 4016 5794 Jaai
