4206 6440
160 409 266 472 945

1111 406 1207 465 DE
1251 405 1500 464 REBUS
1537 406 1718 464 POS'I‘
1759 405 2203 467 MAURICIUM
2239 407 2524 470 GESTIS.

3312 411 3416 473 9&6

161 520 301 589 πρὸς
344 518 471 581 τοὺς
518 517 862 586 Βουλγάρους
920 516 1165 587 είρήνην,
1219 516 1314 570 καὶ
1360 516 1742 586 στρατεύματα

1853 514 2183 571 lnstiniauus
2212 531 2332 571 cum
2360 515 2606 571 Anchiali
2645 518 2936 574 conclusus
2967 531 3030 572 ac
3059 517 3295 574 triduum
3323 520 3418 573 oh-

163 611 389 664 πλεῖστα
409 612 497 665 διά
521 628 582 664 τε
611 611 713 680 γῆς
737 611 834 664 καὶ
857 609 1128 678 θαλάσσης
1157 607 1292 680 πρὸς
1318 610 1431 671 τοῖς
1460 607 1742 678 Θρακῲοις

167 701 359 771 μέρεσι
389 700 664 769 διαγαγὼν
696 701 831 772 πρὸς
861 705 926 771 τῇ
983 700 1254 770 ’Δγχιάλῳ
1288 697 1440 752 πόλει
1474 697 1549 762 ὡς
1582 698 1740 751 πολε-

1849 623 2034 662 sessus
2065 617 2231 672 esset,
2263 618 2423 663 noctu
2447 607 2662 662 tandem
2687 609 3002 666 conscensis
3020 609 3247 664 navibus
3267 607 3421 662 anl'u-

1847 702 1925 769 git
1963 715 2024 754 ac
2063 699 2377 770 Byzantium
2412 701 2612 756 evadit.

167 787 356 862 μῆσων
379 793 575 856 αὐτοὺς
603 793 982 862 παραγίνεται.
1020 792 1372 860 Ἀρυλάκτως
1402 791 1459 846 δὲ
1489 793 1580 845 τοῦ
1606 792 1734 846 λαοῦ
1761 791 1896 861 πρὸς
1922 793 1991 844 τὰ
2016 793 2196 844 ἐκεῖσε
2223 791 2378 845 πεδία
2404 792 2496 846 ἐπὶ
2527 789 2730 863 κομιδῇ
2767 789 2962 861 χόρτου
2991 786 3418 860 σκεδαννυμένου

166 884 551 936 ἐπιπίπτουσιν
585 884 795 953 ἀθρόως
828 885 875 936 οῖ
945 883 1241 953 Βούλγαροι
1307 885 1427 941 καῖ.
1461 885 1687 947 πολλοὺς
1728 883 1907 937 αὐτῶν
1939 883 1981 916 ⁸⁸
2030 881 2441 955 διαφθείρουσι,
2491 883 2722 949 πολλοὺς
2767 883 2826 938 δέ
2875 883 2970 938 καὶ
3041 877 3419 954 αἰχμαλώτους

167 967 333 1027 εἷλον.
372 974 482 1026 Καὶ
523 974 882 1044 Ἰουστινιανῷ
909 977 965 1027 ἐν
995 976 1059 1044 τῇ
1103 976 1252 1028 πόλει
1284 975 1555 1046 Ἀγχιάλῳ
1623 975 2006 1044 ἀπολειφθέντι
2040 975 2136 1028 ἐπὶ
2199 974 2380 1045 τρισὶν
2445 974 2680 1046 ἡμέραις
2748 975 3224 1048 προσεδρεύουσιν.
3279 975 3420 1060 Ὀξέ

167 1064 364 1127 νυκτὸς
397 1066 588 1118 ναυσὶν
619 1066 816 1129 ἐπιϐὰς
848 1069 990 1137 φυγῇ
1025 1068 1236 1123 ἐκεῖθεν
1262 1069 1606 1123 ἀπέπλευσεν
1642 1069 1736 1120 καὶ
1770 1061 2183 1131 είςΒυζάντιον
2213 1067 2566 1136 ἐπανάγεται.

254 1160 344 1214 Ἐν
373 1159 585 1221 τούτοις
625 1159 794 1212 ὅντων
827 1163 935 1214 τῶν
969 1164 1311 1232 πραγμάτων
1353 1167 1380 1216 ὁ
1421 1163 1530 1217 τῶν
1558 1166 1738 1232 Σαρα-

167 1249 355 1321 κηνῶν
406 1249 660 1320 βασιλεὺς
707 1251 836 1305 λαὸν
883 1254 1134 1308 πλεῖστον
1163 1255 1386 1334 ὁπλίτην
1419 1255 1739 1325 ἐκπέμπει,

167 1341 448 1412 ἡγεμόνας
479 1342 661 1404 αὐτοῖς
707 1343 1005 1414 ἐπιστήσας
1034 1346 1343 1414 Μασαλμᾶν
1371 1347 1466 1399 καὶ
1498 1345 1743 1416 Σολυμᾶν

169 1431 322 1484 κατᾶ
369 1431 468 1500 τὴν
501 1430 666 1483 αὐτοῦ
703 1431 749 1462 δ’
779 1432 1058 1486 διάλεκτον
1106 1434 1505 1504 καλουμένους,
1550 1434 1624 1498 ὼς
1675 1434 1742 1487 τε

172 1520 363 1574 Τύανα
394 1523 493 1591 τὴν
523 1521 677 1574 πόλιν
704 1521 1183 1593 πολιορκήσοντας.
1227 1526 1290 1577 Ol
1319 1525 1375 1578 δὲ
1425 1526 1602 1578 ἐκεῖσε
1634 1541 1742 1578 πα-

174 1611 552 1682 ραγενόμενοι,
584 1613 854 1683 πολέμους
886 1613 1169 1678 πλείστους
1199 1616 1553 1684 συνάψαντες,
1581 1616 1744 1686 μέρος

169 1704 234 1756 δὲ
273 1703 367 1757 τοῦ
411 1705 628 1775 τείχους
667 1707 731 1759 ἐκ
775 1707 884 1759 τῶν
926 1709 1060 1775 πρὸς
1091 1708 1446 1778 τειχομαχίαν
1499 1709 1746 1778 ὁργάνων

172 1795 580 1860 καταϐαλόντες
618 1799 712 1850 καὶ
743 1799 907 1852 πλέον
953 1800 1106 1857 οὐδὲν
1155 1801 1474 1870 ἰσχύσαντες
1506 1800 1701 1855 ἁνῦσαι
1728 1842 1742 1866 ,

173 1884 492 1954 ἀποχωρεῖν
525 1886 663 1956 πρὸς
693 1886 760 1940 τὰ
811 1890 985 1942 οἰκεῖα
1013 1887 1317 1944 ἐϐούλοντο.
1361 1891 1448 1944 Ἐν
1542 1891 1750 1960 ἐκπέμ-

174 1993 275 2028 πει
305 1977 678 2043 Ἰουστινιανδς
696 1981 832 2052 πρὸς
849 1984 916 2052 τῇ
945 1984 1332 2055 μεσογαίᾳ,καὶ
1355 1983 1602 2037 πλεῖστον
1623 1983 1750 2036 λαὸν

172 2069 439 2138 ἄγροικόν
465 2087 524 2123 τε
556 2072 652 2124 καὶ
683 2076 986 2142 γεωργικὸν
1020 2075 1279 2146 ἀθροίσας
1311 2076 1448 2146 πρὸς
1469 2077 1536 2128 τὰ
1568 2077 1750 2128 Τύανα

172 2159 528 2226 ἀφικνεῖσθαι
555 2161 836 2215 ἐκέλευσεν
861 2163 933 2227 ὡς
955 2166 1081 2228 τοὺς
1131 2165 1630 2236 πολιορκουμένους
1655 2167 1753 2220 ἐπ-

173 2250 518 2320 αμυνόμενος
547 2253 614 2306 ⁸ο.
637 2253 868 2318 Τούτους
894 2255 1127 2319 ἀόπλους
1143 2258 1192 2309 oi
1221 2257 1525 2328 Σαρακηνοὶ
1552 2259 1752 2312 θεασά·

177 2359 336 2411 μενοι
375 2343 585 2414 ὁρμῶσι
626 2348 747 2398 κατ’
775 2346 975 2409 αὐτῶν,
1013 2349 1108 2400 καὶ
1139 2350 1259 2411 τους
1305 2350 1403 2420 μὲν
1432 2349 1574 2414 ξίςεει
1609 2353 1754 2404 ἀνεῖ-

175 2435 297 2498 λον,
318 2437 443 2498 τοὺς
469 2438 524 2489 δέ
555 2438 934 2506 αἰχμαλώτους
966 2439 1277 2496 συνέλαδον.
1310 2442 1589 2495 Ἐντεῦθεν
1622 2442 1754 2515 θαρ-

177 2520 520 2592 ραλεώτερον
551 2523 886 2587 διατεθέντες
912 2528 978 2595 τῇ
1019 2529 1316 2600 προσεδρίᾳ
1341 2531 1386 2562 ⁸¹
1421 2531 1646 2584 Τυάνων
1677 2532 1752 2584 εῖ-

175 2627 364 2678 χοντο.
391 2613 452 2664 Οἱ
489 2613 546 2665 δὲ
572 2616 781 2683 ἀπορία
829 2614 1242 2686 δαπανημάτων
1270 2619 1378 2671 τῶν
1406 2619 1540 2688 πρὸς
1574 2619 1752 2690 μάχην

177 2701 533 2765 ἀπειπόντες,
587 2704 688 2773 τῆς
736 2722 793 2758 τε
843 2706 994 2775 παρᾶ
1049 2708 1309 2776 βασιλέως
1360 2709 1610 2779 βοηθείας
1653 2713 1752 2764 οὐκ

176 2793 614 2862 εὐπορήσαντες,
642 2797 903 2869 ὁμολογίᾳ
930 2799 1159 2862 ἑαυτοὺς
1189 2802 1302 2862 τοῖς
1341 2800 1557 2871 ἐχθροῖς
1610 2819 1751 2873 παρ·

177 2883 373 2936 έδοσαν
401 2885 642 2955 καὶπρὸς
671 2889 738 2940 τΞι
758 2889 802 2920 ⁸²
825 2888 932 2942 τῶν
958 2890 1288 2961 Σαρακηνῶν
1312 2891 1416 2962 ἤθη
1451 2893 1748 2962 ἁπῲχοντο.

177 2973 279 3038 Ἐξ
313 2976 524 3029 ἐκείνου
569 2977 753 3032 λοιπὸν
802 2979 1027 3050 πλείστη
1058 2983 1166 3044 τοῖς
1221 2982 1430 3052 ἐχθροῖς
1472 2984 1751 3054 παρρησία

179 3065 394 3118 ἐδέδοτο
428 3068 598 3131 ἀδεῶς
621 3071 720 3133 τὰς
763 3069 1042 3141 Ῥωμαίων
1085 3071 1510 3141 καταληῖζεσθαι
1545 3072 1748 3144 χώρας,

175 3155 398 3220 οὐδενὸς
431 3159 639 3222 τούτοις
669 3160 946 3230 ἰσχύοντος
980 3160 1413 3227 ἀντιτάττεσθαι,
1451 3162 1541 3214 καί
1566 3163 1609 3195 ⁵³
1630 3180 1751 3216 τινα

1915 1161 2056 1235 {Am
2087 1161 2223 1234 704]
2259 1163 2392 1217 Dum
2418 1163 2532 1218 hinc
2559 1161 2818 1218 adversus
2843 1163 3104 1235 Bulgaros
3137 1172 3416 1230 geruntur,

1845 1252 2248 1308 Saracenorum
2284 1265 2374 1307 rex
2411 1252 2681 1322 ingentem
2735 1251 3032 1307 exercitum
3064 1266 3187 1306 cum
3224 1251 3418 1305 Masul-

1846 1358 2002 1399 maue
2047 1350 2103 1397 et
2141 1343 2430 1414 Solymaue
2493 1343 2724 1399 ducibus
2772 1345 2839 1397 ad
2887 1341 3073 1415 Tyana
3125 1343 3420 1398 obsidenda

1846 1434 2030 1488 mittit.
2085 1431 2186 1499 Qui
2235 1433 2420 1488 multis
2467 1433 2532 1486 ad
2583 1448 2704 1488 eam
2749 1434 2936 1488 urbem
2988 1435 3189 1504 pra-liis
3231 1435 3418 1505 gestis.

1848 1539 2123 1580 nmrorum
2150 1524 2374 1594 insuper
2391 1533 2546 1594 parte
2571 1524 2838 1578 machinis
2862 1524 3108 1594 disiecta,
3137 1541 3256 1579 cum
3285 1525 3420 1579 nihil

1850 1615 2080 1685 amplius
2111 1614 2454 1684 proficerent,
2497 1615 2793 1669 dlscessum
2829 1616 3115 1684 parabant.
3144 1631 3266 1669 cum
3294 1630 3422 1670 ecce

1853 1706 2042 1774 ingens
2090 1706 2420 1759 rusticorum
2456 1713 2510 1758 et
2544 1705 2906 1775 agricolarum
2963 1720 3156 1760 manus
3184 1720 3212 1758 a
3248 1703 3421 1758 Justi-

1854 1796 2013 1848 uiuno
2057 1795 2124 1847 ad
2172 1795 2486 1847 solvendam
2553 1795 2888 1848 obsidionem
2962 1795 3215 1850 mittitur.
3278 1794 3424 1862 Quos

1852 1883 2109 1938 Saraceni
2155 1883 2390 1936 inermes
2433 1883 2752 1950 conspicati,
2780 1883 2979 1952 impetu
3022 1882 3185 1949 facto,
3224 1884 3418 1952 partim

1851 1975 2042 2046 gladiis
2105 1976 2470 2038 obtruncant,
2547 1975 2742 2044 partim
2807 1976 3051 2044 captivos
3118 1975 3416 2028 abducunt.

1850 2066 1968 2134 Quo
2000 2081 2254 2122 successu
2305 2066 2624 2122 audaciores
2657 2067 2850 2122 redditi
2887 2077 3080 2136 coepta:
3111 2066 3422 2136 Tyauorum

1851 2157 2117 2212 obsidioni
2149 2157 2484 2227 pertinacius
2506 2157 2782 2212 insistunt.
2815 2159 2882 2210 At
2907 2157 3188 2226 Oppidani,
3226 2171 3421 2210 neces-

1851 2249 2119 2304 sariarum
2163 2263 2343 2302 rerum
2395 2248 2573 2314 inopia
2609 2248 2788 2315 fracti,
2826 2263 2923 2304 uec
2954 2247 3120 2302 ullum
3157 2248 3224 2301 ah
3255 2248 3422 2315 impe-

1852 2349 2035 2395 ratore
2081 2339 2383 2395 subsidium
2433 2341 2600 2405 nacti,
2646 2341 2976 2395 deditionem
3023 2340 3231 2395 faciunt
3264 2349 3319 2394 et
3351 2341 3418 2394 ad

1852 2429 2246 2485 Saracenorum
2286 2431 2531 2486 instituta
2583 2442 2889 2486 transeunt.
2936 2433 3012 2485 Ex
3046 2431 3142 2486 illo
3178 2440 3422 2500 tempore

1851 2521 2142 2593 plurimum
2175 2535 2238 2576 ea
2269 2536 2356 2576 res
2385 2522 2618 2576 hostium
2654 2523 2864 2577 animos
2901 2524 3096 2588 erexit,
3127 2533 3184 2576 ut
3215 2521 3420 2576 Rotun-

1853 2629 2042 2668 norum
2080 2613 2188 2683 50
2221 2628 2379 2684 agros
2427 2615 2846 2683 praedationibus
2876 2629 2941 2670 ac
2985 2614 3430 2684 populationibus

1853 2705 2070 2770 impune
2119 2712 2395 2767 vexarent,
2433 2719 2554 2758 cum
2590 2705 2715 2758 milli
2748 2705 2884 2759 satis
2915 2706 3112 2759 virium
3169 2704 3237 2758 ad
3287 2703 3422 2760 resi-

1851 2795 2098 2850 stendum
2147 2803 2314 2849 esset.
2375 2795 2660 2850 Postremo
2710 2795 2927 2866 triginta
2986 2795 3098 2850 fere
3145 2795 3422 2850 hominum

1851 2885 2040 2955 globus
2061 2885 2420 2957 Cbrysopolin
2443 2901 2614 2956 usque
2643 2886 2806 2957 (quod
2831 2885 3086 2956 oppidum
3113 2901 3176 2939 ex
3195 2883 3426 2940 adverso

1851 2977 2094 3049 Byzantii
2129 2979 2197 3030 ad
2249 2977 2516 3032 orientem
2569 2979 2736 3031 solem
2786 2978 2852 3031 ad
2903 2992 3051 3031 mare
3105 2980 3267 3031 situm
3318 2976 3422 3042 est)

1850 3081 2226 3139 perrumpunt,
2258 3080 2312 3124 ct
2341 3069 2627 3139 oppidanis
2679 3071 2930 3124 omnibus
2958 3067 3220 3138 iugulatis
3270 3067 3424 3121 navi-

1852 3164 1956 3232 giis
1989 3163 2169 3233 ignem
2205 3163 2472 3232 iujiciunt.

175 3251 388 3304 τούτων
416 3254 728 3323 ἀποδασμὸν
791 3257 872 3317 εἰς
927 3257 1220 3326 τριάκοντα
1274 3257 1473 3329 ἄνδρας
1537 3259 1955 3328 περιιστάμενον
2001 3260 2129 3328 ἄχρι
2173 3257 2571 3328 Χρυσοπόλεως
2627 3256 2926 3320 κατελθεῖν,
2985 3255 3426 3328 παραθαλάσσιον

176 3345 384 3415 χωρίον
439 3346 663 3414 ἀντικρὺ
713 3347 1006 3412 Βυζαντίου
1065 3352 1200 3418 προς
1254 3350 1408 3420 ἥλιον
1461 3352 1748 3420 ἀνίσχοντα
1787 3351 2096 3422 ἱδρυμένον,
2166 3351 2422 3412 καὶτοὺς
2461 3350 2560 3417 μὲν
2623 3349 2817 3402 αὐτόσε
2851 3349 3142 3418 οἰκήτορας
3170 3347 3424 3415 ἀποσφά⁴⁵

177 3436 297 3502 ξαι.
327 3435 423 3497 τὰς
451 3435 506 3488 δὲ
538 3436 836 3507 πορθμίδας
869 3440 1154 3510 ἐμπρῆσαι
1185 3442 1316 3506 ναῦς

254 3529 632 3599 ἰουστινιανὺς
657 3536 712 3590 δέ
743 3541 800 3590 ἐν
833 3541 1020 3612 μνήμῃ
1068 3540 1208 3610 ἔχων
1238 3545 1365 3613 περὶ
1391 3544 1489 3611 τῆς
1524 3541 1750 3612 γενομέ-
1781 3554 1821 3610 (ζ

177 3639 283 3692 vn:
317 3627 463 3697 αὐτῷ
513 3630 648 3698 πρός
709 3631 1010 3703 Ἀψίμαρον
1052 3635 1202 3704 παρὰ
1243 3635 1352 3687 τῶν
1401 3637 1459 3688 ἐν
1504 3636 1752 3707 Χερσῶνι

175 3717 474 3786 διαϐολῆς,
507 3722 638 3785 ναῦς
678 3725 814 3777 πολὺ
885 3726 1145 3790 πλείστας
1183 3730 1277 3782 καὶ
1305 3729 1596 3799 διαφόρους
1631 3748 1754 3783 συν-

177 3807 435 3878 αγείρας,
467 3812 769 3879 ἐμϐιϐάσας
824 3817 956 3888 παρ’
1001 3819 1166 3872 αὑτοῦ
1220 3820 1378 3890 ἄχρις
1427 3824 1507 3887 είς
1559 3823 1754 3876 ἐκατδν

176 3899 431 3969 χιλιάδας
461 3903 690 3973 ἀριθμὸν
716 3907 950 3976 ἀνδρῶν,
982 3910 1192 3972 εἰδότας
1215 3911 1259 3942 ⁸³
1287 3911 1349 3964 ἐκ
1373 3928 1429 3964 τε
1458 3912 1568 3963 τῶν
1598 3928 1754 3980 στρα-

176 3995 458 4047 τιωτικῶν
485 3998 824 4068 καταλόγων,
865 3999 946 4053 ἐτι
988 4001 1044 4054 δέ
1077 4004 1171 4056 καὶ
1201 4003 1295 4056 τοῦ
1327 4003 1633 4076 γεωργικοῦ
1659 4004 1753 4057 καὶ

175 4082 295 4134 τῶν
329 4082 668 4152 βαναυσικῶν
717 4089 922 4159 τεχνῶν
971 4091 1082 4144 τῶν
1119 4109 1176 4145 τε
1209 4095 1271 4146 ἐκ
1310 4095 1408 4164 τῆς
1443 4095 1751 4166 συγκλήτου

180 4174 385 4243 βουλῆς
418 4177 510 4230 καὶ
532 4178 625 4231 τοῦ
657 4181 754 4248 τῆς
789 4183 997 4245 πόλεως
1025 4185 1220 4254 δήμου,
1251 4185 1521 4253 Στέφανον
1545 4186 1600 4239 δέ
1631 4203 1752 4239 τινα

177 4267 479 4335 πατρίκιοι)
527 4269 588 4322 τὸ
631 4272 860 4342 ἐπίκλην
917 4276 1232 4345 Ἀσμηκτον
1268 4278 1314 4308 ⁵⁵
1365 4277 1458 4330 τοῦ
1510 4278 1752 4332 τοιούτου

180 4353 376 4408 στόλου
407 4359 650 4425 ἡγεμόνα
680 4361 1080 4433 προϐαλόμενος
1105 4365 1148 4397 ⁸⁸
1180 4365 1478 4435 ἐξέπεμψε,
1520 4369 1752 4438 προστά-

176 4447 283 4512 ξας
316 4449 521 4514 πάντας
550 4455 676 4516 τοὺς
708 4457 765 4506 ἐν
793 4455 1040 4525 Χερσῶνι
1074 4457 1165 4510 καὶ
1199 4459 1460 4528 Βοσπόρῳ
1503 4462 1596 4512 καὶ
1629 4461 1754 4524 τοὺς

176 4538 294 4590 τῶν
336 4540 509 4593 ἄλλων
555 4544 854 4614 αρχοντιῶν
897 4547 1058 4610 λαοὺς
1121 4549 1332 4618 ξίφεσιν
1377 4549 1750 4619 ἀνηλωκέναι,

191 4631 386 4685 Ἠλίαν
412 4633 468 4685 δὲ
505 4635 612 4688 τῶν
657 4636 818 4690 αὑτοῦ
852 4638 1167 4710 δορυφόρων
1197 4641 1294 4693 σὺν
1342 4641 1492 4711 αὐτῷ
1523 4644 1756 4696 ἀπιόντα

178 4723 424 4792 ἄρχοντα
453 4725 737 4793 Χερσῶνος
776 4729 1206 4796 ἐγκαταστῆσαι,
1251 4729 1330 4781 ἐτι
1376 4729 1430 4782 δὲ
1480 4732 1574 4784 καὶ
1617 4731 1755 4802 Βαρ-

175 4813 351 4883 δανην
387 4815 673 4884 Ἀρμένιον
714 4817 790 4886 τῷ
819 4819 966 4887 γένει
999 4820 1277 4889 ἐξόριστον
1304 4823 1482 4873 ἐκεῖσε
1526 4822 1751 4876 καταλι-

1929 3538 2065 3612 [Αιι.
2098 3537 2246 3610 709.]
2280 3536 2614 3592 Justinianus
2664 3537 2900 3601 interim,
2930 3534 3216 3590 delationis
3266 3535 3422 3590 istius

1855 3644 2084 3695 memor,
2109 3645 2212 3700 qua
2243 3629 2385 3698 apud
2414 3628 2752 3698 Apsimarum
2781 3641 2810 3680 a
2832 3626 3173 3682 Chersonitis
3201 3627 3252 3680 iu
3279 3629 3424 3697 peri-

1855 3720 2035 3774 culum
2055 3719 2318 3774 adductus
2338 3717 2538 3783 fuerat,
2559 3717 2791 3772 classem
2816 3717 3107 3770 multarum
3125 3731 3188 3770 ac
3215 3717 3420 3772 diversi

1855 3812 2068 3879 generis
2099 3811 2313 3864 navium
2344 3811 2596 3875 instituit,
2630 3810 2682 3864 in
2713 3826 2874 3879 quam
2910 3821 3127 3865 centum
3161 3810 3277 3866 fere
3304 3811 3424 3864 mil-

1856 3903 1925 3957 lia
1965 3903 2244 3957 hominum
2276 3902 2552 3972 imposuit,
2591 3904 2785 3972 partim
2816 3917 2880 3956 ex
2911 3903 3235 3957 militaribus
3272 3904 3424 3958 ordi-

1856 3996 2033 4060 nibus,
2068 3994 2262 4065 partim
2298 4009 2362 4048 ex
2391 3995 2592 4049 rustica
2637 3993 2790 4062 plebe
2818 4003 2915 4048 aut
2944 3995 3194 4064 opificum
3240 3997 3420 4058 turba,

1854 4087 2050 4157 partim
2114 4086 2348 4156 denique
2393 4101 2460 4141 ex
2511 4088 2790 4142 senatorio
2839 4087 3031 4142 ordine
3087 4087 3421 4156 reliquisque

1855 4179 2082 4235 civibus.
2117 4177 2213 4233 His
2243 4178 2496 4234 omnibus
2526 4178 2858 4248 Stephanum
2893 4179 3180 4248 patricium
3215 4194 3419 4248 cogno-

1856 4280 2040 4324 mento
2069 4269 2367 4324 Asmictnm
2401 4270 2591 4324 ducem
2634 4270 2944 4339 prarposnit,
2983 4284 3106 4323 cum
3144 4268 3414 4324 mandatis

1857 4370 1915 4417 ut
1940 4361 2229 4416 Chersona:
2259 4376 2322 4416 ac
2353 4360 2576 4430 Bospori
2627 4361 3032 4429 vicinarumque
3068 4361 3420 4428 prml'ectura-

1857 4467 1972 4505 rum
2005 4450 2227 4519 populos
2273 4466 2463 4505 omnes
2503 4451 2700 4521 gladiis
2725 4454 3035 4518 coulicerct,
3073 4452 3242 4505 Eliam
3294 4469 3422 4508 vero

1855 4555 1918 4596 ex
1971 4541 2335 4609 praatoriauis,
2387 4541 2479 4609 qui
2530 4542 2581 4594 iu
2630 4541 2887 4594 comitatu
2932 4552 3071 4606 erat,
3132 4542 3422 4596 Chersome

1855 4630 2173 4700 praeﬁceret,
2229 4632 2535 4699 ibidemque
2587 4632 2885 4687 Bardanem
2916 4634 3202 4702 quemdam
3233 4635 3423 4692 Arme-

1857 4738 1983 4776 uum
2023 4723 2263 4778 exsulem
2285 4723 2640 4792 relinqueret.
2683 4723 2778 4778 llis
2813 4725 3076 4794 acceptis,
3110 4725 3423 4793 Stephanus

1858 4812 2079 4869 Pontico
2103 4813 2236 4868 mari
2268 4814 2320 4869 iu
2357 4815 2502 4868 illam
2538 4817 2813 4885 regionem
2852 4815 3100 4870 invectus
3133 4815 3283 4886 jussa
3317 4818 3422 4870 im-

178 4906 331 4956 πεῖν.
359 4905 631 4973 Στέφανος
657 4907 713 4960 δέ
751 4908 840 4961 διὰ
869 4909 962 4978 τῆς
1010 4911 1272 4980 Ποντικῆς
1307 4910 1588 4981 θαλάσσης
1619 4913 1750 4983 πρὸς

1859 4907 2124 4974 peratoris
2175 4908 2754 4976 exsequiturzpaucos
2800 4909 3029 4978 juvenes
3087 4910 3421 4977 captivorum

176 4996 252 5049 τὰ
303 4998 481 5050 ἐκεῖσε
525 4999 854 5070 περαιωθεὶς
896 5003 960 5054 τὰ
990 5001 1441 5073 προστεταγμένα
1471 5003 1710 5072 ἐπλήρου
1732 5045 1747 5069 ,

180 5089 453 5160 μειράκια
477 5109 594 5143 τινα
625 5092 784 5158 ὀλίγα
826 5093 902 5161 τῷ
936 5093 1146 5145 συνόντι
1177 5093 1325 5162 αύτῷ
1349 5094 1464 5164 λαῷ
1490 5094 1564 5157 ὡς
1593 5095 1752 5164 δῆθεν

177 5179 506 5250 αἰχμάλωτα
532 5185 912 5251 περιποιήσας.
936 5183 1038 5234 Τὸν
1059 5182 1255 5234 Δοῦνον
1277 5182 1334 5234 δὲ
1358 5184 1448 5236 τὶν
1471 5183 1753 5254 Χερσῶνος

177 5271 425 5341 ἄρχοντα
469 5275 562 5325 καὶ
607 5274 807 5327 Ζωΐλον
851 5275 1263 5346 πρωτοπολίτην
1310 5276 1607 5345 λεγόμενον
1659 5277 1754 5330 καὶ

180 5365 410 5434 ἑτέρους
456 5365 654 5436 ἄνδρας
709 5368 1115 5437 τεσσαράκοντα
1162 5367 1272 5421 τῶν
1333 5368 1753 5440 ἐμφανεστέρων

176 5455 472 5525 δεσμώτας
503 5457 599 5509 σὺν
627 5458 839 5524 γυναιξὶ
878 5461 970 5511 καὶ
1003 5461 1156 5511 πσ-ισῖ
1195 5459 1332 5529 πρὸς
1373 5459 1753 5513 Ἰουστινιανὸν

1858 4998 1976 5053 loco
2007 4999 2059 5052 in
2084 4998 2282 5052 milites
2308 5013 2437 5053 suos
2464 4999 2677 5054 dividit.
2725 5001 2932 5054 Dunum
2964 5000 3258 5055 Chersona:
3286 5013 3424 5067 prae-

1862 5088 2059 5145 fectum
2091 5105 2144 5146 et
2171 5090 2377 5144 Zoilum
2425 5092 2666 5147 civitatis
2710 5091 3010 5162 principem
3059 5093 3300 5161 aliosque
3327 5093 3425 5146 tri-

1861 5185 2007 5252 ginta
2051 5185 2266 5239 circitcr
2311 5199 2375 5239 ex
2431 5184 2817 5239 illustrioribus
2859 5183 2962 5254 51
3010 5199 3133 5240 cum
3169 5186 3427 5240 uxoribus

1859 5289 1913 5332 et
1957 5278 2139 5333 liberis
2203 5278 2416 5332 vinctos
2467 5278 2534 5330 ad
2595 5276 2963 5331 Justiuianum
3029 5278 3224 5340 mittit,
3286 5275 3426 5327 alios

1857 5368 2148 5424 Chersoua:
2201 5366 2356 5422 iacile
2400 5367 2674 5437 principes
2715 5382 2941 5422 numero
2975 5375 3179 5436 septem
3234 5365 3428 5434 ligneis

1861 5459 2096 5514 verubus
2160 5459 2388 5529 alligans
2431 5463 2496 5514 ad
2550 5462 2725 5529 ignem
2792 5459 3022 5515 assavit.
3095 5457 3425 5514 Caueratqu

1467 5599 1696 5654 VAIUIE
1739 5597 2152 5656 LECTIONES.

223 5735 274 5816 ξ’
293 5735 581 5816 ⁸αὐτούς).
654 5737 702 5816 ξ’
728 5737 938 5816 αύτῶνς
967 5738 1056 5816 ﬁ"
1075 5740 1184 5816 τοῖς
1216 5737 1694 5816 πολιορκουμένοις
1715 5739 2196 5816 ἐπαμυνούμενοςς
2237 5739 2314 5816 _"
2338 5737 2435 5800 τῆς
2462 5736 2783 5816 προσεδρίας
2807 5753 2820 5800 ;
2852 5735 2991 5816 t'l‘Lp.
3011 5733 3095 5816 ιν
3126 5733 3214 5789 21.
3336 5731 3418 5800 I2,

185 5804 262 5861 60
290 5806 340 5870 ι,
377 5808 444 5861 σὺ
476 5807 556 5863 l2.
652 5809 698 5840 "
725 5809 790 5862 τα
820 5824 927 5865 om.
966 5807 1024 5862 Ρ.
1101 5809 1145 5841 ⁸³
1176 5804 1462 5879 καί]ὢστε
1492 5804 1613 5876 viai;

1691 5810 2081 5876 ⁵³εἰσ6άντας;

2159 5810 2202 5840 ⁵⁵
2237 5804 2537 5878 ’Λσμικτον
2572 5808 2631 5862 ι’.
2669 5804 2677 5806 “
2710 5809 2750 5840 ³·
2797 5804 3235 5877 προϐαλλόμενος
3259 5805 3317 5857 ι’.
