4206 6440
213 444 318 508 95}

1173 449 1271 512 DE
1310 451 1561 514 REBUS
1601 454 1785 515 POST
1828 456 2271 518 MAURICIUM
2302 455 2590 519 GESTIS.

3359 465 3468 531 954

210 575 307 627 ρον
335 558 452 620 ἔτος
496 558 609 630 (Η)
638 561 697 612 ἐν
721 562 785 630 τῇ
822 559 1069 635 βασιλείᾳ
1101 562 1358 632 διάγοντα
1391 565 1458 618 ⁸⁸.
1487 565 1564 636 Τῇ
1601 564 1778 619 ἐπαύ-

1889 564 2169 636 Philippici
2227 567 2494 621 notarium
2539 568 2718 637 (quem
2788 568 2968 625 Latini
3017 585 3049 626 ι
3088 574 3322 633 secretis.
3358 593 3462 631 no-

211 665 329 719 ριον
386 650 567 721 ήμέρᾳ
631 645 747 721 (ἦν
811 652 911 722 τῆς
981 653 1363 726 Πεντηκοστῆς
1418 656 1742 727 ἐορτάσιμος
1761 655 1789 725 )-

1884 660 2115 730 minaut)
2156 660 2534 730 imperatorem
2580 661 2897 728 proclamat,
2921 664 3207 736 eidemque
3240 671 3473 726 Amata-1

208 739 517 809 ἀθροισθεὶς
554 741 583 793 ό
607 741 705 811 τῆς
746 740 954 806 πόλεως
979 741 1125 806 ἅπας
1157 742 1327 814 δῆμος
1359 744 1498 815 πρὸς
1524 744 1585 797 τὸ
1639 747 1783 813 ἱερὸν

1889 750 1951 805 sii
1986 765 2179 805 nomen
2230 752 2458 827 imponit
2498 748 2628 821 [ειη.
2654 751 2817 823 illi].
2860 754 3057 810 Paucis
3109 756 3237 812 inde
3267 758 3465 814 diebus

208 830 306 883 τοῦ
341 830 487 883 θείου
529 833 702 900 Λόγου
737 832 968 902 τέμενος
994 833 1421 906 ἀναγορεύουσιν
1449 838 1529 900 είς
1555 836 1779 905 βασιλέα

1882 840 2102 912 elapsis,
2124 839 2408 895 Theodoro
2430 842 2660 911 patricio
2687 858 2751 897 ac
2774 843 3007 915 Georgio
3030 847 3219 901 oculos
3242 856 3466 916 eruunt.

219 921 505 992 ’Λρτέμιον
531 923 858 978 ιΙιιλιππικοῡ
887 925 1000 995 (15)
1032 927 1391 998 γραμματέα,
1417 926 1512 991 οὓς
1536 931 1604 999 τῇ
1644 929 1781 981 Ἰτα-

1889 931 2138 1003 huncque
2203 933 2374 1001 ipsum
2442 933 2888 989 Thessalonicam
2941 937 2996 989 in
3059 938 3307 994 exsilium
3370 942 3466 997 do-

206 1013 318 1067 λῶν
348 1017 497 1086 φωνῇ
534 1014 791 1068 καλοῦσιν
836 1016 1173 1088 άσηκρῆτις,
1210 1020 1653 1089 ἐπονομάσαντες
1683 1021 1780 1074 αὑ-

1918 1034 2119 1078 01⁸13111..

210 1038 318 1067 Αων
348 1038 497 1086 (pawn
534 1038 791 1068 XJAOUUW
836 1038 1173 1088 ασηκρητις,
1210 1038 1653 1089 επονομασαντες
1683 1038 1780 1074 αυ-
1882 1038 2119 1091 portant.

207 1108 305 1159 τὸν
367 1107 741 1162 Ἀναστάσιον.
792 1108 1016 1177 Ὀλίγων
1073 1110 1129 1165 δὲ
1172 1111 1398 1183 ήμερῶν
1446 1113 1772 1166 διελθουσῶν
1843 1115 2104 1183 τυφλοῦσι
2167 1117 2446 1188 Θεόδωρον
2501 1118 2598 1173 τὸν
2650 1122 2966 1190 πατρίκιον,

3053 1122 3317 1191 ὡσαύτως
3374 1129 3468 1184 καὶ

208 1202 505 1273 Γεὼργιον,
532 1203 627 1256 καὶ
649 1204 837 1258 τοῦτον
860 1204 1138 1273 ἐξόριστον
1164 1207 1222 1259 ἐν
1241 1206 1612 1279 Θεσσαλονίκῃ
1638 1208 1964 1278 πέμπουσιν.

299 1296 649 1360 Ἀναστάσιος
668 1297 725 1350 δέ
743 1297 814 1351 δι’
841 1298 1159 1369 ἐπιμελείας
1207 1298 1277 1353 τά
1307 1299 1579 1370 πολεμικά
1635 1300 1779 1370 πρά-

208 1399 403 1455 γματα
435 1381 571 1455 εἶχε,
611 1387 705 1440 καὶ
739 1386 1007 1458 ἄρχοντας
1037 1388 1257 1453 ἱκανοὺς
1285 1388 1423 1459 πρὸς
1454 1390 1551 1452 τὰς
1577 1389 1782 1442 τούτων

208 1476 506 1546 διοικήσεις
536 1477 787 1534 καθίστα.
818 1478 1147 1550 Αίσθόμενος
1176 1480 1232 1533 δέ
1254 1482 1281 1533 ό
1312 1480 1420 1533 τῶν
1447 1480 1781 1552 Σαρακηνῶν

213 1565 470 1636 βασιλεὺς
502 1567 694 1637 βουλάς
724 1569 889 1623 ἐκίνει
917 1569 992 1635 ὡς
1028 1572 1169 1625 κατὰ
1194 1572 1292 1640 τῆς
1333 1571 1624 1642 Ῥωμαίων
1675 1570 1784 1641 χώ-

216 1676 323 1730 ρας
374 1661 859 1732 στρατευσόμενος.
904 1663 1255 1717 Ἀποστέλλει
1307 1663 1363 1717 δέ
1424 1663 1559 1734 πρὸς
1620 1665 1783 1717 αὐτὸν

213 1750 418 1819 Δανιὴλ
448 1750 539 1802 τὸν
568 1753 883 1822 πατρίκιον,
925 1753 1033 1806 ἀπὸ
1061 1754 1160 1823 τῆς
1189 1754 1503 1807 Σινωπιτῶν
1524 1753 1780 1825 opprime-

1956 1304 2024 1357 At
2072 1302 2391 1357 Anastasius
2439 1313 2585 1357 totus
2628 1300 2685 1358 in
2738 1304 2967 1360 bellicas
3018 1321 3107 1362 res
3145 1310 3470 1367 incumbere

1888 1393 2074 1461 cmpit,
2104 1401 2159 1445 et
2191 1394 2255 1446 ad
2287 1408 2469 1447 earum
2502 1395 3030 1451 administrationem
3062 1397 3225 1453 duces
3251 1418 3314 1456 ac
3337 1418 3468 1469 pra:-

1888 1482 2063 1537 fectos
2083 1498 2241 1551 quam
2284 1485 2546 1552 plurimos
2578 1487 2883 1541 constituit.
2917 1486 3047 1553 Qum
3079 1489 3187 1560 56
3209 1506 3330 1544 cum
3370 1492 3469 1545 Sa-

1893 1589 2214 1628 racenorum
2250 1574 2479 1644 principi
2513 1589 2790 1648 comperta
2825 1578 3028 1647 forent,
3067 1598 3203 1634 nova
3232 1583 3468 1640 subindo

1891 1663 2114 1718 consilia
2160 1664 2379 1718 molitus
2431 1665 2691 1723 adversus
2734 1665 3017 1723 Romanos
3062 1671 3466 1739 expeditionem

1892 1764 2191 1822 comparat.
2215 1754 2294 1808 Ad
2322 1769 2480 1824 quem
2516 1756 2808 1827 imperator
2840 1758 3121 1816 Danielem
3149 1761 3464 1828 patricium,

210 1859 309 1896 νον
340 1843 568 1907 πόλεως,
593 1842 839 1914 ὕπαρχον
859 1845 1161 1915 τηνικαῦτα
1186 1846 1288 1913 τῆς
1313 1846 1582 1915 βασιλίδος
1607 1846 1787 1916 ὑπάρ-

1895 1844 2043 1899 urbis
2068 1845 2401 1915 praefectum,
2435 1863 2466 1903 e
2500 1848 2719 1919 Sinope,
2754 1851 2842 1906 ubi
2871 1859 2982 1926 tum
3017 1852 3353 1920 morabatur,
3372 1853 3468 1908 de-

212 1951 404 2003 χοντα,
437 1934 510 1997 ὡς
543 1934 701 2005 δῆθεν
725 1935 793 1989 τὰ
818 1936 917 2006 τῆς
950 1937 1174 2006 εἰρήνης
1198 1937 1790 2008 ἐπικηρυκευσάμενον,

212 2024 294 2095 τῷ
328 2024 440 2078 ὄντι
462 2025 517 2078 δὲ
548 2027 995 2097 διοπτευσόμενον
1027 2022 1114 2081 οἵα
1144 2029 1325 2091 αὐτοῖς
1354 2029 1423 2082 τὰ
1462 2029 1604 2082 κατὰ
1657 2029 1790 2083 Ῥω-

216 2117 399 2187 μαίων
425 2116 736 2189 ἐξηρτύετο·
770 2117 828 2182 δς
855 2121 1147 2190 ἐπανήκων
1179 2121 1471 2191 ἐπήγγειλε
1528 2122 1792 2190 μεγίστην

211 2207 441 2261 ἔσεσθαι
492 2211 585 2262 τοῦ
643 2209 830 2273 ἔθνους
854 2211 941 2265 διά
999 2228 1059 2263 τε
1113 2210 1357 2265 ίππικῶν
1410 2213 1503 2265 καὶ
1547 2212 1795 2282 πλοΐμων

216 2304 655 2372 στρατευμάτων
680 2303 778 2372 τῆς
846 2303 1163 2373 Ῥωμαῖκῆς
1214 2304 1491 2367 πολιτείας
1525 2305 1791 2375 καταδρο-

218 2395 355 2464 μήν.
395 2394 453 2445 '0
481 2393 538 2446 δέ
562 2395 802 2457 ἀκούσας
827 2395 1041 2464 ἑκάστῳ
1077 2394 1186 2447 τῶν
1233 2398 1291 2448 ἐν
1326 2397 1390 2465 τῇ
1440 2395 1593 2448 πόλει
1626 2395 1700 2459 ὡς
1745 2396 1789 2427 ⁶³

214 2482 271 2534 εί
322 2500 404 2545 τις
438 2484 546 2537 τῶν
583 2486 895 2551 ἀναγκαίων
937 2487 1229 2556 εὐπορήσει
1276 2487 1367 2540 ἐπὶ
1424 2487 1608 2556 τριετῆ
1661 2488 1788 2557 χρό-

214 2590 309 2625 νον
336 2573 703 2643 διαρκούντων
734 2575 905 2646 αύτῷ,
939 2576 1144 2645 μένειν,
1164 2580 1193 2630 ό
1222 2577 1279 2631 δέ
1307 2576 1511 2630 τούτων
1545 2579 1791 2649 ὑστερῶν

212 2663 275 2723 οὗ
311 2668 378 2722 ἂν
414 2668 653 2739 βούλοιτο
690 2672 1038 2741 ἀποτρέχειν.
1062 2672 1143 2725 Τὰ
1175 2672 1231 2724 δὲ
1266 2672 1422 2741 τείχη
1452 2672 1553 2743 τῆς
1584 2674 1791 2736 πόλεως

215 2763 649 2832 ἐπιμελέστερον
677 2762 908 2824 καινίζει
943 2764 1034 2817 καὶ
1062 2764 1129 2816 τά
1168 2762 1553 2835 πολεμητήρια
1584 2765 1793 2835 ὄργανα

212 2852 603 2918 διασκευάζει,
641 2854 867 2907 πλεῖστα
902 2854 1267 2925 δαπανήματα
1304 2856 1368 2925 τῇ
1403 2857 1556 2908 πόλει
1587 2856 1791 2909 άποθέο

217 2959 404 3012 μενος,
433 2944 522 2994 καὶ
557 2942 762 3012 ἑτέροις
790 2936 871 3005 οἷς
902 2943 1072 3012 άνῆκε
1134 2944 1270 3013 πρὸς
1295 2945 1569 3014 πολεμίων
1601 2946 1792 3013 ἔφοδον

213 3033 425 3102 ταύτην
456 3032 863 3103 κατοχυρώσας.
892 3035 1080 3104 ⁴Ῑιήμης
1107 3035 1163 3087 δέ
1190 3036 1493 3105 γενομένης
1523 3037 1596 3098 ὡς
1623 3039 1650 3088 ὀ
1683 3037 1792 3089 τῶν

215 3126 555 3195 Σαρακηνῶν
590 3126 773 3188 στόλος
805 3127 912 3178 ἀπὸ
961 3127 1311 3197 Ἀλεξάνδρου
1356 3127 1401 3159 ⁸⁵
1446 3128 1654 3191 πόλεως
1701 3128 1792 3180 ἐπὶ

215 3219 311 3270 τὸν
341 3218 405 3249 ιι·
435 3220 657 3270 Φοίνικα
686 3218 1018 3287 παρεγένετο
1047 3219 1475 3289 ναυπηγησίμης
1500 3218 1608 3288 (Ιϋ)
1631 3220 1794 3287 ξολῆε
1824 3205 1867 3261 C

218 3311 625 3380 κυπαρισσίνης
653 3311 696 3341 ⁸⁸
727 3310 932 3372 ἕνεκεν,
974 3312 1256 3379 ἐκλέγεται
1296 3313 1478 3379 σκάφη
1506 3310 1796 3380 ταχυπλόῖο

220 3419 327 3472 μα,
358 3404 588 3473 στρατόν
616 3418 677 3456 τε
718 3405 775 3455 ἐν
821 3404 1010 3465 αὐτοῖς
1044 3404 1401 3471 ἐγκαταλέγει
1456 3407 1517 3456 ὲκ
1556 3404 1663 3455 τῶν
1696 3404 1796 3474 τῆς

219 3495 409 3562 χώρας
443 3494 534 3545 τοῦ
572 3494 905 3563 καλουμένου
950 3495 1212 3563 Ὀψικίου,
1248 3497 1341 3547 καὶ
1378 3496 1515 3565 πρὸς
1543 3499 1609 3567 τῇ
1648 3496 1795 3566 νήσῳ

219 3588 287 3653 τῇ
322 3585 490 3651 Ῥόῖῳ
520 3585 861 3639 ἀποστέλλει.
890 3587 1127 3638 Κάκεῖσε
1159 3586 1511 3655 ἀθροισθῆναι
1547 3587 1637 3639 καὶ
1662 3588 1794 3641 ἄλλα

233 3676 525 3743 Ῥωμαϊκά
571 3677 771 3747 πλόϊμα
823 3677 1100 3741 συνέταξε.
1136 3679 1360 3741 Τούτοις
1398 3682 1641 3750 ἡγεμόνα
1699 3683 1796 3748 ἐφ-

224 3771 445 3838 ίστησιν
486 3768 737 3837 Ἰωάννην
771 3769 1016 3823 διάκονον
1044 3771 1141 3839 τῆς
1179 3771 1437 3841 Μεγάλης
1468 3771 1794 3840 Ἐκκλησίας

222 3861 326 3912 καὶ
367 3859 473 3911 τῶν
521 3860 795 3929 δημοσίων
842 3860 1022 3929 φόρων
1074 3860 1348 3931 λογιστήν,
1388 3861 1446 3913 ὃν
1502 3860 1798 3929 λογοοέτην

219 3949 445 4017 γενικὺν
470 3944 577 4001 οἶδε
608 3948 793 4001 καλεῖν
821 3950 852 4018 ἡ
883 3950 1160 4018 συνήθεια,
1208 3949 1520 4018 ὑπάρχοντα
1550 3949 1799 4019 ἔμφρονά

220 4056 284 4093 τε
336 4041 434 4091 καὶ
489 4040 751 4110 ἔμπειρον
799 4039 1218 4108 καθιστάμενον,
1276 4040 1424 4102 ὅστις
1454 4039 1546 4092 τὸν
1579 4040 1793 4093 ἅπαντα

223 4130 511 4199 παρέλαϐε
545 4131 747 4185 στόλον.
792 4133 889 4193 Ὃς
920 4132 1056 4201 πρὸς
1080 4135 1145 4201 τῇ
1183 4130 1349 4199 Ῥόδῳ
1390 4131 1682 4201 γενόμενος
1708 4132 1801 4184 καὶ

222 4225 293 4276 τὰ
336 4223 701 4290 ἐντεταλμένα
757 4221 1120 4289 ἀπαγγέλλων
1168 4221 1518 4283 καταπειθεῖς
1576 4220 1800 4291 εὕρισκε

225 4315 325 4367 καὶ
364 4313 674 4383 προθύμους
720 4314 855 4381 πρὸς
883 4314 974 4366 τὸν
1003 4314 1264 4366 διάπλουν
1300 4313 1644 4382 ὑπάρχοντας
1675 4314 1799 4375 τοὺς

228 4405 680 4475 συνειλεγμένους
706 4404 972 4467 ἅπαντας.
1009 4404 1173 4456 Μόνοι
1194 4404 1248 4455 δὲ
1286 4406 1333 4455 οἱ
1365 4404 1801 4474 παραγενόμενοι

1895 1937 2079 2003 stinat,
2103 1952 2199 2005 per
2215 1939 2450 2005 speciem
2479 1940 2831 2010 impetrandae
2859 1944 3029 2012 pacis,
3058 1959 3116 1998 re
3141 1947 3254 2011 ipsa
3286 1955 3465 1999 autem

1895 2041 1953 2084 ut
1980 2044 2195 2084 omnem
2221 2029 2364 2085 illius
2399 2042 2584 2086 contra
2614 2030 2893 2089 Romanos
2926 2045 3246 2104 apparatum
3278 2036 3467 2106 explo-

1897 2129 2062 2175 raret.
2096 2120 2197 2187 Qui
2229 2136 2478 2177 reversus
2501 2133 2714 2193 gentem
2751 2123 2897 2179 illam
2925 2140 3047 2179 cum
3077 2126 3278 2195 ingenti
3315 2127 3467 2196 equi-

1897 2221 2008 2264 tatu
2037 2212 2314 2282 classeque
2346 2213 2579 2267 maxima
2613 2229 2803 2282 parare
2841 2215 3209 2271 Romanorum
3248 2218 3300 2271 in
3334 2217 3470 2283 ﬁnes

1895 2304 2299 2374 expeditionem
2366 2306 2598 2359 nuntiat.
2650 2307 2857 2371 Quibus
2918 2309 3139 2373 auditis,
3171 2309 3469 2377 imperator

1894 2397 2144 2451 omnibus
2165 2396 2253 2465 qui
2281 2395 2333 2449 in
2366 2397 2496 2450 urbe
2523 2406 2708 2461 erant,
2741 2399 2832 2466 qui
2875 2399 3092 2469 quidem
3123 2402 3469 2455 necessarios
3513 2401 3519 2416 '

1895 2497 2141 2556 sumptus
2166 2488 2230 2541 ad
2268 2486 2556 2541 triennium
2594 2488 2876 2554 haberent,
2914 2490 3162 2543 manendi
3227 2501 3470 2559 potesta-

1896 2587 2001 2630 tem
2031 2576 2182 2641 facit,
2213 2576 2470 2646 reliquis,
2500 2577 2698 2646 quibus
2727 2587 2934 2632 tantum
2970 2594 3077 2632 non
3133 2592 3466 2648 suppeteret,

1895 2668 2049 2722 abire
2092 2682 2308 2736 quoquo
2326 2667 2491 2721 velint
2529 2668 2811 2737 permittit.
2846 2667 2971 2735 Ipse
3016 2685 3202 2724 muros
3240 2671 3468 2737 diligen-

1898 2760 2003 2814 tius
2033 2757 2278 2823 reticere,
2329 2760 2605 2814 machinas
2655 2759 2721 2813 ad
2754 2758 2950 2813 bellum
2999 2776 3338 2829 cOmparare,
3377 2776 3473 2814 ue-

1895 2852 2161 2905 cessarias
2188 2866 2379 2906 omnes
2408 2852 2592 2920 copias
2623 2850 2675 2925 in
2725 2851 2858 2905 urbe
2900 2867 3224 2921 congerere,
3254 2853 3472 2907 caeteris

1896 2942 2088 3011 quibus
2123 2952 2311 2997 contra
2352 2943 2587 2996 hostium
2647 2943 2880 3010 impetus
2930 2958 3065 3010 opus
3094 2952 3215 2996 erat
3259 2944 3472 2998 munire

1898 3037 2042 3089 iltam
2068 3046 2229 3105 atque
2255 3037 2541 3091 instruere.
2578 3033 2799 3089 Interim
2828 3051 2949 3090 cum
2973 3037 3085 3106 jam
3124 3051 3311 3089 rumor
3349 3050 3473 3104 pcr-

1898 3130 2195 3184 rrebuisset
2245 3127 2642 3182 Saracenorum
2682 3127 2917 3181 classem
2950 3126 3222 3182 czedendae
3256 3128 3323 3179 ad
3382 3143 3466 3180 na—
3552 3196 3555 3197 ν

1902 3221 2041 3273 vium
2066 3216 2327 3272 fabricam
2353 3219 2684 3287 cupressina:
2724 3219 2964 3273 materiae
3010 3233 3172 3271 causa
3228 3218 3470 3270 Alt-xan-

1900 3312 2015 3364 diia
2050 3312 2103 3364 in
2140 3307 2451 3365 Phoenicem
2480 3311 2749 3378 trajicere,
2781 3311 3077 3378 imperator
3102 3310 3349 3376 expedita
3379 3323 3473 3360 na-

1902 3402 2037 3469 vigia
2065 3401 2325 3470 colligens
2361 3401 2415 3454 iu
2447 3415 2506 3453 ea
2531 3410 2870 3454 contractum
2900 3414 2962 3453 ex
2999 3399 3344 3468 ()bsequiana
3398 3414 3473 3454 re-

1901 3496 2058 3561 gione
2110 3493 2410 3547 exercitum
2445 3492 2695 3561 imponit,
2734 3501 2788 3546 et
2837 3494 2902 3545 ad
2959 3491 3206 3546 Rhodum
3246 3491 3471 3545 insulam

1903 3584 2063 3637 mittit
2101 3602 2113 3637 :
2158 3598 2222 3637 co
2264 3583 2528 3651 reliquam
2577 3581 2946 3635 Romanorum
2990 3582 3220 3635 classem
3270 3595 3473 3635 conve-

1904 3678 2019 3730 nire
2070 3674 2241 3740 jubet.
2292 3674 2530 3728 Summm
2567 3675 2762 3728 deinde
2803 3674 2879 3727 rei
2940 3673 3202 3727 Joannem
3250 3673 3474 3741 puniit-it

1903 3767 2106 3836 Magnae
2140 3765 2391 3819 Ecclesia:
2445 3758 2730 3817 diaeoiium
2768 3773 2820 3817 et
2870 3774 3178 3818 curatorem
3233 3764 3474 3833 publicit-

1908 3874 2024 3911 t'um
2059 3858 2426 3927 vectigalium,
2459 3872 2617 3925 quem
2645 3857 2951 3926 generalem
2989 3856 3315 3925 logothetam
3376 3872 3474 3922 ap-

1907 3948 2106 4018 pellare
2136 3948 2290 4016 vulgo
2313 3946 2508 4008 solent,
2542 3947 2714 4000 virum
2750 3948 3064 4015 prudentem
3106 3956 3161 3999 et
3191 3945 3297 4017 57
3334 3948 3475 4000 mul-

1908 4051 2080 4094 tarum
2114 4055 2290 4092 rerum
2321 4038 2654 4107 eXperientia
2706 4041 3010 4105 prmlitum.
3052 4037 3147 4091 llic
3205 4039 3475 4091 universus

1905 4129 2065 4183 classi
2103 4129 2423 4199 prmpositus
2463 4142 2583 4181 cum
2648 4127 2897 4180 Rhodum
2959 4128 3221 4192 venisset,
3256 4143 3373 4194 qua:
3423 4128 3474 4178 in

1907 4219 2173 4272 mandatis
2207 4218 2727 4287 habebatcxpnsuit.
2770 4218 2848 4269 Ad
2900 4218 3013 4270 haec
3046 4216 3475 4270 assentientibus

1905 4310 2157 4365 omnibus
2186 4320 2237 4363 et
2262 4310 2326 4362 ad
2354 4309 2715 4379 navigandum
2759 4309 2987 4378 paratis,
3021 4307 3117 4360 soli
3147 4306 3478 4375 Obsequiani

1908 4402 2292 4472 profectionem
2322 4402 2465 4455 illaut
2496 4402 2827 4457 metuebant.
2850 4400 2952 4468 Qui
2980 4401 3193 4455 tandem
3215 4398 3480 4457 seditione

1492 4544 1718 4613 iant/ts
1771 4558 2173 4616 LECTlONES.

305 4719 353 4750 ⁸*
387 4715 694 4783 διάγοντο;;
727 4708 795 4783 ἦν
832 4711 938 4783 δὲπΑῆ
969 4712 1095 4778 τῆςῖ

1178 4712 1225 4743 ⁸⁸
1247 4712 1395 4764 πόλει
1424 4711 1833 4778 ἐπιτρέπειὼς
1867 4729 1931 4766 an
1963 4713 2234 4767 διέταττεν
2269 4728 2387 4764 cum
2417 4712 2668 4776 Petavio;

2746 4710 2789 4741 “
2816 4710 2923 4764 ἀπὸ
2947 4709 3045 4778 τῆς
3085 4704 3473 4777 Ἀλεξάνδρους

231 4790 309 4844 et‘.
335 4803 389 4857 p.
418 4780 500 4838 7⁸3⁷
526 4785 576 4837 ’7.
654 4782 719 4814 ⁸⁵⁸
743 4780 856 4853 τόν]
884 4780 922 4834 f.
959 4782 1057 4851 τὴν
1091 4781 1363 4837 Petavius.
1441 4783 1484 4815 ⁸⁵
1511 4784 1952 4853 ναυπηγησίμοις
1993 4784 2168 4849 ξύλοις
2193 4784 2609 4853 κυπαρισσίνοις
2640 4783 2695 4834 l’.

1566 4895 1841 4954 νιμΤΑνιι
1873 4899 2095 4954 NOTAE.

309 5037 428 5112 (H)
489 5038 771 5112 Δεύτερον
818 5036 982 5112 ἔτος).
1032 5034 1547 5112 Paulus__Di:icouus
1605 5049 1805 5112 annum
1838 5040 1879 5096 D
1916 5039 2005 5090 ἐπὶ
2035 5037 2298 5112 ΔΦοινίκην
2332 5037 2489 5088 πλοῖα
2507 5033 2937 5112 ,προσὼρμισαὶῃ
2972 5032 3057 5112 ἵνα
3087 5029 3230 5111 ⁸ξύλα
3268 5028 3483 5112 ἐκεῖθεν

236 5104 416 5167 unum
452 5117 506 5161 et
535 5109 568 5163 6
594 5104 805 5162 menses
849 5105 1148 5176 Philippico
1168 5108 1386 5176 tribuit.
1422 5104 1809 5176 Reliquiﬂduos

234 5195 439 5238 annos.
489 5177 761 5231 Manasses
810 5177 953 5231 4108
992 5174 1189 5230 ἷδυσὶ
1239 5174 1346 5243 γὰρ
1402 5175 1584 5243 μόνοις
1632 5174 1809 5227 ἔτεσιν

237 5249 514 5318 ἐγεύσατο
544 5247 636 5299 τοῦ
687 5246 1216 5318 στέφουςχΖιοιιατεε
1249 5255 1455 5318 praeter
1472 5259 1645 5298 annos
1675 5246 1810 5318 duos

238 5314 456 5388 aiiquot
487 5333 700 5388 menses
727 5317 893 5370 addit.
933 5314 1291 5388 Theophanes
1325 5330 1377 5368 a.
1429 5314 1465 5367 2
1496 5327 1710 5369 menses
1752 5316 1805 5369 9.

237 5385 550 5445 Chronican
587 5386 771 5440 δίετες.
806 5401 857 5439 a.
894 5388 1133 5448 totidem,
1166 5402 1239 5440 m.
1261 5385 1314 5439 8.

320 5458 435 5527 (15)
489 5456 782 5525 Ἀρτέμιον
814 5454 1196 5509 Φιλιππικοῦ.
1237 5454 1636 5527 Constantinus
1650 5452 1811 5508 4115.

320 5523 438 5595 (Hi)
483 5523 612 5580 Ἐπὶ
642 5523 746 5580 τόν
777 5527 1022 5580 Φοίνικα
1058 5525 1560 5595 ναυπηγησίμοις.
1608 5523 1811 5594 Depra-

245 5612 412 5654 vatus
436 5599 522 5651 hic
552 5598 717 5665 locus,
745 5597 886 5665 quod
910 5597 1351 5665 interpretatione
1376 5598 1486 5663 ipsa
1509 5598 1812 5665 exprimere

247 5668 579 5725 studuimus.
627 5664 775 5719 Vera
800 5667 941 5719 enim
980 5664 1139 5720 lectio
1171 5666 1467 5734 genitivum
1508 5664 1811 5733 postulabat

252 5738 715 5807 ναυπηγησίμων.
771 5754 789 5786 ι
819 5736 1062 5801 Barbari,
1117 5736 1306 5807 inquit,
1362 5736 1427 5787 ad
1460 5803 1470 5807 _
1501 5734 1807 5807 credendjmi

255 5803 540 5864 mateiilim
574 5803 815 5874 profecti.
860 5828 876 5858 ι
927 5807 1096 5872 Quam
1140 5803 1422 5858 lcetiouem
1460 5803 1659 5874 iudicat
1706 5803 1809 5855 Zo-

255 5896 425 5935 nuias
468 5880 516 5931 in
546 5872 829 5932 Anastasio
855 5897 866 5932 :
898 5876 1097 5931 Μαθὼν
1126 5876 1181 5930 δὲ
1208 5876 1286 5929 ὃτι
1314 5874 1372 5940 ἐξ
1406 5872 1806 5944 Ἀλεξανδρείας

1916 5102 2688 5177 κομίσωνταιναυπηγήσιμα.
2718 5102 2824 5177 ilbi
2856 5103 3188 5177 Plitpuiciatn
3226 5115 3346 5155 esse
3369 5102 3484 5177 vult

1917 5172 2189 5245 regionem
2242 5177 2384 5228 illam
2419 5172 2482 5227 ad
2518 5172 2677 5245 quam
2714 5173 2974 5245 Saraceni
3030 5172 3374 5245 navigarunt.
3417 5175 3487 5245 At

1915 5239 2036 5300 cuiu
2079 5247 2416 5315 Nicephorius
2453 5239 2547 5297 τὸν
2574 5244 2796 5315 Φοίνικα
2825 5244 3045 5303 scribat,
3075 5242 3381 5315 putavimus
3413 5239 3480 5315 ad

1915 5318 2030 5383 ejus
2079 5307 2313 5371 nominis
2359 5317 2611 5381 oppidum
2662 5312 2995 5383 ﬂuviumque
3046 5307 3338 5383 pertinere,
3391 5307 3483 5383 qui

1919 5377 2105 5440 lihodo
2142 5388 2329 5441 insulae
2363 5377 2566 5437 vicinus
2607 5395 2723 5448 est;
2765 5381 2832 5435 de
2879 5377 2987 5449 quo
3041 5381 3371 5446 Stephanus.
3403 5377 3481 5430 'l‘u

1924 5459 2042 5509 vide
2094 5473 2161 5510 an
2198 5457 2268 5510 ita
2321 5456 2653 5509 res‘tituenlla
2701 5452 2772 5505 sit
2826 5452 3199 5518 interpretatio
3244 5460 3481 5518 nostra:

1929 5545 1945 5576 ι
1978 5526 2111 5580 Cum
2144 5528 2252 5596 jam
2279 5541 2462 5578 rumor
2492 5517 3314 5596 percrebuissetSaracenorum
3346 5517 3487 5571 clas-

1922 5611 2034 5649 sem
2067 5591 2441 5650 caadeudarum
2473 5591 2538 5647 ad
2581 5596 2792 5645 navium
2837 5591 3097 5646 fabricam
3126 5602 3483 5660 cupressuum

1920 5682 2082 5719 causa
2111 5668 2162 5719 in
2194 5664 2527 5719 ΡΙιωηίοἱςιιιι
2552 5662 2852 5729 trajecisse.
2886 5680 2904 5713 ι
2934 5657 3291 5729 Theophanes
3320 5657 3484 5729 etiam

1918 5737 2007 5787 τὸν
2037 5736 2257 5789 Φοίνικα
2286 5735 2500 5804 scripsit
2536 5723 2651 5806 (τὴν
2689 5732 2912 5786 Φοίνικα
2937 5733 3022 5787 ed.
3075 5723 3251 5785 Paris.
3286 5746 3338 5800 ι).
3372 5723 3483 5781 ’522

1916 5806 1955 5861 C
1991 5817 2044 5861 et
2071 5808 2151 5877 υ).
