4206 6440
778 396 883 459 959

1808 393 1867 454 S.
1907 390 2324 452 NICEPHORI
2367 392 2873 451 PATHIARCHAS
2910 394 3016 453 ΟΡ.

3958 388 4067 449 9ῦο

780 516 973 572 parum
1010 501 1246 554 advecta:
1278 500 1345 552 ad
1392 495 1741 552 Sostheuium
1782 508 1995 567 portum
2049 496 2344 566 applicant,

2468 493 2762 565 πνεύματος
2791 494 3251 559 ἀντιπνεύσαντος
3277 495 3371 549 καὶ
3399 494 3491 547 τοῦ
3524 493 3772 566 ῥείθρου,
3805 492 3894 555 εἷς
3929 495 4062 546 τοὺ·

782 603 836 648 et
874 592 1071 648 ibidem
1110 592 1369 645 hiemant.
1416 588 1534 656 Quo
1574 598 1817 658 tempore
1871 598 1982 642 tam
2038 603 2230 658 aspera
2272 589 2354 642 vis

784 686 983 740 hiemis
1017 684 1135 744 fuit,
1174 690 1231 733 ut
1281 695 1390 749 prae
1435 680 1636 735 nivium
1663 680 1819 749 copia
1862 680 2109 735 centenis
2164 680 2356 734 diebus

785 774 954 827 videri
983 782 1125 825 terra
1156 787 1260 825 non
1290 774 1541 840 potuerit.
1564 770 1639 824 Ex
1658 786 1764 838 quo
1786 771 2048 825 Saraceni
2074 770 2353 825 hominum

788 872 950 924 atque
981 875 1265 928 equorum,
1289 861 1613 916 camelorum
1639 860 1768 915 item
1797 861 2243 930 aejumeutorum
2266 861 2354 914 in-

787 964 998 1023 gentem
1013 969 1295 1007 numerum
1322 954 1597 1007 amittunt.
1616 951 1937 1023 lnsequente
1951 967 2075 1007 vere
2094 951 2209 1024 [an.
2226 950 2353 1024 7l8]

787 1046 957 1098 altera
990 1060 1203 1099 rursum
1234 1059 1301 1098 ex
1336 1042 1573 1115 Egypto
1606 1046 1800 1101 classis
1828 1044 2034 1113 appulit
2077 1042 2357 1113 Sophiano

790 1138 948 1200 duce,
982 1136 1231 1189 frumenti
1279 1143 1441 1204 atque
1485 1151 1762 1191 armorum
1819 1135 2032 1204 copiam
2081 1134 2356 1203 ingentem

790 1227 1096 1290 advehens;
1142 1239 1206 1278 ac
1262 1224 1422 1294 paulo
1472 1234 1595 1294 post
1639 1224 1743 1277 alia
1794 1238 2010 1279 rursum
2060 1238 2129 1278 ex
2171 1222 2357 1277 Africa

792 1333 910 1369 cum
955 1331 1234 1370 armorum
1290 1326 1552 1385 apparatu
1606 1326 1767 1385 atque
1818 1330 2029 1370 annona
2089 1314 2357 1371 submissa

790 1417 892 1472 est,
925 1408 1011 1461 cui
1050 1407 1262 1462 lezidus
1319 1408 1537 1476 quidam
1595 1407 1897 1462 Saracenus
1945 1407 2265 1476 imperabat.
2295 1406 2359 1462 lli

791 1513 912 1553 cum
966 1508 1210 1568 paratum
1243 1515 1273 1554 a
1308 1500 1589 1563 Romanis,
1632 1508 1694 1554 ut
1739 1498 1951 1562 ferunt,
1984 1498 2164 1569 ignem
2199 1508 2362 1568 atque

792 1592 1098 1645 incendium
1138 1600 1463 1655 metuerent,
1500 1591 1746 1662 Byzantii
1782 1590 1920 1644 freto
1958 1590 2026 1643 ob
2058 1590 2362 1659 trajiciendi

793 1680 1229 1747 desperationem
1294 1680 1482 1735 relicto
1543 1682 1608 1734 ad
1674 1679 1986 1751 Bythiniam
2064 1680 2360 1747 applicant,

791 1773 895 1842 δι
929 1782 1091 1841 atque
1121 1772 1256 1833 alter
1296 1772 1514 1828 Pulchri
1570 1772 1708 1842 agri,
1753 1773 1891 1826 alter
1930 1772 2109 1841 Satyri
2144 1781 2358 1840 portum

2458 585 2603 638 πίσω
2650 568 2878 654 ἄγεσθαι
2940 584 3285 657 βιαζομένου,
3336 586 3715 656 σχολαιότερον
3749 584 4061 638 ἐπέπλεον.

2458 677 2675 741 Ταύτας
2702 680 2729 730 6
2755 677 3010 748 βασιλεὺς
3045 678 3382 749 θεασάμενος
3437 678 3684 749 διήρεσιν
3709 677 3923 741 ἐπιϐάς
3964 683 4061 732 καὶ

2456 768 2744 832 διέκπλους
2778 771 3152 839 ποιησάμενος
3188 770 3322 838 πυρὶ
3349 769 3707 839 κατέφλεξεν,
3745 768 3927 832 οὔσας
3964 770 4058 823 τὸν

2457 861 2691 931 ἀριθμὸν
2738 862 2930 916 εἴκοσι.
2970 862 3029 916 '0
3057 862 3114 915 δὲ
3139 863 3328 925 λοιπὸς
3358 861 3505 923 ἄπας
3548 862 3738 938 στόλος
3771 863 3852 931 τῷ
3900 864 4054 933 Θρα-

2459 950 2598 1020 κικῷ
2615 952 3001 1023 προσπλεύσας
3020 954 3289 1024 Βοσπόρῳ
3310 952 3390 1021 τῷ
3407 952 3591 1022 λιμένι
3606 952 3687 1023 τῷ
3721 954 4060 1024 καλουμένῳ

2459 1040 2776 1109 Σωσθενείῳ
2831 1040 3284 1111 προσορμίζεται,
3319 1043 3415 1096 καὶ
3473 1042 3643 1095 αὑτοῦ
3672 1042 4058 1112 διεχείμαζεν.

2471 1131 2560 1184 Ἐν
2586 1122 2630 1198 ᾧ
2664 1131 2981 1202 συμϐέϐηκε
3013 1127 3260 1203 χειμῶνα
3288 1134 3547 1201 μέγιστον
3582 1134 3879 1200 γενέσθαι,
3913 1133 4055 1186 ῶστε

2462 1224 2727 1294 μηδαμῶς
2753 1223 2858 1292 γῆν
2888 1224 3122 1294 ὀφθῆναι
3143 1226 3209 1277 ἐκ
3235 1224 3478 1295 πληθύος
3499 1226 3597 1294 τῆς
3621 1225 4061 1294 κατενεχθείσης

2459 1315 2637 1385 χιόνος
2664 1316 2825 1386 ἄχρις
2880 1318 2962 1380 εἰς
2997 1317 3097 1379 τὰς
3129 1316 3325 1370 ἑκατὸν
3356 1318 3610 1389 ἡμέραςο
3656 1316 3717 1382 ἐξ
3749 1313 3819 1370 οὗ
3852 1317 4058 1386 πλῆθος

2434 1406 2560 1459 οὑκ
2578 1406 2756 1473 ὀλίγον
2783 1407 3069 1478 Ἠνάνδρῶν
3096 1424 3156 1460 τε
3182 1410 3275 1461 καὶ
3306 1408 3493 1461 ἵππων
3533 1407 3629 1460 καὶ
3658 1408 3941 1478 καμήλων
3971 1410 4062 1460 καὶ

2460 1497 2662 1553 λοιπῶν
2693 1499 2848 1564 ζώων
2871 1500 3165 1555 ἁπέσαλον.
3193 1500 3397 1571 Ἔαρος
3417 1501 3474 1553 δὲ
3506 1501 3917 1570 ἐπιγενομένου
3951 1502 4064 1552 ἐπι-

2462 1590 2878 1661 καταλαμϐάνει
2938 1594 3033 1645 καὶ
3088 1593 3277 1663 ἔτερος
3317 1592 3432 1646 ¹ιτῶν
3480 1593 3829 1663 Σαρακηνῶν
3883 1594 4064 1655 στόλος

2464 1680 2714 1744 πλεῖστος
2741 1680 2801 1745 ἐξ
2831 1682 3130 1749 Αἰγύπτου,
3189 1678 3249 1737 οὗ
3296 1685 3483 1752 ἡγεῖτο
3524 1684 3730 1752 Σοφιάν
3756 1684 3943 1755 δνομα
3968 1686 4063 1755 ἆρ-

2464 1789 2595 1841 χων,
2647 1772 2844 1843 φόρτον
2876 1772 3025 1841 ἄγων
3074 1776 3133 1826 ἐν
3180 1774 3328 1844 αὑτῷ
3368 1775 3515 1828 σίτου
3562 1792 3622 1828 τε
3659 1775 3934 1828 πλείστου
3978 1780 4064 1829 καὶ

793 1840 957 1929 capit.
1004 1840 1241 1931 Egyptii
1292 1877 1442 1928 vero,
1478 1864 1568 1935 qui
1610 1840 1718 1917 una
1756 1879 1880 1918 cum
1913 1864 1981 1918 iis
2010 1840 2358 1931 navigabant,

2468 1840 2665 1918 ὅπλων.
2709 1840 3008 1933 Ὀλίγουίδὲ
3030 1840 3331 1925 διελθόντος
3361 1867 3557 1937 χρόνου
3593 1867 3691 1920 καὶ
3747 1867 3955 1938 ἕτερος
3983 1869 4065 1934 ἐφ-

795 1963 956 2006 noctu
993 1953 1185 2008 lembis
1235 1955 1322 2022 qui
1375 1955 1603 2007 navibus
1646 1954 1995 2008 adhaerebant
2028 1955 2369 2017 conscensis,

793 2041 1113 2114 Byzantium
1142 2043 1484 2111 c0nfngiunt,
1511 2053 1566 2097 et
1591 2044 1930 2111 imperatoris
1959 2057 2152 2097 nomen
2182 2042 2375 2099 faustis

796 2133 1285 2189 acclamationibus
1328 2144 1750 2201 prosequuntur.
1788 2132 1998 2201 Quibus
2041 2134 2202 2188 rebus
2255 2134 2375 2188 aui-

795 2235 974 2279 matus
1022 2224 1317 2294 imperator
1353 2225 1720 2279 incendiarias
1753 2241 1917 2279 naves
1956 2228 2220 2280 adversus
2254 2225 2374 2279 illas

795 2315 1001 2370 ciasses
1060 2317 1325 2379 immittit,
1382 2324 1546 2386 atque
1605 2318 1889 2370 universas
1932 2317 2053 2388 igne
2080 2318 2370 2371 consumit.

797 2406 873 2460 Ex
899 2420 1007 2475 quo
1057 2408 1367 2477 ingentibus
1406 2407 1597 2476 spoliis
1629 2409 1811 2473 ditati,
1848 2408 2065 2462 illorum
2105 2408 2274 2463 armis
2311 2422 2375 2464 ac

794 2511 1100 2555 commeatu
1129 2501 1184 2555 in
1212 2516 1337 2555 suas
1376 2517 1543 2557 naves
1576 2502 1852 2571 imposito,
1885 2502 1951 2555 ad
1985 2502 2366 2571 imperatorem

798 2592 1044 2644 redeunt.

2469 1954 2681 2008 ίσταται
2712 1956 2897 2019 στόλος
2917 1957 3113 2011 ἐκτῶν
3139 1958 3267 2029 περὶ
3282 1959 3548 2030 Ἀφρικὴν
3567 1960 3858 2030 ἀναχθεὶς,
3889 1961 4062 2013 ὄπλωι

2471 2063 2530 2100 τε
2562 2047 2774 2100 πολλῶν
2812 2048 2909 2101 καὶ
2946 2049 3354 2121 δαπανημάτων
3385 2051 3740 2121 καταγέμων,
3770 2045 3844 2105 οὗ
3888 2052 4062 2120 ὑπῆρ-

2472 2157 2565 2209 χεν
2597 2139 2821 2211 ήγεμὼν
2861 2141 3072 2206 Ίέζιδος
3105 2143 3441 2213 Σαρακηνῶν
3473 2143 3517 2175 ⁷³
3538 2142 3729 2213 ὀνομα.
3760 2138 3965 2208 Οὗτοι,
3994 2144 4063 2206 ῶς

2472 2251 2630 2303 φασι,
2665 2235 2765 2304 τὴν
2821 2237 2886 2289 ἐκ
2931 2236 3024 2289 τοῦ
3068 2236 3477 2308 ἐσκευασμένοι)
3534 2240 3684 2310 παρά
3756 2240 4065 2311 Ῥωμαίοις

2474 2323 2646 2396 πυρὸς
2686 2324 3029 2396 ὑφορώμενοι
3055 2326 3280 2398 βλάϐην,
3312 2328 3406 2381 τὸν
3438 2325 3530 2383 οῦν
3554 2331 3599 2362 ⁷³
3630 2330 3949 2395 Βυζάντιον
3974 2334 4064 2384 udo

2475 2432 2565 2487 ρον
2618 2417 2950 2485 ἀπογνόντες
2986 2422 3101 2482 τοῖς
3149 2420 3288 2490 πρὸς
3330 2421 3586 2475 Βιθυνίαν
3642 2423 3850 2493 μέρεσι
3902 2442 4069 2495 προσ-

2475 2507 2653 2577 έσχον,
2704 2512 2733 2563 6
2793 2511 2890 2579 μὲν
2942 2512 3079 2582 πρὸς
3109 2511 3202 2565 τὸν
3262 2512 3601 2582 καλούμενον
3642 2515 3857 2585 λιμένα
3889 2514 4066 2568 Καλοῦ

2475 2599 2671 2671 ἀγροῦ,
2695 2604 2722 2653 6
2752 2602 2808 2654 δὲ
2842 2602 2977 2673 προς
3014 2606 3134 2666 ταῖς
3177 2605 3373 2666 ἀκταῖς
3410 2606 3507 2658 τοῦ
3538 2606 3584 2637 ⁷⁵
3616 2605 3935 2677 λεγομένου
3969 2607 4070 2659 Σα-

795 2682 981 2753 τύρου.
1015 2684 1078 2736 Οἰ
1109 2682 1154 2735 δ’
1180 2684 1239 2736 ἐν
1260 2682 1446 2746 αὑτοῖς
1470 2683 1811 2748 εἰσπλέοντες
1850 2684 2135 2752 Αἰγύπτιοι
2159 2686 2352 2749 νυκτὸς
2389 2689 2516 2754 τοὺς
2572 2694 2933 2763 ἐνεστηκότας
3000 2694 3234 2765 λέμϐους
3280 2697 3390 2749 τῶν
3425 2697 3569 2766 νηῶν
3608 2698 3911 2762 εἰσϐάντες
3941 2700 4066 2768 πρὸς

793 2776 856 2830 τὸ
884 2775 1178 2838 Βυζάντιον
1206 2772 1341 2848 ἧκον
1372 2774 1584 2828 καὶτὸν
1623 2774 1851 2845 βασιλέα
1890 2776 2189 2846 εὐφήμουν.
2243 2778 2360 2847 Ἐφ’
2397 2775 2481 2843 οἷς
2547 2782 2937 2855 ἀναθαρσήσας
2970 2787 2999 2838 ό
3069 2786 3323 2855 βασιλεὺς
3374 2787 3689 2858 πυρφόρους
3746 2789 3895 2852 ναῦς
3927 2792 4066 2843 κατα

794 2868 905 2925 τῶν
953 2868 1212 2921 τοιούτων
1248 2868 1451 2920 στόλων
1500 2867 1798 2937 ἐξέπεμψε,
1853 2869 1949 2921 καὶ
2015 2870 2195 2931 πάσας
2242 2869 2423 2923 αὑτῶν
2451 2872 2548 2935 τὰς
2606 2874 2737 2939 ναῦς
2823 2876 3145 2947 ἐνέπρησεν.
3191 2878 3434 2931 Ἐκεῖθεν
3476 2879 4069 2951 λαφυραγωγήσαντες

797 2960 891 3014 καὶ
916 2959 980 3009 ἐκ
1008 2958 1115 3011 τῶν
1160 2958 1515 3028 ὑπαρχόντων
1553 2960 1737 3021 αὑτοῖς
1782 2959 1961 3012 ὅπλων
1991 2959 2084 3012 καὶ
2115 2959 2521 3031 δαπανημάτων
2560 2966 3088 3037 καταφορτισθέντες
3126 2969 3261 3036 πρὶς
3295 2969 3521 3038 βασιλέα
3544 2970 3927 3040 ὑπέστρεφον.

870 3051 971 3107 Per
1001 3053 1140 3105 idem
1174 3061 1383 3119 tempus
1432 3051 1654 3122 Sergius
1685 3052 1966 3119 patricius,
2002 3052 2203 3107 Siciliae
2234 3053 2365 3119 dux,

2540 3057 2729 3128 Τούτῳ
2760 3057 2835 3128 τῷ
2866 3059 3045 3131 χρόνῳ
3075 3059 3301 3129 Σέργιος
3329 3060 3357 3112 ό
3387 3061 3695 3130 πατρίκιος,
3725 3064 3754 3114 ὀ
3780 3062 3891 3131 τῆς
3917 3064 4070 3116 2:2:-

797 3156 852 3198 et
881 3144 971 3212 qui
1005 3145 1057 3197 in
1077 3141 1372 3197 Occidente
1400 3152 1577 3207 erant,
1612 3144 1782 3210 ignari
1813 3158 1930 3211 qua:
1949 3144 2014 3197 ad
2053 3143 2366 3215 Byzantium

2471 3148 2589 3210 λίας
2613 3150 2939 3219 στρατηγὸς,
2964 3150 3058 3202 καὶ
3076 3151 3125 3202 οἱ
3146 3149 3212 3202 τά
3232 3149 3494 3221 Ἐσπέρια
3515 3150 3825 3215 οἰκοῦντες,
3853 3156 3925 3207 τα
3954 3158 4070 3224 περὶ

801 3238 1133 3298 acciderant,
1188 3246 1352 3303 atque
1392 3235 1738 3303 imperatoris
1777 3240 1939 3290 rebus
1979 3236 2033 3290 in
2082 3246 2230 3290 tanta
2271 3239 2370 3290 ho-

2475 3240 2536 3292 τὸ
2574 3240 2866 3304 Βυζάντιον
2900 3243 2994 3293 καὶ
3034 3242 3126 3294 τὸν
3156 3240 3382 3310 βασιλέα
3412 3244 3748 3309 ἀπογνόντες
3782 3249 3896 3315 τῆς
3928 3262 4072 3313 75w-

800 3328 962 3381 Stium
1009 3326 1319 3380 incursione
1368 3325 1688 3393 desperatis,
1721 3327 2012 3396 quemdam
2044 3341 2109 3380 ex
2155 3327 2370 3397 appari-

2480 3332 2649 3401 μένης
2683 3332 2791 3384 τῶν
2822 3332 3096 3402 πολεμίων
3126 3334 3288 3403 χάριν
3315 3335 3437 3386 κατ’
3458 3333 3639 3385 αὑτῶν
3671 3334 3909 3403 ἐφόδου,
3949 3338 4070 3389 ἴδιον

805 3420 949 3473 tione
990 3417 1166 3485 Sergii
1198 3419 1577 3486 imperatorem
1614 3419 1966 3481 constituunt,
2002 3418 2244 3488 Gregorii
2277 3435 2371 3473 co-

802 3517 1112 3577 gnomento,
1129 3508 1451 3578 Onomaguli
1472 3509 1665 3575 lilium,
1691 3524 1875 3577 quem,
1904 3516 2111 3564 mutato
2133 3511 2370 3575 nomine,

804 3602 1077 3655 Tiberium
1106 3601 1397 3669 appellant.
1435 3601 1526 3653 llis
1566 3601 1783 3665 auditis,
1822 3602 2117 3671 imperator
2146 3601 2371 3655 Paulum

803 3692 1087 3761 patricium
1125 3691 1323 3746 Sicilia:
1353 3691 1597 3759 praeficit,
1629 3706 1787 3760 quem
1820 3691 1982 3744 [idum
2019 3692 2119 3745 sibi
2155 3702 2216 3744 et
2240 3706 2373 3745 con-

801 3783 1047 3850 junctum
1083 3782 1315 3837 habebat
1349 3797 1408 3836 ac
1464 3784 1539 3836 rei
1586 3783 1792 3836 bellicae
1845 3782 2111 3852 peritum,
2144 3796 2376 3851 eumque

806 3883 995 3929 contra
1042 3874 1301 3929 Basilium
1358 3876 1539 3931 mittit.
1588 3874 1754 3941 Hujus
1789 3875 2021 3928 adventu
2052 3871 2271 3942 Sergius
2307 3874 2373 3928 ad

807 3964 1199 4035 Longobardus
1238 3965 1503 4037 confugit.
1536 3967 1603 4019 At
1639 3964 1837 4018 Paulus
1872 3964 2204 4019 insularibus
2230 3979 2375 4020 con-

805 4060 1041 4129 gregalis
1093 4060 1440 4127 imperatoris
1490 4057 1751 4127 epistolas
1785 4058 1949 4124 legit;
1999 4058 2195 4126 quibus
2245 4071 2375 4111 con-

807 4151 1003 4203 firmati
1046 4150 1360 4220 imperatori
1404 4150 1636 4205 feliciter
1662 4150 2050 4214 acclamantes,
2110 4148 2373 4203 Basilium

806 4249 862 4294 et
891 4242 1093 4295 electos
1125 4244 1191 4295 ab
1218 4257 1283 4296 eo
1331 4243 1680 4311 magistratus
1711 4242 1922 4296 vinctos
1947 4240 2201 4296 oﬂ‘erunt.
2230 4240 2374 4295 Pau-

808 4333 911 4395 lus,
944 4332 1177 4401 Georgio
1205 4334 1436 4402 quodam
1473 4343 1527 4387 et
1555 4333 1676 4387 aliis
1704 4331 2029 4394 interfectis,
2067 4348 2253 4386 eorum
2283 4348 2374 4387 ca—

807 4424 917 4492 pita
959 4424 1022 4477 ad
1064 4425 1445 4492 imperatorem
1484 4424 1668 4487 mittit,
1715 4434 1944 4479 cmteros
1991 4424 2100 4494 62
2132 4425 2373 4479 verberi-

806 4515 907 4568 bus
931 4524 1093 4582 atque
1121 4516 1431 4583 ignominiis
1472 4514 1716 4582 allectos,
1759 4516 2042 4570 nonnullos
2060 4517 2222 4569 etiam
2254 4530 2373 4568 am-

806 4608 1007 4675 putatis
1037 4608 1276 4669 naribus,
1305 4616 1458 4661 extra
1485 4607 1617 4661 fines
1644 4607 1851 4676 imperii
1878 4607 2099 4676 relegat.
2125 4605 2369 4675 Sergius,

2478 3423 2735 3491 στέφουσι
2767 3422 2988 3493 βασιλέα
3014 3423 3121 3475 τῶν
3152 3424 3442 3494 ὑπηρετῶν
3471 3442 3593 3477 τινα
3624 3426 3873 3497 Σεργίου
3912 3430 4069 3481 Βασί-

2475 3515 2617 3568 λειον
2648 3513 2905 3585 τοὺνομα,
2939 3515 3054 3567 υἱὸν
3088 3519 3349 3583 γεγονότα
3380 3517 3684 3588 Γρηγορίου
3723 3520 3793 3571 τὸ
3835 3522 4071 3590 ἐπίκλην

2487 3605 2909 3675 Ὀνομαγούλου,
2947 3606 3199 3675 Τιϐέριον
3242 3609 3406 3660 αὑτὸν
3451 3609 3860 3677 ὀνομάσαντες.
3900 3612 4068 3665 Τοῦτο

2474 3696 2727 3765 ἀκηκοὼς
2753 3699 2780 3749 ό
2806 3696 3058 3766 βασιλεὺς
3087 3698 3294 3751 Παῦλον
3322 3699 3412 3751 τὸν
3438 3703 3729 3770 πατρίκιον
3758 3705 4068 3774 πρατηξδν

2476 3787 2724 3850 Σικελίας
2759 3788 3144 3857 προϐάλλεται,
3166 3791 3261 3844 ἆτε
3292 3792 3481 3843 πιστὸν
3511 3793 3602 3845 καὶ
3644 3795 3856 3845 οἰκεῖον
3892 3797 4065 3863 intig-

2475 3895 2639 3947 χοντα
2684 3879 2778 3931 καὶ
2809 3879 3084 3933 τακτικῶν
3133 3880 3421 3952 ἔμπειρον,
3459 3884 3552 3936 καὶ
3598 3885 3739 3953 προς
3779 3886 4067 3938 Βασίλειον

2474 3968 2771 4038 ἐκπέμπει.
2821 3962 3047 4031 Οὖτινος
3119 3969 3299 4023 ἐκεῖσε
3378 3970 3782 4034 καταλαϐόντος
3836 3974 4065 4043 Σέργιος

2475 4058 2652 4127 φυγὰς
2683 4059 2892 4112 ἐκεῖθεν
2933 4060 3144 4130 οἴχεται
3175 4060 3269 4114 καὶ
3300 4061 3437 4131 πρὸς
3467 4061 3889 4133 Λογγοϐἀρδους
3928 4066 4063 4130 γίνε-

2474 4167 2587 4205 ται.
2624 4149 2837 4215 Παῦλος
2866 4150 2921 4204 δέ
2958 4153 3015 4204 ἐν
3034 4151 3081 4182 ⁷⁵
3121 4154 3187 4221 τῇ
3224 4153 3373 4222 νήσῳ
3400 4152 3530 4205 λαὸν
3563 4142 3969 4223 περιαθροίσας
4002 4157 4062 4205 τα

2476 4240 2738 4313 βασιλέως
2775 4242 3141 4312 ἀναγινώσκει
3172 4245 3499 4314 γράμματα,
3532 4245 3600 4297 δι’
3625 4240 3699 4298 ὧν
3734 4248 3815 4308 εἰς
3853 4249 4057 4299 πίστει.-

2476 4349 2561 4385 σιν
2611 4332 2856 4394 ἐλθόντες
2889 4335 2981 4386 τόν
3030 4350 3091 4386 τε
3144 4334 3370 4402 βασιλέα
3408 4336 3739 4405 εὐφήμησαν
3771 4338 3868 4387 καὶ
3908 4338 4064 4388 fini-

2473 4421 2617 4475 λειον
2651 4424 2745 4474 καὶ
2777 4424 2900 4485 τοὺς
2944 4423 3033 4476 ὑπ’
3055 4423 3220 4476 αὑτοῦ
3261 4423 3745 4493 προχειρισθέντας
3789 4425 4062 4492 ἀργυρέῃς

2471 4512 2727 4582 δεσμίους
2758 4513 2824 4564 αὑ
2838 4512 2905 4582 τῷ
2932 4512 3400 4583 παραδεδώκασιν.
3420 4514 3478 4565 'O
3502 4513 3580 4577 δὲ,
3614 4514 3842 4576 τούτους
3887 4533 4062 4583 παρα-

2472 4602 2652 4658 λαϐὼν
2679 4604 2952 4673 Γεώργιόν
2978 4623 3096 4657 τινα
3125 4607 3221 4657 καὶ
3254 4605 3473 4674 ἐτέρους
3494 4606 3691 4667 ἀνεῖλε,
3724 4609 3818 4659 καὶ
3851 4610 4063 4659 τούτων

806 4708 1026 4767 accepta
1055 4698 1179 4763 lide,
1216 4699 1281 4752 ad
1311 4698 1533 4754 Paulum
1582 4713 1832 4753 reversus
1866 4708 1968 4751 est.
2004 4698 2127 4751 Inde
2151 4706 2374 4767 pacatus

2484 4694 2570 4759 εάς
2600 4695 2841 4764 κεφαλὰς
2889 4695 3023 4764 πρὸς
3074 4695 3165 4748 τὸν
3214 4695 3440 4765 βασιλέα
3469 4696 3790 4765 ἀνέπεμψε,
3824 4700 3964 4760 τοὶς
4011 4699 4061 4748 '2':

806 4789 859 4842 in
889 4787 1183 4843 Occidente
1217 4798 1386 4843 status
1432 4804 1610 4843 rerum
1646 4804 1708 4843 ac
1741 4786 2104 4857 tranquillitas
2141 4787 2259 4841 fuit.

2471 4787 2666 4849 ἄλλους
2692 4787 2789 4839 σὺν
2821 4786 3056 4853 πληγαῖς
3098 4786 3192 4839 xui.
3234 4786 3441 4848 αἰκίαις
3478 4786 3735 4849 πολλαῖς,
3765 4782 3838 4839 ὢν
3873 4788 3933 4840 δὲ
3972 4792 4061 4839 κεῖ.

802 4879 900 4942 τὰς
934 4882 1084 4951 ῥῖνας
1119 4880 1392 4950 ἐκτεμὼν,
1417 4881 1734 4951 ὑπερορίαις
1778 4880 2119 4949 παρέπεμψε.
2145 4881 2367 4953 Σέργιος
2401 4880 2478 4944 δὲ,
2501 4879 2601 4948 τῆς
2624 4879 2819 4931 ἑαυτοῦ
2854 4880 3130 4949 σωτηρίας
3150 4878 3308 4947 λόγον
3333 4879 3584 4949 αἰτήσας,
3616 4879 3755 4949 πρὶς
3786 4881 3879 4931 τὸν
3912 4881 4059 4934 lla-3-

804 4970 895 5021 λον
929 4969 1515 5041 ἐκομίσθη.Ἐντεῦυεν
1545 4970 1614 5022 τά
1656 4970 1754 5039 τῆς
1794 4969 2063 5041 Ἐσπέρας
2101 4970 2403 5040 πράγματα
2438 4971 2496 5022 ἐν
2521 4969 2713 5038 εἰρήνῃ
2746 4967 2841 5020 καὶ
2880 4967 3078 5039 ἡσυχίᾳ
3103 4968 3365 5038 κατέστη.

879 5058 1185 5113 Secundum
1234 5061 1348 5114 hare
1398 5061 1707 5130 imperatori
1760 5060 1903 5113 filius
1944 5062 2217 5125 nascitur,
2278 5060 2363 5113 cui

808 5149 1146 5206 Constantini
1193 5166 1387 5205 nomen
1432 5152 1703 5221 imposuit.
1739 5150 1954 5206 Decima
1998 5152 2186 5220 quinta
2221 5152 2368 5205 iuse-

2542 5058 2696 5111 Μετά
2728 5057 2891 5111 τοῦτο
2917 5058 3161 5112 τίκτεται
3197 5060 3309 5123 υίὸς
3338 5060 3417 5129 τῷ
3442 5058 3676 5128 βασιλεῖ,
3706 5060 3767 5112 ὃν
3796 5060 4053 5129 (assam

2479 5152 2901 5204 Κωνσταντῖνον.
2917 5151 3380 5223 Πεντεκαιδεκάτῃ
3395 5151 3450 5204 δὲ
3468 5151 3561 5204 τοῦ
3582 5154 3797 5204 ὲπεισιό
3810 5170 3929 5217 ιτος
3948 5156 4024 5223 iit
4044 5164 4053 5207 β

2109 5324 2342 5381 νΑιιυΕ
2372 5324 2775 5384 LECTIONES.

881 5480 924 5515 ⁷¹
961 5480 1159 5551 ὀλίγων
1197 5482 1256 5537 Ρ.
1332 5487 1377 5517 ⁷¹
1408 5487 1755 5558 Σαρακηνός;
1791 5488 1861 5542 cf.
1893 5503 1945 5557 p.
1981 5487 2051 5543 65
2084 5488 2168 5543 10.
2243 5488 2290 5520 ⁷³
2320 5481 2432 5541 οῦν.
2464 5487 2601 5542 ὑπόῖ
2626 5487 2699 5544 cf.
2723 5489 2825 5542 col.
2846 5487 2948 5543 937
2966 5487 3027 5543 C.
3051 5489 3107 5543 9.
3182 5488 3229 5522 ⁷⁸
3258 5487 3352 5543 τοῦ
3387 5504 3495 5544 om.
3536 5488 3593 5543 Ρ.
3672 5491 3715 5521 ⁷³
3744 5488 3803 5542 δὲ
3838 5488 4035 5543 ταὶ-δέν.

2157 5643 2425 5699 P‘STAVll
2469 5642 2695 5698 NOTAE.

887 5794 999 5868 (2i)
1037 5797 1534 5870 Ilertsxutfezztitu
1580 5799 1645 5853 δὲ
1696 5800 1800 5855 τοῦ
1838 5802 2149 5868 εἰσιόντι-κς.
2203 5800 2556 5869 Theophanes
2584 5814 2635 5868 ιι.
2681 5797 2782 5852 553
2826 5797 2886 5851 Β.
