4206 6440
174 376 266 439 961

1104 383 1201 443 DE
1243 381 1491 443 REBUS
1528 380 1712 441 POST
1752 378 2204 445 MAURICIUM
2243 384 2529 450 GESTIS.

3304 408 3407 473 962

172 492 341 560 μηνὸς
384 491 696 560 Αὐγούστου
744 492 921 546 πάντα
963 491 1033 545 τά
1066 510 1124 545 τε
1168 494 1370 547 ἱππικά
1412 493 1508 548 καὶ
1550 486 1756 563 πλόϊμα
1786 494 1830 548 Α

1745 494 2073 562 ιΑίιηθΙΙιῖε
2128 497 2329 552 mensis
2373 498 2599 570 Augusti
2665 500 3083 568 Saracenorum-
3134 522 3406 589 equitatus

175 582 281 633 τῶν
326 581 656 653 Σαρακηνῶν
703 582 1159 653 ἐκστρατεύματα
1206 585 1304 653 τῆς
1359 582 1747 653 βασιλευούσης

171 668 511 737 ἀπεχώρουν,
532 669 791 733 πλείστας
815 669 947 734 ναῦς
976 670 1343 736 ἀποϐαλόντες
1364 672 1468 725 ύπό
1490 690 1549 727 τε
1575 673 1746 744 ζάλης

170 760 266 810 καὶ
306 760 523 830 ἀνέμων
550 761 759 831 ἀγρίων
793 762 1254 831 καταληφθείσας,
1292 766 1387 818 καὶ
1413 764 1624 819 πολλῶν
1648 766 1745 836 μὲν

170 853 250 913 εἰς
290 852 385 914 τὰς
408 846 623 923 ’νήσους
669 852 795 923 ἄχρι
831 856 922 907 καὶ
954 856 1035 917 εἰς
1067 855 1291 926 Κύπρον
1323 856 1743 932 σκεδασθεισῶν,

167 945 375 1014 ἐτέρων
410 947 466 998 δὲ
508 947 601 1000 καὶ
643 948 958 1018 αὐτάνδρων
995 948 1072 1019 τῷ
1116 948 1264 1019 βυθῷ
1311 950 1738 1019 παραὸοοεισῶν.

180 1037 469 1107 ’Λρτὲμιος
512 1037 568 1091 δὲ
611 1040 669 1090 ἐν
718 1038 1088 1112 Θεσσαλονίκῃ
1137 1038 1412 1108 ἐξόριστος
1454 1038 1530 1091 ὣν
1578 1039 1744 1092 πάλιν

166 1132 427 1197 πειρᾶται
452 1130 553 1198 τῆς
582 1130 860 1200 βασιλείας
888 1134 1281 1203 ἐπικρατήσειν
1301 1174 1316 1198 ,
1350 1134 1441 1184 καὶ
1470 1132 1741 1201 ἐπεχείρει

164 1220 340 1270 τοιάδε
371 1218 655 1289 πράττειν’
681 1221 885 1289 Γράφει
920 1222 1054 1293 πρὸς
1084 1224 1345 1275 Σισίννιον
1373 1214 1654 1291 πατρλίκιον
1681 1221 1741 1274 τὸ

165 1306 396 1378 ἐπίκλην
436 1307 759 1373 Ῥενδάκιον,
794 1313 928 1379 πρὸς
958 1314 1023 1381 τῇ
1050 1312 1158 1364 τῶν
1186 1311 1507 1382 Βουλγάρων
1533 1312 1739 1382 διατρί-

163 1395 327 1447 ϐοντα
358 1396 508 1466 χώρᾳ.
539 1400 690 1467 παρά
721 1399 982 1469 βασιλέως
1020 1401 1319 1470 τηνικαῦτα
1366 1401 1753 1473 ἀποσταλέντα.

162 1484 241 1547 ὡς
274 1485 339 1537 ἂν
366 1488 687 1557 συμμαχίαν
714 1491 842 1560 παρ’
865 1491 1040 1544 αὐτῶν
1079 1492 1219 1545 κατὰ
1258 1492 1365 1544 τῶν
1407 1493 1737 1563 Σαρακηνῶν

162 1576 407 1647 λήψοιτο,
439 1580 589 1642 ὅπως
617 1580 766 1650 αὑτῷ
795 1583 861 1634 τὰ
892 1582 1032 1635 κατά
1072 1583 1297 1653 γνώμην
1345 1583 1733 1651 συμπράξειεν,

160 1669 448 1722 ἀναπείσω
493 1670 548 1723 δὲ
592 1672 686 1725 καὶ
730 1673 1071 1745 Βουλγάρους
1099 1676 1454 1745 συνεργήσειν
1489 1675 1735 1745 αύτῷ.ὐ

1847 585 2024 638 omnis
2051 594 2106 639 et
2137 586 2331 644 classis
2373 589 2441 643 ab
2470 592 2602 648 urbe
2629 595 2879 667 discedit,
2932 605 3147 664 amissis
3178 585 3406 674 navibus

1845 678 2272 778 quamplurimis.
2311 698 2448 752 quas
2488 694 2778 755 tempestas
2818 708 2882 750 ac
2912 707 3193 757 ventorum
3239 704 3404 778 impe-

1848 777 1931 822 tus
1959 769 2269 837 disjecerat.
2303 772 2505 830 Harum
2526 780 2770 846 quaedam
2795 781 2891 852 per
2922 779 3127 846 insulas
3152 769 3405 864 (Dispersa

1844 860 1908 909 ad
1934 857 2170 929 Cyprum
2215 877 2387 933 usque
2421 866 2696 938 dissipatae
2740 883 2886 938 sunt,
2931 877 3050 934 alia:
3089 895 3210 936 cum
3237 857 3400 943 vomni

1844 952 2218 1019 supplemento
2248 962 2528 1013 demerstc.
2566 961 2785 1019 Interim
2816 965 3089 1026 Artemius
3120 971 3402 1034 Thessalo-

1844 1040 1975 1095 nicae
2022 1044 2281 1100 exsulans
2312 1047 2378 1101 de
2407 1055 2721 1119 occupando
2752 1070 2965 1112 rursum
3007 1060 3233 1133 imperio
3265 1084 3397 1123 nova

1842 1134 2067 1187 consilia
2111 1137 2367 1206 molitur;
2410 1142 2552 1209 quod
2584 1143 2726 1202 hunc
2771 1148 2823 1202 in
2856 1153 3071 1206 modum
3117 1169 3400 1224 aggressus

1840 1236 1941 1279 est.
1994 1226 2144 1283 Datis
2196 1232 2262 1285 ad
2328 1231 2627 1289 Sisinnium
2701 1240 2984 1308 patricium
3046 1260 3400 1315 cognomento

1840 1318 2211 1375 Rhendacium
2243 1323 2458 1393 litteris,
2491 1328 2582 1396 qui
2625 1337 2733 1383 tum
2777 1330 2919 1387 forte
2962 1338 3097 1405 apud
3142 1338 3398 1409 Bulgnros

1838 1419 1953 1463 erat
1980 1412 2168 1465 auxilii
2211 1423 2405 1467 contra
2442 1416 2746 1476 Saracenos
2779 1423 3097 1492 impetrandi
3143 1445 3301 1484 causa
3333 1434 3399 1486 ab

1838 1497 2163 1567 imperatore
2201 1502 2418 1568 missus,
2454 1505 2581 1560 huic
2634 1509 2802 1576 igitur
2834 1526 2929 1581 per
2962 1513 3169 1571 litteras
3212 1519 3401 1575 suadet

1839 1597 1897 1639 ut
1947 1602 2007 1641 se
2061 1590 2346 1651 conatibus
2381 1594 2494 1649 suis
2542 1596 2841 1667 adjutorem
2899 1603 3183 1671 prteberet,
3216 1610 3308 1663 sed
3343 1619 3397 1665 et

1837 1677 2095 1749 Bulgaros
2118 1681 2169 1735 in
2200 1683 2408 1738 consilii
2441 1687 2754 1743 societatem
2788 1693 3100 1762 pelliceret;
3129 1711 3248 1765 quae
3279 1714 3396 1755 om-

158 1756 215 1809 δὲ
253 1757 407 1811 τοῦτο
443 1760 731 1830 ὑπέσχετο.
769 1763 974 1832 Γράφει
1000 1766 1056 1817 δὲ
1087 1766 1182 1818 καὶ
1213 1767 1348 1837 πρὸς
1378 1768 1622 1838 Νικήταν
1647 1768 1735 1821 τὸν
1767 1841 1808 1856 “

1734 1792 1735 1797 π
1767 1841 1808 1856 “
1842 1771 1927 1824 nia
1960 1776 2034 1826 uti
2067 1775 2369 1843 postularat
2423 1775 2689 1833 facturum
2734 1756 2803 1836 se-
2828 1800 2947 1840 esse
2978 1756 3265 1856 promittit.
3293 1792 3395 1846 Ea-

161 1848 467 1920 μάγιστρον
512 1852 573 1904 τὸ
611 1853 842 1924 ἐπίκλην
872 1853 1180 1927 Ξυλινίτην,
1209 1860 1265 1910 ἐν
1296 1860 1733 1914 Κωνσταντινου-
1767 1841 1810 1896 Β

164 1940 253 1958 ,η
363 1943 376 1958 .
447 1942 457 1957 .
726 1945 747 1958 ..
843 1946 882 1958 κ.
1008 1947 1020 1958 .
1141 1950 1152 1958 .
1217 1950 1252 1958 .-
1314 1951 1324 1958 .
1601 1953 1611 1958 -

1767 1841 1810 1896 Β
1837 1862 1958 1918 dem
1988 1841 2143 1921 dere
2170 1867 2237 1921 ad
2275 1866 2519 1924 Nicetam
2545 1873 2863 1942 magistrum
2899 1841 3264 1949 cognomento:

155 1940 314 1993 πόλει
355 1942 689 2013 ὑπάρχοντα,
725 1945 804 1998 ἔτι
838 1946 894 1999 δὲ
936 1947 1030 2001 καὶ
1060 1950 1192 2017 πρὸς
1217 1950 1407 2021 Ἰσώην
1445 1953 1731 2023 πατρίκιον

156 2032 257 2083 καὶ
285 2033 377 2085 τοῦ
412 2033 705 2106 λεγομένου
743 2037 1023 2107 βασιλικοῦ
1052 2039 1293 2108 Ὀψικίου
1328 2043 1569 2112 ἡγεμόνα
1591 2086 1607 2111 ,
1639 2045 1734 2099 καὶ

155 2126 438 2181 Θεοδόσιον
468 2130 577 2198 (22)
612 2131 704 2183 τὸν
738 2131 1041 2201 πρώτιστον
1078 2135 1185 2187 τῶν
1233 2135 1525 2205 βασιλικῶν
1553 2156 1733 2209 γραμ-

160 2219 381 2287 ματέων
428 2220 551 2273 καθ’
574 2221 667 2285 οὓς
713 2223 990 2276 ἐϐασίλευε
1033 2226 1257 2294 χρόνους
1301 2228 1611 2298 γενόμενον,
1638 2231 1733 2284 καὶ

155 2309 201 2360 Ν
212 2310 407 2380 ικήταν
439 2313 664 2382 ἐπίκλην
686 2315 966 2385 Ἀνθρακα
994 2316 1232 2387 ἄρχοντα
1258 2321 1470 2388 τειχῶν,
1496 2322 1732 2386 παλαιᾶς

155 2402 342 2471 φιλίας
376 2405 916 2476 ἀναμιμνήσκεσθαι,
943 2410 1034 2461 καὶ
1062 2409 1314 2479 ἑτοίμους
1339 2406 1478 2465 εἶναι
1510 2415 1731 2484 συντρέ-

156 2510 279 2562 χειν
310 2494 456 2565 αὐτῷ
487 2497 581 2548 καὶ
609 2496 707 2567 τὴν
744 2498 897 2551 πόλιν
938 2500 1247 2568 ἀνοιγνύναι
1273 2505 1365 2556 καὶ⁵
1397 2504 1471 2567 ὡς
1503 2504 1731 2575 βασιλέα

154 2585 539 2655 ὑποδέχεσθαι.
571 2586 648 2641 Τὰ
675 2589 952 2658 γραφέντα
984 2587 1076 2644 οὖν
1107 2594 1269 2657 εὐθὺς
1290 2594 1367 2664 τῷ
1393 2595 1601 2664 βασιλεῖ
1618 2598 1731 2653 δια-

153 2677 513 2743 γινώσκεται,
550 2678 646 2730 καὶ
672 2682 796 2742 τοὺς
828 2681 895 2732 τὰ
938 2684 1240 2752 γράμματα
1266 2685 1588 2756 δεξαμένους
1614 2706 1730 2757 χει-

154 2766 349 2835 ροῦται
378 2770 469 2820 καὶ
496 2770 735 2838 πληγαῖς
768 2773 1063 2836 αἰκίζεται.
1091 2777 1181 2828 καὶ
1210 2778 1361 2830 αὐτοὶ
1385 2779 1727 2847 ὁμολογοῦσι.

154 2858 270 2909 Καὶ
309 2859 521 2927 Νικήτα
556 2860 655 2929 μὲν
684 2861 777 2913 τοῦ
816 2861 915 2931 τὴν
956 2862 1113 2927 ἀξίαν
1147 2867 1445 2935 μαγίστρου
1477 2869 1569 2921 καὶ
1597 2868 1729 2922 Θεο-

155 2948 381 3000 κτίστου
409 2949 504 3011 τὰς
536 2950 776 3018 κεφαλὰς
804 2952 1050 3022 ἐξέτεμε,
1085 2958 1209 3017 τοὺς
1235 2956 1290 3008 δὲ
1326 2957 1517 3020 ἄλλους
1545 2960 1607 3011 ού
1641 2978 1730 3028 μι-

153 3038 309 3109 κρῶς
358 3041 707 3110 αἰκισάμενος
753 3042 849 3095 καὶ
894 3043 1171 3112 δημεύσας
1209 3047 1445 3117 ἐξορίαις
1477 3049 1728 3119 ἀπέπεμ-

1836 1953 2041 2010 linitem
2070 1956 2274 2026 Cpolim
2307 1961 2533 2028 scribit,
2565 1979 2773 2019 necnon
2809 1968 2875 2023 ad
2922 1971 3077 2026 lsoen
3108 1953 3392 2042 patricium

1835 2046 2165 2116 imperatorii
2195 2051 2443 2123 Obsequii
2481 2055 2817 2123 praefectum,
2853 2068 2907 2114 et
2940 2063 3007 2116 ad
3034 2064 3392 2124 Theodosium

1834 2141 2168 2195 notariorum
2221 2157 2329 2212 quo
2382 2144 2683 2211 imperabat
2735 2156 2975 2218 tempore
3027 2155 3394 2222 printicerium

1834 2228 2058 2295 factum,
2089 2234 2329 2302 itemque
2362 2237 2429 2286 ait
2484 2236 2724 2292 Nicetam
2763 2256 3120 2312 cognomento
3154 2247 3391 2305 Anthra-

1833 2336 1949 2374 cem
1995 2339 2272 2377 murorum
2308 2326 2638 2395 praefectum.
2690 2331 2893 2396 Quibus
2942 2332 3139 2390 litteris
3179 2354 3274 2407 pro
3304 2355 3395 2397 vo-

1835 2412 1932 2465 teri
1976 2412 2341 2469 familiaritate
2365 2428 2519 2487 rogat
2541 2419 2645 2473 sibi
2674 2428 2731 2474 ut
2765 2433 2978 2480 mature
3012 2425 3249 2482 subsidio
3274 2444 3394 2488 esse

1834 2501 2017 2568 velint,
2041 2503 2148 2573 63
2186 2514 2348 2573 atque
2390 2507 2578 2560 urbem
2605 2511 2875 2577 aperiant,
2905 2526 2969 2567 ac
3013 2528 3113 2582 pro
3163 2517 3393 2587 impera-

1832 2600 1946 2645 tore
2001 2608 2058 2648 se
2116 2596 2400 2663 recipiant.
2453 2596 2548 2652 His
2588 2601 2840 2656 omnibus
2891 2604 2958 2658 ad
3006 2605 3388 2676 imperatorem

1832 2685 2073 2751 perlatis,
2101 2699 2364 2758 quotquot
2410 2705 2503 2744 eas
2544 2691 2751 2747 litteras
2783 2708 3124 2765 acceperant,
3156 2716 3393 2767 compre-

1831 2774 1982 2828 hensi
2007 2787 2059 2829 et
2076 2776 2297 2847 ﬂagellis
2315 2778 2509 2834 nll‘ecti.
2532 2780 2640 2837 Nec
2673 2782 2747 2837 illi
2767 2784 2971 2841 factum
2996 2789 3216 2847 inliciati
3243 2803 3389 2852 sunt.

1830 2864 1969 2933 Ergo
1997 2865 2199 2920 Niceta:
2235 2869 2502 2939 magistro
2547 2883 2603 2926 et
2634 2870 2946 2932 Theoctisto
3001 2882 3171 2949 capita
3205 2885 3391 2952 praci-

1830 2954 2044 3008 duntur.
2079 2957 2274 3011 Cacteri
2299 2961 2436 3014 male
2458 2962 2664 3016 multati
2695 2975 2745 3018 et
2773 2970 3056 3037 proscripti
3083 2982 3231 3027 extra
3258 2974 3389 3031 ﬁnes

1832 3046 2041 3113 imperii
2076 3050 2403 3118 relegantur.
2437 3052 2713 3110 Artemius
2742 3073 2860 3110 cum
2894 3057 3131 3116 Sisinuio
3158 3067 3384 3132 patricio

151 3129 639 3200 ψεντδ.⁹Δρτέμιος
676 3132 732 3184 δὲ
775 3132 892 3201 ἅμα
925 3135 1171 3206 Σισιννίῳ
1210 3137 1285 3206 τῷ
1327 3140 1596 3210 πατρικίῳ
1632 3142 1726 3193 καὶ
1754 3182 1794 3239 C

1725 3182 1726 3187 η
1754 3182 1794 3239 C
1829 3145 1884 3190 et
1910 3138 2150 3208 Bulgaria
2194 3141 2498 3197 lleracliatn
2534 3148 2773 3213 pervenit
2814 3163 2935 3202 cum
2984 3129 3193 3219 lembis,
3252 3172 3386 3225 quos

150 3224 269 3283 τοῖς
314 3221 644 3290 Βουλγάροις
694 3222 886 3294 μέχρις
922 3224 1248 3293 Ἡρακλείας
1296 3230 1722 3301 καταλαμϐάνει,

150 3312 256 3365 συν
287 3314 466 3376 αὐτοῖς
494 3314 549 3366 δὲ
578 3315 673 3367 καὶ⁵
700 3315 844 3384 ἅπερ
876 3313 1011 3387 ἦγον
1029 3319 1072 3349 ⁷⁷
1105 3320 1164 3371 ἐν
1196 3319 1560 3393 Θεσσαλονίκῃ
1591 3324 1727 3378 ἀκά-

150 3419 275 3455 τια·
315 3404 579 3471 μονόξυλα
624 3405 679 3457 δέ
725 3407 879 3459 αὐτοὶ⁸
914 3409 1400 3478 προσαγορεύουσι.
1440 3414 1645 3484 Γράφει
1671 3416 1728 3469 δὲ

150 3494 486 3564 Βουλγάροις
508 3497 535 3546 ὁ
557 3496 806 3565 βασιλεὺς
835 3498 910 3561 ὡς
935 3499 1034 3570 τὴν
1065 3501 1286 3572 εἰρήνην
1319 3504 1519 3573 μᾶλλον
1551 3506 1727 3559 ἀσπά-

151 3609 336 3644 σοιντο
380 3594 472 3644 καὶ
508 3595 634 3655 τοὺς
675 3593 905 3665 ἐχθροὺς
939 3597 1205 3667 προδοῖεν.
1237 3601 1300 3652 Ol
1328 3600 1383 3651 δὲ
1419 3602 1498 3663 εἰς
1528 3602 1724 3655 ἀπολο-

149 3682 284 3748 γίαν
314 3684 655 3753 κατέστησαν
690 3681 1016 3757 συγγνώμην
1044 3689 1362 3758 αἰτήσαντες
1385 3690 1480 3743 καὶ
1502 3691 1568 3744 τὰ
1590 3692 1725 3762 πρὸς

148 3774 383 3843 εἰρήνην
418 3774 859 3845 ὑπισχνούμενοιέ
891 3778 1000 3829 Καὶ
1046 3780 1135 3832 τὸν
1178 3780 1277 3849 μὲν
1302 3781 1587 3851 Ἀρτέμιον
1626 3785 1725 3837 σὺν

146 3865 229 3935 τῷ
265 3867 519 3936 ἀρχιερεῖ
548 3868 946 3939 Θεσσαλονίκης
975 3869 1068 3923 καὶ
1100 3870 1291 3933 ἄλλους
1329 3872 1611 3937 πλείστους
1639 3875 1725 3928 δε-

149 3953 382 4023 σμώτας
419 3955 554 4025 πρὸς
599 3955 825 4025 βασιλέα
857 3956 1153 4023 πέμπουσι,
1188 3960 1282 4011 καὶ
1325 3961 1587 4015 Σισιννίου
1629 3963 1723 4016 τοῦ

147 4048 448 4112 πατρικίου
499 4048 598 4117 τὴν
643 4046 884 4117 κεφαλὴν
914 4047 1239 4116 ἐκτεμόντες
1265 4048 1525 4114 ὡσαύτως
1573 4053 1725 4106 στέλ-

144 4136 361 4199 λουσιν,
394 4136 564 4199 οὕτως
593 4154 650 4190 τε
688 4136 823 4208 πρὸς
862 4137 956 4208 τὴν
996 4138 1206 4193 ἐαυτῶν
1239 4140 1576 4211 ἀπεχώρουν.
1595 4144 1723 4214 ’Δρ-ι

144 4227 341 4295 τέμιον
374 4227 429 4279 δέ
466 4228 562 4280 σὺν
608 4228 687 4297 τῷ
734 4230 1143 4300 ἀρχιεπισκόπῳ
1174 4232 1504 4302 παραλαϐὼν
1548 4235 1606 4288 ἐν
1646 4235 1723 4306 τῷ

145 4316 436 4385 λεγομένῳ
462 4319 720 4389 κυνηγίῳ
768 4319 1336 4393 ἀπέτεμεν.Ἰππικὴν
1383 4323 1439 4377 δὲ
1492 4324 1723 4394 ἅμιλλαν

146 4406 475 4469 ἐπιτελέσας
498 4409 606 4460 τῶν
635 4408 1060 4479 ἀποτμηθέντων
1100 4411 1198 4474 τὰς
1245 4414 1485 4480 κεφαλὰς
1508 4414 1595 4469 διὰ
1627 4415 1721 4470 τοῦ

156 4495 556 4564 Ἱπποδρομίου
576 4495 669 4549 ἐπὶ
697 4497 872 4567 κοντῷ
889 4500 1272 4569 ἀνηρτημένας
1288 4501 1333 4533 ⁷⁸
1351 4502 1711 4574 ἐξεπόμπευε.

1831 3226 2276 3285 Thessalonicam
2307 3232 2696 3300 subduxerunt,
2728 3252 2846 3305 qua:
2874 3240 2947 3293 illi
2988 3245 3266 3316 mouoxyla
3295 3262 3387 3302 vo-

1828 3328 1970 3373 cant.
1999 3320 2296 3391 Imperator
2338 3324 2555 3390 scriptis
2601 3325 2792 3383 litteris
2838 3329 3090 3402 Bulgaros
3137 3336 3384 3393 admonet

1828 3420 1885 3464 ut
1910 3412 2049 3465 bello
2079 3427 2263 3479 pacem
2297 3421 2626 3482 anteponant
2655 3427 2711 3470 et
2756 3418 2940 3474 hostes
2988 3437 3118 3479 suos
3169 3426 3270 3481 sibi
3330 3427 3383 3483 in

1827 3511 2148 3571 potestatem
2192 3504 2424 3559 tradant.
2459 3504 2563 3570 llli,
2601 3508 2667 3560 ad
2695 3510 3093 3565 excusationem
3115 3517 3383 3585 conversi,

1826 3594 2037 3645 veniam
2080 3593 2440 3660 deprecantur
2487 3604 2543 3649 et
2587 3610 2773 3664 pacem
2815 3599 3020 3655 ﬁrmam
3065 3602 3179 3658 lore
3222 3606 3382 3673 polli-

1825 3694 2037 3739 centur.
2079 3684 2201 3739 Mox
2235 3686 2538 3740 Artemium
2580 3703 2700 3742 cum
2738 3687 3129 3749 Thessalonice
3158 3695 3383 3763 praesule

1827 3774 2069 3843 aliosque
2088 3776 2349 3844 plurimos
2378 3777 2590 3831 vinctos
2625 3779 2691 3831 ad
2730 3779 3105 3849 imperatorem
3140 3785 3379 3855 mittunt,

1826 3879 1929 3919 una
1957 3881 2077 3920 cum
2117 3864 2340 3921 Sisinnii
2370 3868 2579 3936 patricii
2610 3872 2804 3938 capite,
2837 3873 2977 3940 quod
3025 3873 3073 3927 ei
3129 3876 3383 3943 praecide-

1825 3968 1991 4025 rant;
2024 3968 2187 4027 atque
2231 3960 2304 4014 ita
2332 3960 2383 4013 in
2420 3962 2652 4029 patriam
2684 3962 2883 4017 reversi
2911 3973 3053 4018 sunt.
3084 3965 3380 4035 Imperator

1823 4047 2123 4102 Artemium
2147 4058 2203 4104 et
2225 4051 2692 4121 archiepiscopum
2720 4053 2770 4105 in
2802 4062 3127 4122 potestatem
3153 4055 3375 4123 habens,

1825 4142 2088 4195 ambobus
2140 4144 2194 4194 in
2239 4139 2479 4212 Cynegio
2528 4150 2689 4211 caput
2739 4144 3011 4212 amputari
3047 4144 3224 4211 jubet,
3269 4155 3375 4200 tum

1821 4232 2062 4300 equestri
2109 4232 2421 4303 spectaculo
2466 4234 2590 4288 dato
2620 4237 2930 4298 earumdem
2984 4235 3161 4300 capita
3214 4244 3375 4291 conto

1823 4336 2085 4391 suspensa
2116 4337 2211 4391 per
2246 4323 2668 4392 Hippodromum
2703 4325 2927 4380 traduci.
2958 4323 3213 4394 Reliquos
3258 4340 3375 4379 om-

1824 4429 1920 4469 nes
1944 4415 2263 4470 verberibus
2285 4430 2455 4471 cases
2484 4418 2705 4472 naribus
2747 4418 3037 4486 amputatis
3058 4427 3112 4473 et
3137 4416 3360 4486 publica-

1824 4508 1896 4559 tis
1942 4505 2103 4561 bonis
2133 4505 2355 4575 relegat.

146 4586 297 4648 Τοὺς
344 4588 403 4640 δέ
450 4586 641 4651 ἀλλους
688 4588 895 4652 πάντας
941 4591 1296 4660 αἰκισάμενος
1334 4594 1428 4647 καὶ
1477 4596 1580 4659 τὰς
1611 4600 1761 4668 Ιοἴνας
1798 4598 1977 4653 αὐτῶν
2027 4596 2272 4668 ἐκτεμὼν
2324 4596 2420 4651 καὶ
2464 4596 2740 4668 δημεύσας
2778 4597 3090 4668 ύπερορίαις
3165 4598 3375 4653 κατεδί-

142 4699 312 4735 κασε.

217 4773 408 4825 Ταῦτα
433 4766 527 4825 οὖν
557 4773 1049 4847 καταπραξάμενος
1077 4780 1467 4846 προσκαλεῖται
1498 4780 1713 4853 Γερμα-
1748 4768 1790 4822 θ

1708 4812 1713 4821 -
1748 4768 1790 4822 ι)
1891 4781 2018 4853 [Αη.
2049 4780 2198 4854 720.]
2227 4780 2349 4835 llaec
2370 4782 2459 4836 ubi
2484 4780 2645 4847 facta,
2673 4781 2995 4837 Germanum
3016 4783 3369 4853 patriarcbam

1470 4933 1699 4989 VARUE
1748 4929 2152 4991 LECTIONES.

215 5059 267 5090 "
296 5059 683 5131 παρέπεμψενς
758 5061 802 5093 ’⁷
844 5059 881 5115 f.
912 5056 1059 5131 εἶχον
1087 5060 1337 5116 Petavius-

1439 5066 1480 5093 7“
1516 5066 1911 5138 ἀπηρτημένας
1946 5069 2018 5123 Ρ;
2048 5068 2117 5123 cf.
2158 5084 2209 5133 p.
2238 5068 2272 5123 5
2301 5067 2387 5134 η,
2424 5071 2493 5123 55
2530 5070 2704 5136 12,42
2728 5070 2779 5127 4.

1488 5199 1756 5256 PETAVII
1796 5202 2025 5258 ΝΟΤᾹΞ.

211 5332 335 5401 (22)
380 5334 721 5387 Θεοδόσιον.
767 5333 1122 5404 Theophanes
1151 5337 1522 5391 Theoctistum
1571 5338 1714 5393 hunc

135 5404 423 5471 appellare
452 5405 685 5478 videtur.
708 5419 848 5456 anno
874 5404 1066 5478 Leonis
1094 5406 1150 5469 5,
1183 5407 1711 5478 πρωτοασηκρήτην,

137 5472 246 5545 hoc
281 5482 367 5545 est
403 5473 634 5545 prin_mm
688 5491 727 5545 ar
752 5475 995 5527 secretis.
1042 5476 1153 5529 lmo
1198 5472 1359 5530 etiam
1405 5472 1714 5545 pa’ul'n'post

137 5540 487 5615 Nicephorus
508 5540 877 5615 Theoctistum
910 5547 1155 5598 eumdem
1182 5540 1434 5615 appellnt.
1471 5540 1712 5599 Fuerunt

132 5610 295 5678 (‘poli
340 5614 682 5685 notariorum
730 5615 949 5667 ordines
979 5615 1059 5667 5:
1104 5617 1191 5668 alii
1223 5610 1435 5668 Vtiotnrii
1484 5618 1709 5685 tribuni,

134 5680 385 5732 tribunis
436 5685 774 5747 praetorianis
819 5685 1049 5749 arquati;
1103 5685 1190 5738 alii
1243 5685 1561 5748 domestici,
1616 5680 1707 5753 qui

132 5751 459 5817 imperatori
490 5766 518 5803 a
543 5754 767 5805 secretis
799 5764 984 5816 erant;
1016 5754 1154 5806 tertii
1187 5753 1473 5809 inferiores
1504 5751 1703 5813 lribtini

1826 5347 2042 5416 notarii.
2075 5347 2217 5402 ‘Vide
2271 5358 2384 5403 not.
2436 5349 2563 5416 imp.
2603 5346 2958 5402 Cassiodorus
3000 5346 3039 5402 l.
3076 5363 3092 5401 ι
3147 5345 3265 5403 Var.
3296 5347 3375 5402 ἐι

1822 5433 1840 5464 ι
1879 5415 2039 5487 Pater
2064 5419 2202 5469 enim
2233 5418 2567 5471 Candidatus
2599 5419 2697 5487 sub
2734 5416 3106 5471 Valentiniano
3136 5418 3379 5487 principe

1814 5486 1979 5567 gessit
2028 5488 2229 5567 tribuni
2288 5496 2342 5567 et
2375 5488 2596 5567 _uotarii
2646 5486 2989 5567 laudabiliter
3035 5488 3373 5567 dignitatem.

1813 5553 1995 5606 llonur
2026 5558 2114 5621 qui
2147 5566 2274 5610 tunc
2301 5558 2530 5610 dabatur
2571 5559 2823 5627 egregiis,
2850 5557 2975 5610 dum
3008 5555 3074 5611 ad
3096 5553 3379 5625 imperiale

1809 5636 2097 5697 secretum
2144 5627 2273 5679 tales
2322 5639 2536 5680 constet
2576 5628 2697 5695 eligi
2747 5630 2798 5679 in
2843 5627 3041 5697 quibus
3090 5629 3378 5695 reprehen-

1807 5693 1977 5765 sionis
2009 5695 2194 5748 vitium
2232 5705 2461 5765 nequeat
2495 5693 2724 5750 inveniri
2752 5713 2763 5748 :
2794 5693 2975 5761 itaque
3002 5698 3029 5749 ὀ
3056 5693 3378 5765 πρωτοαση-

1808 5764 2018 5833 κρήτης
2049 5776 2131 5820 est
2164 5764 2470 5834 πρώτιστος
2500 5766 2604 5820 τῶν
2641 5764 2934 5835 βασιλικῶν
2978 5764 3375 5838 γραμματέων.
