4206 6440
761 388 865 451 937

1783 389 1846 450 S.
1882 387 2297 449 NICEPHORI
2339 384 2843 445 ΡΑΤῐίῐΛῙῖΕΠΞΕ
2879 384 2988 444 CP.

3923 382 4036 446 968

760 518 1010 572 «:aiiipnm
1033 503 1116 559 cui
1147 502 1351 558 Crasso
1375 516 1573 557 nomen
1617 512 1699 556 est
1737 502 2035 573 egreditur,
2067 500 2336 569 simulque

2454 501 2585 562 ιείας
2621 500 2922 569 κρατήσας,
2947 497 3256 568 ἀπόμοιράν
3285 515 3406 552 τινα
3441 499 3671 569 στρατοῦ
3699 498 4038 568 ἐπιλεξάμε-

760 599 1033 651 Artabazo
1060 595 1277 649 mandat
1320 602 1378 648 ut
1410 595 1476 648 ad
1523 608 1582 648 se
1613 594 1824 659 veniat,
1855 607 1963 663 quo
2011 592 2150 646 inter
2179 605 2238 646 se
2273 590 2342 645 de

761 684 1124 758 pr0pulsando
1159 686 1313 740 hoste
1349 684 1668 738 deliberent.
1721 681 1832 738 Nec
1881 683 2061 735 minus
2110 680 2199 736 ille
2245 693 2342 734 sua

761 787 953 847 sponte
983 775 1309 837 maturabat,
1342 782 1401 828 ut
1445 783 1502 828 et
1534 772 1764 828 consilio
1805 774 2090 827 interesset
2118 779 2174 824 et
2216 784 2340 823 eum

765 867 988 937 imperio
1016 867 1276 936 privaret.
1323 864 1541 920 Interim
1575 865 1996 930 Constantinus,
2038 863 2219 918 audita
2260 873 2343 933 ty-

767 961 1008 1015 rannidis
1043 958 1210 1026 fama,
1253 974 1373 1013 cum
1415 958 1634 1027 insuper
1671 957 1921 1013 Viserum
1969 955 2254 1026 patricium
2285 956 2342 1008 in

762 1063 993 1104 occursu
1025 1048 1144 1116 ipso
1198 1062 1228 1100 a
1273 1048 1548 1101 contraria
1583 1045 1817 1101 factione
1851 1052 2187 1113 peremptum
2219 1055 2344 1096 esse

760 1141 1133 1210 cognovisset,
1157 1153 1278 1206 quae
1304 1153 1454 1193 more
1480 1137 1814 1207 imperatorii
1843 1136 2114 1191 exercitus
2144 1135 2345 1189 instru-

764 1240 848 1284 cla
883 1230 1166 1296 veniebat,
1198 1244 1428 1298 propere
1451 1229 1730 1299 digressus
1765 1242 1829 1282 ac
1858 1226 2020 1281 saluti
2057 1225 2344 1281 consulens

765 1321 832 1374 ad
861 1319 1217 1375 Orientalium
1256 1322 1529 1391 regionem
1561 1317 1840 1387 confugit,
1892 1318 1983 1387 qui
2032 1315 2345 1370 humaniter

763 1426 888 1465 cum
936 1411 1276 1481 excipientes
1336 1427 1456 1465 cum
1501 1411 1856 1480 jurejurando
1910 1409 2070 1464 fidem
2123 1409 2345 1476 insuper

762 1503 1130 1573 obstringunt,
1169 1519 1230 1558 se
1287 1503 1352 1558 ad
1401 1512 1628 1557 mortem
1676 1515 1846 1570 usque
1897 1499 2098 1554 nullum
2150 1514 2246 1566 pro
2280 1511 2344 1552 co

764 1595 1064 1664 periculum
1091 1609 1209 1649 esse
1239 1595 1657 1649 detrectaturos.
1687 1593 1808 1647 Mox
1839 1591 2263 1648 contumeliosas
2290 1592 2342 1644 in

764 1686 1093 1738 Artabazum
1123 1673 1283 1740 voces
1309 1700 1371 1738 ac
1401 1685 1644 1740 convicia
1663 1684 1890 1751 jactant.
1921 1684 2002 1736 Ad
2029 1684 2143 1747 haec
2170 1684 2346 1736 Sisin-

767 1775 912 1827 nium
951 1775 1240 1843 patricium
1288 1790 1408 1827 cum
1457 1773 1858 1829 Thracensibus
1907 1773 2118 1842 copiis,
2149 1773 2345 1840 quibus

2442 609 2530 655 vo;
2555 591 2657 660 τῆς
2687 591 2896 655 πόλεως
2927 589 3114 654 ἔξεισι,
3157 592 3253 644 κα)⁸
3290 591 3350 645 τὸ
3375 592 3554 645 πεδίον
3593 592 3621 644 ὃ
3656 593 3879 660 Κρὰσος
3913 593 4036 661 (³55)

2445 681 2912 753 προσαγορεύεται
2945 682 3373 752 καταλαμϐάνει,
3405 683 3500 738 καὶ
3535 680 3862 752 Ἀρταϐάζῳ
3902 684 4036 752 ἐση-

2447 788 2641 842 μαινεν
2682 772 2841 842 ἥκειν
2869 771 3003 841 πρὸς
3031 771 3216 835 αὑτὸν,
3255 771 3332 833 ὠς
3366 770 3432 824 ἂν
3463 771 3578 841 ἅμα
3609 772 3718 824 τῶν
3749 771 4037 841 πολεμίων

2443 857 2603 928 χάριν
2634 857 3104 927 βουλεύσοιντο.⁹0
3133 857 3188 910 δὲ
3222 858 3322 928 ήδη
3356 858 3517 930 ὥρμα
3550 862 3644 912 καὶ
3661 860 3884 929 ,βουλῆς
3912 862 4035 912 ἓνε-

2444 965 2558 1014 κεν,
2606 949 2743 1003 ἀλλά
2797 950 2894 1002 καὶ
2943 951 3044 1019 τῆς
3097 949 3377 1018 βασιλείας
3430 950 3594 1004 αὑτὸν
3649 951 4032 1022 καθαιρήσων.

2445 1041 2853 1104 Κωνσταντῖνος
2881 1042 2959 1107 δὲ,
2995 1041 3062 1094 τά
3105 1041 3203 1109 τῆς
3231 1043 3546 1111 τυραννίδος
3573 1043 3910 1111 πυθόμενος,
3942 1046 4036 1094 καί

2446 1132 2663 1201 Βίσιρον
2683 1132 2792 1200 (54)
2811 1132 2910 1201 τὴν
2930 1133 3088 1198 ἀξίαν
3117 1131 3404 1202 πατρίκιον
3424 1136 3969 1202 προσυπαντήσαντα
3991 1136 4034 1166 ³⁸

2446 1223 2539 1274 καὶ
2585 1221 2661 1292 τῷ
2702 1221 2846 1290 ξίφει
2883 1222 2991 1274 τῶν
3031 1223 3343 1276 ἀντιπάλων
3389 1223 3628 1275 πεσόντα
3680 1223 4034 1293 αἰσθόμενος,

2446 1313 2540 1366 καὶ
2570 1312 2644 1375 ὡς
2667 1313 2726 1365 τὸ
2759 1314 3035 1382 βασιλικὸν
3061 1296 3500 1384 ἐσκευασμένους
3526 1317 3898 1383 στρατόπεδον
3923 1319 4036 1367 είσ-

2449 1401 2572 1454 ιδὼν
2594 1403 2805 1469 αὑτὸν,
2832 1405 2968 1474 πρὸς
2997 1407 3063 1474 τῇ
3093 1403 3246 1475 χώρα
3271 1405 3633 1458 Ἀνατολικῶν
3651 1407 3694 1436 ’⁸
3719 1405 4038 1478 καλουμένῃ

2449 1495 2626 1562 φυγὰς
2661 1495 2870 1548 ἐνθένδε
2894 1496 3074 1548 ἀπιὼν
3095 1497 3194 1566 τὴν
3223 1498 3496 1568 σωτηρίαν
3521 1497 3620 1567 τὴν
3644 1498 3849 1551 ἐαυτοῦ
3885 1516 4038 1566 περι-

2448 1588 2767 1654 εποιήσατο.
2802 1588 2909 1640 Καὶ
2934 1588 3087 1640 αὐτοὶ
3114 1588 3375 1650 εὑνοῖκῶς
3399 1590 3792 1660 ὑποδεξάμενοι
3829 1592 4041 1657 ἐνωμό-

2447 1695 2573 1740 τους
2600 1678 2751 1747 αὺτῷ
2785 1678 3056 1747 συνθήκας
3095 1678 3400 1732 δεδώκεσαν
3435 1679 3510 1743 ὠς
3558 1681 3756 1750 μέχρις
3801 1682 4038 1749 αἵματος

2453 1769 2594 1840 ὑπὲρ
2625 1768 2788 1825 αὑτοῦ
2819 1769 3104 1824 ἀνελέσθαι
3137 1770 3227 1823 τὸν
3257 1771 3523 1835 κίνδυνον,
3555 1773 3650 1824 καὶ
3691 1773 4036 1841 Ἀρτάϐαζον

765 1872 1032 1932 ρτωετιιι,
1078 1866 1143 1916 ad
1185 1879 1310 1919 suas
1356 1874 1540 1933 partes
1576 1863 1925 1932 pertrahunt,
1954 1863 2269 1931 collatisque
2295 1865 2346 1916 in

2454 1861 2692 1931 αἰσχρῶς
2709 1860 3115 1932 δυσφημοῦντες
3132 1860 3482 1933 καθύϐριζον.
3500 1863 3982 1916 Μεταστέλλονται
3997 1863 4038 1894 ⁸⁸

766 1969 932 2006 unum
981 1954 1214 2018 viribus,
1249 1963 1437 2008 contra
1479 1955 1807 2008 Artabazum
1851 1955 2162 2026 procedunt.
2209 1952 2342 2008 Nam

767 2043 1126 2114 Theophanes
1179 2056 1544 2116 cognomento
1575 2045 1842 2100 Monotius
1864 2088 1880 2110 ,
1913 2047 2006 2114 qui
2050 2045 2344 2115 magisterii

766 2137 1085 2206 dignitatem
1140 2140 1364 2204 gerebat
1397 2147 1452 2191 et
1492 2137 1739 2207 Byzantii
1774 2139 2122 2206 imperatoris
2162 2147 2346 2206 partes

769 2230 998 2296 agebat,
1045 2230 1112 2284 ad
1141 2229 1473 2284 Artabazum
1523 2228 1830 2296 defecerat,
1875 2243 2106 2299 eumque
2135 2230 2248 2300 68
2295 2239 2349 2284 et

771 2319 1152 2389 imperatorem
1194 2321 1565 2387 salutaverat,
1602 2331 1656 2377 et
1697 2323 1975 2393 Byzantiis
2005 2333 2349 2391 persuaserat

770 2405 1186 2466 Constantinum
1233 2428 1353 2468 esse
1418 2429 1716 2470 mortuum.
1784 2414 1927 2468 Idem
1983 2414 2348 2484 Nicephorum

772 2502 968 2570 ﬁlium,
995 2505 1085 2572 qui
1117 2512 1230 2558 tum
1265 2506 1317 2559 in
1359 2499 1590 2560 Thracia
1617 2507 1803 2575 copias
1843 2506 2098 2576 regebat,
2130 2506 2196 2559 ad
2229 2521 2349 2561 sese

773 2598 1001 2650 advocat
1026 2607 1080 2652 et
1115 2599 1181 2651 ad
1210 2599 1361 2653 urbis
1393 2600 1693 2655 custodiam
1728 2615 1850 2654 cum
1891 2601 1974 2654 bis
2001 2615 2135 2668 quos
2165 2613 2348 2653 secum

773 2686 1008 2741 habebat
1045 2688 1310 2745 militibus
1346 2691 1583 2760 disponit
1613 2711 1627 2746 :
1657 2693 1748 2761 qui
1778 2709 1842 2748 ex
1865 2691 2041 2748 ofﬁcio
2069 2695 2354 2761 imperato-

776 2778 852 2831 ris
899 2787 1089 2842 erant,
1124 2781 1320 2845 partim
1353 2783 1618 2847 caecitate,
1661 2784 1858 2850 partim
1909 2783 2032 2836 aliis
2072 2785 2248 2852 poenis
2289 2797 2354 2837 ac

775 2867 1119 2921 contumeliis
1162 2866 1343 2923 allicit.
1387 2870 1689 2923 Artabazus
1721 2871 1933 2925 interim
1985 2887 2104 2926 cum
2136 2873 2250 2928 suis
2286 2873 2353 2926 ad

776 2958 966 3011 urbem
1011 2959 1256 3024 accedit,
1291 2958 1448 3027 cujus
1490 2961 1723 3013 adventu
1755 2971 2063 3015 sanctorum
2095 2963 2356 3031 imagines

778 3048 926 3104 illico
958 3051 1222 3105 restitutae
1248 3059 1393 3104 sunt.
1435 3048 1592 3105 llunc
1627 3066 1766 3120 pone
1796 3062 2016 3106 secutus
2052 3053 2357 3109 Constanti-

779 3155 882 3194 nus
908 3141 1270 3210 (Jhrysopolin
1302 3150 1565 3210 occupat,
1595 3143 1790 3196 navale
1819 3158 1884 3197 ex
1912 3147 2142 3199 adverso
2171 3147 2354 3215 Cpolis

782 3232 832 3284 in
859 3233 984 3286 Asia
1017 3233 1275 3300 positum.
1308 3231 1411 3286 Ubi
1445 3231 1724 3300 paululum
1772 3244 2142 3289 commoratus
2173 3251 2356 3304 regre-

780 3325 949 3389 ditur,
990 3335 1042 3378 ct
1085 3325 1151 3378 ad
1188 3325 1374 3378 urbem
1421 3324 1699 3378 Amoriam
1747 3325 1970 3380 hiemat.
2008 3328 2165 3381 Anno
2213 3328 2356 3383 inse-

779 3418 965 3484 quenti
990 3417 1295 3472 Artabazus
1342 3417 1572 3471 alterum
1599 3432 1628 3472 e
1654 3417 1778 3473 filiis
1801 3417 2043 3474 Nlcetam
2073 3421 2357 3474 Armenio-

783 3519 903 3558 rum
949 3506 1140 3560 ducem
1189 3510 1387 3572 mittit,
1415 3507 1783 3577 Nicephorum
1816 3525 1946 3565 vero
1978 3512 2356 3580 imperatorem

784 3605 1026 3650 coronat.
1059 3598 1179 3666 lpse
1210 3599 1262 3651 in
1301 3599 1485 3652 Asiam
1531 3614 1652 3653 cum
1700 3601 1869 3668 copiis
1915 3601 2146 3670 trajicit,
2193 3617 2356 3671 quam

785 3702 904 3740 cum
937 3689 1371 3756 populationibus
1401 3690 1651 3746 infestam
1697 3694 1945 3759 haberet,
1971 3693 2358 3750 Constantinus

785 3779 999 3833 obviam
1046 3781 1093 3834 ei
1144 3786 1211 3835 ad
1262 3780 1464 3838 Sardes
1508 3787 1782 3851 occurrit;
1830 3797 1885 3840 et
1925 3787 2097 3856 signis
2147 3789 2359 3844 collatis

786 3868 940 3937 longe
965 3874 1209 3940 superior
1241 3873 1360 3928 fuit.
1393 3875 1470 3929 lta
1501 3877 1739 3930 exercitu
1775 3878 1917 3932 illius
1952 3879 2002 3932 in
2033 3889 2358 3949 potestatem

788 3963 1033 4024 redacto,
1062 3966 1313 4021 ouiuibus
1351 3983 1564 4038 quoque
1599 3972 2001 4038 impedimentis
2028 3973 2228 4040 potitus
2253 3983 2358 4028 est.

786 4054 1084 4110 Artabazus
1111 4055 1367 4126 Cyzicum
1399 4063 1573 4130 primo
1602 4100 1617 4126 ,
1641 4063 1765 4118 inde
1785 4063 1990 4132 Cpolim
2025 4065 2148 4134 fuga
2184 4067 2357 4133 petiit.

786 4145 1001 4202 Nicetas
1031 4151 1146 4217 ejus
1171 4151 1313 4207 filius
1340 4155 1512 4208 aciem
1548 4157 1597 4208 in
1613 4154 2039 4219 Constantinum
2069 4159 2357 4223 convertit,

788 4242 877 4308 qui
919 4241 984 4293 ad
1031 4241 1328 4297 Mudrinam
1383 4248 1675 4302 commisso
1726 4249 1909 4317 praelio
1953 4249 2194 4305 Nicetam
2237 4266 2358 4305 cum

786 4347 983 4401 magna
1041 4334 1269 4387 militum
1322 4347 1500 4407 strage
1540 4340 1740 4393 victum
1785 4341 1838 4394 in
1895 4341 2074 4412 fugam
2115 4344 2358 4412 conjicit.

786 4422 973 4490 Magna
993 4423 1251 4494 deinceps
1295 4427 1504 4496 imperii
1545 4429 1773 4484 Romani
1797 4432 2075 4485 calamitas
2109 4433 2356 4502 69fuit,

2446 1952 2577 2022 γοῦν
2603 1952 2985 2006 καὶλΣισίννιον
3013 1953 3106 2005 τὸν
3130 1952 3417 2022 πατρίκιον
3443 1952 3727 2023 σύμφρονα
3759 1953 4039 2006 καθίστων

2446 2047 2563 2117 ἅμα
2605 2045 2683 2116 τῷ
2725 2045 3002 2098 ὑπἀὑτὸν
3045 2045 3509 2117 στρατηγουμένῳ
3553 2047 3662 2098 τῶν
3696 2047 4039 2116 Θρακησίων

2446 2138 2723 2208 λεγομένῳ
2739 2139 2785 2169 ⁸⁵
2814 2136 2944 2203 λαῷ,
2966 2139 3060 2191 καὶ
3087 2137 3324 2200 ἅπαντες
3351 2139 3492 2192 κατά
3525 2138 3869 2208 Ἀρταϐάζου
3895 2138 4040 2207 ὁμῶς

2447 2233 2706 2300 ἐχώρουν.
2735 2230 3018 2299 Θεοφάνης
3045 2230 3101 2282 δὲ
3136 2230 3195 2282 ὃν
3226 2229 3504 2283 Μονώτιον
3538 2230 3792 2293 ἐκάλουν,
3822 2231 3926 2300 τὴν
3951 2230 4038 2282 τοῦ

2450 2323 2753 2394 μαγίστρου
2781 2324 2936 2388 ἀξίαν
2961 2323 3164 2376 διέπων
3191 2325 3283 2376 καὶ
3313 2323 3410 2394 τὴν
3435 2323 3701 2393 βασιλέως
3736 2324 3940 2393 χρείαν
3965 2326 4041 2385 εἰς

2449 2416 2741 2480 Βυζάντιον
2788 2416 3496 2487 ἁποπληρῶν,Ἀρτα6ἀζῳ
3545 2417 3907 2488 προσετίθετο
3953 2419 4042 2469 καί

2451 2510 2677 2580 βασιλέα
2711 2511 3075 2582 ἀνεκήρυττε,
3113 2512 3207 2564 καὶ
3253 2510 3581 2574 Βυζαντίους
3629 2511 3927 2563 ἀνέπειθεν
3969 2511 4042 2572 ὡς

2450 2603 2859 2666 Κωνσταντίνος
2915 2602 3245 2674 τεθνήκει⁹⁵.
3295 2603 3399 2656 Τὸν
3459 2603 3516 2656 δὲ
3562 2603 3675 2655 υἱὸν
3720 2603 4042 2672 Νικηφόρον

2449 2692 2683 2763 τοὺνομα
2713 2695 2857 2748 κατὰ
2887 2694 2982 2764 τὴν
3009 2695 3232 2765 Θρᾴκην
3265 2695 3385 2747 τότε
3422 2695 3835 2763 στρατηγοῦντα
3872 2711 4044 2762 μετα-

2452 2785 2753 2854 πέμπεται,
2787 2787 2883 2839 καὶ
2921 2787 3016 2838 σὺν
3049 2785 3127 2854 τῷ
3171 2786 3300 2855 περὶ
3331 2785 3492 2836 αὑτὸν
3525 2785 3740 2856 στρατῷ
3769 2786 3912 2854 πρὸς
3946 2804 4044 2854 φυ-

2452 2877 2624 2947 λακὴν
2668 2878 2766 2948 τῆς
2813 2877 3022 2940 πόλεως
3070 2878 3445 2946 ἐγκαθίστησι.
3479 2878 3599 2929 Τῶν
3649 2876 3958 2946 βασιλικῶν
3989 2878 4045 2931 δὲ

2455 2971 2743 3040 ὑπηρετῶν
2769 2969 2862 3032 οὒς
2911 2970 3009 3039 μὲν
3053 2968 3450 3036 ἀπετύφλου⁹⁶,
3487 2969 3580 3030 οὓς
3613 2968 3668 3021 δὲ
3702 2971 3800 3021 καὶ
3835 2971 4046 3039 ἑτέρως

2455 3060 2740 3130 κατῄκιζε.
2763 3059 2872 3111 Καὶ
2897 3057 3228 3129 Ἀρτάϐαζος
3253 3057 3412 3121 εὐθὺς
3436 3056 3513 3127 τῷ
3547 3058 3756 3110 συνόντι
3787 3059 3910 3127 ἅμα
3933 3058 4046 3127 λαῷ

2458 3154 2521 3221 τῇ
2551 3151 2704 3203 πόλει
2732 3151 3039 3217 ἐφίσταται,
3071 3151 3166 3202 καὶ
3202 3151 3400 3204 αὐτίκα
3421 3150 3528 3202 τῶν
3553 3149 3719 3217 ἁγίων
3745 3151 3960 3218 ἀνέστη
3985 3150 4048 3202 τὰ

2458 3241 2579 3311 ίερά
2609 3241 3061 3309 ἀπεικονίσματα.
3095 3240 3303 3292 Τούτου
3353 3240 3408 3293 δὲ
3460 3240 3690 3292 κατόπιν
3738 3240 3834 3293 ίὼν
3884 3242 4048 3294 Rum-

2460 3335 2738 3394 σταντῖνος
2782 3330 2878 3402 τὴν
2925 3331 3265 3400 Χρυσόπολιν
3311 3332 3651 3400 καλουμένην
3682 3332 4052 3401 καταλαμϐα-

2458 3441 2565 3479 νει·
2614 3425 2850 3477 ἐπίνειον
2893 3423 2948 3476 δὲ
2998 3423 3156 3476 τοῦτο
3202 3422 3432 3494 ἀντικρὺ
3467 3423 3766 3486 Βυζαντίου
3804 3424 3953 3490 πρὸς
3988 3427 4048 3494 τῇ

2460 3512 2722 3566 Ἀσιατιδι
2749 3515 2817 3581 γῇ
2848 3512 3215 3581 διακείμενον.
3256 3511 3553 3565 Κάνταῦθα
3586 3512 3798 3582 βραχὺν
3843 3513 4053 3583 διατρί-

2457 3605 2564 3675 ψας
2579 3606 2768 3674 χρόνον
2787 3605 3092 3668 ὑπενόστει,
3112 3605 3204 3656 καλ⁵
3225 3604 3360 3673 πρὸς
3382 3604 3480 3674 τὴν
3505 3605 3656 3656 πόλιν
3685 3607 3750 3674 ἢν
3777 3605 3836 3656 Ἀ
3848 3608 4052 3675 μορίαν

2461 3699 2684 3751 καλοῦσι
2713 3695 3046 3765 διεχείμαζε.
3065 3697 3156 3765 Τῷ
3174 3697 3229 3749 δὲ
3259 3697 3386 3766 ἐξῆς
3407 3697 3783 3765 ἐπιγενομένῳ
3811 3697 4053 3766 ἐνιαυτῷ

2459 3789 2550 3842 τὸν
2581 3789 2766 3858 ἕτερον
2795 3789 2902 3840 τῶν
2933 3787 3066 3840 υἱῶν
3099 3788 3342 3857 Νικήταν
3381 3786 3686 3857 στρατηγὸν
3720 3787 3818 3840 τοῦ
3849 3789 4052 3841 καλου-

2463 3880 2626 3951 μένου
2677 3880 2785 3932 τῶν
2824 3880 3202 3948 Ἀρμενιακῶν
3251 3879 3482 3948 στρατοῦ
3523 3878 3866 3950 Ἀρτάϐαζος
3921 3882 4054 3932 dno-

2464 3973 2697 4036 στέλλει,
2737 3973 2826 4024 τὸν
2875 3971 2918 4023 δ’
2957 3967 3022 4024 αὗ
3077 3972 3264 4041 ἕτερον
3311 3972 3623 4042 Νικηφόρον
3676 3973 3757 4034 είς
3819 3972 4054 4040 βασιλέα

2463 4065 2668 4134 στέφει.
2696 4063 3111 4133 Ἐπιστρατεύει
3137 4063 3193 4115 δὲ
3223 4063 3364 4114 κατὰ
3393 4065 3488 4130 τῆς
3509 4063 3618 4114 τῶν
3645 4063 3923 4116 Ἀσιανῶν
3953 4064 4054 4133 χώ-

2465 4173 2585 4225 ρας,
2614 4155 2708 4206 κα“ι
2754 4153 2824 4206 τὰ
2873 4155 3090 4222 ἐκείνης
3141 4155 3316 4223 χωρία
3358 4155 3755 4223 ὲπημαίνετοθτ
3810 4156 4052 4224 πικρῶς.

2463 4243 2622 4318 Κᾷτα
2659 4246 2962 4299 ἐπιτίθεται
2993 4249 3400 4309 Κωνσταντῖνος
3421 4247 3518 4299 καὶ
3541 4247 3675 4317 πρὸς
3701 4247 3797 4308 τὰς
3823 4248 4055 4316 Σαρίεις

2464 4339 2806 4401 ὑπαντιάζει,
2858 4338 3080 4406 πολέμῳ
3130 4355 3190 4390 τε
3242 4339 3391 4406 αὑτῷ
3441 4340 3716 4407 συμμίξας
3765 4343 4055 4408 κραταιᾶς

2463 4430 2830 4501 ἐτροπώσατο,
2863 4431 2953 4482 τόν
2997 4446 3053 4481 τε
3097 4431 3303 4483 ὑπόντα
3332 4430 3459 4482 λαὸν
3491 4432 3906 4500 δουλωσάμενος
3953 4434 4058 4501 τήν

786 4531 907 4568 cum
941 4518 1048 4570 haec
1086 4517 1151 4570 de
1183 4519 1410 4587 imperio
1446 4535 1509 4574 ac
1537 4522 1818 4575 dominatu
1861 4525 2137 4578 contentio
2196 4524 2347 4578 Chri-

2461 4540 2519 4576 τε
2550 4521 2793 4576 ὑποῦσαν
2821 4523 3002 4585 αὑτοῖς
3027 4523 3341 4591 ἀποσκευὴν
3363 4524 4057 4593 είσποιησάμενος.Ἀρτ⁴‹-

786 4607 994 4663 otianOs
1026 4610 1078 4662 in
1107 4611 1264 4665 civile
1291 4612 1488 4666 bellum
1515 4613 1972 4680 conjiceret.Qua:
2001 4617 2141 4670 enim
2164 4632 2355 4686 quam-

786 4714 894 4768 que
923 4702 1124 4753 atrocia
1159 4702 1267 4756 illis
1301 4706 1638 4772 temporibus
1665 4706 1887 4758 evenire.
1937 4709 2146 4772 solent,
2181 4719 2239 4762 ut
2271 4709 2356 4762 vel

789 4792 903 4859 ipsa
938 4802 1127 4846 natura
1171 4796 1372 4850 suimet
1397 4797 1561 4850 oblita
1595 4799 1837 4851 videatur
1868 4814 1931 4853 ac
1962 4800 2062 4854 sibi
2115 4801 2214 4869 ipsi
2247 4802 2358 4856 bel-

787 4885 895 4937 lum
941 4885 1166 4950 inferat,
1218 4897 1522 4956 cmteraque
1565 4903 1685 4958 quae
1721 4891 1824 4942 dici
1874 4891 2097 4944 minime
2141 4907 2361 4946 necesse

787 4989 893 5042 est.
926 4981 1065 5035 haud
1091 4981 1247 5048 pauci
1294 4981 1626 5050 experientia
1668 4982 1997 5037 didicerunt.
2046 4982 2156 5037 Hoc
2201 4987 2360 5040 modo

2464 4615 2627 4680 ϐαζος
2655 4616 2711 4670 δὲ
2730 4616 2910 4684 φυγὰς
2939 4616 3073 4686 πρὸς
3109 4616 3206 4684 τὴν
3239 4615 3393 4668 πόλιν
3422 4616 3660 4679 Κύζικον
3690 4617 4055 4676 καταλαζὼν,

2463 4711 2716 4765 κάκεῖθεν
2743 4711 3092 4772 ἀποπλεύσας
3117 4713 3209 4763 ἐπὶ
3240 4711 3298 4763 τὸ
3331 4711 3624 4774 Βυζάντιον
3647 4710 3840 4781 ᾤχετο.
3870 4712 4060 4778 Νικῆ-

2463 4818 2562 4864 τας
2593 4801 2650 4854 δὲ
2683 4803 2711 4854 ὁ
2747 4801 2909 4854 αὐτοῦ
2956 4802 3072 4864 υίὸς
3105 4802 3245 4855 κατά
3273 4803 3688 4855 Κωνσταντίνου
3722 4802 3820 4868 τὴν
3869 4803 4010 4870 ἀρξιά
4031 4824 4061 4854 ν

2469 4895 2724 4946 ἐποιεῖτο.
2746 4893 2803 4946 Ὀ
2847 4894 2902 4946 δέ
2949 4895 3084 4963 πρός
3117 4911 3169 4946 τι
3203 4893 3401 4965 χωρίον
3436 4891 3584 4962 αὑτῷ
3625 4893 3770 4962 μάχῃ
3807 4893 4063 4961 προσϐα-

2467 4986 2573 5041 λὼν
2594 5030 2607 5051 ,
2639 4987 2934 5060 Μωδρινὴν
2967 4992 3033 5061 τῇ
3067 4991 3347 5062 ἐπιχωρίῳ
3380 4989 3529 5057 φωνῇ
3562 4987 4061 5058 προσαγορευόμε-

2052 5167 2284 5224 VARIZE
2334 5166 2736 5224 LECTIONES.

867 5352 912 5382 ὀ
944 5345 1444 5414 προῦπαντήσαντα
1471 5347 1748 5398 Petavius.

1845 5348 1887 5377 “
1927 5345 2158 5417 αὐτούςῖ
2236 5346 2292 5417 γ⁹⁶
2325 5349 2390 5415 τῇ
2413 5344 2565 5416 χώρα
2594 5349 2659 5417 τῇ
2693 5347 2802 5399 τῶν
2831 5345 3055 5417 Ἀνατ.ἷ¹
3133 5344 3178 5375 ’³
3217 5339 3738 5412 μεταστειλάμενοιῖ
3813 5338 3860 5369 ’⁸
3893 5335 4061 5407 λεγοο

793 5411 1004 5484 μένωνῗ
1077 5417 1122 5447 ⁸⁸
1155 5411 1444 5486 τεθνήκοιῖ
1523 5417 1567 5447 ’⁸
1597 5417 1902 5483 ὲπετύφλου
1931 5416 1969 5468 Ρ
1999 5435 2010 5470 :
2044 5422 2114 5469 cl.
2147 5434 2196 5484 p.
2230 5416 2297 5469 55
2325 5411 2445 5472 (ἐπ’
2494 5411 2931 5485 “flammabat-0?

2125 5532 2400 5590 PETAVII
2445 5533 2679 5587 NOTAE.

862 5646 1294 5730 (ﬁdlj’daedlor
1313 5648 1629 5730 6__Ii'p_do'_oc.
1657 5653 1721 5705 Α.
1742 5652 2066 5730 Copronynii
2093 5655 2128 5707 2
2154 5654 2372 5730 ineunte

791 5717 916 5772 Jun.
949 5719 1036 5793 27,
1076 5721 1187 5793 ind.
1224 5720 1310 5793 10.
1347 5720 1577 5774 l’ruinde
1609 5739 1750 5774 anno
1780 5717 1899 5791 75.22,
1936 5717 2039 5779 non
2068 5726 2367 5793 superiore,

795 5790 1018 5857 contigit
1049 5792 1190 5857 quod
1225 5792 1324 5847 hoc
1367 5793 1482 5846 loco
1525 5805 1796 5847 narratur.

2551 5653 2664 5722 (34)
2719 5649 2828 5704 Καὶ
2882 5651 3144 5722 Βίςηρεεξ·ῗ
3195 5647 3466 5722 Corrupta
3513 5644 3628 5699 haec
3679 5650 3830 5707 sunt,
3884 5651 3952 5697 et
4000 5657 4063 5696 cs

2482 5716 2812 5792 Theophane
2846 5729 2920 5790 (ν.
2955 5716 3058 5773 ’557
3091 5719 3154 5787 υ)
3190 5716 3523 5786 castiganda.
