4206 6440
216 433 319 495 9η

1139 423 1235 481 DE
1278 421 1526 481 ΗΕΒυὸ
1567 421 1749 480 POST
1790 421 2238 482 MAURICIUM
2271 422 2561 482 GESTIS.

3368 418 3472 480 978

217 534 705 611 κρυσταλλωθῆναι
754 530 894 584 κατά
951 529 1010 581 τὸ
1045 529 1304 597 πέλαγος,
1353 524 1474 580 εἶτα
1518 528 1612 580 καὶ
1662 527 1789 588 τοὺς

1906 530 2025 582 tima
2057 530 2234 584 omnis
2264 545 2381 597 ora,
2410 547 2512 598 qua
2551 529 2927 584 Mesembriam
2959 535 3013 582 et
3045 527 3284 582 Medeam
3316 529 3475 579 urbes

218 627 653 698 ὑπερκειμένους
691 621 980 694 μεγίστους
998 621 1082 673 ὅτι
1112 620 1346 690 μάλιστα
1381 620 1476 672 καὶ
1507 618 1796 678 πλείστους

218 720 504 791 ποταμῶν,
539 719 633 771 καὶ
659 717 739 769 ἔτι
773 714 864 768 τοῦ
898 715 944 746 ¹⁰
975 714 1066 766 ἐπὶ
1122 711 1487 782 Μεσημϐρίαν
1533 711 1628 762 καὶ
1678 710 1798 777 Μή-

215 813 366 865 δειαν
387 813 540 864 πόλιν
587 807 900 878 ἀρχομένην
933 805 1234 875 παράκτιον
1262 803 1438 872 χῶρον
1495 801 1573 870 τῷ
1629 801 1794 866 πάγε.

220 898 804 968 συναποπετρωθῆναι,
857 895 944 949 διὰ
1009 894 1206 966 βάθους
1249 893 1629 962 χωρησάσης²
1702 891 1798 958 τῆς

216 994 478 1063 τοιαύτης
510 992 726 1061 πήξεως
758 990 884 1061 ἄχρι
915 990 1007 1041 καὶ
1041 991 1122 1051 εἰς
1153 988 1446 1057 τριάκοντα
1471 987 1680 1055 πήχεις,
1708 984 1800 1036 ἐπὶ

225 1085 437 1146 τούτοις
465 1084 674 1152 ἁφάτου
703 1080 1155 1151 καταρραγείσης
1179 1079 1355 1148 χιόνος
1382 1079 1460 1140 εἰς
1485 1077 1617 1145 ὕψος
1651 1076 1801 1147 διαρ-

221 1177 380 1244 θῆναι
409 1174 469 1226 τὸ
504 1173 666 1243 κρύος
689 1174 1132 1242 ὑπερανεστηκδς
1162 1172 1260 1240 τῆς
1288 1169 1612 1237 ἐπιφανείας
1639 1168 1801 1238 μέχρι

221 1264 417 1333 πηχῶν
461 1280 562 1315 που
615 1262 792 1315 ἄλλων
824 1261 1022 1320 εἰκοσι,
1087 1258 1176 1311 καί
1212 1274 1329 1319 πως
1366 1256 1677 1325 συμφυῆναι
1734 1255 1800 1320 τῇ

220 1356 437 1425 ἠπείρῳ
493 1354 590 1424 τὴν
646 1353 920 1406 θάλατταν
971 1351 1046 1413 ώς
1081 1350 1216 1418 μηδὲ
1271 1348 1549 1420 διακρῖναι
1596 1346 1795 1417 ῥᾳδίως

219 1446 432 1516 ποτέρα
462 1447 656 1516 ἑτέρας
679 1445 1059 1511 ἀποκέκριται.
1088 1440 1243 1493 Οὕτω
1271 1457 1330 1492 τε
1365 1440 1510 1492 ᾰπαν
1558 1438 1619 1490 τὸ
1666 1437 1801 1507 πρὸς

220 1536 425 1606 ἄρκτον
470 1534 781 1604 ήπειρωθὲν
826 1533 968 1601 ὕδωρ
1002 1531 1249 1595 πεζεύειν
1284 1529 1426 1583 κατὰ
1463 1527 1634 1581 νώτου
1673 1546 1797 1580 συν·

218 1626 421 1696 εχώρει
451 1628 564 1688 τοῖς
585 1623 956 1694 βουλομένοις,
997 1622 1211 1690 βάσιμα
1235 1637 1293 1672 τε
1324 1617 1392 1689 ἦν
1423 1620 1489 1672 τά
1517 1619 1731 1687 ἐκείνης
1756 1619 1800 1647 ³³

222 1722 463 1781 ἅπαντα,
496 1721 595 1772 ὅσα
618 1736 677 1770 τε
707 1721 767 1770 ἐν
795 1721 914 1779 ταῖς
941 1718 1048 1769 τῶν
1087 1716 1355 1787 Χαςάρων
1392 1717 1496 1784 γῆς
1523 1712 1803 1782 μεθορίαις

221 1813 321 1863 καὶ
347 1814 460 1874 τοῖς
492 1810 890 1880 πλησιοχώροις
917 1808 1202 1870 Σκυθικοῖς
1236 1807 1433 1870 ἔθνεσι,
1471 1807 1562 1858 καὶ
1592 1806 1690 1857 οὐκ
1713 1805 1804 1856 ἁν-

1904 621 2076 686 alluit,
2108 622 2374 676 subeunte
2409 622 2460 675 iu
2493 620 2815 688 profundum
2846 621 2987 690 gelu,
3031 621 3097 673 ad
3135 617 3356 687 triginta
3390 633 3478 670 us-

1902 728 2005 781 que
2052 715 2264 767 cubitus
2314 715 2365 768 in
2400 714 2568 768 silicis
2593 712 2916 768 soliditatem
2945 712 3205 767 induruit.
3246 711 3326 765 Ad
3365 712 3477 763 hac

1901 817 2218 874 erumpente
2249 807 2448 858 nivium
2482 803 2786 858 incredibili
2813 803 2988 869 copia,
3022 806 3074 856 in
3114 803 3282 856 altum
3318 816 3478 870 exag-

1904 908 2083 964 gerata
2117 897 2225 966 76
2277 897 2477 964 glacies
2528 895 2593 948 ad
2631 893 2815 965 viginti
2854 893 2991 948 alios
3019 893 3232 948 cubitos
3265 891 3475 947 sublata

1903 999 2006 1046 cst.
2048 991 2198 1046 Unde
2231 991 2299 1043 ita
2341 1005 2496 1043 mare
2536 1003 2659 1042 cum
2707 987 3007 1041 continenti
3039 1003 3133 1040 ora
3160 986 3382 1047 coaluit.
3418 996 3476 1039 ut

1905 1092 2082 1135 utrum
2131 1083 2196 1135 ab
2244 1081 2417 1134 altero
2450 1092 2720 1135 secretum
2752 1091 2896 1135 esset
2924 1081 3007 1134 vix
3052 1081 3340 1147 quisquam
3370 1078 3478 1132 dis-

1903 1185 2169 1228 cerneret.
2208 1173 2296 1228 Sic
2343 1174 2507 1242 igitur
2560 1173 2821 1242 quidquid
2868 1187 3023 1242 aqua;
3048 1173 3336 1226 obversum
3373 1169 3477 1224 Bo-

1905 1280 2007 1318 reae
2033 1266 2130 1319 fuit
2160 1267 2301 1319 velut
2344 1265 2395 1318 iu
2431 1265 2604 1320 solum
2647 1280 2969 1320 conversum
2999 1263 3225 1331 pedibus
3246 1262 3476 1317 solidum

1905 1359 2006 1412 iter
2029 1365 2440 1423 constraverat;
2487 1374 2582 1411 nec
2623 1357 2729 1413 ulla
2770 1372 2897 1427 pars
2932 1357 3071 1425 ejus,
3105 1354 3374 1424 praecipue
3413 1356 3479 1408 ad

1901 1451 2204 1502 Chazarum
2238 1451 2370 1504 lines
2403 1464 2466 1504 ac
2494 1450 2841 1503 ﬁnitimarum
2876 1448 3115 1519 Scythia:
3165 1447 3473 1505 nationum.

1904 1554 2011 1593 non
2046 1547 2140 1592 aut
2179 1539 2454 1592 hominum
2494 1539 2794 1609 gressibus,
2851 1548 2944 1592 aut
2997 1538 3260 1607 pecudum
3297 1551 3360 1591 ac
3388 1539 3476 1605 ju-

1907 1639 2209 1686 mentorum
2235 1633 2472 1700 patebat.
2499 1632 2642 1701 Ergo
2678 1631 3029 1686 interclusum
3054 1646 3150 1698 per
3177 1630 3305 1684 illud
3338 1640 3476 1683 teut—

1907 1740 2004 1796 pus
2049 1725 2479 1794 navigationibus
2533 1723 2816 1778 Ponticum
2869 1740 3018 1778 mare
3052 1722 3174 1777 fuit.
3225 1723 3353 1778 lude
3373 1722 3482 1775 die-

1908 1816 2005 1869 bus
2037 1815 2242 1884 aliquot
2283 1815 2601 1881 interjectis,
2628 1812 2880 1868 immanis
2933 1815 3019 1867 illa
3065 1814 3256 1884 glaciei
3309 1813 3478 1868 moles

221 1904 467 1975 θρώποις
506 1905 690 1974 μόνον,
725 1901 863 1954 ἀλλὰ
887 1903 981 1954 καὶ
1021 1901 1244 1970 κτήνεσι
1278 1901 1371 1955 καὶ
1406 1897 1566 1962 ζώοις
1596 1896 1801 1966 ἑτέροις

1906 1904 2083 1958 varias
2118 1905 2169 1956 in
2201 1913 2408 1958 crustas
2430 1903 2742 1969 dimttditur,
2765 1920 2886 1974 quae
2906 1905 3294 1958 altissimorum
3327 1921 3481 1958 mou-

221 1997 497 2064 γενόμενα
523 2012 537 2026 ⁶
589 1996 837 2049 ἄπλωτον
867 1994 923 2045 δὲ
978 1993 1076 2062 ἤδη
1113 1991 1362 2043 ἐντεῦθεν
1399 1988 1654 2056 γενέσθαι
1706 1989 1805 2052 τὴν

221 2088 496 2156 Ποντικὴν
522 2087 641 2140 τότε
665 2087 960 2139 θάλατταν,
982 2085 1249 2153 Ἡμέραις
1282 2082 1337 2134 δέ
1357 2099 1468 2134 τισι
1485 2079 1805 2132 διιππευού-

223 2197 350 2241 σαις
395 2184 490 2232 καὶ
542 2181 570 2231 ὁ
632 2179 865 2241 ἄπλετος
919 2179 1124 2238 ἐκεῖνος
1185 2174 1280 2226 τοῦ
1353 2173 1593 2239 παγετοῦ
1650 2171 1807 2232 ὁλκὸς

217 2275 309 2335 εἰς
338 2273 569 2342 διάφορα
609 2273 980 2342 συρρήγνυται
1010 2269 1298 2338 τμήματα,
1333 2264 1478 2335 άπερ
1506 2267 1583 2326 εἰς
1611 2262 1804 2314 τοσοῦ-

219 2382 320 2416 τον
354 2364 484 2433 ὖψος
505 2364 732 2432 ἀνέσχεν
772 2362 848 2423 ώς
900 2361 1000 2430 ὅρη
1051 2360 1228 2411 δοκεῖν
1263 2352 1404 2408 εἶναι
1456 2353 1802 2424 ὑπερύψηλα.

221 2455 446 2508 Τούτων
491 2454 877 2526 ἀπορραγέντα
935 2455 1080 2522 μέρη
1125 2449 1248 2502 τινὰ
1294 2448 1388 2500 καὶ
1435 2449 1500 2516 τῇ
1557 2445 1648 2515 βίᾳ.
1698 2444 1806 2495 τῶν

225 2546 557 2615 πνευμάτων
577 2543 966 2612 συνωθούμενα
1000 2541 1133 2610 πρός
1166 2557 1224 2592 τε
1252 2537 1594 2607 Δαφνουσίαν
1631 2534 1804 2605 φρού-

223 2653 347 2707 ριον
380 2637 437 2689 δν
463 2653 515 2689 τι
552 2636 650 2706 τῆς
685 2635 952 2702 Ποντικῆς
997 2634 1215 2704 μοίρας,
1258 2631 1625 2702 ἐρυμνότατον
1675 2645 1805 2695 τυγ-

223 2731 412 2800 χάνον,
432 2729 772 2793 ὲξοκέλλουσι
795 2728 888 2779 καὶ
910 2727 1036 2799 ἄχρι
1063 2725 1158 2777 τοῦ
1186 2725 1409 2792 στομίου
1433 2722 1527 2774 τοῦ
1553 2721 1804 2787 Εὐξείνου

226 2821 593 2891 καταρῥέουσι
628 2836 640 2848 ·
671 2819 1054 2889 συστραφέντα
1083 2818 1140 2870 δὲ
1175 2818 1312 2886 πρὸς
1353 2816 1540 2877 ἑαυτὰ,
1598 2816 1688 2867 καὶ
1714 2813 1806 2866 τὸν

221 2909 422 2963 αὐτόθι
449 2909 632 2961 στενὸν
668 2909 834 2978 πόρον
879 2909 968 2961 τὸν
994 2906 1198 2977 μεταξὺ
1224 2907 1270 2936 ³³
1294 2903 1555 2974 πορθμῶν
1589 2901 1809 2972 πληρώ·

224 3017 426 3065 σαντα,
452 3004 548 3062 τάς
597 3000 941 3070 ἑκατέρωθεν
984 3000 1269 3068 ἠπείρους,
1324 2999 1423 3066 τήν
1472 3013 1531 3048 τε
1585 2995 1808 3064 Θρᾴκην

226 3093 331 3144 καὶ
352 3094 448 3163 τήν
483 3093 778 3154 ’Λσιάτιδα,
810 3091 1067 3160 ἀλλήλαις
1100 3093 1442 3159 συνήνωσαν,
1466 3089 1539 3149 ὡς
1586 3087 1646 3151 ἐξ
1679 3089 1807 3139 έκα-

225 3183 398 3250 τέρας
430 3184 561 3250 πρὸς
594 3184 827 3253 θατέραν
845 3183 983 3251 πεζῇ
1008 3181 1260 3251 μᾶλλονῆ
1311 3179 1433 3233 πλοῖ
1457 3178 1810 3248 διαπεραιοῦ-

229 3274 362 3325 σῦαι
402 3273 600 3336 ἐξεῖναι
650 3273 730 3342 τῷ
772 3273 1102 3341 βουλομένῳ.
1148 3271 1391 3325 Ἐκεῖθεν
1422 3270 1807 3338 συνωθούμενα
1835 3253 1876 3307 C

226 3366 340 3418 ἀνά
355 3365 449 3434 τὴν
475 3367 810 3436 Προποντίδα
831 3367 994 3436 μέχρι
1035 3365 1258 3416 Ἀϐύδου
1282 3363 1641 3432 ἐξεχύθησαν,
1665 3363 1810 3430 ἤπερ

227 3459 300 3525 δὴ
335 3459 455 3509 οὐδὲ
487 3459 729 3511 θάλασσα
756 3452 897 3511 εἶναι
929 3459 988 3510 τὸ
1024 3457 1208 3509 λοιπὸν
1241 3454 1620 3508 ὑπωπτεύετο.
1677 3454 1812 3504 Τού-

225 3568 346 3602 των
405 3549 462 3600 ἓν
508 3547 858 3601 ἀποσπασθὲν
908 3551 973 3618 τῇ
1024 3546 1320 3616 ἀκροπόλει
1364 3544 1457 3598 τοῦ
1511 3544 1808 3607 Βυζαντίου

230 3643 708 3710 προσαρασσεται,
740 3640 834 3692 καὶ
863 3639 920 3692 τὸ
953 3638 1140 3691 αὐτόθι
1163 3640 1341 3706 τεῖχος
1366 3637 1706 3707 περιέσεισεν
1736 3635 1811 3696 ὼς

229 3733 488 3793 καὶτοὺς
528 3732 671 3784 ἔνδον
706 3731 989 3792 οἰκοῦντας
1027 3730 1431 3799 συμμετασχεῖν
1473 3727 1565 3779 τοῦ
1622 3727 1805 3780 σάλου.

234 3825 352 3878 Καὶ
386 3825 538 3876 τοῦτο
559 3827 721 3895 τριχῆ
751 3823 1021 3892 διαιρεθὲν
1050 3824 1181 3891 παρ’
1230 3821 1469 3889 ἑκάτερα
1512 3819 1653 3888 μέρη
1708 3818 1810 3886 τῆς

229 3915 591 3982 ἀκροπόλεως
615 3915 713 3974 τάς
744 3913 914 3974 ἀκτὰς
941 3911 1318 3981 ἐμπίμπλησι.
1354 3909 1428 3963 Τὸ
1461 3909 1519 3961 δὲ
1552 3909 1683 3977 ὕψος
1712 3911 1808 3962 αύ-

1909 1997 2041 2048 tium
2092 1995 2272 2063 specie
2328 1994 2381 2046 in
2424 1994 2748 2049 immensum
2782 2003 3074 2047 exstructae
3111 1991 3479 2047 sunt.llarum

1907 2086 2104 2140 avulsae
2139 2086 2409 2138 nonnulla:
2443 2087 2807 2154 abscissmque
2841 2098 3020 2154 partes
3049 2095 3333 2139 ventorum
3377 2084 3480 2138 im-

1909 2189 2033 2244 petu
2060 2177 2126 2228 ad
2156 2175 2545 2243 Daphnusiam,
2575 2177 2853 2231 castellum
2891 2178 2941 2230 in
2973 2191 3067 2231 ora
3107 2175 3330 2231 Pontica
3360 2193 3483 2230 tnu-

1909 2267 2261 2333 uitissimutn,
2306 2268 2492 2337 ejecta:
2525 2279 2652 2322 sunt
2697 2278 2751 2322 et
2783 2270 2848 2321 ad
2892 2269 3084 2322 Euxini
3115 2269 3264 2336 ponti
3297 2267 3478 2322 fauces

1909 2358 2190 2427 impulsae;
2236 2358 2326 2412 ubi
2373 2359 2629 2412 conferta:
2666 2375 2728 2413 ac
2766 2360 3010 2428 stipatae,
3071 2360 3348 2428 occupatis
3383 2360 3483 2414 Bo-

1911 2451 2057 2518 spori
2089 2451 2354 2519 angustiis
2377 2461 2429 2504 et
2451 2451 3055 2520 Oppletis,continentes
3075 2455 3281 2516 ambas,
3310 2452 3482 2506 Thra-
3543 2487 3558 2498 σ

1908 2542 2046 2595 ciam
2083 2543 2331 2598 videlicet
2356 2559 2479 2597 cum
2503 2544 2651 2608 Asia,
2685 2543 3102 2612 conjuuxerunt,
3135 2549 3270 2599 adeo
3304 2554 3360 2598 ut
3396 2546 3483 2597 ul-

1909 2641 1990 2686 tro
2015 2633 2261 2702 citroque
2293 2633 2521 2703 pedibus
2547 2634 2720 2702 magis
2753 2635 2857 2688 iter
2886 2649 3048 2702 quam
3079 2634 3305 2688 navibus
3328 2643 3479 2703 pate—

1909 2733 2013 2779 ret.
2049 2723 2174 2778 lude
2207 2740 2419 2779 rursum
2451 2725 2685 2795 expulsa:
2704 2741 2800 2794 per
2822 2724 3200 2792 Propontidem
3231 2726 3476 2796 Abydum

1910 2829 2080 2883 usque
2101 2815 2372 2884 dissipata:
2399 2824 2547 2869 sunt.
2577 2814 2844 2870 Caeterum
2868 2824 2972 2868 tam
2992 2814 3147 2882 longe
3181 2814 3397 2882 lateque
3421 2827 3484 2868 se

1910 2909 2108 2974 glacies
2163 2906 2378 2961 ditfudit
2425 2917 2482 2960 ut
2516 2921 2664 2960 tutare
2712 2906 2820 2959 illic
2858 2920 2977 2960 esse
3014 2920 3178 2959 nemo
3216 2903 3480 2974 suspicari

1912 3011 2109 3068 posset.
2154 3000 2352 3053 Horum
2402 3000 2726 3060 fragminum
2758 3014 2922 3052 unum
2955 2999 3021 3050 ad
3067 3012 3248 3051 arcem
3301 2997 3482 3066 Cpolis

1911 3093 2109 3145 illisum
2173 3108 2381 3144 llllll‘lltll
2425 3094 2497 3145 ita
2550 3092 2846 3152 concussit.
2904 3091 3072 3159 utqui
3126 3092 3270 3144 intus
3319 3101 3474 3143 erant

1912 3184 2204 3252 agitatione
2240 3184 2327 3236 illa
2354 3193 2726 3252 quaterentur.
2773 3183 2906 3238 Ilinc
2952 3182 3058 3253 77
3093 3181 3356 3236 trifariam
3393 3184 3476 3235 di-

1910 3276 2081 3327 visum
2105 3275 2170 3326 ad
2195 3283 2480 3341 utramque
2521 3275 2662 3326 areis
2690 3284 2900 3341 partem
2945 3288 3099 3326 oram
3146 3285 3361 3325 otnnem
3391 3285 3478 3326 oc-

1911 3366 2149 3434 cupavit,
2184 3380 2246 3417 ea
2302 3365 2585 3418 altitudine
2614 3379 2734 3433 qua
2776 3364 2925 3418 urbis
2977 3363 3174 3417 mmuia
3206 3357 3482 3416 transcen-

1909 3458 2080 3510 deret.
2143 3456 2329 3526 Itaque
2390 3459 2632 3510 nonnulli
2656 3472 2751 3525 per
2801 3464 3107 3510 constratas
3170 3463 3479 3507 crustarum

1909 3563 2131 3617 aggeres
2157 3551 2442 3604 adversum
2473 3549 2524 3601 in
2554 3550 2726 3610 littus,
2757 3550 2844 3602 ubi
2871 3548 3148 3602 castellum
3185 3546 3315 3600 illud
3339 3546 3481 3614 quod

1908 3638 2131 3694 Galaten
2175 3652 2368 3694 vocant
2413 3641 2574 3694 situm
2627 3651 2728 3705 est,
2760 3655 2823 3693 ex
2870 3654 2996 3694 arce
3037 3638 3477 3693 transmiserunt.

1910 3728 2037 3783 llmc
2082 3732 2260 3784 omnia
2310 3733 2582 3800 ingentem
2626 3731 2834 3784 civitati
2879 3741 3078 3785 metum
3128 3728 3425 3782 aﬂ'erebant
3465 3743 3480 3778 :

1909 3822 2108 3889 quippe
2134 3837 2274 3876 novo
2304 3824 2405 3877 hoc
2431 3834 2483 3876 ct
2525 3823 2782 3876 inusitato
2811 3820 3116 3891 spectaculo
3145 3826 3479 3874 consternati

1911 3921 2073 3981 atque
2103 3913 2152 3965 in
2183 3915 2413 3982 gemitus
2453 3925 2507 3966 et
2538 3914 2807 3984 lacrymas
2834 3914 2994 3967 soluti
3029 3911 3373 3966 recedebant.

229 4009 350 4067 τοῖς
379 4007 488 4059 τῶν
533 4006 628 4069 τῆς
675 4005 882 4066 πόλεως
920 4004 1114 4072 τειχῶν
1147 4003 1580 4072 ὑπερανέστηκε,
1652 4001 1718 4052 δι’
1766 4003 1946 4056 αὐτῶν
2007 4007 2067 4057 τέ
2116 4023 2265 4068 τινες
2320 4005 2381 4069 ἐξ
2450 4005 2798 4076 ἀκροπόλεως
2860 4007 2994 4076 πρὸς
3033 4005 3095 4056 τὸ
3141 4002 3392 4071 ἀντικρὺ,
3425 4001 3481 4052 ὲν

227 4092 322 4158 οἷς
364 4097 423 4148 τὸ
457 4097 694 4150 Γαλάτου
744 4098 788 4126 ’δ
819 4096 930 4165 (47)
963 4096 1254 4164 λεγόμενον
1307 4094 1517 4161 ἵδρυται
1566 4095 1848 4164 φρούριον,
1891 4096 2030 4168 πεζῇ
2070 4097 2499 4169 διεπεραιοῦντο.
2541 4099 2728 4152 Ταῦτα
2765 4096 3029 4167 ἔκπληξιν
3070 4098 3337 4166 μεγίστην
3370 4096 3479 4154 τοῖς

231 4190 343 4255 τῆς
369 4189 574 4250 πόλεως
605 4187 840 4240 ἐνεποίει
870 4204 884 4217 ·
915 4185 990 4255 τῷ
1011 4185 1302 4255 παραδόξῳ
1337 4185 1446 4254 γὰρ
1511 4185 1605 4235 καὶ⁵
1641 4183 1889 4255 ἀδοκήτῳ
1921 4187 2018 4256 τῆς
2083 4187 2208 4251 θέας
2269 4191 2327 4240 ὲν
2381 4188 2587 4259 ἀπορίᾳ
2633 4189 2913 4259 γενόμενοι
2988 4188 3210 4258 θρήνοις
3243 4186 3337 4238 καλ⁵
3386 4184 3484 4237 δά-

231 4296 403 4350 κρυσι
439 4281 707 4341 πλείστοις
735 4278 1086 4348 συνεχόμενοι
1111 4276 1319 4329 ἐνθένδε
1368 4274 1798 4345 ἀπηλλάσσοντο.

312 4371 535 4440 Χρόνων
563 4371 621 4422 δὲ
673 4370 772 4422 οὐκ
809 4368 1004 4436 ὀλίγων
1058 4368 1169 4439 (48)
1227 4366 1565 4432 διελθόντων,
1607 4366 1803 4446 ,Σκλα-

231 4462 422 4531 δηνῶν
452 4460 582 4528 γένη
603 4461 703 4530 τῆς
738 4458 947 4512 ἑαυτῶν
978 4457 1390 4529 μεταναστάντα
1432 4458 1538 4526 γῆς
1573 4456 1809 4523 φυγάδες

228 4553 540 4622 διαπερῶσι
584 4553 674 4604 τὸν
723 4551 994 4616 Εὓξεινον.
1055 4550 1334 4603 Συνετέλει
1389 4550 1445 4601 δὲ
1505 4548 1688 4602 αὐτῶν
1747 4549 1808 4600 τὸ

231 4646 447 4714 πλῆθος
471 4646 599 4714 ἄχρι
631 4647 722 4698 καὶ
753 4646 833 4707 είς
866 4642 1096 4713 ἀριθμὸν
1119 4641 1263 4696 ὀκτὼ
1291 4642 1386 4696 καὶ
1411 4640 1689 4700 διακοσίας
1719 4658 1806 4710 χι-

230 4737 448 4797 λιάδας.
473 4739 581 4790 Καὶ
609 4736 745 4806 πρὸς
765 4735 858 4788 τὸν
879 4750 1011 4788 ποτα
1022 4751 1122 4804 μιν
1143 4734 1201 4797 ὃς
1245 4734 1509 4805 Ἀρτάνας
1554 4732 1805 4785 καλεῖται

230 4829 396 4881 αὐτοὶ
427 4828 841 4893 κατοικίζονται.

1985 4367 2095 4423 Nec
2130 4369 2288 4438 longo
2334 4377 2454 4437 post
2495 4369 2607 4423 haec
2639 4369 2923 4436 interiecto
2952 4377 3211 4438 tempore,
3243 4368 3480 4429 Sclaviui

1918 4462 2110 4531 patriis
2145 4462 2342 4516 tinibus
2367 4470 2613 4516 extorres
2631 4462 2900 4515 Euxinum
2919 4462 3217 4531 trajiciunt,
3250 4479 3478 4532 quorum

1911 4568 2169 4607 numerus
2205 4554 2270 4605 ad
2319 4561 2442 4607 octo
2476 4561 2531 4607 et
2556 4554 2785 4607 ducenta
2809 4553 2975 4606 millia
3009 4557 3324 4622 pervenisse
3346 4559 3480 4612 dici—

1918 4655 2025 4698 tur.
2059 4644 2122 4697 lli
2153 4648 2217 4697 ad
2240 4644 2457 4698 lluvium
2484 4649 2667 4715 (quem
2701 4646 2961 4699 Artauam
3009 4648 3322 4716 nominant)
3349 4665 3478 4703 con-

1912 4739 2185 4789 sederunt.

1525 4985 1757 5040 VARle
1798 4984 2198 5040 LECTIONES.

316 5145 362 5173 ’°
401 5141 528 5193 τόνῗ
566 5149 617 5193 et
647 5151 828 5208 postea
861 5142 884 5191 ὲ

324 5145 362 5224 ξ’
401 5141 528 5193 τόνῖ
566 5149 617 5220 et
647 5151 828 5221 postea
861 5141 1194 5263 ἐρχόμενονῖ
1268 5141 1310 5171 ’⁸
1340 5140 1535 5222 βάθους
1559 5158 1619 5194 τε
1653 5142 1824 5221 χωρτῖ
1896 5142 1940 5171 ’³
1967 5139 2188 5211 ἐκείνῃῗ
2216 5139 2284 5193 cf.
2324 5155 2375 5207 p.
2411 5140 2478 5194 64
2509 5139 2596 5196 12.

327 5229 375 5263 λ.
433 5214 708 5263 Petavms.
744 5228 852 5262 των
935 5211 1021 5263 αλ.
1054 5210 1115 5263 Ρ.
1166 5211 1250 5263 vel
1291 5212 1548 5263 Γαλατῶν
1600 5209 1878 5263 Petavius.

233 5215 375 5269 Γαλ.
433 5213 708 5275 Petavius,
744 5211 852 5262 τῶν
891 5209 1021 5265 Γαλ.
1054 5210 1115 5264 Ρ.
1166 5211 1250 5266 vel
1291 5209 1548 5265 Γαλατῶν
1600 5209 1878 5264 Petavius.

2701 5141 2745 5171 ”
2775 5140 2982 5210 μεταξὺ
3018 5140 3127 5196 τῶν
3168 5139 3272 5197 an?
3343 5141 3388 5173 “
3419 5144 3478 5195 τὸ

1595 5345 1867 5401 ΡετΑγιι
1895 5346 2120 5402 ΝΟΤΔΕ.

316 5509 430 5579 (47)
454 5508 530 5560 Δι’
554 5506 752 5579 αὑτῶν
780 5505 840 5559 τέ
861 5521 1040 5579 τινες.
1072 5502 1534 5579 'I‘_heophanes_(p.
1557 5502 1680 5579 €365"
1701 5501 1762 5570 υ)
1793 5521 1823 5557 :.

231 5573 335 5635 Διό
376 5580 484 5639 πᾶς
528 5581 555 5630 ὀ
595 5577 913 5647 βουλόμενος
943 5575 1050 5647 ἀπὸ
1095 5573 1482 5647 Σοφιανῶνῄείς
1520 5574 1623 5647 τὸνΔ
1657 5573 1809 5647 ἆγιον

228 5653 520 5719 Μίμαντα
559 5643 656 5719 καὶ
679 5643 766 5719 είς
789 5645 888 5714 τὴν
924 5645 1075 5697 πόλιν
1111 5645 1204 5696 καὶ
1245 5645 1323 5704 εἰς
1355 5643 1696 5711 Χρυσόπολιν
1736 5643 1808 5704 ώς

230 5716 532 5789 δια’ξηρᾶς
570 5716 833 5789 ἐϐάδιζεν,
863 5726 970 5789 etc.

316 5784 698 5856 (έὸἷΧμόνων
724 5788 804 5849 ,δὲ
832 5787 942 5838 οὐκ
969 5785 1202 5856 ὀλίγων.
1248 5784 1408 5852 Atqui
1437 5787 1807 5837 vehementem

237 5864 392 5916 illam
413 5855 641 5915 hiemem
670 5871 845 5912 mozus
874 5857 956 5911 hic
983 5855 1293 5926 Bulgaricus
1318 5859 1609 5923 lil':l.'t'C.\$ii.
1639 5859 1806 5920 Quem

1914 5502 2276 5572 Theophanes
2309 5521 2355 5556 a.
2391 5505 2577 5576 tribuit
2608 5505 2931 5576 Copronynti
2962 5507 3031 5560 9.9.
3059 5509 3167 5562 ind.
3205 5512 3256 5566 Ι.
3287 5513 3388 5568 Ubi
3420 5527 3473 5569 et

1912 5576 2374 5627 churacwrismus
2405 5575 2550 5628 l'erim
2581 5594 2593 5628 :
2633 5593 2752 5627 nam
2786 5575 2928 5627 Junii
2959 5579 3028 5630 50
3053 5578 3217 5633 fuisse
3249 5585 3410 5635 refert
3438 5585 3472 5638 5

1910 5644 2143 5717 feriant.
2177 5645 2438 5699 Convenit
2471 5647 2570 5698 hoc
2598 5664 2648 5697 at.
2678 5646 2875 5717 (2.7765
2903 5640 3054 5717 cyclo
3094 5651 3222 5703 solis
3255 5652 3341 5716 16,
3391 5655 3468 5707 litt

1912 5715 2065 5766 Dom.
2116 5713 2344 5785 l},7anuo
2372 5717 2692 5785 Copruuymi
2734 5716 2802 5769 ‘25
2823 5713 2949 5785 jaut
2974 5719 3210 5784 ineunte,
3241 5738 3305 5774 ex
3330 5713 3384 5775 Va.
3415 5726 3466 5776 (Ι.

1911 5799 1999 5837 xui
2032 5785 2144 5837 Cal.
2176 5784 2304 5849 Jul;
2340 5802 2518 5840 verum
2548 5784 2609 5839 ad
2640 5787 2707 5838 ‘22!
2738 5784 2869 5841 bona
2900 5803 3022 5856 pars
3056 5789 3169 5854 ejus
3202 5791 3320 5845 belli
3352 5808 3468 5859 per-

1913 5865 2062 5906 llttcl.
