4206 6440
229 379 326 441 981

1145 376 1240 434 DE
1285 376 1535 434 REBUS
1587 376 1771 434 PUST
1816 378 2263 437 MAUHUIIUM
2304 382 2592 445 GES'l'lS.

3372 388 3476 452 982

232 502 430 563 ματεν.
472 487 611 541 ’Υπδ
638 486 697 539 δὲ
724 486 815 538 τὸν
847 484 1009 538 αὐτὸν
1049 486 1239 554 χρόνον
1257 485 1440 545 στόλος
1478 485 1585 537 τῶν
1621 485 1803 554 Σαρα-
1835 488 1879 543 Α

1835 485 2020 543 ASub
2070 488 2209 539 idem
2257 497 2464 557 tempus
2518 494 2913 549 Saracenorum
2955 497 3149 552 classis
3185 514 3248 551 ex
3296 499 3473 554 Al'riCa

231 582 414 654 κηνῶν
444 580 502 646 ἑξ
530 580 796 649 Ἀφρικῆς
825 577 1044 646 ἀπάρας
1066 578 1209 629 κατὰ
1236 577 1335 648 τὴν
1361 577 1525 645 νῆσον
1547 577 1801 630 Σικελίαν

232 670 596 743 παραγίνεται
627 686 640 700 ο
680 668 741 720 τὸ
765 667 822 720 δὲ
849 669 907 720 ἐν
938 667 1075 737 αὐτῇ
1109 667 1505 737 στρατιωτικὸν
1538 668 1804 735 γενναίως

230 761 661 832 ἀντιταξάμενον
681 759 906 823 τούτους
944 759 1109 829 μηδὲν
1134 759 1232 828 τῆς
1269 758 1486 823 ἐλπίδος
1528 759 1804 828 ὴνυκότας

228 854 548 923 ἀπέπεμψε.

306 944 464 997 Κατά
497 944 556 997 δὲ
583 943 683 1013 τὴν
711 944 903 1013 τρίτην
935 941 1244 995 ἰνδικτιῶνα
1305 943 1614 1013 εἰσέρχεται
1644 944 1803 996 Κων-

233 1039 513 1099 σταντῖνος
538 1036 618 1099 είς
646 1035 987 1104 Βουλγαρίαν
1014 1034 1091 1103 τῷ
1112 1034 1203 1086 τὸν
1230 1034 1472 1104 ἀρχηγὸν
1503 1034 1683 1087 αὐτῶν
1714 1053 1805 1090 κα-

232 1128 568 1182 τασταθέντα
593 1127 699 1180 ὑπὸ
730 1126 961 1179 Σαϐίνου
1000 1126 1260 1197 Οὖμαρον
1288 1127 1459 1196 ὄνομα
1496 1127 1596 1197 τῆς
1629 1127 1804 1197 ἀρχῆς

238 1220 574 1288 μεταστῆσαι
597 1218 957 1287 Βουλγάρους,
987 1219 1234 1271 ἀνειπεῖν
1271 1218 1315 1271 δ’
1348 1220 1404 1270 ὲν
1433 1219 1570 1288 αὐτῇ
1604 1219 1805 1273 Τόκτον

234 1309 405 1379 ἄνδρα
443 1309 755 1379 Βούλγαρον
780 1308 875 1361 τοῦ
903 1307 1134 1361 Βαῖανοῦ
1180 1307 1430 1378 ἀδελφόν.
1469 1309 1533 1360 Οἱ
1552 1310 1609 1362 δὲ
1642 1309 1806 1363 Βούλ-

234 1418 397 1470 γαροι
427 1401 664 1470 φυγάδες
681 1403 740 1454 ἑν
764 1403 885 1464 ταῖς
903 1399 1058 1462 ὕλαις
1073 1399 1169 1453 τοῦ
1188 1399 1433 1469 ποταμοῦ
1458 1399 1553 1452 τοῦ
1587 1402 1805 1471 Ἴστρου

235 1491 541 1562 άπῴχοντο.
590 1493 704 1544 Οὐκ
757 1491 929 1559 ὀλίγοι
981 1491 1039 1542 δὲ
1097 1490 1274 1543 αὐτῶν
1328 1493 1803 1555 κατακτείνονται,

238 1582 359 1650 μεθ’
389 1574 465 1634 ὧν
501 1580 594 1633 καὶ
622 1583 651 1633 ὁ
679 1580 883 1641 Τόκτος
908 1579 1026 1649 ἅμα
1052 1579 1129 1648 τῷ
1173 1578 1386 1648 ἀδελφῷ
1412 1580 1627 1649 Βαῖανῶ
1657 1582 1809 1633 ἀναιο

240 1675 435 1742 ρεῖται,
462 1672 557 1726 καὶ
589 1671 789 1741 ἕτεροι.
822 1670 1014 1733 Ἀλλος
1056 1670 1114 1723 δέ
1148 1688 1232 1732 τις
1263 1670 1446 1741 ἄρχων
1498 1673 1698 1735 αὐτῶν,
1748 1673 1808 1725 ὃν

235 1763 561 1831 ὀνομάζουσι
590 1763 970 1831 Καμπαγάνον
992 1760 1127 1831 (50),
1143 1761 1200 1813 ἑν
1216 1762 1399 1832 Βάρνῃ
1414 1766 1747 1832 προσφυγεῖν
1763 1764 1807 1794 ³⁸

236 1853 313 1913 ώς
349 1852 524 1905 ἐδόκει
561 1851 969 1923 προσρύεσθαι,
1002 1852 1109 1905 ὑπὸ
1135 1851 1246 1904 τῶν
1279 1852 1425 1905 ἰδίων
1466 1853 1667 1906 δούλων
1715 1855 1803 1906 άν-

234 1946 431 2019 ῃρὲθη.
456 1947 589 1999 Τότε
616 1946 681 2015 δὴ
709 1947 802 1999 καὶ
823 1945 1160 2017 Βουλγαρίας
1179 1946 1286 1999 ὑπὸ
1321 1946 1614 2015 Ῥωμαίων
1640 1948 1803 2016 πυρί-

236 2054 451 2091 καυστα
482 2039 558 2099 ώς
581 2038 812 2090 πλεῖστα
834 2037 1012 2108 χωρία
1038 2037 1232 2105 γέγονε
1251 2037 1345 2089 καὶ
1369 2037 1638 2091 διόλωλεν.

311 2128 449 2196 Ἤδη
483 2127 539 2179 δὲ
561 2128 594 2196 ἡ
622 2126 845 2179 ἀσέϐεια
865 2127 958 2179 τοῦ
981 2125 1307 2197 κρατοῦντος
1343 2126 1804 2198 ἐπαρρησιάζετο,

237 2219 335 2273 καὶ
364 2221 470 2282 πᾶς
494 2218 865 2272 εὐσεϐούντων
883 2219 925 2251 ³³
957 2221 1051 2271 καὶ
1076 2217 1195 2288 Θεῷ
1220 2221 1742 2289 προσανακειμένων
1780 2222 1809 2272 ὁ

240 2312 354 2380 pio;
382 2311 706 2381 ἐχλευάζετο
736 2311 833 2365 καὶ
879 2310 1267 2377 διεσκώπτετο,
1328 2312 1563 2381 μάλιστα
1608 2313 1666 2365 δὲ
1698 2310 1808 2363 τῶν

240 2402 591 2472 μοναζόντων
610 2403 725 2472 (51)
748 2404 808 2454 τὸ
842 2402 990 2472 ἱερὸν
1019 2402 1301 2472 ἑκθέσμως
1321 2401 1578 2456 ἐδιώκετο
1597 2404 1803 2471 τάγμα.

237 2492 458 2547 Τούτων
490 2494 599 2564 γὰρ
622 2494 750 2557 τοὺς
783 2494 882 2564 τὴν
914 2493 1122 2546 ἑαυτῶν
1142 2492 1435 2564 ὁμολογίαν
1464 2492 1809 2561 φυλάξαντας

238 2588 337 2638 καὶ
366 2587 458 2639 ἐπὶ
488 2584 583 2639 τοῦ
615 2586 819 2638 οἰκείου
857 2584 1239 2655 διαμείναντας
1285 2586 1562 2654 σχήματος
1592 2586 1687 2637 καὶ
1731 2583 1811 2654 τῷ

236 2676 441 2746 ἀνοσίῳ
461 2676 639 2728 αὐτῶν
661 2675 1062 2746 ἀνθεστηκότας
1089 2675 1319 2745 δόγματι
1346 2674 1619 2737 ποικίλαις
1640 2675 1810 2744 βασά-

238 2785 355 2830 νοις
385 2768 477 2820 καὶ
510 2768 792 2838 διαφόροις
818 2769 1026 2832 αἰκίαις
1061 2767 1441 2836 παρεδίδοσαν,
1485 2767 1581 2821 καὶ
1609 2760 1685 2820 ὧν
1712 2767 1812 2836 μὲν

238 2858 342 2927 τὴν
389 2858 644 2925 γενειάδα
694 2857 938 2927 ἀφειδῶς
988 2857 1354 2929 ἀνεπίμπρων
1371 2860 1439 2922 ³³,
1475 2852 1550 2912 ὧν
1599 2858 1656 2911 δὲ
1704 2858 1814 2912 τῶν

238 2948 447 3019 ταύτης
479 2948 685 3019 τριχῶν
714 2948 807 3019 βίᾳ
848 2948 1206 3012 ἀποσπῶντες
1248 2950 1512 3021 ἀφῄρουν.
1553 2948 1813 3018 Κεφαλάς

240 3038 289 3091 δ’
321 3038 498 3091 ἀλλων
529 3041 643 3101 τοῖς
676 3040 843 3110 ἱεροῖς
888 3038 1127 3104 πίναξιν,
1158 3040 1217 3093 ἑν
1265 3034 1347 3103 οἷς
1377 3040 1483 3092 τῶν
1529 3040 1708 3107 ἁγίων
1743 3040 1815 3093 τά

240 3127 614 3198 ἑκτυπώματα
658 3131 1015 3200 ἑκεχάρακτο,
1068 3130 1352 3201 διέθραυον
1391 3130 1660 3194 παίοντες.
1705 3131 1813 3184 Καὶ

245 3220 432 3285 μέντοι
464 3219 559 3269 καὶ
607 3217 920 3287 ὀφθαλμοὺς
969 3217 1176 3271 τούτων
1222 3216 1516 3289 διώρυττον
1564 3220 1657 3274 καὶ
1704 3219 1814 3272 τῶν

245 3306 427 3374 μελῶν
452 3307 620 3375 ἕτερα
650 3306 746 3359 τοῦ
779 3306 1034 3377 σώματος
1081 3307 1375 3373 ἐξέκοπτον
1428 3309 1815 3379 ἀπανθρώπως

240 3398 295 3449 οἱ
322 3396 563 3451 δείλαιοι.
595 3399 705 3450 Καὶ
738 3397 883 3451 ἆπαν
908 3398 984 3461 ώς
1004 3399 1179 3450 εἰπεῖν
1212 3399 1275 3451 τὸ
1311 3399 1537 3463 εὐσεϐὲς
1566 3400 1816 3453 διωθεῖτο

242 3489 340 3540 καὶ
370 3488 743 3557 ἀπηλαύνετο,
777 3488 873 3540 καὶ
911 3487 1101 3557 ῶσπερ
1148 3488 1510 3558 Ἑλληνισμοῦ
1561 3490 1815 3560 δευτέρου

243 3578 589 3648 Χριπτιανοῖς
639 3580 958 3647 ἑπιφυέντος
1014 3580 1166 3632 πάσα
1214 3578 1431 3650 μηχανὴ
1482 3581 1818 3650 κακουργίας

244 3670 545 3730 ὲττενοεῖτο,
578 3670 646 3723 δι’
680 3664 747 3739 ἦς
789 3670 917 3730 τοὺς
958 3667 1102 3722 κατά
1153 3668 1286 3721 Θεὸν
1318 3669 1419 3738 ζῇν
1463 3670 1818 3739 αἱρουμένους

247 3760 583 3829 ἐπηρεάζειν
604 3762 699 3814 καὶ
728 3762 1025 3832 πημαίνειν
1060 3761 1411 3824 ἑσπούδαζον.
1445 3760 1584 3831 Ἤδη
1610 3760 1667 3814 δὲ
1688 3761 1816 3815 τού-

247 3870 359 3903 των
390 3852 561 3913 ἐνίους
608 3852 743 3921 πρὸς
769 3852 832 3905 τὸ
853 3851 954 3922 τῆς
982 3851 1189 3915 οἰκείας
1229 3850 1504 3914 ἀπωλείας
1531 3850 1819 3905 καθείλκυ-

248 3959 350 3995 σαν
376 3940 667 4012 βάραθρον,
703 3945 797 3997 καὶ
833 3943 911 4014 τῷ
940 3944 1191 3997 δυσσεϐεῖ
1230 3945 1408 3998 αὐτῶν
1438 3941 1587 4010 εἶξαν
1627 3944 1819 3998 θεσπί-

252 4052 421 4104 σματι
452 4035 485 4105 ἢ
519 4034 609 4106 βίᾳ
641 4036 925 4106 ἑλκόμενοι
955 4037 987 4106 ἢ
1021 4036 1206 4108 ἀπάτῃ
1233 4038 1630 4107 ἀποσυρόμενοι
1655 4037 1687 4107 ἢ
1716 4037 1819 4091 θω-

249 4124 436 4186 πείαις
487 4124 1010 4194 ὑποκλεπτόμενοιῆ
1069 4126 1319 4194 χρήμασι
1378 4123 1817 4199 δελεαζόμενοιῆ

252 4213 565 4282 στρατείαις
580 4214 689 4268 τῶν
712 4213 1040 4285 ἀξιωμάτων
1054 4215 1518 4285 φιλοτιμούμενοι,
1542 4213 1577 4282 ἦ
1605 4214 1820 4283 ἑτέραις

251 4302 639 4374 παλιντρόποις
687 4302 782 4357 τοῦ
830 4303 1075 4373 Πονηροῦ
1111 4304 1413 4373 μεθοδείαις
1458 4305 1557 4372 τὴν
1605 4302 1822 4370 ἀπάτην

253 4394 702 4464 είςδεχόμενοιτδ
745 4394 1072 4464 ἑπάγγελμά
1102 4412 1160 4448 τε
1204 4394 1429 4464 ὴθέτουν
1467 4396 1563 4447 καὶ
1608 4394 1669 4446 τὸ
1732 4410 1821 4446 σε-

1905 580 2124 632 solvens
2153 581 2202 633 in
2239 579 2479 633 Siciliam
2514 591 2776 652 pervenit.
2826 589 2931 642 Sed
2981 592 3303 645 militaribus
3340 608 3475 659 ιιτςιτ-

1907 668 2064 723 sidiis
2101 685 2221 737 quae
2254 672 2362 725 illic
2404 685 2562 727 erant
2611 688 2829 731 strenue
2875 678 3282 743 resistentibus,
3328 680 3479 733 irrito

1906 773 2101 815 cunatu
2137 763 2430 817 redierunt.

1978 942 2105 1015 [Αιι.
2133 942 2286 1015 765.]
2314 943 2610 999 ludiCIione
2632 946 2825 999 deinde
2852 946 3409 1003 tcrtiaConstantinus
3427 950 3477 1002 iu

1907 1033 2208 1099 Bulgariam
2230 1037 2527 1089 exercituum
2553 1039 2719 1103 ducit,
2741 1039 2878 1106 quod
2903 1037 3123 1103 Umaro,
3142 1056 3300 1109 quem
3323 1039 3480 1094 Sabi-

1908 1139 2009 1177 nns
2026 1125 2218 1178 dnccm
2237 1128 2570 1194 praefecerat,
2591 1128 2816 1195 imperio
2834 1140 2999 1185 exuto
3016 1129 3230 1198 Bnlgari
3248 1131 3476 1185 Toctum

1908 1229 2105 1282 genere
2152 1215 2435 1285 Bnlgarnm
2484 1217 2670 1271 Baiani
2713 1218 2935 1273 fratrem
2972 1221 3091 1289 ejus
3127 1219 3245 1274 loco
3275 1222 3475 1275 substi-

1908 1305 2156 1359 tuisscnt.
2200 1304 2298 1370 Qui
2349 1307 2449 1360 sub
2495 1308 2782 1362 adventum
2815 1310 3154 1377 imperatoris
3198 1310 3265 1363 ad
3307 1312 3478 1364 saltus

1909 1398 2041 1449 Istro
2061 1397 2389 1465 propinquos
2416 1397 2755 1465 confugiunt.
2782 1397 2893 1453 Nec
2923 1401 3075 1467 pauci
3104 1410 3284 1455 tamen
3305 1401 3479 1457 inter-

1910 1488 2032 1541 fecti
2066 1499 2229 1552 sunt;
2266 1489 2409 1542 inter
2433 1504 2570 1556 quos
2603 1501 2653 1541 et
2692 1489 2893 1545 Toctns
2922 1505 3044 1544 cum
3078 1488 3246 1544 fratre
3272 1490 3479 1545 Baiano

1910 1589 2070 1647 atque
2115 1579 2235 1632 aliis
2282 1580 2648 1648 compluribus
2704 1582 2992 1636 occiditur.
3041 1581 3190 1635 Alius
3239 1581 3368 1634 item
3410 1596 3475 1635 ex

1910 1683 2094 1721 eorum
2140 1669 2369 1723 ducibus
2393 1708 2410 1730 ,
2462 1684 2623 1737 quem
2656 1669 3055 1741 Campaganum
3108 1681 3322 1734 vocant,
3353 1685 3474 1724 cum

1915 1760 2143 1813 Barnam
2184 1758 2409 1827 fugisset
2440 1775 2501 1813 ac
2522 1759 2629 1828 jam
2684 1762 2923 1816 evasisse
2951 1763 3258 1825 videretur,
3299 1778 3328 1815 a
3364 1776 3478 1816 ser-

1912 1852 1990 1903 vis
2055 1852 2167 1905 suis
2219 1861 2531 1920 peremptus
2582 1860 2686 1907 est.
2740 1853 2859 1919 Quo
2916 1863 3156 1923 tempore
3213 1853 3476 1923 Bulgaria;

1911 1960 2100 2014 magna
2131 1959 2257 2011 pars
2283 1937 2312 1995 'a
2336 1941 2593 1999 Romanis
2627 1945 2750 2013 igne
2772 1952 2979 1999 vastata
3013 1954 3177 2015 atque
3205 1944 3473 2000 hostiliter

1908 2034 2157 2101 populata
2180 2044 2282 2088 est.

1975 2124 2089 2193 80
2116 2124 2259 2178 Inter
2307 2124 2422 2178 haec
2459 2124 2802 2192 imperatoris
2843 2126 3092 2194 impietas
3122 2126 3291 2180 multo
3329 2126 3478 2179 inso-

1911 2219 2109 2273 lentius
2128 2217 2331 2284 en‘erri,
2388 2234 2453 2274 ac
2485 2218 2858 2289 religiosorum
2892 2220 3167 2274 hominum
3197 2230 3255 2274 et
3282 2233 3476 2275 conse-

1911 2320 2184 2364 cratornm
2235 2313 2340 2363 rita
2391 2311 2569 2366 oumis
2612 2310 2825 2365 irrideri
2873 2325 2937 2364 ac
2984 2309 3220 2369 ludibrio
3267 2310 3474 2364 haberi.

1910 2402 2016 2456 Sed
2067 2403 2120 2455 in
2169 2411 2356 2456 sancta
2403 2403 2793 2456 monachorum
2824 2402 3049 2471 collegia
3089 2403 3359 2471 praecipue
3391 2402 3475 2454 vis

1911 2492 2000 2547 illa
2032 2493 2292 2547 bacchata
2320 2502 2423 2547 est.
2463 2492 2564 2559 Qui
2611 2493 2755 2547 enim
2786 2508 2852 2547 ex
2904 2494 3117 2547 illorum
3173 2491 3364 2545 ordine
3423 2491 3475 2543 in

1911 2594 2160 2654 Suscepta
2193 2584 2528 2651 professione
2561 2585 2936 2654 persisterent,
2965 2598 3029 2635 ac
3063 2584 3183 2635 vitm
3215 2596 3327 2635 ειη
3358 2582 3473 2635 cnl-

1915 2685 2027 2729 tum
2060 2685 2110 2729 et
2139 2675 2446 2730 institutum
2469 2678 2808 2730 constantius
2841 2675 3155 2738 retinerent,
3208 2684 3371 2741 atquc
3411 2674 3478 2726 il-

1914 2767 2089 2823 lorum
2125 2766 2395 2837 sacrilego
2425 2769 2658 2835 dogmati
2698 2776 3082 2835 repugnarent,
3108 2766 3273 2819 variis
3304 2766 3477 2833 pinnis

1914 2871 1968 2918 et
2016 2861 2305 2931 exquisitis
2339 2860 2623 2913 tormentis
2675 2858 2901 2927 subjecti
2943 2868 3087 2912 sunt.
3132 2857 3268 2909 Aliis
3311 2856 3479 2909 barba

1914 2951 2149 3007 ﬂammis
2171 2961 2385 3016 exusta,
2425 2961 2516 3002 aut
2546 2964 2667 3003 cum
2693 2964 2755 3002 ea
2783 2959 2937 3017 parte
2966 2949 3335 3006 traherentur,
3366 2946 3477 2997 vio-

1918 3041 2091 3096 lenter
2134 3040 2351 3106 evulsa;
2408 3041 2530 3094 aliis
2584 3054 2859 3092 sacrarum
2909 3038 3253 3102 tabularum,
3282 3035 3479 3103 quibus

1840 3156 1885 3217 ρ
1917 3142 2227 3185 sanctorum
2272 3130 2471 3197 elligies
2532 3131 2805 3196 insi-riptre
2852 3138 3041 3191 erant,
3100 3126 3241 3181 illisu
3305 3127 3481 3193 capita

1915 3221 2157 3277 diffracta
2196 3230 2340 3285 sunt,
2375 3220 2749 3274 ttOlllltlllQl'um
2772 3218 2917 3272 oculi
2951 3216 3188 3280 suffossi,
3220 3216 3313 3270 alii
3363 3216 3484 3268 aliis

1916 3314 2160 3383 corporis
2194 3313 2435 3381 partibus
2464 3310 2845 3364 crudeliSsime
2872 3310 3121 3363 mutilati.
3168 3307 3243 3361 lta
3277 3308 3479 3379 pietate

1916 3406 2061 3459 omni
2115 3419 2180 3456 ac
2232 3403 2490 3471 religione
2525 3401 2711 3470 pulsa,
2755 3408 2811 3454 et
2861 3399 3042 3468 gentili
3097 3400 3486 3463 superstitione

1917 3494 2094 3547 denuo
2117 3492 2260 3547 velut
2311 3492 2612 3546 introducta
2640 3529 2656 3554 ,
2690 3492 2956 3545 scelerum
2998 3489 3267 3543 machinae
3291 3502 3484 3541 omnes

1918 3585 2147 3638 admota:
2166 3593 2313 3647 sunt,
2334 3583 2531 3652 quibus
2559 3585 2763 3636 sanctis
2784 3582 3093 3635 hominibus
3117 3581 3383 3634 insultare
3418 3594 3483 3632 ac

1918 3690 2114 3730 nocere
2144 3676 2450 3730 studebant.
2487 3676 2563 3727 Ex
2593 3689 2701 3744 quo
2744 3673 2943 3728 factum
2976 3684 3060 3728 est
3096 3683 3154 3727 ut
3195 3671 3482 3726 nonnullos

1918 3765 2234 3821 ineamdem
2278 3780 2460 3819 secum
2512 3764 2809 3834 perniciem
2852 3772 3013 3832 atque
3043 3764 3271 3818 exitium
3305 3765 3486 3816 trahe—

1918 3866 2072 3922 rent;
2102 3856 2195 3925 qui
2231 3856 2443 3910 illormn
2485 3855 2651 3923 impio
2684 3855 2918 3923 dogmati
2960 3862 3245 3909 cesserunt
3288 3856 3484 3923 partim

1918 3941 2043 3996 dolo
2081 3942 2475 4005 circumventi,
2530 3941 2728 4010 partim
2785 3941 3097 3996 adulatione
3126 3943 3359 4012 decepti,
3394 3954 3488 3995 aut

1920 4030 2269 4101 pecuniarum
2315 4031 2569 4085 illecebra
2600 4033 2764 4099 capti,
2795 4042 2888 4085 aut
2936 4034 3352 4102 magistratuum
3390 4049 3487 4101 spe
3566 4071 3570 4075 ‹

1920 4138 1984 4178 ac
2004 4122 2447 4192 prazfecturarum
2482 4123 2794 4177 militarium
2828 4126 3073 4191 inducti;
3118 4135 3209 4178 aut
3242 4125 3364 4179 aliis
3392 4125 3487 4179 de-

1922 4216 2087 4285 nique
2111 4214 2305 4269 nefarii
2336 4214 2571 4269 hominis
2613 4216 2824 4269 insidiis
2860 4230 2924 4270 ac
2954 4216 3234 4271 fraudibus
3267 4217 3484 4278 irretiti,

1922 4305 2128 4374 ejurata
2167 4302 2504 4373 professione
2548 4320 2611 4360 ac
2647 4306 2897 4375 religioso
2922 4307 3015 4361 illo
3035 4307 3185 4373 cultu
3217 4307 3486 4376 deposito.

1923 4412 1989 4451 ex
2017 4397 2245 4450 attousis
2272 4397 2320 4448 in
2345 4406 2588 4450 comatos
2628 4398 2816 4451 mutati
2853 4408 3000 4463 sunt,
3031 4408 3190 4465 atque
3217 4400 3282 4451 ad
3325 4400 3491 4452 laico-

255 4490 391 4558 μνὸν
410 4487 936 4558 μεταμφιεννύμενοι
966 4486 1229 4557 στόλισμα
1258 4487 1496 4557 κομῆται
1521 4486 1677 4539 αὐτοὶ
1703 4485 1825 4539 ἀντὶ
1857 4484 1900 4538 D

1857 4484 1900 4538 Ι)
1933 4506 2048 4543 rum
2075 4490 2308 4555 speciem
2346 4488 2573 4541 traducti
2617 4503 2739 4541 cum
2767 4490 3023 4543 uxoribus
3046 4490 3207 4542 etiam
3256 4490 3487 4557 copulati

252 4582 614 4651 κεκαρμένων
661 4579 1037 4642 διεδείκνυντο,
1101 4580 1193 4632 καὶ
1244 4580 1323 4641 είς
1371 4578 1576 4631 λαῐκῶν
1635 4580 1821 4649 σχῆμα

252 4672 420 4736 εὐθὺς
452 4671 879 4742 μεθηρμόζοντο,
909 4670 1124 4738 γυναιξί
1148 4688 1206 4724 τε
1241 4670 1448 4740 ὁμιλεῖν
1473 4671 1820 4739 κατεδέχοντο

1930 4588 2073 4643 sunt,
2092 4590 2145 4633 et
2173 4579 2279 4648 81
2319 4596 2501 4633 carum
2535 4593 2594 4634 se
2624 4582 2994 4634 contuberniis
3024 4580 3316 4648 illigarunt.
3339 4582 3492 4648 Quod

1928 4674 1995 4723 ab
2032 4672 2137 4725 illis
2158 4686 2222 4725 eo
2251 4672 2433 4725 animo
2470 4674 2882 4740 procumbatur,
2919 4683 2978 4727 ut
3015 4688 3076 4726 ea
3120 4689 3196 4737 re,
3232 4685 3490 4740 quantum

1528 4825 1612 4881 VA
1623 4827 1757 4881 ιιιΑς
1796 4826 2088 4883 [ει]ῚίοΝ
2098 4829 2193 4882 IaS.

331 4962 378 4995 ³⁸
418 4962 772 5032 προσφυγώνῗ
846 4964 885 4995 ³¹
918 4962 1134 5017 πάντων
1167 4964 1267 5033 μὲν
1304 4964 1413 5018 τῶν
1444 4966 1596 5019 εύσ.ἳ
1670 4967 1713 4997 ³⁸
1738 4965 2134 5036 ἑνεπίμπρωνῗ

1616 5120 1886 5177 PETAVII
1928 5120 2157 5177 ΝΟΤᾸΞ.

336 5285 449 5353 (50)
504 5281 923 5351 Καμπαγάνον.
983 5282 1342 5349 Theophanes
1400 5282 1670 5350 Paganum
1719 5298 1816 5337 rio-

259 5360 407 5411 mlttn
419 5365 455 5405 ι.

338 5422 451 5489 (5|)
480 5422 755 5476 Μάλιστα
775 5420 843 5474 δὲ
870 5420 989 5474 τῶν
1009 5419 1407 5488 μοναζόντων.
1438 5424 1593 5476 Anno
1625 5422 1825 5489 Copro—

262 5494 414 5565 nymi
448 5491 538 5565 26,
570 5489 770 5565 Christi
806 5492 1072 5565 praecipue
1108 5491 1212 5565 76_6
1236 5532 1251 5555 ,
1282 5493 1581 5565 indictione
1618 5493 1671 5557 4,
1718 5508 1824 5560 quo

263 5560 320 5617 in
351 5563 723 5615 sanctissimos
763 5563 1058 5615 monachos
1099 5560 1361 5613 nefandus
1399 5562 1482 5613 ille
1532 5565 1728 5623 saeviit.
1770 5572 1825 5615 et

262 5649 364 5701 per
418 5629 843 5699 lleppodromnm
895 5629 1247 5701 ignominiosa
1296 5632 1552 5701 traduxit.
1600 5634 1679 5683 Ab
1725 5634 1825 5686 hoc

263 5699 822 5770 consceleratissimog
842 5710 1070 5770 tyranno
1115 5699 1341 5769 ejusque
1390 5699 1823 5768 proﬂigatissimo

268 5782 498 5839 parent-.3
545 5770 776 5825 Isaurico
807 5768 985 5825 Leone
1022 5772 1205 5840 nuperi
1243 5772 1324 5823 isti
1369 5785 1643 5826 sacrarum
1686 5774 1820 5825 ima-

1928 5284 2111 5350 ginum
2136 5281 2453 5336 cffractores
2470 5298 2588 5334 cum
2612 5283 2846 5335 amentia
2874 5285 3150 5349 perfidiam
3172 5284 3493 5351 hauserunt,

1938 5354 2113 5421 iisque
2156 5353 2434 5423 magistris
2487 5361 2647 5414 atque
2696 5356 3007 5423 auctoribus
3045 5355 3361 5423 gloriantur.
3418 5356 3495 5410 Ex

1934 5424 2125 5474 horum
2150 5421 2386 5475 factione
2409 5422 2840 5475 vanissimusille
2860 5421 3144 5490 Niccpliori
3174 5424 3501 5478 scholiastes'

1931 5491 2277 5545 Camerarius
2318 5491 2483 5544 multa
2529 5491 2581 5543 in
2628 5494 3002 5546 sanctissimas
3048 5494 3166 5547 illas
3208 5494 3495 5559 religiones

1933 5576 2231 5630 earumque
2281 5561 2623 5616 defensorem
2655 5564 2977 5615 acerrimum
3005 5562 3263 5617 Joannem
3299 5564 3496 5616 Dama-

1931 5646 2154 5685 scenum
2190 5630 2412 5685 furiosis
2455 5631 2639 5686 illis'in
2671 5630 3093 5687 Commentariis
3127 5633 3397 5697 evomuit,
3440 5636 3493 5687 in

1931 5703 2126 5779 quibus
2158 5709 2287 5767 quin
2314 5702 2558 5772 syllaba),
2595 5702 2818 5757 totidem
2852 5704 2932 5756 vel
2957 5719 3107 5773 nngm
3132 5704 3213 5758 vel
3252 5703 3497 5773 blasphe-

1935 5789 2051 5823 tulzu
2085 5784 2230 5824 διιιιι.
