4206 6440
260 376 363 440 985
1180 387 1277 445 DE
1320 387 1565 447 REBUS
1612 388 1791 449 POST
1832 393 2274 456 MAURICIUM
2312 397 2600 459 GESTIS.
3396 400 3503 461 936

258 493 368 550 τοῖς
428 490 651 544 πλέουσι
699 490 1113 563 δυσφορώτατος
1135 494 1177 564 ),
1239 496 1457 567 πνεῦμα
1512 498 1686 568 βίαιον
1743 519 1813 555 κα

1939 520 2043 573 que
2065 507 2130 559 ad
2157 506 2303 560 littus
2336 508 2562 563 afllictas
2593 509 2876 580 confregit,
2902 525 3001 567 nec
3037 512 3285 580 exiguam
3318 523 3503 568 vecto-

259 580 490 652 σκληρδν
514 584 634 635 κατ’
677 582 849 652 αὑτῆς
873 585 1111 638 πνεῦσαν
1151 587 1168 654 (
1194 585 1386 656 βορέας
1416 589 1460 640 δ’
1493 584 1561 659 ἦν
1591 590 1794 658 ἄνεμος

1938 612 2053 650 rum
2082 597 2481 652 multitudinem
2512 598 2707 655 fluctus
2738 604 3026 671 oppressit.
3067 603 3211 658 Inter
3246 604 3360 660 hare
3391 614 3498 659 tre-

254 672 354 734 τάς
380 689 439 725 τε
470 673 602 737 ναῦς
637 675 771 746 πρὸς
802 679 923 738 ταῖς
954 677 1144 740 ἀκταῖς
1176 679 1514 749 περιτρέψας
1543 681 1815 752 συνέτριψε

1933 685 2243 753 pidautibus
2271 687 2523 739 omnibus
2556 686 2693 754 jussi
2726 689 2794 741 ab
2819 689 3144 757 imperatore
3171 689 3334 744 duces
3359 705 3503 759 pra:-

255 764 349 817 καὶ
375 765 552 837 πλήθη
573 766 681 819 τῶν
704 767 1065 821 εἰσπλεόντων
1088 770 1187 823 οὑκ
1214 771 1371 838 ὀλίγα
1404 772 1484 841 τῷ
1509 773 1673 844 ῥοθίῳ
1695 791 1815 827 κατ-

1932 773 2232 827 focaturum
2256 790 2484 843 corpora
2512 776 2792 845 dispositis
2832 776 2883 828 in
2928 780 3061 831 mari
3102 780 3308 832 retibus
3343 781 3497 832 exci-

252 854 553 909 επόντισεν.
586 858 673 909 Ἐν
700 857 913 921 τούτοις
933 859 1071 925 ἄγαν
1104 860 1477 931 θορυϐηθέντα
1499 863 1543 899 ³⁸
1563 863 1654 915 τὸν
1681 864 1815 934 βασι-

1933 879 2059 933 pere
2098 881 2161 920 ac
2195 865 2493 932 sepulturae
2527 868 2762 922 tradere.
2807 866 3017 933 Quibus
3066 869 3320 937 perfectis
3356 870 3501 939 Cpo-

250 944 353 998 λέα
383 946 636 1000 κελεῦσαι
659 949 786 1012 τοὺς
814 951 1083 1020 ἄρχοντας
1109 952 1349 1017 δικτύοις
1383 954 1701 1025 περιϐαλεῖν
1730 956 1815 1024 rip.

1932 954 2019 1008 lini
2054 971 2302 1011 reversus
2332 968 2432 1011 est.

248 1041 544 1107 θάλασσαν,
589 1045 664 1109 ὡς
693 1046 981 1101 ἀνελέσθαι
1017 1050 1125 1102 τῶν
1161 1051 1577 1119 ἀποπνιγέντων
1613 1052 1681 1105 τὰ
1712 1052 1942 1125 σώματα
1974 1053 2069 1106 καὶ
2133 1057 2199 1125 τῇ
2236 1056 2306 1124 γῇ
2377 1054 2755 1125 παραδιδόναι,
2822 1056 2966 1111 οὕτω
2990 1074 3052 1111 τε
3118 1056 3255 1127 πρὸς
3292 1055 3362 1109 τὰ
3402 1056 3500 1127 βα-

249 1134 426 1189 σίλεια
451 1139 816 1209 ἀποστρέψαι.

324 1228 443 1281 Ἐτι
475 1229 534 1282 δὲ
565 1231 740 1283 πνέων
765 1232 908 1286 κατὰ
940 1234 1037 1302 τῆς
1069 1235 1354 1297 εὐσεϐείας
1374 1237 1415 1268 ³⁷
1451 1236 1513 1289 τδ
1534 1237 1681 1308 ἱερὸν
1710 1237 1819 1290 τῶν

174 1384 180 1388 ⁸
244 1319 578 1392 Ναζηραίων
619 1328 804 1394 σχῆμα
850 1327 1203 1396 καθύϐρισεν.
1236 1329 1434 1400 Ἐὺθὺς
1490 1332 1598 1401 γὰρ
1640 1332 1825 1399 ἀγῶνα

246 1411 476 1464 ἱππικὸν
523 1415 805 1480 ἐπετέλει,
845 1418 939 1471 καί
986 1436 1142 1483 τινας
1178 1420 1397 1474 ’τούτων
1448 1423 1730 1491 ἐπιτρέπει
1768 1424 1825 1474 ὲν

247 1502 403 1573 μέσῳ
444 1504 524 1574 τῷ
582 1504 795 1576 θεάτρῳ
844 1508 1152 1565 διέλκεσθαι
1215 1513 1311 1565 καὶ
1364 1512 1543 1565 αὐτῶν
1591 1512 1824 1565 ’ἑκαστον

240 1599 483 1662 γυναῖκα
524 1597 857 1669 μονάστριαν
893 1602 1043 1672 παρὰ
1082 1606 1237 1673 χεῖρα
1279 1602 1484 1673 φέρειν·
1526 1602 1734 1656 πολλῶν
1764 1621 1824 1656 τε

1995 1239 2104 1310 83
2131 1237 2336 1292 Exinde
2360 1237 2599 1296 fervente
2622 1240 2798 1295 adhuc
2826 1240 3107 1309 religionis
3125 1240 3251 1294 odio
3277 1254 3501 1295 sacrum

1931 1326 2311 1381 Nazartcormn
2338 1329 2539 1382 cultum
2572 1330 2961 1384 contumeliose
3007 1328 3215 1383 habuit.
3244 1327 3500 1384 Commo-

1932 1420 2057 1472 dum
2097 1426 2350 1487 equestre
2380 1429 2656 1473 certamen
2694 1421 2939 1481 dederat,
2969 1434 3091 1472 cum
3115 1434 3181 1472 ex
3214 1417 3306 1471 illo
3333 1431 3499 1487 grege

1931 1516 2116 1561 certos
2174 1507 2421 1561 homines
2464 1507 2672 1561 traduci
2712 1522 2808 1577 per
2862 1498 3284 1575 Hipp‘odromum
3324 1506 3497 1572 jubet,

1932 1600 2184 1665 adjuncta
2217 1598 2417 1667 cuique
2454 1598 2684 1653 muliere
2718 1599 3000 1663 monacha,
3043 1612 3206 1666 quam
3232 1598 3499 1666 prehensa

238 1688 397 1757 napi
420 1688 657 1758 πλήθους
680 1690 788 1742 τῶν
817 1690 1113 1760 θεωμένων
1154 1694 1365 1764 ὕϐρεων
1393 1695 1578 1756 αὑτοῖς
1608 1696 1703 1747 καὶ
1734 1696 1815 1763 ἐμ·

1932 1704 2091 1742 mauu
2147 1689 2602 1744 circumduceret.
2649 1692 2828 1758 Atque
2860 1688 2894 1741 ii
2939 1688 3123 1741 multis
3155 1702 3185 1740 a
3217 1696 3499 1757 spectante

240 1779 607 1847 πτυσμάτων,
635 1777 726 1835 οἷοι
760 1784 887 1851 περὶ
913 1784 976 1835 τὸ
1009 1785 1245 1855 ὀχλῶδες
1282 1787 1375 1838 καὶ
1401 1786 1651 1851 ἀγελαῖον
1679 1802 1819 1855 συμ-

238 1869 451 1923 ϐαίνειν
484 1871 681 1936 εἴωθε,
730 1875 1180 1945 καταχυθέντων,
1240 1875 1385 1930 οὕτω
1435 1877 1525 1930 τὸν
1580 1877 1819 1946 ἄθεσμον

237 1962 451 2015 ἐκεῖνον
485 1965 579 2017 καὶ
629 1964 911 2036 αἴσχιστον
952 1968 1211 2039 διήνυσαν
1265 1968 1503 2023 δίαυλον.
1556 1968 1711 2021 Μετὰ
1761 1967 1818 2020 δὲ

236 2052 418 2106 ταῦτα
450 2054 651 2125 ἄνδρας
680 2057 834 2119 τινὰς
864 2058 973 2110 τῶν
1004 2060 1063 2111 ὲν
1110 2059 1406 2128 ὑπεροχαῖς
1444 2058 1539 2110 καὶ
1570 2055 1817 2126 ἀξιώμα-

238 2160 331 2197 σιν
374 2146 689 2215 ἐγκλήμασι
722 2147 1052 2218 βαρυτάτοις
1107 2152 1462 2219 συκοφαντῶν
1493 2153 1693 2219 ὑπάγει
1742 2153 1817 2219 ὡς

233 2238 321 2298 εἰς
367 2238 467 2307 τὴν
519 2240 696 2310 ἀρχὴν
748 2240 898 2310 αὑτῷ
958 2240 1370 2295 ἐπιϐουλεύσειν
1418 2247 1812 2316 πειρωμένους.

234 2327 462 2380 Τούτων
497 2330 539 2382 δ’
571 2327 639 2400 ἦν
690 2332 964 2402 ’Δντίοχος
1006 2333 1120 2404 (54)
1175 2335 1275 2404 μὲν
1325 2338 1353 2388 ὁ
1391 2336 1501 2389 τῶν
1542 2337 1815 2407 δημοσίων

234 2420 591 2488 πραγμάτων
642 2421 741 2483 τὰς
776 2423 1116 2491 ὑπομνήσεις
1155 2421 1303 2492 αὑτῷ
1344 2422 1676 2493 διακομίζων
1705 2424 1813 2486 (λο-

232 2509 470 2578 γοθέτην
514 2510 572 2563 δὲ
604 2511 699 2564 τοῦ
734 2512 936 2583 δρόμου
964 2515 1065 2583 τὴν
1104 2514 1264 2580 ἀξίαν
1308 2516 1357 2567 οἰ
1390 2516 1519 2585 περὶ
1550 2514 1618 2568 τὰ
1655 2516 1813 2585 βασί-

233 2602 359 2653 λεια
412 2602 683 2670 καλοῦσι),
719 2603 1100 2673 Θεοφύλιικτος
1145 2607 1199 2659 δὲ
1261 2607 1318 2658 ἐν
1349 2609 1463 2669 τοῖς
1502 2608 1812 2677 πατρικίοις

235 2692 335 2741 καὶ
369 2694 699 2760 στρατηγοῖς
746 2692 1028 2760 διατελῶν,
1079 2696 1161 2748 ἔτι
1222 2696 1328 2766 μὴν
1382 2697 1474 2749 καὶ
1508 2696 1656 2750 ἄλλοι
1703 2698 1813 2750 τῶν

232 2782 369 2852 περὶ
398 2782 562 2835 αὑτὸν
594 2783 986 2855 ἀσπιδηφόρων
1033 2788 1129 2840 καὶ
1159 2787 1477 2858 δορυφόρων
1517 2790 1811 2858 τυγχάνον-

230 2890 350 2937 τες,
385 2874 522 2943 πρὸς
566 2874 624 2927 δὲ
650 2876 746 2929 καὶ
789 2877 1000 2931 τούτων
1050 2879 1206 2941 ἐκτὸς
1259 2879 1459 2949 ἕτεροι.
1506 2881 1639 2933 Μετ’
1673 2883 1733 2933 οὑ
1768 2881 1813 2914 ³⁸

233 2961 376 3015 πολὺ
406 2962 504 3030 τὴν
551 2963 746 3033 ὁμοίαν
794 2966 1061 3020 ἐπιτελῶν
1111 2968 1347 3038 ἅμιλλαν
1399 2969 1688 3038 δεσμώτας
1726 2974 1809 3024 ἐν·

1925 1778 2118 1849 populo
2145 1779 2489 1833 contumeliis
2522 1794 2585 1834 ac
2607 1781 2781 1849 sputis
2808 1780 2971 1834 etiam
3000 1779 3364 1839 debonestati,
3399 1792 3498 1831 cu-

1915 1870 2148 1939 jusmodi
2179 1870 2249 1923 ab
2281 1871 2551 1924 incondita
2581 1869 2893 1939 forensique
2926 1870 3083 1938 plebe
3117 1884 3214 1937 par
3238 1876 3322 1922 est
3352 1866 3495 1930 ﬁeri,

1922 1960 2146 2015 infando
2181 1960 2273 2014 illo
2298 1975 2360 2014 ac
2411 1961 2550 2030 turpi
2584 1959 2857 2015 curriculo
2885 1958 3155 2027 perfuncti
3203 1966 3349 2011 sunt.
3378 1953 3496 2009 Sub

1919 2055 2031 2106 haec
2073 2051 2361 2118 primarios
2393 2050 2655 2119 quosdam
2700 2064 2763 2103 ac
2811 2047 3205 2118 praeclpuarum
3246 2046 3491 2115 dignita-

1917 2152 2029 2198 tum
2057 2145 2302 2198 homines
2324 2142 2682 2197 atrocissimis
2698 2141 3015 2196 criminibus
3042 2154 3138 2210 per
3166 2139 3494 2194 calumniam

1918 2237 2268 2307 aggreditur,
2308 2239 2616 2295 allectatttm
2668 2236 2736 2289 ab
2769 2235 2834 2289 iis
2871 2232 3159 2301 imperium
3211 2239 3491 2296 causatus,

1916 2343 2084 2398 seque
2118 2328 2330 2383 illorum
2367 2328 2583 2382 insidiis
2611 2326 2935 2396 appetitum.
2965 2324 3043 2379 Ex
3075 2324 3141 2378 iis
3170 2323 3490 2388 Antiochus,

1918 2420 2177 2489 magister
2220 2419 2493 2473 memoriae
2523 2422 2705 2489 (quem
2747 2418 3129 2487 magistratum
3158 2414 3492 2481 logOthetam

1916 2525 2108 2565 cursus
2136 2512 2414 2581 appellare
2437 2510 2656 2580 solent),
2682 2524 2889 2565 necnon
2906 2506 3364 2577 The0phylactus,
3383 2505 3490 2559 dux

1915 2610 1969 2656 et
1998 2603 2282 2670 patricius,
2338 2619 2464 2659 cum
2515 2604 2641 2658 aliis
2687 2602 2959 2673 plerisque
2999 2617 3030 2655 e
3070 2609 3406 2655 scutatorum
3436 2606 3493 2650 et

1915 2703 2279 2761 protectorum
2321 2710 2547 2749 numero
2570 2707 2733 2762 atque
2760 2710 2827 2748 ex
2859 2693 2982 2749 aliis
3013 2692 3317 2748 ordinibus.
3343 2688 3490 2754 Quos

1913 2797 2104 2840 omnes
2155 2785 2341 2840 iisdem
2374 2786 2711 2840 circensibus
2758 2784 3088 2853 spectaculis
3122 2784 3335 2837 vinctos
3378 2782 3487 2835 cir-

1913 2876 2211 2932 cumduxit.
2232 2876 2457 2932 Postera
2485 2879 2603 2930 luce
2628 2876 3045 2929 Constantinum
3074 2884 3126 2929 et
3159 2873 3487 2943 Strategium

1916 2963 2113 3019 fratres
2138 2974 2309 3021 morte
2335 2966 2630 3028 damnavit,
2658 2980 2721 3019 ac
2747 2964 2978 3018 subinde
3009 2966 3062 3017 iu
3084 2962 3339 3032 Cynegiu,
3370 2962 3490 3015 loco

230 3052 415 3106 ταῦθα
468 3055 834 3127 περιελκύσας
880 3057 1234 3128 ἐθριάμὸευε,
1273 3062 1366 3113 καὶ
1394 3064 1457 3131 τῇ
1494 3061 1623 3130 ἑξῆς
1655 3065 1810 3116 Κων-

1916 3056 2064 3108 urbis
2092 3055 2166 3111 ita
2195 3056 2369 3119 dicto,
2413 3066 2574 3123 caput
2612 3054 2716 3109 illis
2766 3054 2970 3108 abscidi
3021 3055 3215 3121 jussit;
3259 3053 3487 3106 aliorum

234 3148 524 3199 σταντῖνον
560 3148 661 3217 μὲν
688 3150 784 3200 καὶ
810 3150 1153 3220 Στρατήγιον
1178 3151 1443 3219 ἀδελφοὺς
1467 3153 1814 3222 ὑπάρχοντας

233 3236 460 3307 θανάτῳ
509 3238 858 3301 κατεδίκασε,
913 3243 1007 3292 καὶ
1053 3241 1153 3312 ήδη
1189 3242 1398 3295 τούτων
1441 3243 1540 3304 τὰς
1574 3243 1815 3312 κεφαλὰς

230 3330 297 3381 ὲν
330 3328 408 3399 τῷ
464 3330 743 3401 λεγομένῳ
789 3333 889 3401 τῆς
927 3333 1138 3397 πόλεως
1201 3336 1459 3405 κυνηγίῳ
1514 3337 1813 3404 ἀπέτεμεν,

230 3418 413 3471 ἄλλων
453 3419 509 3472 δὲ
548 3421 617 3474 αὖ
647 3422 772 3485 τοὺς
822 3425 866 3455 ³³
921 3424 1233 3493 ὀφθαλμοὺς
1282 3426 1527 3493 ἐξέκοψε.
1593 3427 1703 3479 Καὶ
1747 3430 1812 3498 τῇ

231 3512 265 3562 ὑ
279 3512 512 3583 στεραίᾳ
537 3514 953 3583 παρασκευάζει
978 3515 1087 3567 τῶν
1108 3515 1325 3568 οἰκείων
1342 3515 1494 3578 τινὰς
1522 3518 1813 3570 Κωνσταν-

228 3604 386 3657 τίνου
417 3603 512 3656 τοῦ
541 3605 641 3673 τῆς
695 3606 907 3669 πόλεως
949 3606 1254 3676 ἀρχιερέως
1300 3608 1463 3677 ὅρκον
1488 3609 1533 3639 ιο
1569 3609 1690 3661 κατ’
1717 3609 1811 3661 αὑ-

228 3693 332 3747 τοῦ
507 3696 772 3766 ἐξυφήναι
796 3699 1160 3769 κατηγορίαν,
1193 3698 1459 3768 διελέγχει
1481 3699 1537 3751 δὲ
1558 3698 1809 3768 φανερῶς

229 3787 313 3849 ὡς
344 3788 475 3858 παρ’
506 3787 674 3841 αὑτοῦ
704 3790 1003 3859 ἀκηκοέναι
1046 3790 1227 3843 πάντα
1259 3790 1327 3842 τὰ
1360 3791 1510 3861 παρὰ
1542 3791 1649 3844 τῶν
1679 3791 1808 3860 περὶ

244 3878 524 3950 Ἀντίοχον
556 3880 651 3933 καὶ
681 3879 1069 3948 Θεοφύλακτον
1097 3880 1469 3951 μελετώμενα.
1510 3883 1618 3934 Καὶ
1646 3881 1807 3944 εὐθὺς

227 3970 443 4022 ἐκεῖνον
466 3970 565 4038 μὲν
594 3969 872 4039 ἐξόριστον
896 3971 955 4021 ὲν
979 3972 1046 4040 τῇ
1091 3969 1278 4040 Ἱερίᾳ,
1303 3969 1445 4023 οὑτω
1472 3968 1802 4038 καλουμένου

1914 3146 2100 3201 oculos
2139 3147 2302 3199 eruit.
2341 3146 2608 3201 Postridie
2641 3149 3001 3203 Constantino
3033 3148 3353 3217 patriarcha:
3394 3161 3489 3200 ae-

1916 3248 2195 3292 cusatores
2225 3239 2491 3293 subornat
2520 3243 2782 3308 quosdam
2836 3256 2899 3294 ex
2935 3240 3052 3308 ejus
3102 3238 3486 3301 familiaribus,

1915 3331 2007 3397 qui
2036 3331 2286 3384 Antiochi
2315 3346 2377 3385 ac
2414 3331 2795 3403 Theophylacti
2832 3332 3056 3386 consilia
3084 3332 3301 3386 audisse
3335 3345 3393 3384 se
3422 3332 3489 3385 de

1913 3419 2026 3491 84
2048 3434 2112 3473 eo
2138 3419 2489 3488 jurejurando
2513 3421 2815 3476 fumarunt.
2850 3420 3044 3476 Statim
3076 3421 3238 3485 igitur
3272 3421 3324 3473 in
3358 3418 3487 3472 Ilie-

1919 3513 2052 3564 riam
2084 3513 2327 3579 pontifex
2368 3512 2641 3581 relegatur
2665 3522 2771 3583 (est
2821 3514 2925 3567 hoc
2961 3512 3299 3582 imperatoris
3333 3511 3485 3577 pala-

1919 3604 2053 3656 tium
2103 3618 2134 3656 e
2184 3604 2403 3673 regione
2448 3603 2630 3671 Cpolis
2687 3607 2754 3659 ad
2812 3606 3157 3660 subsolanqu
3204 3604 3483 3671 positum),

1920 3711 2151 3763 moxque
2190 3695 2428 3760 Nicetes,
2468 3707 2781 3752 sanctorum
2831 3697 3208 3767 Apostolorum
3240 3696 3485 3761 ecclesia:
3578 3678 3609 3703 ²

1916 3790 2218 3857 presbyter,
2254 3791 2554 3853 eunuchus,
2589 3791 2643 3844 in
2660 3789 2775 3857 ejus
2806 3791 2980 3845 locum
3001 3791 3364 3845 substituitur.
3385 3789 3481 3841 At-

1913 3892 2017 3946 que
2069 3880 2185 3934 haec
2228 3881 2407 3935 omnia
2452 3882 2697 3951 Augusto
2742 3897 2925 3936 mense
2965 3881 3256 3936 indictione
3291 3886 3481 3950 quarta

1910 3968 2269 4039 contigerunt.

231 4060 526 4131 βασιλικοῦ
562 4062 827 4116 παλατίου
871 4062 912 4094 ’⁸⁸
952 4063 1221 4133 ἀντιπέρα
1262 4064 1397 4134 πρὸς
1432 4063 1591 4134 εὗρον
1624 4063 1825 4132 ἄνεμον
1861 4061 1956 4114 τοῦ
1990 4061 2288 4127 Βυζαντίου
2328 4066 2605 4135 κειμένου,
2636 4065 3249 4136 παρέπεμψε,Νικήταν
3269 4066 3325 4119 δὲ
3344 4064 3476 4135 (56).

229 4151 609 4223 πρεσϐύτερον
639 4154 739 4221 τῆς
776 4153 885 4205 τῶν
928 4154 1124 4220 Ἀγίων
1166 4154 1505 4207 Ἀποστόλων
1537 4152 1855 4222 ἐκκλησίας,
1890 4152 2164 4223 εὐνοῦχον,
2204 4157 2614 4228 προχειρίζεται
2651 4158 2936 4228 ἀρχιερέα.
2979 4144 3168 4212 Ταῦτα
3200 4159 3257 4211 δὲ
3300 4158 3478 4211 πάντα

227 4246 536 4316 ἐπράττετο
569 4246 712 4300 κατὰ
755 4246 847 4299 τὸν
876 4246 1186 4315 Αὔγουστον
1217 4249 1363 4319 μῆνα
1394 4250 1495 4317 τῆς
1532 4248 1800 4315 τετάρτης
1839 4245 2191 4314 ἰνδικτιῶνος.

308 4336 441 4390 Μετ’
480 4338 541 4390 οὑ
595 4337 730 4391 πολὺ
775 4338 830 4391 δὲ
883 4340 1299 4410 μεταπέμπεται
1360 4344 1791 4407 Κωνσταντίνον,

1973 4342 2082 4397 Nec
2103 4344 2260 4411 longo
2288 4356 2407 4412 post
2444 4355 2683 4413 tempore
2710 4344 3125 4400 ConStantinum
3154 4318 3474 4401 arcesatum

1536 4494 1768 4549 Vitille
1810 4496 2210 4556 LECTIONES.

306 4626 775 4708 ’5‘Ooeu6qfiévae;
808 4629 866 4683 Ρ.
947 4632 988 4662 ³⁷
1026 4633 1282 4708 ᾀσείξείας
1316 4634 1374 4687 Ρ.
1454 4636 1499 4666 ³⁸
1529 4636 1622 4700 οὒς
1656 4641 1810 4708 μετ’ἱν
1886 4643 1928 4674 ³⁸
1959 4643 2156 4707 αὐτοὺς
2187 4628 2279 4697 Ρ]

2367 4645 2411 4675 ⁸ο
2445 4642 2669 4713 ἔνορκον
2701 4641 2979 4699 Petavms.
3060 4644 3098 4713 '5‘
3133 4642 3449 4713 καλουμένῳ

789 4702 1159 4795 -ῖ-ἒιειμένῳῖ
1196 4694 1502 4773 quanquam
1535 4694 1697 4761 etiam
1758 4726 1920 4778 supra
1951 4694 2028 4781 (ιι,
2179 4694 2273 4781 3i:
2304 4716 2432 4784 ἄχρι
2465 4694 3194 4787 Χρυσοπόλεως-κατελθείν,
3227 4694 3483 4783 παραθαι

230 4765 693 4840 λὰσσιονχωρίον
717 4765 788 4811 4—
811 4765 1084 4840 κείμενον.

1594 4889 1770 4945 PETA
1782 4892 1866 4946 VII
1908 4893 2136 4951 NOTAE.

305 5017 435 5090 (54)!
456 5019 686 5072 Τούτων
712 5017 781 5090 δὲ
803 5015 880 5088 ἦν
911 5020 1239 5090 Ἀντίοχος.
1284 5021 1513 5078 Eosdem
1550 5036 1801 5079 recenset

228 5088 594 5164 :l‘h‘cophaues
637 5098 691 5141 et
740 5088 1290 5164 _P_aulus___l)iaennus.
1349 5093 1656 5164 Λολγοθέτης
1703 5097 1797 5149 τοῦ

225 5158 684 5235 δρόμουιιιὶυἱιυ-ι·
739 5159 824 5235 hic
870 5177 898 5212 a
944 5158 1255 5235 Nicephoro
1301 5158 1486 5235 6“:th
1519 5158 1797 5235 δημοσίων

226 5228 579 5302 πραγμάτων
605 5229 703 5302 τᾲς
748 5228 1093 5302 ὑπομνήσεις
1121 5231 1475 5301 διακομίζων,
1507 5228 1647 5302 ιμιόιι
1681 5253 1794 5288 ina-

227 5300 385 5367 εἰςινί
426 5300 704 5368 memoria;
738 5301 1014 5366 prppriuui
1052 5311 1188 5354 erat.
1220 5300 1343 5368 Qui,
1388 5313 1445 5354 ut
1479 5300 1559 5357 est
1601 5306 1653 5357 in
1692 5322 1790 5358 uo-

230 5366 353 5421 titia
410 5367 621 5435 imperii
674 5366 990 5430 Orientalis,
1037 5366 1417 5425 aduotationes
1448 5375 1635 5433 dictat.
1690 5376 1789 5429 hoc

228 5450 319 5509 est
362 5437 661 5509 scripturas
715 5438 926 5502 breves,
958 5441 1152 5509 quibus
1181 5457 1243 5496 ea
1297 5444 1646 5499 continemur
1674 5462 1791 5509 qua:

231 5507 496 5576 principis
533 5509 750 5559 nomine
774 5507 1087 5563 statuuntur
1115 5519 1209 5563 aut
1243 5512 1660 5567 confirmantur.
1682 5507 1789 5569 Sed

228 5577 580 5651 rt_precibus
608 5580 911 5651 respondet,
938 5581 1036 5651 hoc
1056 5593 1158 5640 est.
1193 5597 1448 5649 respousa
1479 5585 1644 5638 dictat
1672 5602 1789 5651 quze

231 5648 490 5721 princeps
524 5646 734 5721 libi-liis
753 5649 1082 5721 supplicibus
1108 5646 1336 5705 dede-rit.
1360 5653 1437 5705 Ad
1472 5655 1585 5707 hzec
1614 5646 1788 5721 diplo-

233 5728 377 5791 tiijita
407 5720 472 5768 ad
507 5720 832 5791 currendum
876 5720 1091 5791 nomine
1125 5722 1383 5790 principis
1426 5724 1507 5775 vel
1541 5720 1783 5791 magistri

230 5787 531 5843 olliciorum
563 5787 691 5843 dare
729 5791 966 5846 muneris
997 5790 1233 5860 ejusdem
1281 5787 1399 5859 fuit,
1434 5808 1462 5847 a
1496 5810 1598 5864 quo
1626 5787 1779 5863 λογο-

1908 5029 2071 5101 θέτης
2098 5030 2191 5084 τοῦ
2226 5031 2427 5101 δρόμου
2460 5032 2635 5087 dictus
2658 5041 2764 5089 est.
2800 5032 3066 5087 Caeterum
3120 5033 3259 5102 apud
3290 5033 3470 5087 Theu-

1904 5104 2136 5166 phanetn
2186 5102 2605 5167 Constantinus,
2681 5120 2785 5156 non
2834 5103 3154 5165 Antiochus,
3208 5106 3470 5169 patricius

1901 5171 2101 5243 dicitur
2122 5182 2171 5225 et
2207 5170 2499 5243 λογοθέτης
2532 5173 2623 5226 τοῦ
2662 5173 2886 5243 δρόμου.
2920 5173 3087 5239 Cujus
3113 5172 3284 5227 frater
3311 5178 3466 5230 Stra-

1902 5242 2077 5307 tegius
2109 5242 2416 5307 spatharius
2443 5242 2497 5296 et
2528 5242 2860 5297 domuStiCus
2891 5245 3288 5298 excubitorum.

1969 5311 2079 5379 (55)
2118 5312 2338 5378 Ὅρκον
2384 5313 2510 5366 κατ’
2549 5313 2755 5367 αὐτοῦ.
2797 5314 3024 5384 Augusti
3065 5312 3151 5373 50,
3186 5313 3373 5384 iudict.
3404 5320 3466 5376 4,

1899 5380 2261 5452 Qonstantiuo
2330 5386 2759 5450 patriarchatum
2832 5380 3059 5449 abrogat
3097 5385 3124 5434 ὁ
3174 5380 3464 5452 ὁμώνυμος

1897 5449 2301 5522 βυιιειίιιιιίιιιις,
2334 5449 2577 5520 eumque
2612 5456 2844 5522 primum
2883 5455 2934 5505 in
2961 5449 3224 5518 llieriam,
3256 5449 3380 5506 inde
3410 5454 3462 5508 iu

1895 5518 2203 5590 Principum
2233 5523 2461 5592 insulam
2493 5518 2761 5592 depdrlal.
2801 5521 3182 5590 Theophanes.

1964 5592 2078 5658 (5(3)
2114 5591 2377 5657 Νικήτίιν
2405 5592 2492 5647 δέ.
2532 5591 2849 5647 Novembris
2885 5595 2945 5646 lii
2973 5595 3082 5655 die,
3139 5595 3249 5647 ind.
3280 5592 3335 5657 5,
3367 5592 3459 5653 Ni-

1892 5673 2039 5716 cetas
2069 5666 2134 5716 ab
2179 5665 2504 5730 imperatore
2557 5666 2621 5717 ad
2662 5665 3079 5731 patriarclt-ilem
3125 5664 3305 5717 sedem
3335 5679 3460 5719 eve-

1889 5742 2008 5785 t'tus
2034 5744 2134 5788 cst.
2172 5734 2341 5787 Idem.
