4206 6440
776 378 874 440 987

1795 379 1859 440 S.
1899 376 2323 440 NICEPHORI
2363 380 2869 440 PATRIARCIIIE
2905 381 3014 441 (ΖΡ.

3943 376 4051 439 933

775 494 908 548 etin
935 490 1186 547 lecticam
1223 490 1533 560 impositum
1577 489 1643 544 ad
1674 491 1958 547 ecclesiam
1995 492 2190 557 mittit,
2224 506 2351 547 una-

2455 492 2551 545 καὶ
2564 490 2882 544 ἀποστέλλει
2900 490 3038 561 πρὸς
3055 490 3117 543 τὸ
3137 490 3283 560 ἱερὸν
3298 489 3503 561 φορείῳ
3517 489 3717 559 ἐποχού
3724 506 3886 559 μενον
3902 488 4045 558 (57).

773 599 881 654 que
906 599 1029 639 cum
1066 599 1132 639 eo
1163 584 1452 653 quemdam
1482 597 1547 637 ex
1590 583 1905 638 domesticis
1958 583 2188 637 notariis
2225 597 2347 638 cum

775 677 1140 731 accusationis
1167 674 1366 730 libello.
1394 676 1564 741 Quem
1595 674 1641 731 is
1676 675 1943 745 frequenti
1971 676 2235 731 concione
2270 676 2348 730 le-

774 786 907 836 gens
929 770 995 823 ad
1037 768 1244 838 singula
1284 770 1465 839 capita
1496 770 1818 838 patriarchae
1834 770 1988 841 genis
2028 770 2237 840 inﬂigit.
2274 771 2348 824 Ita

774 858 829 910 in
860 858 1140 912 ambonem
1175 858 1467 926 productus
1501 858 1552 910 in
1587 857 1836 913 ordinem
1885 859 2170 928 redigitur,
2210 873 2351 913 novo

773 948 991 1001 interim
1048 950 1305 1017 pontiﬁce
1354 949 1767 1005 criminationes
1798 950 2061 1019 ejusmodi
2096 951 2164 1004 ad
2197 964 2349 1004 aram

771 1038 1104 1108 perlegente.
1141 1038 1397 1108 Sequenti
1429 1039 1517 1093 die
1552 1054 1651 1109 per
1678 1050 1960 1110 equestres
2010 1039 2184 1107 ludos,
2213 1055 2351 1110 quos

770 1144 839 1184 ex
874 1144 1024 1183 more
1068 1130 1490 1199 frequentabat,
1540 1129 1958 1185 Constantinum
2016 1132 2069 1185 in
2119 1132 2346 1186 asellum

775 1221 1127 1288 impositum,
1168 1221 1298 1275 sella
1352 1222 1406 1275 in
1450 1222 1807 1290 posteriorem
1851 1222 2083 1292 jumenti
2140 1232 2347 1291 partem

772 1311 1022 1374 obversa,
1049 1313 1257 1369 traduci
1282 1329 1465 1368 coram
1496 1315 1749 1381 imperat,
1781 1323 1838 1369 et
1867 1313 1935 1369 ab
1962 1316 2215 1369 universo
2254 1330 2352 1384 po-

772 1402 900 1470 pqu
932 1403 1235 1458 maledictis
1275 1420 1338 1457 ac
1366 1405 1539 1473 sputis
1572 1406 1775 1474 appeti,
1807 1406 2073 1474 pauloque
2113 1416 2235 1475 post
2288 1409 2343 1461 in

776 1490 926 1544 urbis
957 1490 1199 1562 Cynegio
1235 1493 1413 1563 capite
1441 1496 1706 1550 truncari.
1742 1495 1854 1550 Hoc
1894 1496 1967 1550 uti
2008 1506 2129 1549 erat
2155 1496 2350 1565 praeci-

774 1596 919 1646 sum,
950 1583 1004 1637 in
1042 1584 1187 1639 Milio
1237 1600 1269 1641 e
1311 1587 1531 1642 sublimi
1574 1602 1893 1657 suspensum
1923 1596 2028 1643 est.
2063 1588 2349 1657 Reliquum

774 1675 1006 1729 cadaver
1029 1691 1127 1744 per
1158 1676 1312 1733 urbis
1363 1678 1576 1748 plateas
1618 1679 1838 1735 funibus
1868 1689 2105 1733 tractum
2151 1679 2204 1734 in
2249 1679 2348 1734 Pe-

771 1766 1054 1834 lagiorum,
1085 1778 1145 1823 ut
1170 1780 1389 1834 vocant,
1416 1770 1750 1838 sepulturam
1776 1770 2064 1839 abjectum.

2451 582 2834 652 Συνεκπέμπει
2864 581 2922 634 δέ
2956 597 3080 634 τινα
3111 581 3266 651 αὐτῷ
3295 581 3405 634 τῶν
3432 581 3731 651 βασιλικῶν
3763 598 4041 650 γραμμα-

2448 673 2589 727 τέων
2619 673 2916 745 κομίζοντα
2937 675 2995 725 ἐν
3020 674 3361 744 γραμματίῳ
3383 675 3485 726 ὅσα
3512 675 3635 727 κατ’
3656 673 3828 727 αὑτοῦ
3848 692 3863 705 ·
3896 675 4047 742 aug

2450 767 2530 829 εἰς
2556 767 2794 837 ἐπήκοον
2819 763 2865 797 δ’
2898 764 2994 818 τοῦ
3021 765 3413 835 ἀθροισθέντος
3444 767 3623 818 ἐκεῖσε
3645 764 3780 818 λαοῦ
3803 768 4044 832 ἀνέγνω,

2449 858 2629 912 παίων
2657 858 2821 911 αὐτὸν
2860 856 2907 888 ⁵⁸
2942 858 3083 910 κατὰ
3113 858 3321 930 κόρῤης
3371 857 3461 926 ἐφ’
3516 857 3599 910 ἐνὶ
3652 858 3873 925 ἑκάστῳ
3934 856 4047 907 τῶν

2450 949 2965 1021 κατηγορουμένων.
3023 951 3133 1003 Καὶ
3170 949 3347 1009 οὕτως
3389 950 3485 1001 ἐπὶ
3530 949 3624 1002 τοῦ
3656 949 3925 1017 ἀμόωνος
3956 950 4049 1000 ἀν-

2451 1043 2779 1110 ενέγκαντες
2806 1042 3189 1112 καθαιροῦσιν,
3230 1041 3325 1093 τοῦ
3358 1041 3482 1094 νέου
3514 1042 3864 1110 πατριάρχου
3902 1039 4046 1108 πρὶς

2450 1130 2527 1201 τῷ
2576 1131 2951 1203 θυσιαστηρίῳ
2987 1132 3056 1186 τὰ
3082 1132 3312 1186 τοιαῦτα
3345 1133 3653 1201 αἰτιάματα
3682 1131 4048 1197 ύπαναγινὼ-

2453 1239 2695 1286 σκοντος.
2750 1224 2860 1276 Καὶ
2888 1226 2955 1294 τῇ
2996 1222 3127 1293 ἐξῆς
3176 1222 3276 1293 τὴν
3327 1222 3534 1293 συνήθη
3590 1223 3747 1291 αὐτῷ
3807 1223 4050 1290 ἱππικὴν

2452 1312 2694 1382 ἀγωνίαν
2736 1312 3004 1366 ἐπιτελῶν
3053 1313 3349 1382 ἐπιτρέπει
3379 1311 3546 1365 αὐτὸν
3576 1314 3666 1364 ἐπ’
3695 1311 3827 1364 δνου
3879 1326 4053 1378 προσο

2458 1404 2704 1475 ιζηκὸτα,
2736 1405 2837 1475 τῆς
2861 1404 3136 1474 καθέδρας
3161 1404 3311 1474 αὐτῷ
3341 1404 3481 1476 πρὸς
3508 1407 3625 1467 τοῖς
3650 1402 3936 1464 ὀπισθίοις
3955 1400 4050 1453 τοῦ

2454 1495 2594 1560 ζώου
2628 1498 3089 1567 περιτραπείσης,
3122 1498 3221 1549 καὶ
3247 1498 3433 1549 ἐκεῖσε
3465 1494 3782 1548 διέλκεσθαι
3816 1493 3919 1546 καί
3946 1492 4050 1543 ὑπὸ

2452 1585 2548 1640 τοῦ
2564 1585 2694 1639 λαοῦ
2712 1586 2914 1649 παντὸς
2929 1586 3342 1657 δυσφημείσθαί
3369 1603 3429 1639 τε
3456 1587 3553 1639 καὶ
3585 1582 4043 1639 καταπτύεσθαι.

2453 1674 2587 1732 Εἶτα
2611 1677 2727 1748 μετ’
2760 1678 2820 1730 ού
2870 1678 3005 1731 πολὺ
3038 1679 3097 1732 ἐν
3140 1678 3220 1747 τῷ
3246 1678 3350 1748 τῆς
3389 1679 3600 1741 πόλεως
3630 1678 3904 1747 Κυνηγίῳ
3954 1675 4049 1745 τὴν

2454 1768 2695 1839 κεφαλὴν
2724 1767 2890 1821 αὐτοῦ
2944 1768 3336 1839 ἀποτμηθῆναι
3391 1770 3762 1839 προστέταχε,
3819 1769 3919 1820 καὶ
3948 1770 4050 1836 τὴν

774 1858 876 1929 μὲν
903 1861 962 1913 ἐν
984 1860 1065 1930 τῷ
1098 1861 1423 1933 καλουμένῳ
1452 1863 1630 1933 Μιλίῳ
1661 1862 1773 1933 (58)
1813 1862 2210 1935 ἐξαρτηθεῖσαν
2276 1862 2551 1934 μετέωρον
2592 1859 2879 1930 φέρεσθαι,
2947 1860 3009 1912 τὸ
3073 1859 3119 1913 δ’
3167 1860 3338 1914 αὑτοῦ
3378 1860 3543 1929 σῶμα
3616 1860 3891 1929 σχοινίοις
3936 1858 4049 1911 δια-

772 1950 1031 2023 σύρουσιν
1064 1955 1114 1991 ⁸⁸
1153 1956 1257 2010 ἀνὰ
1284 1956 1384 2021 τὰς
1419 1957 1734 2027 λεωφόρους
1760 1959 1863 2029 τῆς
1900 1959 2113 2024 πόλεως
2138 1960 2220 2024 εἰς
2243 1959 2342 2030 τὴν
2378 1958 2487 2012 τῶν
2510 1956 2796 2024 Πελαγίων
2830 1955 2940 2025 (59)
2971 1955 3328 2027 καλουμένην
3357 1957 3544 2026 ταφὴν
3569 1956 3931 2027 ἐξέρῤιπτον.

828 2044 1114 2119 |An.767.]
1136 2046 1432 2104 lndictione
1448 2053 1788 2119 postmodum
1808 2054 1997 2121 quinta
2016 2070 2082 2109 ex
2102 2055 2351 2110 imbrium

2528 2051 2767 2123 Πέμπτῃ
2831 2050 2888 2102 δὲ
2945 2050 3244 2103 ίνδικτιῶνι
3309 2049 3574 2120 ὰὸροχίας
3630 2047 4049 2119 ἐπικρατούσης

772 2137 951 2206 inopia
972 2141 1226 2208 squalore
1253 2157 1315 2194 ac
1346 2142 1592 2196 siccitate
1617 2142 1728 2214 85
1753 2144 2050 2199 laboratura
2072 2155 2179 2212 est,
2210 2147 2346 2201 adeo

774 2239 831 2281 ut
850 2244 916 2283 ne
935 2246 1021 2283 ros
1039 2232 1254 2298 quidem
1271 2232 1414 2287 ullus
1435 2248 1500 2287 ex
1522 2249 1647 2289 aere
1666 2244 1998 2304 suppeteret,
2018 2238 2349 2293 subsidenti-

773 2322 876 2375 bus
904 2322 1091 2376 adbzec
1116 2323 1347 2378 fontium
1393 2327 1572 2394 aquis,
1604 2343 1709 2395 qua
1737 2344 1801 2383 ex
1856 2344 1912 2383 re
1943 2328 2145 2384 tactum
2176 2340 2257 2383 est
2291 2340 2347 2385 ut

774 2412 1055 2466 exhaustis
1085 2415 1448 2483 receptaculis
1480 2417 1687 2473 balneae
1716 2420 2172 2476 conticescerent.
2208 2420 2345 2476 Cou-

773 2502 1049 2557 stantinus
1076 2518 1140 2559 ea
1194 2519 1255 2559 re
1302 2506 1683 2564 animadversa
1735 2510 2042 2565 instaurare
2096 2513 2352 2581 aquaedu-

776 2600 922 2648 ctum
948 2594 1098 2649 illum
1119 2596 1378 2663 instituit,
1402 2613 1565 2668 quem
1612 2600 2021 2656 Valentinianus
2060 2602 2353 2670 imperator

775 2684 906 2738 olim
937 2696 1311 2754 exstruxerat,
1337 2691 1433 2745 sed
1468 2690 1675 2746 Avares
1704 2701 1890 2761 postea
1935 2693 2172 2749 Heraelii
2213 2705 2352 2747 tem-

775 2775 1001 2845 poribus
1022 2788 1353 2834 everterant.
1383 2780 1522 2851 Ergo
1546 2782 1789 2850 pluribus
1818 2785 1883 2836 ad
1921 2784 1973 2837 id
2000 2786 2118 2854 ejus
2149 2785 2349 2851 upilicii

776 2867 963 2937 gnaris
983 2882 1050 2922 ex
1073 2878 1185 2926 toto
1208 2872 1436 2941 imperio
1464 2878 1781 2941 contractis,
1807 2876 2097 2945 multisque
2124 2892 2191 2931 ex
2216 2891 2352 2930 mra—

776 2956 862 3010 rio
894 2956 1111 3026 publico
1172 2961 1435 3030 impensis
1483 2966 1747 3034 pecuniis,
1796 2974 1948 3020 tanto
1997 2967 2148 3034 operi
2190 2968 2350 3019 tinem

778 3048 1056 3116 imposuit.
1107 3050 1213 3106 Sed
1248 3069 1371 3107 cum
1404 3056 1525 3109 auri
1577 3057 1773 3110 mirum
1806 3058 1861 3110 in
1893 3056 2111 3110 modum
2164 3057 2216 3110 in
2262 3058 2353 3113 illo

780 3138 983 3193 Christi
1017 3142 1172 3197 hoste
1192 3145 1462 3212 cupiditas
1476 3144 1750 3216 ﬂagraret,
1787 3161 1983 3201 novum
2007 3161 2125 3202 sese
2156 3146 2350 3201 Midam

780 3229 1028 3283 exhibuit
1052 3242 1106 3285 et
1132 3248 1323 3289 aurum
1354 3250 1516 3290 omne
1539 3238 1591 3291 iu
1624 3238 1906 3293 thesauros
1935 3253 2064 3293 suos
2086 3240 2348 3293 condidit.

782 3318 938 3375 Unde
964 3324 1167 3379 coactis
1194 3325 1261 3379 ad
1295 3327 1478 3381 tributi
1512 3329 1927 3401 pensitationem
1962 3329 2227 3382 violenter
2259 3347 2355 3399 po-

2448 2142 2739 2213 αύχμῶδες
2774 2142 2872 2195 καὶ
2916 2141 3083 2213 ξηρὸν
3123 2142 3318 2210 γέγονε
3347 2142 3411 2194 τὸ
3443 2144 3805 2210 κατάστημα,
3848 2141 3926 2202 ὡς
3958 2141 4049 2191 κα)⁵

2449 2234 2624 2303 αὐτὴν
2649 2234 3082 2287 ἀπολελοιπέναι
3109 2235 3154 2266 ⁵⁵
3178 2234 3278 2303 τὴν
3304 2233 3493 2304 ἀέριον
3514 2232 3734 2303 δρόσον,
3757 2232 3845 2284 ἔτι
3869 2231 3967 2283 καὶ
3985 2230 4050 2281 τα

2451 2328 2663 2394 πηγαῖα
2710 2324 3147 2378 ὑποστέλλεσθαι
3178 2325 3422 2394 νάματα,
3455 2324 3606 2393 ἀργά
3653 2339 3716 2374 τε
3754 2322 3949 2390 μένειν
3976 2323 4049 2373 ἰν-

2450 2416 2642 2469 τεῦθεν
2696 2416 2793 2469 καὶ
2824 2416 2893 2470 τὰ
2938 2415 3144 2487 λουτρὰ
3186 2416 3297 2469 τῶν
3330 2415 3623 2485 ἐκδοχείων
3654 2414 3841 2467 κενῶν
3876 2410 4048 2483 ύπαρ-

2452 2507 2683 2575 ξάντων.
2728 2508 2825 2562 Ἐκ
2859 2507 3054 2560 τούτου
3098 2507 3419 2577 βουλεύεται
3460 2507 3573 2577 (60)
3628 2508 4049 2567 Κωνσταντίνος

2456 2601 2548 2654 τὸν
2578 2601 2673 2654 τοῦ
2702 2600 2893 2664 ὓδατος
2927 2600 3095 2653 ὁλκὸν
3132 2601 3511 2665 ἀνακαινίζειν
3540 2600 3599 2652 δν
3627 2597 4049 2659 Βαλεντινιανδς

2451 2694 2480 2745 ό
2512 2692 2769 2761 βασιλεὺς
2797 2692 3229 2755 κατεσκεύασεν,
3268 2692 3376 2746 ὑπὸ
3418 2692 3476 2745 δὲ
3528 2690 3781 2760 ’Δόάρων
3812 2690 3910 2742 ἐπὶ
3946 2689 4049 2741 τῶν

2464 2784 2793 2853 Ἡρακλείου
2842 2784 3055 2853 χρόνων
3090 2783 3188 2837 τοῦ
3234 2784 3505 2854 βασιλέως
3553 2782 4047 2851 καταστραφέντα.

2452 2875 2565 2927 Καὶ
2589 2874 2876 2934 πλείστους
2905 2874 3104 2943 ἄνδρας
3126 2873 3384 2942 τεχνίτας
3413 2874 3494 2934 είς
3518 2872 3820 2940 οἰκοδομὴν
3850 2869 4050 2939 ἐμπεί-

2458 2983 2584 3035 ρους
2634 2967 2700 3018 ἐκ
2747 2965 2850 3034 τῆς
2904 2964 3011 3017 ὑπὸ
3074 2964 3369 3033 Ῥωμαίων
3426 2965 3603 3033 ἀρχῆς
3654 2959 4050 3029 συναθροίσας,

2454 3055 2626 3108 πολλά
2654 3071 2712 3107 τε
2738 3055 3110 3124 δαπανήματα
3140 3054 3327 3113 αὐτοῖς
3355 3054 3421 3104 ἐκ
3454 3051 3565 3104 τῶν
3589 3050 3881 3121 δημοσίων
3914 3066 4051 3118 χρη-

2459 3148 2644 3215 μάτων
2673 3144 3131 3215 προσαναλώσας.
3159 3143 3307 3196 οὓτω
3328 3144 3392 3196 τὸ
3416 3143 3663 3195 τοιοῦτον
3684 3143 3860 3211 ἔργον
3891 3141 4053 3193 διετέ-

2454 3237 2600 3290 λεσε.
2647 3236 2982 3305 Φιλόχρυσος
3010 3235 3068 3288 δὲ
3114 3234 3189 3287 ὣν
3238 3237 3267 3287 ὁ
3316 3234 3672 3304 μισόχριστος
3708 3234 3834 3295 νέος
3881 3233 4053 3294 Μίδας

2455 3330 2870 3389 Κωνσταντίνος
2903 3326 3309 3385 ἀναδείκνυται.
3343 3326 3437 3377 καὶ
3463 3325 3556 3377 τὸν
3588 3324 3795 3393 χρυσὸν
3830 3325 4055 3377 ᾶπαντα

780 3410 939 3479 pulis,
971 3427 1181 3469 summa
1213 3416 1426 3485 frugum
1453 3432 1517 3471 ac
1542 3431 1797 3486 pecorum
1816 3418 1994 3473 vilitas
2028 3418 2150 3482 fuit,
2183 3435 2351 3487 usque

2455 3417 2908 3488 ἁποθησαυρίζει.
2957 3418 3045 3469 Ἐν
3074 3412 3158 3479 οἷς
3191 3416 3508 3469 συνέϐαινεν
3541 3417 3601 3467 ἐν
3628 3418 3753 3475 ταῖς
3792 3416 3914 3467 τῶν
3960 3416 4056 3483 φό·

779 3513 846 3553 eo
871 3510 928 3553 ut
963 3500 1126 3556 tritici
1174 3505 1339 3558 modii
1392 3506 1710 3577 sexaginta,
1770 3507 1955 3562 hordei
2016 3510 2353 3579 septuaginta

782 3592 1019 3645 nummis
1040 3593 1268 3663 singulis
1293 3597 1491 3649 addicti
1518 3599 1647 3663 sint,
1673 3612 1734 3652 ac
1754 3600 2011 3668 pleraque
2042 3603 2238 3672 exiguo
2256 3604 2353 3656 ad-

783 3682 999 3735 modum
1056 3685 1231 3751 pretio
1275 3686 1643 3740 constiterint.
1679 3688 1831 3753 Quod
1894 3690 2067 3757 ipsum
2098 3693 2163 3745 ad
2192 3707 2355 3761 agro-

783 3786 903 3823 rum
946 3771 1277 3828 fertilitatem
1316 3787 1371 3829 et
1406 3791 1583 3830 rerum
1626 3780 1836 3845 copiam
1871 3780 2212 3835 trahentibus
2261 3783 2356 3835 im-

784 3864 994 3929 peritis,
1028 3866 1406 3933 prudentiores
1444 3867 1647 3936 quique
1696 3868 1931 3925 hominis
1984 3873 2255 3941 tyrannidi
2299 3884 2355 3929 et

785 3955 1027 4009 avaritiae
1058 3972 1119 4011 ac
1139 3959 1446 4012 crudelitati
1484 3960 1812 4016 tribuebant.

2457 3528 2567 3582 ρων
2603 3509 2839 3580 πράξεσι
2882 3507 2993 3561 τῶν
3036 3507 3526 3579 φορολογουμένων
3578 3505 3935 3575 βιαζομένων
3966 3508 4053 3557 εὖ·

2458 3600 2617 3663 ώνως
2646 3601 2713 3653 τὰ.
2738 3601 2838 3667 τῆς
2861 3599 2967 3668 γῆς
2998 3601 3343 3670 καρπήματα
3386 3598 3483 3650 καὶ
3510 3597 3841 3664 γεννήματα
3872 3596 4053 3649 διαπιο

2456 3690 2823 3763 πράσκεσθαι,
2870 3691 2947 3754 ὼς
3012 3690 3091 3760 τῷ
3144 3690 3442 3759 νομίσματι
3505 3690 3778 3757 ἐξήκοντα
3836 3688 4055 3755 μοδίους

2457 3789 2608 3841 σίτου
2651 3786 3110 3857 διαγοράζεσθαι,
3171 3785 3371 3855 κριθῆς
3416 3785 3474 3836 δὲ
3518 3783 3929 3852 ἐόδοιιήκοντα,
3967 3783 4056 3834 καὶ

2456 3881 2688 3933 πλεῖστα
2702 3880 2841 3947 ἄγαν
2867 3879 3099 3950 βραχείᾳ
3118 3880 3261 3931 πάνυ
3290 3876 3733 3947 ἀπεμπολεὴθαι
3763 3878 4052 3944 ποσότητι.

2465 3971 2644 4041 ’Ὀπερ
2676 3972 2789 4033 τοῖς
2838 3971 2938 4040 μὲν
2983 3972 3237 4039 ἀνοήτοις
3283 3968 3513 4037 εύφορία
3554 3984 3615 4018 τε
3666 3968 3768 4035 τῆς
3817 3967 3925 4034 γῆς
3969 3969 4056 4018 καὶ

784 4047 1129 4117 πραγμάτων
1152 4050 1377 4120 εὐθηνία
1417 4053 1717 4123 ἐνομίζετο,
1763 4057 1878 4119 τοῖς
1903 4056 1961 4110 δέ
2026 4054 2089 4112 εὗ
2130 4059 2391 4130 φρονοῦσι
2426 4063 2744 4133 τυραννίδος
2776 4063 2871 4116 καὶ
2923 4062 3365 4132 φιλοχρηματίας
3394 4060 3554 4131 ἔργον
3589 4062 3683 4110 καὶ
3754 4059 4057 4127 ἀπανθρω-

785 4139 915 4201 πίας
947 4140 1103 4205 νόσος
1135 4143 1397 4213 ἐκρίνετο.

857 4231 985 4304 (An.
1011 4233 1165 4308 768.]
1197 4239 1493 4293 lndictione
1526 4240 1721 4296 deinde
1749 4243 1975 4311 septima
1998 4243 2358 4303 Constantino

788 4325 933 4379 lilius
964 4328 1403 4398 nascitur,quem
1436 4333 1751 4389 Anthimnm
1778 4338 2043 4391 nominat.
2070 4337 2183 4391 Sub
2213 4339 2355 4393 idem

789 4425 1002 4485 tempus
1019 4414 1234 4474 Nicetas
1260 4421 1433 4490 patria
1444 4423 1571 4477 rcba
1590 4424 1872 4481 catholica:
1896 4428 2152 4483 Ecclesize
2180 4430 2320 4484 aedili
2340 4462 2354 4469 -

2536 4249 2693 4302 Κατὰ
2722 4248 2778 4300 δὲ
2832 4247 2929 4318 τὴν
2972 4246 3213 4317 ἑϐδόμην
3270 4247 3575 4299 ἱνδικτιῶνα
3635 4247 3892 4299 τίκτεται
3948 4246 4057 4305 υἱὸς

2468 4338 2886 4408 Κωνσταντίνῳ,
2924 4339 2983 4390 ὃν
3024 4338 3287 4391 ἐκάλεσεν
3324 4336 3613 4406 Ἀνθιμον.
3676 4336 3820 4388 Ὑπὸ
3863 4336 3921 4388 δὲ
3974 4338 4058 4387 τὸν

2465 4430 2628 4483 αὑτὸν
2666 4431 2858 4501 καιρὸν
2892 4430 3002 4497 (61)
3050 4431 3294 4499 Νικήτας
3323 4432 3352 4481 ὁ
3379 4430 3477 4497 τῆς
3528 4428 3740 4490 πόλεως
3792 4429 4057 4499 πρόεδμ

2073 4592 2311 4650 VARle
2351 4595 2753 4652 LECTIONES.

858 4702 905 4734 δ’
944 4703 1189 4775 ὑπήκοον
1220 4704 1280 4760 P.
1356 4706 1404 4740 “
1421 4705 1569 4775 αύτῷ
1592 4704 1670 4761 P:
1707 4707 1778 4762 cf.
1803 4723 1857 4778 p.
1894 4710 1925 4762 7
1954 4708 2009 4763 9.
2087 4709 2134 4741 “
2154 4709 2548 4782 διασύραντεςῖ
2576 4729 2644 4765 an
2671 4712 2960 4779 διασυρὲνῖ
3036 4712 3077 4741 ³³
3120 4710 3557 4762 ἐπιλελοιπέναιῖ)

2170 4850 2449 4908 PETAV'II
2483 4853 2717 4909 NOTAE.

865 4958 980 5025 (57)
1014 4958 1239 5041 φορείῳ
1267 4957 1700 5041 ἐποχούίιενον.
1731 4958 1860 5041 Tam
1892 4962 2032 5041 enim
2076 4963 2370 5017 crudeliter
2401 4969 2444 5024 D
2478 4963 2677 5035 μικροῦ
2702 4965 2964 5041 σεκρέτου
3018 4967 3115 5041 τῇς
3144 4972 3412 5041 τροπικῆς
3446 4968 3858 5041 ἐξυλογραφίας
3888 4970 4055 5037 οὖσιςς

797 5028 1149 5101 imperatoris
1167 5027 1320 5101 jussu
1351 5032 1659 5095 Vapularat,
1680 5039 1737 5082 ut
1762 5031 2010 5085 itu-edere
2039 5050 2141 5086 non
2163 5046 2363 5101 posset.

795 5100 871 5151 De
903 5097 1024 5169 ejus
1053 5098 1373 5169 καθαιρέσει
1404 5115 1474 5169 ac:
1503 5100 1850 5155 au-cusatione
1880 5097 2259 5169 Theophanes.

872 5168 987 5235 (58)
1037 5168 1121 5232 Τῷ
1151 5168 1501 5236 καλουμένῳ
1540 5170 1748 5233 Mil/(p.
1785 5173 1883 5225 Adi
1931 5168 2151 5225 Suidatn
2179 5183 2231 5224 et
2264 5173 2371 5228 Cn-

800 5240 1089 5310 ropalaten
1108 5238 1221 5291 sive
1252 5238 1538 5310 (Zodinnm.
1568 5238 1877 5293 Edilicimn
1905 5243 2176 5310 quoddam
2211 5244 2367 5309 Cpoli

803 5310 904 5360 fuit
957 5309 1127 5377 signis
1192 5309 1358 5359 variis
1413 5321 1686 5362 ornatum.
1743 5311 1893 5376 Quod
1926 5309 2003 5365 et
2056 5312 2367 5366 Milliarium

803 5393 1027 5450 aureum
1083 5378 1135 5450 i_n
1201 5378 1410 5450 notitia
1455 5380 1676 5441 dicitur,
1733 5384 1951 5450 regione
1983 5382 2015 5433 4
2048 5384 2199 5448 (ἷνοί.

875 5447 987 5521 (περ)
1042 5446 1164 5521 1:61-
1186 5447 1514 5521 Ils.iariwr:.
1540 5446 1899 5517 TlteOphaites
1923 5458 1997 5521 (p.
2024 5446 2183 5507 ’57Ξο
2206 5463 2258 5507 et
2289 5454 2373 5521 D).

877 5516 991 5583 (ne)
1044 5516 1145 5569 Ἐκ
1193 5520 1407 5570 τούτου
1451 5516 1834 5582 βουλεύεται.
1889 5516 2110 5577 Factum
2172 5524 2271 5576 hoc
2327 5516 2376 5576 ἐι.

804 5588 1146 5640 CunSlaltlitti
1175 5587 1265 5641 27.

881 5656 1001 5729 (61)
1050 5656 1196 5729 ίΥπό
1245 5657 1305 5729 δέ
1354 5659 1459 5729 τίν
1496 5660 1684 5713 αὑτὸν
1742 5663 1966 5728 καιρόν.
2024 5662 2379 5729 Theophanes

808 5734 884 5791 (p.
925 5728 1026 5804 Ξυῖᾷ
1057 5726 1118 5795 ll.)
1179 5746 1191 5781 :
1226 5727 1305 5804 τῷ
1328 5728 1381 5804 δὲ
1408 5731 1553 5800 αὐτῷ
1584 5730 1694 5782 ἔτει
1717 5726 1960 5804 Νικήτσς
1988 5726 2377 5804 ὁψευδώνυμος

808 5798 1161 5870 πατριάρχης
1211 5800 1307 5863 τὰς
1347 5801 1401 5850 ἐν
1452 5798 1535 5871 τῷ
1595 5798 1919 5871 πατριαρχεί

1595 5817 1892 5871 πατριαρχε
1906 5804 1965 5872 ίῳ
2018 5806 2227 5868 εἰκόνας
2286 5804 2378 5857 τοῦ

2476 5043 2836 5107 κατήνεγκε-ν,
2867 5038 2963 5088 καὶ
3005 5037 3114 5089 τῶν
3172 5037 3378 5091 λοιπῶν
3409 5040 3635 5107 εἰκόνων
3676 5039 3746 5091 τὰ
3781 5041 4051 5107 πρόσωπα

2476 5106 2716 5177 ἔχρισεν.
2752 5105 2851 5178 llic
2897 5118 3104 5159 secreta
3142 5110 3388 5178 προόδων
3424 5106 3563 5162 οἶκοι
3596 5105 3868 5161 vorantur
3903 5126 3933 5162 a
3965 5110 4050 5163 Ni-

2475 5175 2738 5248 cephoro,
2794 5175 2910 5248 hoc,
2947 5188 3040 5248 est
3087 5175 3459 5244 proi-essuuxn,
3522 5194 3658 5246 quos
3709 5181 4050 5248 προκέντοιις

2476 5257 2609 5298 mlas
2645 5246 2733 5319 illa
2769 5245 3071 5319 nominavit
3112 5258 3205 5300 aut
3240 5245 3601 5319 προκέσσους.
3642 5245 3773 5314 Qui!
3806 5265 3916 5303 τοι
3950 5262 4049 5319 tam

2476 5316 2857 5386 procationem
2894 5316 3062 5382 ipsum
3088 5332 3250 5385 quam
3285 5316 3571 5372 stationem
3612 5319 3915 5386 signiﬁcat.
3950 5318 4048 5371 Ita-

2478 5400 2584 5453 que
2630 5385 2939 5459 πρόκεσσος
2988 5385 3097 5437 τῶν
3154 5388 3479 5459 Βλαχερνῶν
3536 5389 3586 5441 in
3644 5385 3799 5459 Alex.
3844 5388 4047 5442 Chron.

2484 5471 2582 5525 pro
2625 5455 2953 5517 suburbano,
2988 5466 3043 5526 et
3075 5455 3378 5525 πρόκεσσον
3412 5458 3767 5526 ποιησασθαι,
3830 5459 3945 5512 hoc
3978 5470 4047 5509 εει

2486 5524 2781 5593 procedere,
2813 5529 2951 5594 apud
2985 5524 3367 5597 Theophanem
3407 5540 3460 5584 et
3493 5524 3647 5581 alios.
3685 5529 4047 5595 Cumpalates

2487 5606 2666 5648 rrrtos
2696 5597 3135 5667 diesquotannis
3166 5612 3429 5663 recenset,
3464 5600 3661 5667 quibus
3689 5599 4047 5664 imperatores

2486 5676 2638 5718 extra
2676 5666 2933 5734 palatium
2976 5669 3335 5728 procedebant
3382 5682 3431 5723 et
3484 5672 3533 5721 in
3570 5668 3916 5736 patriarcltiu
3940 5684 4049 5734 pero

2488 5735 2859 5805 tmclahanlin
2906 5736 3159 5800 κελὶίοις,
3194 5738 3293 5793 hoc
3324 5751 3409 5791 est
3450 5735 3659 5794 cellulis
3694 5738 4041 5805 quihusdam.

2490 5806 2579 5857 lla:
2618 5815 2743 5860 sunt
2775 5804 3001 5860 fortasse
3026 5822 3158 5875 quas
3189 5808 3426 5878 προὲξων
3458 5812 3641 5871 οἴκους
3680 5804 4044 5877 appellarunt.
