4206 6440
203 395 315 457 989

1114 406 1210 463 DE
1255 406 1498 469 liEBUS
1539 412 1724 473 POST
1766 417 2215 478 lllAURlClUM
2253 419 2541 483 GESTIS.

3338 430 3439 492 990

192 508 319 555 τινα
356 508 454 573 μὲν
493 507 600 560 τῶν
632 511 698 562 ὲκ
730 511 928 581 χρόνου
994 512 1365 586 διαφθαρέντα
1388 519 1434 551 ⁸⁸
1475 524 1575 591 τῆς
1614 523 1763 576 Καθ-

1868 526 1951 582 cia
1984 530 2249 598 quaedam,
2268 544 2388 598 quae
2419 538 2683 587 vetustate
2702 532 2935 602 collapsa
2965 533 3200 600 fuerant,
3240 537 3436 593 instau-

193 593 383 664 ολικῆς
426 597 749 668 Ἐκκλησίας
781 603 1124 666 ἀνακαινίζει
1160 608 1458 677 κτίσματα,
1493 613 1593 675 τάς
1613 631 1675 666 τε
1711 619 1768 669 ὲν

200 689 313 748 τοῖς
343 690 524 742 ὲκείσε
560 691 867 761 ἱδρυμένοις
897 694 1006 746 τῶν
1042 700 1284 768 προόδων
1310 699 1502 763 οἴκοις,
1533 702 1599 765 ἃς
1636 706 1768 759 Ῥω-

198 779 349 844 μαῖοι
384 780 616 848 σεκρέτα
647 782 896 847 καλοῦσι,
927 785 986 837 τό
1009 803 1065 838 τε
1100 789 1295 857 μικρὸν
1336 792 1559 861 δόμημα
1589 796 1680 849 καὶ
1707 797 1768 850 τὸ

199 866 369 956 μέγα,
408 870 501 923 τοῦ
527 872 780 942 Σωτῆρος
807 877 902 929 καὶ
937 878 1047 930 τῶν
1081 880 1253 947 ἁγίων
1276 880 1446 949 οὔσας
1479 885 1566 939 διὰ
1591 887 1766 956 ψηφί-

196 955 305 1009 δων
328 962 544 1028 χρυσῶν
578 964 673 1016 καὶ
702 968 1009 1036 κηροχύτου
1042 969 1174 1041 ὕλης
1201 970 1314 1041 (6‘2)
1341 955 1764 1046 είκονογραιρίας

197 1048 458 1115 ἀπέξυσε.
518 1055 926 1121 Κωνσταντῖνος
980 1060 1037 1111 δὲ
1091 1063 1217 1125 τοὺς
1274 1065 1382 1116 τῶν
1437 1067 1764 1138 Σκλαϐηνῶν

197 1140 523 1195 ἀποστέλλει
562 1146 852 1215 ἄρχοντας,
902 1152 995 1202 καὶ
1037 1151 1394 1208 ἀνακαλεῖται
1428 1159 1551 1221 τοὺς
1584 1160 1678 1211 ἐπὶ
1717 1161 1763 1193 ⁸⁷

193 1231 444 1297 πλείονος
508 1238 703 1307 χρόνου
777 1241 913 1317 παρ’,
985 1244 1171 1305 αὐτοῖς
1225 1247 1762 1316 αἰχμαλωτισθέντας

193 1324 560 1393 Χριστιανοὺς
593 1329 703 1382 ἀπό
747 1348 805 1383 τε
854 1334 1085 1403 Ἴμϐρου
1129 1336 1221 1388 καὶ
1260 1338 1485 1391 Τενέδου
1519 1342 1615 1393 καὶ
1660 1343 1763 1396 Σα-

191 1417 481 1489 μοθρᾴκης
517 1420 626 1473 τῶν
652 1421 853 1491 νήσων,
889 1427 1135 1493 σηρικοίς
1184 1427 1229 1457 ⁵⁸
1265 1428 1501 1497 ίματίοις
1535 1430 1762 1495 τούτους

183 1509 587 1579 ἀμειψάμενος,
621 1514 711 1567 τὸν
738 1516 972 1587 ἀριθμὸν
1001 1518 1160 1581 ὄντας
1187 1520 1315 1589 ἄχρι
1344 1521 1624 1591 δισχιλίων
1655 1528 1753 1579 καὶ

1866 629 1969 671 rat.
1991 619 2126 672 Tum
2157 621 2210 673 in
2237 622 2591 677 attinentibus
2621 624 2931 688 domiciliis,
2969 627 3059 681 ubi
3084 629 3346 682 stationes
3384 632 3436 682 in

1864 712 2207 779 processibus
2221 713 2357 766 obiri
2380 715 2573 781 solent,
2594 730 2714 786 quas
2734 717 2957 770 Romani
2978 715 3201 771 Secreta
3225 731 3437 782 vocant,

1866 811 1972 854 tam
2001 804 2051 855 in
2079 804 2286 871 majore
2314 818 2473 873 quam
2502 808 2732 870 minore,
2756 807 2957 861 Christi
2988 809 3199 863 Domini
3233 826 3297 864 ac
3328 812 3439 883 86

1864 904 2172 947 sanctorum
2213 895 2477 964 imagines
2497 913 2661 967 Opere
2698 898 2970 952 tessellata
3019 911 3183 968 atque
3217 917 3281 955 es
3312 917 3436 955 cera

1870 982 2039 1038 factas
2064 986 2257 1038 eradit.
2292 989 2361 1040 At
2390 988 2774 1045 Constantinus
2809 990 3001 1059 legatis
3032 993 3098 1044 ad
3155 990 3437 1046 Sclavino—

1876 1091 1993 1128 rum
2037 1078 2310 1145 principes
2367 1079 2551 1132 missis
2584 1079 2942 1145 Christianos,
2984 1083 3076 1150 qui
3119 1081 3435 1149 jamdudum

1868 1167 2009 1234 apud
2039 1182 2133 1222 eos
2160 1170 2355 1237 captivi
2396 1171 2778 1227 detinebantur
2798 1213 2813 1238 ,
2848 1176 3060 1242 recipit,
3091 1191 3226 1244 quos
3265 1176 3339 1229 illi
3370 1192 3435 1232 ex

1865 1256 2058 1312 insulis
2088 1258 2286 1323 Imbro,
2304 1258 2521 1316 Tenedo
2539 1277 2603 1317 ac
2619 1262 2997 1319 Samothracia
3015 1267 3295 1321 duxerant.
3328 1267 3439 1322 Hos

1865 1361 2053 1401 omnes
2100 1349 2184 1405 bis
2219 1351 2364 1407 mille
2394 1367 2459 1405 ac
2478 1353 2807 1421 quingentos
2840 1354 2955 1409 fere
2985 1355 3177 1410 sericis
3197 1358 3435 1410 vestibus

1865 1447 2197 1503 permutatos
2243 1455 2365 1494 cum
2414 1443 2727 1497 muneribus
2774 1446 2927 1501 abire
2973 1461 3189 1515 quoquo
3237 1447 3435 1501 vellent

1865 1530 2126 1595 permisit.

183 1602 588 1668 πεντακοσίων,
640 1607 735 1657 καὶ
784 1608 920 1677 πρὸς
952 1608 1144 1661 ἑαυτὸν
1183 1609 1409 1679 ἀγαγὼν
1440 1616 1534 1666 καὶ
1586 1616 1758 1686 μικρὰ
1835 1620 2337 1690 φιλοτιμησάμενος
2377 1623 2675 1694 ἀπέπεμψε
2749 1624 3080 1695 πορεύεσθαι
3123 1623 3189 1678 οὖ
3220 1625 3285 1679 ἂν
3314 1624 3433 1695 βοός

181 1694 334 1747 λοιτο
368 1697 618 1761 ἕκαστος.

259 1786 300 1837 Τ
304 1787 337 1855 ᾗ
378 1787 577 1858 ἑϐδόμῃ
626 1790 917 1845 ίνδικτιῶνι
973 1793 1103 1863 (65),
1139 1798 1280 1848 κατὰ
1317 1798 1408 1851 τὸν
1482 1801 1757 1871 Ἀπρίλιον

1928 1807 2223 1863 lndictione
2244 1808 2498 1877 septima,
2531 1824 2713 1865 mense
2730 1811 2923 1879 Aprili,
2945 1810 3187 1867 Sabbato
3218 1822 3428 1879 sancto,

182 1876 356 1945 μῆνα,
387 1878 465 1947 τῷ
496 1880 636 1950 ἁγίῳ
686 1882 942 1953 σαϐϐάτῳ
970 1886 1159 1953 στέφει
1211 1890 1619 1957 Κωνσταντίνος
1654 1896 1753 1966 τὴν

178 1968 382 2021 ἑαυτοῦ
412 1973 646 2037 γυναῖκα
682 1974 943 2029 Εὑδοκίαν
978 1978 1315 2045 Αὑγοῦσταν,
1352 1983 1446 2034 καὶ
1472 1986 1538 2053 τῇ
1585 1986 1755 2039 ἐπαύ-

180 2076 306 2129 ριον
331 2060 443 2113 τῶν
482 2062 617 2115 υἱῶν
642 2066 810 2118 αὐτοῦ
840 2068 968 2128 τοὺς
997 2070 1096 2137 μὲν
1120 2070 1215 2122 δύο
1246 2073 1621 2145 Χριστοφόρον
1660 2080 1755 2130 καὶ

175 2150 505 2221 Νικηφόρον
534 2155 849 2225 Καίσαρας.
884 2158 1134 2228 Νικήταν
1161 2161 1215 2215 δὲ
1249 2164 1611 2235 νοϐελίσιμον.
1640 2167 1754 2236 Τῆς

174 2238 239 2290 δὲ
275 2238 561 2312 βασιλικῆς
588 2245 816 2311 προόδου
849 2248 989 2299 κατὰ
1018 2249 1078 2301 τὸ
1115 2250 1306 2314 είωθδς
1348 2255 1441 2306 ἐπὶ
1480 2255 1578 2324 τὴν
1614 2258 1754 2310 Καθ-

174 2330 371 2400 ολικὴν
398 2332 726 2402 Ἐκκλησίαν
752 2338 1051 2408 γενομένης
1079 2340 1344 2395 ὑπατείαν
1369 2345 1635 2414 ἐποίησαν
1661 2350 1754 2401 καὶ

171 2425 294 2482 τοῖς
312 2425 648 2493 παρελθοῦσι
679 2431 937 2498 χρήματα
956 2431 1255 2503 διένειμαν,
1278 2437 1342 2488 ὲκ
1372 2436 1465 2489 τοῦ
1491 2438 1750 2493 παλατέου

174 2514 481 2585 ἀρξάμενοι
514 2520 677 2590 μέχρι
706 2521 807 2588 τῆς
830 2523 1129 2592 ἐκκλησίας
1158 2526 1317 2580 τοῦτο
1340 2528 1747 2595 ἐπιτελοῦντες.

186 2607 380 2680 Ὀγδόῃ
416 2611 471 2663 δὲ
511 2612 803 2667 ἰνδικτιῶνι
839 2616 950 2686 (64)
984 2619 1179 2685 ἄγεται
1214 2621 1625 2687 Κωνσταντῖνος
1672 2628 1752 2689 είς

171 2700 298 2752 υἱὸν
336 2703 547 2757 Λέοντα
577 2708 823 2777 γαμετὴν
856 2710 919 2761 ὲκ
952 2711 1052 2779 τῆς
1096 2709 1345 2776 Ἑλλάδος
1376 2714 1634 2785 Εἰρήνην,
1657 2719 1751 2771 καὶ

170 2788 257 2858 τῷ
286 2793 607 2865 Δεκεμϐρίῳ
642 2797 773 2866 μηνὶ
811 2799 1001 2866 στέφει
1026 2818 1084 2853 τε
1108 2802 1277 2871 αὐτὴν
1308 2804 1624 2873 Αὐγοῦσταν
1652 2806 1749 2859 καὶ

170 2878 257 2949 τῷ
284 2882 384 2952 υἱῷ
424 2882 622 2950 ζεύξας
646 2886 738 2938 τὸν
763 2888 943 2957 γάμον
968 2891 1233 2943 ἐπιτελεῖ.

1855 1899 2243 1954 Constantinus
2264 1901 2552 1956 Endociam
2571 1903 2852 1972 conjugem
2870 1904 3164 1973 Augustam
3182 1916 3425 1963 coronat.

1857 1989 2076 2042 Postera
2105 1989 2190 2042 die
2210 1991 2343 2044 duos
2376 2006 2406 2045 e
2436 1990 2625 2045 liberis
2645 1991 2760 2045 suis
2776 1989 3229 2062 Cbristopborum
3250 2003 3306 2048 et
3332 1991 3431 2048 Ni-

1858 2080 2154 2147 cephorum
2209 2079 2491 2145 Caesares,
2547 2082 2790 2137 Nicetam
2841 2097 2973 2138 vero
3026 2083 3429 2141 nobilissimum

1855 2182 2020 2225 creat.
2050 2171 2312 2239 Cumque,
2344 2182 2402 2226 ut
2434 2173 2816 2242 imperatorum
2867 2190 2987 2230 mos
3020 2185 3103 2230 est
3126 2216 3141 2238 ,
3181 2176 3235 2230 in
3266 2177 3432 2231 eccle-

1854 2262 1988 2315 siam
2036 2265 2411 2330 procederent,
2459 2264 2660 2333 ingenti
2718 2267 2771 2320 in
2824 2266 3081 2335 pupulum
3143 2266 3430 2336 largitione

1854 2353 2019 2419 facta,
2043 2356 2324 2422 pecuniam
2346 2372 2374 2410 a
2395 2357 2593 2425 palatio
2611 2360 2677 2414 ad
2699 2360 2984 2415 ecclesiam
3019 2374 3188 2428 usque
3214 2376 3307 2428 spa
3318 2376 3430 2414 rse-

1853 2457 2000 2500 runt.
2037 2445 2335 2502 lndictione
2351 2448 2567 2503 demum
2615 2459 2807 2505 octava
2827 2450 3220 2506 Constantinus
3260 2450 3428 2507 Leoni

1854 2536 1961 2591 lilio
2000 2538 2282 2606 coniugem
2323 2554 2354 2593 e
2392 2539 2599 2594 Graecia
2639 2540 2828 2596 lrenen
2862 2542 3110 2596 arcessit.
3157 2541 3273 2609 Qua
3320 2542 3427 2601 De-

1853 2628 2056 2681 cembri
2095 2644 2273 2683 mense
2303 2631 2541 2701 Augusta
2572 2633 2932 2699 consalutata,
2955 2631 3197 2701 ejusdem
3226 2647 3352 2688 mox
3370 2641 3427 2689 et

1854 2718 1946 2773 ﬁlii
1972 2721 2187 2789 nuptias
2231 2722 2544 2777 celebravit.

254 2992 353 3045 Hic
380 2994 501 3060 finis
533 2996 765 3050 historia:
784 2999 1087 3065 Nicephori,
1122 3018 1301 3071 quam,
1344 3014 1402 3056 ut
1435 3005 1622 3059 scribit
1667 3005 1906 3069 Photius,
1935 3008 2004 3060 ad
2039 3006 2226 3061 Leonis
2254 3017 2301 3061 et
2322 3007 2501 3062 Irenes
2530 3009 2741 3077 nuptias
2762 3011 3030 3080 perduxit,
3058 3012 3155 3064 hoc
3180 3019 3258 3065 est
3279 3009 3423 3068 Con-

170 3088 397 3140 stantini
420 3104 510 3142 an.
541 3087 633 3151 29,
676 3089 869 3144 Christi
900 3092 1024 3147 769.
1070 3092 1179 3148 Nos
1205 3106 1378 3150 tamen
1405 3098 1640 3162 eiusdem
1682 3098 1971 3167 Nieephori
2004 3101 2365 3169 fragmentum
2396 3101 2692 3154 inuenimus
2728 3103 2872 3169 apud
2916 3101 3317 3167 Theophanem,
3366 3103 3425 3155 in

171 3185 355 3235 codice
378 3182 586 3237 lllustr.
623 3182 787 3240 Card.
816 3185 1067 3251 Joieusa',
1100 3191 1237 3258 quod
1251 3192 1461 3259 quidem
1494 3210 1598 3246 non
1629 3194 1849 3247 alterius
1889 3211 2001 3248 esse
2034 3211 2188 3264 quam
2232 3194 2389 3261 hujus
2437 3193 2726 3262 Nicephori
2747 3196 3088 3261 manifestum
3114 3211 3178 3248 ea:
3203 3211 3264 3247 eo
3303 3198 3422 3249 red-

170 3278 347 3340 ditur,
375 3277 515 3345 quod
541 3291 585 3331 et
612 3281 915 3347 patriarcha
941 3299 972 3333 a
1003 3283 1313 3351 TlteOphane
1339 3284 1955 3356 Constantinopolitanus
1994 3288 2313 3354 appellatur,
2353 3296 2402 3341 et
2434 3288 2497 3341 de
2531 3286 2852 3358 Copronymi
2902 3288 3227 3355 temporibus
3268 3287 3421 3357 quasi

174 3368 366 3421 vicinis
403 3370 548 3422 αιτιιὶ
574 3385 683 3422 sua:
707 3371 960 3437 loquitur,
991 3388 1108 3425 cum
1145 3375 1241 3426 aitl
1268 3376 1551 3429 nonnullos
1589 3378 1765 3430 adhuc
1792 3379 2095 3443 superstites
2124 3393 2255 3440 esse,
2284 3377 2375 3444 qui
2403 3393 2435 3427 a
2476 3377 2767 3445 dysonymo
2807 3377 2906 3428 illo
2957 3386 3186 3444 tyranno
3239 3374 3421 3444 aliqua

177 3462 416 3526 corporis
437 3472 587 3530 parte
612 3463 846 3516 mutilati
878 3463 1111 3533 fuerant.
1155 3470 1221 3519 At
1251 3469 1454 3532 nullus,
1499 3478 1554 3520 ut
1588 3469 1741 3523 initio
1780 3473 2086 3533 statuimus,
2122 3470 2236 3538 ejus
2267 3467 2491 3522 nominis
2532 3468 2877 3534 patriarcha,
2912 3478 3104 3535 pra’ter
3140 3467 3279 3520 hunc
3332 3479 3421 3519 no-

172 3563 373 3615 strum,
399 3554 846 3618 temporibusillis
869 3557 1087 3610 exstitit.
1125 3554 1190 3609 Id
1221 3557 1572 3627 fragmentum
1611 3561 1715 3614 tale
1755 3568 1857 3614 est.

247 3664 383 3734 Περὶ
409 3656 496 3716 οὗ·
520 3664 613 3718 καὶ
642 3667 671 3717 ό
693 3667 837 3727 θεῖος
871 3665 1183 3737 Νικηφόρος
1222 3671 1566 3740 πατριάρχης
1591 3673 1751 3725 Κωνο

1918 3669 2027 3739 87
2067 3669 2140 3722 De
2198 3682 2305 3737 quo
2346 3676 2400 3722 et
2443 3666 2657 3722 divinus
2701 3667 3035 3734 Nicephorus
3108 3663 3420 3733 patriarcha

171 3755 667 3817 σταντινουπόλεως
721 3756 901 3808 τοιάδε
951 3757 1156 3827 φησίν·
1213 3774 1231 3807 t
1283 3759 1505 3830 Ἐπειδὴ
1533 3760 1590 3812 δέ
1621 3778 1742 3814 τινα

1855 3760 2259 3829 Cpolitanusita
2294 3759 2872 3828 loquiturztuuoniam
2909 3774 3037 3815 vero
3078 3758 3148 3815 ab
3187 3756 3421 3812 inimicis

169 3849 331 3918 παρὰ
353 3852 466 3910 τοῖς
496 3848 902 3919 Χριστομάχοις
924 3848 1368 3918 περιθρυλλεῖται
1393 3850 1538 3921 άπερ
1563 3851 1744 3915 αὐτοῖς

1855 3851 2049 3905 Christi
2106 3850 2362 3904 nonnulla
2417 3849 2690 3916 iactantur
2736 3865 2800 3904 es
2854 3850 3119 3905 mendacii
3180 3846 3418 3917 parentis

167 3940 201 3991 ό
242 3936 334 3989 τοῦ
359 3936 585 4006 ψεύδους
609 3938 792 4009 πατὴρ
852 3938 1236 4007 ὲμπνεύσειεν,
1274 3941 1407 4012 φέρε
1439 3944 1534 3994 καὶ
1573 3942 1745 3995 ταῦτα

166 4024 620 4096 διασκεψώμεθα.
676 4026 1127 4095 Καταψεὺδονται
1199 4028 1310 4098 γὰρ
1375 4029 1462 4081 διὰ
1511 4030 1610 4099 τὴν
1661 4033 1740 4093 είς

167 4120 412 4190 Χριστὸν
452 4120 547 4172 καὶ
584 4120 682 4187 τὴν
738 4118 1068 4187 Ἐκκλησίαν
1106 4119 1270 4171 αὑτοῦ
1306 4120 1465 4190 ὓϐριν
1515 4122 1743 4191 χρόνους

173 4211 476 4280 μηκίστους
497 4211 591 4263 καὶ
614 4211 1073 4283 παρατεταμένην
1118 4210 1261 4281 ζωὴν
1299 4212 1395 4263 καὶ
1425 4212 1541 4280 βίον
1575 4213 1745 4265 εὐπα-

170 4299 244 4367 θῆ
278 4299 640 4368 μετετρῆσθαι
688 4298 766 4368 τῷ
790 4300 1065 4370 Μαμωνᾷ,
1108 4302 1204 4353 καὶ
1254 4301 1557 4372 εὐημερίας
1587 4303 1631 4334 ⁸³
1664 4305 1743 4365 εὶς

167 4391 344 4458 ἄκρον
397 4388 607 4455 ἐλάσαι,
637 4390 792 4454 νίκας
831 4408 890 4443 τε
943 4391 1085 4444 κατὰ
1115 4392 1407 4462 βαρϐάρων
1466 4393 1616 4462 αὐτῴ
1649 4395 1741 4446 καὶ

169 4481 643 4551 ἀνδραγαθήματα
673 4482 748 4545 ὡς
796 4482 1023 4536 πλεῖστα
1080 4485 1500 4553 ἐπιγράφονται.
1548 4485 1583 4538 ἂ
1629 4489 1743 4549 τοῖς

170 4568 451 4638 σώξροσιν
488 4570 608 4623 οὐδὲ
635 4572 715 4634 είς
748 4571 1014 4642 ἀκρόασιν
1062 4571 1318 4641 ἔρχεσθαι
1352 4572 1587 4625 δίκαιον.
1653 4574 1739 4636 Ὠς

168 4661 217 4712 δ’
249 4660 315 4711 ἂν
347 4660 452 4712 τῶν
504 4660 891 4731 ἁπλουστέρων
928 4661 961 4732 ἦ
992 4662 1385 4731 ἀμαθεστέρων
1430 4663 1586 4726 τινας
1626 4668 1739 4725 τοῖς

177 4755 246 4803 ἑκ
274 4752 371 4820 τῆς
395 4754 612 4822 ἀπάτης
641 4754 1013 4821 ἁναπλασμοῖς
1045 4754 1121 4824 μὴ
1158 4754 1465 4823 βλάπτοιεν,
1517 4756 1740 4818 τούτους

178 4844 580 4909 ἀπευθύνοντες
612 4847 841 4899 ἕκαστον
886 4847 1079 4909 δεινοῖς
1109 4847 1289 4915 λόγοις
1317 4847 1542 4908 ἑαυτοὺς
1574 4864 1731 4911 φενα-

175 4934 429 4999 κίζοντας
454 4938 847 5007 ἀποφαίνωμεν
870 4939 983 5000 τοῖς
1032 4937 1442 5009 ααταιόφροσιν.
1479 4937 1604 4988 Ὅτι
1644 4938 1740 5007 μὲν

1849 3941 2048 4006 alllatu,
2069 3955 2165 4009 age
2186 3954 2318 3994 vero
2333 3940 2445 4010 jam
2462 3940 2760 4009 cujusmodi
2782 3940 2891 3995 sint
2909 3954 2974 3995 ea
2990 3939 3414 3994 consideremus.

1850 4030 1982 4082 Nam
2033 4030 2098 4083 ad
2135 4030 2339 4084 Christi
2378 4030 2587 4083 Domini
2636 4029 2998 4099 Ecclesiaaque
3036 4028 3416 4084 contumeliam

1851 4121 2063 4175 mentiri
2101 4121 2199 4174 ista
2239 4120 2449 4185 solent,
2474 4122 2742 4174 diuturnae
2772 4120 2898 4173 vitae
2923 4120 3098 4187 spatia
3136 4131 3261 4172 cum
3296 4129 3417 4172 ma-

1851 4212 2010 4265 ximis
2044 4210 2414 4280 voluptatibus
2464 4211 2699 4279 pessimo
2746 4210 2872 4264 huic
2926 4209 3245 4263 Hammona
3291 4221 3416 4264 esse

1847 4317 2131 4365 concessa,
2164 4300 2525 4371 eumdemque
2562 4301 2838 4354 felicitatis
2875 4314 3084 4355 summa
3102 4299 3413 4368 contigisse.

1848 4394 1953 4448 Sed
1976 4402 2030 4447 et
2072 4393 2306 4460 insignes
2357 4393 2422 4446 de
2470 4392 2713 4446 barbaris
2762 4391 3053 4456 victorias,
3100 4398 3157 4444 et
3197 4388 3416 4460 egregia

1846 4485 2010 4538 multa
2041 4482 2281 4537 facinora
2304 4482 2572 4545 tributmt,
2609 4497 2728 4551 quae
2757 4496 2824 4536 ne
2864 4482 3048 4535 auditu
3073 4480 3290 4549 quidem
3317 4493 3416 4548 par

1844 4586 1926 4628 est
1947 4573 2253 4626 admittere.
2274 4570 2379 4626 Sed
2404 4588 2471 4626 ne
2495 4572 2920 4642 imperitioribus
2940 4571 3268 4639 minimeque
3298 4585 3416 4623 ma-

1843 4664 1908 4717 lis
1936 4665 2243 4718 hominibus
2270 4680 2333 4718 ea
2364 4663 2642 4719 mendacia
2671 4661 2848 4717 fraudi
2889 4663 3018 4728 sint,
3053 4661 3411 4731 redarguendi

1845 4757 1919 4811 illi
1950 4756 2103 4810 nobis
2144 4766 2327 4820 erunt,
2348 4764 2406 4809 nt
2438 4764 2775 4825 quantopere
2816 4768 2875 4809 se
2916 4754 3014 4824 ipsi
3048 4753 3297 4807 inanibus
3329 4752 3413 4805 bis

1849 4846 2185 4900 sermonibus
2216 4847 2555 4899 Iudilicentur
2588 4842 2908 4911 intelligant.
2955 4843 3122 4912 Igitur
3144 4842 3325 4898 omnia
3349 4842 3412 4895 il—

1847 4938 1951 4991 lius
1979 4952 2139 5006 quam
2162 4938 2475 5008 turpissima
2506 4936 2692 5001 fuisse,
2709 4951 2941 5006 eumque
2967 4936 3095 5002 Deo,
3120 4934 3322 5006 angelis
3346 4952 3407 4985 at;

1468 5111 1692 5167 VARIAS
1731 5110 2130 5170 LECTIONES.

253 5272 297 5302 “
322 5272 759 5341 διαφθαρέντωνῖ)
830 5271 874 5302 ⁸⁷
902 5271 1051 5324 ἀπόῖ
1123 5273 1167 5302 ⁸⁸
1192 5274 1434 5341 σηρικοῖς
1463 5290 1521 5325 τε
1555 5274 1679 5340 ίμ.⁶ἓ
1753 5274 1796 5305 ⁵⁸
1813 5275 2109 5344 εὐημερίον
2135 5276 2310 5345 vulgo.

1558 5427 1828 5483 PETAVll
1854 5428 2083 5484 NOTAE.

251 5565 365 5631 (6'2)
404 5566 747 5633 Κηροχύτου
788 5564 962 5631 ὕλης.
1009 5563 1177 5630 Quam
1227 5562 1398 5635 Graeci
1451 5581 1724 5635 κηρυγρα-
1762 5566 1804 5619 D
1876 5565 2019 5635 7(63)
2067 5563 2150 5632 Τῇ
2198 5565 2418 5633 ἐϐδόμῃ
2453 5563 2792 5635 ἱνδικᾼτιῶνι.
2830 5562 3201 5635 Ilieopbanes
3228 5582 3280 5635 Aa.
3318 5562 3404 5635 ἐκ

180 5637 316 5705 φξαν
348 5646 539 5705 vocant
571 5637 656 5687 hic
678 5635 869 5705 opinor
903 5636 1187 5705 rxpressit.
1226 5633 1358 5685 llim:
1391 5633 1536 5685 vasa‘
1562 5633 1728 5703 κεκη-

182 5703 579 5778 ρογραφημένα
621 5703 874 5773 χρώμασι
911 5704 1183 5783 armi-solm;
1221 5705 1737 5783 :tputl__At_hett:ctmt,

186 5774 244 5831 ut
280 5776 585 5829 obscztatit
613 5775 877 5833 interpres
908 5777 970 5826 nd
1004 5775 1230 5827 'l'iteut'r.
1274 5774 1417 5842 itlyll.
1455 5774 1498 5825 l.

1851 5631 2196 5705 Copronymi.
2230 5631 2414 5689 Annus
2442 5644 2560 5687 erat
2586 5633 2789 5705 Christi
2829 5632 2956 5698 769,
2989 5634 3138 5705 cyclo
3162 5633 3289 5705 solis
3312 5631 3405 5697 22,

1850 5706 1927 5756 lit.
1970 5702 2119 5756 Doni.
2156 5707 2220 5764 Α,
2254 5706 2405 5773 cyclo
2438 5705 2575 5758 luna:
2612 5703 2694 5773 i0,
2732 5702 2938 5773 Pascha
2978 5702 3177 5770 Aprilis
3207 5702 3262 5754 Ξ.

1918 5774 2029 5843 (6i)
2064 5771 2364 5844 Ὀγδόηὸὲ
2390 5771 2733 5829 Ινδικτιῶνι.
2755 5772 3110 5842 TlteOpbanes
3138 5790 3189 5843 p.
3213 5773 3315 5828 574
3341 5772 3403 5831 Β.
