4196 6436
212 423 322 484 993

1142 425 1238 484 DE
1280 423 1532 484 REBUS
1569 422 1755 484 POS'I‘
1794 425 2239 489 MAURJCIUM
2277 429 2567 493 GESTIS.

3360 440 3461 503 994

211 530 355 600 πρὸς
389 532 655 597 ἀνατολὰς
698 533 984 596 οἰκοῦντας
1018 531 1332 603 βαρϐάρους
1372 531 1628 602 ἀκηκοὼς
1660 535 1787 605 περὶ
1815 540 1861 595 Α

1815 540 1861 595 Α
1892 536 2095 591 ditione
2140 540 2421 607 occupatis
2473 540 2680 610 aliquot
2730 544 2969 601 castellis
2998 547 3214 602 eosdem
3254 547 3374 603 illos
3404 550 3457 605 in

146 688 147 691 η
208 623 345 686 τοὺς
383 624 619 688 οίκείους
647 627 923 696 ἡγεμόνας
966 625 1451 687 διαστασιάζοντας
1512 627 1607 677 καὶ
1647 625 1784 697 πρὸς

208 712 307 764 τὸν
338 714 602 783 ἐμφύλιον
633 718 867 786 πόλεμον
897 715 1351 786 ἀσχολουμένους,
1409 715 1784 788 λῃστρικώτε-

209 802 308 873 ρόν
333 812 464 867 ’πως
522 807 721 875 μᾶλλον
773 807 805 877 ἢ
874 805 1382 877 στρατηγικώτερον
1441 805 1517 867 ὡς
1574 806 1787 857 λυσσῶν

208 893 387 950 ἐπιὼν
418 900 528 959 τοῖς
563 898 855 968 Ἀρμενίας
884 900 976 951 καὶ
1001 898 1197 969 Συρίας
1228 899 1470 969 χωρίοις,
1510 898 1619 950 τῶν
1648 896 1788 950 ὲκεί-

208 1001 329 1047 νοις
372 988 647 1059 φρουρίων
698 990 849 1062 αιρεῖ
872 968 1138 1061 ὁμολογίᾳ
1186 968 1784 1062 τῶννπροσοικούντων

209 1081 310 1134 καὶ
344 1084 436 1135 ἐπὶ
468 1083 567 1153 τὴν
602 1084 824 1156 Θρᾴκην
847 1086 1046 1148 αὐτοὺς
1078 1086 1380 1156 μετήγαγε.
1413 1084 1656 1137 Τοιαῦτα
1687 1085 1785 1153 μὲν

206 1169 309 1225 οῦν
337 1174 405 1225 τά
442 1174 653 1228 ἐκείνου
685 1176 1161 1246 ἀνδραγαθήματα
1182 1176 1276 1228 καὶ
1296 1177 1365 1228 τά
1404 1177 1526 1228 κατ’
1573 1174 1786 1244 ἐχθρῶν

209 1262 607 1331 σχεδιαζόμενα
656 1265 915 1335 τρόπαια.
957 1265 1197 1318 Τοιαῦτα
1245 1266 1338 1318 καὶ
1388 1267 1457 1318 τὰ
1514 1266 1655 1317 κατὰ
1689 1266 1786 1334 τῆς

206 1352 475 1421 ἀληθείας
497 1356 589 1406 καὶ
626 1356 909 1419 εὐσεϐείας
946 1357 1335 1425 νεανιεύματα.
1380 1360 1783 1426 Ἀπηναισχύνο

209 1460 383 1512 τησεν
411 1445 519 1515 γὰρ
561 1449 702 1499 κατά
722 1465 782 1499 τε
827 1448 920 1501 τοῦ
954 1448 1091 1501 Θεοῦ
1123 1448 1312 1517 μανεὶς
1354 1449 1450 1500 καὶ
1502 1450 1641 1500 κατὰ
1675 1446 1788 1499 τῶν

212 1534 379 1603 ἱερῶν
412 1537 624 1606 ἀνδρῶν
653 1537 761 1589 τῶν
795 1537 985 1607 ὥσπερ
1016 1539 1167 1608 αὑτῴ
1199 1531 1573 1608 ἀναθημάτων
1609 1554 1781 1607 προσ-

212 1626 483 1694 ηκόντων.
533 1630 641 1680 Καὶ
667 1629 728 1680 τὸ
756 1629 1049 1697 ἀγγελικὸν
1076 1629 1140 1699 δὴ
1187 1628 1347 1682 τοῦτο
1377 1632 1471 1682 καὶ
1500 1629 1786 1682 ἀποστολι-

211 1719 311 1770 κδν
338 1719 432 1771 τοῦ
464 1720 761 1789 μοναχικοῦ
788 1721 902 1790 βίου
928 1722 1114 1791 σχῆμα
1146 1721 1565 1791 βδελυττόμενος
1603 1723 1631 1773 ὁ
1664 1720 1786 1773 θεο-

214 1809 386 1878 μισής
414 1826 472 1862 τε
531 1812 625 1862 καὶ
660 1810 908 1881 βέϐηλος,
953 1812 1243 1882 ἐπώνυμον
1289 1813 1391 1880 τῆς
1446 1812 1781 1874 θεοσεϐείας,

1891 628 2174 684 Thraciam
2195 639 2544 701 transportat.
2578 633 2702 692 Htec
2726 639 3021 694 suntistius
3054 639 3287 696 hominis
3302 656 3459 711 egre-

1890 717 1972 785 gia
2011 715 2175 781 facta,
2218 717 2331 773 haec
2390 725 2761 778 commentitia
2800 727 2865 779 de
2921 727 3168 783 hostibus
3202 739 3401 797 tropaea
3440 749 3455 786 :

1890 806 2177 873 ejusmodi,
2212 808 2452 877 inquam,
2488 823 2614 865 sunt
2648 830 2765 880 quae
2804 817 3100 872 insolenter
3147 819 3236 874 ille
3266 830 3459 875 contra

1895 900 2172 953 veritatem
2198 910 2253 955 et
2276 903 2529 969 pietatem
2559 905 2777 961 molitus
2811 921 2914 963 εει.
2954 910 3164 964 Etenim
3196 910 3333 965 citra
3373 912 3459 965 ul-

1889 989 1994 1044 lam
2026 994 2406 1048 verecundiam
2453 1008 2643 1051 contra
2687 997 2857 1052 Deum
2910 1001 3204 1057 bacchatus
3238 1012 3323 1057 est
3375 1018 3459 1057 sa-

1889 1097 2117 1151 crasque
2145 1099 2230 1139 res
2257 1085 2307 1138 ei
2348 1094 2603 1155 tanquam
2640 1088 2866 1143 donaria
2910 1103 3278 1149 consecratas.
3313 1093 3457 1161 Quin

1889 1173 2052 1227 etiam
2089 1175 2394 1244 angelicum
2442 1176 2572 1231 illud
2619 1188 2674 1233 et
2733 1181 3090 1248 apostolicum
3146 1184 3457 1238 monasticae

1891 1267 2010 1321 vitae
2033 1281 2201 1337 genus
2230 1269 2391 1322 homo
2415 1283 2443 1321 a
2473 1269 2585 1323 Deo
2610 1284 2926 1347 exsecratus
2953 1288 3014 1326 ac
3054 1272 3312 1342 profanus
3340 1286 3395 1328 et
3424 1291 3455 1330 a

1888 1355 2194 1413 Christiana
2249 1359 2512 1429 religione
2571 1359 2711 1414 falso
2759 1359 3454 1430 cognominatus'illaudati

1890 1450 2253 1519 appellatione
2301 1452 2554 1505 notavit:
2613 1452 2949 1507 abominatio
2999 1455 3141 1507 enim
3186 1455 3455 1523 peccaturi

1886 1553 1970 1595 est
1996 1541 2189 1611 pietas,
2213 1551 2267 1594 et
2293 1553 2514 1597 sanctus
2549 1542 2793 1612 impurus
2831 1553 2916 1597 est
2958 1546 3099 1611 apud
3136 1544 3451 1599 sceleratos.

1885 1629 2003 1685 Jam
2030 1645 2157 1685 vero
2179 1631 2392 1700 qualem
2426 1632 2478 1685 in
2500 1646 2594 1685 eos
2619 1634 2959 1702 tyrannidem
2983 1634 3315 1697 exercuerit,
3332 1635 3454 1703 quis

1889 1736 1987 1789 pro
2036 1721 2250 1788 merito,
2319 1732 2378 1773 ut
2426 1730 2554 1775 ante
2590 1722 2725 1786 dixi,
2782 1736 3207 1778 commemorare
3248 1724 3457 1794 possit?

1888 1812 2090 1883 Quippe
2121 1814 2510 1869 conventiones
2564 1812 2682 1867 illas
2717 1823 2985 1883 pactaque
3023 1816 3221 1884 quibus
3268 1818 3452 1871 divino

206 1900 275 1953 τὸ
312 1902 722 1972 ἀμνημόνευτον
754 1904 948 1967 αὐτοῖς·
971 1904 1293 1975 ἐπέγραψεν
1323 1905 1516 1974 ὄνομα.
1550 1904 1783 1972 Βδέλυγ-
1813 1912 1853 1967 Β

1813 1912 1853 1967 Β
1883 1917 1942 1958 se
1971 1904 2176 1958 numini
2205 1904 2610 1958 obstrinxerant
2643 1905 2952 1959 rescindere
2995 1914 3239 1971 coactos,
3267 1921 3333 1961 ac
3362 1922 3451 1962 sa-

214 2006 295 2056 μα
332 1989 442 2058 γὰρ
493 1992 838 2062 ἁμαρτωλῶν
892 1993 1204 2059 θεοσέϐεια,
1250 1996 1345 2047 καὶ
1391 1997 1419 2047 ό
1470 1996 1615 2056 ὅσιος
1646 1992 1783 2047 ἀκά-

209 2080 414 2152 θαρτος
472 2084 620 2154 παρά
682 2086 1037 2156 κακούργοις.
1098 2081 1199 2139 Οἷα
1268 2086 1325 2139 δὲ
1385 2086 1522 2157 πρὸς
1585 2087 1784 2149 αὐτοὺς

208 2174 503 2242 ¹τυραννίδα
545 2175 713 2228 ἐπιὼν
766 2178 797 2232 ὀ
856 2177 1118 2248 τύραννος
1169 2179 1386 2249 ἔδρασε,
1437 2180 1517 2241 τίς
1568 2180 1656 2242 ἂν,
1707 2179 1783 2241 ὡς

209 2264 370 2335 ἔφην.
429 2267 597 2330 ἀξίως
642 2268 1000 2340 διηγήσηταις
1051 2271 1152 2332 τάς
1210 2286 1271 2322 τε
1329 2269 1437 2340 γὰρ
1485 2270 1635 2339 παρά
1662 2268 1783 2339 Θεῷ

210 2358 635 2427 ἐπηγγελμένας
668 2361 858 2422 αὐτοῖς
899 2360 1187 2429 ὁμολογίας
1226 2361 1319 2414 καὶ
1353 2360 1629 2429 συνθήκας
1655 2360 1782 2413 ἀθε-

208 2450 328 2500 τεῖν
350 2437 757 2519 ἐκϐιαζόμενος,
779 2453 872 2504 καὶ
900 2451 1127 2522 τὸίερδν
1158 2452 1344 2521 σχῆμα
1375 2452 1782 2519 ἀπορρίψαντας

210 2543 272 2592 τὸ
305 2542 410 2592 τῶν
440 2541 641 2594 λαῖκῶν
665 2544 692 2595 ὁ
717 2543 1030 2613 παράνομος
1058 2543 1414 2612 ἐνομοθέτησε
1449 2542 1781 2612 μεταμφιέν-

208 2630 427 2686 νυσθαι.
455 2634 532 2684 Τά
555 2633 610 2687 δὲ
640 2636 718 2695 εἰς
746 2633 906 2698 δόξαν
934 2634 1027 2687 τοῦ
1053 2634 1188 2686 Θεοῦ
1223 2634 1481 2703 ἱδρυμένα
1514 2634 1779 2704 μοναστή-

212 2738 305 2792 ρια
340 2723 685 2793 στρατιωτῶν
728 2726 1024 2795 οίκητήρια
1058 2725 1153 2779 καὶ
1188 2725 1518 2778 ἱπποστάσια
1547 2725 1641 2777 καὶ
1691 2741 1782 2776 κο-

211 2814 435 2884 πρῶνας
486 2818 513 2868 ὁ
561 2817 853 2884 κοπρόνους
908 2818 1001 2870 καὶ
1044 2815 1401 2887 κοπρὼνυμος
1458 2817 1778 2886 πεποίηκεν.

214 2900 351 2959 Εἶτα
378 2907 513 2976 πρὸς
534 2906 611 2976 τῷ
642 2908 781 2961 τέλει
807 2908 916 2960 τῶν
953 2907 1140 2960 κακῶν
1184 2910 1275 2961 καὶ
1310 2909 1408 2960 τοῦ
1459 2906 1782 2974 θεοστυγοῦς

211 2995 379 3048 αὑτοῦ
407 2996 522 3066 βίου
556 2998 871 3067 γενόμενος,
903 3000 999 3052 καὶ
1026 2999 1274 3069 πυρετῶν
1296 2999 1513 3065 ὀξύτητι
1542 3000 1634 3050 καὶ
1656 2997 1781 3067 φλο-

210 3088 417 3154 γὼσεσι
467 3091 1021 3161 καταπιμπράμενος,
1056 3092 1155 3160 τῆς
1205 3089 1560 3159 ὲκδεξομένης
1620 3090 1782 3142 αὐτὸν

210 3181 441 3249 γεέννης
494 3181 775 3251 προδήλως
822 3182 921 3250 τὴν
982 3182 1156 3249 φλόγα
1205 3180 1589 3249 προθεώμενος
1650 3196 1780 3232 κατ-

1881 1997 1991 2051 cris
2019 1996 2259 2050 vestibus
2304 2006 2499 2051 exutos
2544 1995 2803 2051 laicorum
2841 1996 2909 2051 ad
2942 1996 3145 2052 cultum
3181 1997 3289 2052 lata
3334 2000 3452 2068 lege

1881 2089 2120 2144 nefarius
2161 2087 2250 2142 ille
2300 2086 2596 2141 transtulit.
2647 2087 2779 2153 Quae
2800 2100 2933 2142 vero
2959 2088 3025 2141 ad
3061 2088 3319 2143 honorem
3354 2088 3449 2144 Dei

1881 2178 2172 2231 constituta
2211 2186 2368 2230 erant
2396 2176 2746 2241 monasteria,
2779 2190 2844 2231 ea
2900 2176 2954 2231 in
2995 2176 3225 2231 militum
3268 2180 3452 2233 diver-

1880 2270 2021 2324 soria
2048 2276 2105 2322 et
2119 2282 2382 2336 equorum
2405 2266 2611 2321 stabula
2641 2275 2696 2321 et
2727 2266 2956 2322 latrinas
2980 2278 3289 2324 stercoreus
3315 2280 3371 2324 et
3415 2286 3446 2324 a

1880 2368 2122 2413 stercore
2151 2358 2565 2427 cngnontinatus
2588 2358 2881 2412 convertit.
2915 2357 3155 2412 Tandem
3187 2373 3309 2413 cum
3327 2374 3449 2415 sce-

1881 2448 2051 2501 lerum
2079 2462 2300 2501 suorum
2334 2458 2389 2501 et
2425 2446 2779 2501 exsecrabilis
2821 2447 2944 2501 vita:
2986 2447 3281 2502 terminum
3318 2448 3446 2502 atti-

1880 2540 2077 2607 gisset,
2136 2549 2415 2591 acutarum
2475 2538 2707 2591 febrium
2765 2539 3048 2593 ardoribus
3102 2546 3444 2606 exmstuans,

1879 2631 1989 2701 90
2043 2645 2261 2699 geenuae
2306 2628 2583 2689 ﬂammas.
2632 2642 2750 2696 qua:
2814 2642 2874 2683 se
2927 2636 3049 2696 post
3088 2630 3253 2682 vitam
3288 2644 3448 2683 exce-

1880 2732 2051 2791 ptura:
2081 2730 2263 2782 erant,
2308 2718 2480 2772 oculis
2509 2720 2834 2786 usurpabat,
2878 2732 2942 2771 ac
2982 2718 3258 2787 pervigilis
3304 2717 3447 2772 illius

1880 2813 2080 2867 vermis
2109 2827 2320 2865 morsus
2358 2810 2756 2880 quodammodo
2803 2806 3099 2871 sentiebat,
3128 2808 3181 2860 in
3219 2807 3445 2860 horren-

1881 2902 1979 2955 dos
2009 2900 2224 2956 assidue
2245 2898 2507 2953 clamores
2534 2913 2597 2951 ac
2630 2897 2974 2952 vehementes
2994 2912 3304 2965 erumpens,
3326 2911 3448 2965 quae

1883 3001 2041 3045 erant
2068 3004 2289 3062 geenttze
2327 2991 2569 3058 quadam
2617 2989 2790 3044 initia.
2830 2987 2934 3041 Tot
2974 2989 3140 3057 igitur
3172 2990 3447 3057 tantisque

1881 3084 2086 3137 deliciis
2106 3082 2486 3151 acquiescens,
2514 3082 2711 3152 quibus
2756 3080 3146 3134 Diocletianum
3184 3089 3239 3133 et
3274 3078 3447 3132 Maxi-

1884 3174 2120 3226 mianum
2183 3171 2309 3225 olim
2381 3173 2702 3225 immortuos
2732 3171 3075 3239 accepimus,
3131 3178 3297 3238 atque
3343 3169 3447 3222 hoc

209 3272 517 3340 ωπτρίζετο
542 3274 633 3325 καὶ
656 3272 752 3324 τοῦ
775 3273 1075 3341 ἀκοιμήτου
1101 3269 1380 3340 σκώληκος
1410 3270 1477 3321 τὰ
1500 3269 1772 3340 δήγματα,
1802 3259 1845 3315 C

1802 3259 1845 3315 ε
1878 3263 2038 3317 modo
2064 3262 2204 3317 male
2228 3264 2443 3332 periens
2476 3262 2755 3316 malusille
2779 3262 3104 3331 turpissima:
3135 3260 3445 3314 scelerati»

213 3362 465 3415 σύντονόν
487 3381 545 3416 τε
585 3365 677 3415 καὶ
711 3365 1082 3433 γεγωνότερον
1125 3361 1330 3414 ἐκϐοῶν
1358 3361 1774 3429 ὲνδελεχέστατα

210 3453 311 3521 τῆς
339 3455 565 3523 γεέννης
590 3454 763 3507 ταῦτα
791 3456 861 3506 τὰ
904 3453 1173 3523 προαύλια
1206 3454 1300 3505 καὶ⁵
1330 3451 1611 3522 προοίμια.
1634 3451 1777 3505 Ταύ-

210 3562 333 3609 ταις
360 3542 452 3598 οῦν
486 3550 579 3599 καὶ
617 3548 906 3608 τοσαύταις
946 3545 1260 3607 εὐπαθείαις
1308 3546 1770 3615 ὲπαναπαυσάμε-

1882 3355 2137 3423 simusque
2166 3355 2291 3406 vita:
2326 3353 2484 3406 linem
2533 3362 2863 3407 consecutus
2895 3362 3002 3413 est.
3047 3353 3208 3405 homo
3240 3351 3445 3405 Christi

1882 3457 2304 3513 sanctorumque
2346 3442 2463 3512 ejus
2501 3443 2740 3498 omnium
2779 3442 3036 3498 inimicus
3074 3451 3237 3510 atque
3272 3441 3444 3495 hostis

1882 3538 2296 3593 infensissimus.
2344 3554 2365 3588 ι

213 3656 300 3699 vo;
324 3656 342 3672 σ
375 3641 463 3705 ὑφ’
507 3634 582 3691 ὧν
603 3638 666 3709 δὴ
719 3641 813 3692 καὶ
852 3637 1227 3707 Διοκλητιανόν
1260 3653 1319 3689 τε
1354 3636 1447 3687 καὶ
1477 3635 1818 3704 Μαξιμιανδν
1860 3629 2308 3692 συντελεσθέντας
2360 3629 2651 3698 ἀκούομεν,
2706 3627 2850 3679 οὕτω
2887 3625 3072 3688 κακῶς
3118 3625 3214 3678 καὶ
3243 3624 3445 3687 ἀθλίως

212 3729 585 3799 ἀπολλύμενος
638 3730 1007 3799 καταστρέφει
1086 3728 1177 3779 τὸν
1228 3723 1509 3794 αἴσχιστόν
1595 3741 1656 3776 τε
1707 3724 1801 3776 καὶ
1840 3723 2103 3776 κάκιστον
2186 3718 2299 3789 βίον
2331 3719 2360 3771 ὁ
2398 3716 2662 3779 ἄσπονδος
2740 3715 2835 3769 τοῦ
2880 3714 3120 3787 Χριστοῦ
3180 3715 3276 3768 καὶ
3329 3714 3442 3767 τῶν

216 3824 386 3893 ἁγίων
409 3824 573 3877 αὑτοῦ
610 3824 825 3877 πάντων
864 3822 1057 3894 ἐχθρὸς
1100 3822 1194 3875 καὶ
1225 3820 1485 3891 πολέμιος
1525 3819 1977 3890 δυσμενέστατος.
2020 3834 2042 3868 ι
