4196 6436
773 398 883 460 995
1783 394 1843 454 S.
1882 391 2297 452 NICEPHORI
2335 390 2836 451 PATRIARCILE
2873 390 2979 449 (ΖΡ
3926 382 4030 445 9%

777 531 4029 572 ww

1082 702 1423 817 ΤΟΥ
1528 704 1743 815 ΕΝ
1860 699 2482 813 ΑΓΙΟΙΣ
2588 692 3651 813 ΝΙΚΗΦΟΡΟΥ

1355 909 1923 963 ΑΡΧΙΕΠῘΣΚΟΠΟΥ
1958 906 2773 961 ΚΩΝΣΤΔΝΤΙΝΟΥΠΟΔΕΩΣ
2808 908 2929 960 ΚΑΙ
2976 906 3441 961 ΟΜΟΛΟῙἪΤΟΥ

1254 1068 2438 1208 ΧΡΟΝΟΓΡΑΦΙΑ
2526 1071 3500 1206 ΣΥΝΤΟΜΟΣ.

959 532 4021 569 W

1699 1476 2212 1590 SANCTI
2314 1476 3089 1589 NICEPHORI

1254 1697 2204 1762 CONSTANTINOPOLITANI
2250 1694 2855 1758 ARCHIEPISCOPI
2896 1696 2999 1756 ET
3041 1695 3575 1761 CONFESSORIS

1375 1882 2543 2013 CHRONOGRAPH
2565 1883 2714 2006 [A
2809 1886 3428 2016 BREVIS.

1580 2136 1860 2183 ωιιοιιυε
1894 2136 2045 2181 AUG.
2079 2136 2371 2180 CREDNER
2396 2136 2621 2179 THEOL.
2655 2136 2732 2179 ΕΤ
2760 2137 2924 2181 PHIL.
2972 2139 3234 2183 DOCTOR.

1776 2284 1982 2346 (Gissze,
2015 2280 2144 2344 typis
2169 2282 2291 2330 Geo.
2316 2280 2451 2330 Frid.
2483 2281 2687 2342 Heyeri.
2723 2285 3054 2346 uncccxuu.)

2102 2622 2722 2715 MONITUM.

875 2982 1008 3039 Cum
1057 2990 1180 3035 ante
1216 2976 1428 3045 aliquod
1482 2973 1739 3041 temporis
1773 2972 2006 3040 spatium
2053 2969 2107 3021 in
2133 2969 2541 3037 perscrutandis
2576 2969 2858 3039 Epipliauii
2896 2973 3114 3041 scriptis
3164 2988 3434 3040 versarer,
3512 2978 3808 3047 aliquoties
3862 2982 3937 3036 de
3976 2984 4049 3035 Ie-

810 3071 1075 3126 ctionibus
1129 3066 1467 3137 quibusdam,
1530 3076 1665 3131 quas
1702 3061 1824 3114 libri
1879 3060 2016 3128 typis
2064 3058 2312 3127 impressi
2355 3057 2633 3121 exhibent,
2697 3058 3061 3114 dubitationes
3118 3059 3249 3115 mihi
3320 3062 3530 3129 injecta:
3563 3077 3710 3121 sunt.
3747 3066 4049 3136 Epipltanii

812 3160 991 3225 itaque
1047 3157 1288 3208 codicem
1343 3151 1626 3207 eximium,
1659 3162 1799 3200 anno
1852 3146 1986 3200 ISM
2028 3162 2079 3213 p.
2110 3146 2243 3198 Chr.
2277 3161 2331 3197 ιι.
2393 3145 2678 3214 scriptum,
2728 3149 2997 3210 consului,
3035 3150 3125 3216 qui
3173 3151 3298 3203 aliis
3354 3154 3651 3207 rarioribus
3696 3172 3826 3207 cum
3897 3158 4052 3209 libris

814 3246 865 3296 in
899 3242 1219 3294 bibliotheca
1260 3237 1560 3290 Academiae
1614 3232 1853 3286 lenensis
1902 3240 2230 3285 asscrvatur.
2259 3230 2376 3284 Una
2399 3246 2521 3284 cum
2547 3233 2647 3285 hoc
2707 3233 2895 3287 codice
2946 3234 2999 3287 in
3056 3250 3249 3288 manus
3309 3238 3498 3291 incidit
3556 3256 3705 3295 meas
3752 3242 4052 3310 Nicephon'

815 3327 1168 3392 Chronologia
1203 3323 1386 3382 brevis,
1419 3334 1538 3389 quae
1597 3320 1783 3376 nitide.
1810 3318 1901 3369 sed
1941 3332 1969 3368 ει
2025 3317 2326 3369 recentiore
2373 3332 2534 3370 manu
2593 3319 2818 3384 scripta,
2849 3322 2901 3372 in
2951 3319 3057 3374 ﬁne
3104 3323 3345 3390 ejusdem
3392 3326 3596 3378 codicis
3647 3327 3877 3396 legitur.
3911 3329 4053 3381 locst

818 3415 975 3466 rebus
1024 3414 1175 3463 novis
1224 3418 1384 3475 atque
1422 3405 1731 3473 io0pinatis,
1766 3405 1951 3457 nescio
1992 3402 2118 3468 quid
2176 3402 2317 3466 quod
2383 3402 2635 3457 homines
2684 3405 2884 3458 alliciat
2931 3415 3094 3473 atque
3152 3409 3484 3463 curiosior-es
3532 3411 3743 3463 reddar,
3798 3412 3947 3467 “me
4005 3424 4054 3466 τι

817 3502 932 3567 ipse
979 3496 1336 3563 cognoscendi
1373 3495 1551 3545 stmlio
1577 3507 1838 3546 accensus
1876 3489 2161 3556 Nicephori
2185 3488 2477 3542 editionem
2520 3491 2872 3545 novissimam
2928 3508 3051 3546 cum
3106 3497 3293 3548 codice
3346 3495 3554 3549 leneusi
3604 3502 3845 3563 contuli,
3892 3518 4049 3570 quem

818 3600 937 3638 mox
975 3584 1141 3634 multo
1185 3593 1239 3633 et
1267 3581 1558 3648 pleniorem
1592 3586 1645 3630 et
1681 3578 2109 3644 pr:cstantiorcm
2140 3574 2387 3641 cognovi.
2425 3573 2808 3641 Smpeuumero
2860 3592 2979 3629 cum
3013 3580 3501 3634 animadverterem
3548 3585 3800 3638 codicem
3853 3584 4053 3641 leneo-

824 3686 935 3725 sem
967 3670 1216 3721 comitem
1249 3667 1348 3719 sibi
1386 3667 1581 3718 habere
1619 3666 1918 3716 versionem
1951 3662 2235 3728 Nicephori
2287 3659 2554 3723 Latinam,
2586 3676 2613 3712 a
2658 3662 2967 3715 Carnerario
2999 3664 3325 3729 coniectam,
3357 3668 3495 3721 hanc
3525 3668 3700 3735 ipsam
3752 3674 3825 3722 ad
3843 3684 4049 3726 nutum

820 3756 1126 3811 accuratius
1154 3752 1357 3820 inspexi
1386 3768 1399 3814 ;
1431 3766 1537 3819 quo
1571 3749 1711 3803 facto
1735 3749 2028 3800 Canicrarii
2054 3747 2284 3799 versioni
2307 3747 2543 3800 codicem
2581 3747 2852 3801 lenensem
2883 3750 3048 3804 fuisse
3077 3765 3173 3818 pro
3197 3752 3362 3805 fundo
3398 3769 3520 3806 mox
3549 3769 3646 3822 pro
3680 3768 3844 3809 certo
3872 3762 4051 3813 habui.

823 3846 895 3899 Ita
931 3846 1074 3898 enim
1107 3842 1375 3907 interpres
1417 3842 1551 3907 ipse,
1588 3839 1638 3890 in
1664 3837 1924 3903 prooemio
1952 3836 2069 3886 libri
2103 3835 2186 3887 cui
2226 3836 2412 3887 titulus
2449 3850 2461 3883 :
2515 3833 2864 3902 Chronologia
2914 3839 3198 3888 secundum
3232 3835 3536 3890 Graecorum
3598 3844 3873 3895 rationem
3924 3858 4051 3897 tem-

822 3932 1029 3997 poribus
1048 3931 1319 3998 expositis,
1344 3938 1553 3979 auctare
1584 3925 1878 3991 Nicephoro
1899 3924 2283 3990 archiepiscopo
2308 3919 3067 3982 ConslaiitinOpolis,conversa
3096 3936 3148 3972 ιιι
3171 3937 3456 3974 sermonem
3482 3923 3733 3977 Latinum
3756 3929 3826 3979 de
3844 3928 4051 3992 (intra,

822 4029 867 4071 et
902 4017 1163 4082 explicata
1187 4034 1217 4067 a
1246 4013 1523 4066 Joarliimo
1554 4012 1855 4065 Camerario
1889 4009 2286 4076 l'abepergemi,
2318 4022 2550 4072 numque
2572 4005 2795 4071 primum
2813 4010 2974 4057 edita.
3004 4006 3200 4059 Addita
3229 4017 3328 4069 est,
3362 4019 3468 4062 etc.
3500 4009 3731 4063 Basitea:
3757 4030 3859 4075 per
3883 4016 4056 4068 Joan-

824 4119 938 4156 nem
972 4102 1259 4169 Oporinur‘u
1290 4100 1366 4168 (in
1400 4102 1503 4151 line
1534 4116 1545 4151 :
1583 4098 1730 4150 Anno
1758 4097 1942 4149 salutis
1974 4098 2216 4147 humanm
2258 4091 2512 4155 MDLXI,
2538 4108 2706 4144 "tense
2733 4090 3042 4161 Januario),
3076 4109 3128 4160 p.
3166 4095 3231 4147 17
3263 4110 3279 4145 :
3315 4113 3333 4146 ι
3374 4094 3539 4150 Incidi
3564 4100 3616 4149 in
3665 4102 4052 4169 χρονολογίιν,

832 4190 917 4243 cui
962 4187 1335 4255 prescriptum
1371 4193 1514 4238 esset
1540 4184 1775 4236 auctoris
1803 4198 1995 4236 nomen
2044 4179 2328 4248 Nicephori
2359 4182 2595 4248 episcopi
2619 4180 3138 4248 ConstantinOpolis,
3193 4191 3470 4235 exaratam
3527 4184 3669 4237 illam
3714 4188 3949 4253 quidem
4005 4191 4052 4241 in

834 4276 1020 4343 paucis
1044 4274 1274 4333 chartis,
1311 4286 1428 4338 qua:
1464 4280 1646 4324 essent
1669 4272 2001 4323 concinnatae
2031 4283 2152 4322 cum
2190 4282 2351 4334 opere
2385 4268 2685 4337 Epiphanii,
2721 4269 2789 4323 de
2822 4284 2929 4334 quo
2958 4270 3189 4323 eximius
3218 4270 3522 4338 Theologus
3551 4270 3790 4326 Joannes
3832 4276 4049 4345 Langus

829 4361 1195 4432 typographis,
1226 4370 1282 4411 ut
1311 4359 1703 4427 exprimeretur
1729 4356 1881 4419 illud,
1919 4357 2143 4424 benigne
2180 4356 2620 4409 accommodavit.
2643 4354 2777 4407 Cum
2809 4368 2989 4409 autem
3022 4357 3142 4418 hoc,
3173 4372 3270 4424 pro
3317 4358 3485 4410 veteri
3515 4360 3929 4415 necessitudine
3959 4381 4054 4414 no-

837 4460 973 4510 stra,
1000 4460 1127 4500 tunc
1151 4460 1361 4513 quoque
1382 4460 1635 4512 perquam
1680 4441 2021 4495 laruiliariier
2054 4445 2125 4494 uti
2161 4444 2563 4505 concederetur,
2599 4446 2713 4496 viro
2745 4460 2848 4496 non
2873 4445 3027 4497 modo
3056 4446 3312 4511 dignitate
3338 4455 3394 4499 et
3416 4448 3679 4503 doctrina.
3726 4453 3824 4501 sed
3855 4451 4053 4502 buma-

832 4540 999 4590 nitate
1038 4536 1198 4588 etiam
1239 4542 1559 4600 praestante,
1602 4530 1926 4594 sumpsimus
1955 4530 2021 4581 ab
2058 4530 2171 4597 ipso
2199 4539 2253 4583 et
2284 4530 2423 4583 hunc
2462 4529 2676 4593 librum,
2700 4539 2753 4583 et
2782 4531 2915 4584 alios
2937 4533 3262 4599 complures,
3298 4547 3527 4599 quorum
3556 4533 3793 4588 lectione
3838 4551 4055 4589 recrea-

829 4640 949 4678 mur
984 4626 1035 4677 in
1070 4625 1156 4676 illo
1192 4634 1374 4675 nostro
1399 4623 1527 4672 satis
1561 4622 1834 4688 negotioso
1873 4630 1925 4669 et
1949 4618 2166 4671 minime
2199 4619 2380 4685 quieto
2401 4619 2511 4669 otio
2545 4634 2557 4669 :
2587 4627 2639 4668 et
2672 4633 2813 4679 eam,
2841 4620 3123 4684 quamdixi
3168 4618 3533 4686 χρονολογίιν,
3568 4634 3689 4671 cum
3733 4622 4054 4674 describere

828 4714 988 4765 etiam
1030 4711 1310 4779 cmpisscm
1338 4708 1524 4761 Latina
1554 4709 1795 4759 oratione
1831 4706 2103 4765 vertendo,
2142 4704 2464 4771 deprehendi
2505 4704 2665 4753 multa
2700 4713 2751 4755 et
2787 4705 3027 4756 auctoris
3059 4714 3113 4757 et
3143 4705 3347 4757 librarii
3374 4716 3573 4757 errata.
3594 4704 3823 4759 Perrexi
3849 4718 4053 4766 tamen.

830 4808 886 4849 ut
918 4811 1207 4862 coeperam.
1244 4793 1307 4846 Et
1359 4805 1540 4860 postea
1577 4793 1757 4843 inultis
1782 4794 1843 4843 de
1866 4792 2044 4843 causis
2089 4791 2389 4842 iaciendum
2423 4804 2542 4842 esse
2580 4790 2728 4854 duxi,
2766 4801 2822 4842 ut
2867 4792 2978 4844 lucc
3021 4792 3160 4859 ipsa,
3194 4808 3367 4859 neque
3418 4804 3660 4844 correcta
3694 4794 3835 4846 satis
3872 4810 4055 4858 neque

830 4884 1092 4951 explicata
1130 4883 1349 4942 diserte,
1382 4878 1645 4945 exetnplis
1680 4883 1856 4929 tamen
1888 4875 2254 4943 compluribus
2282 4891 2555 4942 expressa,
2592 4879 2881 4930 emittenda
2910 4893 3178 4931 curarem.
3226 4897 3243 4929 ι
3282 4879 3659 4945 Acquisiverat
3706 4890 3901 4945 postea
3954 4881 4053 4934 sibi

834 4969 1081 5021 eumdem
1114 4967 1376 5030 codicem,
1413 4966 1593 5019 nesizio
1625 4980 1725 5031 qua
1749 4964 1855 5023 via,
1896 4962 1978 5015 Jo.
2005 4958 2169 5014 Andr.
2206 4961 2359 5025 Bosc,
2386 4961 2656 5027 professor
2682 4964 2939 5026 leuensis,
2972 4965 3062 5032 qui
3100 4964 3153 5016 in
3183 4965 3413 5032 cpistola
3451 4980 3590 5017 anno
3615 4965 3757 5017 1635
3786 4968 3855 5017 ad
3896 4964 3962 5018 ν.
3998 4966 4053 5016 υ.

834 5054 1093 5107 Thomam
1129 5053 1437 5105 Reinesium
1472 5052 1618 5111 data,
1653 5052 1716 5103 de
1742 5065 1806 5101 eo
1836 5049 1947 5109 lucc
1975 5049 2226 5098 disseruit
2260 5049 2333 5114 (l)
2374 5064 2388 5099 :
2427 5065 2444 5097 ι
2492 5047 2695 5102 Paucos
2725 5064 2849 5101 ante
2885 5052 2997 5103 dies
3030 5052 3082 5103 ιιι
3142 5067 3333 5105 manus
3379 5066 3527 5105 meas
3553 5063 3702 5103 venit
3740 5067 3868 5103 cum
3934 5052 4053 5119 Epi-

838 5144 1034 5209 phanio
1074 5157 1173 5193 ms.
1210 5139 1494 5206 Nicephori
1554 5138 2008 5204 Chronologia,a
2065 5135 2427 5202 Scaligeriana
2492 5134 2727 5188 editione
2787 5136 2925 5188 haud
2978 5150 3163 5201 parum
3218 5137 3553 5204 discrepans,
3587 5154 3708 5190 cum
3752 5139 3899 5203 aliis,
3950 5150 4053 5191 tum

836 5229 1135 5296 pricsertim
1178 5227 1419 5280 muneris
1450 5242 1730 5279 annorum.
1769 5223 2012 5291 Supplori
2051 5224 2175 5274 hinc
2206 5231 2257 5275 et
2309 5221 2509 5272 lacunzc
2541 5228 2782 5285 possunt,
2805 5235 2923 5286 quze
2956 5221 3090 5287 apud
3118 5222 3449 5289 Scaligerum
3505 5222 3793 5274 habentur.
3826 5222 3927 5275 Est
3971 5239 4057 5273 au-

838 5329 943 5366 lt'm
980 5316 1024 5367 is
1063 5316 1252 5378 codex,
1287 5329 1392 5382 quo
1420 5312 1796 5365 Melanehthon
1833 5320 1886 5361 ct
1915 5309 2261 5361 Carm-rarius
2284 5307 2539 5360 beneﬁcio
2564 5308 2781 5360 Joannis
2833 5308 3017 5376 Langii
3051 5325 3128 5360 ust
3159 5320 3284 5361 sunt
3335 5326 3349 5362 :
3379 5312 3534 5375 cujus
3567 5319 3622 5363 et
3677 5326 3876 5362 nomen
3924 5326 4053 5376 prx-

838 5404 1097 5469 St'l‘ipllllll
1130 5403 1311 5454 habet.
1350 5419 1368 5451 ι
1391 5400 1492 5464 Qui
1531 5399 1744 5466 quidem
1781 5399 1973 5459 codex,
2013 5396 2291 5464 Epiphanii
2316 5410 2476 5462 opera
2505 5412 2606 5449 non
2633 5397 2832 5454 omnia,
2866 5397 2960 5448 scd
2993 5396 3348 5463 posleriorcm
3380 5406 3584 5450 tantum
3611 5410 3949 5460 scriptorum
3976 5412 4059 5462 ge.

840 5503 1125 5541 nmnorum
1154 5498 1361 5556 partem
1396 5488 1700 5550 continens,
1739 5495 1922 5553 postea
1947 5498 2052 5537 una
2088 5497 2209 5536 cum
2241 5482 2393 5534 libris
2424 5481 2646 5547 Buderi,
2685 5483 2736 5535 in
2765 5482 3144 5537 bibliothecam
3173 5483 3551 5537 Acadeinicam
3598 5483 3814 5537 delatus
3843 5495 3953 5539 est.

907 5664 979 5729 (l)
1013 5662 1230 5715 'l'homa:
1267 5660 1501 5713 Rcinesii
1530 5670 1582 5712 ct
1616 5658 1697 5711 .lo.
1739 5658 1905 5729 Andr.
1945 5656 2371 5729 BosiiLt-irorum
2412 5654 2884 5709 celeberrimorum
2936 5651 3189 5723 Epistolz
3227 5662 3444 5717 mutuae,
3498 5661 3630 5715 etc.,
3683 5651 3917 5719 publica:
3957 5649 4054 5704 luci

840 5727 927 5787 dat
958 5727 1043 5786 Jo.
1074 5733 1241 5785 Andr.
1265 5732 1604 5785 Schmidcns.
1641 5731 1798 5789 lente,
1838 5727 1992 5789 1700,
2030 5744 2079 5795 p.
2117 5727 2214 5779 3st
2241 5741 2286 5780 s.
