4196 6436
182 401 285 467 997
1061 398 1715 460 CHRONOGRAPHIA
1757 398 2051 459 BREVIS.
2091 421 2161 432 —
2198 377 2583 458 MONITUM.
3336 401 3442 461 998

255 512 670 578 Comparatione
709 511 1048 582 diligentiore
1081 511 1223 564 hunc
1258 510 1398 564 inter
1429 507 1715 576 Nicephori
1739 509 1980 564 codicem
1999 518 2055 565 et
2083 508 2380 564 Camerarii
2406 507 2713 563 versionem
2737 503 2986 558 Latinam
3028 504 3272 560 instituta
3308 511 3442 566 edo-

184 610 306 655 ctus
328 615 468 663 smn,
495 599 563 652 ab
599 599 896 668 interprete
929 599 1090 652 tacite
1123 598 1224 651 alia
1252 611 1350 666 pro
1373 597 1624 658 arbitrio,
1657 597 1980 651 emendandi
2029 599 2228 658 studio,
2264 612 2382 650 esse
2431 607 2658 658 mutata,
2691 595 2796 648 alia
2841 593 3108 648 extricatur
3138 594 3442 654 difficiliora

180 701 410 756 prorsus
441 685 679 749 omissa;
711 701 832 739 cum
867 693 920 738 et
953 699 1215 737 annorum
1247 685 1454 737 numeri
1502 698 1642 751 saepe
1675 684 1863 735 mutati
1907 685 2274 749 inveniantur,
2297 695 2352 735 et
2419 681 2776 734 Valentiniani
2805 679 3117 750 genealogia
3164 694 3330 752 atque
3374 685 3442 740 li-

181 778 406 828 brorum
432 774 728 841 Scriptura:
755 789 922 826 sacrae
955 775 1006 826 in
1043 774 1148 825 tlue
1172 773 1414 839 opusculi
1453 771 1824 824 sticbometria
1858 771 1908 823 in
1952 769 2252 824 Camerarii
2321 771 2572 823 versione
2623 769 3022 835 desiderentur,
3077 767 3440 828 Nihilominus

183 865 255 915 ad
282 863 439 915 tidem
475 861 635 928 hujus
697 863 836 930 typis
863 862 1058 930 smpins
1093 861 1372 929 impressae
1413 858 1699 921 versionis,
1737 874 1856 926 qua:
1889 869 1966 912 tot
1999 860 2144 913 vitiis
2198 861 2431 919 laborat,
2468 858 2807 912 recentiores
2848 861 3136 926 editiones,
3197 862 3440 929 exceptis

178 948 598 1019 Scaligerianis,
632 965 823 1004 omnes
853 949 1192 1017 prodierunt,
1231 951 1372 1000 unde
1409 948 1540 1014 ipsis
1574 947 1797 1000 multum
1818 957 2035 999 enatmn
2070 956 2153 1000 est
2185 948 2518 998 detrimenti.

258 1037 580 1103 Handparvi
615 1049 794 1090 autem
829 1037 1089 1089 momenti
1114 1044 1195 1088 est
1219 1035 1516 1088 Camerarii
1545 1037 1745 1093 versio,
1780 1035 1988 1087 codicis
2035 1034 2279 1086 lenensis
2325 1035 2535 1086 ratione
2595 1035 2796 1088 habita.
2825 1034 2971 1088 Folia
3029 1035 3172 1087 enim
3228 1035 3433 1097 omnia,

174 1127 375 1192 quibus
408 1124 747 1193 Nicephorus
780 1126 832 1176 in
861 1125 960 1176 hoc
995 1125 1181 1175 codice
1207 1126 1538 1186 continetur,
1600 1130 1853 1190 conupta
1883 1130 2004 1173 sunt
2060 1121 2267 1172 macula
2309 1121 2566 1188 quadam,
2602 1122 2757 1189 cujus
2802 1123 2854 1174 in
2906 1123 3136 1184 ambitu,
3165 1121 3437 1190 juglandis

178 1227 392 1280 magnae
445 1212 672 1264 formam
732 1213 950 1264 circiter
981 1219 1322 1277 cxat'quantc,
1353 1210 1651 1263 litterarum
1707 1214 1901 1262 ductus
1937 1210 2130 1276 partim
2165 1223 2386 1277 prorsus
2431 1209 2616 1272 deleti,
2644 1210 2840 1275 partim
2898 1210 3205 1284 pallpidiores
3242 1211 3434 1264 redditi

176 1310 337 1361 sunt;
375 1314 476 1366 qua
504 1300 720 1366 quidem
752 1299 962 1352 macula
991 1298 1230 1352 codicem
1263 1297 1559 1351 Camerarii
1591 1307 1832 1364 tempore
1861 1311 2083 1351 vacasse
2137 1298 2302 1350 certis
2332 1296 2547 1350 indiciis
2587 1295 2870 1365 probatur.
2901 1295 3038 1350 Hinc
3094 1298 3153 1350 llt
3181 1307 3245 1352 ut
3296 1313 3434 1352 non-

176 1388 341 1439 nullis
369 1389 419 1438 in
459 1386 591 1440 locis
631 1386 920 1454 Nicephori
956 1395 1134 1439 textus
1173 1385 1388 1439 nonnisi
1441 1383 1601 1452 hujus
1639 1384 1904 1438 versionis
1930 1399 2032 1453 ope
2065 1394 2211 1438 recte
2243 1385 2342 1453 legi
2371 1385 2560 1451 possit.

249 1475 457 1541 Quibus
487 1476 739 1529 omnibus
762 1486 1013 1530 accurate
1051 1475 1370 1543 perspectis,
1400 1474 1631 1527 editoris
1660 1473 2034 1542 Chronologim
2061 1471 2220 1539 hujus
2243 1484 2425 1540 partes
2453 1482 2509 1524 nt
2540 1473 2593 1525 in
2629 1487 2713 1526 me
2746 1473 3080 1542 susciperem
3111 1472 3306 1543 triplex
3336 1489 3433 1543 po-

179 1565 455 1616 tissimum
493 1578 653 1616 causa
684 1579 768 1616 me
806 1563 1037 1629 impulit.
1070 1562 1247 1615 Causa
1277 1562 1454 1628 prima
1490 1571 1669 1613 textus
1703 1561 1753 1612 in
1785 1563 1970 1613 codice
2017 1561 2230 1613 lenensi
2259 1577 2289 1614 e
2321 1562 2657 1629 praestantia,
2695 1561 2866 1615 altera
2898 1577 2928 1614 e
2952 1571 3134 1616 textus
3166 1565 3306 1633 typis
3327 1564 3431 1618 im-

173 1653 353 1716 pressi
387 1649 585 1702 misera
614 1650 950 1711 conditione,
978 1649 1135 1701 tertia
1165 1649 1398 1714 denique
1423 1661 1486 1700 ex
1524 1650 1705 1716 operis
1735 1647 1969 1700 utilitate
2008 1648 2231 1715 repetita
2263 1657 2364 1702 est.
3093 1666 3098 1668 -

253 1736 328 1789 De
359 1746 539 1789 textus
567 1736 618 1788 in
655 1737 840 1789 codice
876 1736 1090 1788 lenensi
1124 1734 1344 1787 latentis
1375 1735 1632 1804 singulari
1673 1737 2006 1802 praestantia,
2033 1751 2194 1804 quam
2230 1746 2410 1789 textus
2437 1736 2563 1789 novi
2597 1751 2625 1788 a
2665 1735 2819 1790 nobis
2884 1737 3163 1790 constituti
3220 1736 3431 1792 indoles

174 1825 315 1876 satis
335 1837 608 1890 superque
639 1823 993 1888 comprobare
1026 1821 1218 1889 possit,
1256 1835 1361 1873 non
1392 1832 1494 1883 est,
1530 1822 1671 1887 quod
1703 1819 1948 1888 pluribus
1981 1822 2178 1875 dicam.
2216 1819 2381 1873 Multa
2422 1822 2666 1888 profecto
2695 1822 2748 1875 in
2787 1824 2976 1877 codice
3036 1822 3240 1878 lenensi
3272 1823 3429 1878 inve-

174 1913 424 1970 ninntnr,
491 1925 611 1978 quae
667 1909 820 1973 alibi,
876 1920 930 1963 et
982 1908 1286 1963 scribarum
1340 1917 1396 1961 et
1453 1909 1723 1961 editorum
1775 1907 1992 1963 levitate
2050 1918 2214 1977 atque
2267 1908 2616 1977 negligentia,
2642 1919 2747 1962 .aut
2791 1923 2898 1962 non
2960 1919 3107 1996 recte
3153 1910 3297 1965 dicta
3335 1923 3429 1966 aut

170 2000 377 2050 omissa
415 2007 559 2051 sunt.

247 2107 448 2164 Textus
479 2111 618 2180 typis
642 2109 888 2175 impressi
925 2109 1150 2163 historia
1191 2119 1412 2178 propter
1432 2109 1701 2162 editorum
1733 2107 2000 2162 incuriam
2038 2107 2182 2161 haud
2217 2107 2406 2176 paucis
2450 2104 2858 2162 difﬁcultatibus
2884 2118 2971 2163 est
2994 2108 3279 2179 implicita.
3305 2110 3422 2167 Jam

167 2199 322 2248 circa
358 2213 555 2248 annum
579 2196 685 2250 872
708 2198 1022 2249 Anastasius
1061 2197 1302 2265 quidam,
1329 2197 1612 2266 presbyter
1643 2194 1830 2249 Romae
1859 2207 1913 2249 et
1940 2194 2405 2257 bibliothecarius,
2437 2191 2731 2263 Nicephori
2789 2194 3233 2267 Cbronologiam,
3259 2215 3423 2269 quam

170 2283 426 2336 Latinam
461 2293 717 2347 verterat,
757 2284 1004 2338 llistoriae
1036 2301 1147 2339 sua:
1181 2287 1466 2352 tripartita:
1495 2286 1743 2339 inseruit.
1778 2282 1950 2352 Hujus
1972 2283 2244 2335 Anastasii
2280 2280 2445 2335 libelli
2489 2282 2753 2346 codicem,
2793 2283 2933 2355 haud
2959 2285 3130 2341 multo
3156 2298 3279 2355 post
3309 2290 3428 2342 edi-

171 2382 289 2423 tam
325 2386 355 2424 a
383 2371 698 2426 Camerario
726 2371 1015 2438 Nicepbori
1039 2371 1365 2432 versionem,
1391 2383 1583 2425 nactus
1605 2381 1690 2424 est
1712 2370 1982 2424 Antonius
2029 2369 2278 2422 Contius.
2308 2366 2445 2421 Hinc
2475 2369 2528 2422 in
2569 2369 2744 2422 lucem
2781 2370 2981 2438 prodiit
3011 2388 3026 2426 :
3069 2370 3423 2444 Chronologia

168 2460 441 2520 tripartito
471 2474 536 2512 ea:
567 2459 718 2513 beato
749 2459 1047 2526 Nicephoro
1074 2457 1680 2528 Constantinopolitano,
1711 2460 1768 2512 in
1798 2457 2042 2511 Latinum
2061 2457 2188 2509 olim
2223 2471 2470 2510 conversa
2500 2472 2593 2523 per
2629 2456 2971 2510 Anastasium
3028 2460 3169 2514 sedis
3209 2474 3426 2530 aposto-

167 2550 292 2599 lica:
345 2545 818 2611 bibliothecarium,
849 2555 896 2599 et
941 2554 1064 2598 ante
1113 2545 1314 2615 aliquot
1364 2562 1531 2599 annos
1567 2561 1660 2612 per
1711 2544 2051 2598 Joachinium
2105 2543 2492 2608 Camerarium,
2531 2559 2670 2596 nunc
2698 2560 2814 2597 vero
2853 2545 2922 2598 ad
2959 2545 3119 2614 ﬁdem
3148 2548 3421 2604 Anastasii

166 2634 488 2701 exemplaris
515 2635 789 2687 emendata
813 2645 861 2688 et
897 2634 1033 2688 notis
1069 2635 1338 2686 illustrata
1363 2650 1454 2701 per
1489 2635 1774 2687 Antonium
1813 2631 2080 2688 Cantium.
2121 2630 2300 2684 Paris.
2344 2631 2504 2695 15⁵15,
2533 2631 2587 2684 4.
2642 2631 2823 2686 Contii
2863 2632 2951 2686 hic
2982 2633 3196 2690 libellus
3227 2637 3422 2692 deinde

170 2724 375 2786 Sa'pius
405 2722 687 2790 repetitus,
726 2723 778 2774 in
807 2721 1167 2775 bibliothecas
1224 2735 1461 2789 quoque,
1494 2737 1630 2789 quas
1661 2722 1845 2776 dicunt
1895 2717 2138 2781 Patrum,
2175 2727 2427 2788 receptus
2474 2724 2580 2774 est.
2619 2717 2730 2772 llac
2775 2717 3068 2788 Nicephori
3102 2724 3274 2776 nostri
3306 2727 3420 2776 edi-

172 2810 321 2862 tione
353 2807 660 2862 accuratius
687 2807 1017 2870 examinata,
1048 2806 1318 2861 Anastasii
1353 2808 1658 2862 versionem
1712 2806 1928 2860 nonnisi
1988 2819 2160 2873 usque
2196 2807 2262 2859 ad
2313 2809 2698 2875 imperatorem
2750 2805 3033 2861 Constant.
3077 2807 3417 2877 Michaelem,

170 2892 470 2948 Theodorze
497 2895 685 2956 tilium,
723 2893 1082 2948 aCamerario
1117 2895 1408 2955 seclusum,
1435 2894 1763 2963 pertinuisse
1797 2894 2055 2948 intellexi.
2078 2892 2525 2963 Quassequuntur
2552 2895 2732 2949 omnia
2762 2894 3062 2952 Camerarii
3105 2913 3136 2952 e
3168 2900 3421 2956 versione

167 2997 198 3033 a
231 2980 421 3033 Contio
445 2979 713 3050 descripta
750 2990 912 3049 atque
953 2981 1040 3035 hic
1081 2980 1190 3034 illic
1240 2995 1335 3049 pro
1362 2980 1590 3034 arbitrio
1615 2989 1840 3044 mutata,
1874 2980 2007 3042 sive,
2034 2989 2092 3032 ut
2122 2984 2330 3040 volunt,
2364 2981 2645 3032 ememlata
2700 2992 2845 3034 sunt.
2877 2982 3081 3036 Desunt
3141 2985 3308 3054 igitur
3366 2990 3418 3041 in

165 3066 346 3122 Contii
387 3068 645 3132 editione,
673 3068 1126 3133 quemadmodum
1157 3068 1295 3133 apud
1326 3067 2099 3133 Camerarium,Valcntiniani
2139 3067 2484 3136 cbronologia
2509 3076 2563 3120 et
2592 3067 2854 3123 librorum
2883 3071 3204 3127 biblicorum
3236 3075 3289 3128 in
3316 3076 3420 3129 line

164 3155 351 3224 operis
368 3155 760 3220 sticbomctria,
781 3170 880 3209 nec
893 3164 1015 3223 post
1029 3156 1409 3224 imperatorem
1425 3157 1736 3211 Michaelem
1757 3158 1894 3227 apud
1908 3157 2157 3210 Cantium
2175 3156 2381 3210 codicis
2397 3157 2668 3210 Anastasii
2690 3160 2892 3212 mentio
2912 3162 3140 3228 amplius
3156 3161 3295 3215 facta
3315 3174 3417 3217 est.

243 3241 455 3295 Lustris
479 3250 600 3309 post
627 3241 805 3296 Contii
834 3243 1062 3309 primam
1085 3241 1374 3296 editionem
1406 3244 1767 3313 przeterlapsis
1807 3243 1978 3298 ferme
2007 3258 2122 3307 sex,
2157 3241 2404 3296 Graecum
2469 3243 2758 3311 Nicephori
2805 3256 3010 3300 textum
3060 3250 3238 3317 primo
3277 3253 3420 3321 typis

167 3330 590 3397 imprimcndum
623 3331 830 3384 curavit
852 3327 1124 3396 Josepbus
1186 3329 1450 3399 Scaliger,
1494 3332 1544 3383 in
1575 3331 1844 3384 Thesauro
1877 3340 2190 3400 temporum.
2232 3331 2399 3400 Lugd.
2436 3331 2553 3386 Bat.
2581 3332 2740 3385 1606.
2767 3334 2871 3387 Sed
2905 3350 3034 3388 usus
3059 3347 3141 3389 est
3175 3337 3418 3407 Scaliger

168 3418 374 3486 pejoris
399 3429 540 3472 nota:
560 3419 765 3481 codice,
799 3420 866 3472 ad
901 3421 1043 3486 quod
1069 3419 1280 3471 accedit
1315 3419 1414 3470 viri
1452 3418 1693 3484 ejusdem
1714 3421 1766 3472 in
1792 3418 2018 3473 edendis
2044 3428 2284 3472 veterum
2315 3431 2598 3474 auctorum
2629 3422 2848 3489 scriptis
2875 3422 3167 3477 festinatio.
3197 3424 3253 3478 lu
3287 3424 3418 3481 Sca-

167 3505 325 3576 ligeri
357 3505 595 3559 editione
624 3521 770 3559 nunc
834 3506 1052 3573 integrm
1084 3504 1240 3558 lineae
1272 3508 1670 3572 prmtermissze,
1716 3522 1857 3559 nunc
1920 3505 2127 3560 codicis
2149 3506 2358 3561 lacuna:
2394 3521 2492 3576 pro
2524 3508 2750 3564 arbitrio
2777 3509 3027 3578 expletze,
3062 3527 3205 3566 nunc
3238 3521 3416 3569 textus

168 3595 290 3664 ipse
327 3609 468 3648 vano
497 3593 822 3648 emendandi
850 3594 1027 3646 studio
1055 3593 1277 3647 omnino
1317 3603 1604 3663 corruptus
1625 3603 1726 3648 est.

246 3708 323 3761 Ex
357 3707 442 3761 his
470 3706 666 3761 talibus
695 3707 1027 3760 editionibus
1054 3703 1376 3768 Camerarii,
1402 3704 1601 3768 Contii,
1630 3703 1911 3773 Scaligeri,
1931 3719 2125 3758 novum
2158 3714 2366 3759 textum
2401 3704 2650 3760 Graecum
2681 3707 3016 3761 constituere
3062 3718 3292 3764 conatus
3336 3721 3420 3766 cst

171 3792 408 3848 Iacobus
432 3793 599 3856 Goar,
626 3794 690 3846 ad
722 3793 925 3847 calcem
957 3791 1171 3861 Georgii
1207 3790 1467 3861 Syncelli,
1494 3792 1546 3844 in
1567 3791 1703 3845 libro
1726 3792 1989 3858 inscripto
2017 3805 2032 3843 :
2061 3791 2539 3860 Georgiimonachi
2564 3805 2610 3846 et
2644 3791 2705 3846 S.
2741 3792 2803 3846 P.
2836 3792 2906 3846 Ν.
2941 3793 3150 3848 Tarasii
3179 3800 3418 3866 patriar-

170 3880 289 3935 cha
336 3877 450 3933 CP.
493 3880 758 3945 quondam
808 3879 1042 3948 Syncelli
1103 3877 1560 3947 Chronographia,
1609 3881 1673 3930 ab
1729 3879 1933 3932 Adamo
1978 3896 2137 3950 usque
2164 3879 2233 3932 ad
2287 3879 2692 3934 Diocletianum.
2737 3880 2803 3933 Et
2848 3881 3138 3949 Nicephori
3178 3888 3418 3952 patriar-

173 3966 290 4019 rhw
334 3962 448 4019 ΟΡ.
483 3964 809 4019 Breviarium
864 3965 1388 4034 chronographicum,
1416 3966 1480 4017 ab
1528 3965 1729 4018 Adamo
1787 3967 1855 4018 ad
1891 3965 2164 4020 Michaelis
2205 3979 2252 4020 et
2304 3968 2417 4035 ejus
2458 3966 2522 4019 [θ’.
2555 3967 2822 4032 Theophili
2853 3979 3110 4038 tempora.
3135 4001 3205 4010 —
3257 3971 3419 4025 Nice-

170 4051 328 4120 pltori
365 4050 695 4104 Breviarium
741 4052 811 4104 ad
836 4052 1010 4104 uarias
1040 4053 1289 4104 editiones
1336 4052 1670 4104 recensitum.
1710 4081 1780 4092 —
1816 4081 1885 4092 —
1917 4051 2059 4105 Cura
2091 4063 2136 4104 et
2175 4053 2349 4105 studio
2376 4053 2437 4106 P.
2457 4051 2643 4106 Jacobi
2698 4050 2842 4106 Goar
2866 4055 3068 4108 ordinis
3092 4053 3420 4112 Prwdicato-

172 4152 293 4189 rum
317 4137 733 4206 congregationis
750 4136 1070 4205 Rcformata:
1091 4136 1275 4190 Sancti
1298 4135 1569 4193 Ludovici.
1587 4136 1836 4200 Parisiis,
1859 4137 2118 4194 MDCLII.
2155 4139 2620 4204 Quemadmodum
2647 4141 2697 4190 in
2726 4142 2883 4193 titulo
2904 4141 3047 4209 ipso,
3079 4143 3152 4196 ita
3184 4145 3344 4197 etiam
3365 4147 3418 4198 in
3476 4151 3480 4155 ’

170 4226 644 4279 emendationibus
670 4234 724 4278 et
751 4225 1189 4279 adnotationibus
1236 4224 1313 4297 (2)
1343 4223 1621 4292 professus
1650 4235 1732 4278 cst
1759 4224 1925 4287 Goar,
1954 4223 2240 4291 Nicephori
2277 4234 2479 4278 textum
2506 4226 2719 4277 nonnisi
2752 4226 2817 4278 ad
2844 4225 3114 4282 editiones
3141 4244 3169 4281 a
3193 4243 3252 4284 se
3295 4246 3419 4285 esse

173 4313 523 4364 recensitmn.
575 4310 849 4380 Ejusmodi
914 4312 1276 4366 subsidiorum
1345 4312 1545 4366 auxilio
1594 4313 1721 4380 quid
1780 4312 2028 4381 praestari
2078 4313 2291 4380 possit,
2354 4313 2583 4365 lectores
2631 4312 2873 4366 benevoli
2935 4314 3034 4382 ipsi
3103 4324 3162 4368 ut
3229 4331 3419 4374 secum

175 4409 426 4466 reputent
458 4400 639 4462 velim,

249 4491 454 4545 Saecnlo
477 4492 685 4545 decimo
707 4499 899 4544 octavo
937 4489 1225 4544 Anselmus
1256 4489 1584 4554 Bandurius,
1615 4489 1945 4559 Ragusinus,
1973 4490 2256 4560 presbyter
2285 4499 2339 4544 et
2363 4493 2663 4546 monachus
2690 4492 2908 4547 Ordinis
2947 4491 3006 4545 S.
3063 4491 3340 4549 Benedicti
3389 4512 3422 4552 ο

170 4582 594 4646 congregatione
626 4577 916 4645 Melitensi,
967 4576 1256 4646 Nicephori
1301 4593 1546 4646 operum,
1578 4593 1807 4645 quorum
1848 4579 1998 4646 plura
2027 4578 2224 4631 inedita
2285 4577 2339 4630 in
2399 4578 2848 4632 bibliothecarum
2875 4580 3094 4633 scriniis
3129 4583 3308 4637 adhuc
3335 4584 3416 4636 la-

172 4675 314 4730 tent,
349 4676 700 4735 conspectum
731 4666 919 4729 edidit,
954 4665 1038 4717 cui
1067 4664 1254 4717 titulus
1290 4680 1302 4716 :
1334 4663 1652 4732 Conspectus
1701 4680 1914 4732 operum
1953 4665 2012 4718 S.
2044 4663 2351 4731 Nicephori,
2405 4666 2719 4731 patriarcha:
2770 4663 2913 4729 ΟΡ..
2949 4684 3067 4736 qua:
3121 4669 3421 4736 propediem

167 4752 377 4806 duobus
403 4755 556 4805 tomis
604 4753 806 4805 edenda
855 4763 998 4815 sunt,
1028 4761 1074 4805 et
1103 4767 1324 4820 quorum
1359 4768 1528 4819 pauca
1562 4753 1811 4804 hactenus
1849 4754 1989 4805 edita
2023 4751 2253 4820 fuerunt,
2286 4761 2391 4806 etc.
2415 4751 2657 4814 Parisiis,
2683 4753 2844 4816 i705,
2874 4753 2942 4806 12
2990 4754 3089 4824 (5).
3123 4753 3229 4809 Sex
3263 4758 3421 4810 annis

168 4847 292 4906 post
318 4839 516 4907 prodiit
549 4839 787 4906 ejusdem
826 4838 1090 4891 Bandurii
1125 4835 1412 4902 Imperium
1445 4837 1717 4902 orientale,
1751 4840 1858 4892 sive
1894 4843 2242 4906 Antiquitates
2290 4839 2894 4908 Constantinopolitanae
2912 4844 2965 4895 in
2989 4854 3220 4911 quatuor
3243 4853 3420 4912 partes

166 4924 752 4986 distributw,Parisiis.
774 4925 931 4978 l7“.
965 4924 1192 4976 Inseruit
1217 4933 1403 4976 auctor
1433 4922 1686 4975 volumini
1723 4927 1896 4991 primu
1917 4927 1992 5000 (4)
2023 4928 2334 4997 Catalogum
2368 4930 2726 4997 episcopprum
2751 4947 2812 4982 ac
2847 4931 3274 4999 patriarcharum
3303 4930 3415 4986 Cl’.

169 5018 470 5084 decerptum
524 5033 588 5069 ex
613 5015 1045 5083 Chronographia
1068 5014 1459 5081 compendiaria
1484 5013 1543 5066 S.
1580 5013 1886 5081 Nicephori,
1930 5017 1992 5066 de
2048 5030 2155 5083 quo
2185 5016 2428 5084 catalogo
2469 5017 2520 5067 in
2562 5016 2834 5072 volumine
2885 5021 3121 5073 secundo
3174 5019 3417 5085 ejusdem

168 5105 352 5172 operis
376 5106 453 5174 (5)
509 5115 798 5158 monentur
850 5105 962 5158 haec
1007 5121 1021 5160 :
1063 5123 1082 5155 ‹
1129 5103 1442 5171 Catalogum
1499 5104 1643 5156 lmuc
1671 5105 2050 5170 episcoporum
2087 5119 2152 5157 ac
2214 5105 2647 5172 patriarcharum
2696 5107 3418 5176 Constantinopolitanorum

171 5195 546 5260 excerpsimus
579 5209 643 5247 ex
676 5193 1121 5262 Chronographia
1154 5193 1553 5260 compendiaria
1602 5191 1772 5244 sancti
1813 5189 2449 5258 Nicephoripatriarcbze
2498 5193 2631 5253 ΟΡ..
2681 5208 2800 5260 qua:
2860 5195 3094 5249 habetur
3125 5195 3177 5247 in
3231 5195 3422 5248 codice

173 5281 342 5350 Regio
401 5299 454 5336 n.
478 5282 638 5348 2508,
674 5282 888 5336 diversa
923 5282 990 5334 ab
1026 5281 1111 5335 illa
1145 5297 1329 5350 quam,
1369 5296 1474 5334 una
1525 5297 1645 5331 cum
1696 5278 1911 5346 Georgii
1946 5279 2182 5348 Syncclli
2239 5279 2710 5349 Cbrouograpbia,
2745 5281 2914 5336 edidit
2951 5283 3294 5337 doctissimus
3340 5281 3424 5334 vir

248 5436 326 5502 (2)
351 5438 410 5492 P.
438 5438 526 5491 86.
567 5457 584 5489 ‹
621 5438 773 5491 Dedit
798 5469 866 5479 —
897 5449 1087 5492 auctor
1110 5439 1392 5492 Misccllm:
1422 5437 1734 5490 .loacbimus
1833 5436 2112 5500 snhjungo.
2143 5452 2160 5482 i

171 5508 541 5579 Camerarius.
582 5520 630 5561 ct
663 5511 1114 5562 commentarium
1151 5511 1376 5562 addidit.
1415 5508 1735 5562 l’aremAn-
1910 5505 2209 5579 (5)_'l‘utt_nn
2239 5505 2382 5560 hunc
2411 5506 3102 5579 Banduriinconspcctum~
3135 5507 3278 5579 typis
3317 5509 3420 5562 itc-

173 5578 1281 5645 toninnanntiuscircaopusculumidem
1311 5580 1734 5631 accommodavit
1838 5575 2401 5645 rumimprimemlum
2437 5579 2648 5631 curavit
2682 5575 2966 5634 Fabricius
2997 5581 3046 5631 in
3069 5575 3207 5633 Bibl.
3231 5576 3420 5633 Graec

173 5665 356 5699 curam
385 5660 436 5700 et
473 5649 708 5702 laborem
751 5668 761 5702 :
797 5643 982 5703 Cizece
1007 5651 1297 5716 divulgavit
1323 5649 1586 5717 Joscpbus
1613 5650 1735 5700 Sca-
1836 5643 2312 5717 ed.llarlc:~'_.ﬂ\’ll,
2348 5663 2399 5713 p.
2427 5647 2530 5701 6ἳο
2566 5664 2718 5716 ερψι.

176 5733 304 5786 niger
341 5721 391 5769 in
423 5730 721 5787 temporum
759 5719 1070 5782 Thesauro;
1107 5715 1175 5771 ad
1217 5715 1462 5788 quorum
1488 5721 1737 5771 editiones

759 5719 1070 5782 Thesauro;
1107 5715 1175 5771 ad
1217 5715 1462 5788 quornnt
1488 5721 1737 5771 editiones
1909 5716 1980 5781 (il
2006 5715 2061 5788 Ρ.
2233 5733 2383 5785 seqq.

173 5785 309 5839 honr
354 5806 383 5838 α
438 5785 909 5856 mei-ontpamtam,
937 5803 982 5843 et
1025 5798 1090 5844 att
1115 5785 1379 5843 (mutuum
1413 5795 1734 5844 ncrcdcnzcm

547 5802 909 5856 'omparutam,
937 5803 982 5843 et
1025 5798 1090 5844 ad
1115 5785 1379 5843 ramulum
1413 5795 1734 5844 acrcdcnzcm
1909 5789 1980 5853 εὖ)
2007 5787 2062 5837 1³.
2086 5785 2204 5837 87-3.
