4196 6436
781 375 883 434 999
1808 375 1870 431 S.
1914 373 1957 431 N
1971 371 2325 431 lCEl‘IlORI
2371 371 2438 428 Px‘

2399 367 2877 427 ἈΤιιιΑιὶαιιίΕ
2917 368 3024 424 ιλιι.
3915 363 4056 425 1υέιο

782 489 842 541 l'.
878 485 1112 540 Jacobus
1173 485 1335 536 Goar.
1373 483 1474 536 Sed
1514 485 1577 539 de
1607 484 1706 540 hac
1738 484 2496 554 NicephoriChronographia
2544 481 2789 549 pluribus
2831 479 3116 547 loquemur
3175 478 3227 532 in
3286 477 3526 533 editione
3574 475 3814 546 Operum
3876 480 4055 529 sancti

781 573 1068 642 Nicephori
1101 570 1232 633 CP.,
1255 571 1339 623 cui
1396 572 1700 639 propediem
1738 588 1954 626 manum
2004 571 2428 624 admovebimus.
2474 589 2492 620 ι
2527 570 2782 622 Attamen
2814 565 3142 631 Bandurius,
3177 567 3471 636 quominus
3506 565 3796 633 promissis
3827 566 3948 619 suis
3977 565 4056 619 bis

786 661 1031 729 repetitis
1061 667 1248 720 starct,
1282 659 1468 710 nescio
1498 659 1691 725 quibus
1718 658 2112 724 impedimentis
2147 657 2414 710 cohibitus
2441 665 2543 710 est.

858 747 1145 802 liberiores
1190 753 1386 810 prazter
1441 742 1774 798 Bandurium
1801 747 2022 798 notitias
2047 747 2111 797 de
2139 747 2417 798 codicibus
2449 756 2578 794 mss.
2605 739 2892 810 Nicephori
2921 740 3096 810 palam
3148 749 3551 810 proposuerunt
3583 739 3685 792 viri
3735 736 4052 790 doctissimi

785 834 1130 888 Lambecius.
1159 830 1504 884 Montfaucou
1538 845 1591 883 et
1634 830 1868 894 Yriarte,
1891 832 1955 884 de
1981 832 2173 898 quibus
2197 829 2508 882 consulatur
2535 827 2768 883 Fabricii
2812 827 2952 884 Bibl.
2985 826 3079 882 Gr.
3113 829 3200 881 ed.
3236 825 3442 880 Harles.
3480 825 3589 889 VII,
3629 841 3684 894 p,
3737 822 3854 878 462
3899 841 3950 877 s.
4002 834 4053 877 ct

784 938 838 990 ιι.
866 921 988 980 609.,
1023 934 1127 986 quo
1146 919 1196 971 iu
1227 919 1363 970 libro
1382 919 1542 969 etiam
1569 918 1773 971 codicis
1795 916 2102 986 Nicephori,
2121 918 2210 984 qui
2235 917 2372 970 lente
2402 927 2738 979 asservatur,
2766 917 3055 986 aliquoties
3079 917 3281 968 mentio
3314 915 3394 967 fit.

850 1005 969 1058 Jam
1002 1008 1183 1074 igitur,
1213 1005 1576 1058 snbsidiorum
1616 1007 1931 1058 criticorum
1969 1019 2194 1056 numero
2223 1014 2402 1057 nostra
2431 1011 2588 1055 :etate
2617 1011 2900 1068 tantopere
2931 1002 3186 1060 adauctu,
3221 1016 3326 1052 non
3371 1010 3512 1063 erat,
3540 1001 3680 1068 quod
3731 1001 3926 1054 editor
3956 1014 4049 1050 no-

787 1096 1037 1148 vissimus
1072 1092 1225 1156 hujus
1249 1089 1534 1159 Nicephori
1564 1093 1749 1152 libelli,
1783 1093 1833 1144 in
1881 1091 2108 1156 Corpore
2162 1093 2479 1159 scriptorum
2507 1087 2758 1142 Historia:
2779 1088 3114 1157 Byzantium,
3143 1091 3288 1155 quod
3318 1089 3658 1142 celeberrimi
3733 1087 4044 1149 Niebuhrii,

779 1178 890 1245 jam
919 1176 1178 1235 defuncti,
1213 1175 1312 1226 sub
1335 1176 1590 1242 auspiciis
1619 1175 1840 1242 prodiit,
1863 1185 1916 1228 et
1945 1175 2203 1228 editionis
2227 1177 2602 1230 emendatioris
2629 1185 2678 1227 et
2733 1177 3042 1242 copiosioris
3089 1190 3198 1242 prae
3252 1190 3311 1228 se
3343 1173 3448 1228 fert
3474 1175 3711 1235 titulum,
3737 1173 3917 1228 Goari
3948 1186 4045 1228 tam

787 1276 991 1317 textum
1023 1276 1183 1326 quam
1213 1260 1616 1322 adnotationes,
1650 1271 1941 1329 utrumque
1969 1261 2107 1313 male
2129 1262 2507 1328 compositum,
2532 1273 2819 1332 repeteret.
2843 1265 3131 1315 Adhibitus
3154 1263 3389 1328 -_quidem
3420 1271 3503 1315 est
3533 1277 3562 1313 a
3622 1261 3919 1314 Dindorfio
3962 1278 4044 1313 c0-

783 1351 883 1402 dex
908 1363 1046 1400 unus
1073 1346 1370 1408 Parisinus,
1403 1348 1494 1399 sed
1531 1348 1878 1415 parvipretii,
1906 1349 2016 1400 imo
2044 1348 2280 1400 fortasse
2306 1364 2411 1402 non
2439 1351 2686 1402 diversus
2719 1351 2788 1402 ab
2830 1365 2897 1402 eo
2925 1363 3034 1416 quo
3056 1348 3302 1415 Sealiger
3330 1364 3460 1400 usus
3489 1357 3611 1412 est;
3640 1349 3859 1401 lacuna:
3907 1350 4043 1401 enim

783 1438 1056 1506 graviores
1089 1438 1141 1490 in
1175 1445 1400 1504 utroque
1416 1437 1640 1488 caulem.
1669 1437 1748 1488 Ad
1799 1438 1898 1490 hoc
1954 1439 2216 1490 accedunt
2243 1436 2406 1490 Goari
2433 1435 2486 1486 in
2515 1435 2958 1488 adnotationibus
2988 1450 3225 1497 eri-ores,
3260 1436 3310 1486 in
3364 1435 3468 1487 hth
3527 1437 3823 1486 novissima
3887 1447 4045 1504 atque

782 1526 1062 1577 ememlata
1085 1523 1324 1574 editione
1384 1525 1614 1589 repetiti.
1658 1524 1816 1588 Quid,
1850 1526 1993 1591 quod
2028 1526 2207 1577 editor
2252 1537 2320 1577 ne
2383 1525 2687 1575 versionem
2726 1523 2945 1587 quidem
2985 1521 3232 1573 Latinam
3263 1522 3430 1573 textui
3466 1522 3654 1575 Graeco
3686 1523 3777 1574 hic
3815 1523 3954 1581 illic,
3987 1538 4045 1574 ne

782 1611 955 1662 dicam
985 1610 1291 1671 emendato,
1325 1619 1529 1660 mutan
1555 1619 1732 1661 tamen
1772 1612 2298 1664 accommodaverit?
2329 1611 2437 1663 Cur
2469 1611 2683 1661 tandem
2731 1607 3094 1662 Valentiniani
3154 1623 3376 1675 prorsus
3409 1617 3662 1674 corrupta
3721 1609 4043 1676 genealogia

783 1699 1011 1765 repetita
1036 1707 1138 1757 est,
1167 1712 1268 1747 una
1295 1694 1590 1749 cumGoari
1611 1697 1960 1752 adnotatione
1982 1716 1995 1728 '
2023 1698 2090 1750 Ut
2124 1701 2206 1751 hic
2236 1697 2438 1758 Grmce,
2458 1699 2529 1747 ita
2564 1693 2747 1746 Latine
2769 1703 3072 1758 corruptam
3096 1694 3300 1746 exhibet
3334 1695 3648 1747 Anastasius
3673 1695 3896 1763 Regius.
3916 1709 4041 1759 etc.;

781 1798 903 1835 cum
932 1781 1248 1833 Lambecius
1279 1780 1355 1849 (6)
1381 1781 1488 1846 jam
1524 1783 1733 1849 pridem
1765 1785 2185 1837 emendatiorem
2216 1782 2597 1851 preposuerit?
2651 1780 2762 1835 Cur
2819 1782 3006 1834 mutila
3059 1781 3110 1832 itt
3163 1783 3266 1833 line
3297 1781 3417 1834 libri
3439 1781 3837 1841 stichometria,
3876 1798 4040 1845 quam

783 1869 1129 1936 integriorem
1188 1866 1530 1919 Montfaucon
1587 1870 1663 1934 (7)
1716 1869 1826 1936 jam
1859 1870 2063 1936 pridem
2094 1869 2488 1936 divulgaverit?
2516 1869 2620 1921 Sed
2659 1869 2776 1923 bzec
2805 1870 3088 1922 hactenus.
3125 1867 3355 1921 Textum
3388 1871 3532 1922 enim
3561 1869 3852 1936 Nicephori
3896 1869 4044 1923 Grae-

781 1972 926 2017 cum,
964 1957 1100 2024 typis
1129 1957 1303 2006 adhuc
1333 1955 1675 2021 impressum,
1720 1957 1806 2007 vix
1841 1956 2001 2010 ullius
2034 1970 2155 2010 esse
2182 1958 2364 2024 pretii,
2385 1971 2451 2009 ex
2485 1959 2568 2010 bis
2597 1973 2716 2024 quae
2749 1957 2936 2024 paucis
2959 1957 3378 2024 disputavimus,
3419 1967 3572 2010 certo
3599 1961 3833 2010 couStal.

853 2042 1005 2107 Quod
1033 2054 1209 2094 autem
1246 2043 1310 2094 ad
1338 2041 1499 2107 hujus
1532 2043 1915 2110 Chronologia:
1945 2045 2230 2098 utilitatem
2265 2045 2478 2106 attinet,
2505 2045 2658 2113 plura
2719 2046 2902 2098 insunt
2933 2061 3052 2114 qua:
3097 2045 3178 2099 vel
3212 2047 3450 2098 novitate
3497 2062 3592 2098 sua
3653 2047 3738 2099 vel
3795 2047 3941 2099 alias
3979 2051 4042 2098 ob

783 2146 975 2183 causas
1010 2145 1068 2183 se
1103 2130 1511 2183 commendent.
1545 2127 1644 2182 Vix
1675 2131 2097 2184 commodiorem
2147 2147 2319 2184 annos
2344 2135 2527 2185 mundi
2579 2135 2922 2201 computandi
2960 2133 3229 2187 rationem
3259 2135 3554 2198 inveneris,
3591 2149 3756 2202 quam
3808 2151 3834 2185 a
3889 2134 4043 2187 Nice-

784 2228 953 2293 phoro
982 2224 1335 2290 pr0positam.
1366 2222 1639 2276 Reccnsus
1665 2226 2027 2289 Augustarum
2060 2225 2174 2276 sive
2207 2239 2436 2276 uxorum
2484 2225 2871 2292 imperatorum
2903 2227 3014 2294 jam
3041 2225 3417 2280 Camerarium
3442 2225 3648 2292 justum
3675 2217 4037 2294 jlaudatorcm

784 2315 992 2367 habuit.
1033 2310 1412 2367 Stichometria
1446 2310 1706 2364 librorum
1743 2311 2080 2374 biblicorum,
2121 2311 2233 2364 sola
2263 2311 2403 2378 apud
2463 2309 2718 2364 Nostrum
2756 2313 2933 2373 obvia,
2973 2313 3211 2366 historia:
3263 2314 3377 2366 sive
3438 2315 3665 2367 canonis
3707 2313 3827 2365 sive
3863 2327 4043 2366 textus

786 2401 994 2454 ratione
1021 2399 1223 2459 habita,
1256 2396 1476 2449 maximi
1509 2407 1595 2450 cst
1627 2397 1912 2450 momenti.
1949 2396 2245 2459 Praeterea,
2279 2412 2500 2466 parvum
2551 2397 2758 2450 huncce
2800 2397 3034 2450 libellttnt
3085 2400 3135 2451 in
3203 2400 3397 2466 primis
3433 2399 3688 2466 juvenum
3723 2401 4042 2452 seminariis

786 2487 1102 2553 theologicis
1148 2485 1508 2550 ascriptorum
1546 2485 1743 2537 studiis
1770 2483 2081 2537 conducere
2105 2499 2263 2550 posse
2294 2485 2527 2536 confido.
2564 2483 2884 2551 Suppeditat
2914 2486 3056 2536 enim
3103 2486 3187 2539 hic
3235 2486 3470 2548 libellus,
3507 2488 3596 2554 qui
3644 2455 3726 2538 ?ot
3761 2503 3908 2554 pene
3961 2489 4042 2540 hi-

786 2575 1036 2633 storicas,
1068 2574 1392 2638 exegcticas,
1419 2572 1635 2624 critic:is
1673 2572 2026 2638 quaestiones,
2061 2582 2192 2639 quot
2223 2573 2383 2623 verba
2419 2571 2684 2631 continet,
2744 2571 2946 2638 largam
3004 2573 3205 2625 diversi
3270 2574 3489 2640 generis
3532 2573 3768 2641 copiam,
3803 2576 3885 2626 .in
3941 2592 4040 2642 qua

786 2661 1098 2727 exponenda
1132 2670 1292 2725 atque
1323 2658 1671 2724 dijudicainla
1713 2659 1840 2724 quid
1877 2669 2132 2725 prazstare
2157 2659 2365 2725 possint
2395 2659 2539 2711 vires
2565 2658 2831 2726 juvenilcs
2858 2659 3359 2724 experiantur..|am
3396 2661 3524 2712 mihi
3557 2661 3655 2728 ipsi
3681 2643 3770 2714 [est
3801 2664 4041 2727 animus,

787 2749 910 2800 data
948 2747 1256 2809 occasione,
1278 2745 1506 2812 singulis
1534 2745 2088 2798 commentationibus
2143 2745 2380 2814 singulas
2413 2744 2570 2812 hujus
2604 2744 2768 2797 libclli
2802 2756 2983 2813 partes
3045 2747 3382 2814 disquirendi
3418 2758 3582 2814 atque
3634 2750 3996 2802 examinandi
4028 2765 4042 2812 ;

787 2846 1116 2902 quapropter
1143 2851 1307 2897 nunc,
1326 2848 1443 2900 quae
1473 2834 1538 2885 de
1561 2845 1804 2895 auctore,
1828 2834 1942 2885 sive
1975 2835 2154 2902 potius
2184 2833 2493 2886 auctoribus
2520 2831 2682 2900 hujus
2705 2832 2869 2885 libelli
2903 2834 3123 2887 dicenda
3157 2834 3414 2906 haberem
3439 2835 3754 2902 praetermisi
3778 2854 3792 2900 ;
3832 2837 3952 2889 imo
3980 2851 4045 2889 ne

790 2924 952 2974 totius
983 2923 1197 2987 quidem
1223 2920 1467 2987 opusculi
1495 2929 1698 2972 textum
1729 2920 2002 2985 Graecum,
2044 2921 2498 2989 quemadmodum
2543 2918 2596 2971 in
2656 2919 2793 2971 votis
2827 2920 3146 2982 habueram,
3190 2935 3464 2987 proposui,
3502 2921 3598 2974 sed
3653 2923 3888 2988 primam
3928 2934 4048 2975 tan-

792 3017 904 3060 tum
936 3011 1052 3074 ejus
1081 3017 1307 3075 partem,
1346 3023 1464 3075 quze
1495 3024 1609 3060 mea
1639 3023 1705 3059 ex
1735 3009 2002 3061 sententia
2038 3020 2233 3077 praeter
2259 3013 2428 3076 ipsam
2477 3004 2768 3074 Nicephori
2815 3005 3344 3074 Clironographiam,
3374 3009 3749 3077 additamenta,
3775 3010 4037 3077 quadam

794 3098 983 3149 incerti
1016 3096 1255 3147 auctoris
1283 3097 1714 3160 comprehendit,
1753 3105 1812 3147 ut
1838 3098 2011 3150 serius
2031 3097 2276 3164 pluribus
2311 3098 2721 3149 demonstrabo.

865 3184 919 3235 In
949 3183 1262 3234 adornaiulo
1295 3193 1474 3233 autem
1511 3193 1657 3234 textu
1707 3181 1918 3244 Grazco,
1963 3198 2084 3234 cum
2128 3187 2192 3234 ad
2231 3183 2585 3236 bibliothecas
2620 3180 2971 3250 Viudobona),
3007 3186 3254 3250 Parisiis,
3298 3185 3527 3240 Madridi
3551 3188 3730 3242 aditus
3767 3190 3906 3243 mihi
3943 3206 4046 3245 non

795 3279 1025 3336 pateret,
1057 3271 1125 3320 ita
1153 3278 1397 3320 versatus
1433 3284 1572 3328 sum,
1606 3279 1663 3320 ut
1694 3271 1935 3320 codicem
1964 3269 2238 3322 leneusem
2271 3285 2392 3321 cum
2430 3279 2576 3323 textu
2609 3272 2907 3325 editionum
2956 3273 3240 3342 diligenter
3264 3273 3566 3332 conferrem
3602 3284 3654 3328 et
3701 3278 3916 3331 codicis
3970 3280 4047 3331 le-

795 3357 1002 3408 ctiones
1038 3370 1224 3408 omnes
1276 3355 1406 3406 mihi
1469 3369 1572 3406 non
1605 3357 1858 3422 probatas
1892 3356 2456 3408 animadversionibus
2480 3357 2683 3410 criticis
2712 3358 3034 3424 insererem,
3059 3361 3243 3413 addito
3285 3361 3441 3429 signo
3481 3361 3740 3416 lectiones
3782 3366 4049 3419 editionis

795 3443 908 3495 sive
935 3440 1096 3495 Goari
1128 3442 1240 3493 sive
1267 3440 1526 3493 Dindorlii
1559 3443 1713 3506 signo
1744 3441 1806 3494 V.
1840 3443 1918 3494 vel
1950 3440 2102 3509 Vulg.
2144 3443 2374 3495 iudicavi
2402 3459 2417 3507 ;
2449 3444 2707 3496 lectiones
2732 3454 2912 3498 autem
2940 3447 3146 3498 codicis
3171 3446 3399 3499 Parisini
3433 3463 3461 3499 a
3493 3449 3766 3501 Dindorfio
3808 3453 4045 3504 adhibiti

799 3532 976 3582 littera
1007 3529 1070 3580 li.
1127 3529 1394 3596 (Regius).
1434 3527 1871 3594 Quotiescunque
1902 3528 2159 3582 Dindorlii
2189 3539 2365 3583 textus
2388 3545 2414 3582 a
2440 3540 2586 3583 textu
2647 3531 2809 3585 Goari
2843 3535 3120 3592 recederet
3145 3574 3160 3598 ,
3203 3536 3468 3589 Dindorfii
3527 3553 3723 3590 nomen
3781 3543 4045 3610 ascripsi.

799 3617 1055 3684 Scaligeri
1098 3617 1390 3669 editionem
1425 3617 1737 3680 secundum,
1779 3619 1828 3668 in
1882 3616 2162 3670 Thesauro
2187 3627 2513 3687 temporum,
2549 3621 2965 3689 Amstelodami,
3004 3626 3142 3679 1658
3173 3628 3429 3695 (primam
3477 3644 3581 3681 non
3614 3630 3833 3694 habui),
3869 3635 4049 3684 denuo

797 3705 1020 3766 contuli,
1052 3704 1142 3755 sed
1187 3704 1402 3755 nonnisi
1439 3717 1606 3770 usque
1634 3704 1699 3755 ad
1750 3703 2114 3756 Alexandrum
2148 3704 2420 3772 Magnum,
2457 3712 2712 3776 quoniam
2774 3728 2840 3766 ex
2879 3714 3200 3770 lectionibus
3255 3718 3592 3771 variantibus
3653 3721 3792 3772 nihil
3834 3723 4049 3774 fructus

793 3791 912 3858 capi
941 3804 1096 3857 posse
1124 3789 1382 3841 intellexi.
1411 3788 1696 3842 Lectiones
1722 3790 1805 3842 ha:
1830 3791 1999 3858 signet
2015 3788 2158 3844 Scal.
2190 3792 2248 3843 ll
2290 3794 2716 3862 distinguuntur.
2749 3797 2916 3854 Porro
2955 3803 3133 3856 Contii
3167 3812 3393 3866 textum,
3434 3776 3498 3858 ea
3533 3805 3868 3860 Bibliotheca
3907 3807 4046 3861 San-

791 3889 994 3928 ctorum
1025 3874 1271 3934 Patrum,
1289 3891 1377 3940 per
1396 3875 1761 3944 Margarinum
1782 3877 1845 3928 de
1871 3876 1943 3928 La
1966 3877 2149 3944 Bigue,
2172 3892 2301 3933 tom.
2327 3879 2434 3946 VII,
2454 3886 2532 3938 ed.
2557 3887 2590 3937 ‘2
2623 3886 3040 3953 Parisiis,1589,
3063 3907 3114 3957 p.
3135 3891 3240 3944 974
3263 3907 3440 3959 seqq.,
3462 3895 3705 3955 adhibui;
3725 3898 3824 3946 sed
3856 3897 4046 3948 sednio

794 3964 922 4014 mihi
967 3962 1087 4014 cavi
1133 3977 1199 4014 ne
1249 3962 1386 4014 ultra
1421 3961 1733 4016 Michaeletn
1771 3975 1824 4015 et
1864 3963 2218 4032 Theophilum
2254 3959 2611 4037 imperatores
2640 3973 2744 4026 CI‘.
2797 3991 3112 4044 pergerem;
3143 3989 3398 4046 praeterea
3454 3984 3698 4033 consului
3765 3986 4045 4036 Anastasii

793 4051 1103 4113 llistoriam,
1140 4065 1205 4103 ex
1270 4051 1506 4106 editione
1563 4050 1804 4114 Fabroti,
1842 4066 1961 4119 qua:
1997 4053 2170 4120 primo
2209 4058 2405 4122 prodiit
2444 4057 2670 4113 Parisiis
2699 4063 2832 4115 l6l9
2885 4065 3025 4116 inter
3061 4067 3356 4133 scriptores
3394 4066 3644 4118 Historia:
3699 4068 4043 4136 Byzantina,

790 4142 821 4189 d
861 4139 1004 4200 inde,
1035 4138 1151 4190 sine
1193 4138 1295 4189 ulla
1327 4146 1502 4191 textus
1526 4140 1810 4201 varietate,
1853 4141 2085 4192 Venetiis
2121 4143 2277 4195 1729.
2317 4144 2394 4197 Ad
2434 4147 2532 4199 has
2557 4149 2824 4202 editiones
2860 4151 3140 4204 referenda
3176 4165 3323 4218 sunt,
3356 4161 3478 4221 “qua:
3505 4157 3778 4209 Anastasii
3821 4161 4048 4210 nomine

789 4224 1461 4291 signavimus.Camerarii
1507 4226 1766 4277 lectiones
1796 4229 2067 4280 variantes
2103 4227 2215 4283 fere
2263 4231 2451 4285 omnes
2492 4244 2545 4285 et
2579 4234 2758 4287 Contii
2794 4237 2843 4288 in
2875 4241 3178 4305 posteriore
3232 4242 3397 4293 libelli
3455 4253 3606 4308 parte
3663 4247 3927 4296 consulto
3957 4262 4046 4299 se-

788 4313 945 4365 clusi.
970 4313 1205 4380 Denique
1239 4312 1522 4379 Nicephori
1563 4314 1874 4381 particulas,
1910 4330 1939 4366 a
1984 4315 2290 4377 Lambecio,
2313 4318 2585 4374 Baudntio
2620 4331 2674 4375 et
2703 4322 3122 4378 Montel'alconio
3155 4329 3204 4379 iu
3271 4328 3424 4381 libris
3458 4345 3621 4396 supra
3655 4331 3902 4384 laudatis
3931 4335 4048 4385 edi-

787 4410 889 4460 tas,
919 4400 969 4452 in
995 4401 1253 4452 auxilium
1279 4399 1519 4451 adhibui.
1544 4400 1851 4468 Catalogum
1885 4405 2130 4455 codicum
2161 4420 2288 4457 mss.
2318 4405 2525 4457 Madriti
2554 4412 2620 4458 ab
2670 4408 2875 4461 l'rmrte
2904 4413 3105 4464 editum
3136 4415 3285 4467 adire
3307 4417 3436 4466 mihi
3472 4432 3574 4465 non
3606 4417 3784 4469 licuit.

859 4487 980 4540 Ilaec
1002 4489 1088 4540 ubi
1124 4487 1358 4540 subsidia
1396 4488 1460 4537 ad
1489 4498 1691 4537 textum
1721 4473 2152 4541 constituenduni
2186 4508 2288 4543 non
2312 4491 2677 4555 sulliciebant,
2708 4510 2773 4546 ex
2808 4496 2917 4562 ipsa
2951 4497 3070 4550 libri
3098 4500 3278 4554 indole
3311 4505 3552 4555 auctoris
3586 4515 3773 4554 veram
3813 4515 4044 4557 senteno

785 4578 916 4627 tiam
954 4576 1260 4642 eonjectttra
1289 4575 1504 4642 assequi
1542 4575 1720 4626 studui
1751 4591 1763 4637 ;
1795 4579 1934 4643 quod
1967 4578 2493 4646 quotiescunque,et
2548 4591 2709 4632 caute
2762 4572 3002 4648 quidem,
3036 4584 3237 4640 factum
3276 4600 3380 4649 est,
3407 4591 3566 4642 verba
3614 4590 3773 4642 uncis
3831 4593 4043 4646 inclusa

785 4664 999 4713 docent.
1037 4661 1299 4713 Numeros
1331 4661 1554 4728 singulis
1584 4661 1662 4712 vel
1704 4663 1939 4728 regibus,
1977 4664 2056 4715 vel
2108 4666 2398 4732 episcopis,
2433 4676 2563 4728 etc.,
2599 4667 2757 4737 vulgo
2803 4673 3118 4738 prmpositos
3150 4690 3177 4726 a
3206 4685 3353 4728 textu
3392 4679 3579 4730 abesse
3633 4679 3818 4744 volui;
3849 4696 4043 4749 magna

781 4748 926 4798 enim
955 4757 1008 4800 et
1041 4749 1287 4799 Codicum
1321 4756 1370 4799 et
1401 4747 1693 4798 editionum
1725 4748 1775 4798 in
1807 4749 1870 4798 iis
1898 4751 2158 4815 ponendis
2186 4754 2441 4815 varietas,
2473 4755 2611 4806 unde
2640 4757 2779 4808 haud
2815 4761 2968 4824 pauci
2994 4775 3207 4816 errores
3233 4763 3284 4815 in
3321 4775 3523 4816 textum
3559 4766 3926 4832 irrepserunt,
3946 4747 4045 4820 ἰιιε

782 4833 1020 4895 edocuit,
1055 4832 1152 4884 bos
1179 4847 1432 4883 numeros
1463 4831 1529 4884 ab
1561 4842 1780 4885 auctore
1808 4835 1924 4902 ipso
1952 4849 2054 4885 non
2080 4850 2200 4887 esse
2241 4838 2530 4904 profectos.

857 4919 1018 4970 Gcari
1053 4920 1352 5005 vct'sinitr'ut
1384 4917 1653 4978 Latinam,
1690 4921 1939 4987 quamvis
1975 4923 2171 4989 sacpius
2220 4928 2740 4992 reprehendendam,
2780 4934 2973 4984 retinui
2998 4935 3236 5001 quidem,
3262 4941 3356 4988 scd
3412 4940 3574 4990 textui
3615 4951 3808 4993 nostro
3845 4942 4045 5009 ubique

786 5021 1082 5076 congruam
1132 5009 1362 5057 reddi-ti.

876 5186 929 5253 fi)
969 5184 1238 5264 Lattiltecii
1276 5195 1571 5264 continent.
1622 5188 1701 5264 ile.
1733 5188 2112 5264 :titgttstissitttn
2157 5190 2357 5264 Biltlio-
2472 5211 2524 5263 p.
2565 5196 2672 5248 580
2731 5215 2877 5264 seqq.

785 5257 935 5310 lilCCal
994 5257 1244 5308 tia-sarea
1305 5256 1728 5308 Vitulobonensi.
1792 5256 1852 5310 ll.
1915 5261 2138 5310 Vindoh.
2189 5263 2342 5312 115139.
2472 5256 2487 5263 ’
2531 5265 2608 5333 (7)
2645 5256 2966 5323 ΒὲὺέἱυίῘιρεα
3004 5272 3356 5334 Coisliuiauu.
3394 5294 3444 5345 p.
3478 5279 3584 5330 205
3626 5292 3676 5333 s.
