4196 6436
200 391 328 460 1061

1034 411 1399 478 ΕΡΙΞΤΟΙ.Λ
1440 421 1541 482 ΑΙ)
1579 422 2079 490 TilEODOSlUM
2123 432 2576 500 MONACHUM.

3295 447 3434 516 1063

1362 566 2170 588 2___-—'-——-_-L,—,,————-—__

215 540 1458 593 ἐει-ξιτ...τὲ

1996 585 3418 626 νὴἯΞ-,εεηε

795 715 1455 807 ΝΙΚΗΦΟΡΟΥ
1527 725 1754 812 ΤΟΥ
1823 728 2718 827 ΧΑΡΤΟΦΥΛΛΚΟΣ
2793 744 2822 776 ⁸

1330 918 2308 1040 ΕΠΙΣΤΟΛΗ

702 1121 878 1174 ΠΡΟΣ
915 1122 1077 1177 TINA
1113 1127 1456 1182 MONAXON
1493 1129 1722 1183 ΘΕΟΔΟῙ

1826 1134 1870 1185 Ν
1911 1136 2028 1188 ΚΑΙ
2076 1139 2396 1194 ΕΓΚΛΕΙΣΊ
2414 1145 2508 1197 υΝ
2551 1147 2923 1218 ΚΟΡΙΝῊΟΥ,

1096 1277 1535 1333 ΠΕΡΙΕΧΟΥΣΑ
1571 1283 1781 1339 ΛΥΣΙΝ
1820 1287 2032 1341 ΤΙΝΩΝ
2068 1293 2511 1354 ΖΗΤΗΜΑΤΩΝ.

882 1594 1552 1689 NICEPHORI
1633 1606 1852 1693 CHA
1880 1611 2707 1708 RTOPHYLACIS

1327 1818 2309 1953 EPISTOLA

413 2040 522 2105 AD
579 2045 1040 2108 MONACIIUM
1103 2047 1508 2143 QUEMDAM
1557 2053 2118 2133 THEODOSIUM,
2168 2065 2264 2123 ET
2308 2056 2702 2135 lNCLUSUM
2761 2078 3173 2151 CORINTHI.

705 2210 1153 2272 CONTINENS
1196 2211 1714 2285 QUARUMDAM
1770 2218 2315 2291 QUIESTIONUM
2351 2230 2890 2300 SOLUTIONEM.

1132 2395 1497 2459 (LIUNCLM'IUS,
1526 2400 1620 2446 Jus
1644 2399 2118 2467 erco—Romanwn,
2151 2421 2258 2471 pag.
2295 2411 2431 2477 5M.)

234 2691 377 2765 Περὶ
412 2685 488 2748 ὧν
522 2691 852 2764 ῒρὼτησας,
884 2694 1034 2763 τίμιε
1067 2695 1270 2768 Πάτερ,
1293 2697 1392 2752 οὐκ
1425 2697 1572 2754 ἔστιν
1601 2704 1722 2774 ἡμέ-

1916 2710 1994 2766 De
2035 2713 2230 2784 quibus
2291 2716 2660 2789 interrogasti,
2720 2731 3028 2787 venerande
3065 2730 3246 2804 Pater,
3297 2755 3400 2797 no-

152 2801 323 2856 τερον
354 2784 785 2854 ἀποκρίνασθαι.
825 2785 951 2847 Τοῖς
992 2789 1103 2858 γὰρ
1131 2789 1480 2860 ἀρχιερεῦσιν
1522 2795 1722 2851 ἀνεῖται

1831 2811 2001 2858 strum
2048 2821 2151 2859 non
2194 2816 2277 2862 est
2319 2814 2664 2878 respondere.
2711 2817 3057 2879 Antistitihus
3102 2784 3246 2884 enitr;
3310 2841 3396 2885 ta-

151 2875 220 2927 τὺ
247 2875 318 2928 τὰ
349 2874 573 2928 τοιαῦτα
596 2873 920 2943 οἰκονομεῖν.
958 2876 1154 2947 Ἡμεῖς
1175 2877 1232 2930 δὲ
1251 2917 1267 2944 ,
1306 2879 1404 2950 τῆς
1434 2883 1722 2956 ὑφειμένης

158 2964 384 2989 --μείου
421 2963 571 2989 ι---
639 2965 726 2989 .--κ
764 2964 820 2989 ,λ
863 2964 964 2989 -g-
1003 2967 1310 2989 _t__-_-.,_,
1357 2972 1376 2989 ς
1476 2973 1489 2989 .
1715 2981 1722 2989 .

1831 2893 1960 2948 lium
1991 2897 2318 2967 dispensatio
2351 2903 2612 2970 permissa
2643 2917 2749 2962 est.
2783 2909 2894 2967 Nos
2923 2926 3101 2970 autem
3130 2921 3223 2989 qui
3258 2921 3398 2977 inie-

156 2964 384 3036 μερίδος
419 2963 571 3027 ὄντες
593 3005 606 3028 ,
639 2965 731 3017 καὶ
763 2964 824 3017 τὺ
861 2964 964 3036 τῆς
1003 2967 1312 3039 ὑπηρεσίας
1357 2972 1645 3044 λαχόντες,
1680 2981 1722 3033 el

1834 2987 1998 3042 rioris
2049 2991 2259 3047 ordinis
2306 2993 2591 3051 ministerii
2629 3001 2804 3056 sortiti
2848 3020 3055 3074 sumus,
3089 2963 3214 3067 lie'et
3250 3015 3394 3070 iudi-

151 3059 252 3109 καὶ
288 3056 539 3122 ἀνάξιον,
581 3056 837 3125 ἀξίωμα,
887 3060 1256 3131 προσκρούειν
1292 3063 1559 3135 δοκοῦμεν
1606 3072 1726 3136 ταῖς

149 3149 475 3209 κανονικαῖς
514 3145 824 3212 διατάξεσιν
850 3187 864 3214 ,
905 3148 1024 3217 εῐγε
1055 3151 1186 3221 περὶ
1213 3151 1322 3206 τῶν
1351 3153 1609 3210 τοιούτων
1649 3160 1724 3230 μὴ

150 3236 653 3307 παραχωρούμενοι
701 3237 921 3304 λέγειν,
963 3238 1098 3292 ἀλλὰ
1144 3243 1296 3312 παρὰ
1338 3242 1581 3299 ὲνθάδιον
1621 3249 1723 3318 ἁρ-

144 3328 384 3398 χιερέως
429 3329 726 3398 μανθάνειν
769 3329 838 3382 τὰ
878 3329 1100 3396 δέοντα,
1144 3332 1558 3405 διασκοποῦμεν
1588 3338 1723 3404 ὅλως

145 3421 289 3492 περὶ
327 3420 434 3473 τῶν
467 3421 746 3486 τοιούτων,
782 3420 878 3472 καὶ
915 3421 1166 3492 λέγομεν.
1199 3425 1273 3477 Τὸ
1302 3425 1412 3496 γὰρ
1435 3429 1598 3481 καλὸν
1622 3432 1719 3483 καὶ

143 3511 366 3564 δίκαιόν
419 3513 869 3582 ὲστιν,,ὲρωτᾷν
919 3514 978 3566 σὲ
1010 3513 1101 3567 τὸν
1146 3516 1467 3585 προεστῶτα
1517 3523 1616 3589 τῆς
1663 3524 1719 3575 ὲν

150 3603 410 3673 Κορίνθῳ
441 3603 768 3674 Ἐκκλησὶας
827 3606 1124 3676 ἀρχιερέα,
1180 3607 1272 3660 καὶ
1320 3610 1450 3681 παρ’
1507 3613 1716 3665 ἐκείνου

144 3695 484 3766 μανθάνειν,
530 3697 622 3749 καὶ
657 3696 825 3766 μηδέν
868 3714 921 3750 τι
953 3696 1082 3751 ἄνευ
1135 3699 1234 3770 τῆς
1277 3703 1501 3772 γνώμης
1551 3704 1716 3757 αὑτοῦ

142 3783 241 3838 ἐπὶ
271 3784 510 3856 σωτηρίᾳ
534 3785 720 3856 ψυχῶν
746 3786 1194 3858 διαπράττεσθαι,
1230 3789 1365 3844 ἀλλὰ
1398 3793 1532 3862 μηδὲ
1571 3793 1716 3864 λογι-

145 3875 322 3947 σμοὺς
345 3875 625 3946 δέχεσθαι,
677 3877 708 3948 ἢ
742 3879 1133 3933 καταλλάττειν
1160 3881 1284 3946 τοὺς
1321 3883 1377 3937 ἐν
1423 3886 1710 3958 μετανοίᾳ,

147 3965 226 4038 μὴ
282 3966 410 4038 παρ’
461 3966 626 4021 αὑτοῦ
684 3966 1033 4040 λαμϐάνοντα
1080 3970 1140 4023 τὸ
1186 3970 1485 4043 ἐνδόσιμον.
1543 3975 1712 4030 Τοῦτο

143 4054 256 4124 γὰρ
283 4054 312 4125 ἡ
345 4055 676 4126 ἀποστολικὴ
708 4058 800 4109 καὶ
831 4058 1072 4129 πατρικὴ
1103 4058 1204 4129 τῆς
1236 4061 1566 4132 Ἐκκλησίας
1591 4066 1708 4121 διά·
1741 4047 1783 4103 Β

141 4143 296 4209 ταξις
350 4141 596 4214 βοπλεται
681 4147 831 4200 Ἐπεὶ
871 4149 926 4201 δὲ
959 4150 1228 4220 ἠθέλησας
1271 4153 1364 4205 καὶ
1407 4157 1537 4224 παρ’
1572 4156 1708 4225 ἐμοῦ

145 4236 340 4306 μαθεῖν
380 4253 456 4300 τι,
503 4236 646 4306 λέγω
677 4238 776 4291 οὐκ
805 4239 898 4307 ἀφ’
931 4242 1125 4293 ἑαυτοῦ
1147 4280 1163 4305 ,
1197 4243 1319 4295 οὐδὲ
1355 4242 1428 4306 ὡς
1459 4245 1709 4311 ἐξουσίαν

141 4329 284 4397 ἔχων
315 4344 368 4380 τι
427 4329 485 4381 ὲν
534 4331 645 4392 τοῖς
684 4330 948 4392 τοιούτοις
995 4335 1336 4402 οἰκονομεῖν,
1386 4335 1502 4388 ἀλλ’
1544 4337 1605 4401 ἐξ
1633 4331 1707 4392 ὧν

139 4421 246 4473 ἀπὸ
278 4419 388 4474 τῶν
421 4420 717 4474 κανονικῶν
750 4420 968 4488 βιϐλίων
995 4423 1334 4492 ἠρυσάμεοα.

200 4511 505 4580 Διγάμους,
538 4511 572 4581 ἢ
622 4512 1006 4582 πορνεύοντας,
1047 4513 1079 4582 ἢ
1120 4514 1524 4584 πορνεύσαντας
1558 4517 1706 4584 ἅπαξ

131 4601 227 4652 καὶ
255 4600 435 4669 μόνον,
467 4600 718 4670 οὐδαμῶς
759 4603 1055 4672 ἱερατεύειν
1092 4605 1124 4672 ή
1161 4607 1424 4677 κανονικὴ
1448 4608 1702 4678 ἀκρίῦεια

128 4688 415 4758 βούλεται·
473 4689 588 4742 ἀλλ’
636 4691 760 4743 οὐδὲ
816 4693 942 4755 τοὺς
999 4694 1355 4764 πορνεύοντας
1401 4703 1701 4768 κοσμικοὺς

124 4780 238 4831 τῶν
281 4778 438 4832 θείων
469 4780 908 4852 μεταλαμὸἀνειν
957 4786 1307 4855 μυστηρίων,
1358 4789 1406 4840 εἱ
1456 4789 1530 4859 μὴ
1557 4792 1694 4844 ἀπό-

127 4886 349 4939 σχοιντο
377 4869 469 4923 τοῦ
502 4871 802 4936 animi.
832 4873 909 4943 τῷ
940 4875 1235 4945 ἁρμόζοντι
1268 4880 1526 4950 ἐπιτιμίῳ
1564 4883 1699 4937 ὑπο-

123 4962 356 5014 πέσουσι
406 4964 500 5015 καὶ
531 4963 929 5018 δουλεύσουσιν.
967 4967 1028 5018 Εἰ
1061 4967 1155 5020 καὶ
1204 4969 1280 5039 μὴ
1333 4970 1486 5034 ὄντες
1534 4975 1698 5043 ἱερεῖς

122 5051 372 5119 μοναχοὶ,
403 5050 680 5121 δεχόμενοι
728 5054 1023 5124 λογισμοὺς
1063 5074 1222 5111 τινων
1247 5100 1261 5125 ,
1309 5061 1402 5113 καὶ
1430 5062 1694 5134 δεσμοῦν-

116 5161 213 5205 τες
238 5184 253 5207 ,
306 5145 398 5195 καὶ
439 5143 690 5211 λύοντες,
726 5149 1148 5215 γινωσκέτωσαν
1208 5152 1289 5204 ὅτι
1321 5155 1693 5223 ἀκανονιστως

1827 3079 1952 3148 gni,
2019 3080 2376 3151 dignitatem,
2442 3085 2716 3145 oﬂ‘endere
2781 3094 3027 3152 videmur
3099 3106 3393 3163 eanonicas

1824 3170 2258 3241 constitutiones,
2287 3174 2331 3228 si
2362 3191 2484 3230 cum
2515 3179 2581 3232 de
2612 3180 2695 3234 his
2725 3199 2830 3238 non
2859 3188 2930 3241 sit
2961 3190 3118 3246 nobis
3153 3196 3386 3261 permis-

1826 3275 1945 3314 sum
1995 3261 2200 3328 dicere,
2258 3266 2351 3319 sed
2397 3281 2462 3321 ea
2505 3283 2536 3322 a
2577 3272 2810 3342 regionis
2861 3279 3103 3336 antistite
3155 3284 3417 3352 discerc,‘

1823 3366 1942 3419 quin
1967 3364 2206 3423 oportet,
2232 3356 2578 3427 dispiciamus
2600 3365 2822 3420 omnino
2843 3369 2909 3424 de
2937 3371 3019 3425 his
3037 3380 3090 3427 et
3113 3373 3389 3436 dicamus.

1821 3443 2058 3512 Equum
2113 3449 2255 3502 enim
2291 3458 2348 3504 et
2370 3450 2576 3526 justum
2627 3465 2746 3524 est,
2799 3469 2858 3514 ut
2899 3465 3184 3529 prcsulem
3232 3479 3384 3526 tuum

1818 3535 2111 3593 Corinthia:
2140 3529 2724 3613 eeclesidﬁontiﬁcem
2774 3550 3095 3623 interroges.
3129 3567 3184 3614 et
3212 3563 3280 3618 ab
3315 3578 3382 3620 eo

1818 3626 2015 3693 discas,
2068 3629 2311 3697 nihilque
2342 3633 2461 3688 sine
2495 3633 2610 3703 ejus
2658 3644 2922 3697 sententia
2954 3646 3099 3700 circa
3149 3649 3380 3707 salutem

1817 3721 2119 3775 animarum
2149 3721 2318 3779 facias
2357 3744 2369 3780 :
2401 3727 2496 3782 sed
2535 3743 2634 3784 nec
2661 3731 2736 3801 (i)
2770 3734 3050 3792 ratiocinia
3082 3742 3372 3814 suscipias,

1816 3820 1906 3866 aut
1934 3812 2160 3881 gratiam
2209 3817 2463 3874 concilies
2494 3823 2905 3890 paenitentibus,
2937 3829 3036 3884 nisi
3057 3830 3133 3902 (2)
3152 3812 3376 3905 accepta

1815 3901 1880 3956 ab
1905 3917 1970 3958 eo
2023 3904 2200 3960 venia.
2236 3904 2348 3963 Hoc
2392 3909 2536 3965 enim
2570 3913 2688 3967 vult
2730 3916 3023 3984 apostolica
3053 3901 3119 3975 et
3147 3901 3377 3991 paterna

1812 3994 2065 4054 Ecclesia:
2095 4000 2438 4058 constitutio.
2462 4003 2728 4072 Quoniam
2756 4016 2934 4063 autem
2959 4009 3178 4068 voluisti
3207 4017 3375 4072 etiam

1810 4100 1838 4138 a
1871 4103 1956 4141 me
2000 4089 2208 4145 discere
2239 4091 2532 4161 quidpiam,
2584 4095 2761 4151 dicam
2799 4113 2904 4153 non
2949 4115 2977 4155 a
3010 4103 3238 4173 meipso,
3271 4121 3372 4161 nec

1810 4185 1867 4229 ut
1893 4188 2213 4244 potestatem
2254 4182 2460 4237 habens
2503 4186 2554 4238 in
2596 4186 2680 4240 his
2705 4189 3000 4258 quidquam
3047 4198 3369 4263 statuendi,

1808 4265 1898 4320 sed
1938 4276 2205 4336 quatenus
2234 4284 2300 4324 ex
2326 4273 2604 4328 canonicis
2630 4275 2784 4332 libris
2812 4279 3120 4339 hausimus.

1874 4531 2128 4599 Binuhos,
2167 4545 2260 4588 aut
2308 4545 2630 4605 scortantes,
2681 4549 2775 4595 aut
2809 4555 2902 4596 eos
2935 4543 3024 4612 qui
3070 4545 3151 4599 vel
3193 4548 3356 4602 semel

1802 4631 2008 4677 tantum
2053 4627 2272 4681 seortati
2317 4638 2466 4692 sunt,
2523 4630 2833 4699 neutiquam
2881 4647 3034 4689 sacra
3083 4636 3366 4694 celebrare

1801 4714 1915 4768 vult
1945 4718 2203 4773 canonica
2240 4719 2554 4788 disciplina;
2588 4722 2681 4776 sed
2712 4739 2809 4778 nec
2835 4734 3164 4782 scortatores
3197 4743 3362 4782 mnu-

1800 4806 1972 4860 dauos
2024 4805 2328 4863 divinorum
2376 4821 2837 4868 sacramentorum
2885 4816 3002 4870 iieri
3039 4819 3356 4889 participes,

1798 4894 1903 4947 nisi
1933 4909 1962 4947 a
1995 4895 2138 4949 malo
2182 4898 2487 4953 abstineant
2518 4919 2533 4956 :
2566 4903 2693 4970 quin
2730 4911 2786 4956 et
2824 4907 3148 4972 competenti
3183 4923 3360 4977 pinna:

1797 4983 2176 5054 subjicientur,
2208 4999 2262 5043 et
2291 4991 2565 5046 servitutis
2609 5008 2804 5047 nexum
2854 4995 3132 5053 subibunt.
3163 4999 3359 5056 Mona-

1793 5074 1880 5128 chi
1903 5084 2079 5130 autem
2101 5092 2206 5131 non
2235 5081 2563 5147 sacerdotes,
2593 5083 2683 5152 qui
2715 5083 3017 5154 aliquorum
3045 5090 3353 5146 confessio-

1794 5177 1889 5217 nes
1934 5166 2256 5235 suscipiunt,
2296 5168 2526 5238 ligautes
2573 5180 2627 5225 et
2659 5173 2950 5241 solventes,
3001 5177 3178 5232 sciant
3209 5193 3268 5233 se
3299 5181 3354 5233 id

114 5234 286 5286 τοῦτο
302 5235 543 5288 ποιοῦσιν
560 5251 573 5264 ·
602 5238 652 5289 οἱ
675 5238 782 5308 γὰρ
805 5237 946 5306 ἅγιοι
974 5241 1212 5311 Πατέρες
1227 5243 1348 5295 οὐδὲ
1370 5248 1494 5309 τοὺς
1518 5248 1688 5320 ἱερεῖς

1826 5260 1978 5305 ontra
2032 5234 2267 5310 canones
2325 5234 2524 5312 facere.
2577 5257 2766 5316 Sancti
2817 5263 2960 5317 enim
3010 5263 3204 5321 Patres
3250 5283 3353 5324 nec

117 5322 404 5391 βούλονται
438 5323 566 5378 ἄνευ
615 5329 962 5395 προστάξεως
1014 5331 1108 5383 τοῦ
1143 5334 1392 5386 ὲντοπίου
1432 5337 1687 5408 ἄρχοντος
1713 5391 1722 5434 ⁴

117 5413 735 5441 ..---..-“.Ὶέ.-----.--›ν-
761 5421 1016 5441 _-_______,~
1047 5439 1078 5441 γε
1113 5440 1116 5441 ,
1218 5423 1231 5441 ο
1308 5425 1320 5441 ο
1387 5425 1400 5441 ο
1505 5430 1516 5441 .
1563 5431 1572 5441 .
1646 5431 1685 5441 ,μ

1826 5343 2100 5398 acerdotes
2133 5345 2318 5401 volunt
2346 5349 2464 5404 sine
2483 5350 2636 5422 jussu
2670 5355 2930 5409 antistitis
2958 5357 3193 5427 regionis
3214 5373 3346 5412 con-

116 5413 592 5483 καταμαλλάττειν
610 5420 736 5480 τοὺς
758 5421 1176 5489 μετανοοῦντας,
1202 5423 1278 5486 ὡς
1297 5425 1326 5477 ὀ
1345 5425 1400 5490 ς’
1433 5430 1526 5480 καὶ
1551 5431 1578 5482 ὁ
1598 5431 1686 5501 μβ⁹

115 5504 302 5560 κανὼν
329 5508 429 5576 τῆς
469 5509 526 5561 ὲν
557 5510 894 5584 Καρθατένῃ
923 5513 1142 5568 συνόδου
1176 5515 1523 5589 διατρανοῦσι
1543 5538 1557 5553 ο
1591 5523 1684 5579 νῦν

187 5681 371 5753 '__V'iile
396 5696 552 5751 supra
584 5699 706 5753 pag.
745 5685 834 5740 l5.

184 5750 270 5819 (1)
305 5749 359 5804 id
389 5749 473 5806 est
497 5749 886 5812 confessiones.

1793 5437 1984 5491 ciliare
2051 5440 2433 5506 paenitentibus
2480 5445 2732 5513 gratiam,
2781 5456 2838 5498 ut
2879 5446 2912 5500 6
2953 5459 3009 5503 et
3052 5448 3124 5503 ιε
3171 5465 3347 5504 canon

1791 5527 1983 5595 synodi
2028 5527 2474 5598 Carthaginensis
2503 5533 2813 5602 declarant;
2848 5553 2988 5593 nunc
3017 5548 3140 5594 vero
3163 5538 3352 5595 nescio

1862 5702 1931 5775 (εξ)
1966 5706 2078 5764 Nisi
2113 5709 2418 5766 laxamento
2448 5711 2514 5766 ab
2545 5726 2612 5770 eo
2638 5722 2884 5784 accepto.
