4196 6436
263 351 395 419 1077

1320 367 1493 427 νιΤΑ
1532 369 1593 429 S.
1632 369 2009 429 STEPHANI
2049 371 2427 432 JUNIORIS.

3352 369 3487 434 1078

260 464 409 540 πάσῃ
438 470 504 541 τῇ
528 470 843 545 οἰκουμένῃ.
877 473 1083 527 Τούτου
1117 470 1210 529 οὖν
1257 476 1390 546 πρὸς
1425 478 1524 548 τὴν
1548 480 1794 548 ἑνθρονία

1856 491 1897 542 Α
1931 482 2097 544 domi,
2153 482 2376 535 luceret.
2432 482 2564 535 Cum
2607 496 2734 552 ergo
2791 480 2855 543 ad
2916 478 3154 549 ejusdem
3208 482 3260 537 in
3297 483 3485 538 throno

261 573 345 609 σιν
379 559 557 629 πάσης
604 559 706 630 τῆς
741 562 829 631 ὑφ’
874 562 1008 636 ἡλίῳ
1030 557 1475 636 συνδραμούσης,
1503 569 1596 621 καὶ
1644 569 1792 639 πάαη

1927 572 2339 630 collocationem
2389 579 2537 627 totus
2605 582 2868 628 terrarum
2938 557 3088 626 orbis
3160 573 3488 635 conﬂueret.

259 648 473 717 ἡλικίας
516 651 624 705 ἀπό
654 670 713 705 τε
752 653 988 725 γηραιοῦ
1037 657 1131 709 καὶ
1172 658 1503 727 πρεσϐύτου,
1533 661 1794 713 νεανίσκοι

1924 664 2100 718 omnis
2135 666 2309 719 aetatis
2357 663 2685 728 hominibus,
2735 664 2973 729 senibus,
3035 662 3484 729 adolescentibus,

150 723 157 731 ’
256 742 351 794 καὶ
382 744 671 815 νεωτέρου,
708 723 915 816 ἐφήϐου
947 749 1122 801 τεκαὶ
1150 723 1260 801 τῶν
1307 750 1390 803 ἔτι
1438 754 1505 822 τῇ
1535 750 1669 823 θηλῇ
1724 770 1822 823 μυ-

255 833 460 897 ζόντων
485 836 787 906 ἀρτιγενῶν
819 839 1038 911 βρεφῶν
1081 842 1337 897 ἁπάντων
1378 844 1820 916 συνδεδραμηκό-

253 941 364 978 των
384 943 399 956 ·
420 926 486 978 ἶν’
510 929 650 982 είπω
679 947 754 996 τι,
787 932 850 983 ού
883 931 989 1003 μὴν
1015 932 1151 987 ἀλλά
1174 935 1270 987 καὶ
1303 935 1552 1004 ἀγγέλων
1583 954 1819 1006 συγκατ·

259 1018 448 1071 ιόντων
495 1020 631 1089 πρὸς
680 1024 895 1095 ἐκείνην
940 1024 1041 1095 τὴν
1088 1027 1421 1097 εὐφρόσυνον
1475 1029 1812 1099 καθίδρυσιν,

257 1111 399 1177 μετά
432 1112 647 1166 πάντων
686 1117 1055 1186 συνήχθησαν,
1098 1120 1193 1172 καὶ
1248 1114 1393 1174 οὗτοι
1425 1122 1473 1173 οῑ
1517 1121 1619 1191 τῆς
1662 1123 1817 1175 suss-

252 1201 380 1266 ϐοῦς
406 1205 638 1271 ζυγάδος
665 1206 933 1278 εὔκαρποι
960 1210 1055 1263 δύο
1077 1210 1280 1266 θαλλοί.
1314 1214 1424 1265 Καὶ·
1444 1212 1506 1265 τὸ
1530 1214 1623 1267 τοῦ
1653 1214 1812 1269 ἀπεί-

255 1306 349 1357 ρου
398 1292 528 1346 λαοῦ
587 1296 788 1367 πλῆθος
839 1299 1060 1365 ίδόντες,
1089 1300 1322 1371 καὶτῆς
1371 1302 1560 1373 τιμίας
1612 1305 1813 1373 ’Δννης

252 1384 612 1454 ὑποστρέφειν
653 1388 913 1461 θελούσης
942 1391 1030 1447 διὰ
1058 1392 1156 1463 τὴν
1184 1393 1279 1446 τοῦ
1318 1392 1452 1446 λαοῦ
1496 1395 1814 1465 ὀχλαγωγη-

248 1471 432 1527 θεῖσαν
482 1480 776 1548 σύμπνίξιν
831 1484 923 1535 καὶ
960 1482 1252 1554 σύνθρυψιν
1283 1483 1551 1555 ἀλλήλων,
1588 1484 1680 1537 καὶ
1715 1483 1808 1537 τοῦ

246 1566 444 1634 μήπως
473 1569 537 1621 ὲκ
570 1569 665 1621 τοῦ
695 1571 937 1625 τοιούτου
968 1573 1327 1644 ἅναγκασμοῦ
1351 1578 1502 1645 παρὰ
1525 1573 1718 1644 χρόνον
1749 1574 1809 1627 τὸ

241 1654 480 1727 ἔμϐρυον
507 1661 868 1733 ἀπορρήξασα
896 1662 1205 1737 θανατωθῇ.
1246 1666 1361 1720 Ούκ
1391 1665 1647 1719 ἐπένευσε
1671 1665 1807 1736 πρὸς

238 1748 396 1803 τοῦτο
423 1752 451 1803 ὁ
478 1752 682 1823 ταύτης
705 1755 1034 1824 τιμιώτατος
1078 1758 1218 1829 ἀνήρ
1237 1775 1251 1789 ·
1288 1758 1404 1811 ἀλλ’
1454 1757 1529 1821 ὠς
1579 1758 1675 1812 ἆτε
1706 1759 1801 1811 άν-

1917 756 2246 824 juvenibus,
2304 754 2601 808 infamibus
2653 769 2865 824 quoque
2905 765 2957 808 et
3010 755 3330 810 lactentibus
3380 770 3483 809 una

1923 846 2371 902 concurrentibus
2414 864 2430 900 :
2478 848 2623 912 imo,
2670 856 2726 899 ιιι
2773 846 2971 915 aliquid
3019 846 3229 910 dicam,
3280 845 3488 917 angelis

1924 940 2054 1008 ipsis
2076 939 2142 997 ad
2178 938 2322 991 illam
2372 936 2656 992 laatiﬁcam‘
2674 937 2967 992 sessionem
3001 932 3484 1003 descendentibus;
3536 1006 3537 1009 η

1918 1049 2040 1086 cum
2080 1032 2200 1086 aliis
2233 1045 2448 1100 quoque
2469 1039 2837 1100 convenerunt
2863 1031 2970 1084 duo
2992 1030 3064 1098 pii
3106 1030 3250 1098 paris
3277 1029 3484 1085 fertiles

1919 1124 2074 1176 rami.
2106 1097 2500 1185 Verum,_culn
2541 1119 2804 1174 infinitam
2850 1097 3028 1190 populi
3081 1097 3480 1176 multitudinem

1918 1221 2223 1277 cernerent,
2293 1212 2441 1265 Anna
2480 1212 2783 1266 veneranda
2824 1219 3041 1280 propter
3090 1221 3330 1266 mutuam
3386 1213 3482 1265 ho-

1915 1307 2117 1359 minum
2170 1305 2627 1373 compressionem
2683 1312 2737 1356 et
2785 1304 3119 1357 coactionem
3174 1304 3372 1359 revertl
3424 1305 3476 1358 in

1912 1391 2093 1443 animo
2125 1388 2375 1450 habebat,
2415 1402 2481 1440 ne
2503 1386 2639 1440 forte
2667 1387 2831 1441 fretus
2864 1386 3227 1453 liujuscemod'i
3258 1401 3478 1456 oppres-

1910 1482 2061 1535 sione
2090 1479 2318 1533 emissus
2343 1470 2671 1532 moreretur.
2708 1475 2905 1531 Verum
2932 1478 3030 1548 ipsi
3064 1493 3168 1533 non
3198 1479 3471 1533 consensit

1909 1573 1992 1625 vir
2032 1570 2513 1634 honoratissimus;
2562 1569 2654 1623 sed
2681 1583 2802 1622 cum
2854 1568 3266 1623 robustissimus
3306 1576 3467 1631 esset,

1909 1672 1962 1715 et
1979 1661 2219 1728 corporis
2250 1658 2456 1713 viribus
2488 1671 2597 1727 pra:
2622 1657 2742 1710 aliis
2769 1655 2995 1717 valeret,
3021 1670 3138 1709 eam
3184 1655 3387 1725 rogavit
3414 1665 3473 1709 ut

1909 1753 2152 1807 manibus
2175 1765 2270 1805 sua
2301 1749 2462 1803 latera
2488 1746 2944 1818 apprehenderet;
2982 1746 3204 1814 ipseque
3235 1761 3263 1798 a
3292 1744 3469 1800 fronte

238 1840 582 1909 δρειότατος,
636 1848 729 1900 καὶ
783 1847 942 1920 ῥώμῃ
1028 1823 1282 1921 σώματος
1342 1851 1609 1920 ἐνισχύων
1661 1850 1794 1918 ὑπὲρ

1851 1825 1875 1877 3
1904 1843 2104 1912 pellens
2152 1849 2206 1895 et
2239 1839 2473 1895 vicissim
2516 1838 2792 1909 repulsus,
2832 1838 2918 1891 vix
2950 1838 3001 1890 in
3038 1835 3200 1907 5.05
3230 1836 3467 1892 vestibu-

234 1931 430 1994 ἄλλους
461 1953 548 2002 γε,
579 1937 645 1990 τὰ
681 1941 826 2011 χεῖρε
845 1939 1047 2009 ταύτης
1070 1946 1181 2004 τοῖς
1208 1942 1373 1995 αὐτοῦ
1402 1942 1663 1995 κενεῶσιν
1704 1944 1799 2011 ἐγ-

235 2030 458 2094 κρατεῖν
481 2031 1050 2101 παρακελευσάμενος,
1076 2033 1406 2104 ὲμπρόσθιος
1424 2034 1622 2099 αὐτοὺς
1643 2034 1798 2088 ὠθῶν

236 2118 332 2168 καὶ
365 2118 800 2190 ἀντωθούμενος,
837 2123 990 2193 μόλις
1022 2126 1153 2177 ποτὲ
1201 2126 1544 2197 ἠδυνήθησαν
1601 2128 1793 2197 εἰσπη-

229 2205 390 2277 δῆσαι
439 2213 517 2273 εἰς
557 2211 625 2265 τὰ
663 2212 758 2266 τοῦ
796 2217 1035 2285 μεγάλου
1068 2218 1329 2287 τεμένους
1374 2218 1474 2286 τῆς
1515 2218 1608 2271 τοῦ
1660 2217 1795 2271 Θεοῦ

230 2297 434 2368 Σοφίας
490 2303 775 2371 προαύλια.
830 2306 1098 2359 Κάκεῖθεν
1130 2307 1307 2361 άνετοι
1338 2308 1582 2378 εἰσῆλθον
1626 2310 1684 2361 ὲν
1727 2311 1793 2378 τῇ

228 2390 342 2459 πρὸ
364 2391 473 2444 τῶν
500 2394 593 2446 τοῦ
637 2394 741 2448 νεὼ
766 2396 1023 2450 πυλώνων
1051 2400 1183 2469 στοᾷ
1219 2400 1233 2439 ί
1266 2416 1280 2429 ο
1311 2400 1368 2451 ἐν
1410 2392 1454 2466 ᾧ
1491 2398 1626 2469 πρὸς
1665 2400 1795 2453 σκά-

229 2498 364 2549 μνον
396 2481 410 2533 i
455 2484 695 2549 ἀνιόντες
717 2486 815 2557 τὴν
850 2487 944 2542 τοῦ
979 2491 1294 2561 ἱεροφάντου
1332 2492 1370 2543 Γ
1374 2492 1610 2562 ερμανοῦ
1637 2511 1793 2564 περι·

226 2572 423 2640 έμενον
441 2577 661 2632 εἴσοδον.
680 2580 899 2633 Πολλῶν
929 2582 1036 2653 γάρ
1060 2583 1135 2645 ὡς
1165 2583 1381 2653 ἀληθῶς
1407 2584 1515 2637 τῶν
1547 2586 1792 2639 ἐπαίνων

223 2666 307 2726 είς
334 2666 499 2719 αὑτὸν
520 2670 841 2737 γεγονότων,
875 2672 1158 2741 ὲφείλκυεν
1185 2673 1393 2737 πάντας
1416 2673 1477 2726 τὸ
1503 2674 1599 2727 καὶ
1631 2676 1792 2742 μόνον

220 2755 530 2823 ὀφθαλμοῖς
557 2759 924 2831 θεωρηθῆναι.
962 2759 1095 2816 Εἶτα
1132 2763 1227 2817 τοῦ
1256 2764 1560 2836 ἀρχιερέως
1585 2767 1788 2820 ἐκείνου

218 2847 324 2915 τὴν
354 2847 556 2902 εἴσοδον
585 2855 931 2924 ποιουμένου,
957 2856 1141 2910 θεόθεν
1174 2858 1205 2928 ἡ
1230 2858 1511 2927 κινηθεῖσα
1546 2860 1641 2925 (ὼς
1667 2860 1787 2927 μεθ’

217 2939 402 3008 ὅρκων
436 2943 774 2997 ἐπιστώσατο
812 2949 921 3010 τοῖς
955 2948 1053 3015 ἐμὲ
1086 2948 1108 2987 ¹ι
1142 2948 1562 3019 ἀπαγγείλασιν)
1600 2950 1787 3003 τοῦτον

217 3027 370 3095 ἑώρα
406 3030 537 3083 ὡσεὶ
564 3032 737 3101 φλόγα
770 3036 959 3106 πυρὸς,
994 3037 1088 3089 καὶ
1124 3040 1254 3106 παρ’
1283 3038 1423 3091 αὐτὰ
1462 3039 1747 3110 ἐξεϐόησεν
1768 3056 1782 3070 ο

1902 1933 2011 1987 lum
2062 1932 2242 2000 magni
2295 1930 2488 1984 divina:
2538 1928 2827 1997 Sapientiae
2857 1928 3042 1997 templi
3080 1926 3144 1959 ¹⁰⁶
3184 1928 3466 1997 pervenire

1901 2026 2093 2094 potuit.
2119 2023 2244 2076 Inde
2272 2021 2346 2075 illi
2376 2020 2531 2075 facile
2562 2020 2790 2089 ingressi
2826 2028 2953 2071 sunt
2984 2020 3035 2071 in
3062 2019 3350 2088 porticum,
3373 2018 3461 2087 qui

1900 2127 2025 2171 ante
2083 2113 2264 2182 templi
2317 2113 2455 2167 atria
2508 2112 2647 2166 situs
2696 2119 2773 2165 est
2825 2128 2839 2164 :
2900 2110 3117 2178 illicque
3166 2124 3463 2164 conscenso

1898 2224 2155 2272 scamno,
2195 2206 2491 2263 sacerdotis
2550 2203 2802 2259 Germani
2861 2202 3141 2258 introitum
3178 2211 3461 2269 exspecta-

1897 2304 2045 2358 bant.
2081 2300 2354 2370 Siquidem
2390 2307 2467 2354 tot
2492 2307 2545 2352 et
2574 2304 2736 2350 tanta;
2769 2309 2955 2348 revera
2984 2301 3141 2347 erant
3167 2294 3308 2349 illius
3340 2294 3462 2347 lan-

1896 2396 2010 2456 des,
2051 2403 2108 2445 ut
2137 2391 2219 2445 vel
2264 2389 2433 2444 solum
2464 2387 2581 2457 ejus
2608 2385 2820 2440 videndi
2875 2385 3200 2440 desiderium
3233 2391 3459 2438 cunctos

1892 2485 2147 2538 alliceret.
2187 2480 2444 2536 Pontificc
2479 2486 2661 2546 postea
2694 2477 3024 2546 ingrediente
3044 2514 3058 2540 ,
3082 2476 3337 2531 divinitus
3365 2491 3459 2531 es-

1893 2577 2054 2632 eitata
2120 2573 2311 2629 mulier
2355 2573 2434 2641 (ut
2458 2570 2809 2639 jurejurando
2840 2568 2945 2633 his,
2975 2569 3065 2636 qui
3094 2568 3143 2620 id
3170 2568 3298 2621 mihi
3321 2585 3458 2621 nun-

1895 2670 2099 2722 tiarunt
2123 2706 2138 2729 ,
2178 2662 2545 2731 asseveravit)
2575 2676 2695 2715 eum
2729 2660 2899 2725 instar
2937 2659 3163 2713 ﬂammae
3188 2659 3325 2728 ignis
3370 2659 3457 2712 in-

1893 2761 2021 2814 tuita
2057 2769 2156 2819 est,
2208 2755 2496 2822 statimque
2534 2750 2901 2815 exclamavit:
2938 2768 2957 2801 (
3007 2749 3271 2814 Benedic,
3322 2764 3451 2804 san-

1889 2853 2148 2913 ctissime,
2191 2848 2298 2900 filio
2332 2860 2489 2914 quem
2532 2844 2581 2895 iu
2622 2843 2914 2895 visceribus
2955 2857 3103 2911 gero.
3142 2860 3161 2893 ι
3196 2842 3288 2895 Ille
3323 2857 3457 2896 vero

1891 2952 2032 2996 lotus
2072 2938 2324 3009 fulgidus,
2372 2935 2518 2987 vultu
2568 2934 2759 2986 leniter
2792 2946 3089 2996 converso,
3145 2931 3332 2986 oculos
3398 2933 3450 2983 in

1821 3035 1833 3046 ⁴
1890 3033 2166 3087 mulierem
2210 3026 2462 3094 coujecit,
2504 3040 2567 3078 ac
2588 3024 2709 3091 igne
2751 3024 2920 3078 sancti
2962 3010 3192 3091 Spiritus
3237 3037 3453 3092 permo-

221 3136 262 3211 ¢_
285 3119 611 3211 Ιιξύλόγησον,
648 3126 905 3193 πανάγιε,
936 3128 1026 3181 τὸν
1061 3130 1118 3180 ἐν
1143 3132 1209 3200 τῇ
1239 3128 1416 3199 κοιλία
1460 3131 1574 3182 υἱόν
1600 3148 1719 3200 μου.
1758 3150 1775 3182 ι

1889 3135 1974 3177 tus
2032 3122 2109 3175 ait
2143 3139 2158 3175 :
2194 3119 2295 3172 'fui
2334 3116 2538 3172 ventris
2568 3115 2789 3180 fructui,
2826 3129 2859 3167 o
2890 3115 3105 3179 mulier,
3154 3116 3449 3168 secundum

214 3207 328 3262 Τοῦ
355 3210 410 3262 δὲ
433 3211 753 3285 λαμπτῆρος
790 3217 851 3269 τὺ
882 3216 1037 3287 ὄμμα
1080 3218 1550 3290 περιστρέψαντος
1593 3220 1776 3290 ἠρέμα

213 3317 356 3367 πως,
385 3306 479 3356 καὶ
499 3305 599 3375 τὴν
621 3309 853 3373 γυναῖκα
902 3308 1388 3381 ἔνοπτρισαμένου’,
1434 3311 1511 3380 τῷ
1545 3310 1777 3383 ἐμπύρῳ

207 3392 312 3445 τοῦ
343 3392 487 3447 θείου
516 3397 834 3468 Πνεύματος
866 3401 1107 3471 κινηθεὶς
1129 3403 1155 3454 ό
1180 3404 1530 3472 μυστιπόλος,
1577 3400 1732 3456 εἶπεν
1758 3422 1771 3435 ·

215 3502 238 3533 ‹
285 3483 386 3536 Τὸν
408 3485 507 3554 τῆς
535 3487 742 3551 κοιλίας
769 3506 864 3542 σου
900 3490 1114 3561 καρπὸν
1150 3493 1291 3545 κατά
1310 3494 1408 3562 τὴν
1441 3493 1622 3545 πίστιν
1655 3510 1771 3555 σου,

206 3572 395 3640 γύναι,
413 3577 756 3648 εὐλογήσειεν
778 3580 981 3651 Κύριος
997 3585 1117 3645 ταῖς
1134 3584 1231 3652 τῆς
1254 3584 1515 3636 Θεοτόκου
1538 3584 1631 3636 καὶ
1654 3586 1772 3646 ταῖς

205 3665 306 3718 τοῦ
342 3670 803 3742 πρωτομάρτυρος
832 3674 1103 3741 Στεφάνου
1132 3674 1471 3745 πρεσϐείαις.
1512 3693 1531 3725 ι
1564 3675 1773 3738 Ὄντως

203 3757 422 3829 ἀγαθῆς
446 3761 682 3825 πίστεως
718 3764 1050 3836 ἀγαθωτέρα
1072 3768 1166 3819 καὶ
1206 3768 1239 3838 η
1271 3767 1593 3837 ἁντάμειψις
1620 3768 1633 3820 l
1680 3769 1772 3832 Ὠς

202 3849 366 3918 γὰρὴ
403 3851 682 3905 Χαναναία
712 3854 842 3907 ποτὲ
876 3856 1010 3925 γυνὴ
1042 3856 1241 3927 ῆκουσε
1284 3858 1431 3928 παρά
1460 3857 1554 3911 τοῦ
1583 3858 1765 3927 Σωτῆ-

1886 3215 2043 3271 ﬁdem
2070 3225 2214 3265 tuam
2241 3212 2520 3265 benedicat
2569 3208 2847 3270 Dominus,
2887 3207 3126 3275 Deipara:
3164 3217 3219 3261 et
3267 3216 3450 3275 proto-

1881 3305 2138 3376 martyris
2170 3302 2428 3372 Stephani
2460 3299 2959 3354 intercessionibus.
3001 3318 3020 3351 ι
3051 3297 3095 3352 Ο
3137 3299 3291 3353 bona:
3327 3299 3447 3352 ηερε

1880 3398 2071 3451 melior
2113 3410 2239 3450 vere
2289 3390 2694 3460 compensatio!
2727 3389 2929 3458 Nempe
2975 3399 3031 3442 ut
3069 3388 3195 3443 olim
3255 3391 3453 3441 mulier

1877 3487 2176 3543 Chananma
2220 3500 2249 3537 a
2296 3483 2585 3539 Servatore
2631 3481 2847 3557 Christo
2882 3481 3127 3537 audivit:
3164 3478 3210 3534 0
3240 3481 3445 3543 mulier,

1887 3595 2074 3650 magna
2108 3590 2179 3632 est
2212 3578 2341 3646 ﬁdes
2375 3588 2487 3641 tua,
2515 3574 2608 3639 ﬁat
2643 3573 2737 3626 tibi
2768 3575 2900 3627 sicut
2923 3575 2997 3626 vis
3031 3574 3104 3626 “z
3147 3574 3219 3626 ita
3249 3582 3303 3628 et
3334 3575 3446 3628 ha-c

1884 3687 1913 3725 a
1950 3672 2131 3725 divino
2159 3669 2250 3722 illo
2285 3668 2462 3731 Patre,
2506 3666 2594 3734 qui
2635 3672 2802 3717 totum
2839 3663 3113 3718 Christum
3159 3665 3211 3717 in
3264 3679 3321 3718 se
3351 3664 3447 3735 ge-

1880 3764 2055 3829 rebat,
2090 3772 2285 3831 praeter
2307 3760 2357 3815 id
2399 3760 2539 3828 quod
2579 3760 2753 3827 petiit,
2784 3756 3042 3811 nascituri
3083 3770 3295 3826 quoque
3344 3772 3444 3812 no-

1877 3875 1996 3912 men
2030 3857 2256 3925 accepit.

204 3957 303 4010 ρος
349 3942 616 4012 Χριστοϋο
655 3941 730 3998 Ὦ
761 3946 957 4013 γύναι,
1004 3947 1231 4015 μεγάλη
1278 3965 1395 4003 σου
1449 3951 1488 4017 ἡ
1540 3950 1764 4016 πίστις,
1801 3948 2105 4018 γενηθήτω
2139 3964 2235 4001 σοι
2299 3946 2377 4011 ὡς
2434 3943 2649 4009 θέλεις.
2678 3944 2863 4007 Οὕτως
2896 3944 2989 3998 καὶ
3011 3942 3147 4014 αὕτη
3176 3941 3327 4013 παρὰ
3349 3942 3441 3995 τοῦ

199 4037 267 4088 ἐν
301 4036 448 4105 αύτῷ
475 4037 595 4091 ὅλον
626 4038 716 4092 τὸν
739 4040 974 4108 Χριστὸν
1027 4040 1319 4113 φοροῦντος
1361 4043 1650 4097 θεσπεσίου
1717 4045 1927 4115 Πατρὸς
1990 4043 2200 4109 ἔλαϐεν,
2247 4042 2341 4094 καὶ
2421 4040 2804 4111 περισσότερον
2883 4039 3139 4109 εἰληφυῖα
3190 4037 3283 4091 τοῦ
3316 4038 3446 4109 μέλ-

197 4131 386 4194 λοντος
415 4132 699 4198 γεννᾶσθαι
728 4133 787 4185 τὸ
802 4136 990 4205 ὄνομα.
1574 4198 1581 4204 ,

276 4223 382 4294 Τῆς
405 4226 460 4279 δὲ
483 4228 747 4299 συνήθους
776 4232 1164 4300 μυσταγωγίας
1196 4232 1562 4303 τελεσθείσης,
1597 4249 1762 4301 μετα·-

195 4310 476 4365 λαϐόντων
504 4315 759 4369 ἁπάντων
781 4317 889 4371 τῶν
910 4319 1069 4372 θείων
1092 4321 1187 4374 καὶ
1210 4321 1492 4392 άχράντων
1515 4321 1607 4374 τοῦ
1632 4322 1763 4390 Χρι-

1937 4230 2102 4302 ἀοθ
2144 4229 2430 4284 Consuetis
2486 4238 2666 4282 autem
2718 4230 2889 4292 sacris
2934 4229 3130 4286 ofﬁciis
3186 4234 3439 4300 peractis,

1872 4340 1991 4377 cum
2025 4337 2213 4375 omnes
2238 4321 2544 4375 divinorum
2588 4329 2642 4374 et
2696 4321 3108 4390 purissimorum
3148 4326 3436 4393 mysterio-

197 4401 332 4454 σ’τοῦ
365 4407 698 4475 μυστηρίων,
755 4410 848 4461 καὶ
883 4410 1021 4479 μετά
1055 4412 1155 4481 τῆς
1207 4414 1263 4464 ἐν
1323 4414 1514 4483 εἰρήνῃ
1558 4413 1760 4483 πορεύ-

1873 4432 1987 4469 rum
2021 4414 2223 4468 Christi
2254 4414 2544 4483 participes
2579 4413 2727 4477 facti,
2760 4423 2815 4468 et
2847 4414 2897 4467 in
2929 4429 3059 4482 pace
3095 4413 3319 4482 profecti
3342 4418 3441 4469 d0-

196 4509 341 4556 σεως
388 4493 405 4532 ι
460 4496 640 4550 οἴκαδε
717 4500 975 4552 ἁπάντων
1033 4503 1509 4574 ἀναχωρησάντων
1554 4543 1570 4569 ,
1643 4504 1762 4573 μεθ’

192 4586 412 4655 ἡμέρας
438 4589 644 4659 τινάςή
699 4590 1084 4663 θεοφιλεστάτη
1125 4595 1199 4657 ὡς
1234 4596 1508 4667 ὲπάληθες
1548 4606 1584 4633 ω
1620 4596 1761 4672 αύτη

189 4678 296 4730 νέα
326 4680 495 4733 Ἀννα
522 4680 614 4734 τοῦ
639 4683 829 4752 χρόνου
864 4685 1353 4757 συμπληρωθέντος
1398 4690 1563 4760 γεννᾷ
1591 4688 1680 4740 τὸν
1702 4691 1761 4743 ὲν

188 4768 466 4838 πνεύματι
497 4772 615 4825 νέον
663 4775 933 4847 Σαμουήλ.
988 4776 1060 4829 Τὸ
1097 4778 1153 4829 δὲ
1208 4779 1535 4849 γεννηθῆναι
1571 4781 1759 4833 τοῦτον

188 4860 441 4929 παρευθὺ
490 4864 555 4933 τῇ
581 4864 675 4915 τεῦ
732 4867 1196 4937 πρωτομάρτυρος
1242 4869 1431 4938 κλήσει
1491 4869 1767 4937 Στέφανον

185 4948 383 5004 τοῦτον
415 4953 705 5022 ὠνόμασαν
749 4967 796 5021 ιι,
822 4958 962 5010 κατὰ
992 4959 1088 5029 τὴν
1138 4961 1439 5030 πρόρρησιν
1465 4960 1558 5012 τοῦ
1593 4960 1754 5013 σεϐα-

188 5040 359 5109 σμίου
388 5042 597 5113 Πατρδς
627 5045 787 5114 ἡμῶν
817 5047 1120 5117 Γερμανοῦ.
1162 5051 1272 5118 Τῆς
1304 5051 1358 5101 δὲ
1405 5050 1754 5119 ὀκταημέρου

183 5131 267 5192 ὡς
292 5133 349 5183 ἐν
384 5132 531 5202 μέσῳ
568 5137 1051 5207 παραδραμούσης,
1085 5140 1176 5191 καὶ
1219 5140 1295 5208 τῷ
1329 5140 1441 5209 ναῷ
1484 5139 1578 5193 τοῦ
1618 5139 1754 5192 Θεοῦ

187 5223 642 5292 προσενεχθέντος
704 5226 795 5280 τοῦ
850 5227 1115 5298 βρέφους,
1181 5230 1280 5300 τὴν
1337 5231 1755 5302 προωρισμένην

186 5312 406 5382 εἰλήφει
439 5314 646 5385 κλῆσιν.
685 5317 915 5388 Ὁμοίως
943 5321 1036 5373 καὶ
1062 5324 1125 5392 τῇ
1160 5326 1568 5393 τεσσαρακοστῇ
1599 5324 1756 5387 ἰδίαις

264 5486 331 5518 ¹⁶⁶
366 5486 638 5559 Templum
664 5489 877 5547 Sanctae
908 5491 1139 5562 Sophim.
1194 5496 1230 5527 ¹¹
1268 5495 1456 5551 Matth.
1480 5514 1569 5561 xv,
1598 5497 1687 5550 28.

1873 4520 2014 4557 mum
2039 4505 2358 4567 rediissent;
2394 4512 2514 4572 post
2551 4502 2757 4572 aliquot
2785 4504 2899 4557 dies
2918 4502 3007 4557 Dei
3025 4519 3151 4558 vere
3180 4507 3437 4558 amantis-

1870 4595 2005 4649 sima
2050 4608 2185 4647 nova
2228 4592 2316 4646 illa
2356 4594 2511 4646 Anna
2542 4590 2808 4659 completo
2844 4600 3085 4659 tempore
3141 4600 3337 4644 novum
3384 4594 3435 4645 iu

1870 4686 2061 4755 spiritu
2086 4683 2299 4739 Samuel
2336 4684 2561 4752 peperit.
2591 4682 2786 4736 Statim
2826 4691 3003 4736 autem
3032 4698 3094 4737 ac
3143 4693 3303 4736 natus
3332 4694 3435 4747 est,

1810 4791 1818 4805 ·
1869 4775 2281 4845 protomartyris
2316 4773 2573 4843 Stephani
2609 4788 2807 4827 nomen
2848 4772 2920 4826 illi
2968 4774 3251 4838 dederunt,
3288 4773 3437 4839 juxta

1869 4867 2267 4934 prredictiouem
2332 4865 2621 4919 venerandi
2687 4864 2862 4918 Patris
2924 4865 3094 4918 nostri
3159 4863 3433 4918 Germani.

1860 4958 1995 5013 Octo
2036 4973 2164 5012 vero
2204 4959 2414 5010 dierum
2448 4956 2621 5025 spatio
2651 4957 2806 5025 quasi
2840 4956 3158 5011 intermedio
3208 4966 3432 5025 praner-

1860 5050 1955 5110 ito,
1992 5065 2123 5118 puer
2149 5050 2198 5101 in
2228 5048 2479 5115 templum
2521 5048 2609 5101 Dei
2646 5047 2909 5102 adductus
2943 5057 3046 5113 est,
3081 5048 3259 5114 ibique
3293 5063 3431 5115 pra:-

1861 5142 2062 5193 finitam
2125 5140 2536 5209 appellationem
2577 5142 2801 5209 accepit.
2853 5140 3113 5193 Similiter
3166 5140 3255 5193 die
3302 5154 3430 5208 qua-

1862 5235 2161 5303 dragesima
2210 5235 2361 5290 illum
2413 5239 2648 5307 propriis
2685 5238 2929 5293 manibus
2976 5246 3189 5306 gestans
3237 5248 3429 5307 mater,

1862 5326 1937 5397 (ut
1973 5328 2101 5381 olim
2152 5328 2499 5383 celeberrima
2548 5331 2698 5382 Anna
2745 5345 2958 5384 sacrum
2995 5332 3062 5385 ab
3092 5332 3295 5386 infante
3332 5333 3427 5387 Sa-

1486 5611 1710 5667 νΑΙῖΙιΕ
1751 5613 2155 5670 LECTIONES.

266 5750 284 5778 ι
326 5739 399 5793 al.
437 5739 581 5807 φλιᾷ.
664 5756 676 5792 t
718 5743 782 5797 al.
816 5745 1095 5813 σκαμνίον.
1176 5747 1198 5785 ¹ι
1228 5748 1341 5817 lege
1371 5749 1514 5822 ἐμοί.
1598 5749 1610 5789 1
1643 5752 1710 5803 al.
1744 5752 2139 5821 προελεύσεως.
2218 5762 2257 5785 ¹¹
2286 5754 2355 5810 al.
2389 5757 2474 5808 ἐπ’
2508 5756 2784 5827 ἀληθείας.

2884 5764 2911 5792 ¹¹
2940 5759 3010 5810 al.
3045 5754 3347 5835 ὠνόμασεν.
