4196 6436
164 365 284 427 1081

1202 375 1380 439 VITA
1418 380 1476 441 S.
1521 382 1902 446 STEPHANI
1946 383 2322 449 JUNIORIS.

3267 379 3404 447 1082

159 473 381 542 νήσεως,
418 474 665 545 κλήσεώς
703 492 764 531 τε
798 478 893 533 καὶ
927 480 1216 550 φωτισμοῦ
1264 484 1588 555 πάντερπνα
1632 489 1725 539 καὶ

1837 490 2166 556 nativitatis,
2196 487 2568 559 appellationis
2609 497 2666 545 et
2698 487 3103 556 illustrationis,
3152 490 3269 547 sive
3315 495 3405 548 ba-

156 564 375 635 άληθινά
412 566 747 638 διηγήματα.
787 570 1064 641 ’Δρχέσθω
1085 571 1141 624 δὲ
1171 574 1267 627 καὶ
1292 574 1401 627 τῶν
1426 576 1721 646 μετέπειτα

157 657 313 712 αὐτοῦ
346 659 696 732 θεοπαρόχων
733 664 1180 735 κατορθωμάτων
1215 670 1245 720 ὀ
1277 668 1458 736 λόγος.
1501 670 1565 722 Εί
1611 670 1721 742 γὰρ

152 751 222 804 τὰ
250 750 512 823 προαύλια
555 754 811 820 τοιαῦτα,
848 758 1031 829 πολλῷ
1086 759 1292 829 μᾶλλον
1323 760 1394 814 τὰ
1442 762 1719 832 ἐνδότερα.

153 843 350 898 Τοῦτον
378 846 488 917 γάρ
519 847 612 901 τὸν
635 849 782 902 ὅσιον
828 855 1172 922 πνευματικῇ
1206 852 1387 924 λοχεία
1417 856 1719 925 ἀναγεννή-

154 950 291 988 σασα
317 938 350 1007 ἠ
377 938 595 992 πάντων
620 942 653 1010 ἠ
663 939 779 1009 μῶν
809 942 994 1013 μήτηρ
1016 944 1178 1011 τιμία
1199 925 1585 1016 κολυμϐήθρα,
1621 964 1722 1015 μυ-

154 1027 333 1081 στικὸν
376 1027 567 1101 ὥσπερ
600 1029 664 1084 ἐκ
716 1048 861 1095 τινος
901 1033 1070 1104 θηλῆς
1098 1034 1320 1087 ἐπότισε
1358 1036 1500 1102 γάλα
1530 1052 1544 1067 ·
1593 1038 1725 1090 κάν-

151 1118 335 1172 τεῦθεν
358 1114 447 1173 οἶα
484 1121 713 1187 στερεὰν
742 1124 951 1194 τροφὴν
988 1125 1097 1177 τῶν
1145 1125 1308 1178 θείων
1364 1128 1586 1180 ἐννοιῶν
1623 1128 1724 1195 τὴν

149 1210 348 1277 γνῶσιν
379 1212 706 1283 προέθηκεν,
731 1216 796 1285 ἢν
824 1216 875 1267 οἱ
905 1215 974 1268 τά
1001 1215 1328 1286 αἰσθητήρια
1351 1219 1487 1285 πρὸς
1514 1218 1725 1286 διάκρι-

152 1318 238 1355 σιν
268 1301 482 1372 ἔχοντες
521 1304 688 1357 καλοῦ
728 1322 786 1359 τε
823 1307 917 1359 καὶ
940 1306 1113 1359 κακοῦ
1155 1307 1364 1360 ἐσθίειν
1392 1309 1722 1380 ἐτάχθησαν.

152 1393 296 1462 Αὕτη
332 1392 541 1455 τοῦτον,
566 1396 641 1457 ὼς
661 1394 891 1465 ἔφαμεν,
918 1398 1115 1466 ἀνῆξεν
1145 1398 1427 1468 μητρικῶς
1454 1402 1548 1453 καὶ
1572 1400 1725 1469 ἐθρέ-

153 1481 311 1550 ψατο.
342 1484 436 1535 καὶ
462 1488 583 1548 ταῖς
606 1484 782 1561 θείαις
812 1487 1070 1556 μελέταις
1096 1490 1469 1559 ἐπαγρυπνεῖν
1502 1491 1723 1555 ἐξεπαί-

154 1572 359 1628 δευσεν.
404 1575 548 1647 Αὕτη
576 1577 669 1630 τὸν
690 1578 883 1631 τούτου
917 1580 1433 1649 καταλαμπρύνασα
1457 1580 1593 1651 βίον,
1626 1582 1724 1652 τὴν

154 1664 327 1735 ψυχὴν
359 1666 622 1735 ἐξωράῖσε
647 1670 742 1722 καὶ
767 1670 903 1739 πρὸς
933 1670 1066 1738 ὕψος
1096 1671 1393 1741 ἀνήγαγεν.
1420 1671 1567 1742 Αὕτη
1598 1672 1725 1725 τοῦ-

155 1772 247 1807 τον
271 1755 404 1808 Θεοῦ
436 1756 588 1824 φίλον
627 1758 867 1828 ἐποίησε,
894 1760 986 1811 καὶ
1013 1757 1121 1810 τῶν
1150 1760 1435 1827 παρόντων
1463 1760 1726 1829 περιορᾷν

156 1847 565 1916 παρεσκεύασεο
597 1849 690 1901 καὶ
716 1849 1006 1902 συνελόντα
1051 1852 1236 1918 φάναι,
1268 1851 1406 1920 αὕτη
1432 1851 1619 1904 τοῦτον
1649 1854 1728 1914 εἰς

155 1937 275 1990 τόδε
304 1938 363 1990 τὸ
398 1941 507 1991 πᾶν
538 1942 599 1992 ἐκ
636 1941 709 2013 μὴ
730 1941 900 1993 ὄντων
934 1941 1153 1995 ἐλθόντα
1184 1942 1429 2005 ἐδέξατο’
1462 1945 1555 1995 καὶ
1590 1942 1728 2012 αὕτη

156 2027 266 2079 τῶν
298 2029 508 2083 ἐνθένδε
543 2031 888 2100 μεταστάντα
928 2032 1086 2086 πάλιν
1110 2034 1346 2097 ἐξένισεν
1366 2049 1380 2064 ο
1414 2036 1446 2103 ἢ
1474 2036 1566 2087 καὶ
1594 2035 1733 2103 μάρ-

156 2138 255 2184 τυς
300 2121 465 2175 αὑτοῦ
520 2123 619 2194 τῆς
652 2124 936 2193 ἀριστείας
973 2126 1240 2194 ἀναμένει
1286 2126 1565 2192 γενέσθαι,
1603 2128 1731 2179 ὅταν

157 2215 291 2268 πᾶσι
322 2217 442 2268 κατ’
469 2215 627 2281 ἀξίαν
657 2215 756 2278 τὰς
788 2216 1023 2285 ἀμοιϐὰς
1050 2217 1079 2267 ὁ
1120 2218 1331 2287 Κριτὴς
1364 2216 1715 2271 ἀποδίδωσιν.

242 2390 400 2444 Ἀλλὰ
434 2391 544 2461 γὰρ
600 2391 788 2445 ἔλαθον
819 2391 1058 2461 ἐμαυτὸν
1104 2395 1187 2455 εἰς
1236 2391 1427 2444 τούσδε
1470 2392 1566 2444 νῦν
1606 2393 1733 2457 τοὺς

158 2482 351 2551 λόγους
402 2484 771 2554 παρεξελθὼν,
828 2485 923 2538 καὶ
966 2484 1298 2554 καταλείψας
1352 2486 1421 2539 τὰ
1465 2486 1734 2557 πρότερον

158 2574 415 2645 λεχθῆναι
454 2576 760 2643 ὀφείλοντα,
791 2570 955 2647 ἧττον
977 2577 1130 2630 οὐδὲν
1166 2576 1454 2640 πεπονθὼς
1481 2580 1595 2639 τοῖς
1627 2578 1735 2646 πρὸ

159 2667 271 2719 τῶν
313 2665 582 2734 θεμελίων
626 2667 725 2734 τὴν
773 2668 979 2737 ὀροφὴν
1040 2668 1142 2736 τῆς
1184 2668 1365 2729 οἰκίας
1402 2670 1736 2739 καταρτίσαι

163 2759 598 2828 μηχανωμένοις.
634 2759 828 2811 Ἔνθεν
854 2759 1038 2811 λοιπὸν
1076 2758 1171 2811 τοῦ
1206 2758 1368 2827 λόγου
1396 2760 1494 2830 τὴν
1532 2758 1738 2812 νύσσαν

159 2847 317 2912 αὖθις
346 2851 438 2901 ἐπί
474 2850 545 2902 τὰ
574 2851 763 2920 πρόσω
796 2850 969 2921 φέρω.
998 2853 1063 2904 Oi
1090 2851 1189 2921 μὲν
1213 2848 1307 2905 οὖν
1338 2854 1518 2921 γονεῖς
1541 2854 1734 2907 τούτου

156 2943 256 2995 τοῦ
276 2942 569 3011 ίερωτάτου
590 2943 804 3006 παιδὸς,
831 2945 1271 3013 κατανοήσαντες
1291 2944 1482 2997 τοῦτον
1508 2944 1605 3013 τὴν
1629 2945 1737 2997 τῶν

162 3034 368 3087 παίδων
417 3035 635 3104 ἡλικίαν
674 3035 991 3106 ὑπερϐάντα
1032 3037 1125 3089 καὶ
1172 3036 1371 3106 ἑξαετῆ
1430 3036 1737 3107 ἐληλακότα

1824 579 2005 644 ptismi
2066 580 2430 633 narrationes.
2477 576 2596 633 Jam
2651 593 2783 634 vero
2836 578 3093 649 praeclara
3135 581 3401 642 facinora.

1823 683 1944 735 qua:
1990 668 2100 724 Deo
2153 670 2317 724 dante
2365 680 2548 739 postea
2578 670 2780 735 edidit,
2828 670 3173 743 aggrediatur
3205 672 3402 728 oratio.

1828 758 1883 813 Si
1914 762 2057 815 enim
2093 770 2198 814 tam
2237 762 2431 815 eximia
2472 771 2598 816 sunt
2635 764 2772 815 atria
2796 802 2810 824 ,
2850 763 3019 817 multo
3048 762 3221 832 magis
3256 764 3403 817 inte-

1825 850 1991 903 riora.
2034 851 2310 928 Siquidem
2345 862 2625 921 postquam
2660 854 2867 906 huncce
2894 862 3136 907 sanctum
3168 854 3397 921 spiritali

1824 944 2125 1009 puerperio,
2178 952 2421 996 nostrum
2479 945 2717 996 omnium
2763 953 2939 996 mater
2973 946 3277 998 veneranda
3324 947 3407 1015 pi-

1826 1032 1973 1084 scina
2006 1030 2173 1103 m
2194 1034 2551 1099 regeneravit,
2576 1033 2656 1085 lac
2676 1032 2724 1086 ei
2748 1033 3037 1103 mysticum
3062 1036 3206 1087 velut
3221 1050 3252 1087 e
3268 1050 3405 1103 quo-

1826 1121 1945 1173 dam
1999 1125 2164 1175 ubere
2214 1122 2539 1191 propinavit,
2573 1122 2981 1191 divinarumque
3019 1125 3404 1191 cogitationum

1826 1214 2187 1280 cognitionem
2219 1224 2473 1282 tanquam
2517 1213 2749 1268 solidum
2782 1216 2958 1268 cibum
2986 1217 3179 1271 deinde
3213 1230 3403 1285 propo-

1825 1302 1966 1365 Sttit,
2005 1316 2108 1370 qua
2141 1302 2283 1356 vesci
2325 1303 2611 1370 jubeolttr,
2645 1304 2736 1373 qui
2783 1319 2978 1359 sensus
3019 1306 3084 1358 ad
3120 1307 3401 1360 discretio-

1826 1411 1946 1449 nem
1986 1396 2109 1447 boni
2137 1404 2189 1449 et
2211 1396 2334 1450 mali
2363 1396 2634 1449 consecuti
2658 1405 2798 1449 sttttt.
2826 1395 2942 1464 Ipsa
2975 1396 3238 1461 illum,uti
3272 1399 3407 1452 dixi-

1828 1501 1968 1548 mus,
2038 1485 2209 1540 instar
2264 1486 2455 1539 matris
2473 1486 2723 1540 educavit
2752 1497 2807 1540 et
2831 1488 2983 1555 aluit,
3010 1504 3298 1558 rerumque
3324 1490 3407 1544 dic

1826 1579 2071 1631 vittarum
2124 1579 2457 1631 meditationi
2501 1579 2786 1648 invigilare
2828 1583 3065 1635 edocuit.
3118 1581 3236 1651 Ipsa
3287 1582 3407 1651 ejus

1830 1669 1995 1722 vitam
2058 1670 2393 1737 splendidam
2444 1668 2763 1731 elﬁcieudo,
2820 1672 3104 1740 pulchram
3172 1672 3406 1728 reddidit

1830 1762 1995 1831 ipsius
2015 1763 2250 1815 animam
2284 1772 2335 1816 et
2356 1778 2570 1817 sursum
2602 1764 2798 1817 evexit.
2835 1761 2952 1832 ipsa
2978 1764 3124 1817 illum
3151 1764 3243 1819 Dei
3272 1764 3409 1818 ami-

1834 1867 1953 1906 cum
1979 1864 2031 1906 et
2062 1867 2241 1905 rerum
2289 1854 2630 1921 praesentium
2669 1864 3096 1922 contemptorem
3128 1856 3288 1921 let-it;
3328 1864 3403 1920 et,

1835 1952 1892 1996 ut
1922 1958 2027 1995 uno
2060 1943 2223 1995 verbo
2262 1943 2569 2009 absolvam,
2598 1945 2712 2013 ipsa
2751 1944 2899 1997 illum
2953 1958 2983 1997 e
3022 1945 3189 1998 uiltiIe
3221 1946 3273 1999 in
3306 1946 3408 2000 hoc

1835 2035 2143 2087 universum
2166 2034 2466 2087 venientem
2484 2036 2789 2104 excepit,et
2821 2050 3008 2089 rursus
3028 2035 3141 2103 ipsa
3166 2050 3228 2089 ex
3259 2036 3409 2090 hisce

1833 2127 1967 2181 loeis
2002 2127 2316 2196 litigi-antem
2350 2128 2553 2195 recepit
2573 2167 2586 2186 ,
2618 2142 2739 2195 quae
2764 2128 2927 2180 etiam
2961 2142 3021 2181 se
3045 2126 3160 2194 ejus
3191 2128 3407 2181 fortitu-

1834 2218 1976 2272 dinis
2001 2228 2187 2271 testem
2224 2217 2339 2271 fore
2367 2228 2676 2286 exspectat,
2703 2233 2825 2272 cum
2850 2218 3105 2272 omnibus
3124 2218 3287 2288 digna
3307 2232 3407 2288 pro

1835 2311 2043 2365 meritis
2084 2312 2442 2365 retrilmtnrus
2466 2315 2547 2363 est
2578 2308 2773 2366 Judex.

1914 2396 2130 2461 Verum,
2153 2398 2281 2452 dum
2317 2401 2368 2451 in
2422 2400 2521 2453 hos
2573 2414 2851 2455 sermones
2884 2400 3134 2470 prolahor
3157 2438 3174 2464 ,
3198 2410 3251 2454 et
3287 2413 3408 2469 qum

1837 2490 1984 2560 prius
2017 2491 2238 2542 dicenda
2283 2498 2410 2543 sunt
2471 2492 2753 2560 relinquo,
2798 2492 3019 2546 meimet
3051 2493 3167 2561 ipse
3207 2492 3408 2547 oblitus

1836 2593 1975 2644 sum,
2004 2579 2132 2631 nihil
2174 2580 2349 2632 tuiuus
2387 2579 2491 2633 illis
2525 2596 2732 2648 passus.
2769 2582 2859 2649 qui
2904 2590 3031 2636 ante
3056 2580 3407 2636 fundamenta

1837 2677 2033 2722 tectum
2077 2670 2271 2721 domus
2317 2679 2633 2723 construere
2696 2671 3013 2724 moliuntur.
3067 2673 3410 2740 Quapropter

1836 2758 2097 2813 orationis
2115 2773 2334 2811 cursum
2366 2759 2417 2811 in
2466 2760 2736 2813 anteriora
2771 2760 3026 2825 deinceps
3074 2760 3270 2816 refero.
3300 2760 3408 2814 Ita-

1837 2866 1944 2920 que
1973 2867 2095 2904 cum
2138 2861 2386 2919 parentes
2415 2851 2639 2920 hujusce
2685 2852 3042 2906 sacratissimi
3068 2853 3218 2920 pueri
3260 2851 3408 2906 illum

1839 2943 2085 3012 pueritiae
2112 2954 2322 3011 tempus
2353 2954 2796 3011 prtctergtessum
2826 2959 2968 3005 esse,
2998 2958 3201 3012 sexque
3246 2958 3413 2996 anno-

1840 3051 1959 3089 rum
1993 3046 2204 3088 :etatem
2232 3035 2493 3102 attigisse,
2534 3050 2596 3088 ac
2618 3036 2669 3087 in
2705 3034 3003 3103 disciplinis
3030 3035 3281 3103 occupari
3315 3036 3413 3087 dc—

158 3129 373 3197 χρὸνον,
406 3128 507 3197 ήδη
534 3128 591 3179 δὲ
636 3129 730 3181 καὶ
763 3128 1048 3195 ὀφείλοντα
1074 3132 1191 3191 τοῖς
1229 3128 1513 3199 μαθήμασι
1543 3128 1733 3181 λοιπὸν

1841 3127 1968 3181 bere
2005 3128 2248 3179 viderent
2276 3142 2290 3189 ;
2329 3140 2451 3179 eum
2481 3125 2647 3197 διο
2676 3127 2744 3181 ad
2772 3142 3048 3181 sacrarunt
3086 3126 3412 3182 Litterarum

160 3217 590 3285 ἐνασχολεῖσθαι,
627 3218 1018 3287 παραδιδόασιν
1073 3218 1237 3271 αὐτὸν
1277 3220 1357 3281 εἰς
1392 3218 1491 3287 τὴν
1513 3218 1622 3270 τῶν
1658 3220 1735 3271 ἱε-

162 3308 277 3379 ρῶν
300 3309 652 3379 Γραμμάτων
682 3309 921 3379 μάθησιν
945 3309 1325 3380 προπαιδείας.
1359 3309 1565 3363 Τούτου
1593 3309 1650 3361 δὲ
1678 3309 1738 3362 τὸ

160 3403 288 3454 καθ’
317 3402 554 3471 ἑκάστην
610 3402 975 3464 ἀδιαλείπτως
1028 3406 1143 3465 τοῖς
1177 3401 1501 3471 μαθήμασιν
1546 3404 1739 3471 ἐντρυ-

162 3494 395 3563 φῶντος,
428 3493 823 3565 ὑπερηκόντισε
852 3494 1083 3558 πάντας,
1123 3495 1182 3545 οὐ
1216 3494 1379 3563 μόνον
1410 3493 1520 3545 τῶν
1558 3494 1736 3562 μαθη-

163 3588 372 3657 μάτων,
420 3584 556 3638 ἀλλὰ
599 3588 692 3638 καὶ
746 3585 929 3654 πάσης
956 3598 983 3623 υ
1020 3585 1224 3654 ἀρετῆς
1273 3584 1733 3653 ἐπιμελούμενος.

161 3679 274 3733 Καὶ
313 3678 417 3749 γὰρ
445 3679 505 3731 οὐ
533 3678 801 3731 διέλειπεν
847 3679 963 3747 ἆμα
1002 3681 1066 3748 τῇ
1102 3679 1224 3748 ἱερᾷ
1252 3676 1419 3729 αὑτοῦ
1452 3678 1620 3747 μητρὶ
1648 3694 1739 3730 νυ-

160 3771 445 3841 κτοπορῶν
476 3771 614 3842 πρὸς
662 3771 761 3833 τὰς
808 3771 1058 3841 συνήθεις
1094 3770 1409 3840 ἀγρυπνίας
1442 3771 1737 3839 γινομένας

159 3864 287 3924 ταῖς
311 3862 418 3913 τῶν
445 3861 615 3930 ἀγίων
647 3863 909 3932 μνήμαις.
946 3862 1121 3930 Χάριν
1148 3862 1207 3915 δὲ
1253 3861 1463 3914 τοιάνδε
1516 3861 1735 3927 εἰλήφει

158 3956 189 4005 ὁ
219 3953 398 4022 τίμιος
432 3951 585 4016 οὗτος
639 3954 877 4017 νεανίας,
927 3952 1067 4005 ὥστε
1119 3955 1178 4004 ἐν
1212 3954 1392 4023 καιρῷ
1450 3953 1562 4005 τῶν
1602 3951 1740 4004 καθ-

163 4067 265 4118 ισμ
277 4052 415 4103 ατων
441 4049 539 4117 τῆς
568 4048 927 4117 ἀναγνώσεως
952 4046 1304 4116 τελουμένης,
1326 4045 1432 4116 πρὸ
1461 4045 1561 4113 τῆς
1590 4044 1742 4113 ἱερᾶς

160 4141 443 4207 κιγκλίδος
474 4142 782 4206 ἱστάμενος,
820 4138 917 4191 καὶ
947 4138 1023 4207 τῷ
1063 4136 1389 4208 ἀναγνώστῃ
1427 4135 1737 4206 προσέχων,

161 4238 228 4287 ἐκ
266 4235 432 4304 μόνης
459 4233 846 4303 ἀνακροάσεως
880 4230 1175 4301 μανθάνειν
1198 4229 1359 4282 αὑτὸν
1389 4228 1450 4281 τὸ
1478 4229 1742 4295 ἀναγινω-
1772 4252 1778 4257 ·

163 4325 455 4394 σκὸμενον,
477 4326 574 4379 καὶ
611 4327 703 4377 ἐπὶ
727 4323 997 4393 στόματος
1029 4323 1239 4392 φέρειν,
1273 4322 1383 4373 εἴτε
1411 4319 1738 4390 μαρτύριον,

162 4420 282 4470 εἴτε
318 4417 451 4487 βίον,
484 4418 595 4471 εἴτε
652 4418 746 4469 καὶ
794 4414 1009 4483 Πατρός
1046 4430 1192 4475 τινος
1216 4412 1590 4472 διδασκαλίαν,
1634 4409 1741 4478 μά-

1841 3220 2096 3287 ιιιιωιιιιιίιι
2150 3219 2443 3273 ediscenda
2509 3221 2784 3287 magistris
2845 3222 3087 3274 tradunt.
3144 3222 3234 3274 Ille
3287 3235 3416 3275 vero

1840 3324 1961 3365 cum
1997 3311 2214 3363 assidue
2265 3311 2459 3364 studiis
2490 3322 2745 3380 tauquam
2774 3312 2990 3367 deliciis
3028 3314 3412 3371 delectaretur.

1839 3418 2029 3457 omnes
2058 3403 2216 3470 longe
2259 3406 2570 3469 superavit,
2608 3420 2711 3456 non
2746 3414 2953 3456 tantum
2997 3405 3286 3467 doctrintc,
3321 3403 3415 3457 sed

1839 3497 1999 3551 etiam
2050 3496 2196 3547 omni
2234 3497 2414 3549 virtuti
2452 3510 2673 3562 operam
2704 3494 2972 3557 navaodo.
3002 3494 3109 3548 Nec
3135 3496 3277 3548 enim
3319 3496 3417 3549 de-

1840 3585 1978 3638 stitit
2007 3600 2127 3638 cttm
2152 3600 2306 3637 saera
2342 3601 2435 3638 sua
2458 3596 2629 3638 matre
2657 3586 2724 3638 ad
2769 3585 2975 3653 vigilias
3006 3586 3061 3638 in
3106 3595 3416 3639 sanctorum

1844 3676 2115 3728 memoriis
2160 3675 2422 3729 celebrari
2486 3675 2673 3729 solitas
2727 3688 2889 3729 noctu
2922 3676 3216 3744 proﬁcisci.
3262 3677 3419 3743 Ejus-

1842 3767 1982 3819 modi
2018 3781 2143 3819 vero
2166 3768 2398 3834 gratiam
2435 3775 2720 3833 am-eperat
2756 3766 3106 3820 honorandus
3157 3768 3246 3821 ille
3286 3771 3419 3822 ado-

1842 3855 2074 3919 lescens,
2107 3869 2163 3910 ttt
2204 3868 2441 3925 tempore
2483 3858 2747 3921 lectiOuis,
2775 3875 2883 3924 quo
2923 3863 3114 3914 sedere
3162 3876 3277 3913 mos
3311 3870 3417 3923 est,

1843 3948 1957 4016 ipse
1975 3958 2126 4003 stans
2152 3958 2277 4002 ante
2313 3964 2501 4002 sacros
2520 3950 2812 4011 canemlos,
2847 3950 3210 4019 lectoremque
3241 3960 3420 4005 attcu-

1843 4042 1993 4104 deus,
2011 4054 2073 4092 ex
2106 4040 2217 4093 sola
2258 4040 2535 4093 auditione
2572 4040 2802 4107 idipsum
2833 4041 2982 4109 quod
3012 4041 3421 4110 Iegebaturdis-

1842 4140 2009 4194 ceret,
2044 4144 2107 4183 ac
2132 4129 2185 4183 in
2219 4144 2312 4183 ore
2347 4140 2608 4193 versaret,
2643 4131 2758 4185 sive
2791 4133 3139 4201 martyrium,
3188 4133 3302 4185 sive
3341 4131 3423 4185 vi-

1842 4230 1975 4285 tam,
1999 4223 2111 4275 sive
2134 4223 2359 4290 alicujus
2383 4221 2560 4276 Patris
2585 4237 2909 4286 sermonem,
2929 4226 3226 4292 praesertim
3246 4221 3423 4276 melli-

1845 4313 1933 4366 ﬂui
1979 4313 2155 4365 Patris
2190 4313 2587 4385 Chrysostotni.
2637 4316 2912 4382 Siquidem
2948 4316 3129 4368 aiebat
3169 4330 3227 4368 se
3264 4316 3421 4383 hujus

1846 4421 2121 4458 sermones
2149 4406 2519 4458 vehementius
2542 4414 2814 4472 expetere.
2849 4405 2937 4459 Sic
2957 4420 3083 4458 vere
3114 4407 3179 4457 ab
3214 4406 3421 4460 infante

159 4511 327 4563 λιστα
378 4510 433 4562 δέ
472 4507 567 4561 τοῦ
635 4505 993 4577 μελισταγοῦς
1058 4504 1450 4574 Χρυσοστόμου
1505 4502 1737 4568 Πατρός.

1844 4511 1999 4549 sacer
2026 4505 2078 4547 et
2108 4496 2446 4549 celeberrimi
2487 4494 2755 4548 Timothei
2800 4496 3239 4555 contubernalis,
3270 4511 3421 4549 com-

160 4601 346 4654 Αὑτοῦ
380 4602 489 4670 γὰρ
533 4598 720 4666 ἔλεγεν
772 4598 1102 4668 πλειοτέρως
1143 4594 1425 4648 ἐπιποθεῖν
1461 4594 1561 4652 τὰς
1592 4589 1742 4649 θείας

155 4692 545 4753 διδασκαλίας.
578 4691 687 4744 Καὶ
732 4689 906 4754 οὕτως
935 4692 964 4742 ὁ
1016 4689 1156 4741 κατά
1200 4686 1457 4754 ἀλήθειαν
1500 4686 1564 4733 ἐκ
1619 4680 1743 4751 βρέ-

159 4800 307 4852 φους
339 4782 502 4850 ἱερὸς.
528 4779 735 4833 καὶτοῦ
770 4782 1129 4849 πανευφήμου
1154 4777 1421 4846 Τιμοθέου
1449 4774 1744 4843 σύσκηνος,

156 4874 246 4942 τῷ
274 4872 438 4942 κοινῷ
458 4871 764 4932 διδασκάλω
784 4869 1158 4935 ἐξακολουθῶν
1186 4869 1279 4920 καὶ
1298 4869 1483 4936 νήφων
1506 4869 1562 4917 ὲν
1590 4865 1744 4924 πᾶσι,

166 4964 303 5021 Τῶν
326 4982 390 5018 τε
408 4965 661 5017 ὄπισθεν
687 4964 1255 5030 ἐπιλανθανόμενος,
1280 4960 1375 5011 καὶ
1395 4958 1513 5010 τῶν
1533 4956 1742 5025 ἔμπρο-

161 5059 323 5111 σθεν
368 5054 655 5123 ὁσημέραι
686 5055 1191 5121 ἐπεκτεινόμενος,
1234 5053 1295 5103 οὺ
1323 5052 1609 5110 διέλειπεν,
1658 5048 1749 5100 δα-

158 5144 403 5209 6ιτικῶς
436 5147 633 5207 εἰπεῖν,
680 5146 917 5216 μελετῶν
950 5147 1182 5211 νύκτωρ
1217 5160 1280 5195 τε
1322 5143 1421 5195 καὶ
1449 5141 1576 5209 μεθ’
1608 5139 1750 5208 ὴμέο

148 5255 291 5306 ραν
317 5253 387 5290 εν
412 5234 491 5302 τῷ
524 5239 685 5304 νόμῳ
724 5239 957 5303 Κιφίου,
996 5236 1137 5289 ὡσεὶ
1164 5236 1355 5297 ξύλον
1384 5230 1752 5299 πεφυτευμέ-

157 5345 290 5385 rer
317 5328 477 5395 παιὰ
536 5332 641 5393 τὰς
689 5328 995 5391 διεξόδους
1028 5326 1145 5379 τῶν
1183 5326 1432 5378 ὑδάτων.
1468 5324 1617 5394 ’ᾘδει
1646 5324 1753 5393 γὰρ

256 5488 309 5519 ⁸⁸
349 5488 439 5540 l’lti
472 5490 543 5554 ip.
580 5503 659 5548 ill,
700 5488 780 5539 l3.
862 5485 1063 5535 “lkal.
1106 5500 1153 5545 ι,
1187 5484 1234 5534 2.
1278 5484 1323 5535 3η

1842 4603 2057 4640 munem
2085 4589 2405 4656 magistrum
2437 4602 2691 4656 sequens,
2733 4602 2900 4656 seque
2926 4588 2975 4639 in
2996 4588 3248 4641 omnibus
3271 4596 3426 4641 cattle

1842 4694 2055 4747 gerens,
2090 4696 2205 4746 qua:
2241 4693 2379 4731 retro
2407 4690 2524 4731 sunt
2558 4679 2883 4744 oblivisceits,
2904 4690 2951 4731 et
2971 4681 3038 4731 ad
3061 4696 3121 4731 ea
3151 4694 3269 4743 quia
3304 4688 3423 4732 sunt

1842 4772 2021 4835 priora
2062 4771 2342 4824 extendam
2385 4770 2429 4801 “
2458 4786 2719 4839 setpsum,
2771 4787 2875 4823 non
2900 4773 3169 4833 cessabat,
3217 4782 3274 4822 ιιι
3304 4787 3425 4823 cum

1850 4862 2045 4915 Davide
2077 4862 2283 4928 loquar,
2318 4861 2563 4914 meditari
2600 4863 2687 4915 die
2709 4879 2771 4915 ac
2793 4874 2942 4916 nocte
2965 4864 3018 4915 iu
3051 4865 3159 4931 lege
3187 4861 3425 4929 Domini,

1850 4968 2096 5025 tanquam
2130 4956 2332 5023 lignum
2377 4960 2515 5023 quod
2547 4954 2841 5021 plumatum
2880 4965 2956 5008 est
2988 4971 3135 5007 secus
3176 4957 3427 5006 decursus

1853 5063 2107 5115 aquarum
2140 5048 2202 5099 ".
2236 5044 2468 5101 Noverat
2495 5048 2636 5101 enim
2674 5062 2732 5100 se
2759 5062 2863 5099 non
2890 5046 3190 5113 multopost
3214 5049 3433 5114 proprio

1854 5149 2095 5205 tempore
2138 5138 2491 5192 centesimum
2532 5137 2690 5209 41],
2738 5153 2955 5191 suorum
3010 5137 3254 5192 laborum
3318 5140 3429 5191 Ιίνιι-

1856 5242 2000 5284 ctum
2033 5231 2283 5282 daturum
2310 5231 2373 5283 η.
2424 5228 2497 5281 lla
2536 5231 2887 5284 honorandus
2916 5228 3248 5299 Stephanus,
3284 5241 3433 5283 sum-

1860 5340 1998 5375 mam
2032 5324 2279 5391 pietatem
2320 5327 2592 5388 erndttus,
2645 5323 2952 5394 complures
2982 5339 3285 5379 coaevorum
3322 5337 3433 5377 tum

1410 5482 1447 5508 ’π
1474 5480 1662 5531 Matth.
1693 5497 1810 5543 xt:t,
1832 5482 1882 5534 8.

1464 5622 1686 5675 \Mild‘)
1731 5623 2107 5677 l.l£('.'|'l0Ni'l\

252 5773 286 5801 ⁸
320 5768 452 5821 Tres
479 5767 628 5821 Colit.
660 5764 743 5816 hic
783 5764 851 5817 ita
884 5762 1115 5815 habent:
1155 5762 1215 5811 οὗ
1243 5760 1401 5829 μόνον
1437 5759 1501 5811 τὰ
1534 5756 1740 5830 mea!“

1841 5798 1853 5821 ,
1891 5759 2025 5812 ἀλλὰ
2053 5762 2144 5813 καὶ
2177 5760 2374 5827 πάσης,
2409 5770 2510 5813 etc.
