4196 6436
198 386 312 451 1085

1274 396 1452 456 VITA
1502 397 1561 457 S.
1594 397 1973 459 STEPHANI
2007 398 2386 460 JUNlORIS.
2478 350 2486 359 ⁸

3285 393 3420 459 1086

195 503 331 571 μέσον
358 503 414 553 ὲν
459 498 671 564 τούτοις
707 503 820 565 τοῖς
858 501 1073 572 χρόνοις
1105 503 1487 573 περιελθόντες
1533 506 1732 561 δίκαιοι

1852 523 1916 561 .ra
1950 507 2080 562 illud
2105 510 2366 578 temporis
2394 507 2630 576 spatium
2660 506 3415 574 exstiterejustiPatres.n1

192 592 401 661 ΙΙατέρες
430 594 557 661 περί
585 591 690 645 τῶν
715 593 885 661 ἀγίών
918 594 1013 646 καί
1036 594 1253 647 σεπτῶν
1279 596 1507 648 είκόνων
1556 597 1734 649 τοιοῦ-

187 684 271 736 τόν
291 701 337 737 τι
364 685 462 738 οὐκ
488 686 797 757 ὲνενόησαν.
842 684 1173 757 Ἐξαρχῆθεν
1205 688 1315 757 γὰρ
1342 688 1481 757 μετά
1514 688 1615 757 τὴν
1641 687 1737 741 τοῦ

188 774 399 843 Χριστοῦ
448 776 529 839 εἰς
564 776 828 846 οὐρανοὺς
867 775 1158 847 ἀνάληψιν,
1192 779 1225 847 ἡ
1269 779 1512 849 εἰκονικὴ
1546 780 1739 849 ὅρασις

189 864 504 938 ἁνετυπῶθη.
538 868 694 938 Παρὰ
714 885 773 921 τε
820 868 929 938 γὰρ
962 870 1062 939 τῆς
1105 871 1375 942 αἰμόῤῥου
1395 873 1486 941 εἰς
1514 871 1613 942 τὴν
1650 873 1736 926 ἐπ’

190 956 311 1026 αὐτῇ
382 954 815 1027 θαυματοποιίαν
873 961 1166 1027 γεγονυῖαν
1226 962 1259 1031 ἡ
1320 962 1418 1014 τοῦ
1486 962 1738 1033 Σωτῆρος

189 1046 332 1103 εἰκὼν
356 1048 829 1121 ἐστηλογραφήθη.
856 1051 1000 1104 Μεθ’
1023 1048 1091 1124 ἧς
1134 1055 1230 1106 καὶ
1260 1055 1680 1127 ἁχειροποίητος
1702 1058 1735 1125 ἡ

189 1144 241 1193 ἐν
274 1140 447 1211 Ἐξέσῃ
475 1144 541 1213 τῇ
576 1142 729 1195 πόλει
755 1160 769 1173 ο
795 1144 996 1197 αὐτίκα
1039 1145 1134 1197 καὶ
1182 1146 1215 1215 ἡ
1253 1147 1403 1215 παρὰ
1434 1147 1512 1209 τῷ
1555 1148 1741 1218 Λουκᾷ

186 1231 257 1301 τῷ
288 1232 631 1305 εὐαγγελιστῇ
666 1236 1011 1305 ἰστορηθείσα
1032 1236 1141 1289 ἀπὸ
1177 1237 1569 1307 Ἰεροσολύμων
1602 1239 1740 1308 πρὸς

186 1322 421 1391 θεόριλον
447 1324 547 1394 τῆς
579 1325 851 1394 πανάγνου
902 1329 996 1379 καὶ
1033 1326 1298 1379 Θεοτόκου
1348 1328 1531 1382 εἰκών.
1581 1328 1742 1382 Ἀλλά

188 1416 274 1468 καὶ
300 1415 351 1467 αἰ
382 1415 534 1483 ἅγιαι
563 1414 622 1481 ἓξ
653 1417 1032 1485 οίκουμενικαί
1064 1416 1273 1469 σύνοδοι
1308 1415 1514 1480 ταύτας
1551 1416 1742 1488 εὑροῦ-

187 1522 287 1569 σαι,
331 1505 746 1576 προσκυνεῖσθαι
775 1505 1091 1572 διετάξαντο
1137 1506 1228 1558 καὶ
1265 1507 1363 1559 ούκ
1398 1507 1739 1577 ἀποστρέφε-

186 1594 318 1649 σθαι.
347 1596 485 1667 Ἔσῃ
515 1595 572 1649 δὲ
601 1595 906 1663 γινώσκων,
940 1595 1186 1666 βασιλεῦ,
1219 1597 1302 1648 ὅτι
1331 1596 1381 1647 εἰ
1409 1595 1567 1649 τοῦτο
1600 1613 1739 1665 κρα-

182 1686 410 1756 τήσειας,
441 1684 580 1756 ὑπὲρ
607 1684 714 1738 τῶν
746 1685 919 1752 ἁγίων
954 1686 1048 1739 καὶ
1092 1685 1305 1737 σεπτῶν
1346 1685 1572 1739 εἰκόνων
1598 1685 1739 1738 ἑτοί-

187 1793 295 1845 μως
344 1774 739 1845 ἀποθανοῦμαι.
789 1776 852 1829 Ἡ
894 1776 999 1847 γὰρ
1044 1775 1140 1828 τοῦ
1184 1775 1422 1847 Χριστοῦ
1471 1776 1634 1830 εἰκὼν
1682 1777 1743 1830 τὸ

1840 598 1912 652 hil
1947 599 2052 654 tale
2067 601 2132 655 de
2152 600 2358 655 sanctis
2387 607 2442 653 et
2468 600 2792 654 venerandis
2825 598 3155 667 imaginibus
3201 601 3424 672 excogi-

1841 696 2042 743 tavere.
2067 689 2345 758 Siquidem
2375 691 2443 744 ab
2464 689 2620 744 initio
2649 699 2770 757 post
2797 688 3005 743 Christi
3038 689 3092 742 in
3125 689 3290 745 cmlos
3331 705 3422 746 as-

1840 781 2200 851 sumptionem
2232 781 2498 850 imagines
2524 794 2800 851 expressae
2829 789 2974 834 sunt.
2999 778 3132 833 Nam
3171 778 3417 835 Salvato-
3508 777 3521 789 '

1841 875 1916 928 ris
1948 872 2178 942 effigiem
2229 871 2286 925 in
2342 873 2658 927 memoriam
2716 871 2966 926 miraculi
3011 872 3064 925 in
3113 886 3173 926 se
3223 872 3419 940 patrati

1840 966 1995 1032 cippo
2044 962 2277 1033 insculpi
2320 964 2531 1018 curavit
2562 963 3005 1026 haemorrhois“,
3031 962 3116 1016 cui
3148 962 3239 1018 illa
3271 962 3419 1016 nullo

1841 1055 2070 1110 artiﬁcio
2094 1056 2334 1109 humano
2359 1054 2503 1108 facta
2536 1054 2874 1120 adjungenda
2905 1065 3010 1116 est,
3048 1067 3167 1121 quae
3203 1053 3254 1106 in
3287 1055 3420 1106 urbe

1842 1146 2044 1201 Edessa
2070 1153 2446 1209 conservatur,
2490 1154 2547 1198 ut
2577 1153 2634 1198 et
2675 1143 2766 1197 illa
2808 1144 3128 1198 castissimae
3180 1142 3422 1211 Deiparat

1842 1237 2042 1305 imago,
2071 1250 2233 1303 quam
2276 1249 2306 1289 a
2347 1234 2490 1288 Luca
2521 1233 2855 1302 evangelista
2883 1234 3172 1301 depictam,
3204 1233 3422 1287 leroso»

1841 1327 2001 1397 lymis
2040 1327 2109 1380 ad
2136 1325 2494 1394 Theophilum
2538 1327 2757 1380 missam
2789 1325 2960 1378 fuisse
2994 1324 3270 1377 memoria:
3296 1338 3423 1392 pro—

1842 1420 2012 1472 ditum
2040 1425 2142 1472 est.
2165 1415 2431 1471 Pra‘tcrea
2463 1429 2666 1469 sanctae
2703 1429 2799 1469 sex
2829 1415 3179 1469 tecumenicae
3204 1413 3419 1482 synodi,

1842 1521 1962 1576 quae
1984 1506 2104 1562 illas
2127 1514 2465 1573 repererunt.
2487 1505 2706 1560 easdem
2730 1506 3053 1569 adorandus,
3091 1520 3197 1559 non
3224 1505 3423 1559 abhor-

1844 1599 2040 1653 rendas
2063 1600 2369 1652 sancivere.
2408 1595 2700 1661 Caeterum,
2735 1612 2835 1666 pro
2878 1608 3031 1652 certo
3054 1598 3289 1661 habeas,
3324 1598 3424 1650 im—

1843 1698 2079 1759 perator,
2101 1689 2145 1743 si
2175 1689 2277 1741 hac
2302 1689 2353 1741 in
2401 1702 2458 1741 re
2486 1689 2536 1741 vi
2560 1690 2636 1741 uti
2668 1688 2931 1753 volueris,
2980 1702 3064 1741 me
3096 1703 3192 1757 pro
3221 1688 3425 1743 sanctis

1843 1789 1898 1833 et
1928 1779 2254 1834 venerandis
2305 1779 2632 1849 imaginibus
2667 1778 3028 1833 libentissime
3078 1780 3419 1833 moriturum.

182 1871 334 1925 αὑτοῦ
363 1871 516 1941 φέρει
546 1871 701 1940 ἅγιον
731 1872 923 1942 ὄνομα,
966 1871 1086 1925 καθ’
1118 1872 1148 1924 ὂ
1175 1873 1233 1925 ἐν
1275 1871 1440 1941 σαρκὶ
1466 1871 1621 1941 ὤφθη
1651 1871 1744 1923 καί

1852 1872 2091 1940 Namque
2113 1870 2315 1926 Christi
2341 1871 2519 1939 imago
2543 1880 2791 1925 sanctmn
2818 1870 2933 1939 ejus
2964 1884 3156 1924 nomen
3185 1870 3420 1938 praefert,

180 1968 287 2027 τοῖς
310 1964 612 2036 ἀνθρώποις
650 1965 1086 2035 συνανεστράφη.
1114 1964 1336 2017 Δίκαιον
1380 1963 1435 2017 δὲ
1468 1965 1562 2016 καὶ
1594 1961 1747 2030 ἅγιόν

180 2060 320 2111 ἐστιν
347 2058 483 2128 ὑπὲρ
517 2056 612 2109 τοῦ
655 2057 917 2126 ὀνόματος
954 2056 1120 2109 αὑτοῦ
1167 2056 1388 2117 πάντως
1428 2055 1743 2109 ἀποθανεῖν.

192 2148 249 2200 '0
279 2148 381 2218 γὰρ
409 2148 509 2215 τὴν
530 2146 716 2199 εἰκόνα
741 2145 906 2199 αὐτοῦ
951 2146 1257 2215 ἀτιμάζων,
1285 2147 1364 2209 εἰς
1394 2145 1488 2197 τὸν
1522 2147 1582 2197 ὲν
1609 2145 1744 2215 αὐτῇ

180 2241 640 2311 ἐγχαραττόμενον
685 2238 1004 2309 ἀναπέμπει
1072 2240 1172 2309 τὴν
1236 2237 1418 2309 ὓϐριν.
1480 2255 1498 2288 ι
1561 2235 1748 2288 Ταῦτα

180 2332 433 2393 ἀκούσας,
468 2335 497 2383 ὀ
525 2328 842 2399 παράνομος
866 2328 1142 2399 βασιλεὺς,
1164 2329 1256 2381 καί
1276 2327 1478 2398 βρύξας
1511 2327 1585 2391 ὡς
1613 2327 1747 2380 λέων

180 2420 535 2491 φερωνύμως,
570 2420 822 2489 ξιφήρεις
865 2418 1150 2489 σατράπας
1208 2417 1535 2479 ἀποστείλας
1575 2417 1632 2469 ὲν
1669 2416 1748 2487 τῷ

178 2512 556 2583 πατριαρχικῷ
602 2512 755 2580 οἴκῳ,
824 2512 1066 2580 πυγμαῖς
1104 2509 1199 2561 καὶ
1243 2508 1567 2577 ὀνειδισμοῖς
1617 2524 1750 2561 κατ·-

178 2605 397 2669 ενέγκαι
428 2603 519 2655 τὸν
553 2602 709 2669 ἅγιον
760 2600 868 2654 τῶν
909 2602 1089 2653 ἐκεῖσε
1125 2598 1478 2670 προσέταξεν.
1528 2592 1751 2660 υῦτινος

178 2696 543 2759 κατελθόντος,
569 2695 662 2748 καὶ
705 2694 801 2746 τοῦ
826 2694 1095 2765 μονήρους
1124 2691 1240 2762 βίου
1274 2692 1621 2761 συμμετόχου
1654 2708 1749 2758 γε·-

176 2787 409 2854 γονότος,
438 2782 506 2857 ἦν
538 2785 664 2839 ἰδεῖν
691 2786 791 2855 τὴν
822 2785 978 2838 πόλιν
1015 2784 1236 2838 ἃπασαν
1279 2782 1478 2854 θρῆνον
1513 2784 1608 2836 καί
1640 2801 1751 2835 κω-

176 2878 335 2930 κυτὸν
365 2878 463 2929 οὐκ
491 2876 670 2945 ὀλίγον
701 2876 1120 2946 ἐκπέμπουσαν,
1159 2873 1256 2945 τὴν
1284 2873 1379 2926 τοῦ
1406 2874 1622 2944 Πατρὸς
1656 2874 1761 2945 ζητ

178 2968 470 3037 μιωθεῖσαν
522 2967 823 3037 μελισταγῆ
880 2964 1272 3020 διδασκαλίαν·
1336 2964 1412 3026 ὡς
1456 2960 1597 3019 εἶναι
1652 2966 1753 3031 τὴν

176 3056 390 3126 ἡμέραν
420 3056 652 3121 ἐκείνην,
688 3056 787 3124 οὐχ
809 3055 1044 3124 ἡμέραν,
1071 3054 1209 3107 ἀλλά
1242 3053 1457 3120 σκότος,
1493 3054 1591 3107 καὶ
1617 3054 1750 3125 θρῆ-

171 3166 267 3200 νον
293 3149 384 3200 καὶ
410 3149 531 3200 οὐαὶ
551 3147 644 3199 ἐπὶ
675 3148 816 3209 οὐαὶ,
859 3146 934 3210 ῶς
969 3164 1133 3218 φησιν
1165 3148 1193 3199 ὁ
1231 3148 1539 3217 προφήτης.

261 3238 347 3289 Ἐν
376 3238 433 3291 δὲ
474 3241 595 3298 ταῖς
620 3237 904 3306 δυσείμοσι
949 3237 1170 3298 ταύταις
1200 3236 1459 3307 ἡμέραις,
1488 3236 1517 3287 ό
1548 3235 1747 3306 ἀσεὸὴς
1780 3219 1828 3283 C

187 3330 541 3391 ’Λναστάσιος
561 3329 812 3391 ἀσεϐείας
825 3329 967 3399 χειρί
983 3329 1082 3397 τὴν
1100 3326 1509 3398 ἀρχιερωσύνην
1522 3327 1679 3379 ὲπιλα
1687 3344 1752 3396 μ-

169 3422 399 3475 ϐάνεται
434 3421 859 3490 στρατιωτικῶς,
889 3421 984 3472 καὶ
1018 3419 1078 3471 ού
1109 3418 1276 3489 ψήφῳ
1293 3418 1427 3470 Θεοῦ
1449 3417 1748 3479 εὐσεϐείας·

169 3517 327 3578 ὅστις
353 3514 423 3568 τὰ
450 3514 548 3584 τῆς
583 3512 910 3583 Ἐκκλησίας
932 3511 1113 3564 πάντα
1143 3513 1257 3574 τοῖς
1284 3508 1578 3579 βασιλείοις
1613 3524 1757 3577 παρ-

170 3608 382 3660 έδωκεν
414 3616 458 3660 ι.
502 3606 590 3657 Ἐν
622 3604 833 3665 τούτοις
890 3602 983 3655 οὖν
1018 3601 1445 3666 ἐξουσιαστικῶς
1485 3599 1756 3670 δραξάμε-

171 3716 270 3761 νος
295 3701 324 3752 ό
350 3698 609 3768 τύραννος
641 3696 741 3774 τῆς
763 3694 1047 3763 αἱρέσεως,
1101 3694 1361 3762 πειρᾶται
1388 3690 1634 3763 παρευθὺ
1659 3691 1757 3760 τὴν

169 3790 347 3857 ἁγίαν
398 3789 492 3842 καὶ
542 3787 882 3856 Δεσποτικὴν
940 3787 1125 3837 εἰκόνα
1188 3783 1424 3853 Χριστοῦ
1476 3781 1570 3834 τοῦ
1621 3780 1756 3832 Θεοῦ

170 3881 361 3950 ἡμῶν,
394 3880 491 3950 τὴν
520 3878 812 3948 ἱδρυμένην
834 3875 1069 3945 ὕπερθεν
1101 3874 1208 3928 τῶν
1232 3873 1529 3943 βασιλικῶν
1552 3870 1755 3935 πυλῶν,

169 3976 235 4025 ἐν
273 3966 471 4041 οἷσπερ
498 3968 587 4023 διὰ
616 3970 707 4022 τὸν
737 3968 1060 4038 χαρακτῆρα
1087 3968 1120 4036 ὴ
1143 3965 1275 4034 ἀγία
1305 3964 1496 4030 Χαλκῆ
1519 3963 1756 4031 λέγεται,

170 4063 516 4128 κατενέγκαι
545 4061 636 4114 καὶ
671 4061 803 4130 πυρὶ
849 4057 1204 4129 παραδοῦναι,
1246 4057 1275 4109 ὃ
1308 4057 1403 4111 καὶ
1440 4053 1757 4135 πεποίηκεν.

189 4154 286 4206 Ἐν
317 4153 378 4206 δὲ
419 4157 485 4223 τῇ
534 4154 703 4223 αὐτῆς
750 4150 1067 4220 καθαιρέσει
1096 4150 1243 4220 ζήλῳ
1290 4149 1418 4217 θείῳ
1466 4146 1760 4217 ῥωσθεῖσαι

170 4246 365 4313 τίμιαι
393 4247 667 4311 γυναῖκες,
696 4245 789 4296 καί
814 4242 1112 4313 ρωμαλέως
1137 4239 1536 4309 εἰσπηδήσασαι
1555 4237 1761 4306 καὶτῆς

170 4337 457 4404 κλίμακος
477 4333 832 4405 δραξάμεναι,
866 4335 956 4386 καί
978 4334 1068 4384 τὸν
1101 4331 1437 4400 καθαιρέτην
1459 4328 1763 4399 σποὰριον

168 4425 405 4494 χαμᾶζε
465 4424 855 4494 προσρίψασαι,
918 4423 1013 4474 καὶ
1073 4419 1262 4472 τοῦτον
1304 4417 1653 4486 διασύρασαι,
1686 4415 1765 4485 τῷ

167 4516 409 4584 (θανάτῳ
427 4515 795 4585 παρέπεμψαν
818 4530 832 4543 ·
866 4516 958 4566 καὶ
986 4512 1185 4575 εὐθέως
1222 4509 1617 4580 εἰσδραμοῦσαι
1667 4526 1765 4560 κα-

163 4606 625 4675 ταλαμΰάνουσιν
648 4606 737 4657 τὸν
764 4603 1160 4674 πατριαρχικὸν
1188 4599 1358 4665 οἶκον,
1395 4599 1766 4666 λιθοϐολοῦσαι

162 4699 273 4750 τὸν
306 4696 545 4766 δυσσεόῆ
583 4697 948 4757 ’Δναστάσιον,
968 4695 1061 4747 καὶ
1080 4694 1353 4762 λέγουσαι,
1384 4711 1402 4742 ι
1431 4691 1766 4760 Μιαρωτάτη

166 4789 422 4860 κεφαλὴ,
455 4791 545 4843 καὶ
575 4790 672 4858 τῆς
700 4788 955 4858 ἀληθείας
975 4787 1157 4856 ἐχθρὲ,
1183 4787 1372 4837 τούτου
1395 4802 1458 4852 γε
1484 4784 1647 4836 ἕνεκα
1667 4782 1768 4851 τῆς

167 4882 498 4953 ἱερωσύνης
540 4881 770 4950 ὲδρὰξω,
822 4881 958 4949 πρὸς
1004 4879 1392 4948 καταστροφὴν
1440 4875 1548 4927 τῶν
1596 4876 1768 4942 ἁγίων

164 4976 280 5027 καὶ
317 4975 482 5044 ἱερῶν
520 4973 920 5043 ἀναθημάτων;
953 4992 971 5023 ι
1004 4973 1219 5042 Ταύτην
1248 4969 1343 5024 οὖν
1376 4970 1472 5045 τὴν
1500 4963 1668 5039 ἧτταν
1693 4966 1768 5035 μὴ

163 5068 379 5136 φέρων
424 5068 452 5118 ὁ
508 5066 745 5135 ἀνίερος,
796 5068 941 5136 φυγῇ
985 5066 1258 5134 ἐχρήσατο
1304 5063 1413 5114 ἀπὸ
1471 5059 1765 5131 προσώπου

162 5157 297 5209 τῶν
318 5154 562 5207 εὐσεϐῶν
585 5156 861 5223 γυναικῶν
879 5171 893 5185 ·
923 5157 1015 5208 καὶ
1043 5154 1120 5224 τῷ
1135 5155 1383 5225 τυράννῳ
1413 5151 1766 5222 προσφυγὼν,

166 5263 462 5300 πεπεικεν
512 5248 694 5312 αὐτὸν,
742 5246 836 5299 τοῦ
888 5247 977 5299 6ιά
1023 5244 1207 5315 ξίφους
1248 5244 1625 5313 θανατωθῆναι
1672 5242 1770 5303 τὰς

160 5341 363 5407 ἁγίας
384 5343 645 5405 γυναῖκας
674 5340 908 5402 ὲκείνας.
944 5340 1010 5390 Ὃ
1033 5338 1096 5408 δὴ
1121 5337 1214 5390 καὶ
1237 5338 1477 5405 γέγονεν,
1512 5336 1604 5387 καὶ
1630 5334 1770 5404 ὑπὲρ

163 5433 289 5501 τῆς
321 5431 421 5484 τοῦ
459 5430 694 5501 Χριστοῦ
746 5430 951 5492 εἰκόνος
1001 5427 1388 5497 ὲναθλήσασαι,
1427 5428 1485 5478 τὸ
1520 5426 1772 5495 βραῧεῖον

1846 1976 2115 2037 quatenus
2136 1964 2189 2017 in
2222 1979 2391 2019 carne
2425 1965 2571 2018 visus
2590 1972 2757 2018 est'et
2784 1963 2923 2016 inter
2959 1963 3206 2017 homines
3239 1976 3425 2017 versa-

1849 2068 1936 2111 tus
1958 2065 2060 2111 est.
2087 2055 2220 2110 Mori
2253 2054 2418 2127 414
2455 2065 2578 2109 ante
2597 2071 2646 2108 m
2674 2070 2771 2125 pro
2788 2055 2906 2123 ejus
2927 2054 3166 2119 nomine,
3197 2068 3424 2122 prorsus

1850 2163 1941 2204 res
1965 2157 2049 2202 est
2077 2147 2223 2215 justa
2256 2159 2309 2201 et
2344 2155 2556 2201 sancta.
2580 2147 2683 2213 Qui
2719 2155 2911 2200 contra
2956 2146 3076 2213 ejus
3126 2145 3420 2212 imaginem

1850 2240 2139 2310 ignominia
2173 2238 2356 2302 allicit,
2390 2237 2443 2291 in
2486 2237 2636 2291 illum
2664 2276 2678 2300 ,
2705 2252 2864 2307 quem
2894 2237 3132 2300 exhibet,
3170 2235 3423 2303 injuriam

1851 2332 2043 2399 rejicit.
2075 2351 2094 2384 ι
2122 2330 2218 2385 His
2243 2330 2461 2392 auditis,
2493 2331 2771 2398 improbus
2797 2329 3109 2397 imperator,
3142 2342 3292 2382 more
3311 2326 3425 2382 leo-

1850 2425 1955 2491 nis,
1998 2424 2153 2493 cujus
2199 2437 2393 2477 nomen
2441 2422 2670 2485 ferebat,
2721 2420 3012 2486 frendens,
3061 2430 3304 2489 satrapas
3327 2434 3427 2472 en-

1850 2516 1998 2571 sibus
2015 2523 2257 2569 armatos
2288 2514 2342 2567 in
2384 2512 2806 2581 patriarchicam
2835 2511 3053 2566 domum
3091 2511 3272 2573 misit,
3305 2510 3429 2580 qui-

1850 2610 1951 2663 bus
1980 2608 2233 2677 praecepit
2273 2615 2336 2659 ut
2379 2620 2501 2658 cum
2538 2604 2730 2674 pugnis
2769 2611 2825 2657 et
2865 2603 3129 2658 conviciis
3174 2610 3424 2655 sanctum

1851 2701 2026 2753 virum
2081 2699 2206 2753 inde
2256 2699 2628 2752 deturbarent.
2676 2695 2755 2749 Eo
2804 2706 2986 2749 autem
3022 2695 3196 2765 ejecto
3236 2704 3292 2747 et
3314 2707 3430 2747 mo-

1852 2789 2077 2844 nastica:
2111 2789 2235 2843 vitae
2262 2788 2524 2857 participe
2561 2788 2702 2842 facto
2725 2826 2740 2851 ,
2767 2786 2952 2841 videre
2973 2797 3093 2840 erat
3119 2786 3428 2839 universam

1852 2880 2151 2943 civitatem,
2186 2876 2437 2932 mellillua
2467 2875 2643 2931 Patris
2666 2876 2915 2931 doctrina
2942 2875 3215 2935 orbatam,
3246 2873 3431 2928 fletum

1852 2980 1905 3024 et
1933 2970 2189 3039 gemitum
2226 2984 2333 3022 non
2366 2981 2591 3035 parvum
2625 2967 2824 3029 edere;
2850 2966 2924 3019 ita
2946 2976 3007 3018 ut
3030 2965 3147 3019 dies
3178 2964 3290 3027 illa,
3324 2978 3429 3017 non

1855 3062 1985 3126 dies,
2012 3061 2105 3115 sed
2139 3059 2374 3115 tenebrae
2396 3068 2447 3111 et
2472 3057 2627 3111 ﬂetus
2656 3072 2819 3127 super
2855 3055 3060 3119 ﬂetum,
3090 3063 3144 3109 et
3164 3070 3237 3109 va:
3270 3068 3434 3120 super

1857 3167 1936 3207 ναξ
1967 3160 2132 3216 esset,
2165 3161 2227 3204 ut
2248 3149 2485 3217 loquitur
2507 3148 2791 3217 propheta.

1929 3245 2124 3298 Iisdem
2157 3242 2372 3295 miseris
2395 3240 2583 3293 diebus
2608 3241 2805 3307 impius
2833 3238 3153 3293 Anastasius
3185 3238 3434 3306 impieta-

1858 3334 1925 3387 tis
1948 3347 2107 3386 manu
2159 3330 2531 3401 pontificatum
2559 3332 2866 3398 occupavit,
2922 3330 2970 3383 vi
3029 3330 3282 3393 militum,
3321 3344 3427 3382 non

1858 3423 2118 3493 suffragio
2154 3423 2349 3476 divinae
2379 3422 2626 3490 pietatis;
2661 3421 2751 3487 qui
2784 3421 2999 3488 quidem
3030 3422 3208 3473 omnia
3237 3422 3304 3474 ad
3335 3420 3433 3475 Ec-

1858 3516 2075 3570 clesiam
2134 3512 2458 3582 pertinentia
2507 3512 2872 3579 imperatoriis
2921 3512 3126 3566 uadibus
3186 3513 3427 3565 tradidit.

1859 3604 1995 3657 Tum
2049 3613 2312 3671 tyrannus
2350 3602 2517 3655 libera
2577 3612 2841 3671 potestate
2882 3604 3169 3669 prodenda:
3211 3604 3435 3656 haeresis

1860 3703 2105 3762 accepta,
2136 3693 2280 3746 illico
2331 3701 2578 3746 sanctam
2623 3704 2671 3746 et
2727 3692 3061 3745 Dominicam
3098 3694 3298 3748 Christi
3339 3693 3434 3747 Dei

1861 3786 2363 3854 nostriimaginem,
2387 3800 2506 3852 qua:
2556 3800 2718 3851 supra
2779 3785 3121 3852 imperatoria
3156 3787 3293 3838 atria
3322 3785 3436 3839 col-

1863 3878 2055 3940 locata,
2087 3878 2156 3931 ob
2186 3876 2416 3946 elligicm
2447 3885 2634 3929 sancta
2659 3874 2830 3931 Enen
2862 3877 3141 3928 dicebatur
3162 3916 3176 3941 ,
3205 3876 3435 3943 dejicere

1861 3979 1914 4023 et
1945 3969 2051 4037 ign‘i
2087 3968 2298 4021 tradere
2322 3968 2565 4033 tentavit,
2587 3969 2728 4035 quod
2767 3969 2983 4035 quidem
3014 3970 3235 4036 peregit.
3283 3967 3425 4019 Intn-

1863 4061 1963 4113 rim
1997 4074 2123 4112 vero
2143 4058 2270 4111 dum
2304 4057 2817 4121 tollebatur,.divino
2846 4059 2961 4110 zelo
2990 4058 3253 4110 roborata:
3269 4055 3433 4127 415
3496 4078 3497 4081 η

1865 4151 2204 4204 honorabiles
2235 4150 2508 4211 mulieres,
2541 4149 2752 4202 fortiter
2786 4150 3077 4213 irruerunt,
3112 4158 3436 4218 arreptaque

1864 4240 2029 4301 scala,
2051 4240 2408 4308 spatharium,
2439 4240 2529 4306 qui
2552 4239 2843 4305 imaginem
2885 4240 3173 4292 ainovebat
3194 4281 3207 4302 ,
3238 4239 3291 4292 in
3329 4249 3438 4294 ter-

1867 4344 1979 4383 ram
2022 4329 2399 4395 proiecerunt,
2447 4329 2877 4395 distractumqne
2930 4330 3088 4381 morti
3151 4330 3436 4385 dederunt.

1866 4422 1993 4476 Post
2018 4424 2131 4476 haec
2167 4424 2231 4476 ad
2277 4423 2696 4490 patriarchicam
2749 4424 2967 4474 dommn
3018 4422 3201 4476 statim
3248 4437 3441 4491 prope-

1873 4522 2072 4576 rantes,
2101 4512 2324 4579 impium
2357 4512 2703 4564 Anastasium
2733 4510 2999 4577 lapidibus
3018 4519 3228 4578 petunt,
3285 4511 3441 4565 aien-

1873 4613 1952 4659 tes
1987 4622 1999 4655 :
2040 4622 2057 4654 ‹
2100 4602 2528 4672 lmpurissimunt
2553 4611 2737 4669 eaput,
2774 4612 2827 4653 et
2852 4602 3094 4655 veritatis
3126 4602 3315 4665 hostis,
3359 4616 3446 4656 er-

1871 4710 2008 4760 gone
2036 4696 2236 4749 idcirco
2270 4695 2629 4749 sacerdotium
2663 4694 2929 4755 invasisti,
2965 4704 3019 4744 nt
3046 4703 3233 4746 sancta
3267 4703 3322 4746 et
3353 4708 3443 4746 sa-

1870 4798 1962 4839 cra
1983 4785 2325 4838 anathemata
2371 4785 2483 4838 sive
2514 4784 2736 4837 donaria
2773 4781 3186 4835 everterentur?
3222 4799 3242 4833 ι
3293 4781 3449 4837 Hanc

1872 4877 1936 4928 de
1957 4892 2016 4929 se
2047 4876 2326 4929 victoriam
2360 4890 2466 4928 non
2519 4872 2702 4928 ferens
2734 4873 3013 4942 profanus,
3076 4889 3104 4926 a
3152 4881 3445 4940 conspectu

1874 4967 2083 5034 piarum
2117 4966 2401 5020 mulierum
2450 4966 2680 5035 aufugit,
2718 4976 2773 5019 et
2805 4967 2870 5018 ad
2920 4974 3208 5035 tyrannum
3258 4963 3453 5017 conlu-

1875 5057 2047 5128 gicus,
2072 5059 2118 5112 ei
2143 5069 2328 5112 auctor
2370 5058 2487 5123 fuit,
2526 5068 2584 5112 ut
2617 5070 2836 5113 sanctas
2871 5057 2987 5111 illas
3018 5057 3272 5110 mulieres
3308 5054 3455 5110 ferro

1877 5152 2233 5205 interimeret.
2272 5152 2423 5217 Quod
2473 5151 2690 5219 quidem
2738 5150 2935 5204 factum
2954 5160 3056 5213 est,
3106 5149 3317 5216 illaaqne
3356 5162 3454 5214 pro

1874 5242 2076 5295 Christi
2110 5243 2340 5310 imagine
2375 5243 2507 5294 inito
2540 5243 2861 5305 certamine,
2896 5242 3137 5297 victoria:
3166 5239 3448 5309 praemium
3498 5226 3523 5271 ἰ

1877 5334 2083 5400 ubipsu
2114 5332 2331 5387 Christo
2384 5344 2720 5401 receperunt,
2770 5349 2890 5386 cum
2927 5335 3178 5387 omnibus
3240 5331 3448 5386 sanctis

1881 5424 2184 5477 vittt'iciltns
2224 5425 2273 5476 in
2296 5441 2457 5493 regno
2490 5426 2749 5480 caelorum
2784 5428 3043 5480 lactantes.
3104 5422 3105 5425 “

167 5524 353 5594 παρὰ
380 5522 615 5591 Χριστοῦ
650 5522 994 5590 ἐκομίσαντο,
1026 5522 1083 5573 ἐν
1110 5524 1173 5591 τῇ
1199 5520 1444 5591 βασιλείᾳ
1467 5519 1573 5570 τῶν
1641 5512 1885 5584 οὐρανῶν
1948 5515 2472 5585 συνευφραινόμεναι
2502 5518 2640 5586 μετὰ
2683 5519 2871 5571 πασῶν

165 5624 410 5690 «gf-pun.

267 5793 292 5819 ³
333 5781 405 5833 al.
441 5780 765 5846 προέδωκεν,
