4196 6436
249 341 381 406 1117

245 553 411 620 νυμόν
450 568 545 604 σου
596 553 861 621 ποίμνιον,
902 554 1298 626 είδωλολάτρας
1341 561 1491 628 ἡμᾶς
1539 560 1803 613 ἀποκαλέ-

246 657 471 707 σαντες,
522 642 612 695 καὶ
672 646 771 713 τὴν
818 645 1113 716 ὲκκλησίαν
1164 664 1258 700 σου
1318 650 1584 703 είδωλεϊον
1632 647 1801 705 εἷπον.

256 731 413 784 Ἀλλὰ
444 733 787 788 ἁνακαίνισον
834 737 980 806 ἡμᾶς
1023 737 1098 801 ὡς
1142 737 1335 811 ὃρθρον
1363 742 1615 811 πρωῖνόν.
1660 743 1804 811 Πλη-

241 821 550 894 θννθήτωή
597 814 778 890 πίστις
824 845 919 881 σου
954 829 1034 891 είς
1083 830 1181 891 τὰς
1224 833 1468 901 πρωῖας,
1502 834 1581 886 ὅτι
1623 833 1804 887 πολλοί

240 916 379 967 είσιν
428 917 476 968 ot
506 919 802 988 στεναγμοὶ
828 918 1008 991 ήμῶν,
1043 921 1137 993 καί
1164 922 1197 993 η
1226 923 1422 991 καρδία
1450 926 1483 992 ή
1494 923 1609 993 μῶν
1638 923 1807 989 ἐξέλι-

242 1021 360 1056 πεν·
391 1005 474 1058 ὅτι
511 1007 757 1072 καθεῖλες
788 1009 881 1062 τὸν
915 1012 1166 1081 φραγμὸν
1196 1013 1370 1082 ἡμῶν,
1405 1015 1499 1067 καὶ
1531 1014 1804 1084 τρυγῶσιν

243 1100 389 1167 ἡμᾶς
420 1100 616 1163 πάντες
643 1102 691 1153 οἱ
761 1104 1266 1174 παραπορευόμενοι
1312 1104 1412 1173 τὴν
1439 1106 1579 1158 ὀδόν.
1650 1106 1801 1158 Ἐλυ-

245 1194 448 1257 μήνατο
493 1193 638 1261 ἡμᾶς
662 1190 725 1256 ῦς
776 1195 838 1246 ὲκ
868 1196 1097 1266 δρυμοῦ.
1145 1196 1209 1251 ’0
1235 1198 1601 1262 λεοντότεκνος
1651 1191 1804 1261 οὗτος

243 1280 499 1349 σκύμνος,
533 1285 626 1336 καὶ
659 1284 734 1346 ὡς
767 1286 945 1354 μονιὸς
984 1289 1173 1357 ἄγριος
1202 1290 1608 1359 κατενεμήσατο
1636 1290 1799 1357 ἡμᾶς.

242 1369 409 1436 Κύριε
434 1410 447 1431 ,
478 1371 509 1422 ὸ
549 1370 682 1435 Θεὸς
716 1375 826 1426 τῶν
867 1376 1170 1446 δυνάμεων,
1221 1378 1549 1446 ὲπίστρεψον
1593 1378 1658 1446 δὴ
1709 1378 1803 1430 καὶ

238 1456 523 1525 ἐπίσκεψαι
585 1461 686 1531 τὴν
753 1464 993 1532 ἄμπελον
1051 1466 1275 1534 ταύτην,
1330 1468 1425 1519 καὶ
1478 1468 1801 1533 κατάρτισαι

236 1546 409 1613 αὐτὴν
459 1545 523 1616 ἢν
565 1550 861 1616 ἐφύτευσεν
914 1554 944 1621 ἡ
1004 1553 1151 1615 δεξιά
1208 1571 1333 1611 σου,
1388 1557 1481 1606 καὶ
1530 1557 1622 1606 ἐπὶ
1678 1556 1801 1607 Υίὸν

236 1636 523 1704 ἀνθρώπου
571 1639 630 1691 ὃν
663 1642 1040 1709 ἑκραταίωσας
1089 1645 1317 1714 σεαυτῷ.
1368 1646 1528 1698 Ἀλλὰ
1559 1647 1664 1716 γὰρ
1707 1646 1801 1698 δι-

238 1727 419 1794 κρύων
450 1730 543 1780 καὶ
580 1729 977 1799 ὀλοφυρόμενος
1021 1734 1114 1784 καὶ
1151 1734 1514 1803 ποτνιώμενος
1568 1734 1653 1786 διὰ
1703 1735 1799 1802 τὴν

1307 356 1478 414 VITA
1523 358 1582 415 S.
1622 358 1995 417 STEPHANI
2033 359 2409 420 JUNIORIS.

252 476 355 520 θοις
376 459 1017 532 Χριστιανοκατηγόροις.
1043 462 1420 534 Ἑλοιδόρησαν
1445 468 1551 535 γὰρ
1576 470 1633 520 τὸ
1660 467 1800 537 ὀμώ-
1837 483 1876 528 Λ
1908 473 1978 522 cit
2033 486 2047 522 :

3335 363 3468 426 1118

2119 472 2239 537 quia
2272 471 2581 524 destruitisti
2622 472 2913 526 maceriam
2954 481 3227 533 nostram,
3263 488 3310 531 et
3354 492 3462 528 uu-

1909 562 2145 613 dentiant
2201 577 2330 625 nos,
2370 574 2558 614 omnes
2608 560 2695 629 qui
2744 563 3256 630 prmiergrediuntur
3301 564 3462 621 viam,

1908 647 2299 701 Exterminavit
2330 665 2423 700 nos
2456 664 2585 717 aper
2613 649 2676 701 dc
2715 649 2882 718 sylva,
2918 651 3127 705 catulus
3156 651 3256 705 iste
3289 651 3458 706 leonis

1906 736 2100 803 fatus,
2158 748 2210 792 et
2269 748 2325 790 ut
2377 738 2669 807 singularis
2716 738 2858 793 ferus
2914 740 3163 807 depastus
3207 752 3288 793 est
3346 756 3462 794 nos.

1906 829 2148 893 Domine,
2174 829 2315 882 Deus
2338 828 2617 890 virtutum,
2637 839 2974 892 convertere,
3000 840 3051 882 et
3071 832 3223 882 visita
3251 833 3460 883 vineam

1907 921 2084 983 istaut,
2132 929 2185 974 et
2213 921 2411 990 perﬁce
2438 935 2553 972 eam
2585 935 2742 989 quam
2776 921 3032 985 plantavit
3068 922 3287 973 dextera
3330 933 3412 974 tua
3442 960 3455 980 ,

1906 1018 1959 1062 et
2020 1024 2180 1077 super
2235 1006 2430 1061 Filium
2461 1009 2710 1073 hominis,
2754 1024 2910 1078 quem
2964 1010 3473 1065 conlirmastitibi“.

1907 1100 2135 1163 Veram,
2180 1098 2303 1151 dum
2352 1099 2615 1168 lacrymor
2650 1108 2703 1152 et
2737 1112 3057 1168 conqueror,
3115 1100 3459 1167 divinamque

1906 1201 2059 1255 opem
2089 1186 2313 1253 imploro
2332 1229 2346 1249 ,
2376 1186 2443 1237 ob
2470 1185 2868 1238 incumbentem
2900 1187 3207 1254 pastoribus
3235 1198 3285 1239 et
3312 1187 3458 1253 gregi

1906 1277 2213 1346 caliginem,
2246 1292 2340 1344 per
2365 1292 2522 1344 quam
2558 1276 2693 1344 lupis
2714 1286 2767 1329 et
2798 1277 3003 1332 furibus
3029 1279 3294 1331 securitas
3325 1293 3458 1343 pra:-

1904 1371 2024 1424 stita
2061 1376 2141 1422 est
2164 1386 2184 1420 A:
2227 1369 2351 1421 dum
2388 1369 2552 1421 Deum
2589 1383 2761 1420 meum
2790 1383 2885 1420 oro
2916 1379 2971 1421 ut
3006 1371 3254 1422 tenebras
3298 1369 3458 1422 dissi-

1905 1468 2019 1527 pet,
2074 1469 2127 1511 et
2178 1460 2411 1527 priorem
2463 1458 2775 1511 orthodoxae
2829 1457 2947 1510 lidei
3013 1460 3218 1511 radium
3274 1457 3457 1528 551,

1904 1560 2285 1615 sacrarumque
2328 1556 2379 1600 et
2431 1547 2856 1598 veneraudarum
2928 1545 3219 1613 imaginum
3271 1549 3459 1600 adora-

1906 1643 2129 1703 tionem,
2165 1655 2282 1707 qua:
2318 1647 2495 1690 urente
2542 1638 2615 1700 ﬁt,
2651 1639 2931 1704 restituat;
2966 1637 3213 1706 promissi
3242 1639 3457 1699 oblitus,

1905 1732 2105 1784 luctum
2124 1730 2371 1799 produxi.
2406 1729 2555 1782 Nunc
2579 1744 2707 1782 vero
2738 1731 2822 1783 vix
2844 1729 3057 1783 tandem
3088 1730 3453 1795 commemini,

238 1818 589 1886 ἐπικειμένην
636 1820 727 1871 καὶ
768 1822 989 1886 ποιμέσι
1040 1824 1134 1875 καὶ
1186 1822 1384 1893 ποίμνῃ
1431 1824 1681 1892 ὁμίχλην,
1737 1823 1802 1873 δι’
1838 1811 1876 1865 Β

1838 1811 1876 1865 Β
1906 1824 1992 1876 ubi
2026 1824 2076 1875 in
2112 1824 2357 1875 oratione
2392 1822 2563 1889 reperi
2596 1820 2794 1873 Filium
2824 1822 3048 1872 hominis
3089 1837 3236 1888 quem
3268 1822 3461 1886 conﬁr-

237 1906 302 1975 ἢν
335 1906 482 1959 ἄδεια
515 1909 606 1961 καὶ
647 1910 834 1971 λύκοις
874 1912 966 1963 καὶ
1012 1914 1270 1976 κλέπταις
1303 1915 1536 1981 ἐγένετο·
1568 1915 1659 1966 καὶ
1702 1913 1793 1965 τοῦ

237 1996 372 2049 Θεοῦ
412 2015 514 2064 μου
547 1999 794 2067 δεόμενος
839 2000 999 2053 λῦσαι
1048 2003 1136 2055 τὸν
1176 2002 1355 2070 ζόφον,
1408 2004 1497 2054 καὶ
1532 2004 1629 2071 τὴν
1662 2020 1793 2070 προ-

236 2086 394 2154 τέραν
421 2088 611 2141 ἀκτῖνα
634 2090 647 2128 ί
674 2092 772 2159 τῆς
788 2092 1095 2161 όρθοδοξίας
1122 2093 1215 2145 καὶ
1244 2095 1341 2160 τὴν
1369 2094 1559 2162 νοερὰν
1582 2092 1595 2141 i
1632 2105 1795 2158 προσ·

238 2176 461 2246 κύνησιν
510 2180 614 2231 τῶν
657 2183 825 2247 ἁγίων
861 2188 953 2235 καὶ
999 2183 1211 2236 σεπτῶν
1246 2187 1471 2237 εἰκόνων
1520 2184 1799 2236 ἀποκατα-

239 2268 451 2335 στῆσαι·
482 2271 824 2343 ἐπελαθόμην
844 2274 943 2343 τῆς
970 2275 1334 2343 ὑποσχέσεως,
1366 2276 1456 2326 καὶ
1481 2276 1571 2325 τὸν
1601 2274 1795 2342 θρῆνον

237 2356 501 2420 ἐξέτεινα·
551 2362 701 2429 μόλις
751 2364 806 2415 δὲ
842 2364 935 2417 νῦν
984 2365 1353 2434 ἀνεμνήσθην,
1399 2364 1572 2434 εὑρὼν
1622 2365 1681 2415 ἐν
1731 2367 1796 2433 τῇ

238 2452 507 2517 προσευχῇ
544 2451 633 2503 τὸν
684 2453 819 2504 Υίὸν
855 2454 959 2506 τοῦ
995 2453 1327 2520 ἀνθρώπου.
1378 2452 1448 2505 ὃν
1484 2455 1795 2519 ἐκραταίω-

1901 1914 2053 1964 ηιαειὶ
2082 1912 2173 1963 tibi
2199 1912 2244 1942 "
2270 1928 2281 1963 :
2317 1908 2563 1963 Nostram
2600 1910 2823 1961 salutem
2860 1925 2951 1977 per
2981 1908 3127 1960 illum
3155 1912 3455 1975 negotiatus

1902 2016 1985 2064 es,
2026 2015 2056 2053 ο
2112 2016 2286 2053 rerum
2318 2000 2555 2052 omnium
2595 1998 2808 2059 Factor,
2840 1998 2991 2065 cujus
3023 1998 3256 2050 divinam
3285 2000 3465 2051 carnis

1903 2091 2125 2161 efﬁgiem
2161 2094 2245 2145 isti
2279 2105 2599 2144 susurrones
2647 2090 2874 2142 [lautitiis
2908 2100 2959 2142 et
2989 2089 3252 2143 eversioni
3303 2089 3465 2141 dede-

1904 2191 2044 2234 runt.
2077 2180 2461 2233 Verumtamen
2492 2179 2612 2245 igne
2641 2188 2920 2231 consumat
2955 2192 3046 2231 eos
3077 2176 3333 2231 Dominus
3360 2218 3371 2239 ,
3410 2188 3462 2231 et

1901 2268 2167 2335 dispereat
2199 2266 2264 2318 de
2297 2279 2435 2318 terra
2463 2267 2719 2319 memoria
2747 2282 2930 2320 eorum
2967 2266 3035 2330 ⁵⁷,
3066 2281 3186 2319 cum
3215 2268 3463 2319 omnibus

1900 2360 1989 2426 qui
2049 2358 2324 2411 confidunt
2375 2358 2425 2409 in
2475 2357 2603 2417 illis,
2651 2358 2774 2424 quia
2826 2356 2965 2411 Deus
3009 2358 3271 2410 ultionum
3316 2358 3460 2411 est"

1902 2463 2071 2514 neque
2099 2462 2207 2501 sua:
2238 2445 2489 2497 Beclnsia'
2518 2445 2784 2498 excidium
2821 2446 3035 2499 silentio
3064 2447 3381 2513 praeteribit.

238 2551 352 2602 σας
374 2538 579 2603 ἐαυτῷ.
616 2542 723 2593 Καὶ
758 2541 857 2611 τὴν
892 2543 1163 2612 ἡμετέραν
1229 2544 1499 2613 σωτηρίαν
1541 2539 1978 2612 ἐπραγματεύσω
2010 2538 2076 2589 δι’
2141 2534 2325 2595 αὑτοῦ,
2356 2536 2383 2586 ό
2405 2534 2495 2587 τοῦ
2560 2535 2762 2598 παντὸς
2826 2538 3059 2607 Ποιητὴς
3081 2577 3094 2599 ,
3128 2531 3295 2607 οὗπερ
3322 2531 3461 2591 οὗτοι

236 2633 283 2681 oi
332 2630 714 2700 θρυλλολέκται
764 2636 896 2703 πυρὶ
946 2635 1040 2687 καὶ
1086 2634 1335 2705 ἁνορύξει
1379 2636 1476 2705 τὴν
1552 2636 1700 2688 θείαν
1746 2636 1841 2702 τῆς
1919 2628 2122 2699 σαρκὸς
2184 2630 2327 2680 ἰδέαν
2386 2628 2703 2696 παρέδοσαν·
2769 2628 2907 2680 Ἀλλ’
2968 2634 3024 2682 ἐν
3090 2632 3220 2699 πυρὶ
3275 2648 3466 2683 καταν-

239 2722 444 2774 una”;
481 2724 503 2761 ιι
562 2725 759 2788 αὐτοὺς
818 2726 1059 2795 κύριος,
1114 2729 1207 2780 καὶ
1262 2727 1577 2798 ἐξορυχθείη
1630 2729 1691 2778 ὲκ
1745 2727 1845 2792 γῆς
1881 2722 2058 2774 αὐτῶν
2120 2721 2176 2771 τὸ
2212 2722 2551 2787 μνημόσυνον
2595 2721 2689 2772 σῦν
2723 2722 2854 2771 πᾶσι
2889 2724 3001 2783 τοῖς
3034 2721 3350 2774 πεποιθόσιν
3378 2721 3461 2774 ἐπ’

240 2816 418 2875 αὐτοῖς
440 2856 452 2874 ,
480 2817 564 2868 ὅτι
594 2817 725 2878 Θεὸς
748 2819 1077 2887 ἐκδικήσεών
1108 2823 1275 2886 ἐστιν,
1302 2824 1396 2874 καὶ
1423 2823 1481 2873 οὐ
1514 2820 1933 2889 παρασιωπὴσει
1968 2816 2063 2883 τῆς
2098 2815 2261 2867 αὑτοῦ
2307 2813 2631 2882 Ἐκκλησίας
2664 2814 2761 2882 τὴν
2792 2814 3007 2867 ἅλωσιν.

309 2903 490 2955 Ταῦτα
520 2904 596 2972 τῷ
622 2905 751 2974 ἱερῷ
780 2907 972 2976 ἐκείνῳ
1012 2911 1121 2961 τῶν
1180 2909 1460 2977 μοναστῶν
1494 2909 1799 2976 συστήματι

242 2996 611 3062 καθομιλήσας
641 2998 667 3046 ὁ
711 3000 1019 3069 παμμὰκαρ
1069 3000 1257 3069 Πατὴρ
1304 3001 1460 3069 ἡμῶν
1500 2999 1798 3068 Στέφανος,

1974 2904 2121 2957 llunc
2161 2918 2463 2956 sermonem
2510 2903 2853 2955 beatissimus
2901 2902 3063 2956 Pater
3114 2918 3295 2958 uoster
3352 2910 3467 2963 Ste-

1901 2996 2107 3064 phanus
2156 2993 2293 3063 apud
2330 3007 2538 3045 sat-ram
2584 2993 2727 3045 illam
2787 2998 3167 3048 monachorum
3224 3009 3457 3051 turmam

243 3088 335 3139 καὶ
381 3085 1086 3165 πάντωνδακρυρροούντων
1132 3091 1225 3144 καὶ
1277 3088 1867 3165 στερνοτυπτούντωνητ

1801 3111 1867 3165 ,α
1904 3086 2116 3150 habuit,
2161 3085 2249 3153 qui
2286 3100 2407 3136 cum
2454 3085 2682 3138 universi
2738 3086 3003 3153 lacrymas
3038 3090 3458 3154 prolnuderent,

241 3179 304 3228 ὲκ
352 3176 548 3245 βάθους
584 3163 841 3241 στενάξας
888 3180 916 3229 ό
961 3180 1149 3250 Πατὴρ
1192 3174 1362 3232 εἶπεν
1425 3180 1601 3251 Τριῶν
1636 3171 1802 3232 ὄντων

242 3266 346 3316 τῶν
374 3265 496 3318 καθ’
525 3268 671 3335 ἡμᾶς
706 3268 887 3337 μερῶν
915 3269 1025 3322 τῶν
1052 3270 1126 3339 μὴ
1152 3272 1602 3339 κοινωνησάντων
1634 3270 1803 3338 ταύτῃ

242 3362 305 3426 τῇ
360 3361 532 3427 μιαρᾷ
578 3360 819 3427 αίρέσει,
860 3360 1066 3421 τούτοις
1106 3360 1459 3430 προστρέχειν
1498 3361 1623 3430 ὑμῖν
1669 3377 1803 3427 συμ-

242 3448 499 3501 ϐουλεύω.
532 3449 607 3502 Οὐ
638 3450 745 3518 γὰρ
769 3450 1148 3502 ὑπολέλειπται
1168 3450 1323 3511 ἄλλος
1348 3450 1627 3517 τιςτόπος,
1660 3450 1802 3511 ὅστις

244 3540 388 3591 ἐστὶν
426 3538 531 3590 ὐπὸ
559 3538 657 3607 τὴν
695 3538 944 3602 ἐξουσίαν
980 3540 1075 3592 τοῦ
1101 3540 1398 3609 δράκοντος
1420 3579 1434 3601 ,
1472 3539 1545 3608 μὴ
1577 3540 1803 3605 πειθαρο

244 3632 415 3698 χὴσας
444 3628 609 3682 αὐτοῦ
647 3633 712 3698 τῇ
744 3630 1064 3701 κενοφωνίᾳ.
1085 3631 1205 3685 Τῶν
1248 3632 1303 3683 δὲ
1351 3633 1668 3701 φησάντωνο
1697 3631 1804 3682 Καὶ

244 3723 335 3771 ποῖ
351 3716 457 3788 ἆρα
482 3718 651 3772 ταῦτα
698 3720 765 3771 τὰ
816 3720 979 3791 μέρη,
1011 3723 1225 3792 Πάτερ;
1259 3721 1461 3783 εὐθέως
1505 3721 1662 3782 αὐτός
1686 3738 1697 3751 ·
1728 3721 1804 3770 Τὰ

245 3810 383 3881 πρὸς
416 3811 478 3860 τὸ
499 3810 724 3872 ἄναντες
752 3811 847 3863 τοῦ
879 3812 1131 3876 Εὐξείνου
1178 3812 1376 3865 Πόντου
1401 3851 1416 3873 ,
1448 3813 1537 3865 ἐπὶ
1579 3813 1674 3879 τὴν
1710 3816 1804 3881 τῆς

246 3898 482 3966 Ζηκχίας
531 3898 799 3967 ἐπαρχίαν
844 3899 1195 3966 συγκείμενα,
1226 3899 1332 3952 ἀπό
1386 3916 1443 3952 τε
1490 3900 1801 3967 Βοσπόρου,

245 3986 551 4054 Χερσῶνος,
584 3988 888 4055 Νικόψεως,
935 3989 1028 4040 καὶ
1054 3988 1123 4041 τὰ
1156 3988 1291 4056 πρὸς
1316 3988 1416 4056 τὴν
1446 3987 1661 4039 Γότθιον
1691 3988 1805 4039 Κοί-

244 4078 344 4145 λην
378 4074 395 4113 ¹
434 4077 781 4130 ἀπαντῶντα·
813 4074 914 4130 εἶθ’
952 4077 1125 4141 οὓτως
1159 4079 1252 4130 καὶ
1289 4078 1358 4131 τὰ
1396 4079 1531 4146 πρὸς
1566 4077 1625 4129 τὸ
1660 4080 1802 4147 Παρ-

245 4168 454 4220 θενικὸν
487 4170 815 4237 συγκείμενα
856 4170 1106 4235 πέλαγος,
1147 4168 1204 4221 ὲν
1237 4163 1317 4231 οἷς
1343 4186 1401 4221 τε
1434 4168 1741 4221 διαπλέεται
1779 4172 1805 4221 ὁ

246 4259 416 4320 νότιος
448 4259 678 4326 κόλπος,
718 4262 793 4321 ὡς
824 4260 915 4312 ἐπὶ
952 4260 1050 4328 τῆς
1090 4259 1464 4329 πρεσϐυτέρας
1503 4259 1717 4328 Ῥώμης
1750 4261 1807 4312 τὸ

248 4348 542 4413 κάταντες,
590 4350 623 4417 ἦ
656 4365 714 4400 τε
748 4349 1119 4401 Νικοπολιτῶν
1143 4358 1180 4385 ³³³
1219 4350 1549 4418 μητρόπολις
1574 4388 1588 4410 ,
1634 4351 1726 4400 καὶ
1773 4353 1804 4419 ἡ

250 4437 514 4501 Νεάπολις
553 4440 645 4491 καὶ
673 4441 740 4492 τὰ
765 4441 868 4501 ἕως
905 4440 998 4492 τοῦ
1031 4439 1275 4510 ποταμοῦ
1302 4440 1549 4509 Τιϐερίου
1597 4441 1809 4511 Ῥώμης
1844 4453 1883 4505 D

1517 4459 1549 4492 νυ
1597 4441 1809 4511 Ῥώμης
1844 4439 1978 4505 Dad
2036 4438 2215 4491 Romae
2273 4439 2486 4491 ﬂuvium
2541 4439 2773 4493 Tiberim
2830 4444 3174 4495 continentur

251 4529 576 4599 συγκείμενα
600 4569 615 4592 .
658 4531 769 4583 ἐσθ’
816 4532 903 4582 ὅτε
933 4531 1028 4583 καὶ
1066 4532 1132 4583 τὰ
1162 4531 1414 4583 κατιόντα
1458 4531 1553 4598 τῆς
1598 4530 1810 4583 Λυκίων

252 4621 545 4690 ἐπαρχίας,
579 4623 686 4672 ἀπό
731 4638 790 4673 τε
840 4622 1031 4673 Συλέου
1059 4630 1109 4684 ιι,
1158 4620 1375 4689 Συκῆς,
1428 4621 1522 4672 καὶ
1572 4620 1640 4672 τὰ
1688 4623 1808 4673 κατ’

253 4710 420 4778 αὐτὴν
466 4712 567 4779 τὴν
618 4712 952 4779 Προποντίδα
1005 4712 1275 4780 πλεόμενα
1304 4751 1317 4775 ,
1371 4711 1404 4779 ἥ
1443 4727 1501 4762 τε
1548 4710 1808 4780 Κυπρίων

254 4800 448 4865 νῆσος,
492 4802 587 4852 καὶ¹
630 4802 708 4868 τάξ
740 4802 872 4871 πρὸς
905 4802 1168 4871 ἀντικρὺ,
1221 4802 1321 4862 ἓως
1358 4800 1666 4869 Τριπόλεως
1714 4801 1806 4853 καὶ

254 4889 430 4958 Τύρου
457 4891 550 4944 καὶ
589 4892 804 4961 Ἰώπης.
835 4892 902 4955 ζΐί
930 4892 984 4944 δὲ
1016 4892 1121 4961 χρὴ
1143 4891 1322 4957 λέγειν
1357 4891 1482 4960 περὶ
1512 4891 1617 4942 τῶν
1677 4907 1806 4960 προ-

259 4978 432 5047 έδρων
457 4979 549 5032 τοῦ
585 4998 643 5033 τε
687 4981 905 5051 Ῥώμης
931 4983 1023 5034 καὶ
1059 4982 1410 5050 Ἀντιοχείας,
1430 4980 1810 5049 Ἰεροσολύμων

258 5071 349 5119 καὶ
401 5070 826 5142 Ἀλεξανδρείας,
881 5073 1074 5135 οἵτινες
1105 5073 1165 5125 οὐ
1200 5075 1355 5142 μόνον
1384 5072 1810 5134 ἀπεϐδελύξαντο

260 5160 354 5211 καὶ
391 5163 787 5231 ἀνεθεμάτισαν
820 5165 882 5217 τὸ
931 5164 1172 5234 μυσαρὸν
1210 5163 1315 5216 τῶν
1363 5162 1808 5216 Εἰκονοκαυστῶν

258 5250 460 5318 δόγμα,
510 5254 645 5306 ἀλλὰ
711 5255 801 5307 καὶ
867 5254 1171 5317 ἐπιστολαῖς
1230 5253 1657 5324 στηλιτευτικαῖς
1715 5253 1809 5303 οὐκ

328 5409 374 5442 ³⁸
414 5408 552 5464 Psal.
588 5412 964 5476 Lxux,15-16
1041 5413 1084 5444 ⁵⁸
1163 5414 1297 5471 Ibid.

1910 3177 2116 3245 sibique
2140 3187 2325 3243 pectus
2355 3184 2723 3242 percuterent,
2755 3191 2816 3227 ex
2854 3177 2959 3228 ἰιιιο
2984 3180 3263 3243 suspirans
3305 3179 3465 3233 Pater

1910 3264 1982 3316 ait
2009 3280 2021 3315 :
2052 3264 2271 3327 Quando
2319 3263 2530 3331 quidem
2578 3272 2686 3316 tres
2720 3266 2857 3332 apud
2892 3281 2987 3318 nos
3018 3278 3303 3334 supersunt
3340 3285 3461 3336 par-

1912 3365 1988 3406 tes
2029 3367 2235 3413 corum,
2293 3355 2381 3421 qui
2422 3368 2544 3406 cum
2591 3354 2794 3406 nefaria
2836 3356 2932 3409 hac
2987 3358 3176 3409 tueresi
3226 3372 3467 3413 commu-

1911 3442 2122 3494 nionem
2169 3458 2271 3494 non
2315 3443 2547 3507 habent,
2593 3446 2742 3496 vobis
2776 3454 2965 3497 attetor
2992 3461 3105 3498 sum
3141 3457 3198 3499 ιιι
3250 3450 3299 3500 iu
3348 3449 3465 3504 illas

1910 3533 2226 3584 accurratis.
2284 3531 2468 3586 Nullus
2523 3534 2665 3586 enim
2715 3534 2850 3586 alius
2902 3536 3051 3588 locus
3105 3548 3187 3590 est
3243 3539 3463 3593 draconi

1910 3624 2202 3691 subjectus,
2230 3622 2451 3692 quiejus
2478 3625 2887 3694 vaniloquentia
2912 3642 3111 3680 morem
3150 3644 3250 3681 non
3294 3640 3462 3698 gerat.

1911 3716 2017 3768 Illis
2050 3727 2226 3768 autem
2277 3718 2747 3784 interrogantibus,
2786 3720 3039 3783 Quanam
3094 3721 3195 3773 illa:
3250 3733 3463 3791 partes,

1913 3806 2103 3859 Pater?
2132 3808 2311 3858 statim
2364 3807 2473 3874 ipse
2512 3808 2720 3877 pergit:
2774 3810 2900 3873 Quae
2949 3811 3014 3861 ad
3077 3813 3279 3866 acclive
3315 3812 3464 3867 Ponti

1912 3898 2098 3950 Euxini
2133 3912 2315 3950 versus
2367 3897 2598 3967 Scythia:
2627 3900 2956 3966 provinciam
2985 3901 3200 3967 jaceut,
3229 3901 3467 3972 Bospho-

1913 4004 2033 4051 rus,
2063 3986 2223 4058 452
2259 3988 2522 4053 Chersou,
2556 3988 2801 4058 Nicopsis
2823 4030 2835 4052 ,
2868 3998 2920 4042 et
2960 4005 3077 4058 qua:
3110 3993 3162 4045 in
3192 3992 3465 4047 Gotlhiam

1909 4076 2091 4131 Cwleu
2154 4078 2502 4146 porriguntur
2543 4093 2559 4130 :
2608 4094 2726 4147 qua:
2758 4080 2917 4133 etiam
2967 4081 3031 4134 ad
3086 4081 3466 4137 Parthenictun

1913 4184 2059 4222 mare
2090 4170 2187 4222 sita
2221 4178 2372 4233 sunt,
2409 4169 2493 4221 ubi
2530 4170 2780 4224 australis
2813 4171 2961 4225 sinus
2998 4171 3305 4239 trajicitur:
3340 4174 3467 4227 item

1914 4260 2056 4330 regio
2084 4275 2203 4327 quae
2236 4261 2285 4312 in
2326 4260 2514 4315 declivi
2550 4262 2777 4315 senioris
2822 4261 3000 4315 Romae
3036 4265 3206 4331 jacet,
3237 4262 3468 4331 Nicopo-

1910 4352 2235 4419 litarutuque
2260 4351 2586 4417 metropolis,
2620 4362 2778 4417 atque
2805 4351 3070 4417 Neapolis,
3093 4364 3143 4405 ct
3168 4354 3471 4422 qumjusque

3229 4462 3241 4497 :
3294 4454 3471 4510 partes

1915 4545 2125 4599 quoque
2179 4530 2458 4584 inferiores
2506 4530 2680 4600 Lyciae
2727 4535 3049 4599 provinciae,
3099 4542 3257 4603 atque
3310 4536 3469 4589 etiam

1916 4620 2157 4684 Sileuin,
2205 4620 2379 4689 Syce,
2433 4632 2483 4671 et
2532 4637 2649 4687 qua!
2686 4623 2736 4673 iu
2788 4622 3107 4690 Propontide
3154 4624 3470 4690 navigabilia

1913 4719 2068 4773 sunt,
2108 4711 2419 4780 Cyprusqtte
2475 4713 2642 4763 insula
2673 4752 2687 4775 ,
2742 4723 2793 4765 et
2845 4728 2963 4780 qua:
2997 4728 3025 4766 e
3061 4715 3280 4781 regione
3330 4715 3471 4767 illius

1914 4812 2035 4854 sunt
2063 4803 2126 4853 ad
2159 4801 2412 4868 Tripolim
2448 4817 2613 4868 usque
2651 4812 2704 4854 et
2741 4800 2940 4871 'l‘yrtun
2977 4814 3029 4857 et
3062 4801 3287 4871 Joppen.
3333 4804 3471 4868 Quid

1916 4906 2039 4944 vero
2080 4894 2505 4945 commemorare
2547 4908 2678 4960 opus
2708 4904 2789 4946 est
2827 4894 3025 4957 Romm,
3083 4894 3382 4947 Antiochia:
3421 4905 3473 4948 et

1913 4982 2251 5035 Alexandria:
2299 4984 2589 5046 antistites,
2621 4985 2709 5052 qui
2755 4984 3046 5038 nefandum
3098 4985 3471 5039 lconocausta-

1914 5086 2032 5125 rum
2064 5073 2255 5142 dogma
2288 5089 2391 5127 non
2420 5074 2589 5128 solum
2614 5075 2870 5128 exsecrati
2898 5085 3020 5129 sunt
3045 5085 3098 5128 et
3129 5077 3472 5128 anathemate

1916 5174 2301 5228 percusserunt
2328 5206 2342 5229 ,
2375 5165 2465 5219 sed
2488 5165 2648 5219 etiam
2675 5166 2869 5219 litteris
2900 5166 2953 5219 in
2983 5168 3197 5234 impium
3237 5166 3470 5234 impera-

1917 5263 2083 5308 torem
2129 5254 2269 5309 illius
2312 5256 2712 5324 astipulatorem
2769 5254 2943 5311 invehi
2994 5271 3097 5311 non
3145 5266 3471 5317 cessarunt,

1434 5413 1518 5469 tb'.
1596 5413 1637 5442 ⁵⁷
1682 5411 1819 5465 Ρςηι.
1852 5427 2000 5474 cvm,
2039 5412 2123 5465 15.
2200 5413 2243 5445 ⁸⁸
2274 5411 2411 5467 Psal.
2450 5428 2601 5475 xcut,
2638 5413 2688 5468 1.

1512 5527 1736 5580 VAIHJ‘.
1773 5527 2170 5582 LECTIONES.

342 5649 359 5677 ι
396 5638 462 5688 al.
493 5639 572 5701 ἁξ.
654 5653 665 5689 l
718 5643 784 5696 al.
815 5644 986 5701 ἱεράν.
1087 5641 1109 5679 ¹¹
1140 5645 1207 5695 al.
1248 5643 1637 5696 κιταναὶώσει.

393 5644 572 5719 Ξιιεῆὰξ.
654 5653 665 5689 J
718 5644 986 5711 ςιΙ.Ξεράν.

271 5707 318 5763 al
327 5746 339 5760 ο
376 5707 592 5760 Συλλὲου
602 5749 613 5761 .

1744 5645 1754 5680 ¹
1794 5646 1859 5697 al.
1891 5646 2112 5697 Γοττίαν
2142 5646 2359 5714 Κοίλην.

2464 5657 2499 5682 ιη
2537 5646 2601 5695 al.
2636 5644 2972 5696 Νικοπολιῦν.
3068 5654 3090 5679 η
3125 5645 3191 5695 al.
3229 5644 3469 5701 Συλαίου.
