4196 6436
212 379 341 444 1121
392 404 395 417 λ

202 583 298 636 τοῦ
322 584 458 637 Θεοῦ
488 584 793 638 ἐπιτελοῦσι
819 586 1057 653 σύνοδον,
1085 587 1434 657 ἀγαλματικὰ
1463 589 1652 641 εἴδωλα
1673 590 1770 652 τὰς

208 675 411 737 οεπτὰς
438 675 650 737 εἰκόνας
676 676 1024 738 καλέσαντες.
1060 677 1344 746 Φρίττουσί
1374 696 1474 747 μου
1507 678 1574 731 τὰ
1606 681 1767 743 ὀστᾶ,

203 765 299 816 καὶ
331 766 516 836 νεφροὶ
566 766 789 835 καρδίας
820 767 1203 835 αἰσθάνονται,
1254 768 1329 832 ὥς
1374 787 1537 841 φησιν
1565 773 1593 824 ό
1634 772 1771 824 Ἐλι-

203 854 316 922 ei:
344 897 358 920 ,
389 850 433 923 ᾧ
481 858 702 910 συνετὸν
755 858 846 911 καὶ
880 859 1069 912 πιστὸν
1107 861 1490 930 ἀκροατήριον,
1539 862 1624 914 ὅτε
1678 864 1771 916 καὶ

204 948 369 1015 μόνον
396 950 474 1011 εἰς
522 951 743 1020 μνήμην
772 953 838 1005 τὰ
866 952 988 1004 τότε
1019 953 1332 1023 πραχθέντα
1363 954 1601 1025 λάϐοιμι.
1636 954 1771 1011 Εἶτα

202 1036 483 1105 Γερμανὸν
528 1040 620 1093 τὸν
658 1041 803 1094 θεῖον
834 1044 928 1095 καὶ
973 1044 1264 1114 όρθοτόμον
1292 1045 1393 1114 τῆς
1446 1046 1769 1119 Ἐκκλησίας

204 1127 468 1197 πρόεδρον
504 1130 554 1180 οἱ
587 1131 649 1183 ὲκ
679 1130 816 1183 Θεοῦ
848 1131 1301 1203 ἀλλοτριωθέντες
1331 1135 1767 1204 ἀναθεματίσαν-

200 1231 316 1279 τες,
346 1214 676 1289 ξυλολάτρην
710 1220 1153 1276 ἀπεκάλεσαν.Ὦ
1181 1224 1279 1293 τῆς
1311 1224 1401 1277 τοῦ
1431 1226 1625 1296 ἐχθροῦ
1651 1244 1768 1279 πω-

202 1305 451 1375 ρώσεωςί
486 1306 530 1359 ὣ
580 1308 678 1377 τῆς
713 1310 1097 1380 βλασφημίαςί
1150 1311 1195 1365 ὢ
1221 1313 1320 1383 τῆς
1364 1317 1761 1387 παρατροπῆςί

199 1397 325 1459 Πῶς
360 1399 595 1467 ἐννοήσω
630 1418 744 1466 σου,
783 1402 985 1470 Χριστέ
1016 1421 1140 1472 μου,
1170 1405 1269 1474 τὴν
1300 1406 1422 1458 τότε
1458 1408 1765 1478 ἀπέραντον

196 1485 590 1556 ἁνεξικακίαν;
628 1490 921 1559 πάμπολλα
947 1494 1000 1546 δὲ
1028 1496 1206 1549 αὐτῶν
1233 1496 1761 1568 βλασφημησάντων,

198 1580 298 1627 καὶ
342 1577 480 1629 κατὰ
512 1578 621 1630 τῶν
667 1582 837 1649 ἀγίων
887 1584 983 1635 καὶ
1031 1584 1131 1653 τῆς
1178 1586 1449 1655 ἀχράντου
1499 1589 1761 1644 Θεοτόκου

198 1665 381 1717 αὐτῶν
424 1668 811 1737 χωρησάντων,
848 1670 923 1731 ὡς
968 1670 1183 1742 βοηθεῖν
1226 1673 1363 1741 μετά
1410 1675 1638 1728 θάνατον
1689 1677 1762 1749 μὴ

196 1751 537 1825 δυναμένης·
575 1755 635 1807 τὸ
680 1757 990 1812 τελευταῖον
1024 1760 1118 1811 καὶ
1161 1761 1377 1834 πρῶτον
1411 1764 1503 1816 καὶ
1546 1768 1762 1819 πάντων

1296 388 1469 446 VITA
1503 388 1563 448 S.
1589 389 1965 450 STEPHANI
2008 394 2390 456 JUNIORIS.

205 493 580 556 κοιλιοδούλοις
603 495 918 557 ἐπισκόποις
943 512 972 549 ιι
992 494 1085 566 τὴν
1117 496 1368 566 μυσαρὰν
1399 499 1494 550 καὶ
1525 497 1770 568 ἐχθρώδη
1802 502 1849 559 Α,

1818 502 1849 559 λ
1878 500 2056 552 randaa
2085 500 2342 567 imagines
2376 502 2662 558 simulacra
2694 505 2884 560 idolica
2914 512 3176 577 appellata

3307 408 3443 471 1122

3286 529 3434 572 sum.

1875 580 2135 637 Tremunt
2163 600 2284 639 ossa
2320 603 2433 639 mea
2456 628 2470 652 ,
2503 599 2555 643 et
2594 607 2748 646 renes
2779 595 2957 650 cordis
2986 600 3244 665 sentiunt,
3275 616 3332 655 ut
3365 607 3440 658 ait

1872 671 2593 748 Etiphas“,cuiintelligens
2631 692 2681 735 et
2713 683 2868 739 fidele
2908 696 3024 740 erat
3076 692 3397 748 auditorium
3421 735 3437 759 ,

1869 761 2030 832 455
2060 778 2179 818 cum
2226 766 2307 818 vel
2358 769 2528 823 solum
2578 770 2631 823 in
2678 776 2992 829 memoriam
3045 793 3269 845 remeo,
3321 799 3440 853 quae

1868 867 1995 911 tunc
2020 859 2274 924 temporis
2300 871 2417 913 acta
2436 872 2581 919 sunt.
2616 861 2807 919 Postea
2842 866 3167 926 Germanum
3193 874 3435 930 divinum

1869 958 1923 1001 et
1976 949 2331 1004 orthodoxam
2385 953 2639 1009 Ecclesia:
2683 958 2964 1024 praesulem
3017 961 3087 1024 ii,
3137 966 3293 1032 quia
3331 967 3437 1022 Deo

1868 1038 2155 1093 abalienati
2186 1048 2339 1095 erant
2366 1080 2380 1104 ,
2409 1044 2755 1098 anathemate
2790 1062 3199 1115 purcusserunt,
3223 1066 3276 1108 et
3308 1057 3432 1125 ligni

1868 1126 2126 1181 cultorem
2183 1128 2612 1197 appellaverunt.
2665 1130 2710 1185 Ο
2770 1133 2969 1191 inimici
3020 1140 3349 1196 caacitatem!
3404 1165 3436 1197 ο

1869 1216 2285 1284 blasphemiam!
2321 1234 2352 1272 ο
2384 1224 2792 1287 perversitatem
2821 1226 2835 1279 !
2867 1228 2963 1291 Qui
3000 1237 3141 1285 tuam
3168 1233 3431 1289 infinitam

1866 1305 2226 1372 clementiam,
2242 1310 2309 1362 mi
2334 1308 2566 1375 Christe,
2584 1314 2911 1384 intelligam?
2932 1316 3124 1386 Porro,
3149 1335 3429 1394 postquam

1865 1398 2168 1467 complures
2198 1402 2559 1472 blasphemias
2594 1410 2956 1464 evomuissent
2979 1453 2993 1477 ,
3026 1424 3189 1483 atque
3220 1417 3269 1468 in
3305 1433 3429 1471 san-

1863 1498 1982 1542 ctos
2007 1498 2059 1544 et
2084 1490 2452 1547 intemeratum
2480 1494 2759 1566 Deiparam
2786 1500 3052 1557 hostiliter
3082 1508 3430 1573 prodiissent,

1864 1580 2017 1646 quasi
2061 1592 2178 1650 post
2224 1594 2450 1638 mortem
2500 1587 2612 1655 ipsa
2648 1604 2803 1657 opem
2856 1591 2996 1646 ferre
3046 1610 3150 1649 uoo
3197 1598 3425 1653 xaieret:

1863 1679 2168 1739 postremo,
2204 1675 2312 1728 imo
2351 1682 2491 1745 quod
2522 1680 2752 1746 primum
2778 1692 2831 1735 ct
2860 1685 3108 1739 oumibus
3139 1688 3289 1756 pejus
3324 1700 3424 1755 est,

1864 1760 2055 1817 nefarii
2084 1764 2157 1818 illi
2181 1773 2233 1818 et
2258 1768 2483 1833 profani,
2519 1770 2663 1838 impii
2690 1769 2999 1841 Babylonici
3030 1778 3199 1831 vineae
3228 1782 3425 1834 Christi

190 1844 402 1913 χεῖρον,
432 1846 479 1896 οἱ
513 1849 700 1916 μιαροὶ
732 1849 927 1901 ἐκεῖνοι
972 1849 1066 1902 καὶ
1097 1832 1331 1922 ἀνίεροι,
1365 1856 1414 1906 οἰ
1458 1854 1550 1907 τὸν
1582 1857 1761 1925 ἁμπε-
1796 1832 1833 1887 Β

1818 1833 1833 1886 1
1864 1864 2228 1919 corruptores,
2262 1832 2335 1910 ide
2369 1859 2562 1925 quibus
2592 1832 2852 1928 scriptum
2899 1874 2981 1919 cst
3022 1882 3035 1918 :
3083 1865 3313 1936 Egressa
3347 1882 3425 1923 est

194 1932 343 1988 λῶνα
394 1936 633 2005 Χριστοῦ
692 1938 1103 2011 διαφθείραντες
1152 1942 1342 2013 ἄνομοι
1390 1944 1755 2013 Βαϐυλώνιοι,

193 2026 329 2096 περὶ
372 2019 446 2078 ὧν
490 2027 833 2097 γέγραπταιο
894 2030 1187 2100 Ἐξῆλθεν
1221 2036 1437 2103 ἀνομία
1470 2037 1528 2101 ἐξ
1568 2040 1758 2108 ἱερέων

193 2115 576 2183 Βαϐυλῶνος,
608 2120 701 2173 καὶ
732 2120 1016 2190 Ποιμένες
1041 2125 1256 2177 πολλοὶ
1288 2125 1626 2195 διέφθειραν
1656 2131 1759 2183 τὸν

191 2207 517 2275 ἀμπελῶνα
542 2228 684 2279 μου,
720 2212 815 2264 καί
847 2212 1098 2281 ἐμίαναν
1137 2214 1253 2282 τὴν
1296 2217 1505 2284 μερίδα
1539 2238 1679 2287 μου·
1710 2223 1756 2273 οἱ

192 2298 323 2361 τοὺς
354 2298 543 2363 ἄξονας
576 2301 669 2353 τοῦ
713 2302 845 2354 ἰδίου
876 2306 1146 2375 γεωργίου
1196 2310 1580 2377 παροιμιακῶς
1614 2312 1754 2363 πλα-

191 2388 473 2456 νηθέντες,
511 2393 603 2444 καὶ
648 2394 969 2458 συνάξαντες
994 2399 1112 2459 ταῖς
1146 2400 1329 2467 χερσὶν
1370 2402 1670 2470 ἀκαρπίαν.
1707 2404 1755 2455 οἰ

193 2482 469 2551 ἀναμέσον
490 2483 646 2550 ἁγίου
678 2487 769 2538 καὶ
801 2485 1027 2557 βεϐήλου
1062 2488 1136 2559 μὴ
1174 2490 1590 2557 διαστείλαντες,
1623 2494 1757 2549 ἀλλά

193 2574 467 2643 ἀναμέσον
496 2574 591 2632 τοῦ
621 2576 1007 2651 θυσιαστηρίου
1041 2581 1132 2633 τὸν
1184 2582 1378 2654 θρῆνον
1420 2584 1515 2636 καὶ
1546 2585 1604 2636 τὸ
1634 2586 1755 2639 οὐαὶ

192 2670 703 2737 κατεργασάμενοι⁹
753 2665 898 2725 οὗτοι
945 2673 1071 2726 ἔνθα
1119 2676 1367 2747 ὑπῆρχον
1416 2678 1752 2748 ἐφεζόμενοι,

191 2755 528 2837 ἀναστάντες
570 2760 685 2829 ἅμα
732 2764 896 2815 παντὶ
922 2765 999 2833 τῷ
1027 2765 1159 2835 λαῷ,
1191 2768 1285 2828 τὰς
1310 2770 1496 2838 χεῖράς
1529 2786 1583 2822 τε
1619 2770 1753 2839 πρὸς

193 2846 329 2914 ὕψος
382 2848 607 2918 ἄραντες
663 2853 929 2920 ἠλάλαξαν
980 2855 1077 2925 τὴν
1122 2855 1359 2927 ἐλεεινὴν
1408 2858 1611 2928 φωνὴν,
1662 2859 1752 2910 καὶ

190 2932 368 2988 εἷ.;ον’
423 2940 666 3008 Σήμερον
701 2946 955 3013 σωτηρία
984 2946 1056 3015 τῷ
1111 2948 1330 3017 κόσμῳ,
1359 2949 1439 3001 ὅτι
1476 2951 1560 3013 σὺ,
1600 2951 1753 3019 βασι-

191 3024 308 3088 λεῦ,
345 3026 635 3098 ὲλυτρὼσω
687 3033 847 3099 ’ἡμᾶς
901 3036 964 3087 ἐκ
1008 3036 1111 3089 τῶν
1156 3037 1402 3092 εἰδώλων.
1456 3042 1517 3091 Ὢ
1569 3043 1751 3110 φωνῆς

188 3113 454 3184 ὸόυνηρᾶς
478 3158 491 3176 ,
529 3118 646 3184 ἥτις
681 3120 1081 3190 ἑκϐομϐηθείσα
1113 3133 1161 3186 tl,
1192 3126 1416 3194 οὐρανὸν
1445 3130 1752 3198 κατεζόφω-
1778 3155 1819 3210 C

192 3218 306 3260 σεν.
356 3207 446 3256 καὶ
491 3208 591 3275 γῆν
640 3210 965 3271 συνέσεισεν,
1008 3212 1200 3281 αἰθέρα
1250 3232 1307 3266 τε
1364 3216 1605 3283 ἐμίανεν,
1659 3222 1751 3272 καὶ

191 3294 401 3352 πάντας
464 3299 588 3359 τοὺς
642 3299 810 3366 αὐτὴν
868 3303 1206 3370 κεκραγότας
1256 3304 1388 3357 Θεοῦ
1441 3309 1750 3377 ἀλλοτρίους

188 3384 447 3451 ἐποίησεν
476 3385 489 3436 l
527 3389 621 3439 καὶ
652 3388 758 3457 γὰρ
792 3392 838 3441 εἰ
883 3393 910 3442 ό
950 3392 1049 3461 τῆς
1088 3393 1343 3456 ἀσεϐείας
1373 3398 1693 3467 πρώταρχος
1726 3409 1748 3438 ι’

186 3468 342 3535 οὗτος
373 3476 545 3539 αἴτιος
573 3478 670 3547 τῆς
715 3478 820 3530 τῶν
862 3480 1095 3534 εἰδώλων
1128 3484 1502 3554 καθαιρέσεως
1525 3527 1539 3551 ,
1575 3490 1749 3558 μάτην

186 3562 298 3630 ἄρα
329 3564 360 3629 ή
392 3562 487 3614 τοῦ
520 3566 758 3632 Χριστοῦ
781 3568 1192 3639 ὲνανθρώπησις
1220 3573 1461 3640 γέγονεν,
1496 3579 1587 3629 καὶ
1619 3579 1747 3647 κενὴ

186 3655 223 3721 ἡ
255 3654 361 3706 τῶν
389 3658 701 3711 ἀποστόλων
724 3658 1061 3715 διδασκαλία.
1084 3664 1194 3715 Καὶ
1214 3666 1283 3729 εἰ,
1311 3665 1385 3728 ὡς
1406 3668 1560 3735 ὑμεῖς
1590 3686 1745 3737 φατε,

184 3745 347 3808 αὐτός
379 3747 525 3799 ἐστιν
552 3747 827 3820 λυτρωτὴς
857 3751 955 3820 τῆς
996 3754 1512 3824 κτισματολατρείας
1537 3760 1627 3810 καὶ
1654 3758 1749 3827 τῆς

183 3830 296 3882 τῶν
330 3834 563 3887 εἰδώλων
609 3839 853 3906 κατάρας
877 3880 892 3905 ,
936 3843 963 3892 ό
999 3841 1092 3893 καὶ
1126 3844 1255 3912 παρ’
1283 3844 1412 3913 ὑμῖν
1441 3849 1748 3914 τρισκαιδέ-

185 3938 352 3986 κατος
412 3926 702 3991 ἀπόστολος
732 3928 1165 4000 ὀνομαζόμενος,
1196 3936 1288 3986 καὶ
1328 3937 1446 4005 οὐχὶ
1492 3938 1744 4007 Χριστὸς,

184 4014 329 4066 κατὰ
374 4015 471 4085 τὴν
516 4016 608 4070 τοῦ
638 4020 967 4091 θεοκήρυκος
1011 4023 1222 4077 Παύλου
1258 4029 1437 4097 φωνήν
1460 4043 1474 4059 ’
1505 4030 1635 4098 μηδὲ
1667 4034 1746 4094 εἰς

183 4105 391 4173 Τριάδα
427 4107 776 4176 βαπτίζεσθε,
809 4112 923 4165 ἀλλ’
960 4114 1064 4182 (ἵν’
1096 4116 1233 4167 εἴπω
1272 4134 1324 4169 τι
1375 4119 1468 4170 καὶ
1521 4121 1745 4187 γελοίως

185 4196 321 4265 πρὸς
366 4199 462 4266 τὴν
510 4200 663 4269 ὑμῶν
700 4203 903 4273 αὐθάδη
954 4206 1294 4277 ἀφροσύνην)
1320 4210 1399 4271 εἰς
1446 4212 1741 4278 Παστιλᾶν,

182 4287 526 4356 Τρικάκαϐον
559 4293 649 4344 καὶ
682 4293 934 4347 Κάϐαλον
961 4298 1083 4359 τοὺς
1115 4298 1279 4351 αὑτοῦ
1306 4299 1621 4369 καθηγητὰς
1650 4304 1744 4355 καὶ¹

182 4374 361 4441 ὑμῶν,
418 4370 598 4446 ὧνπερ
647 4380 815 4449 τριῶν
863 4383 897 4451 ή
948 4383 1265 4453 ὑπέρφωτος
1320 4386 1413 4437 καὶ
1473 4387 1742 4457 σεϐασμία

1862 1941 2109 2011 iniquitas
2144 1960 2171 1997 a
2227 1949 2597 2004 sacerdotibus
2648 1951 2935 2022 Babylonis
2980 1956 3053 2021 ";
3095 1968 3146 2010 et
3189 1972 3423 2026 pastores

1863 2034 2013 2084 multi
2041 2036 2271 2089 demoliti
2302 2049 2421 2091 sunt
2473 2043 2673 2095 vineam
2709 2062 2879 2098 meam
2908 2056 2955 2098 et
2986 2049 3422 2104 conculcarerum

1858 2138 2053 2191 partem
2088 2144 2251 2181 meam
2276 2130 2320 2168 ⁸⁵
2353 2149 2367 2184 :
2400 2133 2489 2200 qui
2526 2146 2675 2188 extra
2728 2152 2857 2191 axes
2891 2140 3093 2208 proprii
3125 2142 3237 2209 agri
3270 2159 3418 2195 erra-

1862 2230 2011 2279 vere,
2050 2228 2104 2271 ut
2136 2221 2418 2286 proverbio
2452 2222 2643 2289 fertur,
2692 2235 2744 2280 et
2794 2230 3042 2283 manibus
3080 2232 3419 2287 sterilitatem

1860 2305 2159 2375 collegere:
2197 2309 2284 2376 qui
2332 2312 2471 2365 inter
2502 2325 2745 2367 sanctum
2782 2327 2833 2369 et
2874 2318 3156 2384 profanum
3207 2338 3310 2375 non
3342 2325 3421 2375 die

1861 2396 2060 2461 visere,
2094 2400 2186 2450 sed
2217 2400 2352 2453 intra
2383 2404 2556 2455 altare
2601 2406 2798 2459 luctum
2846 2418 2899 2461 et
2945 2426 3024 2463 va:
3055 2414 3357 2487 produxere
3402 2459 3413 2470 .

1860 2487 1931 2547 hi,
1966 2485 2203 2555 inquam,
2234 2503 2265 2541 e
2314 2489 2430 2544 loco
2465 2492 2552 2547 ubi
2585 2496 2859 2558 sedebant,
2886 2500 3045 2553 simul
3071 2485 3190 2554 eum
3227 2505 3419 2571 populo

1858 2590 2162 2648 surgentes,
2216 2582 2457 2636 manibus
2489 2584 2541 2636 in
2594 2587 2791 2640 caelum
2825 2590 3020 2645 erectis
3052 2593 3413 2649 miserabilmn

1857 2666 1998 2720 illam
2027 2684 2205 2723 vocem
2232 2672 2514 2727 ediderunt
2542 2690 2555 2725 :
2591 2692 2609 2726 ι
2646 2675 2813 2731 llodie
2843 2680 2986 2733 salus
3014 2685 3212 2737 mundo
3233 2729 3247 2751 ,
3288 2688 3413 2755 quia

1858 2769 1907 2810 tu
1931 2798 1944 2823 ,
1977 2759 2288 2827 Iltlpel'nlor,
2332 2776 2428 2817 uos
2456 2778 2517 2817 ex
2560 2766 2713 2820 idolis
2747 2771 3038 2825 redemisti.
3073 2792 3091 2824 ι
3132 2773 3176 2829 Ο
3210 2776 3414 2829 luctuo-

1818 2885 1825 2889 -
1854 2864 1967 2902 sam
1997 2864 2176 2902 vocem
2207 2866 2362 2919 quae,
2395 2862 2449 2904 ut
2498 2854 2701 2921 prolata
2729 2854 2894 2929 456
2926 2870 3004 2914 est
3033 2902 3047 2925 ,
3090 2866 3286 2919 caelum
3316 2870 3412 2919 oh-

1852 2940 2109 3005 scuravit,
2144 2951 2337 2993 terram
2370 2947 2659 3009 concussit,
2693 2964 2870 3002 aerem
2904 2952 3111 3020 polluit,
3144 2965 3196 3007 et
3225 2972 3413 3012 omnes

1854 3029 1941 3095 qui
1982 3029 2121 3082 illam
2165 3032 2477 3097 emiserunt,
2531 3035 2620 3088 Dei
2668 3037 2871 3095 alienos
2916 3036 3084 3097 fecit?
3126 3045 3414 3103 Enimvero

1853 3120 1896 3171 si
1946 3120 2033 3174 ille
2085 3123 2371 3188 impietatis
2418 3126 2709 3196 princeps,
2770 3131 2908 3186 idem
2952 3135 3063 3204 ipse
3112 3142 3411 3195 eversionis

1854 3210 2117 3265 idolorum
2161 3222 2347 3267 auctor
2389 3225 2510 3282 est,
2561 3233 2688 3289 ergo
2735 3220 2935 3277 frustra
2976 3227 3221 3283 Christus
3253 3233 3413 3287 homo

1854 3303 2024 3356 l'attus
2050 3313 2131 3357 est
2159 3346 2172 3369 ,
2210 3322 2335 3374 ergo
2364 3323 2498 3362 vana
2529 3321 2609 3363 est
2641 3314 3002 3381 apostolorum
3031 3319 3292 3375 doctrina.
3329 3323 3407 3399 Si,

1854 3402 1911 3448 ut
1939 3410 2033 3449 vos
2062 3399 2325 3463 asseritis,
2380 3400 2464 3453 ille
2493 3413 2576 3455 est
2622 3406 2949 3475 redemptor,
2979 3411 3070 3477 qui
3099 3427 3193 3467 vos
3226 3429 3409 3470 rerum

1851 3496 2153 3539 creatarum
2197 3489 2339 3540 cultu
2376 3499 2429 3541 et
2473 3490 2731 3545 idolorum
2763 3500 3136 3556 exsecratione
3166 3502 3410 3560 liberavit

1852 3582 2050 3645 (quem
2099 3578 2259 3630 etiam
2294 3579 2556 3633 decimum
2604 3586 2821 3638 tertium
2866 3588 3165 3653 apostolum
3209 3572 3411 3647 vocith

1853 3667 1987 3733 tis),
2018 3682 2119 3719 non
2159 3682 2284 3721 vero
2312 3670 2559 3726 Christus
2586 3673 2737 3739 juxta
2772 3677 2934 3731 divini
2975 3682 3235 3743 prmconis
3259 3682 3410 3737 Pauli

1852 3772 2067 3821 vocem;
2098 3774 2270 3827 neque
2293 3760 2454 3829 igitur
2482 3763 2532 3815 in
2566 3763 2881 3819 Trinitatem
2914 3769 3281 3838 baptizemini,
3316 3776 3410 3829 sed

1849 3849 1943 3915 (ut
1972 3848 2172 3916 aliquid
2220 3844 2499 3903 ridiculum
2534 3862 2725 3907 vestra:
2760 3860 3034 3927 arroganti
3090 3862 3410 3931 insipientia:

1848 3938 2073 4009 loquar)
2103 3939 2152 3991 in
2189 3938 2463 4005 Pastilam,
2503 3941 2856 3999 ‘l‘ricacabnm
2889 3956 2941 3999 et
2967 3948 3222 4003 Gabalum
3269 3954 3410 4009 illius

1847 4039 1899 4081 et
1936 4039 2169 4083 Vestrum
2219 4031 2544 4099 magistros,
2574 4049 2801 4100 quorum
2843 4037 3001 4090 trium
3044 4044 3405 4112 memoriam,

1845 4121 2034 4187 dogma
2063 4131 2114 4172 et
2159 4121 2374 4173 nomina
2404 4131 2455 4173 et
2496 4137 2591 4175 sua
2626 4122 2863 4177 Ecclesia
2898 4127 3094 4183 delevit
3126 4124 3403 4199 fulgentis-

1845 4209 1976 4261 sima
2013 4218 2066 4262 et
2090 4210 2469 4278 augustissima
2494 4209 2750 4266 Trinitas.
2782 4213 2981 4269 Verum
3018 4218 3100 4272 his
3132 4222 3408 4277 inutilibus

1846 4301 2185 4352 sermonibus
2217 4300 2453 4353 dimissis
2475 4340 2489 4363 ,
2522 4305 2943 4370 opportunejam
2975 4322 3323 4375 erumpamus
3353 4325 3407 4367 et

1846 4392 2271 4459 progrediamur.
2309 4390 2616 4448 Redeamus
2658 4396 2824 4463 igitur
2860 4398 2925 4451 ad
2958 4403 3313 4471 propositum,
3350 4415 3407 4460 et

180 4465 373 4533 Τριας,
407 4468 496 4519 καὶ
514 4469 611 4539 τὴν
648 4471 866 4539 μνήμην
891 4473 983 4523 καὶ
1004 4472 1061 4524 τὸ
1088 4473 1261 4542 δόγμα
1294 4476 1383 4526 καὶ
1412 4475 1479 4528 τά
1504 4476 1743 4546 ὀνόματα
1775 4496 1818 4550 ο
1846 4502 1860 4534 ι

1846 4484 1909 4534 de
1944 4482 2253 4535 beatissimo
2285 4482 2555 4553 Stephano
2588 4486 2886 4554 loquamur.

180 4554 502 4626 ἑξηςςάνισεν
533 4570 554 4597 ι
591 4561 688 4630 τῆς
718 4563 884 4631 αὐτῆς
937 4564 1280 4634 Ἐκκλησίας.
1333 4568 1544 4631 Ταύτας
1593 4568 1649 4620 δὲ
1699 4571 1798 4632 τὰς
1837 4572 2143 4641 φληναφίας
2177 4574 2403 4644 ἀφέντες
2429 4616 2443 4638 ,
2473 4576 2665 4647 καιροῦ
2700 4578 2912 4644 δέοντος
2938 4622 2951 4644 ,
2979 4584 3347 4657 ὲφορμὼμεθα
3384 4590 3399 4626 ι

178 4647 285 4719 ἤδη
312 4650 404 4701 καὶ
444 4648 792 4719 βαδιούμεθα,
824 4656 917 4705 καὶ
951 4654 1086 4724 πρὸς
1123 4655 1185 4707 τὸ
1214 4658 1574 4727 προκείμενον
1606 4663 1935 4727 ὲπανιέντες,
1955 4664 2044 4715 τὸν
2072 4666 2532 4735 παμμακὰριστον
2555 4668 2820 4736 Στέφανον
2847 4647 3260 4745 καταλάϐωμεν.

253 4740 467 4820 Τούτων
494 4741 549 4794 δὲ
573 4741 745 4805 οὕτως
776 4745 1215 4814 ἐκτελεσθέντων,
1236 4751 1326 4801 καὶ
1355 4751 1531 4821 πάσης
1557 4754 1735 4823 χειρὸς

176 4834 274 4885 καὶ
314 4817 576 4901 στόματος
607 4833 1000 4905 ὑπογραψάσης
1040 4838 1132 4890 καὶ
1167 4817 1598 4909 ὁμολογήσαντος
1626 4817 1733 4908 ,1τά

177 4922 321 4975 κατὰ
356 4922 445 4973 τὸν
476 4922 631 4990 ἅγιον
652 4922 839 4977 τοῦτον
868 4926 1082 4996 Πατέρα
1110 4928 1266 4998 ήμῶν
1295 4929 1563 4997 Στέφανον
1589 4935 1615 4983 ὁ
1640 4931 1731 4984 τύ-

177 5030 369 5081 ραννος
425 5013 644 5082 μαθὼν,
691 5016 1203 5087 προσκαλεσάμενος
1255 5020 1348 5072 ἕνα
1402 5022 1509 5074 τῶν
1568 5024 1733 5075 αὐτοῦ

174 5102 471 5172 ’.τεριδόξων
518 5105 854 5172 μεγιστάνων
884 5106 1229 5175 λογιώτατον,
1280 5112 1371 5163 καὶ
1402 5114 1535 5182 πρὸς
1565 5115 1624 5166 τὸ
1649 5114 1734 5166 λέ-

174 5208 295 5256 γειν
321 5192 413 5243 καὶ
441 5191 659 5245 ἀκούειν
698 5195 1000 5266 ἐπιτήδειον
1022 5240 1035 5262 ,
1079 5201 1375 5254 Κάλλιστον
1405 5212 1429 5238 υ
1469 5205 1727 5275 τοῦνομα,

173 5277 269 5327 καὶ
312 5279 377 5346 τῇ
403 5278 502 5331 ⁴τοῦ
552 5281 841 5353 πατρικίου
884 5284 1011 5355 ἀξίᾳ
1059 5290 1455 5359 τετιμημένον,
1502 5296 1563 5345 οὐ
1623 5296 1728 5364 μὴν

252 5434 295 5465 "
330 5434 429 5491 Job
480 5453 552 5504 ιν,
584 5439 670 5494 14.
746 5441 790 5473 ⁸⁸
830 5440 965 5497 Dan.
998 5460 1115 5510 xm,
1159 5446 1211 5500 5.

1288 5446 1327 5477 “
1361 5448 1558 5502 Jercm.
1591 5469 1685 5512 λιι,
1729 5454 1807 5504 10.

1910 4755 2199 4824 Postquam
2252 4758 2362 4811 ha-c
2419 4759 2489 4810 ita
2538 4770 2656 4812 acta
2702 4771 2859 4828 sunt,
2912 4767 3197 4835 cunctique
3244 4786 3402 4824 manu

1841 4846 2274 4914 subscripserunt
2310 4857 2362 4900 et
2389 4863 2483 4900 ore
2532 4850 2763 4905 cool'essi
2814 4862 2957 4917 sunt,
3016 4865 3299 4926 tyrannus,
3333 4868 3398 4911 ad

1843 4952 1998 5005 quem
2040 4938 2211 4992 sancti
2244 4938 2419 4993 Patris
2469 4942 2636 4994 nostri
2675 4942 2813 4996 fama
2859 4958 3198 5013 pervenerat,
3237 4966 3399 5003 unum

1843 5044 1870 5080 e
1899 5030 2179 5097 prmcipuis
2208 5033 2320 5083 suis
2354 5034 2685 5100 proceribus,
2721 5034 2882 5107 457
2910 5039 3079 5092 virum
3109 5042 3400 5095 disertissi-

1840 5133 1987 5171 mum
2035 5128 2193 5186 atque
2242 5121 2306 5173 ad
2358 5124 2637 5176 dicendum
2667 5137 2719 5179 et
2749 5129 3069 5182 audiendum
3123 5132 3388 5199 idoneunr

1838 5207 2111 5262 Callistum
2145 5212 2382 5273 nomine,
2420 5218 2628 5281 patricii
2660 5218 2918 5285 dignitate
2949 5234 3221 5288 ornatum,
3249 5240 3396 5278 eam-

1836 5302 2064 5364 demque
2116 5302 2365 5356 lucrcsim
2408 5308 2647 5373 apprime
2685 5310 2931 5363 edoctum
2965 5315 3267 5379 accersivit,
3308 5315 3395 5371 cui

1374 5602 1376 5605 ·
1424 5582 1657 5637 VAill/E
1698 5587 2096 5643 LliC'i‘IONES.

248 5664 369 5763 ᾔει,
400 5683 724 5751 ἐπισκότοις.
802 5700 830 5740 τι
855 5690 925 5744 al.
964 5692 1357 5764 ὲκφωνηθεῖσα.
1443 5707 1461 5732 τ
1494 5699 1562 5752 al.
1602 5699 1901 5769 πρὸμαχος-

176 5752 223 5803 Κ
236 5753 465 5805 αλιπον.

1982 5712 2001 5737 ⁸
2036 5705 2103 5756 al.
2137 5704 2530 5774 ἐξαφανίσειεν.
2616 5711 2632 5745 ¹
2670 5712 2738 5765 ul.
2771 5714 3180 5783 ἐφορμούμεθα.
3261 5727 3286 5756 ιι
3318 5722 3389 5775 al.
