4196 6436
761 375 888 439 1131

1959 382 2336 444 STEPHANI
2386 381 2690 440 DIACONI
2730 383 2840 440 (ΣΡ.

3881 377 4011 443 1132

760 505 874 544 rum
920 487 1235 544 indumento
1284 491 1546 560 deposito,
1596 491 1875 562 splendide
1919 509 2040 546 cum
2097 494 2324 558 impera-

2436 489 2636 552 Φεῑσαι,
2688 489 2867 557 γύναι,
2914 492 3138 560 σαυτῆς,
3188 491 3279 543 καὶ
3318 491 3482 560 ζῆσον
3521 491 3703 554 καλῶς
3737 492 3884 560 μετά
3915 493 4006 560 τῆς

759 581 890 634 trice
924 582 1066 644 vive,
1107 593 1162 636 et
1190 585 1422 637 crastina
1459 583 1546 638 die
1582 587 1862 638 veritatem
1913 586 2172 639 adversus
2207 582 2324 636 Ste-

755 671 994 739 phanum
1026 687 1205 725 coram
1243 673 1500 728 universo
1529 675 1726 744 populo
1758 675 2035 744 eloquere.
2090 672 2221 727 Nam
2256 687 2324 727 en

756 763 874 827 ipsa
909 761 1103 814 ancilla
1149 769 1237 814 tua
1269 763 1410 831 quod
1445 778 1629 818 verum
1669 773 1752 818 est
1781 765 2074 818 convincit.
2107 763 2162 817 Si
2194 777 2325 816 vero

757 856 807 908 id
849 868 1008 923 agere
1047 854 1304 920 nolueris,
1345 855 1662 926 lapidesque
1709 864 1814 909 tua:
1856 855 2053 910 mentis
2092 853 2322 924 pertina-

755 948 838 998 cia
869 946 1083 999 mentiri
1109 961 1324 1016 pergas,
1358 959 1446 1000 tua
1475 951 1715 1002 membra
1759 963 1852 1018 per
1879 958 2060 1018 partes
2091 947 2324 1001 lacerata

756 1035 825 1088 ob
861 1036 1050 1091 oculos
1106 1045 1227 1092 tuos
1271 1052 1559 1106 exponam.
1612 1038 1835 1102 Verum,
1878 1038 1924 1092 si
1959 1039 2102 1107 quod
2138 1037 2323 1105 cupio,

758 1125 1030 1190 c'ﬂeceris,
1076 1127 1324 1197 illiusque
1356 1129 1621 1185 adulteria
1652 1141 1705 1185 et
1731 1141 1914 1199 stupra
1942 1129 2323 1193 declaraveris,

757 1217 939 1272 multis
1010 1229 1060 1271 te
1105 1218 1404 1274 honoribus
1458 1231 1512 1274 et
1562 1221 1874 1276 muneribus
1921 1221 2145 1275 ornabo.
2197 1219 2326 1286 Quae

753 1325 874 1362 cum
932 1311 1174 1365 audisset
1234 1310 1398 1383 467
1461 1315 1765 1367 veneranda
1834 1314 2060 1376 mulier,
2106 1330 2170 1367 ex
2219 1315 2327 1366 imo

753 1410 972 1467 pectore
995 1418 1212 1472 gravem
1241 1405 1499 1471 gemitum
1522 1404 1771 1470 eliciens,
1795 1417 2066 1476 caputque
2093 1408 2322 1474 agitans,

755 1493 826 1546 illi
891 1494 1166 1563 respondit
1199 1511 1210 1548 :
1255 1513 1274 1546 ι
1313 1492 1526 1551 Recede
1571 1514 1598 1550 a
1633 1514 1716 1554 me
1742 1541 1754 1562 ,
1789 1514 1821 1552 ο
1855 1500 2033 1562 Ιιοιιιο,
2085 1499 2276 1551 recede
2308 1515 2321 1550 :

753 1586 845 1638 ﬂat
876 1585 1126 1641 voluntas
1159 1587 1394 1641 Domini.
1434 1606 1453 1639 ι

823 1766 976 1820 Mane
1027 1781 1171 1825 vero.
1222 1767 1538 1836 imperator,
1566 1769 1723 1838 plebe
1749 1782 1874 1824 ante
1905 1769 2055 1824 urbis
2086 1769 2325 1822 Pliialam

2429 579 2769 651 βασιλίσσης,
2804 581 3122 651 ἀποθεμένη
3152 581 3212 634 τὸ
3234 585 3334 653 τῆς
3370 586 3592 646 σκοτίας
3615 584 3752 636 αὐτὸ
3775 582 4003 652 ἔνδυμα.

2427 673 2518 725 καὶ
2545 672 2604 724 τὸ
2635 672 2831 743 ἀληθὲς
2872 672 3016 725 κατά
3059 673 3336 740 Στεφάνου
3370 673 3561 745 αὔριον
3591 675 3717 727 εἰπὲ
3746 676 3849 728 ἐπὶ
3875 692 4007 725 παν-

2425 763 2514 824 τὸς
2541 762 2634 814 τοῦ
2662 762 2815 816 λαοῦ.
2863 763 2996 816 ’1δοῦ
3028 765 3135 833 γὰρ
3167 766 3262 818 καί⁵
3291 766 3324 832 ἡ
3347 766 3554 830 οἰκέτις
3581 782 3676 818 σου
3708 767 4007 834 ἁπελέγχει

2425 854 2487 907 τὸ
2512 853 2729 924 ἀληθές.
2773 856 2834 908 El
2885 856 2943 908 δὲ
2979 855 3056 927 μὴ
3086 856 3354 929 βουληθῇς
3403 858 3562 911 τοῦτο
3609 859 3864 928 πρᾶξαι,
3899 859 4007 913 ἀλλ’

2426 946 2685 1016 ἐμμένεις
2706 951 2772 1018 τῇ
2802 948 3159 1018 λιθογνώμονί
3183 966 3279 1002 σου
3302 951 3558 1022 ἀπειθείᾳ
3584 951 4005 1020 διαψειιδομέγις.

2427 1037 2533 1108 πρὸ
2559 1037 2668 1091 τῶν
2692 1039 2986 1109 ὀφθαλμῶν
3020 1057 3112 1092 σου
3135 1041 3233 1104 τάς
3265 1042 3474 1111 σάρκας
3504 1059 3600 1095 σου
3631 1042 3874 1113 μεληδὸν
3910 1059 4008 1093 πα·

2431 1130 2742 1200 ραθήσομαι
2767 1146 2781 1160 ο
2815 1133 2865 1184 εἰ
2891 1132 2949 1183 δὲ
2984 1132 3146 1185 πάλιν
3173 1132 3236 1185 τὸ
3263 1133 3388 1202 ἐμοὶ
3421 1135 3613 1202 ἐφετὸν
3638 1135 4007 1198 ἐπιδείξεως,

2427 1222 2522 1275 καὶ
2555 1220 2911 1292 ὁμολογήσεις
2945 1223 3042 1286 τάς
3079 1223 3270 1277 τούτου
3314 1225 3563 1294 μοιχείας
3595 1227 3693 1278 καὶ
3726 1227 4008 1294 πορνείας,

2427 1313 2640 1365 πολλῶν
2674 1313 2850 1384 τιμῶν
2906 1316 3000 1368 καὶ
3066 1316 3288 1386 δωρεῶν
3328 1317 3458 1387 παρ’
3497 1317 3632 1387 ἐμοῦ
3702 1318 4006 1390 ἀξιωθήσῃ.

2440 1403 2506 1457 Ἦ
2539 1405 2598 1458 δὲ
2618 1405 2777 1474 τιμία
2815 1406 2952 1474 γυνὴ
2985 1405 3194 1458 τούτοιν
3223 1406 3539 1472 ἀκούσασα,
3578 1407 3670 1460 καὶ
3703 1409 3770 1460 ἐκ
3820 1407 4010 1478 βάθους

2429 1497 2658 1567 καρδίας
2695 1498 2969 1568 ὀδυνηρῶς
3015 1496 3302 1566 οίμώξασα
3324 1538 3338 1561 ,
3372 1498 3466 1552 καὶ
3489 1497 3590 1570 τὴν
3626 1499 3887 1568 κεφαλὴν
3921 1519 4012 1552 κα-

2425 1589 2770 1653 τασείσασα,
2832 1586 2986 1642 εἶπεν
3028 1589 3166 1656 πρὸς
3215 1590 3414 1642 αὐτόν’
3464 1590 3655 1643 ’Δπιθι
3699 1591 3800 1642 ἀπ’
3850 1590 4015 1660 ἐμοῦ,

2429 1680 2707 1750 ἄνθρωπε,
2747 1680 2943 1734 άπιθιο
2997 1681 3058 1733 τὸ
3113 1679 3330 1752 θέλημα
3361 1681 3456 1734 τοῦ
3500 1681 3714 1751 Κυρίου
3748 1681 4015 1749 γενέσθω.

2513 1773 2590 1852 Ὀ.
2623 1770 2679 1823 δὲ
2749 1769 3004 1840 βασιλεὺς
3059 1770 3232 1822 ἕωθεν
3289 1771 3495 1841 πλῆθος
3543 1770 3676 1824 λαοῦ
3756 1773 3872 1842 πρὸ
3927 1771 4015 1823 τοῦ

754 1873 846 1910 seu
901 1855 1126 1909 Famem
1169 1866 1518 1926 congregata,
1565 1867 1722 1911 ratus
1751 1870 1810 1912 se
1840 1855 1982 1910 illam
2037 1854 2323 1920 ﬂexuram,

2436 1846 2621 1928 ineo;
2647 1865 2745 1934 τῆς
2773 1865 2976 1934 Φιάλης
3007 1863 3400 1933 ἐκκλησιάσας,
3425 1864 3500 1927 ώς
3522 1864 3768 1933 νομίζων
3805 1865 4016 1916 πείθειν

753 1946 804 1998 in
835 1945 1073 1997 omnium
1129 1954 1420 2012 conspectu
1465 1947 1664 1999 nudam
1716 1947 1834 1999 sisti
1872 1946 2055 2015 jussit,
2107 1945 2325 1999 bovillo-

755 2050 978 2102 rumqne
1001 2051 1292 2089 nervorum
1324 2036 1594 2105 manipulo
1611 2045 1736 2090 ante
1753 2036 1868 2105 ejus
1886 2036 2068 2091 oculos
2092 2037 2326 2106 olijei-to,

751 2129 928 2181 dixit:
967 2127 1071 2180 llus
1121 2144 1310 2181 omnes
1342 2143 1539 2183 nervos
1568 2128 1730 2182 dorso
1795 2138 1850 2182 et
1873 2131 2044 2182 ventri
2080 2139 2169 2182 tuo
2210 2145 2329 2181 ver-

752 2219 990 2272 berando
1018 2219 1406 2283 comminuam,
1442 2221 1541 2273 nisi
1574 2220 1834 2273 nefandas
1869 2221 2126 2290 Stephani
2155 2222 2330 2289 impn-

752 2311 990 2376 diritias,
1044 2327 1182 2379 quas
1223 2311 1275 2363 iit
1347 2321 1396 2365 te
1436 2311 1725 2376 commisit,
1781 2313 1957 2380 palant
2036 2313 2321 2381 producas.

754 2403 960 2467 Quibus
990 2388 1475 2456 cum-veneranda
1531 2403 1721 2457 mulier
1774 2405 1904 2456 nihil
1956 2407 2326 2473 responderet,

756 2497 834 2549 ira
881 2493 1120 2549 fremens
1156 2507 1456 2566 tyrannus,
1504 2496 1647 2549 illam
1685 2499 2024 2550 meretricem
2072 2497 2327 2566 appellat,

752 2597 807 2640 et
837 2585 1063 2655 ﬂagellis
1114 2585 1245 2639 (ξενιίί
1291 2583 1465 2652 jubet.
1501 2584 1618 2639 Mox
1650 2601 1777 2657 ergo
1826 2598 1949 2641 octo
1989 2587 2195 2642 robusti
2229 2588 2329 2641 viri

756 2691 987 2747 utraque
1028 2677 1169 2732 illius
1216 2693 1377 2731 mann
1431 2679 1792 2747 apprehensa,
1849 2694 1968 2731 eam
2021 2680 2073 2731 in
2115 2681 2328 2731 modum

753 2771 936 2824 crucis
978 2770 1031 2822 in
1063 2783 1188 2824 aere
1225 2769 1546 2833 extendunt,
1581 2769 1862 2837 ipsamque
1907 2770 2045 2823 alter
2080 2784 2174 2837 per
2203 2783 2332 2822 ven-

757 2875 926 2927 trem,
979 2862 1116 2915 alter
1144 2877 1249 2931 per
1297 2861 1514 2915 dorsum
1571 2861 1699 2914 totis
1749 2861 1952 2915 vit-ibus
2007 2862 2330 2929 percutiunt,

756 2956 888 3008 nihil
916 2954 1060 3007 aliud
1095 2954 1182 3006 illa
1211 2953 1424 3006 interim
1455 2952 1732 3022 loquente,
1754 2968 1937 3022 quam,
1965 2951 2077 3006 Non
2096 2955 2216 3007 novi
2239 2953 2333 3006 ho-

760 3050 982 3112 minem,
1016 3058 1074 3100 nt
1106 3058 1160 3100 ιιι
1193 3046 1326 3100 dicis
1356 3063 1370 3099 :
1398 3056 1474 3108 et,
1493 3045 1738 3108 Domine,
1756 3046 2034 3099 miserere.
2061 3045 2201 3098 Ante
2220 3044 2334 3114 ejus

757 3153 972 3208 quoquc
1003 3137 1217 3202 faciem,
1251 3136 1494 3191 dolosam
1538 3135 1710 3204 ipsius
1756 3135 2003 3190 ancillam
2053 3136 2337 3190 collocavit

714 3270 715 3273 η
763 3241 1026 3298 tyrannus
1058 3268 1073 3293 ,
1124 3237 1183 3280 ut
1235 3225 1378 3278 illam
1433 3239 1614 3278 coram
1667 3223 1919 3277 onmibns
1967 3222 2330 3281 convinceret.

756 3315 1207 3386 quemadmodum
1245 3328 1362 3366 eam
1382 3311 1495 3379 ipse
1519 3312 1809 3376 docuerat;
1846 3325 1964 3378 qua:
1987 3310 2337 3378 jurejurando

757 3410 1030 3464 dominam
1082 3407 1369 3476 arguebat,
1403 3403 1576 3475 568
1642 3403 1894 3458 manibus
1947 3413 2134 3455 contra
2191 3402 2334 3456 illam

759 3502 1007 3564 sublatis,
1043 3499 1269 3569 ejusque
1322 3497 1511 3552 [aciem
1544 3496 1715 3567 sputis
1752 3494 2026 3550 fmdando.
2057 3494 2337 3550 Postremo

760 3595 861 3663 ipsi
895 3606 1109 3662 quoque
1153 3588 1447 3658 impietatis
1494 3595 1805 3657 symmystaa
1834 3585 1948 3639 sive
1983 3585 2137 3649 socii,
2169 3586 2336 3640 Anna:

761 3687 984 3742 auribus
1024 3683 1433 3753 obstrepehant,
1474 3692 1532 3735 ιιι
1561 3680 1614 3734 id
1654 3679 1884 3743 diceret,
1916 3677 2060 3748 quod
2103 3678 2337 3733 maxime

758 3781 978 3850 optabat
1005 3780 1319 3848 imperator,
1335 3784 1390 3829 et
1408 3775 1478 3829 ita
1501 3774 1728 3827 viveret.
1747 3770 1944 3825 Verum
1985 3770 2073 3825 illa
2089 3771 2338 3826 similiter

761 3892 822 3930 ae
854 3872 1104 3944 superius
1155 3882 1474 3937 responsum
1523 3865 1706 3920 dabat.
1741 3863 1812 3920 Ut
1840 3870 2020 3917 autem
2078 3873 2338 3933 tyrannus

762 3967 906 4020 illam
944 3978 1053 4035 pra:
1077 3960 1281 4017 crudeli
1309 3958 1640 4013 laceratione
1661 3954 1927 4025 elinguem
1948 3953 2155 4008 .l‘actam
2181 3953 2336 4015 vidit.

763 4066 1026 4110 mortuam
1067 4068 1191 4107 esse
1244 4060 1416 4113 ratus,
1472 4048 1678 4117 pudore
1717 4043 1954 4101 suﬂ‘usus
1997 4059 2057 4098 se
2098 4046 2147 4098 in
2192 4044 2339 4114 pala-

766 4149 897 4200 tium
963 4143 1184 4212 recepit,
1226 4155 1348 4194 cum
1397 4137 1744 4208 prmeepisset
1787 4134 1933 4188 illam
1972 4134 2023 4187 in
2068 4134 2336 4202 quoddam

763 4235 1001 4306 Byzantii
1031 4233 1420 4287 monasterium
1448 4227 1659 4298 projici,
1687 4225 1829 4280 nulla
1858 4240 1987 4292 erga
2016 4226 2183 4293 ipsam
2209 4240 2336 4278 cura

762 4327 1022 4382 adhibita.
1046 4325 1392 4394 lpseinterea
1430 4319 1679 4374 meditari
1709 4332 1814 4372 non
1839 4317 2068 4381 destitit,
2101 4332 2336 4386 quonam

763 4421 922 4474 modo
982 4430 1230 4475 sanctum
1289 4414 1624 4483 Stephanum
1667 4426 1699 4466 e
1746 4411 1922 4465 medio
1977 4409 2190 4480 penitus
2233 4410 2341 4464 tol-

765 4516 916 4569 leret.

837 4709 969 4764 Eam
993 4709 1063 4762 ob
1093 4719 1203 4758 rem
1241 4698 1502 4771 postridie
1533 4713 1697 4752 unum
1732 4713 1763 4752 e
1790 4700 1903 4752 suis
1940 4697 2153 4751 ﬂorenti
2181 4707 2340 4751 etate

768 4800 1008 4871 praeditis
1054 4791 1494 4850 adolescentibus
1540 4790 1723 4858 (quem
1785 4788 2004 4857 quidem
2052 4789 2339 4857 plttrimum

768 4905 953 4946 amare
989 4904 1108 4944 cmn
1153 4884 1513 4957 jurejurando
1550 4879 1896 4950 allirtnabat),
1926 4881 2213 4950 Georgium
2246 4897 2338 4933 no.

770 4987 936 5045 mine,
965 4989 1325 5051 cognomento
1354 4974 1670 5047 Syncletum
1705 4971 2010 5035 accersivit,
2044 4971 2203 5040 eique
2229 4972 2339 5040 pri-

767 5079 938 5134 vatim
996 5075 1132 5130 dixit
1161 5077 1240 5143 (ut
1274 5071 1388 5139 ipse
1449 5068 1638 5123 mortis
1673 5076 1918 5134 tempore
1943 5064 2049 5129 Iris,
2081 5079 2110 5116 a
2146 5067 2342 5133 quibus

770 5173 900 5227 illud
941 5167 1148 5236 accepi,
1183 5161 1468 5218 confessus
1519 5157 1627 5227 est)
1661 5155 1946 5221 :Quantus
1992 5164 2094 5221 est,
2123 5154 2340 5225 Georgi,

775 5280 896 5316 tuus
938 5274 1064 5330 etga
1124 5272 1208 5312 me
1257 5253 1445 5310 amor?
1492 5252 1592 5306 Cui
1641 5251 1778 5304 ille:
1818 5249 2089 5311 lnﬂuitus,
2148 5250 2339 5318 inquit,

771 5359 923 5417 hero,
955 5349 1212 5416 omnique
1236 5346 1547 5415 conjectura
1582 5340 1772 5408 major.
1802 5339 1902 5394 Cui
1937 5342 2130 5394 iterant
2172 5341 2337 5409 impe-

775 5455 924 5499 rator
952 5461 965 5497 :
996 5443 1077 5496 An
1124 5441 1352 5493 libenter.
1400 5436 1504 5489 mei
1557 5447 1742 5488 amore
1790 5442 2014 5486 mortem
2070 5433 2345 5484 subiturus

773 5536 870 5591 es?
931 5536 1000 5589 At
1062 5534 1148 5587 ille
1195 5545 1364 5600 prono
1398 5529 1450 5582 itt
1505 5535 1706 5582 terram
1749 5525 1946 5593 capite,
1989 5523 2344 5593 manibusque

775 5606 984 5702 pectori
1017 5629 1249 5690 innexis,
1291 5637 1350 5676 se
1377 5620 1526 5675 omni
1568 5619 1850 5672 alacritate
1882 5617 1998 5683 ejus
2039 5631 2200 5669 causa
2229 5633 2343 5669 mo-

777 5724 1006 5782 riturutn
1055 5732 1178 5770 esse
1206 5713 1371 5787 569
1414 5711 1654 5783 jnrabat.
1695 5707 1830 5762 Tum
1871 5710 2164 5777 imperator
2197 5708 2342 5760 illum

775 5812 1110 5882 amplexatus
1178 5810 1298 5863 ait:
1334 5806 1470 5863 Ecce
1514 5818 1684 5859 notus
1757 5801 1902 5857 Isaac
1941 5817 1957 5867 ;
2005 5801 2195 5855 deinde
2247 5803 2341 5869 ipsi

2429 1957 2621 2025 αὐτὴν,
2680 1956 2846 2026 μέσον
2889 1957 3110 2010 πάντων
3165 1957 3336 2026 αὐτὴν
3392 1957 3607 2026 γυμνὴν
3657 1959 4016 2027 παραστῆναι

2432 2050 2896 2120 παρεκελεύσατο.
2950 2050 3157 2119 Πλῆθος
3183 2049 3238 2103 δὲ
3276 2048 3585 2118 βουνεύρων
3613 2049 3724 2118 πρὸ
3753 2048 3875 2100 τῶν
3926 2050 4017 2115 ὀφ-

2431 2141 2654 2212 θαλμῶν
2684 2141 2857 2210 αὐτῆς
2885 2140 3108 2211 προθεὶς
3133 2182 3148 2206 ,
3191 2136 3346 2194 εἶπεν
3373 2157 3387 2171 ⁸
3439 2140 3625 2193 Ταῦτα
3661 2141 3859 2194 πάντα
3914 2145 4017 2204 τοῖς

2433 2232 2622 2293 νώτοις
2653 2249 2748 2284 σου
2772 2234 2864 2284 καὶ
2895 2235 2960 2302 τῇ
2999 2231 3178 2300 κοιλίᾳ
3207 2229 3499 2293 ἀναλώσω,
3534 2231 3583 2282 εί
3613 2231 3687 2300 μὴ
3718 2232 3823 2294 τὰς
3850 2234 3933 2293 εἰς
3967 2234 4017 2281 σὲ

2429 2324 2523 2376 τοῦ
2555 2324 2826 2391 Στεφάνου
2851 2323 3100 2394 μυσαρὰς
3126 2322 3384 2392 πορνείας
3413 2325 3492 2384 εἰς
3516 2323 3837 2391 τούμφανὲς
3872 2324 4017 2389 ὲνέγ·

2433 2435 2554 2488 κῃς.
2596 2419 2706 2488 Τῆς
2751 2416 2809 2469 δὲ
2875 2416 3067 2485 τιμίας
3127 2413 3388 2482 γυναικὸς
3435 2412 3602 2484 μηδὲν
3644 2413 4018 2484 ἀποκρινομέ-

2432 2526 2528 2579 νης
2548 2548 2561 2571 ,
2593 2509 2820 2578 ταύτην,
2858 2507 3350 2578 ἐμϐριμησάμενος
3379 2508 3406 2559 δ
3431 2507 3694 2577 τύραννος
3715 2547 3731 2568 ,
3769 2508 3868 2559 καὶ
3907 2523 4018 2575 μοι·

2433 2598 2621 2669 χαλίδα
2657 2598 3040 2663 ἀποκαλέσας,
3083 2597 3446 2668 μαστίζεσθαι
3481 2597 3690 2667 ταύτην
3743 2600 4016 2667 προσέταο

2435 2688 2540 2755 ξεν.
2573 2690 2825 2760 ΠαρευΘὺ
2849 2690 2905 2742 δὲ
2944 2691 3136 2761 ἄνδρες
3163 2689 3313 2742 ὀκτὼ
3343 2692 3580 2757 γενναῖοι
3617 2689 3727 2741 τῶν
3772 2690 4012 2757 ἀμφοτέ-

2437 2799 2546 2855 ρων
2591 2783 2763 2853 αὐτῆς
2809 2783 3194 2852 ἐπιλαϐόμενοι
3239 2782 3470 2852 χειρῶν,
3507 2784 3603 2834 καὶ
3646 2781 4018 2850 «summa;

2433 2875 2637 2944 ταύτην
2678 2877 2760 2938 είς
2809 2875 2899 2927 τὸν
2948 2875 3089 2945 ἀέρα
3145 2873 3535 2938 άπλώσαντες,
3587 2868 3670 2937 εἷς
3720 2875 3869 2927 κατά
3927 2876 4020 2941 τῆς

2435 2967 2702 3035 γαστρὸς,
2735 2945 2956 3028 καὶέἷς
2985 2967 3125 3018 κατὰ
3159 2964 3254 3017 τοῦ
3289 2966 3462 3017 νώτου
3484 3005 3500 3030 ,
3532 2964 3738 3034 ταύτην
3785 2967 4019 3016 ἔτυπτον

2434 3056 2706 3125 ἀφειδῶς,
2743 3056 2912 3126 μηδὲν
2945 3058 3111 3125 αὐτῆς
3147 3056 3275 3109 ἄλλο
3321 3055 3586 3126 λεγούσης
3613 3097 3629 3121 ,
3678 3057 3712 3126 ἢ
3765 3057 3851 3107 ὅτι
3913 3058 4023 3108 οῦκ

2436 3145 2556 3203 οἶδα
2582 3150 2674 3203 τὸν
2702 3148 2988 3218 ἄνθρωπον
3013 3187 3029 3213 ,
3055 3149 3130 3209 ὡς
3160 3150 3222 3201 σὺ
3269 3147 3450 3215 λέγεις
3480 3163 3494 3177 ο
3525 3148 3620 3200 καὶ
3675 3149 3761 3207 τὺ,
3802 3166 3820 3198 ι
3847 3149 4022 3215 Κύριε

2439 3239 2679 3308 ἐλέησον.
2728 3257 2746 3290 ι
2789 3240 3059 3306 Ἐστησεν
3089 3239 3144 3290 δὲ
3184 3240 3212 3289 ὁ
3242 3238 3508 3307 τύραννος
3533 3237 3653 3289 κατ’
3685 3238 3814 3305 δψιν
3851 3238 4023 3304 αὐτῆς

2440 3335 2532 3386 καὶ
2572 3333 2671 3400 τὴν
2699 3331 2878 3384 δολίαν
2909 3332 3079 3400 αὐτῆς
3120 3331 3333 3383 δουλίδα
3370 3331 3610 3400 ἐκείνην,
3653 3331 3914 3398 ἐλέγχειν
3933 3333 4024 3382 αύ-

2435 3426 2535 3496 τὴν
2584 3425 2749 3495 μέσον
2781 3424 3022 3488 πάντων,
3057 3422 3237 3485 καθὼς
3271 3422 3432 3484 αὐτὸς
3476 3422 3684 3492 ταύτην
3728 3422 4018 3487 ἐδίδαξεν·

2446 3519 2571 3589 ἥτις
2617 3518 2708 3569 καὶ
2745 3515 3035 3586 ἐξήλεγχεν
3073 3515 3449 3585 ἐξομνυμένη,
3493 3519 3684 3584 χεῖρας
3728 3515 3877 3568 κατά
3928 3517 4022 3582 τῆς

2438 3609 2634 3680 κυρίας
2679 3608 3023 3677 ἐπαίρουσά,
3077 3607 3169 3658 καὶ
3221 3604 3438 3674 πτυέλῳ
3481 3605 3579 3673 τῆς
3615 3605 3922 3674 δεσποίνης
3965 3607 4025 3656 τὸ

2441 3702 2737 3772 πρόσωπον
2779 3699 3218 3769 καταδρέχουσα.
3256 3698 3455 3750 Λοιπὸν
3489 3693 3581 3749 οὖν
3607 3698 3705 3749 καὶ
3734 3697 3848 3748 τῶν
3891 3714 4027 3766 συμ-

2440 3792 2662 3865 μνστῶν
2717 3791 2816 3861 τῆς
2862 3790 3119 3852 ἀσεϐείας
3161 3789 3300 3859 πρὸς
3346 3788 3446 3850 τὰς
3497 3789 3666 3850 ἀκοάς
3715 3787 3897 3856 αὐτῆς
3945 3789 4026 3839 ἐν-

2440 3886 2720 3956 ηχούντων
2746 3885 2920 3937 εἰπεῖν
2949 3883 3010 3936 τὸ
3031 3883 3124 3935 τοῦ
3159 3882 3422 3951 βασιλέως
3449 3881 3900 3950 θυμηρέστατον,
3935 3884 4027 3933 καὶ

2441 3980 2637 4049 ζῆσαι,
2675 3977 2812 4046 αὐτὴ
2843 3976 3045 4046 ὁμοίως
3092 3977 3158 4045 τῇ
3193 3974 3438 4044 προτέρᾳ
3464 3976 3616 4042 φωνῇ
3652 3973 4024 4041 ἀπεκρίνατο.

2452 4069 2538 4133 Ὦς
2570 4069 2627 4122 δὲ
2673 4063 2810 4120 εἶδεν
2853 4068 2880 4119 ὁ
2912 4065 3172 4136 τύραννος
3225 4066 3326 4135 ἥδη
3369 4064 3540 4132 αὐτὴν
3572 4064 3797 4128 ἄφωνον
3836 4066 3902 4116 ἐκ
3933 4062 4024 4115 τοῦ

2452 4159 2717 4229 ἅνηλεοῦς
2745 4157 2955 4228 δαρμοῦ
2987 4159 3295 4225 γεγονυῖαν,
3328 4157 3420 4207 καὶ
3439 4155 3596 4218 δόξας
3631 4154 3811 4224 αὐτὴν
3837 4155 4027 4207 τεθνά-

2444 4269 2553 4316 ναι,
2595 4249 2997 4323 άναστάςπρδς
3029 4250 3091 4300 τὸ
3120 4248 3379 4300 παλάτιον
3408 4247 3583 4299 εἰσέδυ
3616 4250 4026 4316 κατῃσχυμμὲ-

2444 4361 2552 4410 νος,
2601 4343 2909 4412 προστάξας
2953 4339 3123 4411 αὐτὴν
3171 4342 3229 4391 ἐν
3286 4340 3366 4391 ἐνί
3414 4337 3522 4391 τῶν
3574 4337 3671 4390 τοῦ
3719 4339 4023 4401 Βυζαντίου

2446 4437 2825 4506 μοναστηρίων
2872 4435 3097 4504 ῥιφῆναι
3147 4431 3566 4499 ἀνεπιμέλητον’
3615 4428 3788 4490 αὐτὸς
3828 4431 3884 4482 δὲ
3928 4432 4023 4482 ούκ

2445 4526 2677 4580 ἐπαύετο
2723 4523 3110 4594 μηχανώμενος
3141 4522 3203 4575 τὸ
3247 4524 3396 4584 ὅπως
3449 4521 3540 4573 τὸν
3593 4518 3750 4588 ἅγιον
3804 4522 4024 4582 πάντως

2446 4620 2749 4673 ἀποκτενεῖ.

2519 4710 2631 4761 Καὶ
2682 4711 2747 4778 τῇ
2793 4707 2922 4776 ἐξῆς
2979 4707 3497 4776 προσκαλεσάμενος
3542 4705 3639 4756 ἕνα
3689 4705 3808 4758 τῶν
3860 4705 4024 4759 αὑτοῦ

2449 4798 2811 4870 σφριγώντων
2854 4799 3171 4868 νεωτέρων,
3212 4798 3271 4849 ὃν
3315 4797 3412 4849 καὶ
3459 4795 3628 4847 πολλά
3663 4797 3898 4867 ἀγαπᾷν
3947 4797 4025 4861 ἐξ.

2446 4891 2684 4962 ώμνυτο,
2715 4891 2987 4959 Γεώργιον
3007 4889 3265 4958 τοῦνομα,
3297 4889 3359 4941 τὸ
3388 4888 3616 4956 ἐπίκλην
3647 4889 4024 4958 Συγκλητοῦν,

2449 4983 2596 5050 λέγει
2625 4980 2775 5049 αύτῷ
2801 4980 2923 5032 κατ’
2957 4980 3094 5032 ἰδίαν
3142 4978 3258 5048 (ώς
3289 4979 3454 5040 αὐτὸς
3495 4979 3613 5046 μεθ’
3645 4979 3841 5048 ὅρκων
3876 4983 3935 5035 ἐν
3961 4980 4026 5046 ᾧ

2448 5073 2665 5142 θανάτῳ
2708 5072 2874 5124 αὑτοῦ
2901 5069 3217 5140 ἐξήγγειλεν
3244 5073 3355 5131 τοῖς
3381 5070 3502 5138 ἐμοὶ
3530 5070 3985 5136 ἀπαγγείλασιν)
4015 5089 4023 5095 ·

2452 5165 2623 5226 Πόσος
2659 5159 2769 5234 ἆρα
2793 5203 2806 5227 ,
2840 5160 3078 5234 Γεώργιε
3105 5201 3118 5224 ,
3169 5163 3194 5213 ὁ
3251 5161 3389 5230 πρὸς
3433 5160 3532 5229 ἐμέ
3569 5177 3665 5212 σου
3705 5161 3924 5227 πόθος;
3971 5162 4023 5214 '0

2449 5257 2505 5309 δέ
2550 5270 2746 5322 φησιν·
2804 5253 3157 5322 Ἀπέραντος,
3192 5250 3425 5302 δέσποτα
3448 5291 3461 5312 ,
3495 5250 3588 5300 καὶ
3621 5249 3889 5319 εἰκασμῷ
3936 5255 4022 5314 οὐχ

2448 5343 2904 5412 ὑποδαλλόμενος.
2943 5342 3110 5396 Πάλιν
3142 5344 3277 5410 πρὸς
3309 5341 3474 5391 αὑτὸν
3514 5342 3541 5391 ὁ
3575 5339 3842 5408 βασιλεύς
3867 5355 3881 5370 ⁸
3928 5345 4026 5394 Καὶ

2451 5436 2690 5508 εὐχερῶς
2717 5436 2862 5505 ἔχεις
2891 5435 3031 5507 ὑπὲρ
3060 5434 3157 5504 τῆς
3182 5434 3324 5502 ἐμῆς
3358 5435 3577 5502 ἀγάπης
3610 5433 4019 5502 ἀποθνήσκειν,

2468 5529 2527 5583 Ὀ
2555 5529 2612 5579 δὲ
2653 5527 2791 5596 πρὸς
2829 5527 2935 5594 γῆν
2963 5522 3262 5586 νενευκὼς,
3298 5524 3393 5576 καὶ
3421 5524 3487 5575 τὰ
3525 5525 3678 5592 χεῖρε
3714 5527 3835 5585 τοῖς
3873 5528 4023 5593 στέρ-

2455 5634 2566 5679 νοις
2614 5615 2782 5667 αύτοῦ
2832 5615 3082 5685 ἐνδήσας,
3123 5611 3405 5682 ἐξώμνυτο
3435 5613 3572 5682 μετά
3606 5611 3788 5679 πάσης
3831 5616 4024 5685 προύθ-

2454 5708 2580 5779 μίας
2616 5708 2758 5777 ὑπὲρ
2788 5706 2954 5760 αὐτοῦ
2989 5705 3374 5773 ἀποθνήσκειν.
3405 5705 3513 5756 Καὶ
3545 5703 3573 5754 ὁ
3607 5702 3870 5772 βασιλεὺς
3911 5703 4022 5754 τοῦ-

2450 5815 2541 5852 τον
2590 5799 2972 5866 ἀσπασάμενος
3028 5797 3131 5865 ἔφη
3161 5807 3174 5822 ·
3223 5793 3323 5846 Ἴδε
3371 5792 3465 5844 καὶ
3515 5791 3628 5854 νέος
3675 5791 3866 5845 Ἰσαάκ
3894 5810 3905 5820 ·
3941 5793 4023 5844 :a‘.
