4196 6436
219 459 349 526 1149

213 664 452 733 ἀδελφοὶ,
479 664 715 733 μάλιστα
730 663 823 716 τοῦ
848 664 1052 733 Κυρίου
1076 664 1326 731 λέγοντος
1343 681 1357 695 ·
1388 667 1451 717 '0
1467 668 1772 720 πιστεύων

209 759 296 823 εις
320 756 444 823 ἐμὲ,
476 754 546 809 τὰ
582 756 725 825 ἔργα
755 755 795 810 ἆ
828 755 943 825 ἐγὼ
985 755 1155 823 ποιῶ,
1190 756 1470 823 κάκεῖνος
1500 757 1765 824 ποιήσει,

209 848 306 902 καὶ
343 847 586 913 ,μείζονα
636 850 860 901 τούτων
895 848 1154 917 ποιήσει,
1184 849 1245 901 ού
1293 852 1361 919 τῇ
1407 850 1513 922 ἰδίᾳ.
1542 850 1771 922 δυνάμει

213 942 306 1007 τὴν
357 938 677 1006 εὐεργεσίαν
731 937 1015 1008 πηγάζων,
1066 939 1203 993 ἀλλὰ
1234 938 1311 1008 τῷ
1347 940 1466 1010 ἐμῷ
1520 942 1768 1011 ὀνόματι,

209 1027 307 1080 καὶ
336 1030 398 1097 τῇ
433 1029 620 1098 κλήσει
663 1031 728 1097 τῇ
756 1030 882 1099 ἐμῇ.
928 1027 1070 1096 Ἐγὼ
1098 1030 1206 1100 γάρ
1264 1032 1379 1099 είμι
1428 1032 1455 1082 ό
1492 1029 1561 1082 τὰ
1587 1032 1767 1084 πάντα

207 1119 265 1169 ὲν
300 1119 465 1171 πᾶσιν
503 1118 743 1187 ἐνεργῶν
780 1122 846 1189 τῇ
894 1121 1201 1191 Δεσποτικῇ
1263 1136 1362 1189 μου
1403 1120 1641 1191 ἐξουσίᾳ.
1679 1122 1771 1174 Ἐν

206 1207 379 1273 τούτῳ
405 1203 499 1259 οὖν
531 1210 559 1260 6
584 1207 757 1276 μέγας
783 1208 972 1279 Πατὴρ
997 1209 1152 1280 ἡμῶν
1176 1209 1464 1277 Στέφανος,
1496 1213 1524 1263 6
1553 1210 1773 1281 άληθῶς

204 1298 301 1349 τοῦ
330 1296 466 1351 Θεοῦ
500 1298 809 1369 ἄνθρωπος,
843 1301 873 1352 6
900 1300 1079 1369 τίμιος
1099 1301 1167 1370 τῇ
1188 1300 1334 1371 ψυχῇ
1358 1302 1452 1354 καὶ
1482 1300 1561 1370 τῷ
1595 1300 1774 1371 σῶμα·

205 1411 281 1458 τι,
315 1395 343 1446 6
383 1394 473 1446 τὸν
521 1395 807 1465 ἀκτήμονα
843 1393 957 1464 βίον
1000 1394 1262 1465 ποθήσας,
1292 1396 1388 1448 καὶ
1441 1396 1613 1463 μόνην
1672 1394 1769 1466 τὴν

204 1484 303 1538 τοῦ
332 1484 568 1555 Χριστοῦ
594 1485 776 1537 εἰκόνα
808 1485 902 1537 καὶ
927 1487 1025 1555 τῆς
1050 1485 1255 1553 μητρὸς
1287 1485 1453 1539 αὑτοῦ
1490 1488 1571 1547 εἰς
1599 1485 1771 1553 φυλα-

205 1575 432 1644 κτήριον
462 1574 772 1644 κατασχὼν,
810 1576 838 1626 6
884 1576 965 1638 είς
994 1574 1128 1627 Θεὸν
1173 1577 1507 1645 πλουτήσας,
1546 1578 1773 1645 καὶτῆς

206 1663 537 1726 πολυτελοῦς
600 1663 960 1729 καταξιωθεὶς
1022 1664 1243 1733 χάριτος
1275 1705 1290 1729 ,
1361 1659 1514 1727 οὗτος
1577 1665 1762 1718 λαϐὼν

202 1769 282 1804 πα
291 1743 452 1822 ρευθὺ
470 1753 722 1819 ἐξουσίαν
738 1755 927 1805 πατεῖν
948 1754 1133 1806 ἐπάνω
1161 1754 1340 1822 ὄψεων
1357 1755 1452 1807 καὶ
1471 1758 1768 1826 σκορπίων,

200 1843 301 1894 καὶ
334 1843 425 1894 ἐπὶ
465 1844 646 1897 πᾶσαν
670 1844 769 1914 τὴν
810 1843 1042 1913 δύναμιν
1087 1843 1180 1897 τοῦ
1247 1844 1489 1914 πονηροῦ
1540 1844 1759 1916 ἐχθροῦ,

1244 469 1416 528 νιΤΑ
1450 470 1510 529 S.
1551 470 1925 533 STEPHANI
1980 474 2356 536 JUNIORIS.

213 572 397 626 αὐτοῦ
454 573 684 642 ὑπάρχει
744 575 777 626 ό
825 572 989 638 Θεός.
1045 574 1151 625 Καὶ
1204 574 1394 644 μηδεὶς
1450 578 1773 639 ἀπιστείτω,
1807 587 1849 638 Α

3304 476 3442 540 “50

1879 576 2045 634 Nemo
2082 597 2265 649 porro,
2300 582 2517 643 fratres,
2575 579 2734 634 ﬁdem
2772 580 2859 635 hic
2905 581 3168 637 adhibere
3198 584 3430 648 dubitet.

1875 671 2105 726 maxime
2153 687 2276 726 cum
2325 672 2581 725 Dominus
2631 672 2817 726 dicat:
2868 670 2977 737 Qui
3030 672 3200 726 credit
3240 690 3298 727 ut
3328 692 3426 736 me.

1871 776 2026 828 opera
2051 778 2168 832 qua
2200 778 2293 831 ego
2319 762 2480 831 facio,
2508 771 2557 817 et
2589 764 2697 830 ipse
2732 763 2913 829 faciet,
2939 774 2986 818 et
3013 765 3226 833 majora
3252 767 3440 820 horam

1872 848 2027 917 faciet
2053 848 2120 910 ⁷³,
2144 864 2249 902 non
2279 854 2494 917 propria
2528 851 2728 905 virtute
2773 851 3091 906 beneﬁcium
3130 869 3198 908 ex
3230 868 3289 909 se
3315 863 3439 908 tan-

1872 953 2032 1006 quam
2067 954 2132 991 ex
2177 938 2321 992 fonte
2344 938 2647 1005 eﬂ‘undens,
2687 941 2781 995 sed
2815 957 2936 996 meo
2967 946 3184 998 nomine
3215 955 3271 1001 et
3296 961 3414 1000 mea

1872 1028 2228 1097 appellatione
2287 1027 2567 1099 Siquidem
2593 1046 2691 1101 ego
2743 1033 2860 1100 ipse
2894 1049 3014 1088 sum
3044 1038 3135 1103 qui
3164 1038 3346 1091 omnia
3383 1040 3438 1091 in

1872 1121 2122 1174 omnibus
2152 1122 2367 1189 prepria
2399 1137 2514 1175 mea
2541 1132 2826 1190 potestate,
2861 1132 3118 1193 tanquam
3142 1124 3425 1190 Dominus.

1872 1209 2063 1264 ellicio.
2095 1210 2277 1279 Itaque
2311 1226 2536 1281 magnus
2567 1211 2729 1266 Pater
2768 1222 2953 1267 noster
2984 1212 3320 1283 Stephanus,
3352 1230 3439 1269 re-

1874 1313 1998 1353 vera
2030 1298 2191 1352 homo
2226 1297 2341 1362 Dei,
2376 1301 2552 1352 anima
2583 1309 2639 1354 et
2667 1313 2894 1367 corpore
2925 1302 3265 1356 venerandus
3285 1341 3302 1367 ,
3344 1302 3437 1371 qui

1874 1389 2130 1459 pauperis
2152 1389 2273 1443 vitae
2311 1390 2579 1443 desiderio
2609 1392 2913 1456 tenebatur,
2940 1402 2995 1445 et
3014 1392 3185 1445 solam
3220 1392 3429 1447 Christi

1873 1479 2095 1549 ejusque
2144 1480 2335 1533 matris
2378 1481 2663 1549 imaginem
2693 1480 2747 1533 in
2779 1481 2859 1534 sui
2888 1483 3192 1535 custodiam
3228 1484 3434 1537 retine-

1873 1570 1983 1633 bat,
2009 1570 2097 1639 qui
2126 1569 2424 1624 secundum
2474 1571 2639 1624 Deum
2680 1569 2835 1624 dives
2882 1572 3278 1641 magniﬁcaque
3310 1588 3436 1641 gra-

1876 1663 1944 1715 tia
1972 1672 2198 1717 ornatus
2228 1672 2347 1715 erat
2378 1678 2391 1713 :
2428 1662 2563 1731 ipse,
2596 1664 2834 1733 inqttam,
2871 1677 2992 1716 mox
3020 1674 3240 1731 accepta
3278 1672 3438 1734 pote-

1873 1765 2013 1809 state
2042 1765 2325 1821 serpentes
2354 1761 2408 1806 et
2461 1755 2800 1822 scorpiones,
2849 1766 3178 1822 omnemque
3221 1755 3439 1824 maligni

1875 1845 2079 1899 inimici
2134 1846 2393 1897 virtutem
2430 1842 2695 1906 calcandi,
2731 1858 2794 1895 ac
2841 1856 3060 1897 omnem
3098 1843 3345 1900 morbum
3382 1854 3439 1900 et

198 1933 530 2003 θεραπεύειν
568 1951 631 1987 res
681 1936 864 1988 πᾶσαν
915 1935 1070 1988 νόσον
1113 1936 1208 1987 καὶ
1247 1936 1431 1987 πᾶσαν
1468 1935 1766 2004 μαλακίαν,

1881 1935 2194 2003 languorem
2222 1933 2468 1998 curandi,
2499 1933 2816 1987 admiranda
2851 1932 3064 1987 mirifici
3112 1935 3204 1989 Dei
3241 1951 3434 2004 opera,

194 2022 403 2088 ἔδειξεν
429 2027 560 2095 ἡμῖν
606 2025 675 2078 τὰ
704 2025 798 2078 τοῦ
830 2024 1264 2097 παραδοξοποιοῦ
1298 2026 1433 2080 Θεοῦ
1467 2027 1770 2095 θαυμάσια,

192 2115 301 2186 τὴν
326 2116 557 2186 ἄφθονον
589 2117 771 2188 χάριν,
796 2117 894 2188 τὴν
925 2117 1199 2189 βρύουσαν
1245 2118 1448 2189 πηγὴν,
1492 2119 1560 2170 τὰ
1592 2118 1775 2190 μελίῤ⁸

190 2209 337 2281 ρντα
367 2207 602 2279 νάματα.
636 2208 827 2281 Τούτῳ
846 2213 954 2280 γάρ
983 2228 1113 2264 ποτε
1135 2211 1212 2280 τῷ
1242 2209 1497 2282 μακαρίῳ
1519 2210 1775 2282 Στεφάνῳ

187 2302 400 2371 τυφλός
421 2319 523 2367 τις,
560 2302 703 2356 κατά
731 2304 823 2355 τὸν
855 2304 919 2357 ἐκ
953 2303 1184 2371 γενετῆς
1224 2303 1449 2370 τυφλὸν,
1499 2305 1774 2372 προσέπε-

186 2410 293 2447 σεν
319 2395 375 2445 ὲν
404 2395 471 2464 τῇ
503 2393 653 2464 νήσῳ
686 2393 906 2464 κράζων
933 2411 946 2424 ’
998 2391 1163 2446 Δοῦλε
1205 2390 1301 2445 τοῦ
1346 2390 1483 2444 Θεοῦ
1516 2390 1610 2445 τοῦ
1651 2392 1776 2462 ὑψί-

190 2503 351 2550 στου,
393 2485 658 2553 Στέφανε,
686 2485 839 2539 ίασαί
878 2502 980 2555 μου
1011 2486 1141 2547 τοὺς
1180 2482 1519 2549 ὀφθαλμοὺς,
1560 2483 1772 2550 ἄνοιξον

186 2596 307 2648 μου
334 2579 432 2649 τὴν
478 2579 754 2647 πήρωσιν,
790 2577 885 2632 καὶ
928 2575 1164 2647 φὼτισόν
1215 2593 1282 2647 με
1313 2575 1405 2628 τὸν
1444 2576 1775 2646 ὲσκοτισμέ-

190 2686 288 2720 νον
312 2686 327 2698 σ
359 2668 529 2728 εἷπως
559 2668 646 2720 διὰ
671 2666 768 2719 σοῦ
799 2666 899 2737 τὴν
951 2667 1061 2719 τῶν
1095 2664 1392 2735 ὁρωμένων
1435 2664 1773 2735 θεασάμενος

182 2760 468 2829 ἁρμονίαν
494 2775 553 2811 τε
580 2759 674 2811 καὶ
704 2760 983 2823 σύστασιν,
1029 2758 1125 2811 καὶ
1178 2756 1468 2827 θαυμάσας
1501 2758 1686 2811 αὐτῶν
1712 2758 1775 2811 τὸ

183 2851 497 2919 ἐξαίρετον,
530 2849 756 2919 ὑμνήσω
785 2849 875 2901 διὰ
920 2846 1031 2900 τῶν
1065 2845 1385 2914 κτισμάτων
1422 2846 1512 2899 τὸν
1542 2847 1774 2899 Κτίσαν-

182 2958 278 2994 τα.
359 2939 562 2992 Τοῦτον
621 2941 650 2991 6
723 2938 999 3008 μακάριος
1060 2936 1331 3003 Στέφανος
1381 2934 1531 2997 ἰδὼν,
1583 2933 1774 2997 δεινῶς

184 3031 298 3099 μὲν
339 3028 443 3082 ὑπὸ
465 3028 561 3082 τοῦ
588 3028 755 3096 ζόφου
788 3028 869 3090 είς
911 3024 1177 3094 ἁϐλεψίαν
1230 3023 1654 3095 άμαυρωθὲντα,
1685 3024 1774 3077 πί-

183 3142 319 3177 στιν
352 3124 406 3176 δὲ
437 3122 632 3191 ἔχοντα
660 3121 760 3192 τὴν
781 3120 884 3190 ὅρη
917 3118 1179 3172 ποιοῦσαν
1214 3116 1598 3184 μεθίστασθαι,
1632 3116 1771 3186 πρὸς

1873 2026 2147 2094 copiosam
2195 2026 2450 2095 gratiam,
2501 2025 2890 2080 scaturientem
2940 2023 3182 2091 fontem,
3230 2024 3430 2081 ﬂuenta

1876 2118 2125 2173 mellillua
2171 2119 2324 2170 nobis
2356 2118 2623 2170 ostendit.
2669 2114 2895 2182 Quidam
2934 2117 3081 2171 enim
3104 2118 3442 2174 czecusillius

1873 2206 2066 2262 similis
2091 2209 2183 2276 qui
2213 2223 2240 2259 a
2272 2208 2549 2261 nativitate
2574 2208 2814 2261 caicus"
2839 2208 3037 2272 fuerat,
3069 2207 3120 2261 in
3146 2207 3232 2261 illa
3265 2208 3440 2263 insula

1872 2300 2005 2352 seatl
2028 2298 2437 2366 beatiStephani
2462 2314 2637 2367 genua
2677 2297 2909 2367 projecit
2931 2299 3174 2353 clamans
3212 2317 3226 2353 :
3269 2300 3440 2356 Serve

1874 2391 1966 2444 Dei
2003 2390 2272 2451 altissimi.
2298 2388 2468 2461 488
2490 2389 2787 2458 Stepbaue,
2826 2379 3042 2445 medere
3070 2393 3204 2445 meis
3237 2392 3434 2459 oculis,

1873 2483 2019 2550 aperi
2066 2498 2241 2537 meam
2289 2486 2607 2545 cal'citalem,
2656 2496 2850 2551 meque
2898 2483 3139 2537 tenebris
3198 2483 3433 2540 offusum

1872 2573 2140 2632 illumina,
2181 2583 2239 2623 ttt
2272 2580 2443 2641 perte
2484 2585 2660 2622 rerum
2705 2584 2826 2639 qua:
2874 2579 3171 2623 cernuntur
3202 2585 3439 2627 concen-

1875 2673 1987 2717 tum
2018 2673 2072 2716 et
2094 2661 2559 2716 constructionem
2604 2660 3021 2727 contemplatus,
3067 2663 3433 2732 eximiamque

1872 2768 2059 2806 earum
2112 2752 2568 2820 pulchritudinem
2606 2752 2928 2814 admiratus,
2961 2767 3057 2819 per
3090 2768 3177 2807 res
3212 2762 3428 2808 creatas

1871 2842 2181 2898 Creatorem
2222 2842 2455 2897 laudem.
2496 2841 2647 2895 llunc
2700 2857 2822 2895 cum
2882 2844 3071 2897 beatus
3118 2843 3440 2911 Stephanus

1871 2937 2020 3005 gravi
2051 2936 2269 3005 quidem
2300 2935 2544 2987 czecitate
2577 2935 2925 2986 obscuratum
2950 2945 3220 2998 cerneret,
3248 2934 3343 2989 sed
3374 2949 3436 2988 ea

1876 3028 1978 3081 ﬁde
2012 3027 2318 3095 praeditum,
2346 3039 2466 3093 qua:
2494 3033 2706 3078 montes
2739 3024 3016 3086 transfert,
3040 3024 3089 3078 ei
3122 3025 3435 3093 respondit:

1868 3119 2009 3187 Quid
2076 3119 2139 3171 ad
2198 3133 2306 3180 me,
2364 3118 2711 3181 adolescens,
2764 3118 2999 3178 accedis,
3060 3126 3120 3168 ιιι
3179 3130 3265 3180 ea,
3310 3132 3435 3185 quae

178 3216 367 3269 αὐτὸν
418 3214 753 3286 ἀπεκρίνατο
783 3229 798 3244 ·
852 3211 918 3263 Τί
964 3228 1098 3279 μοι,
1158 3209 1365 3273 νεανία,
1408 3208 1667 3278 προσιὼν,
1702 3208 1769 3261 τὰ

1873 3226 2034 3279 supra
2064 3226 2147 3262 me
2174 3221 2321 3271 sunt,
2351 3227 2378 3260 a
2406 3223 2489 3261 me
2526 3211 2621 3262 tibi
2653 3208 2827 3261 danda
2862 3223 3076 3278 (pueras
3097 3208 3121 3259 ἵ
3143 3207 3285 3274 Quid
3324 3209 3434 3262 vir-

177 3310 345 3375 ὑπὲρ
382 3307 480 3375 ἐμὲ
506 3306 704 3359 διδόναι
757 3321 841 3357 σοι
875 3301 1186 3372 ὲπιζητεῖς;
1233 3301 1298 3352 Τί
1332 3300 1442 3352 τῶν
1470 3298 1680 3368 ἀρετῶν
1710 3300 1769 3350 ὲν

177 3401 325 3466 ἐμοὶ
358 3398 715 3467 θεασάμενος,
743 3393 953 3463 ταύτην
993 3392 1125 3461 παρ’
1154 3390 1287 3460 ἐμοῦ
1320 3389 1529 3450 λαϐεῖν,
1562 3389 1771 3459 ἄνθρωο

177 3506 281 3549 τε,
327 3487 426 3555 τὴν
455 3485 755 3553 θεραπείαν
783 3484 974 3545 αἰτεῖς,
1012 3482 1080 3551 ἣν
1115 3482 1276 3549 μόνος
1310 3482 1337 3532 ό
1392 3479 1633 3548 Κτίστης
1674 3478 1771 3530 καὶ

172 3579 304 3629 τῶν
346 3577 482 3629 ὅλων
535 3575 688 3638 Θεὸς,
731 3572 861 3626 ἔνθα
909 3573 1004 3626 καὶ
1049 3573 1183 3624 ὅπου
1243 3571 1336 3624 καὶ
1380 3565 1462 3632 οἷς
1497 3569 1767 3639 βούλεται,

172 3667 485 3736 διανέμει;
538 3666 709 3735 Τίμή
749 3665 883 3734 πρὸς
943 3665 1149 3717 ἐκεῖνον
1198 3661 1529 3731 άνέδραμες;
1586 3662 1649 3713 Τί
1678 3661 1768 3714 τὸν

174 3760 446 3827 κτίστην
495 3757 675 3825 ἀφεὶς,
733 3756 872 3825 πρὸς
902 3754 963 3806 τὸ
993 3752 1199 3822 κτίσμα
1231 3752 1528 3819 ἐλήλυθας
1580 3752 1645 3803 Τί
1677 3752 1769 3803 τὸν

171 3853 208 3899 Δ
228 3851 480 3915 εσπότην
511 3842 849 3906 καταλιπὼν,
881 3842 1014 3911 πρὸς
1044 3842 1135 3893 τὸν
1157 3841 1343 3893 δοῦλον
1378 3838 1676 3901 κατέλαϐες
1705 3850 1766 3902 ος

166 3943 285 3990 οὐκ
343 3932 511 3995 οἶδας.
543 3937 621 3988 ὅτι
654 3936 806 4003 κοινῇ
838 3933 1042 3993 πάντες
1064 3931 1163 3999 τῆς
1198 3930 1410 3982 ἐκείνου
1448 3927 1770 3997 συμμαχίας

168 4030 191 4077 ἑ
210 4029 363 4094 agt»
400 4024 635 4089 ὲνδεεῖς;
662 4026 763 4076 οὐκ
785 4019 956 4086 οἶδας,
985 4022 1070 4073 ὅτι
1105 4019 1202 4071 καὶ
1230 4019 1392 4080 αὐτὸς
1417 4016 1529 4085 ἐγὼ
1558 4017 1770 4088 ἄνθρω-

167 4119 287 4179 πός
329 4122 452 4182 εἰμι
490 4116 564 4176 ὡς
598 4116 691 4167 καὶ
737 4113 835 4176 σύ;
876 4113 928 4165 τί
978 4108 1070 4164 οῦν
1121 4110 1305 4180 ζητεῖς
1334 4109 1481 4178 άπερ
1528 4108 1675 4178 ἔχειν
1706 4111 1767 4162 ού

164 4212 473 4278 δύ-οιαμαιξ
527 4207 581 4258 τί
622 4206 879 4274 τοιαύτης
910 4204 1085 4266 θέλεις
1134 4220 1200 4273 με
1231 4203 1388 4255 νόσου
1424 4200 1769 4272 θεραπευτὴν

163 4318 239 4369 γε
252 4300 477 4359 νέσθαι,
507 4294 575 4369 ἦς
601 4297 662 4351 τὸ
688 4294 951 4348 δύνασθαι
994 4295 1158 4364 μόνος
1191 4295 1399 4355 ἐκεῖνος
1429 4293 1547 4363 ἔχει
1579 4294 1641 4346 τὸ
1669 4294 1768 4345 6w-

166 4388 479 4460 ρήσασθαι
515 4387 613 4454 τὴν
646 4386 812 4452 ἴασιν,
841 4386 869 4436 6
923 4386 1018 4437 καὶ
1053 4385 1183 4454 πρὶν
1241 4386 1334 4436 τὸν
1367 4384 1566 4453 τυφλὸν
1608 4386 1768 4438 ίασά-

164 4496 396 4551 μενος;
448 4477 672 4539 Τούτοις
702 4476 802 4547 μὲν
839 4476 935 4529 τοῦ
965 4475 1115 4528 ὁσίου
1143 4478 1260 4540 τοῖς
1294 4478 1535 4546 ῥήμασιν
1563 4478 1768 4530 ἀποσο-

1876 3301 2004 3353 tntis
2036 3301 2086 3353 in
2120 3316 2205 3353 me
2226 3303 2591 3368 conspicatus,
2622 3299 2764 3351 illam
2797 3314 2825 3350 a
2857 3314 2962 3362 me,
2999 3316 3031 3352 ο
3058 3301 3239 3360 homo,
3270 3313 3433 3352 sana-

1875 3395 2073 3441 tionem
2105 3391 2303 3455 poscis,
2336 3406 2497 3457 quam
2533 3391 2680 3444 solus
2701 3389 2933 3443 Greater
2959 3400 3013 3442 et
3044 3390 3423 3442 universorum

1876 3479 2038 3541 Deus,
2080 3480 2166 3531 tibi
2194 3492 2246 3532 et
2284 3481 2479 3547 quibus
2514 3480 2741 3533 voluerit
2766 3480 3034 3548 largitur?
3086 3478 3197 3531 Cur
3227 3495 3329 3531 nou
3365 3479 3433 3532 ad

1874 3569 2016 3621 ihum
2046 3569 2365 3621 aeeurristi?
2394 3571 2521 3628 Cur,
2555 3570 2777 3620 dimisso
2807 3566 3090 3629 Creatore,
3123 3568 3187 3618 ad
3214 3574 3432 3619 creatu—

1875 3674 1985 3709 ram
2024 3656 2254 3710 venisti?
2282 3656 2416 3719 Cur,
2454 3657 2681 3709 Domino
2721 3656 2927 3715 relicto,
2961 3670 3177 3707 servum
3208 3652 3436 3707 adiisti?

1870 3750 1952 3801 Au
1990 3750 2166 3802 tte-.eis
2198 3764 2295 3801 nos
2323 3764 2513 3803 omnes
2548 3749 2800 3800 universe
2834 3747 2952 3812 eius
2986 3747 3188 3799 auxilio
3224 3746 3432 3814 indige-

1873 3843 1969 3896 re?
2007 3842 2109 3894 .Au
2168 3842 2344 3895 nescis
2378 3848 2518 3910 quod
2553 3856 2653 3909 ego
2706 3844 2866 3894 homo
2923 3855 3063 3915 sum,
3135 3848 3190 3890 ut
3250 3846 3305 3891 et
3346 3836 3436 3889 tu?

1871 3935 1998 4002 quid
2038 3935 2199 4001 igitur
2227 3935 2423 4001 quaeris
2462 3948 2580 4001 quae
2611 3934 2811 3985 habere
2868 3947 2969 3983 non
3007 3945 3223 3996 possunt
3248 3930 3272 3983 2
3298 3930 3426 3996 quid

1874 4038 1959 4077 me
2008 4024 2163 4090 hujus
2207 4022 2379 4075 morbi
2422 4023 2503 4075 vis
2530 4037 2649 4075 esse
2712 4022 3000 4081 medicum,
3048 4021 3133 4073 cui
3164 4019 3311 4072 solus
3345 4018 3437 4071 ille

1874 4116 2164 4169 remedium
2195 4116 2390 4167 afferre
2443 4114 2749 4183 potest,qni
2797 4130 2995 4166 carrum
3048 4111 3438 4167 olimsanavit?
3480 4160 3484 4166 λ

1873 4205 2032 4259 llisce
2070 4214 2254 4259 sancto
2278 4206 2553 4273 Stephano
2600 4206 2776 4257 verbis
2807 4203 3200 4257 adolescentem
3237 4203 3432 4255 leniter

1871 4299 2144 4367 rejiciente
2189 4308 2243 4352 et
2286 4299 2439 4367 quasi
2488 4296 2656 4368 489
2713 4298 3009 4349 mansuetis
3065 4296 3433 4349 sermonibus
3470 4302 3475 4305 ‘

1870 4390 2119 4459 abigente
2147 4429 2163 4456 ,
2229 4390 2460 4442 instabat
2518 4389 2604 4441 ille
2648 4389 2876 4451 iterum,
2919 4396 2971 4439 et
3017 4387 3249 4455 priscum
3289 4385 3457 4442 illum.

1874 4496 2074 4535 cazcum
2112 4481 2376 4542 imitatus,
2425 4495 2616 4548 magna
2648 4492 2781 4532 voce
2826 4479 3050 4547 supplex
3106 4478 3379 4531 clamabat
3419 4494 3434 4530 :

160 4571 426 4631 ϐοῦντος
482 4569 665 4638 ἠρέμα
722 4568 813 4620 τὸν
870 4567 1127 4633 νεανίαν,
1198 4568 1293 4619 καὶ
1348 4568 1607 4636 χρηστοῖς
1679 4562 1768 4620 οἶα

1873 4570 2129 4625 Miserere
2180 4570 2315 4633 mei,
2357 4586 2391 4624 ο
2440 4585 2696 4639 germane
2746 4569 2837 4621 Dei
2890 4582 3048 4621 serve
3079 4606 3095 4630 ,
3137 4568 3435 4637 Stephane.

160 4664 381 4731 λόγοις
435 4659 598 4711 αὐτὸν
640 4657 1022 4722 ὲκδιὼκοντος,
1070 4658 1281 4719 ἐκεῖνος
1326 4652 1484 4717 αὖθις
1518 4656 1768 4709 ἐνίστατο

157 4756 275 4808 καὶ
317 4756 420 4805 τὸν
450 4752 576 4818 πρὶν
614 4749 815 4816 τυφλὸν
853 4748 1287 4818 ἐκμιμούμενος,
1349 4747 1566 4817 μεγαλα
1600 4746 1765 4815 βοῶν,

155 4846 394 4900 τοῦτον
448 4841 825 4900 καθικέτευεν,
875 4840 1131 4908 Ἐλέησόν
1189 4856 1279 4910 με,
1325 4839 1527 4906 λέγων,
1556 4832 1601 4890 ὦ
1634 4840 1769 4907 γνή-

156 4952 257 4990 σιε
319 4931 425 4986 τοῦ
458 4930 595 4983 Θεοῦ
640 4930 882 5001 θεράπον
937 4930 1213 4996 Στέφανεο
1247 4930 1331 4981 σοὶ
1387 4929 1498 4998 γὰρ
1566 4929 1769 4997 ταύτην

156 5029 411 5086 ἰκεῖνος
442 5024 540 5092 τὴν
591 5025 751 5093 χάριν
803 5020 1129 5092 δεδώρηται,
1174 5022 1267 5074 καὶ
1298 5021 1386 5073 διὰ
1434 5020 1528 5073 σοῦ
1564 5039 1653 5089 μοι
1704 5023 1766 5073 τὸ

152 5120 300 5191 φῶς
333 5118 406 5170 τὸ
428 5115 683 5183 ἀληθινὸν
702 5117 802 5183 τὴν
831 5115 1006 5184 αὐγὴν
1024 5115 1300 5181 δωριεῖται
1319 5113 1426 5165 τῶν
1443 5113 1763 5183 ὀφθαλμῶν.

170 5210 376 5265 ’Δλλὰ
415 5206 491 5277 μὴ
519 5206 664 5273 ὄκνῳ
723 5206 821 5276 τὴν
872 5205 1190 5276 παρρησίαν
1236 5203 1553 5274 ὰμϐλύνῃς,
1589 5206 1766 5273 μακά-

150 5320 288 5376 ριε,
360 5298 503 5368 μηδὲ
540 5297 777 5366 ἀναϐολῇ
825 5296 925 5366 τὴν
979 5296 1186 5367 δωρεὰν
1237 5295 1591 5365 ὑπερτίθεσο,
1633 5294 1768 5363 μηδὲ

150 5393 407 5463 νεφέλῃ
453 5388 698 5458 καλύψης
734 5389 823 5439 τὸν
854 5388 1005 5457 ἥλιον
1027 5404 1040 5417 ⁸
1096 5387 1212 5440 ἀλλ’
1241 5385 1362 5439 ίδὼν
1388 5403 1490 5451 μου
1525 5386 1624 5457 τὴν
1669 5389 1769 5438 κά-

136 5500 397 5545 πωσιν,
435 5482 716 5549 παράσχου
744 5481 842 5546 τὴν
868 5481 1039 5532 ἴασιν·
1085 5480 1362 5550 μετρήσας
1394 5494 1498 5547 μου
1532 5477 1630 5547 τὴν
1668 5479 1760 5531 πί-

235 5639 294 5673 ⁷⁸
334 5634 502 5691 Joan.
542 5651 625 5689 xlv
686 5633 765 5686 l2.
851 5636 894 5666 τ’
938 5625 1093 5682 πίθον.
1124 5643 1196 5701 ix,
1228 5627 1279 5688 1,

1874 4663 2086 4717 Etenim
2148 4663 2285 4715 hanc
2326 4661 2419 4714 tibi
2492 4660 2577 4712 ille
2632 4662 2861 4729 gratiam
2914 4659 3155 4722 donavit,
3196 4659 3438 4726 mihique

1872 4768 1966 4822 per
1985 4764 2034 4806 te
2058 4753 2143 4805 Inx
2174 4768 2295 4805 vera
2313 4751 2595 4805 oculorum
2629 4748 2806 4804 lumen
2833 4751 3058 4804 daturus
3075 4761 3178 4805 est.
3210 4748 3433 4815 Verum,

1878 4857 1945 4896 ne
1982 4858 2154 4896 meum
2185 4842 2432 4895 ﬁduciam
2486 4856 2634 4893 mora
2680 4842 2943 4899 obtunde.
2974 4856 3006 4894 0
3048 4842 3228 4903 beate,
3259 4857 3433 4910 neque

1877 4934 2358 5003 procrastinatione
2380 4935 2577 4986 donmn
2609 4931 2783 4995 diﬂ‘er.
2823 4948 2994 5003 neque
3021 4936 3214 4986 nebula
3267 4936 3434 4987 solem

1876 5026 2145 5079 absenttde
2178 5043 2191 5078 :
2225 5026 2316 5077 sed
2358 5039 2528 5077 meum
2588 5022 2929 5078 aﬂlictionem
2981 5023 3235 5084 intuitus,
3262 5024 3439 5090 praebe

1872 5117 2230 5170 sanationem.
2265 5116 2395 5170 Fide
2419 5131 2536 5169 mea
2571 5131 2808 5184 expenSa
2828 5117 2892 5167 (Ia
2922 5118 3176 5183 gratiam.
3203 5113 3435 5169 Trutina

1874 5222 2050 5261 meum
2110 5223 2347 5261 amorem
2401 5207 2730 5275 ponderans,
2784 5220 2915 5258 sana
2975 5206 3239 5260 laborem.
3289 5204 3429 5272 Quid

1869 5314 2001 5365 ergo
2029 5299 2364 5351 venerandus
2384 5296 2733 5365 Stephanus?
2757 5296 2954 5361 llabes,
2988 5299 3184 5365 inquit,
3220 5296 3375 5349 iidem
3400 5296 3423 5349 ?

1873 5388 2070 5442 Cltt'is‘ti
2094 5391 2317 5458 ejusque
2340 5387 2525 5442 Matris
2550 5398 2604 5442 et
2633 5400 2943 5442 sanctorum
2971 5388 3237 5458 imagines
3260 5387 3436 5441 colis!

1876 5480 2064 5534 Credis
2099 5483 2202 5535 Deo
2244 5482 2404 5535 etiam
2432 5496 2527 5551 per
2570 5481 2832 5550 imagines
2881 5484 3123 5548 sananti,
3164 5492 3224 5534 ut
3260 5496 3435 5553 quon-

1489 5724 1721 5780 VA".le
1762 5724 2157 5779 LECTIONES.

242 5880 271 5906 ε
314 5866 421 5917 τε.
460 5859 776 5919 κατίεσὶές.
