4196 6436
216 401 344 467 ἰ157

1291 403 1465 463 γιΤΑ
1504 404 1565 462 S.
1597 403 1973 465 STEPHANI
2014 407 2392 467 JUNIORIS.

3323 412 3457 479 1153

209 517 645 588 ἀποκρινομένου
664 559 680 584 ,
713 518 849 572 ἀλλὰ
871 517 1085 590 χαμάζε
1116 517 1437 588 κεκυφότος,
1468 521 1495 572 6
1525 518 1786 589 τύραννος
1818 524 1860 579 Α

1818 520 2064 579 Acunde
2121 523 2382 586 intuitus,
2439 523 2765 591 sanguineos
2816 524 3000 579 oculos
3055 535 3450 595 contorquens.

213 609 348 679 πρὸς
368 610 529 662 αὐτὸν
548 609 782 681 ὀργίλως
809 610 1030 675 ἐπιδιίλν,
1056 611 1315 681 ἐναίμους
1342 628 1404 663 τε
1435 612 1559 674 τοὺς
1584 611 1784 678 όιρθαλ⁴

215 703 349 770 μους
384 703 726 771 συνταράξας
751 743 766 765 ,
795 702 893 755 καὶ
930 702 1189 773 αἰθερίως
1221 701 1321 773 τὴν
1364 706 1526 773 χεῖρα
1559 719 1788 772 περιγυ-

216 792 375 862 ρίσας
399 799 447 855 ο,
468 791 850 860 δρακοντιαῐόν
880 808 939 844 τε
968 792 1178 860 συριεὶς
1215 793 1362 862 μέγα
1405 789 1558 845 εἶπεν
1578 807 1590 821 ⁸
1631 793 1786 860 Ἐμοὶ

209 883 312 934 οὐκ
350 882 646 952 ἀποκρίνῃ,
686 883 1008 953 μιαρωτάτη
1039 883 1280 954 κεφαλή;
1323 883 1382 936 '0
1407 883 1464 936 δὲ
1495 883 1652 952 ἅγιος
1680 883 1784 954 ἔφη

214 973 350 1042 πρὸς
375 974 558 1025 αὐτόν’
598 973 852 1036 Βασιλεῦ,
883 975 932 1026 εἰ
961 974 1348 1036 καταδικάζειν
1381 975 1574 1039 Θέλεις,
1607 977 1782 1046 τιμώο

201 1066 367 1135 ρησαί
384 1079 473 1134 με’
492 1064 619 1116 εἰδὲ
653 1066 937 1136 ἐπερωτᾷν
958 1105 972 1129 ,
1008 1067 1335 1136 μετρησάτω
1374 1083 1468 1119 σου
1499 1068 1588 1121 τὸν
1616 1067 1787 1138 θυμὸν

213 1154 248 1222 ή
280 1154 546 1223 πραότης.
577 1153 763 1217 Οὕτως
794 1156 904 1226 γὰρ
923 1155 1167 1220 δικάζειν
1196 1158 1323 1220 τοὺς
1346 1159 1537 1228 κριτὰς
1559 1161 1611 1211 οἰ
1634 1159 1786 1226 νόμοι

213 1243 550 1298 κελεύουσιν.
580 1245 638 1298 ὐ
666 1245 722 1298 δὲ
752 1246 1031 1315 βασιλεὺς,
1065 1247 1224 1313 Εἰπὲ,
1253 1250 1434 1318 φησιν,
1467 1249 1610 1303 τίσιν
1637 1251 1788 1321 ὅροις

213 1335 308 1387 καὶ
348 1339 645 1406 πατρικαῖς
677 1337 915 1400 ἐντολαῖς
947 1338 1024 1408 μὴ
1071 1339 1474 1409 ύποκύψαντες,
1508 1343 1786 1412 αἰρετικῆς

213 1426 540 1496 ὑπολήψεως
575 1427 866 1498 ὑπόκρισιν
910 1429 1066 1499 ἔχειν·
1087 1433 1238 1502 παρὰ
1268 1434 1352 1486 σοὶ
1381 1434 1784 1503 νενομίσμεθα;

227 1516 286 1569 Ὀ
306 1519 456 1584 am;
474 1513 650 1572 εἶπενο
676 1520 785 1590 Τὴν
805 1521 867 1572 ἐκ
891 1520 1168 1590 πρόπαλαι
1186 1522 1512 1594 περιοδικῶς
1530 1525 1636 1577 ὑπὸ
1653 1525 1786 1578 πάν-

211 1624 322 1660 των
359 1611 613 1679 Πατέρων
641 1610 928 1680 δεχθεῖσαν
958 1614 1053 1666 καί⁵
1087 1615 1557 1686 προσκυνηθεῖσαν
1589 1617 1786 1668 εἰκονι-

213 1699 320 1768 κὴν
356 1699 796 1771 στηλογραφίαν,
831 1703 900 1774 ὴν
929 1705 1149 1774 ἀνόμως
1193 1707 1306 1758 τῶν
1352 1707 1660 1777 ἐκκλησιῶν
1697 1707 1786 1772 ἐξ·

212 1791 548 1860 εποιήσασθε
571 1833 585 1856 ,
613 1793 820 1863 ταύτην
852 1794 1226 1863 ἐξορύξαντες.
1260 1798 1370 1851 Kal
1413 1799 1442 1851 6
1493 1798 1742 1867 βασιλεύς
1768 1816 1784 1832 ·

1890 627 2106 665 manum
2142 628 2235 682 per
2268 629 2448 667 aerem
2487 617 2924 684 circumagitans,
2954 629 3007 672 et
3046 618 3294 683 immani,
3321 623 3450 672 dra-

1887 702 2039 756 conis
2073 701 2280 767 instar,
2311 701 2514 755 emisso
2570 704 2729 757 sibilo
2790 707 2972 758 dixit:
3023 707 3144 760 llihi
3208 722 3313 762 non
3365 723 3451 762 ro-

1887 790 2142 856 spondes,
2175 790 2601 858 impurissimum
2636 794 2838 860 caput?
2869 794 2968 849 Cui
3011 807 3254 863 sanctus,
3275 797 3453 868 Impe-

1886 891 2055 944 rator,
2093 882 2298 950 inquit,
2331 883 2376 936 si
2413 898 2499 937 me
2540 883 2900 940 condemnare
2935 889 2987 941 in
3025 890 3212 944 animo
3245 891 3412 945 habes
3436 933 3450 955 .

1888 983 1974 1022 me
2003 969 2271 1036 supplicio
2297 969 2468 1026 allice.
2503 970 2559 1026 Si
2589 987 2716 1026 vero
2740 988 2827 1027 tne
2854 975 3189 1047 interrogare
3222 977 3314 1032 tibi
3336 980 3452 1048 pla-

1887 1067 1992 1123 cet,
2029 1068 2177 1112 tuum
2212 1063 2453 1114 animum
2493 1073 2755 1132 temperet
2791 1071 3162 1122 mansuetudo.
3193 1068 3284 1124 Sic
3310 1070 3452 1124 enim

1881 1149 2130 1218 judicare
2147 1150 2420 1218 judicibus
2446 1150 2591 1220 leges
2614 1155 2954 1222 praecipiunt.
2979 1156 3111 1209 Tum
3138 1160 3450 1228 imperator.

1890 1240 2007 1306 Dic,
2044 1241 2237 1310 inquit,
2271 1243 2469 1310 quibus
2511 1242 2744 1299 decretis
2788 1247 2870 1300 vel
2909 1246 3127 1301 Patrum
3168 1253 3454 1318 prmceptis

1885 1347 1993 1387 non
2033 1333 2423 1402 obsequentes,
2462 1336 2700 1390 lmretici
2733 1351 2762 1390 a
2811 1347 2859 1390 te
2903 1340 3323 1396 existimamur?
3351 1341 3452 1398 Cui

1885 1433 2106 1478 sanctus
2139 1426 2420 1487 respondit
2458 1443 2470 1478 :
2504 1427 2641 1491 Ouia
2687 1429 2951 1498 imagines
2974 1470 2988 1492 ,
3031 1448 3165 1498 quas
3194 1433 3262 1488 ab
3300 1435 3454 1489 initio

1889 1516 2146 1569 continua
2171 1517 2311 1568 serie
2335 1517 2572 1570 universi
2597 1517 2788 1573 Patres
2806 1525 3225 1590 comprobavere
3245 1532 3298 1578 et
3325 1526 3453 1578 ado-

1889 1620 2103 1670 ravere,
2132 1603 2295 1676 497
2334 1606 2545 1660 nefarie
2577 1608 2646 1661 ab
2690 1609 2938 1666 ecclesiis
2963 1615 3362 1669 exterminastis
3399 1628 3455 1670 et

1886 1700 2186 1753 excidistis.
2222 1700 2284 1752 Et
2312 1700 2647 1766 imperator:
2681 1699 2780 1762 Ne,
2813 1701 3006 1770 inquit,
3041 1704 3324 1772 profanum
3356 1720 3450 1760 (ιι-

1887 1800 2002 1857 put,
2029 1790 2294 1858 imagines
2315 1791 2571 1858 appelles,
2600 1793 2692 1845 sed
2727 1792 2891 1846 idola.
2923 1795 2988 1847 Et
3015 1809 3141 1848 vero
3165 1798 3291 1864 quid
3316 1797 3449 1864 justi

213 1880 308 1952 Μὴ
351 1882 473 1950 λέγε
512 1883 754 1949 ταύτας,
811 1886 1004 1941 ἀνοσία
1050 1889 1301 1960 κεφαλὴ,
1355 1890 1780 1960 στηλογραφίας,
1816 1869 1859 1924 Β

1816 1869 1859 1924 Β
1887 1891 1972 1935 est
2006 1881 2144 1934 idola
2183 1883 2321 1936 inter
2349 1894 2404 1934 et
2433 1893 2653 1937 sanctos
2677 1883 2700 1936 τ
2727 1886 2830 1937 Aut
2857 1903 2975 1955 quia
3003 1889 3222 1942 societas
3249 1890 3352 1944 luci
3382 1892 3451 1944 ad

211 1974 332 2027 ἀλλ’
365 1974 812 2047 εἰδωλογραφίας.
843 1979 954 2031 Καὶ
991 1983 1144 2033 ποῖον
1165 1982 1274 2051 γάρ
1301 1982 1510 2036 δίκαιον
1542 1983 1788 2037 εἰδωλεῖα

215 2064 358 2133 μετὰ
386 2064 590 2133 άγίων;
631 2069 705 2122 ’Ἠ
737 2070 1020 2123 κοινωνία
1052 2073 1145 2137 τίς
1174 2072 1320 2139 φωτί
1350 2073 1500 2140 πρὸς
1520 2075 1787 2138 σκότοςς

211 2156 359 2226 Πρὸς
378 2157 436 2209 ὃν
465 2159 494 2210 6
520 2157 695 2226 ἆγιος·
726 2159 980 2226 Βασιλεῦ,
1009 2163 1133 2232 οὐχὶ
1161 2165 1227 2232 τῇ
1257 2161 1360 2235 ὕλῃ
1386 2165 1436 2215 οἰ
1467 2165 1788 2233 Χριστιανοὶ

209 2248 501 2318 λατρεύειν
532 2252 592 2304 ἐν
623 2252 795 2304 εἰκόσι
825 2253 955 2305 ποτὲ
995 2254 1311 2308 ἐθέσπισανο
1347 2254 1484 2308 ἀλλὰ
1522 2257 1622 2325 τὴν
1657 2257 1788 2328 κλῆ-

213 2356 301 2392 σιν
327 2340 428 2408 τῆς
461 2340 588 2404 θέας
627 2343 1076 2413 προσκυνοῦμεν,
1112 2345 1315 2416 νοερῶς
1358 2349 1437 2410 εἰς
1478 2348 1575 2411 τὰς
1604 2351 1785 2413 αἰτίας

209 2431 324 2483 τῶν
349 2432 721 2501 πρωτοτύπων
748 2434 1096 2503 ἀναγόμενοι.
1129 2436 1238 2488 Kal
1259 2437 1367 2508 γάρ
1393 2439 1481 2491 διὰ
1503 2440 1664 2508 τῆσδε
1686 2440 1785 2508 τῆς

209 2522 459 2590 ὁράσεως
507 2523 568 2576 τὺ
616 2525 944 2594 ἡγεμονικὸν
989 2517 1364 2598 διηπλῶμένον
1403 2531 1512 2592 τοῖς
1552 2531 1785 2598 δόγμασι

210 2617 310 2666 καὶ
352 2614 431 2684 τῷ
467 2616 654 2685 σκοπῷ
687 2617 788 2686 τῆς
815 2617 1133 2685 εύσεὸεἰας,
1169 2621 1306 2690 πρὸς
1347 2621 1447 2684 τὰς
1479 2623 1688 2692 ὑψηλάς
1727 2641 1786 2676 τε

211 2705 312 2758 καὶ
342 2708 858 2777 μετεωροπορούσας
898 2709 1008 2762 τῶν
1052 2711 1300 2780 οὐρανῶν
1328 2714 1534 2784 σκηνάς
1555 2756 1568 2778 ,
1602 2717 1681 2777 εἰς
1728 2716 1789 2768 τὸ

211 2795 478 2850 δύνασθαι
501 2797 578 2867 τῷ
607 2798 828 2868 μεγέθει
858 2799 969 2852 τῶν
990 2801 1246 2854 τοιούτων
1271 2805 1573 2858 ἐννοσεύειν
1597 2816 1623 2854 P
1648 2807 1790 2875 ἐφιέ-

217 2888 383 2956 μεθαο
420 2888 584 2941 καλιὰ
616 2890 723 2961 γάρ
765 2907 848 2953 τις
887 2891 1050 2943 οἰονεί
1084 2894 1233 2947 ἐστιν
1264 2894 1441 2964 ψυχῆς
1484 2897 1516 2966 ή
1565 2899 1695 2966 περὶ
1727 2899 1788 2951 τὸ

213 2977 554 3049 ζητούμενον
578 2981 995 3049 συγκατάθεσις,
1022 2982 1120 3054 τὴν
1142 2985 1374 3038 ἄστατον
1396 2987 1490 3040 τοῦ
1511 2989 1603 3041 νοῦ
1630 2989 1788 3042 πολυ-

214 3071 652 3141 πραγμοσύνην,
711 3071 965 3143 καθάπερ
1011 3073 1134 3127 τινὰ
1184 3076 1499 3146 πολυπλανῆ
1534 3079 1786 3148 πτῆσινς

213 3163 303 3229 ἐφ’
330 3163 527 3232 ἐαυτῆς
551 3163 922 3217 άναπαύουσα.
951 3165 1058 3218 Καὶ
1085 3169 1112 3219 6
1140 3165 1414 3236 βασιλεύς·
1444 3165 1591 3238 Ἀρά
1611 3187 1674 3238 γε
1705 3171 1785 3222 δί-
1813 3204 1856 3263 C

215 3253 378 3308 καιόν
406 3256 552 3307 ἐστιν
579 3255 646 3307 τὰ.
681 3255 828 3318 παρὰ
860 3257 1161 3318 ἀνθρώπων
1197 3260 1539 3318 κηρυγθέντα
1584 3261 1786 3318 ἄπειρα

1891 3163 2086 3222 inquit,
2119 3171 2330 3224 a'qunm
2371 3168 2452 3210 est
2484 3163 2720 3211 infinitas
2763 3177 2848 3215 res
2883 3164 2949 3215 ab
2975 3165 3282 3222 hominibus
3311 3170 3450 3224 cele-

1813 3204 1856 3263 C
1893 3247 2116 3309 bratas,
2170 3249 2530 3316 contemplatu
2591 3251 2870 3318 dilliciles,
2919 3271 3015 3308 nec
3059 3262 3221 3311 etiam
3273 3272 3450 3316 mente

215 3253 378 3308 καιόν
406 3256 552 3307 ἐστιν
579 3255 646 3307 τὰ.
681 3255 828 3325 παρὰ
860 3257 1161 3328 ἀνθρώπων
1197 3260 1539 3329 κηρυχθέντα
1584 3261 1786 3332 ἄπειρα

216 3345 320 3396 καὶ
353 3344 737 3412 δυσθεώρητα,
782 3345 874 3396 καὶ
911 3347 1048 3414 μήτε
1092 3346 1166 3416 νῷ
1211 3347 1410 3412 λεπτὰ,
1455 3349 1786 3416 αἰσθητικῶς

215 3433 494 3486 ἐκτυποῦν
534 3433 626 3485 καὶ
669 3433 756 3486 διὰ
795 3433 924 3502 ὕλης
957 3439 1314 3504 προσκυνεῖν,
1363 3437 1437 3508 μὴ
1463 3438 1614 3499 ὄντος
1642 3440 1788 3502 τινὸς

215 3522 333 3573 τῶν
359 3521 616 3573 τοιούτων
646 3524 702 3573 ἐν
740 3521 961 3589 γνώσει,
994 3523 1026 3592 ἢ
1057 3524 1151 3575 καὶ
1186 3525 1354 3593 μόνης
1381 3526 1480 3594 τῆς
1509 3526 1784 3596 ἁπειρίας,

215 3615 301 3674 ὥς
335 3631 498 3684 φησιν
525 3616 552 3666 6
584 3613 843 3680 Θεολόγος
875 3614 1207 3685 Γρηγόριος;
1244 3612 1374 3667 Εἶτα
1404 3619 1430 3668 6
1459 3617 1615 3684 ἅγιος
1636 3634 1649 3648 ·
1681 3619 1788 3670 Kal

220 3707 376 3768 ποῖος
409 3703 516 3774 ἆρά
543 3722 604 3772 γε
650 3705 911 3774 λογισμοῦ
965 3706 1154 3777 κύριος
1185 3706 1281 3771 ῶν,
1314 3708 1382 3759 τὰ
1416 3709 1472 3758 ἐν
1500 3711 1564 3778 τῇ
1595 3709 1791 3778 ἐκκλη-

222 3798 327 3863 σία
357 3795 696 3866 προσκυνῶν,
727 3798 832 3848 εἴτε
864 3795 1010 3848 λίθον
1031 3836 1044 3860 ,
1076 3795 1183 3848 εἴτε
1216 3797 1448 3865 χρυσὸν,
1489 3799 1597 3849 εἴτε
1623 3799 1790 3866 ἄργυ-

225 3906 347 3958 ρον,
369 3887 849 3960 κτισματολατρεῖ,
873 3886 1009 3939 διότι
1039 3889 1104 3957 τῇ
1131 3887 1323 3956 κλήσει
1358 3887 1790 3957 μετεποιήθησαν

220 3982 308 4041 εἰς
342 3981 504 4044 am;
555 3979 739 4046 Ὑμεῖς
765 3978 821 4030 δὲ
849 3979 1124 4046 ἀναμέσον
1150 3979 1307 4046 άγίου
1338 3979 1429 4032 καὶ
1454 3980 1680 4050 βεϐήλου
1717 3980 1791 4052 μὴ

219 4067 652 4130 διαστείλαντες,
684 4068 786 4120 οὑκ
816 4066 1070 4137 ὲφρίξατε
1099 4070 1271 4120 εἰπεῖν
1301 4070 1398 4138 τὴν
1432 4072 1524 4122 τοῦ
1557 4072 1790 4141 Χριστοῦ

220 4159 414 4210 εἰκόνα
444 4160 502 4210 ἐν
530 4160 789 4229 παροινίᾳ
818 4159 1054 4221 εἴδωλον,
1088 4159 1161 4220 ὡς
1208 4159 1532 4224 Ἀπόλλωνα,
1568 4163 1658 4213 καὶ
1695 4164 1794 4231 τῆς

220 4251 494 4304 Θεοτόκου
549 4251 748 4320 ὁμοίως
782 4253 856 4313 ὡς
902 4251 1228 4320 ’Δρτέμιδα,
1274 4254 1366 4305 καὶ
1410 4254 1795 4321 καταπατῆσαι

1889 1974 2124 2025 tenebras
2144 1972 2230 2024 “‘3
2255 1974 2332 2024 Ad
2363 1988 2480 2040 quae
2518 1983 2738 2027 sanctus
2769 1992 2783 2028 :
2813 1975 3139 2046 Imperator,
3179 1997 3450 2050 nunquam

1886 2062 2182 2117 Christiani
2232 2073 2562 2127 statuerunt,
2616 2075 2672 2118 ut
2713 2068 2938 2120 materia
2991 2070 3040 2121 in
3088 2071 3320 2142 imagine
3362 2088 3451 2126 co-

1888 2155 2107 2208 leretur.
2157 2154 2385 2218 Verum,
2445 2172 2638 2210 nomen
2687 2158 2762 2211 rei
2811 2174 2907 2226 per
2957 2160 3244 2229 imaginem
3298 2163 3452 2217 nobis

1885 2246 2141 2298 exhibita:
2173 2246 2484 2310 adoramus,
2516 2248 2580 2299 ad
2613 2247 2757 2315 ipsos
2797 2259 3046 2304 auctores
3075 2261 3128 2305 et
3166 2263 3449 2325 prototypa

1885 2347 2064 2394 mente
2104 2337 2480 2391 ascendentes.
2538 2337 2749 2392 Etenim
2807 2341 3068 2395 rationem
3119 2359 3215 2411 per
3250 2346 3450 2399 hancce

1885 2436 2168 2477 externam
2196 2427 2430 2493 speciem
2460 2427 2802 2496 dogmatibus
2830 2439 2881 2483 et
2918 2431 3022 2484 title
3073 2431 3351 2500 religionis
3393 2449 3451 2489 se

1887 2517 2048 2570 veluti
2072 2520 2490 2586 expandentem,
2525 2522 2576 2572 in
2609 2522 2843 2576 excelsis
2863 2532 2916 2576 et
2945 2523 3260 2579 sublimibus
3281 2527 3448 2581 caelo-

1888 2623 2002 2659 rum
2055 2610 2457 2675 tabernaculis,
2510 2620 2770 2678 quantum
2828 2627 2925 2681 per
2973 2615 3230 2670 harumce
3270 2633 3446 2673 rerum

1889 2698 2316 2766 tnagnitudinem
2354 2699 2506 2763 licet,
2540 2702 2723 2754 nidum
2764 2713 2977 2759 struere
3015 2708 3283 2775 cupimus.
3315 2710 3449 2776 Qui-

1888 2791 2010 2843 dam
2037 2792 2180 2843 enim
2216 2793 2370 2859 quasi
2405 2794 2597 2848 anima:
2619 2797 2778 2851 nidus
2804 2807 2905 2864 est,
2933 2799 3171 2868 ejusdem
3193 2805 3338 2857 circa
3371 2805 3446 2869 id,

1889 2885 2031 2950 quod
2062 2885 2272 2950 qua-rit,
2306 2884 2593 2949 confessio,
2623 2903 2742 2956 qnze
2769 2889 3069 2943 instabilem
3106 2894 3303 2947 mentis
3340 2895 3448 2948 sol-

1890 2976 2247 3036 licitudincttt,
2281 2987 2538 3044 tanquam
2575 2993 2764 3048 vagum
2802 2981 3039 3035 volatum
3074 2983 3126 3036 in
3158 2986 3331 3053 seipsa
3357 2986 3449 3056 ju-

1888 3063 1978 3115 bet
2020 3066 2426 3131 conquiescere.
2462 3066 2670 3122 llursus
2723 3071 3011 3138 imperator
3046 3092 3059 3128 :
3095 3073 3229 3127 Num
3267 3079 3447 3147 igitur,

1890 3155 2086 3222 inquit,
2119 3171 2330 3224 a'qunm
2371 3168 2452 3210 est
2484 3159 2720 3211 infinitas
2763 3177 2848 3215 res
2883 3164 2949 3215 ab
2975 3165 3282 3222 hominibus
3311 3170 3453 3224 cele-

1893 3339 2434 3404 compreliensibilcs,
2487 3343 2644 3394 modo
2686 3345 2776 3410 qtti
2820 3347 2920 3397 sub
2959 3361 3152 3401 sensus
3179 3351 3332 3405 cadat
3358 3369 3454 3407 ex-

1892 3433 2125 3500 primere
2151 3443 2202 3486 et
2229 3449 2323 3502 per
2354 3437 2632 3488 materiam
2663 3439 2920 3504 adorare;
2953 3457 3074 3494 rum
3103 3445 3235 3496 nihil
3271 3445 3452 3513 hujus-

1893 3523 2102 3574 cemodi
2135 3539 2308 3574 rerum
2341 3523 2392 3575 in
2426 3527 2785 3592 cognitionem
2817 3531 3016 3595 veniat,
3051 3533 3153 3585 nisi
3187 3534 3300 3586 sola
3334 3536 3454 3589 iulio

1893 3611 2055 3672 nitas,
2097 3623 2156 3663 ιιι
2195 3614 2270 3664 ait
2315 3612 2622 3682 Theologus
2657 3616 2992 3684 Gregorius?
3024 3621 3252 3688 lleponit
3297 3641 3455 3680 sanc-

1893 3711 1977 3755 tus
2013 3719 2026 3754 :
2060 3703 2124 3754 Et
2149 3718 2275 3756 vero
2297 3705 2416 3772 quis
2447 3710 2644 3759 mentis
2678 3724 2919 3778 compos,
2947 3729 3008 3764 ea
3035 3713 3202 3785 5.98
3241 3731 3359 3781 qua:
3399 3719 3456 3772 ir.

1892 3793 2116 3846 ecclesia
2168 3805 2291 3847 sunt
2312 3833 2326 3859 ,
2359 3797 2621 3860 adorans,
2659 3800 2772 3852 sive
2805 3801 2936 3870 lapis
2974 3806 3066 3869 sit,
3101 3807 3215 3860 sive
3245 3823 3456 3875 aurum,

1893 3886 2008 3940 sive
2039 3898 2342 3956 argentum,
2375 3899 2574 3942 creata:
2609 3893 2679 3944 rei
2707 3893 2910 3947 cultum
2936 3898 3187 3962 exhibet;
3216 3903 3459 3968 quando-

1894 3981 2112 4049 quidem
2153 3981 2205 4032 in
2262 3997 2347 4035 rcs
2389 3995 2605 4038 sanctas
2639 3987 2995 4054 appellatione
3048 4001 3251 4046 mutata
3293 3995 3461 4049 sunt?

1901 4071 2005 4123 Vos
2036 4086 2160 4123 vero
2189 4072 2328 4125 inter
2351 4085 2597 4127 sanctum
2625 4086 2673 4130 et
2702 4081 2984 4147 profanum
3014 4100 3116 4137 non
3149 4087 3459 4140 discernen-

1897 4170 1979 4215 tes
2002 4202 2014 4221 .
2054 4178 2162 4230 pra:
2195 4165 2490 4230 petulantia
2514 4205 2528 4228 ,
2567 4166 2772 4222 Christi
2814 4179 2871 4222 et
2924 4172 3161 4241 Deipara:
3196 4177 3458 4247 imagines

1903 4254 2043 4304 idola
2074 4255 2340 4322 appellare
2371 4269 2426 4308 ut
2451 4259 2745 4325 Apollinem
2771 4271 2821 4314 et
2852 4264 3206 4328 Artemidem,
3233 4267 3458 4336 illasque

220 4341 456 4406 ταύτας,
490 4343 582 4394 καὶ
609 4341 973 4395 κατακαῦσαι.
1010 4343 1118 4393 Kal
1153 4344 1178 4392 6
1211 4341 1494 4410 βασιλεύς
1532 4344 1798 4413 Πεπηρω-

1900 4345 2225 4396 conculc:ire
2254 4356 2306 4398 ct
2345 4362 2587 4401 cremare
2617 4365 2719 4402 non
2751 4353 3078 4407 horruistis?
3104 4355 3184 4408 Ad
3211 4373 3328 4424 qua:
3362 4360 3457 4412 imo

224 4434 364 4504 μένε
406 4432 484 4499 τῷ
538 4431 638 4494 νοῒ,
670 4429 765 4485 καὶ
814 4431 1238 4501 ἀμνημονεύτων
1294 4431 1822 4501 ἁμνημονευτότερε,

1807 4468 1822 4494 ,
1895 4443 2118 4500 perator
2147 4454 2158 4488 :
2196 4434 2241 4489 Ο
2275 4447 2452 4490 mente
2485 4441 2757 4496 obeant-ate
2793 4453 2847 4495 et
2882 4445 3126 4499 nefandis
3159 4450 3328 4515 magis
3364 4464 3456 4501 ne-

220 4525 330 4585 τὰς
358 4524 569 4585 εἰκόνας
603 4525 963 4593 πατήσαντες,
986 4524 1219 4592 Χριστὸν
1245 4525 1674 4593 πεπατήκαμεν;
1703 4527 1792 4596 Μὴ
1823 4545 1871 4605 υ

1823 4545 1871 4605 υ
1905 4521 2318 4594 fande;ergone
2341 4526 2542 4582 Christi
2577 4531 2836 4599 imagines
2888 4536 3274 4600 concnlcando,
3301 4541 3460 4594 Chri-

225 4619 474 4685 γένοιτοί
510 4617 566 4668 Ὀ
604 4615 660 4669 δὲ
695 4615 1055 4685 σημειοφόρος
1105 4614 1375 4682 Στέφανος
1401 4615 1486 4667 άεὶ
1527 4618 1582 4667 ἐν
1613 4617 1790 4686 ἐαυτῷ

219 4710 324 4761 τὸν
355 4707 587 4778 Χριστὸν
613 4706 946 4777 περιφέρων,
973 4707 1065 4759 καὶ
1091 4707 1209 4768 ὅλος
1237 4706 1328 4758 ὑπ’
1357 4706 1519 4759 αὐτοῦ
1545 4707 1790 4761 διδασκό-

225 4815 417 4868 μενος,
463 4799 564 4865 τὴν
611 4799 769 4866 χεῖρα
818 4795 896 4866 τῷ
951 4797 1164 4865 στέρνει
1208 4795 1648 4863 ἀντανακλάσας,
1699 4799 1792 4853 καὶ

221 4890 383 4941 ἔνδον
416 4897 436 4924 ι’
463 4887 668 4957 ταύτην
709 4887 960 4948 εἰσδύσας
1005 4886 1097 4939 τοῦ
1137 4885 1280 4957 ἰεροῦ
1326 4888 1696 4952 κουκουλλίου,
1734 4890 1794 4942 τὸ

223 4981 479 5050 νόμισμα
511 4979 836 5047 ἐξενεγκὼν,
865 4979 1208 5030 ἐπεδείκνυεν
1229 5020 1244 5043 ,
1276 4978 1526 5049 καθάπερ
1560 4980 1794 5049 Χριστὸς

220 5076 294 5142 τῇ
335 5073 462 5141 πρὶν
487 5071 597 5123 τῶν
645 5071 915 5123 Ἰουδαίων
952 5072 1263 5138 συναγωγῇ,
1289 5070 1473 5123 εἰκόνα
1502 5071 1596 5122 καὶ¹
1625 5071 1793 5139 ὄνομα

222 5167 400 5234 φέρον
436 5162 528 5214 τοῦ
573 5161 904 5231 ἀλάστορος,
943 5161 1035 5213 καί
1075 5177 1238 5229 φησιν
1272 5176 1287 5192 ο
1337 5162 1504 5226 Πνος
1540 5161 1579 5227 ἠ
1618 5161 1794 5215 εἰκὼν

221 5256 406 5319 αὕτη,
430 5252 714 5317 βασιλεῦ,
751 5252 849 5305 καί
885 5254 920 5319 ἡ
943 5252 1239 5320 ἐπιγραφή
1260 5260 1282 5287 ⁸
1307 5270 1320 5318 ;
1368 5252 1424 5304 '0
1451 5253 1506 5304 δὲ
1536 5253 1794 5322 τύραννος

222 5345 532 5416 οαξλθηθεὶς
584 5343 689 5414 ἔφη
715 5360 730 5376 ⁸
759 5343 879 5397 Τῶν
923 5343 1334 5412 βασιλευόντων.
1386 5344 1495 5395 Καὶ
1542 5345 1568 5395 6
1598 5344 1749 5410 ἅγιος
1777 5361 1790 5374 ο

302 5525 350 5554 ⁸⁸
380 5523 417 5574 ll
456 5523 582 5575 Cor.
627 5536 698 5584 vt,
735 5520 819 5574 Η.

1898 4624 2040 4668 stum
2065 4618 2544 4674 conculcavimus?
2571 4623 2744 4676 Absit.
2782 4623 2917 4678 Tum
2974 4629 3199 4693 signifer
3230 4630 3454 4700 Stepha-

1899 4722 2019 4770 nus,
2051 4708 2140 4775 qui
2166 4708 2442 4765 Christum
2471 4713 2522 4766 itt
2565 4716 2744 4782 seipso
2780 4733 2992 4784 semper
3019 4722 3260 4789 gerebat,
3298 4734 3352 4778 et
3379 4737 3460 4780 to-

1901 4807 1987 4852 tus
2011 4800 2079 4853 al)
2106 4816 2172 4854 eo
2198 4803 2491 4858 docebatur
2516 4845 2531 4869 ,
2559 4824 2717 4861 manu
2751 4810 2816 4861 ad
2849 4822 3034 4874 pectus
3065 4825 3295 4868 retracta
3327 4827 3379 4872 et
3408 4819 3458 4873 in

1900 4905 2112 4943 sat-ram
2162 4895 2425 4947 cucullam
2475 4897 2736 4962 immissa,
2787 4915 3060 4954 nummum
3107 4906 3317 4969 extulit,
3368 4910 3460 4976 qui

1904 4981 2130 5048 improbi
2189 4983 2538 5052 imperatoris
2591 4987 2815 5053 elligicm
2867 5001 2918 5042 et
2975 5006 3168 5045 nomen
3222 4994 3462 5062 ferebat,

1901 5089 2132 5141 cumque
2159 5075 2254 5138 illi,
2285 5083 2341 5127 ut
2373 5076 2501 5129 olim
2529 5075 2777 5132 Christus
2805 5079 3106 5137 Iudaeorum
3139 5084 3458 5156 Synagogr,

1903 5167 2140 5219 ostendit
2170 5167 2354 5220 dicens
2383 5186 2396 5222 :
2431 5167 2596 5236 Cujus
2624 5183 2718 5236 est,
2746 5188 2776 5226 ο
2802 5174 3112 5243 imperator,
3149 5179 3319 5247 imago
3349 5181 3460 5233 Iure

1897 5262 1944 5304 et
1973 5257 2343 5322 superscripin
2372 5257 2834 5326 ?Obstnpelactus
2864 5271 3126 5330 tyrannus
3147 5268 3458 5335 respondit:

1901 5343 2311 5412 Imperatorem.
2348 5349 2412 5404 Et
2447 5361 2669 5405 sanctus
2700 5370 2711 5404 :
2747 5349 2881 5407 Num
2916 5356 2960 5409 si
2999 5356 3126 5410 illud
3155 5357 3300 5412 humi
3337 5373 3462 5429 pro-

1524 5653 1749 5708 l'Alll.£
1783 5653 2173 5708 LECTiONl‘iS.

303 5797 330 5820 ⁶
356 5789 714 5859 ύη-Λγυρίσας.
788 5799 814 5837 P
845 5789 915 5844 al.
947 5790 1291 5843 ἐννοσιεύειν.
1367 5798 1394 5837 «ι
1419 5791 1484 5842 al.
1525 5794 1703 5843 πίστιν

1810 5804 1826 5828 τ
1872 5794 1940 5845 al.
1978 5796 2084 5847 ἔσω

2185 5805 2203 5829 ’³
2241 5797 2304 5849 al.
2343 5798 2658 5868 ύπσγραςή.
