4200 6430
754 408 773 474 l
795 406 890 474 195

2028 405 2377 468 PROCOPII
2419 404 2730 467 DIACOVI

3907 398 4039 464 “ﬁ

746 525 944 580 l‘ostea
996 529 1050 575 et
1078 518 1200 574 aliis
1247 517 1411 571 etiam
1457 516 1674 591 Δίκῃ)ιὶ
1710 520 1986 582 urbibus.
2039 522 2325 575 multorum

2434 518 2746 589 ρανοπλοκα
2766 516 2957 570 δίκτυα
2974 515 3257 585 ὗςαπλῶν,
3278 514 3615 585 ὲσαγήνευσε
3632 514 3823 575 πάσας
3856 512 4036 578 λόγοις

750 614 1031 671 hominum
1067 610 1220 681 copia
1260 609 1501 675 refertis,
1546 610 1792 665 caelestia
1830 611 1965 666 retia
2006 613 2331 675 extendens,

745 721 939 760 onmes
991 704 1112 758 illas
1158 702 1553 773 przedicatione
1600 713 1655 755 et
1697 702 1978 757 miraculis
2026 704 2079 757 in
2126 702 2330 757 Christi

746 813 972 868 agenam
1023 796 1246 850 attraxit
1293 812 1306 849 :
1347 794 1651 848 diemnnuin
1718 795 1988 862 sculptilia
2024 810 2143 862 qua:
2190 794 2347 848 cole--

746 888 965 952 bantur,
986 884 1369 941 exterminavit
1389 900 1401 935 :
1424 891 1587 949 atque
1620 892 1680 933 ut
1706 892 1931 935 sanctus
1954 882 2091 950 lapis
2117 885 2300 950 (quem

746 979 1037 1032 admodum
1077 972 1361 1045 prophetia
1392 971 1572 1037 dixit),
1607 971 1811 1024 erroris
1860 970 2052 1023 altaria
2080 972 2274 1027 evertit
2306 989 2319 1035 ;

747 1077 803 1123 et
835 1083 957 1137 quae
989 1067 1042 1119 in
1078 1065 1185 1119 illis
1214 1070 1375 1115 erant
1410 1058 1667 1111 vanitatis
1704 1068 1759 1111 et
1790 1057 2119 1127 insipientia:
2144 1060 2319 1113 simn-

747 1162 893 1215 Iacra
939 1157 1056 1213 solo
1083 1153 1342 1222 aquavit,
1384 1166 1491 1204 non
1529 1151 1781 1203 tubarum
1832 1148 2120 1218 clangores
2166 1149 2327 1203 emit-

749 1264 871 1307 tens
920 1263 1022 1303 nec
1066 1244 1445 1300 Jericbnntina
1518 1240 1717 1295 mmnia
1786 1250 2177 1310 prosternens;
2231 1241 2325 1295 sed

742 1342 1050 1397 communis
1082 1337 1366 1393 homimuu
1415 1332 1592 1388 hostis
1640 1332 1881 1397 fraudes,
1915 1332 2023 1387 illis
2055 1334 2326 1388 manibus

745 1429 1301 1502 inexpugnabiliores,
1341 1425 1456 1479 suis
1495 1422 1679 1477 verbis
1730 1423 1989 1488 evellens,
2025 1438 2089 1477 ac
2121 1424 2320 1491 templa

2432 611 2525 663 καὶ
2555 609 2831 679 θαύμασιν
2850 624 2863 638 ·
2897 608 3280 678 ὲξωστράνισε
3309 607 3653 678 smmum
3674 605 4035 673 σεϐάσματα,

2432 704 2525 755 καὶ
2553 701 2629 764 ὡς
2655 700 2801 763 λίθος
2823 700 2998 768 ἆγιος,
3082 717 3248 770 φησιν
3269 701 3301 769 ἡ
3322 699 3656 769 προφητεία,
3678 696 4037 764 κατέστρεψε

2431 794 2555 855 τοὺς
2569 795 2667 862 τῆς
2693 791 2899 861 πλάνης
2918 790 3161 860 βωμοὺς,
3179 792 3272 843 καὶ
3287 791 3353 842 τὰ
3376 793 3434 843 ἐν
3450 789 3664 851 τούτοις
3681 787 4035 856 κατηδάφισι

2428 886 2527 954 τῆς
2553 887 2917 953 ματαιότητος
2943 883 3203 947 ξόανα-ού
3228 882 3549 949 σαλπίγγων
3574 880 3864 949 φθόγγοπ
3888 878 4034 944 ἠιὼν

2432 976 2493 1026 ού
2508 977 2663 1047 τείχη
2683 976 2987 1030 κατασείων
3004 974 3408 1045 Ἰεριχούντεια,
3433 973 3570 1026 ἀλλὰ
3596 972 3691 1043 τὴν
3707 972 3806 1023 τοῦ
3826 970 4034 1038 ἀνθρω-

2430 1067 2695 1120 ποκτόνου
2732 1068 2913 1136 λόγοις
2946 1065 3340 1138 ἀναμοχλεύων
3368 1064 3609 1133 ἀπάτην,
3652 1064 3782 1131 ἥτις
3807 1061 4033 1112 ἐκείνων

2427 1158 2849 1231 δυσμαχωτὲρα,
2875 1160 2971 1215 καὶ
2986 1161 3152 1223 ναοὺς
3172 1158 3510 1229 ἀντεγείρων
3531 1156 3611 1227 τῷ
3632 1156 3869 1207 πάντων
3888 1152 4032 1215 ἐξσθ

2432 1247 2707 1310 σιάζοντι·
2760 1252 2818 1303 ἐν
2854 1245 2938 1314 οἷς
2976 1252 3073 1304 καὶ
3102 1248 3203 1313 τὰς
3259 1245 3525 1317 ζοφώδεις
3573 1242 4033 1298 καταλευκαίνων

2425 1337 2536 1388 τῶν
2583 1339 2781 1392 αὐτόσε
2842 1344 2952 1410 ψυχ
2977 1340 3081 1406 ὰς,
3154 1336 3464 1408 κατήλλαξε
3496 1335 3659 1404 Θεῷ,
3714 1334 3821 1385 καὶ
3867 1347 4035 1400 προσ-

2424 1427 2741 1495 ῳκειώσατο
2768 1431 2847 1499 τῷ
2879 1432 3241 1503 βαπτίσματι.

742 1527 990 1580 excitans
1014 1523 1124 1577 Deo
1162 1535 1342 1575 rerum
1370 1517 1612 1572 omnium
1642 1517 2009 1583 dominatori;
2059 1518 2111 1571 in
2141 1519 2340 1587 quibus
2378 1522 2563 1592 nigras
2632 1534 2687 1577 et
2726 1528 2991 1581 obscuras
3056 1542 3283 1593 eorum,
3329 1526 3421 1597 qui
3454 1524 3563 1581 iliic
3592 1531 3788 1589 erant,
3822 1521 4031 1575 animas

744 1618 1007 1672 dealbans
1040 1624 1203 1683 atque
1231 1609 1546 1680 puriﬁcans,
1580 1609 1690 1663 Deo
1716 1608 1836 1663 illas
1872 1610 2245 1663 reconciliavit
2271 1620 2328 1665 et
2365 1626 2463 1681 per
2491 1614 2821 1683 baptismum
2857 1616 3161 1685 conjunxit.

817 1712 872 1768 9.
918 1710 1017 1764 llic
1049 1709 1193 1764 enim
1235 1705 1499 1776 Egypto,
1545 1720 1665 1774 qua:
1695 1704 1769 1759 illi
1800 1704 1855 1758 in
1887 1705 2157 1760 divisione
2180 1706 2325 1760 obti-

2504 1708 2568 1762 θ’.
2638 1704 2809 1774 Οῦτος
2864 1713 2976 1783 γὰρ
3032 1714 3132 1783 τῆς
3186 1710 3570 1781 Αἰγυπτιακῆς
3626 1709 3852 1781 λήξεως
3907 1706 4034 1774 θείῳ

747 1803 849 1872 git,
882 1816 910 1854 a
946 1800 1130 1853 divino
1182 1796 1391 1866 Spiritu
1430 1810 1541 1864 pra:
1569 1795 1694 1849 aliis
1726 1796 1988 1863 magister
2014 1796 2325 1866 assignatus

2435 1796 2712 1869 Πνεύματι
2742 1800 3134 1871 κατεξαίρετον
3160 1801 3451 1871 ἀφωρίσθη
3482 1798 3841 1858 διδάσκαλος,
3877 1789 4031 1854 οὗτος

744 1903 827 1948 est
861 1908 875 1944 :
911 1892 999 1946 hic
1038 1890 1112 1944 illi
1168 1889 1373 1957 regioni
1430 1891 1639 1956 primus
1692 1886 1933 1957 pontifex
1988 1898 2043 1940 et
2084 1899 2321 1957 pastora

746 1998 942 2051 magno
994 1979 1155 2032 l'etro
1206 1977 1500 2045 prtelectus
1551 1976 1682 2042 fuit;
1733 1977 1993 2031 wrttrnuis
2042 1977 2324 2032 illustrans

744 2071 1103 2143 apostolicqu
1185 2082 1324 2136 opus
1391 2066 1537 2134 quod
1584 2077 1996 2135 assumpserat,
2051 2068 2325 2136 variisque

744 2162 1027 2217 laboribus
1075 2159 1350 2229 publicum
1412 2158 1780 2213 ministerium
1856 2172 2163 2223 exornans;
2216 2174 2322 2211 non

743 2256 967 2310 deliciis
1007 2263 1196 2315 utens,
1249 2265 1357 2303 non
1409 2251 1527 2303 otio
1576 2260 1629 2302 et
1679 2250 1889 2303 inertiae
1938 2250 2196 2313 deditus;
2230 2250 2323 2302 sed

745 2344 1138 2401 tentatiunibus
1166 2384 1180 2407 ,
1234 2352 1340 2394 tam
1375 2356 1404 2393 a
1456 2340 1754 2409 majoribus
1810 2357 1971 2410 quam
2009 2358 2037 2393 a
2084 2342 2325 2395 minimis

745 2440 1080 2504 hominibus,
1114 2438 1351 2505 undique
1375 2444 1627 2497 vexatus,
1651 2453 1713 2490 ac
1739 2436 2118 2504 multiplicium
2151 2437 2324 2489 malo-

746 2550 865 2588 rum
919 2532 1137 2600 agmine
1183 2531 1578 2592 circumdatus,
1632 2541 1690 2582 ut
1734 2529 1828 2593 ita,
1865 2529 2323 2596 quemadmodum

742 2637 797 2679 et
827 2624 1042 2686 Paulus,
1077 2632 1342 2676 tmnorem
1371 2636 1589 2675 omnem
1611 2631 1664 2673 et
1689 2620 1888 2673 fastum
1912 2621 2321 2688 comprimeret.

747 2718 792 2770 0
828 2717 1073 2769 divinum
1115 2714 1467 2780 discipulum,
1500 2712 1595 2777 qui
1639 2722 1806 2764 totum
1841 2720 2109 2765 terrarum
2136 2714 2323 2765 orbem

746 2805 1096 2876 peragravit!
1136 2804 1181 2856 0
1216 2819 1414 2871 corpus
1468 2813 1545 2854 tot
1586 2803 1857 2870 tantisque
1907 2801 2164 2870 operibus
2218 2816 2322 2853 non

742 2897 1138 2968 defatigatum!
1198 2893 1554 2961 O,s:ulntaris
1631 2878 2033 2961 p’rmdicationis
2110 2905 2326 2959 semper

746 2995 1011 3045 virentem
1052 3000 1109 3043 ct
1158 2988 1522 3043 immortalem
1574 2986 1909 3055 potentiam!
1954 2984 2142 3037 Divina
2179 2984 2324 3037 enim

743 3100 913 3153 onera
941 3093 995 3136 et
1022 3099 1143 3150 qua:
1174 3098 1203 3133 a
1242 3082 1351 3134 Deo
1384 3090 1514 3132 sunt
1541 3077 1951 3146 corruptionem
1983 3091 2089 3129 non
2118 3076 2325 3143 patiun-

2430 1889 2637 1960 ταύτης
2665 1892 2724 1943 ὲν
2757 1891 2995 1962 πρώτοις
3026 1893 3317 1963 ἀρχιερεὺς
3363 1892 3459 1944 καὶ
3514 1890 3725 1959 ποιμὴν
3776 1889 3887 1940 ὑπὸ
3942 1886 4030 1937 toﬁ

2436 1981 2677 2050 μεγάλου
2728 1984 2938 2053 Πέτρου
3000 1983 3417 2054 προϐέϐληται,
3463 1982 3650 2045 πόνοις
3711 1977 4030 2049 φαιδρύνων

2431 2074 2813 2138 ἀποστολικοῖς
2838 2077 2901 2129 τὸ
2929 2078 3275 2148 ἐγχείρημα,
3320 2077 3418 2129 καὶ
3449 2075 3720 2136 ποικίλοις
3757 2075 4030 2140 καμάτοις

2433 2167 2806 2236 κατακοσμῶν
2831 2168 2892 2220 τὸ
2921 2168 3296 2239 λειτούργημα
3318 2185 3332 2198 ’
3356 2168 3418 2219 ού
3450 2168 3689 2235 τρυφαῖς
3714 2164 4031 2235 χρώμενος.

2432 2256 2493 2310 οὐ
2528 2260 2782 2332 ῥαστώνῃ
2813 2262 3209 2333 προστετηκὼς
3231 2278 3243 2291 ·
3284 2264 3614 2332 πειρασμοῖς
3645 2260 3705 2312 δὲ
3748 2259 3894 2328 πρὸς
3921 2273 4035 2326 μειο

2434 2350 2605 2412 ζὸνων
2639 2352 2734 2404 καὶ
2778 2354 2915 2422 πρὸς
2952 2354 3255 2424 ἐλαχίστων
3291 2352 3854 2425 περιστοιχιζόμενος
3877 2391 3892 2411 .
3944 2351 4036 2403 καὶ

2437 2446 2658 2514 μυρίαις
2687 2447 2879 2499 δεινῶν
2909 2449 3151 2517 νιφάσιν,
3183 2450 3272 2502 ἴνα
3289 2450 3381 2503 τὸν
3398 2450 3565 2516 ὄγκον
3587 2452 3805 2500 ἐκεῖνον
3832 2447 4035 2499 συνέλω

2435 2539 2577 2590 κατὰ
2610 2539 2820 2593 ΙΙαῦλον
2850 2543 3366 2612 περιαντλούμενος.
3403 2544 3469 2594 Ὠ
3507 2541 3763 2612 μαθητοῦ
3798 2540 4031 2607 θεοφάνς

2433 2645 2589 2699 τορος
2611 2670 2625 2693 ,
2669 2632 2769 2701 τὴν
2797 2632 2904 2700 γῆν
2940 2634 3510 2704 ὲκπερινοστήσαντος
3547 2633 3815 2693 ἃπασανγε
3848 2630 3897 2681 ὦ
3929 2628 4032 2681 σώ-

2438 2737 2637 2789 ματος,
2670 2725 2745 2791 μὴ
2790 2726 2904 2786 τοῖς
2945 2725 3223 2786 τοσούτοις
3259 2726 3445 2793 ἔργοις
3489 2723 4029 2794 ἀπαγορεύσαντκῖ

2434 2812 2479 2862 ὦ
2511 2814 2867 2883 κηρύγματος
2890 2857 2905 2880 ,
2937 2817 3166 2885 ἀειθαλῆ
3192 2818 3291 2887 τὴν
3328 2818 3483 2886 ἰσχὺν
3515 2817 3916 2879 ἀποσώζοντος
3942 2812 4035 2867 καὶ

2433 2905 2731 2959 ἀθάνατονὲ
2767 2907 2898 2959 Θεία
2928 2909 3037 2978 γὰρ
3068 2909 3204 2979 ἔργα
3233 2912 3328 2963 καὶ
3358 2913 3422 2964 ἐκ
3452 2911 3591 2964 Θεοῦ
3622 2913 3936 2982 μαρασμον
3971 2909 4028 2960 οὗ

2435 2996 2743 3066 προσίεται.
2787 3000 3073 3052 Ἐντεῦθεν
3103 3002 3324 3065 ἐπάξιον
3358 3003 3457 3071 τὴν
3510 3007 3820 3074 Δαυῖτικὴν
3854 3005 4031 3075 ῥῆσιν,

2432 3091 2494 3140 τὸ
2527 3091 2949 3162 μεγαλοπρεπὲς
2970 3093 3079 3144 τῶν
3104 3094 3413 3165 δημιουργη
3422 3096 3609 3165 μάτων
3634 3096 4033 3167 θαυμάζουσαν

745 3187 854 3229 tur.
890 3175 1200 3243 Congrunm
1231 3182 1316 3223 est
1343 3172 1445 3223 hoc
1476 3171 1596 3223 loco
1622 3168 1828 3221 referre
1859 3167 2077 3220 Davidis
2098 3167 2323 3231 dictum,

2431 3180 2524 3231 καὶ
2557 3182 2691 3247 πρὸς
2714 3180 2804 3233 τὸν
2836 3180 3075 3250 θεόπτην
3102 3184 3330 3252 Μάρκον
3365 3185 3832 3254 μεθαρμόζοντας
3866 3205 4031 3254 :96:-

742 3283 853 3335 quo
898 3266 1012 3333 ipse
1058 3264 1364 3316 divinorum
1416 3262 1760 3329 epiliciorum
1818 3259 2275 3327 magnilicentiam
2305 3296 2321 3319 ,

744 3360 979 3420 extollit,
1003 3358 1245 3424 illudque
1269 3356 1429 3407 beato
1449 3353 1630 3407 Marco
1650 3354 1932 3421 adaptare,
1954 3351 2203 3403 nimirun.
2223 3391 2238 3413 ,
2268 3351 2321 3402 in

743 3466 961 3505 omnem
1000 3461 1197 3503 terram
1239 3448 1409 3501 exivit
1454 3462 1620 3499 sonus
1661 3446 1796 3514 ejus,
1834 3454 1890 3497 et
1923 3445 1976 3497 in
2009 3445 2148 3497 lines
2173 3443 2325 3496 orbis

747 3554 909 3597 terra:
959 3543 1249 3595 verborum
1301 3540 1474 3607 ipsius
1534 3539 1741 3591 utilitas
1776 3538 1814 3590 ³.
1855 3536 1979 3590 llaec
2035 3537 2182 3590 enim
2219 3551 2360 3589 vox.

747 3636 842 3688 tibi
873 3649 1082 3687 summe
1106 3633 1438 3684 conveniens
1462 3642 1567 3695 est,
1588 3646 1621 3684 o
1651 3629 1828 3683 Marce
1854 3630 2035 3682 divina
2058 3630 2320 3695 sapientia

745 3727 955 3796 pollens
982 3744 995 3779 :
1032 3726 1145 3777 lina:
1180 3722 1292 3777 sola
1329 3722 1424 3776 tibi
1455 3737 1618 3790 supra
1647 3738 1839 3776 omnes
1870 3722 2175 3774 rhetoricas
2205 3735 2325 3772 an.—

745 3822 1106 3890 plilicationes
1158 3818 1606 3881 accommodata;
1653 3816 1791 3869 bene
1828 3814 2097 3881 siquidem
2148 3814 2324 3880 expli—

744 3924 834 3965 eat
868 3924 1015 3965 tuum
1049 3925 1295 3972 cursum,
1348 3917 1436 3961 tua
1473 3907 1795 3971 certamina,
1833 3906 2070 3969 labores,
2114 3891 2329 3958 crucia--

745 4016 852 4069 tus,
906 4020 1116 4059 necnon
1169 4016 1425 4056 coronam
1477 3998 2010 4062 immarcescibilem,
2064 4011 2185 4065 qua:
2216 4013 2325 4050 non

745 4114 880 4151 auro
915 4113 983 4151 ex
1017 4096 1237 4165 regione
1290 4092 1463 4163 Ophir
1502 4090 1752 4145 confecta
1802 4100 1906 4155 est,
1951 4106 2057 4143 non
2099 4089 2328 4159 gemmis

2421 3273 2619 3333 ειπείν,
2650 3273 2740 3334 Εἰς
2773 3274 2954 3325 πᾶσαν
2975 3276 3075 3342 τὴν
3100 3276 3203 3343 γῆν
3226 3276 3450 3345 ἐξῆλθεν
3480 3279 3509 3329 ὁ
3538 3277 3787 3344 φθόγγος
3820 3280 3990 3333 αὐτοῦ
4015 3320 4030 3341 ,

2422 3364 2515 3415 καὶ
2543 3366 2623 3427 εἰς
2654 3365 2723 3417 τὰ
2764 3367 2981 3436 πέρατα
3020 3367 3122 3436 τῆς
3163 3369 3492 3438 οἰκουμένης
3537 3372 3568 3439 ἡ
3612 3372 3729 3422 τῶν
3768 3374 4033 3441 ῥημάτων

2420 3453 2679 3521 ὠφέλεια.
2711 3455 2862 3524 Λῦτη
2890 3458 2999 3526 γάρ
3025 3474 3133 3520 σοι,
3165 3457 3410 3527 θεόσοφε,
3440 3461 3474 3528 ὴ
3496 3461 3647 3529 φωνὴ
3688 3463 4029 3534 πρόσφορος.

2421 3546 2559 3615 αὓτη
2595 3546 2730 3617 μόνη
2766 3549 2907 3616 ὑπὲρ
2936 3552 3118 3601 πᾶσαν
3160 3552 3454 3621 ῥητορείαν
3505 3552 3785 3622 ἀρμοόιος
3811 3571 3827 3585 ο
3857 3556 4030 3623 ὲμςα-

2424 3635 2559 3697 νίζει
2590 3637 2700 3705 γάρ
2726 3637 2817 3689 τὸν
2846 3637 3073 3707 δρόμον,
3103 3640 3231 3701 τοὺς
3260 3640 3479 3707 ἀγῶνας
3505 3679 3520 3702 .
3559 3641 3659 3702 τὰς
3694 3642 4027 3713 ἀλγηδόνας.

2428 3728 2497 3777 τὰ
2525 3727 2803 3798 δυσχερῆ,
2842 3731 2936 3782 καὶ
2975 3731 3067 3782 τὸν
3117 3733 3490 3800 ἀμαράντινον
3532 3733 3840 3801 στέφανον,
3886 3736 3945 3787 ὃν
3974 3739 4028 3786 ο)

2430 3820 2653 3886 χρυσίον
2685 3821 3001 3889 καταρτίζει
3025 3822 3087 3873 τὸ
3125 3822 3183 3887 ἐξ
3213 3824 3425 3893 υύφεὶρ
3452 3864 3467 3884 ,
3498 3823 3560 3875 οὐ
3592 3822 3738 3876 λίθοι
3765 3828 3873 3877 καὶ
3903 3844 4030 3895 μαρ-

2429 3914 2651 3981 γαρῖται
2682 3913 3210 3966 καταποικίλλουσιν
3249 3913 3488 3980 Ἰνδικοὶ,
3519 3914 3580 3966 ὃν
3610 3914 3668 3966 δὲ
3690 3916 3721 3967 ὁ
3760 3916 4027 3978 ἀθάνατος

2420 4003 2779 4074 ἀγωνοθέτης
2822 4005 3128 4075 φιλοτεχνεῖ
3151 4046 3166 4069 ,
3200 4006 3295 4059 καὶ
3320 3999 3366 4074 ᾧ
3413 4007 3541 4069 τοὺς
3587 4009 3837 4074 οἰκείους
3871 4012 4026 4081 θερα-

2399 4093 2717 4169 ςπειιτῆρας
2751 4094 3065 4164 ἀμείϐεται.

742 4196 799 4242 et
847 4188 1165 4257 margaritis
1214 4186 1414 4240 Indicis
1457 4185 1759 4249 distincta;
1810 4184 1905 4236 sed
1957 4183 2047 4235 illa
2084 4182 2197 4252 ipsa
2235 4196 2319 4234 (εει
2357 4198 2523 4251 quam
2584 4186 2912 4243 immortalis
2966 4189 3133 4259 jndex
3160 4199 3215 4245 et
3235 4191 3597 4245 certaminum
3627 4206 3840 4259 pneses
3869 4195 4021 4256 Deus.

744 4295 931 4333 amore
963 4292 1091 4331 vere
1128 4288 1384 4345 paterno,
1436 4276 1627 4329 electis
1663 4274 1972 4343 impertitur
2004 4288 2067 4327 ac
2095 4272 2210 4328 suis
2236 4272 2540 4328 cultoribus
2568 4278 2842 4335 retribuit.

822 4372 885 4429 ιο
947 4365 1052 4425 Tm
1082 4373 1227 4423 enim
1266 4372 1429 4438 pedes
1461 4369 1693 4437 speciosi
1731 4379 1879 4432 sunt,
1901 4365 2054 4434 juxta
2090 4366 2326 4436 prophe-

2507 4383 2558 4419 ι’.
2594 4369 2697 4422 Σοῦ
2734 4370 2842 4439 γάρ
2888 4371 2938 4423 οἱ
2980 4372 3140 4435 πόδες
3169 4372 3361 4444 ὡραῖοι
3387 4414 3402 4437 ,
3446 4374 3589 4427 κατὰ
3614 4374 3719 4447 τὴν
3755 4394 4027 4448 προσηπ-

744 4465 907 4519 ticam
981 4462 1388 4531 praedictionem
1430 4462 1475 4525 ⁵,
1537 4461 1628 4529 qui
1658 4469 1818 4515 terra:
1867 4459 2133 4513 ambitum
2162 4473 2320 4527 pera-

2434 4462 2976 4532 κηνπμα-εὗρευσιν,
3017 4463 3106 4517 τον
3131 4466 3231 4533 τῆς
3269 4464 3371 4535 γῆς
3399 4466 3759 4531 διανύσαντες
3789 4471 4023 4525 κύκλιον⁸

742 4563 992 4624 grarunt:
1029 4552 1210 4620 lingua
1254 4561 1343 4605 tua
1418 4553 1655 4614 ueciosa,
1678 4566 1799 4620 quae
1825 4565 2012 4619 pacem
2041 4550 2185 4603 illam
2212 4564 2328 4603 "ni-

744 4647 893 4699 nium
928 4654 1138 4697 mentes
1159 4644 1513 4697 excedentem
1541 4643 1776 4696 feliciter
1796 4641 2136 4695 annuntiavi'
2171 4681 2184 4695 .
2206 4655 2323 4693 ma-

741 4750 847 4789 nus
867 4733 1124 4789 similiter
1150 4732 1568 4802 speciosaque
1589 4734 1805 4786 calamo
1825 4733 1875 4784 in
1897 4730 2188 4801 Evangelia
2215 4733 2320 4786 mi-

739 4826 1066 4880 nistrarnnt.
1096 4822 1202 4877 Sed
1227 4821 1358 4890 quid
1385 4825 1498 4876 haec
1531 4823 1644 4876 sola
1671 4821 2047 4877 sacratissima
2069 4823 2318 4877 membra

737 4916 1111 4972 commendo?
1139 4913 1312 4968 Totus
1345 4913 1661 4983 apostolicis
1710 4913 1991 4967 laboribus
2027 4927 2317 4967 consecra-

740 5018 854 5072 tus,
889 5018 1037 5061 totus
1084 5006 1334 5075 martyrii
1389 5005 1736 5075 stigmatibus
1765 5012 1993 5057 ornatus
2027 5003 2149 5069 fuit,
2185 5004 2322 5056 adeo

738 5108 801 5152 ut
832 5105 1135 5166 martyrum
1175 5094 1417 5165 przemiis
1453 5096 1709 5148 omnibus
1733 5103 1788 5148 et
1820 5092 2027 5149 braviis
2073 5093 2322 5161 perfrua-

739 5202 846 5245 tur.
890 5189 991 5255 Qui
1041 5189 1188 5242 enim
1230 5189 1488 5243 sacerdos
1532 5196 1653 5241 erat
1681 5197 1737 5240 et
1767 5186 2096 5240 sacriﬁcium
2131 5185 2323 5239 oll‘ere-

740 5284 858 5347 bat,
904 5292 1128 5353 propter
1171 5280 1447 5336 Christum
1502 5280 1669 5334 etiam
1720 5274 2052 5335 sacriﬁcium
2100 5277 2325 5332 effectus

738 5373 860 5436 luit,
906 5384 961 5426 et
1006 5381 1198 5442 pastor
1247 5386 1310 5425 ea
1360 5385 1481 5439 qua
1535 5368 1715 5440 gregis
1761 5367 1984 5439 propria
2020 5378 2179 5421 erant
2220 5383 2324 5420 una

735 5480 863 5521 eum
896 5464 1013 5535 ipso
1039 5479 1203 5535 grege
1227 5463 1493 5534 suscepit.
1523 5459 1659 5515 Nam
1685 5471 1740 5515 et
1772 5463 1886 5530 ipse
1911 5468 2177 5529 tauquam
2206 5460 2324 5517 ovis

735 5572 847 5611 una
885 5570 1010 5611 cum
1060 5557 1181 5610 alio;
1218 5554 1524 5625 apostolico
1572 5564 1715 5609 coetu
1747 5553 1798 5606 in
1840 5552 2021 5609 medio
2070 5551 2321 5619 luporum

733 5651 939 5707 missus
999 5648 1119 5713 fuit,
1156 5658 1213 5704 et
1245 5649 1423 5704 bostia
1475 5648 1667 5703 vivens
1724 5645 1833 5701 Deo
1882 5643 2104 5700 oblatus
2152 5652 2236 5698 est
2274 5643 2316 5696 '.

1778 5826 1797 5853 ’⁸
1833 5821 2028 5880 Metilii.
2072 5835 2126 5884 Χ,
2165 5819 2248 5872 Hi.

810 5824 832 5857 ³
867 5822 1009 5880 Psal.
1037 5838 1159 5891 xui,
1198 5821 1251 5877 3.
1328 5825 1350 5857 ⁸
1382 5822 1484 5882 Isa.
1515 5839 1616 5890 ιιι,
1650 5823 1699 5878 '1’.

2437 4554 2532 4606 σοῦ
2585 4559 2619 4624 ὴ
2662 4553 2885 4623 γλῶσσα
2936 4554 3113 4627 ὡραία
3144 4572 3157 4585 ⁸
3208 4559 3604 4628 εὐηγγελίσατο
3641 4561 3753 4633 γὰρ
3795 4567 4025 4635 εξρηνην

2430 4645 2531 4715 τὴν
2563 4648 2741 4700 πάντα
2760 4646 2889 4699 νοῦν
2914 4647 3293 4735 ύπερέχουσαν
3314 4668 3330 4681 ·
3362 4651 3457 4704 σοῦ
3489 4654 3545 4705 al
3584 4656 3771 4723 χεῖρες
3795 4656 4021 4727 ὡραῖαι,

2431 4735 2509 4805 τῷ
2543 4735 2775 4806 καλάμῳ
2818 4736 2913 4789 τοῦ
2966 4738 3303 4808 Εύαγγελίου
3346 4742 3795 4813 ύπηρετήσασαι.
3868 4747 4022 4800 Ἀ).ὶὰ

2430 4830 2485 4879 τί
2512 4826 2688 4881 ταῦτα
2723 4828 2860 4899 μόνα
2905 4829 2974 4882 τά
3016 4831 3290 4901 ίερὼτατα
3333 4834 3468 4903 μέλη
3499 4837 3675 4905 φημξς
3721 4838 3893 4902 ’ῡλος
3927 4858 4017 4892 κα-

2431 4919 2624 4988 μάτοις
2656 4920 3039 4985 ἀποστολικοῖς
3069 4923 3460 4992 καθηγίασται,
3492 4928 3614 4989 ὅλος
3651 4934 4019 5001 μαρτυρικῶς

2430 5010 2872 5065 κεκαλλώπισται
2909 5015 3223 5084 στίγμασιν,
3257 5016 3347 5069 ἵνα
3382 5019 3477 5071 καὶ
3506 5022 3880 5089 μαρτυρικῶν
3929 5025 4017 5074 ἐπ·

2431 5102 2610 5156 ἀθλων
2632 5105 2726 5157 καὶ
2754 5104 3028 5174 βραϐείων
3049 5106 3380 5178 ὲπαύρηται.
3412 5108 3468 5162 '0
3494 5112 3603 5180 γὰρ
3626 5110 3800 5181 θύτης
3824 5114 4013 5180 γέγονε

2432 5196 2526 5246 καὶ
2567 5194 2716 5264 θῦμα
2764 5194 2854 5247 διὰ
2882 5197 3150 5267 Χριστὸν,
3182 5200 3278 5252 καὶ
3307 5203 3335 5253 ὁ
3364 5201 3567 5270 ποιμὴν
3600 5203 3669 5253 τά
3699 5206 3815 5265 τοῖς
3850 5204 4013 5275 θρέμ-

2436 5300 2572 5353 μασι
2616 5287 3091 5356 -παρομαρτοῦντα
3145 5290 3567 5356 συνανεδέξατοο
3608 5292 3682 5354 ὡς
3736 5296 4011 5362 πρόϐατον

2431 5376 2539 5446 γὰρ
2575 5378 2670 5429 καὶ
2699 5370 2878 5439 οὗτος,
2906 5379 3044 5446 μετὰ
3074 5379 3174 5449 τῆς
3208 5380 3376 5451 ἄλλης
3407 5382 3778 5451 ἀπωτολικῆς
3798 5389 4009 5454 ὀμηγύο

2432 5481 2592 5535 ρεως,
2622 5467 2680 5518 ὲν
2713 5466 2868 5535 μέσῳ
2900 5465 3080 5520 λύκων
3132 5470 3492 5533 ἀπέσταλται,
3522 5472 3616 5523 καὶ
3661 5472 3829 5527 θυσία
3866 5476 4007 5539 ζῶσα

2428 5553 2546 5621 θεῷ
2589 5557 3043 5625 προσενήνεκται.
3087 5555 3390 5628 Ἐδεσμήθη
3445 5558 3555 5628 γάρ
3591 5558 3731 5628 πρὸς
3786 5560 4005 5629 ἀνόμων

2427 5644 2644 5717 χειρῶν.
2681 5646 2907 5712 πολλοὺς
2941 5647 3261 5719 ἐξαρπάσας
3307 5648 3401 5704 τοῦ
3434 5638 3748 5704 διαϐολικοῦ
3804 5654 4004 5722 φάρυγ-
