4200 6430
152 348 155 351 ’
217 359 349 423 tam

212 457 507 571 μυστήριρν
528 468 626 522 ούκ
665 468 910 523 ἔϐλεπον.
954 469 1095 540 Ἐγὼ
1132 469 1187 524 δὲ
1224 469 1345 534 πῶς
1379 463 1612 533 δύναμαι
1650 462 1773 533 βλέο
1821 463 1863 520 Α

208 575 334 613 πειν
356 582 372 630 ς

289 651 351 706 ’0
399 652 458 706 δὲ
488 654 838 726 Σαρρακηνὸς
886 655 1135 720 ἀκούσας
1194 654 1375 718 τοῦτο,
1426 650 1644 722 ἐξέστη,
1701 646 1796 699 καὶ
1861 711 1864 714 γ

1345 357 1600 419 SERMO
1639 352 2119 426 HISTORICUS,
2164 352 2326 411 ETC.

3366 354 3517 418 12⁸0ίῖ

1897 458 2122 513 steriqu
2161 472 2265 509 non
2300 452 2570 507 viderunt.
2589 445 2656 502 Et
2674 456 2780 516 ego
2803 445 3057 514 qttallter
3090 453 3141 509 id
3173 454 3343 525 Ipsum
3375 477 3498 518 cer.

1899 564 2026 605 ncte
2058 543 2302 602 merear?
2680 607 2686 612 ,

1968 636 2273 693 X.Auditis
2314 632 2399 688 bis
2442 629 2790 685 Sarraeeuus
2848 628 3148 701 obstupuit,
3206 634 3480 711 jussitque

208 743 459 800 ὲκὲλευσε
478 739 603 810 τοίῖς
641 745 862 810 δούλους
887 746 1072 811 αὑτοῦ,
1104 750 1200 802 καὶ
1229 746 1442 805 πάντας
1469 746 1599 806 τοὺς
1626 744 1686 793 ὲν
1716 739 1785 808 τῷ

1895 746 2087 791 servos
2116 743 2266 790 suos,
2288 734 2345 781 et
2374 727 2646 793 quotquot
2688 720 2927 772 aderant
2956 724 3226 779 excedere
3257 731 3481 800 templo,

205 836 322 906 ναῷ
350 838 762 909 παρεστηκότας
818 840 1010 908 φυγεῖν
1056 840 1257 907 ἔξωθεν
1324 837 1419 892 τοῦ
1455 835 1607 890 ναοῦ.
1683 831 1785 884 Καὶ

1894 840 1950 883 ει
1982 821 2317 891 apprehensa
2341 813 2650 871 sacerdotis
2700 824 2864 864 manu
2897 829 2912 866 :
2947 813 3017 868 Ut
3062 817 3245 883 video,
3284 819 3482 890 inquit,

207 928 368 982 ἔλαϐε
403 930 491 983 τὸν
539 931 688 1002 ἱερέα
744 933 895 1001 περὶ
949 932 1050 1004 τὴν
1102 935 1283 1006 χεῖρα,
1325 931 1417 987 καὶ
1469 923 1662 980 εἶπεν
1706 924 1795 985 ἀς

207 1019 404 1090 θεωρῶ
430 1023 522 1074 καὶ
554 1023 1033 1095 πληροφοροῦμαι,
1085 1024 1298 1094 μεγάλη
1332 1027 1482 1078 ἐστὶν
1539 1022 1572 1090 ἡ
1606 1022 1795 1080 πίστις

211 1112 319 1163 τῶν
350 1114 701 1181 Χριστιανῶν
728 1131 741 1144 ·
775 1115 893 1167 ἀλλ’
918 1117 966 1168 εξ
996 1116 1112 1168 ἔστι
1151 1132 1234 1169 σοι
1261 1115 1495 1187 θέλημα,
1521 1110 1791 1185 βάπτισόν

212 1219 306 1271 με,
349 1204 546 1275 Πάτερ.
590 1205 648 1259 '0
674 1206 730 1259 δὲ
758 1207 934 1277 ἱερεὺς
973 1207 1118 1277 λέγει
1146 1208 1223 1279 τῷ
1254 1209 1590 1280 Σαρρακηνῴ
1612 1227 1625 1239 ⁸

284 1292 482 1365 Κύριε,
528 1297 690 1365 ἡμεῖς
748 1298 1077 1368 πιστεύομεν
1133 1302 1229 1354 καὶ
1274 1301 1647 1371 ὁμολογοῦμεν
1693 1302 1788 1356 τὸν

211 1384 417 1454 Κύριον
448 1387 604 1457 ἡμῶν
659 1388 868 1459 Ἰησοῦν
903 1392 1161 1462 Χριστὸν,
1191 1392 1285 1445 τὸν
1327 1394 1453 1448 Υίὸν
1488 1394 1581 1448 τοῦ
1611 1395 1746 1449 Θεοῦ
1768 1437 1785 1461 ,

209 1475 304 1528 τὸν
328 1477 549 1532 ἐλθόντα
582 1480 662 1543 είς
694 1480 787 1534 τὸν
817 1483 1022 1553 κόσμον
1047 1483 1138 1537 διὰ
1163 1485 1262 1554 τὴν
1291 1486 1450 1555 ἡμῶν
1486 1489 1781 1560 σωτηρίαν.

296 1566 489 1636 Ἡμεῖς
545 1570 604 1623 δὲ
657 1571 983 1643 πιστεύομεν
1031 1574 1132 1644 τὴν
1188 1575 1351 1644 ἁγίαν
1401 1577 1633 1647 Τριάδα,
1692 1581 1787 1634 καὶ

1898 935 1963 975 ac
2000 914 2306 972 certissime
2348 908 2649 977 comperio,
2682 920 2878 974 magna
2923 917 3007 959 est
3039 907 3171 965 lides
3209 910 3481 969 Cbristia-

1901 1028 2117 1073 norum,
2167 1013 2224 1062 et
2264 1002 2535 1074 siquidem
2571 998 2667 1052 tibi
2717 998 2982 1067 placuerit
3031 1000 3242 1071 baptiza
3302 1022 3407 1073 me,
3441 1023 3475 1062 ο

1902 1102 2080 1156 [ἴδια.
2102 1096 2405 1167 Respondit
2432 1090 2691 1148 sacerdos
2713 1088 3016 1149 Sarraceno
3041 1112 3058 1148 :

1966 1287 2057 1343 Χῖ,
2106 1278 2358 1344 Domine,
2393 1292 2493 1334 nos
2526 1279 2801 1336 credimus
2836 1294 2898 1335 ac
2932 1277 3472 1335 conﬁtemurDomi-

1892 1397 2020 1438 num
2057 1379 2309 1430 nostrum
2359 1367 2546 1424 Jesum
2606 1372 2883 1426 Christum
2936 1370 3134 1427 Filium
3195 1372 3329 1436 Dei,
3385 1371 3477 1441 qui

1890 1481 2112 1547 propter
2146 1473 2388 1520 uestram
2418 1462 2646 1518 salutem
2686 1464 2831 1519 venit
2853 1465 2909 1517 in
2938 1464 3220 1517 tumidum.

1961 1564 2079 1624 XII.
2124 1556 2417 1617 Credimus
2440 1566 2713 1621 sanctam,
2750 1555 3265 1610 consubstantialem
3306 1563 3361 1608 et
3394 1554 3477 1609 in-

206 1656 496 1726 ὁμοούσιον
534 1662 631 1714 καὶ
676 1662 1003 1734 ἀδιαίρετον,
1041 1664 1281 1737 Πατέρα,
1316 1645 1468 1732 Υἱὸν,
1503 1670 1598 1723 καὶ
1632 1668 1785 1739 ἅγιον

1888 1662 2161 1716 dividuam
2197 1648 2537 1722 Trinitatem,
2573 1648 2789 1703 Patrem
2812 1690 2828 1716 ,
2864 1648 3084 1715 Filium,
3120 1656 3177 1703 et
3209 1645 3472 1717 Spiritum

208 1746 569 1822 Πνεῦμα,τὴν
602 1752 732 1823 μίαν
757 1754 1007 1827 θεότητα.

1889 1761 2160 1816 sanctum,
2197 1762 2359 1802 uuam
2399 1739 2681 1797 deitatem.

282 1840 619 1913 Πιστεύομεν
652 1845 709 1899 δὲ
749 1846 968 1917 Μαρίαν
1008 1848 1109 1919 τὴν
1139 1850 1516 1922 ἁειπαρθένον,
1548 1853 1648 1924 τὴν
1678 1872 1785 1925 μη-

1961 1842 2097 1899 XIII.
2140 1839 2429 1897 Credimus
2480 1839 2698 1907 quoque
2749 1830 2999 1925 Mariam
3032 1844 3244 1925 semper
3304 1830 3471 1925 virgis

205 1928 343 1996 τέρα
375 1932 467 1985 τοῦ
500 1936 694 2002 φωτὸς,
724 1937 822 2007 τὴν
856 1937 1091 2002 τέξασαν
1131 1940 1221 1993 τὸν
1249 1942 1462 2011 καρπὸν
1491 1945 1589 2015 τῆς
1614 1944 1783 2018 ζωῆς,

205 2022 303 2076 τὸν
334 2028 736 2097 προειρημένον
772 2030 979 2101 Κύριον
1027 2032 1186 2102 ήμῶν
1248 2031 1455 2106 Ἰησοῦν
1507 2038 1782 2106 Χριστόνο

205 2112 310 2183 τὴν
340 2116 445 2182 πρὸ
477 2118 636 2171 τόκου
665 2122 951 2190 παρθένον,
985 2125 1079 2175 καὶ
1109 2124 1168 2176 ἐν
1198 2124 1341 2197 τόκῳ
1369 2129 1658 2198 παρθένον,
1692 2131 1785 2184 καὶ

208 2206 350 2275 μετὰ
373 2207 532 2259 τόκον
561 2211 847 2281 παρθένον.

283 2295 621 2369 Πιστεύομεν
652 2302 711 2359 δὲ
751 2306 847 2358 καὶ
894 2307 1105 2372 πάντας
1153 2311 1281 2372 τοὺς
1329 2310 1521 2379 ἁγίους
1548 2312 1784 2368 ἀποστό-

205 2385 354 2451 λους,
391 2391 485 2443 καὶ
523 2396 829 2465 προφήτας,
860 2398 1165 2470 μάρτυρας,
1203 2401 1384 2466 ὁσίους
1421 2406 1513 2458 καὶ
1539 2405 1784 2471 δικαίους

200 2475 285 2540 ὡς
331 2480 665 2550 θεράποντας
719 2486 876 2540 Θεοῦ.
922 2490 1145 2554 Λοιπὸν,
1198 2491 1355 2562 κύριέ
1420 2512 1560 2565 μου,
1600 2498 1659 2548 ού
1699 2515 1783 2564 γι-

202 2568 464 2639 νώσκεις,
495 2576 578 2629 ὅτι
613 2578 817 2647 μείζων
843 2580 1068 2635 πάντων
1101 2584 1251 2638 ἐστὶν
1284 2589 1315 2657 η
1348 2587 1533 2652 πίστις
1563 2588 1671 2643 τῶν
1692 2590 1783 2663 ὀρ-

202 2658 438 2728 θοδόξων
472 2666 815 2734 Χριστιανῶν
835 2687 851 2735 ;

292 2773 350 2826 '0
382 2775 438 2828 δὲ
466 2777 822 2850 Σαρρακηνὸς
851 2783 1012 2847 πάλιν
1035 2784 1162 2855 ἔφη,
1190 2772 1393 2858 Ᾱέομαί
1429 2806 1544 2855 σου,
1579 2793 1779 2861 Πάτερ,

202 2864 505 2933 βάπτιστόν
537 2888 625 2936 με.
654 2873 712 2925 '0
740 2872 798 2926 δὲ
833 2876 1013 2947 ἱερεὺς
1039 2878 1212 2947 λέγων
1232 2895 1247 2910 ·
1275 2882 1366 2952 Μὴ
1402 2883 1608 2950 γένοιτο
1628 2902 1641 2916 ·
1671 2886 1783 2955 ἐγὼ

199 2955 270 3009 οὐ
317 2956 551 3030 δύναμαι
602 2965 824 3034 ποιῆσαι
877 2967 1120 3023 τοιοῦτον
1178 2970 1361 3038 ἔργον,
1422 2975 1515 3027 κα)⁸
1555 2975 1620 3029 ἂν
1672 2977 1783 3046 ἐγὼ

200 3047 366 3140 τούτο
416 3054 650 3123 ποιήσω,
682 3057 775 3109 καὶ
820 3060 849 3111 ὁ
900 3061 991 3122 σος
1026 3061 1238 3130 ἀνεψιὴ
1304 3064 1334 3116 ὁ
1398 3066 1782 3140 Ἀμερουμνῆς

1890 1952 2034 2001 nem,
2054 1936 2190 1990 lucis
2208 1932 2457 1995 Matrem,
2487 1942 2609 1997 qua:
2637 1924 2847 1992 peperit
2879 1924 3035 1978 nobis
3062 1922 3292 1976 fructum
3327 1923 3467 1989 vita,

1882 2029 1992 2099 jam
2018 2027 2350 2082 antedictqu
2375 2021 2662 2078 Dominum
2689 2025 2939 2073 nostrum
2962 2013 3144 2069 Jesunt
3169 2014 3467 2078 Christum,

1886 2121 2149 2190 virginem
2180 2128 2304 2171 ante
2344 2123 2558 2186 partum
2583 2152 2599 2181 ,
2637 2111 2911 2181 virginem
2942 2106 2995 2159 in
3036 2114 3227 2175 partu,
3268 2112 3321 2158 et
3352 2114 3471 2171 post

1883 2223 2098 2280 partum
2134 2208 2416 2276 virginem.

1958 2299 2098 2354 XIV.
2142 2298 2428 2354 Credimus
2457 2298 2622 2352 etiam
2657 2308 2846 2349 omnes
2896 2301 3115 2349 sanctos
3154 2294 3464 2364 apostolos,

1885 2394 2213 2464 prophetas,
2248 2401 2549 2463 martyres.
2599 2398 2857 2458 sanctos,
2896 2398 2952 2443 et
2987 2388 3163 2458 iustos
3204 2398 3465 2458 tanquam

1886 2485 1979 2541 Dei
2015 2486 2309 2539 ministros.
2344 2483 2615 2552 Denique,
2651 2481 2870 2536 domine
2917 2480 3024 2545 mi,
3072 2495 3177 2535 non
3213 2482 3466 2552 agnoscis

1886 2576 2042 2631 ﬁdem
2067 2575 2490 2629 orthodoxorum
2520 2572 2954 2628 Christianorum
3002 2572 3239 2642 reliquas
3269 2587 3460 2629 utnues

1884 2667 2241 2724 antecellere?

1954 2781 2070 2835 XV.
2113 2782 2447 2836 Sarraceuus
2484 2783 2663 2837 denuo
2708 2782 2946 2837 instabat
2980 2799 2995 2838 :
3029 2781 3285 2851 Snpplico
3319 2791 3415 2835 tua
3443 2819 3459 2843 ,

1886 2872 2065 2939 Pater,
2110 2875 2322 2942 baptiza
2376 2887 2481 2928 me.
2537 2873 2609 2927 At
2655 2873 2925 2928 Sacerdos
2983 2874 3184 2928 restitit
3233 2872 3459 2927 dicens:

1885 2966 2242 3036 Nequaquam
2294 2965 2394 3019 ltoc
2445 2965 2557 3020 Iiat.
2606 2965 2726 3020 Non
2781 2965 2925 3020 enim
2960 2980 3177 3035 possum
3222 2980 3321 3035 ego
3356 2965 3462 3018 tale

1886 3056 2100 3112 facilius
2146 3066 2483 3125 perpetrare.
2520 3054 2588 3108 Et
2616 3056 2661 3110 si
2692 3070 2794 3126 ego
2824 3056 2876 3110 id
2912 3055 3169 3110 auderem
3194 3095 3209 3119 ,
3244 3070 3306 3110 ac
3337 3065 3462 3110 tuus

202 3135 359 3232 μαθῃ
387 3140 519 3193 αὐτὸ
566 3143 626 3195 τὸ
676 3144 862 3215 ἔργον,
884 3149 1173 3202 ἀποκτενεῖ
1219 3151 1319 3219 ἐμὲ
1372 3135 1469 3205 καί
1492 3135 1777 3227 διαφθερεῖ

1889 3147 2146 3214 patruelis
2182 3146 2535 3201 Amerumnes
2589 3145 2791 3200 factum
2840 3147 3120 3211 rescierit,
3156 3145 3456 3200 interliciet

199 3229 419 3282 καὶτὸν
451 3234 598 3288 ναόν.
618 3235 759 3289 Ἀλλ’
789 3240 837 3291 εί
876 3240 989 3292 ἔστι
1027 3258 1108 3293 σοι
1139 3241 1352 3312 θέλημα
1392 3244 1777 3317 βαπτισθῆναι,

200 3319 443 3389 πορεύου
478 3324 616 3394 πρὸς
656 3327 748 3380 τὸν
791 3331 974 3382 ἐκεῖσε
1022 3332 1187 3384 τόπον
1232 3334 1289 3383 ὲν
1341 3332 1417 3402 τῷ
1448 3334 1567 3405 ὄρει
1615 3337 1776 3392 Σινᾶ·

200 3410 370 3463 κάκεῖ
393 3413 540 3468 ἐστιν
564 3417 591 3467 ὀ
615 3416 928 3490 ἀρχιερεὺς,
972 3422 1134 3487 αὑτός
1166 3440 1223 3475 σε
1254 3422 1537 3493 βαπτίσει.

290 3588 346 3641 '0
374 3590 431 3643 δὲ
458 3591 812 3664 Σιρῤακηνὸς
843 3596 1071 3666 ἐποίησε
1105 3598 1395 3668 μετάνοιαν
1424 3598 1501 3670 τῷ
1534 3603 1779 3671 πρεσὸυ·

197 3680 367 3752 τέρῳ.
398 3686 492 3738 καὶ
525 3686 796 3759 ἐπορεύθη
835 3687 1034 3752 ἔξωθεν
1061 3691 1151 3744 τοῦ
1178 3691 1328 3748 ναοῦ.
1362 3694 1517 3747 Μετὰ
1545 3695 1600 3748 δὲ
1625 3697 1776 3766 ὥραν

200 3773 338 3843 μίαν
377 3776 478 3845 τῆς
524 3778 750 3845 νυκτὸς,
789 3781 953 3835 πάλιν
1001 3778 1132 3854 ἦλθε
1176 3785 1312 3855 πρὸς
1337 3786 1429 3839 τὸν
1479 3788 1652 3857 ίερέα,
1683 3788 1779 3842 καὶ

196 3865 425 3940 ἑξεδύθη
460 3867 531 3922 τὰ
554 3870 655 3939 τῆς
682 3870 960 3941 βασιλείας
983 3874 1189 3945 χρύσεα
1220 3877 1411 3946 ἱμάτια
1440 3879 1536 3932 καὶ
1557 3879 1780 3953 ὲνεδύθη

199 3956 332 4008 τινὰ
364 3958 623 4029 πενιχρὸν
650 3961 853 4014 σάκκον
892 3962 1155 4033 τρίχινον,
1197 3964 1292 4018 καὶ
1323 3964 1411 4017 διὰ
1445 3964 1640 4028 νυκτὸς
1674 3983 1777 4035 φυ-

195 4045 319 4112 γὼν
353 4051 445 4100 καὶ
477 4050 669 4120 ἄδηλος
701 4051 937 4118 ἐγένετο,
976 4055 1066 4106 καὶ
1103 4055 1468 4126 πορευόμενος
1501 4058 1558 4118 ἐς
1590 4057 1653 4109 τὸ
1684 4056 1778 4110 τοῦ

196 4136 336 4189 Σινᾶ
369 4137 514 4208 ὅρος,
548 4144 770 4197 κάκεῖσε
804 4142 964 4197 ἔλασε
994 4144 1054 4197 τὸ
1092 4145 1246 4214 ἅγιον
1278 4146 1563 4217 βάπτισμα
1594 4148 1658 4200 ὲκ
1684 4147 1778 4202 τοῦ

192 4226 525 4297 ἀρχιερέως.

279 4320 488 4389 Ἐμαθε
515 4322 571 4375 δὲ
594 4324 688 4377 καὶ
710 4324 773 4377 τὸ
801 4326 1125 4399 ψαλτήριον,
1159 4331 1254 4385 καὶ
1284 4333 1618 4405 ἐστιχολόγει
1644 4338 1778 4393 αὐτὸ

192 4409 325 4462 καθ’
356 4412 616 4483 ἑκάστην.

1889 3239 1975 3293 illc
2008 3254 2127 3301 me,
2177 3246 2232 3291 et
2280 3237 2539 3306 templum
2577 3237 2681 3291 hoc
2722 3239 2982 3291 destruet.
3024 3236 3133 3289 Sed
3188 3236 3457 3305 siquidem

1884 3328 2143 3397 baptizari
2187 3329 2483 3394 desideras,
2534 3330 2883 3398 proﬁciscere
2910 3331 2973 3381 ad
3006 3330 3153 3382 illum
3190 3329 3366 3383 locum
3403 3330 3455 3383 in

1884 3431 2066 3475 monte
2105 3420 2235 3475 Sina
2269 3420 2347 3493 (ὁ)
2376 3439 2390 3475 :
2430 3437 2556 3476 nam
2587 3422 2697 3477 illic
2741 3423 3029 3492 episcopus
3054 3421 3238 3492 degit,
3291 3422 3379 3476 ille
3408 3432 3458 3475 tu

1880 3512 2199 3580 baptizabit.

1953 3600 2092 3659 XVI.
2135 3601 2297 3657 Facta
2333 3617 2465 3674 ergo
2498 3605 2766 3660 sacerdoti
2811 3606 3149 3675 reverentia,
3203 3621 3453 3678 egressus

1880 3705 1964 3749 est
1999 3695 2197 3765 templo
2229 3695 2587 3753 Sarracenos.
2624 3697 2750 3753 l’ost
2781 3699 3013 3768 primam
3048 3699 3244 3756 deinde
3274 3700 3452 3755 noctis

1882 3785 2071 3841 horam
2105 3788 2249 3841 venit
2299 3789 2364 3840 ad
2400 3788 2759 3853 sacerdotem,
2790 3799 2844 3844 et
2874 3800 3068 3846 exutus
3101 3807 3264 3846 aurea
3304 3796 3453 3861 regni

1882 3878 2239 3944 vestimenta,
2291 3878 2619 3949 indutusque
2675 3880 2764 3935 vili
2824 3897 2984 3938 sacco
3014 3884 3264 3948 cilicino,
3324 3884 3455 3953 fugit

1882 3966 2186 4035 incognitus
2225 3968 2413 4023 eadem
2448 3980 2605 4024 nocte
2627 4009 2643 4035 ,
2674 3971 3065 4043 profectusque
3096 3988 3179 4028 est
3213 3972 3266 4028 in
3302 3990 3453 4027 mon-

1885 4071 1988 4115 tem
2023 4059 2151 4113 Sina
2173 4103 2187 4126 ,
2222 4071 2278 4115 et
2312 4060 2507 4117 ibidem
2540 4061 2608 4115 ab
2641 4064 2897 4133 episcopo
2944 4079 3156 4119 sacrum
3190 4065 3456 4134 baptisma

1882 4154 2139 4222 suscepit.

1951 4330 2110 4386 XVII.
2155 4332 2352 4387 Didicit
2386 4347 2599 4404 quoque
2643 4334 2986 4404 psalterium,
3016 4345 3071 4390 et
3095 4337 3335 4406 quotidie
3370 4355 3457 4393 re-

1880 4425 2082 4479 citabat
2110 4425 2495 4480 versiculatim.

270 4524 427 4579 Μετὰ
466 4527 520 4579 δὲ
562 4528 652 4600 ἔτη
701 4530 827 4602 τρία
867 4533 926 4585 ὲν
966 4536 1064 4607 μιᾷ
1094 4535 1203 4589 τῶν
1250 4540 1493 4611 ἡμερῶν,
1541 4536 1661 4595 εἶπε
1699 4543 1776 4614 τῷ

1950 4535 2362 4608 XVIII.Elapsis
2384 4548 2562 4591 autem
2592 4539 2767 4593 tribus
2797 4532 2979 4606 anuis,
3018 4541 3070 4594 in
3105 4557 3206 4595 una
3243 4543 3452 4596 dierum

187 4616 477 4685 ἀρχιερεῖ⁸
529 4620 890 4693 Συγχὼρησόν
932 4644 1058 4695 μοι,
1107 4628 1378 4695 δέσποτα,
1430 4632 1546 4694 πῶς
1600 4634 1779 4702 μέλλω

188 4706 427 4774 ποιῆσαι
472 4709 599 4763 ἰδεῖν
646 4713 739 4765 τὸν
774 4715 1040 4785 Χριστόνς
1091 4718 1148 4770 '0
1180 4719 1237 4772 δὲ
1287 4722 1579 4794 ἀρχιερεὺς
1612 4721 1731 4778 εἷπε
1760 4742 1775 4757 ·

191 4799 514 4869 Προσεύχου
563 4803 701 4871 μετὰ
758 4807 995 4872 πίστεως
1044 4810 1231 4880 ὀρθῆς,
1272 4818 1367 4866 καὶ
1416 4816 1474 4867 ὲν
1528 4820 1630 4888 μιᾷ
1664 4820 1773 4874 τῶν

190 4894 225 4959 ἦ
237 4892 426 4965 μερῶν
458 4895 673 4964 μέλλεις
700 4896 894 4952 θεᾶσαι
923 4900 1014 4952 τὸν
1045 4902 1281 4971 Χριστὸν
1311 4905 1387 4968 ὡς
1424 4908 1627 4972 ποθεῖς.
1667 4913 1777 4965 Καὶ

188 4982 366 5036 πάλιν
391 4987 419 5037 ὃ
437 5002 564 5040 ποτε
597 4988 947 5061 Σαρῤακηνὸς
974 4993 1097 5064 ἔφη·
1129 4995 1392 5061 Δέσποτα,
1421 4999 1776 5072 συγχώρησον

191 5092 330 5145 μοι,
372 5076 519 5141 ὅπως
566 5082 818 5150 πορευθῶ
865 5084 1003 5154 πρὸς
1054 5087 1141 5137 τὸν
1179 5088 1327 5157 ἱερέα
1361 5092 1452 5143 τὸν
1484 5092 1772 5159 διδάξαντα

190 5182 294 5235 με,
323 5166 447 5219 ὅταν
471 5165 720 5240 εἷδοντὴν
764 5174 1003 5244 φρικτὴν
1031 5177 1301 5233 ὀπτασίαν
1331 5182 1388 5233 ὲν
1417 5182 1494 5253 τῷ
1527 5186 1642 5256 ναῷ
1671 5186 1767 5241 τοῦ

187 5258 526 5323 πανενδὸξου
583 5261 861 5334 μάρτυρος
921 5266 1211 5337 Γεωργέου.
1276 5272 1333 5324 '0
1365 5272 1421 5325 δὲ
1480 5278 1771 5348 ἀρχιερεὺς

188 5350 309 5416 ἔφη
331 5366 343 5379 ·
377 5350 618 5421 Πορεύου
652 5355 729 5419 εἰς
762 5358 1004 5429 εἰρήνην.

269 5439 381 5529 καὶ
405 5441 578 5504 οὕτως
604 5446 874 5518 ἐπορεύθη
905 5451 1040 5518 πρὸς
1060 5454 1150 5506 τὸν
1170 5454 1322 5525 ίερέα
1343 5496 1356 5515 ,
1388 5456 1481 5509 καὶ
1514 5458 1771 5529 ἐποίησεν

186 5527 351 5597 αᾶτῷ
386 5534 693 5599 μετάνοιαν,
734 5538 827 5589 καὶ
862 5540 1268 5611 προσεκύνησεν
1300 5544 1447 5614 αύτῴ
1475 5584 1488 5607 ,
1525 5548 1615 5597 καὶ
1649 5527 1768 5600 εἷπε

1881 4633 1958 4685 ait
2003 4632 2298 4701 episcopo:
2342 4630 2599 4685 Permitte
2655 4632 2820 4698 milii,
2875 4634 3128 4697 domine,
3183 4647 3238 4687 ut
3274 4634 3455 4689 videre.

1880 4723 2089 4775 valeam
2125 4722 2423 4779 Christum.
2474 4722 2773 4794 EpiscOpus
2824 4726 3103 4794 respondit
3138 4744 3152 4781 ε
3188 4728 3295 4779 Ora
3330 4743 3450 4780 cum

1885 4825 2030 4869 recta
2068 4814 2205 4879 Iide,
2242 4825 2296 4869 et
2326 4816 2377 4869 in
2408 4831 2511 4869 una
2562 4816 2771 4871 dierum
2805 4816 3020 4872 visurus
3071 4833 3129 4872 es
3176 4817 3451 4873 Christum

1883 4905 2333 4975 quemadmodum
2395 4906 2694 4961 desideras.
2748 4907 2815 4962 Et
2879 4923 3067 4961 rursus
3124 4909 3214 4976 qui
3277 4907 3454 4962 fuerat

1881 5004 2216 5059 Sarracenus
2262 5005 2397 5059 dixit
2431 5022 2445 5060 :
2483 5003 2744 5060 Permitte
2787 5007 2915 5060 milii
2947 5018 3005 5061 ut
3038 5009 3352 5076 proﬁciscar
3384 5009 3452 5064 ad

1879 5099 2238 5163 sacerdotem,
2284 5098 2377 5168 qui
2412 5113 2497 5154 me
2546 5098 2705 5153 ﬁdem
2740 5100 2985 5157 edocuit.
3029 5103 3242 5169 quando
3293 5102 3453 5154 visio-

1879 5204 1999 5241 nem
2043 5188 2413 5242 admirabilem
2441 5188 2545 5243 vidi
2581 5190 2633 5242 in
2679 5189 2874 5258 templo
2901 5189 3272 5256 gloriosissimi
3310 5206 3456 5244 tuar-

1881 5280 2013 5350 Iyris
2056 5280 2295 5350 Georgii.
2326 5280 2621 5350 Respondit
2651 5283 2976 5352 episcopus:
3014 5280 3157 5336 Vade
3198 5282 3249 5335 in
3294 5298 3449 5351 pace.

1954 5456 2095 5511 XIX.
2141 5458 2338 5529 Sicque
2371 5461 2434 5515 ad
2490 5461 2821 5514 sacerdotem
2853 5461 3129 5530 prolectus
3160 5464 3455 5531 prostravit

1883 5566 1939 5603 se
1991 5552 2373 5620 aduraritque,
2428 5561 2482 5605 et
2540 5552 2811 5620 inquiebat
2870 5553 3133 5606 sacerdoti
3189 5570 3202 5607 :
3273 5552 3443 5619 Nosti.

269 5701 866 5803 Li"Brimdtts‘linianus
927 5714 1492 5803 {irinumlpru3sidiuni.
1552 5733 1736 5777 rontt‘a
1782 5726 2113 5782 Sari-acutos
2157 5737 2435 5798 posuerat,
2484 5728 2744 5800 l'roropio
2817 5740 2968 5786 Iuste.
2999 5733 3076 5783 Ad
3145 5741 3257 5788 tuta
3291 5731 3453 5803 igitur

190 5774 315 5828 'C-ca
343 5776 721 5832 Amernmncm
755 5784 1005 5836 amuudat
1031 5774 1283 5854 prudenti
1310 5790 1553 5845 consilio.
