4200 6430
211 342 342 407 1217

1028 348 1348 407 ΠΟΜΠᾸΛ
1407 348 1529 406 CUI
1577 349 1749 408 Vl'l‘A
1794 349 2112 407 llURL-X‘H
2158 352 2275 408 ΜΤ
2316 354 2621 411 ΒΙΜἸΗὲ.

3312 353 3444 416 1218

208 457 316 525 γάρ
342 456 442 525 τῆῖ
491 456 747 526 Tatwin};
793 458 958 526 τιμῆς
1008 459 1104 510 καὶ
1148 458 1427 527 βασιλείας
1453 459 1547 511 καὶ
1590 459 1782 511 πασῶν
1815 470 1853 520 Α

1890 476 1937 529 pi
1957 461 2136 528 ωαψς
2154 462 2391 513 miinium
2417 459 2536 527 qute
2567 463 2616 513 in
2642 471 2776 512 terra
2803 461 3087 528 degebant,
3111 463 3266 515 simul
3288 475 3446 529 ,ιιιιιιμ

207 548 314 597 τῶν
344 546 501 599 θείων
522 548 738 617 δωρεῶν
776 551 834 601 ἐν
878 552 974 620 μιᾷ
1001 552 1140 620 ῥοπῇ
1187 548 1496 619 γυμνωθεὶς
1530 550 1776 615 ἐξέπεσε,

208 639 300 689 καὶ
328 638 423 689 τοῦ
445 639 776 709 παραδείσου
804 638 1079 712 ἐξόριστος
1124 640 1338 708 γέγονε,
1373 641 1470 692 καὶ
1503 643 1581 703 είς
1618 639 1778 709 βάθος

207 729 481 797 πτωχείας
510 729 603 782 καὶ
629 730 1005 801 ταλαιπωρίας
1037 732 1401 801 κατήντησεν.

1888 565 2053 601 unum
2093 562 2460 616 transgressus
2504 563 2586 603 est
2633 550 2963 613 mandatum,
3004 552 3254 603 omnibus
3301 553 3445 604 illirn

1886 637 2042 690 bouis
2069 641 2311 706 privatus
2358 654 2419 692 ac
2443 639 2735 692 destitutus
2759 637 2939 691 fuerit.
2981 640 3271 693 Enimvero
3300 643 3445 693 omni

1884 731 2115 797 pristino
2152 731 2355 780 honore
2380 739 2431 780 el
2460 730 2686 796 imperio
2717 738 2878 796 atque
2908 732 3156 784 omnibus
3180 731 3339 785 donis
3365 729 3447 782 di-

208 820 351 873 vinis
390 837 496 875 uno
534 824 793 892 temporis
825 825 1407 893 momento’spolialus
1455 825 1681 889 excidit,
1723 834 1777 878 et
1853 824 2104 891 paradiso
2160 821 2412 875 exclusus
2447 822 2737 885 exsulavit,
2785 831 2947 891 atque
3017 822 3070 875 in
3121 824 3445 891 profundum

208 909 404 979 inopiae
438 921 492 964 et
527 927 780 968 aerumnae
808 916 1076 985 gurgitem
1102 915 1347 969 incurrit.

280 1001 351 1054 1".
387 1002 555 1057 Ὅταν
574 1001 667 1058 οὖν
687 1006 749 1058 τὸ
769 1005 827 1059 ἐν
855 1010 1106 1077 πταῖσμα
1129 1008 1229 1077 τῆς
1256 1007 1542 1079 παρακοῆς
1572 1008 1779 1059 ἐκείνου

210 1095 504 1165 συγκρίνας
538 1099 652 1161 τοῖς
707 1099 1103 1169 ἀναριθμήτοις
1146 1100 1309 1171 ήμῶν
1355 1100 1776 1171 ἁμαρτήμασιν,

205 1185 514 1254 ἀπογνώσει
550 1187 859 1259 βυθίξομαι.
894 1191 1060 1242 Ὅταν
1084 1189 1143 1241 δὲ
1169 1191 1249 1250 εἰς
1294 1189 1363 1242 τὰ
1389 1188 1530 1242 κατὰ
1562 1187 1653 1240 τὸν
1682 1188 1780 1259 λῃ-

210 1277 346 1346 στὴν
372 1280 460 1330 τὸν
493 1278 619 1331 νοῦν
652 1280 931 1348 ἐπανάγω,
982 1281 1079 1332 καὶ
1104 1279 1219 1347 γνῶ
1248 1280 1333 1333 ὅτι
1358 1280 1426 1332 δι’
1475 1278 1592 1340 ἐνὸς
1620 1278 1779 1345 λόγου

210 1367 504 1434 σέσωσται,
538 1370 967 1441 ἐξαλειφθέντων
1007 1371 1175 1425 αὐτοῦ
1214 1372 1435 1425 πάντων
1470 1371 1576 1424 τῶν
1604 1372 1782 1440 ἁμαρ-

206 1461 491 1531 τημάτων,
523 1463 786 1533 ἀναψύχω
833 1466 900 1535 τῇ
944 1464 1141 1527 ἐλπίδι,
1166 1465 1262 1516 καὶ
1287 1463 1611 1533 προστρέχω
1643 1477 1780 1531 προ-

209 1550 400 1621 θύμως
421 1555 487 1622 τῇ
514 1554 792 1624 μετανοίᾳ⁸
814 1553 1001 1624 ἐπειδὴ
1018 1556 1226 1617 ἐκεῖνος
1241 1554 1321 1623 τῷ
1338 1554 1482 1625 ἔργῳ
1498 1554 1778 1615 πέπτωκε,

209 1645 306 1694 καὶ
333 1638 482 1704 οὗτος
510 1643 577 1696 δι’
605 1644 724 1706 ἐνὸς
748 1644 907 1713 λόγου
938 1646 1226 1702 σέσωσται.
1271 1645 1509 1705 Ἐκεῖνος
1529 1643 1781 1711 θαύματα

1952 1002 2042 1057 ΙΙΙ.
2071 1004 2299 1058 Proinde
2323 1019 2445 1057 cum
2472 1019 2634 1057 unum
2659 1004 2800 1057 illius
2837 1004 3213 1059 inobedientia:
3240 1005 3445 1074 lapsum

1881 1105 2005 1145 eum
2040 1090 2353 1159 innumeris
2382 1095 2577 1145 erratis
2634 1094 2838 1147 nostris
2865 1108 3148 1163 compono,
3190 1097 3447 1164 despera-

1884 1183 2040 1235 tionis
2065 1184 2358 1249 immergor
2394 1183 2606 1250 pelago.
2647 1172 2838 1236 Verum
2870 1187 3084 1251 quando
3104 1187 3341 1239 animum
3382 1187 3449 1238 ad
3484 1242 3485 1247 η

1882 1290 1944 1329 ea
1996 1290 2115 1342 qua:
2162 1273 2356 1326 latroni
2416 1275 2736 1328 acciderunt
2774 1275 2995 1338 reduco,
3041 1285 3094 1327 et
3157 1277 3276 1329 novi
3325 1292 3448 1329 eum

1884 1365 2043 1417 unica
2076 1363 2412 1415 oratiuncula
2447 1374 2718 1416 servatum
2765 1380 2908 1428 esse,
2943 1366 3194 1420 omnibus
3218 1366 3334 1431 ejus
3364 1383 3448 1420 er-

1883 1456 2018 1528 ratis
2055 1454 2269 1516 deletis,
2296 1469 2387 1523 spe
2422 1455 2659 1517 reﬁcior,
2695 1465 2749 1509 et
2782 1457 3039 1509 alacriter
3074 1460 3140 1510 ad
3178 1461 3450 1526 paeniten-

1889 1547 2016 1599 tiam
2053 1559 2309 1609 recurro;
2363 1547 2796 1613 quandoquidem
2841 1547 2929 1598 ille
2970 1549 3039 1600 ob
3067 1550 3266 1601 laetum
3300 1550 3451 1603 ceci-

1886 1637 2071 1701 derat;
2107 1636 2189 1689 liie
2240 1637 2400 1689 etiam
2447 1652 2542 1704 per
2573 1636 2775 1689 dictum
2831 1652 2996 1689 unum
3029 1648 3273 1691 servatus
3316 1651 3395 1692 est
3431 1657 3447 1692 :

210 1736 427 1799 ἐξαίσια
459 1732 585 1801 εἶδε,
619 1738 712 1791 καὶ
738 1740 1089 1810 παρήκουσεν
1109 1753 1126 1770 ο
1149 1731 1307 1800 οὗτος
1341 1737 1493 1790 οὐδὲν
1534 1732 1698 1799 οἶδεν,
1729 1734 1778 1786 εί
1811 1729 1852 1784 Β

1884 1727 1971 1781 ille
2011 1728 2271 1780 miracula
2313 1727 2575 1795 stupenda
2623 1727 2852 1788 viderat,
2889 1738 2943 1780 et
2995 1727 3274 1782 inubediil.
3346 1729 3442 1784 llic

214 1828 295 1897 μὴ
319 1826 411 1879 τὸν
441 1828 676 1897 Χριστὸν
705 1828 802 1882 καὶ
833 1829 1021 1882 τοῦτον
1046 1829 1487 1898 ἐσταυρωμένον,
1523 1827 1617 1879 καὶ
1656 1828 1776 1895 ἠτι-

214 1919 493 1989 μωμένον,
517 1919 610 1973 καὶ
638 1922 927 1974 ἐπίστευσε
954 1937 968 1951 ·
1003 1920 1139 1973 πολὺ
1166 1915 1259 1972 οὖν
1284 1918 1347 1971 τὸ
1373 1918 1654 1988 διάφορον,
1682 1916 1780 1970 καὶ

210 2011 313 2081 τῆς
342 2012 582 2082 ἰσότητος
610 2013 673 2064 τὸ
696 2014 903 2075 άνισον,
930 2013 1088 2066 νόσου
1114 2012 1293 2081 ψυχῆς
1316 2012 1408 2065 καὶ
1436 2013 1688 2079 σώματος
1718 2008 1780 2060 τὸ

206 2105 502 2174 ἀνόμοιον·
539 2105 599 2157 οὐ
656 2105 768 2176 γὰρ
809 2089 955 2175 εἶχεν
999 2106 1193 2176 ἐτνέραν
1234 2104 1438 2175 ἀρετὴν
1484 2105 1512 2154 ὀ
1554 2100 1777 2175 λῃστὴς,

209 2198 263 2246 εἰ
300 2195 373 2264 μή
402 2195 462 2247 τὸ
498 2197 671 2247 εἰπεῖν
698 2196 793 2248 καὶ
826 2196 1007 2266 μόνον,
1041 2195 1357 2262 Μνήσθητί
1402 2211 1544 2261 μου,
1577 2193 1774 2259 Κύριε,

208 2288 284 2340 ἐι·
331 2286 406 2353 τῇ
435 2287 722 2354 βασιλείᾳ
753 2302 890 2343 σου.
943 2284 1211 2340 Ὄσοιοῦν
1258 2285 1494 2356 Χριστοῦ
1543 2283 1781 2354 μαθηταὶ

207 2380 384 2442 ὄντες,
410 2380 842 2451 συγκληρονδμοι
871 2378 1033 2433 αὐτοῦ
1060 2377 1315 2446 γενέσθαι
1335 2376 1605 2440 ἐλπίζετε,
1632 2376 1781 2442 ἀγω-

209 2469 436 2522 νίσασοε
468 2469 722 2539 τοιαύτην
753 2471 937 2523 πίστιν
964 2469 1131 2539 ἔχειν,
1168 2468 1263 2520 καὶ
1292 2465 1535 2519 εὐσεϐῶν
1565 2463 1782 2534 τρόπων

210 2562 354 2630 ἔργα
380 2561 828 2633 διαπράττεσθαι.
857 2564 975 2624 Πᾶς
1010 2561 1119 2631 γὰρ
1145 2558 1430 2629 ἄνθρωπος
1464 2555 1782 2626 βαπτισθεὶς

210 2655 297 2714 είς
330 2653 568 2724 Πατέρα,
607 2654 701 2706 καὶ
741 2653 888 2714 Υίὸν,
924 2653 1017 2705 καὶ
1050 2652 1203 2721 ἅγιον
1240 2649 1485 2718 Πνεῦμα,
1547 2648 1640 2700 καὶ
1683 2646 1782 2715 τῆς

212 2743 368 2805 θείας
396 2743 681 2806 κοινωνίας
708 2742 1036 2813 μεταλαϐεῖν
1055 2741 1335 2807 ἀξιωθεὶς,
1372 2740 1434 2792 οὐ
1461 2738 1611 2806 λέγει
1633 2735 1784 2806 αὐτῷ

210 2833 280 2887 τὸ
304 2835 456 2902 ἅγιον
479 2833 807 2903 Εὑαγγέλιον
822 2847 836 2865 ο
864 2834 955 2901 Μὴ
970 2833 1255 2903 ἀδικήσῃς,
1278 2830 1352 2901 μὴ
1383 2829 1615 2900 ραπίσῃς
1630 2827 1776 2880 τινά.

230 2923 390 2976 Ἀλλὰ
414 2924 464 2976 τί
481 2924 657 2992 λέγεις
678 2925 941 2977 Ἄκουσον
957 2939 971 2953 ο
1000 2924 1126 2975 Ἐὰν
1146 2922 1433 2991 ἀδικηθῇς,
1456 2921 1748 2989 ὑπόμεινον
1764 2934 1780 2950 ο

231 3014 368 3067 Ἐάν
391 3030 479 3078 τις
512 3014 746 3080 ﬂantem
784 3015 900 3080 τὴν
928 3011 1135 3075 δεξιάν
1157 3024 1275 3065 σου
1312 3010 1587 3078 σιαγόνα,
1611 3006 1783 3075 στρέ-

213 3107 343 3173 ψον
363 3101 524 3167 αὐτῷ
547 3103 647 3169 καί
689 3102 801 3170 τὴν
840 3102 1071 3172 ἄλλην
1106 3102 1216 3154 ἐάν
1268 3103 1354 3166 τίς
1382 3115 1456 3154 σε
1485 3101 1784 3169 ἀγγαρεύη

208 3197 422 3263 μίλιον
449 3193 539 3258 ἓν,
573 3194 766 3262 ὕπατε
785 3193 914 3246 δύο.
952 3193 1138 3245 Ταῦτα
1174 3192 1327 3261 παρὰ
1354 3191 1450 3243 τοῦ
1484 3191 1784 3260 ὁμοπίστου

215 3286 512 3354 ὑπομεῖναι
538 3284 713 3348 οὐδεὶς
749 3284 859 3337 τῶν
890 3283 1232 3352 Χριστιανῶν
1252 3283 1631 3352 καταδέχεται.
1670 3282 1786 3349 Ἀφ’

213 3370 283 3429 οὗ
305 3374 361 3427 δὲ
401 3374 634 3444 ἐπῆλθεν
667 3376 797 3445 ἡμῖν
824 3376 853 3427 ὁ
880 3374 1047 3444 βαρὺς
1072 3372 1234 3440 ζυγὸς
1262 3373 1373 3424 τῶν
1404 3370 1784 3442 Ἰσμαηλιτῶν,

214 3464 629 3535 κατεδεξάμεθα
655 3464 861 3517 τούτων
905 3464 1182 3535 βαρύτερα
1219 3463 1528 3528 ἀκούοντες,
1585 3462 1677 3514 καὶ
1711 3460 1786 3530 μὴ

216 3558 535 3627 βουλόμενοι
569 3558 862 3627 ὑπομεῖναι
890 3573 903 3585 ·
933 3558 983 3609 εί
1028 3556 1137 3626 γὰρ
1167 3556 1535 3625 ὑπομένοιμεν
1561 3552 1787 3607 τοιαῦτα

213 3645 327 3699 ὑπὸ
352 3646 461 3699 τῶν
487 3647 817 3717 ὀμοπίστων,
842 3646 1063 3699 πλείονα
1085 3646 1151 3700 ἂν
1189 3646 1381 3712 μισθὸν
1398 3646 1637 3715 ἔχοιμεν.
1662 3644 1785 3696 Ὅτι

214 3739 545 3809 Χριστιανὸς
575 3739 669 3791 ἐὰν
701 3738 936 3810 ἀδικήσῃ
978 3737 1122 3802 τινὰ,
1171 3736 1407 3807 τριπλῆν
1438 3736 1536 3806 τὴν
1582 3736 1787 3804 ζημίαν

214 3830 482 3899 ὑπομένει
508 3847 522 3860 ο
552 3831 673 3883 οὐδέ
701 3829 810 3901 γάρ
857 3830 917 3882 τὸ
946 3828 1200 3899 δεύτερον
1250 3829 1502 3898 ῥάπισμα
1546 3826 1785 3894 δέχεται,

211 3920 335 3975 ἀλλ’
366 3920 524 3983 αὐτὸς
554 3920 713 3974 ἄλλον
741 3919 997 3988 ἀδικῆσαι
1024 3919 1221 3988 τολμᾷ.

213 4010 524 4065 mercedem
573 4025 588 4063 :

648 4009 776 4077 quia
838 4009 882 4062 si
945 4014 1105 4076 quem
1156 4006 1500 4060 Christianus
1544 4004 1769 4071 laeserit,
1824 4004 2093 4074 triplicem
2138 4003 2373 4058 sustinet
2443 4002 2664 4056 multam
2727 4026 2737 4057 ;

1884 1818 2015 1870 nihil
2044 1826 2283 1881 noverat,
2313 1816 2417 1870 nisi
2447 1815 2747 1878 Christum,
2798 1826 2853 1871 et
2900 1831 3023 1871 eum
3056 1820 3204 1872 cruci
3231 1819 3446 1872 alIixum

1880 1908 2276 1978 ignominiaque
2303 1906 2549 1962 allectum
2580 1908 2623 1970 ¹,
2643 1917 2696 1961 et
2720 1909 2969 1961 credidit.
3010 1909 3258 1978 Magnum
3289 1913 3449 1980 igitur

1881 2001 2169 2054 discrimen
2221 2009 2303 2052 est
2362 1998 2725 2067 mqualitatis,
2777 1999 2858 2051 vis
2913 1998 3223 2067 inaequalis,
3276 2004 3443 2055 animi

1882 2093 2053 2146 morbi
2076 2100 2132 2144 et
2157 2092 2400 2159 corporis
2422 2089 2738 2143 dissimilis:
2761 2105 2934 2157 neque
2959 2093 3219 2145 enimalia
3252 2097 3447 2148 virtute

1882 2182 2020 2236 latro
2052 2182 2149 2234 luit
2191 2184 2466 2250 praeditus,
2512 2181 2615 2234 nisi
2650 2180 2794 2248 quod
2845 2183 3064 2245 dixerit,
3125 2185 3296 2236 solum
3348 2190 3446 2239 hoc

1882 2274 2163 2337 duntaxat,
2186 2273 2442 2326 Memento
2473 2274 2595 2335 mei,
2630 2271 2865 2337 Domine,
2896 2274 2948 2326 in
2972 2291 3125 2342 regno
3144 2286 3233 2329 tuo
3260 2277 3298 2330 ³.
3316 2278 3446 2343 Qui-

1883 2379 2093 2432 cunque
2120 2379 2272 2433 ergo,
2306 2364 2553 2433 discipuli
2590 2366 2793 2419 Christi
2845 2382 2968 2419 cum
2996 2369 3137 2434 sitis,
3169 2372 3330 2424 etiam
3360 2389 3450 2426 co.

1883 2456 2123 2509 haeredes
2148 2459 2263 2524 ejus
2284 2455 2400 2509 lieri
2435 2459 2691 2525 speratis,
2720 2468 2777 2511 ut
2807 2459 2893 2512 tali
2920 2459 3024 2513 llde
3057 2462 3180 2515 sitis
3217 2465 3446 2530 prtetlili,

1884 2547 2210 2609 contendite,
2236 2556 2290 2600 et
2317 2562 2527 2600 morum
2562 2550 2777 2615 piorum
2814 2565 2979 2617 opera
3014 2562 3286 2619 praestate.
3326 2554 3449 2609 Ειυο

1884 2640 1995 2693 niin
2026 2638 2205 2692 omnis
2239 2638 2447 2692 lustrali
2481 2640 2823 2708 baptismatis
2862 2656 2998 2710 aqua
3028 2643 3228 2697 tinctus
3270 2648 3320 2699 in
3350 2663 3450 2698 no-

1886 2736 2028 2786 mine
2053 2730 2250 2794 Palris,
2282 2741 2337 2784 et
2360 2729 2520 2794 Filii,
2556 2742 2609 2785 et
2641 2732 2876 2801 Spiritus
2914 2734 3089 2789 sancti
3119 2753 3133 2800 ;
3165 2746 3218 2789 et
3258 2739 3451 2792 divinae

1885 2823 2288 2874 communionis
2329 2823 2752 2890 participatione
2808 2825 3103 2877 honoratus
3133 2865 3147 2889 ,
3192 2827 3449 2893 patientia

1888 2912 2186 2966 instructus
2235 2927 2358 2967 esse
2393 2914 2549 2966 debet
2580 2930 2593 2965 :
2630 2915 2896 2982 siquidem
2930 2925 3178 2969 sanctum
3208 2917 3452 2987 Evange-

1887 3001 2016 3055 lium
2049 3018 2154 3056 non
2207 3003 2373 3057 dicit:
2418 3002 2497 3056 Ne
2535 3003 2786 3071 injuriani
2818 3005 3019 3059 inferas
3048 3023 3062 3059 :
3099 3022 3166 3061 ne
3194 3009 3453 3075 impingas

1887 3095 2116 3161 alapam.
2158 3092 2537 3154 NonttYerum
2582 3095 2709 3162 quid
2770 3095 2884 3147 ait?
2941 3098 3076 3150 Audi
3118 3112 3133 3149 :
3172 3100 3228 3150 Si
3263 3099 3455 3167 injuria

1885 3183 2046 3238 laesus
2081 3183 2270 3245 fueris,
2306 3183 2492 3246 suller,
2531 3196 2716 3253 patere
2747 3202 2761 3236 :
2817 3187 2877 3239 Si
2919 3188 3037 3254 quis
3073 3198 3121 3239 te
3143 3192 3452 3252 percusserit

1884 3273 1938 3325 in
1967 3274 2232 3325 dexteram
2288 3273 2562 3325 maxillam
2612 3284 2780 3338 tuam,
2816 3277 2989 3343 prtrbe
3019 3278 3096 3328 illi
3132 3286 3179 3330 et
3206 3279 3453 3335 alterum.

1886 3361 2084 3431 Siquis
2122 3373 2169 3415 te
2202 3365 2552 3431 augariaverit
2588 3364 2729 3418 mille
2779 3382 2987 3433 passus,
3046 3370 3174 3421 uade
3207 3387 3324 3423 cum
3362 3372 3455 3425 illo

1884 3462 1933 3506 et
1962 3454 2068 3506 alia
2111 3456 2214 3506 duo
2238 3454 2277 3505 ’⁵.
2340 3455 2501 3521 Atqui
2537 3457 2648 3509 haec
2680 3457 2747 3509 ab
2801 3457 3039 3524 ejusdem
3084 3460 3203 3513 ﬁdei
3250 3461 3458 3516 cultore

1893 3546 2123 3616 perpeti,
2159 3546 2337 3598 nullus
2385 3545 2820 3600 Christianorum
2872 3551 3131 3604 admittit.
3166 3552 3363 3606 Verum
3389 3569 3454 3607 ex

1886 3654 1992 3709 quo
2021 3647 2259 3707 tempore
2292 3639 2660 3707 gravejugum
2698 3637 3085 3695 lsmaelitarum
3119 3659 3215 3696 nos
3239 3660 3457 3712 oppres-

1886 3732 1979 3796 sit,
2030 3731 2114 3784 his
2162 3730 2410 3797 graviora
2458 3728 2766 3791 admittere,
2806 3732 3011 3797 audire,
3071 3742 3123 3786 et
3183 3735 3265 3788 vel
3301 3737 3454 3791 inviti

1887 3821 2117 3876 tolerare
2134 3821 2399 3889 cogimur.
2434 3820 2645 3873 Etenim
2684 3820 2731 3874 si
2764 3820 2877 3875 haec
2915 3832 3228 3889 pateremur
3267 3828 3336 3881 ab
3366 3830 3452 3891 iis,

1885 3913 1978 3983 qui
2012 3913 2259 3967 eamdem
2289 3912 2475 3967 colunt
2523 3910 2716 3976 ﬁdem,
2777 3912 3036 3980 majorem
3086 3917 3454 3972 obtineremus

2800 4020 2906 4059 non
2960 4007 3107 4060 enim
3157 4011 3451 4063 secundum

210 4102 502 4172 colaphum
535 4101 792 4166 admittit,
826 4101 920 4156 sed
954 4103 1066 4169 ipse
1090 4101 1316 4155 alterum
1346 4099 1541 4169 injuria
1566 4098 1779 4154 allicere
1816 4099 1997 4153 audet.

291 4198 364 4248 A'.
394 4196 485 4247 Δεῖ
510 4187 605 4248 οὖν
636 4193 817 4247 πάντα
839 4192 1167 4264 Χριστιανὸν
1186 4192 1280 4245 ἐπὶ
1312 4194 1494 4245 πᾶσαν
1510 4191 1785 4261 ἁμαρτίαν

1964 4190 2053 4245 ιν.
2096 4188 2363 4256 Quocirca
2432 4203 2529 4255 par
2602 4198 2685 4243 est
2749 4189 3115 4244 Christianum
3156 4192 3225 4247 ob
3268 4209 3451 4249 unum-

211 4288 455 4340 πάντοτε
485 4288 771 4356 μετανοεῖν
799 4286 879 4355 τῷ
906 4285 1028 4354 Θεῷ
1073 4284 1334 4354 γνησίως,
1370 4282 1479 4352 πρὸ
1508 4283 1607 4351 τῆς
1640 4283 1786 4334 ἁπα-
1818 4297 1862 4353 D

1890 4284 2141 4352 quodque
2204 4291 2485 4347 erratum,
2547 4282 2919 4349 ptenilentiam
2974 4298 3079 4335 non
3131 4284 3255 4339 licte
3313 4290 3452 4355 apud

212 4379 480 4450 ραιτήτου
515 4378 845 4445 ἀποφάσεως
873 4377 968 4430 τοῦ
988 4376 1253 4441 θανάτου,
1282 4376 1379 4429 καὶ
1410 4374 1486 4445 μὴ
1512 4372 1791 4444 πλανηθῆ-

213 4487 313 4523 νιι
334 4473 400 4539 τῇ
430 4468 618 4540 ἀπάτῃ
642 4469 737 4521 τοῦ
770 4468 887 4538 βίου
916 4469 1134 4521 τούτου.
1168 4466 1445 4536 Ὡμοιώθη
1480 4467 1590 4535 γὰρ
1614 4467 1649 4535 ή
1676 4463 1790 4536 ζωὴ

210 4568 250 4635 ἡ
262 4563 381 4633 μῶν
411 4565 471 4615 ἐν
503 4563 638 4631 τῷδε
662 4561 738 4631 τῷ
771 4561 872 4632 βίῳ
898 4560 1173 4631 ἀνθρώπῳ
1199 4561 1486 4645 οἰκήσαντι
1524 4559 1582 4609 ἐν
1629 4558 1788 4627 αὐλῇ,

217 4651 367 4723 μετὰ
393 4650 489 4719 τῆς
517 4651 654 4713 ιδίας
681 4650 941 4718 γυναικὸς
969 4650 1064 4702 καὶ
1116 4647 1442 4718 μονογενοῦς
1476 4647 1669 4699 τέκνου
1697 4647 1791 4699 καὶ

211 4741 410 4797 δούλου
440 4742 556 4803 ἐνός
579 4756 594 4771 ο
624 4743 684 4794 ἐν
783 4740 921 4809 αὐλῇ
955 4735 1023 4810 ἦν
1043 4740 1167 4805 ὄφις
1191 4738 1592 4806 θανατηφόρος.
1651 4736 1708 4788 '0
1733 4735 1789 4787 δὲ

211 4831 508 4902 ἄνθρωπος
559 4833 767 4893 ἐκεῖνος
821 4828 1064 4891 ἀκούσας
1111 4829 1239 4899 παρ’
1302 4827 1479 4881 ἄλλων
1530 4827 1611 4877 ὅτι
1665 4825 1786 4892 ὄφις

213 4925 428 4984 ἐκεῖνος
462 4921 588 4983 τοὺς
615 4920 1034 4990 εἰσερχομένους
1081 4920 1160 4982 εἰς
1208 4919 1307 4987 τὴν
1363 4917 1533 4985 αὐλήν
1570 4914 1787 4982 ἐκείνην

213 5010 336 5067 ἀπὸ
352 5009 551 5079 γενεῶν
568 5011 809 5080 ἀρχαίων
832 5010 1074 5073 θανατοῖ,
1101 5008 1331 5077 ὤφειλεν
1350 5008 1382 5076 ἢ
1403 5009 1467 5061 ἐκ
1495 5010 1592 5077 τῆς
1615 5005 1789 5073 αὐλῆς

215 5103 442 5171 ἐκείνης
465 5101 726 5165 ἐξελθεῖν,
753 5101 786 5171 ἢ
811 5102 903 5153 τὸν
932 5101 1054 5170 ὅφιν
1066 5102 1411 5162 ἀποκτεῖναι,
1432 5100 1798 5153 τουτέστιτὸν.

212 5193 456 5262 δαίμονα
485 5192 588 5261 τῆς
619 5191 980 5261 φιλαργυρίας
1035 5191 1131 5243 καὶ
1176 5192 1273 5259 τῆς
1323 5190 1643 5259 ἐπιθυμίας.
1676 5189 1786 5241 Καὶ

213 5288 375 5355 ὅμως
405 5282 573 5337 ἐλθὼν
605 5281 699 5336 τοῦ
718 5285 1032 5335 ἀποκτείναι
1069 5282 1159 5334 τὸν
1188 5283 1334 5350 ὅφιν,
1359 5275 1520 5351 εὗρεν
1567 5281 1784 5351 ἔμπρο-

218 5377 355 5433 σθεν
394 5373 560 5429 αὐτοῦ
586 5374 647 5426 τὸ
673 5375 913 5443 νόμισμα
936 5371 1244 5441 ὁλόὸρυζον,
1287 5374 1382 5426 καὶ
1423 5371 1603 5424 λαὸὼν
1653 5371 1787 5423 αὐτὸ

217 5465 405 5530 εἶπεν,
442 5470 523 5520 ὅτι
568 5468 631 5520 El
658 5466 849 5536 ἤθελεν
881 5466 1197 5518 ἀποκτεῖναι
1222 5466 1364 5534 ἡμᾶς
1396 5465 1424 5515 ὀ
1458 5464 1579 5532 ὄφις
1607 5458 1782 5526 οὗτος,

220 5564 326 5615 οὐκ
360 5560 422 5612 ἂν
453 5560 512 5610 τὸ
541 5559 780 5628 νόμισμα
812 5557 969 5610 τοῦτο
1008 5559 1139 5627 ἡμῖν
1182 5556 1411 5610 ἔδωκεν
1442 5555 1537 5607 καὶ
1585 5555 1783 5627 ἐχάρη,

308 5718 527 5769 ¹1ίίιιτ·.
566 5732 633 5779 ιι,
666 5715 717 5769 2.
795 5717 812 5746 ³
837 5716 961 5769 Luc.
999 5732 1152 5777 um,
1180 5716 1265 5769 nil.

1888 4377 2054 4429 Deum
2081 4388 2241 4439 agere
2281 4382 2407 4426 ante
2455 4374 2781 4428 sententiam
2824 4375 2890 4427 de
2920 4374 3239 4429 inexorabili
3281 4389 3452 4432 morte

1888 4465 2249 4527 enuntiatam,
2287 4473 2342 4516 et
2370 4476 2473 4515 non
2505 4476 2694 4515 errore
2735 4462 2857 4515 vita:
2887 4464 3045 4531 hujus
3074 4466 3287 4520 abduci.
3322 4466 3450 4522 Ete-

1888 4553 1998 4607 nim
2042 4552 2149 4605 vita
2199 4559 2383 4605 nostra
2432 4550 2627 4603 similis
2670 4549 2861 4605 elleeta
2912 4564 2995 4606 est
3048 4555 3100 4607 in
3156 4556 3256 4609 hoc
3313 4573 3449 4624 aevo,

1889 4643 2095 4697 homini
2144 4642 2233 4710 qui
2284 4642 2505 4696 incoluit
2537 4645 2677 4696 ardes
2720 4658 2845 4696 cum
2883 4659 3050 4699 uxore
3094 4662 3214 4709 sua,
3252 4658 3304 4700 et
3332 4651 3453 4701 uni-

1889 4750 2025 4805 gena
2081 4733 2211 4799 lilio,
2263 4744 2426 4801 atque
2475 4749 2581 4786 uno
2636 4734 2835 4787 fainulo
2869 4750 2881 4786 :
2916 4735 2966 4787 in
3018 4737 3216 4802 quibus
3248 4740 3454 4794 :edibus

1889 4841 2116 4894 serpens
2146 4835 2264 4879 erat
2289 4824 2521 4878 lethil‘er.
2542 4823 2642 4877 Vir
2675 4824 2764 4878 ille
2790 4840 2911 4878 cum
2946 4826 3013 4879 ab
3043 4829 3164 4880 aliis
3191 4831 3450 4897 audisset,

1888 4925 2193 4984 serpentem
2224 4916 2388 4967 istum
2416 4916 2781 4985 ingredientes
2810 4918 3027 4970 donmm
3048 4918 3194 4972 illam
3219 4924 3455 4989 apriscis

1900 5004 2115 5059 saeculis
2160 5018 2412 5069 enecare,
2442 5007 2629 5059 debuit
2660 5018 2754 5082 aut
2794 5023 2859 5061 ex
2894 5009 2980 5061 illa
3030 5011 3192 5063 domo
3244 5018 3452 5082 egredi,

1892 5110 1985 5157 aut
2038 5111 2267 5165 anguem
2311 5098 2639 5160 interﬁcere,
2694 5080 2895 5151 malum
2946 5101 3193 5155 videlicet
3240 5080 3454 5171 genium

1886 5187 2127 5240 avaritiae
2148 5198 2202 5241 et
2231 5187 2474 5242 libidinis
2502 5198 2778 5243 :attamen
2807 5190 3082 5258 profectus
3112 5194 3178 5247 ad
3203 5197 3453 5249 occiden-

1886 5277 2011 5330 dum
2045 5286 2375 5346 serpentem,
2410 5277 2616 5331 innuit
2657 5289 2783 5332 ante
2825 5282 2991 5348 pedes
3025 5298 3152 5335 suos
3189 5285 3453 5337 nuruisnia

1885 5383 1916 5422 e
1947 5384 2081 5436 puro
2125 5370 2406 5438 solidoque
2453 5384 2617 5432 auro;
2666 5371 2767 5424 hoc
2818 5387 3039 5425 tmuuuo
3084 5383 3308 5442 accepto
3346 5392 3360 5429 :
3397 5378 3455 5430 Si

1886 5461 2069 5525 vellet,
2123 5461 2320 5530 inquit,
2359 5461 2612 5516 occidere
2670 5479 2767 5518 nos
2814 5465 2900 5517 hic
2935 5465 3143 5533 anguis,
3183 5465 3457 5533 haudqua-

1888 5567 2044 5619 quam
2091 5551 2230 5605 isltul
2263 5553 2528 5606 numisula
2586 5553 2738 5607 nobis
2769 5553 2915 5607 daret
2948 5574 2958 5609 :
2986 5564 3040 5608 et
3085 5558 3279 5622 gaudio
3326 5557 3452 5609 deli-

1346 5715 1363 5745 ι
1396 5714 1584 5769 Matth.
1617 5714 1756 5779 v,59
1821 5706 1904 5759 il.
