4200 6430
190 410 325 472 ΙΞί9

1702 413 1903 475 νιΤΑ.

3300 416 3442 482 ιὲδσ

184 519 319 588 γῶν,
359 519 465 572 ἀπὸ
495 518 588 572 τοῦ
628 518 998 590 ἀθεράπευτον
1042 512 1217 585 εἶναι,
1251 521 1358 574 ἀπὸ
1401 521 1493 575 τοῦ
1536 524 1754 577 καταδι-

1860 522 2149 591 angustiis,
2169 521 2373 591 ﬂagris,
2401 522 2919 579 medicamentorum
2951 523 3152 595 inopia,
3183 528 3439 583 condent-

186 612 480 674 κασθέντος
503 610 765 681 ἀγροίκου
794 610 1007 681 ἀνδρὸς,
1040 612 1147 665 ἀπὸ
1174 614 1274 683 τὴς
1302 613 1399 666 τοῦ
1429 613 1603 683 τάφου
1641 631 1761 666 στε-

182 702 469 771 νοχωρίας,
501 701 594 753 καὶ
621 700 683 753 τὸ
716 701 1044 770 δεινότερον,
1070 701 1181 754 άπὸ
1208 701 1300 754 τοῦ
1330 701 1605 771 άφεγγοῦς
1629 702 1757 755 0x6-

181 811 327 856 τους,
356 795 469 846 Ούκ
504 793 583 845 ἔτι
607 790 699 846 οὖν
722 795 853 863 ἡμῖν
875 792 1057 863 δεήσει
1085 793 1270 847 λοιπον
1296 796 1363 848 τὰ
1392 794 1603 855 τούτοις
1630 794 1758 847 ἑπό-

186 904 324 956 μενα
380 886 682 958 σκυθρωπὰ
743 886 1117 949 tinnitu-1:0
1165 883 1305 950 εἶδος
1364 888 1463 957 τῆς
1519 887 1756 958 βασάνου

186 978 440 1047 μαθοῦσι,
471 980 690 1030 πάντων
716 977 932 1029 εἰδότων
953 977 1053 1047 τὴν
1080 978 1427 1049 ἀνθρωπίνην
1453 977 1755 1041 ἀσθένειαν,

182 1071 278 1121 καὶ
304 1071 362 1120 τὸ
384 1070 564 1122 ἄθλιον
588 1070 683 1138 τῆς
711 1071 882 1139 πηλοῦ
909 1068 1112 1139 ταύτης
1140 1071 1231 1120 καὶ
1256 1068 1505 1120 ἐπίνοσον
1544 1068 1755 1131 σκεῦος,

180 1159 395 1210 ὁπόσων
429 1159 631 1211 ὀδυνῶν
675 1161 775 1228 τὴν
830 1160 1007 1231 ψυχὴν
1044 1162 1100 1210 ἐν
1134 1160 1246 1221 τοῖς
1285 1158 1548 1220 τοιούτοις
1598 1160 1760 1229 ἐμπί-

182 1249 399 1317 πλησινε
426 1251 503 1320 τῷ
526 1250 639 1303 ὄντι
666 1251 773 1319 γάρ
800 1252 958 1319 ἐτέθη
986 1250 1080 1303 καὶ
1107 1249 1267 1313 αὐτὸς
1290 1247 1398 1312 ζῶν
1421 1250 1758 1321 ἀπρονόητος

181 1343 242 1392 ἐν
272 1340 458 1410 λάκκῳ
486 1343 803 1411 κατωτάτῳ,
834 1344 890 1393 ἐν
920 1343 1215 1403 σκοτεινοῖς
1245 1342 1339 1393 καὶ
1364 1344 1421 1394 ὲν
1445 1343 1572 1412 σκιᾷ
1594 1341 1758 1395 θανάο

179 1447 295 1482 του.
341 1430 489 1498 Ait-1;
520 1430 614 1482 τοῦ
657 1431 928 1501 μακαρίου
966 1428 1293 1497 Μεθοδίουή
1335 1429 1474 1497 ὑπὲρ
1520 1425 1757 1497 Χριστοῦ

180 1519 375 1589 πρώτη
406 1522 654 1590 ἄθλησιςο
685 1523 751 1573 τὰ
776 1520 883 1590 γὰρ
909 1519 1033 1588 ἑξῆς
1086 1517 1244 1581 αὖθις
1269 1520 1569 1589 εἰρήσεται·
1598 1518 1759 1570 τοῦτο

180 1612 243 1661 τὸ
278 1610 504 1679 σφοδρὸν
538 1611 631 1663 καὶ
657 1611 1048 1679 ἐπιτεταμένον
1074 1608 1373 1680 μαρτύριον
1398 1608 1491 1661 τοῦ
1522 1608 1755 1678 μεγάλου

178 1701 349 1765 ὅντως
383 1704 426 1755 Χ
435 1702 621 1773 ριατοῦ
654 1703 956 1773 μάρτυρος.

257 1985 331 2043 ς’.
384 1977 665 2047 Διαιρόρως
728 1976 910 2030 τοίνυν
953 1975 1253 2046 ἐρωτηθεὶς
1306 1978 1354 2029 εί
1390 1975 1631 2047 βούλοιτο
1675 1976 1759 2030 ἑν-

180 2071 403 2138 υδρίσαι
429 2074 506 2131 εἰς
536 2070 631 2135 τὴν
661 2068 752 2121 τοῦ
786 2068 1025 2137 Χριστοῦ
1052 2068 1256 2130 είκόνα,
1293 2068 1384 2120 καὶ
1406 2068 1504 2136 τῆς
1537 2067 1759 2138 εἱρκτῆς

176 2162 473 2230 ἀφεῢῆναι.
508 2161 767 2230 μυριάκις
801 2161 950 2223 ἔλεγε
1016 2159 1292 2221 τοιούτους
1334 2160 1429 2212 καὶ
1461 2160 1602 2229 ὑπὲρ
1629 2157 1755 2211 τού-

176 2273 306 2317 τους
349 2256 590 2307 ύποίσειν
632 2254 919 2315 θανάτους,
950 2253 981 2323 ἢ
1018 2253 1122 2305 κᾶν
1157 2252 1288 2319 γοῦν
1323 2252 1518 2320 ἄτιμον
1551 2251 1757 2304 ἔννοιαν

177 2350 323 2400 κατᾶ
350 2350 444 2416 τῆς
488 2348 725 2416 Χριστοῦ
769 2346 862 2399 τοῦ
894 2345 1029 2400 Θεοῦ
1074 2345 1230 2415 ἡμῶν
1272 2344 1478 2405 εἰκόνος
1518 2344 1756 2413 ἐνθυμηι

176 2439 361 2509 θῆναι.
413 2439 597 2491 Ἐννέα
634 2438 815 2490 τοίνυν
842 2440 1019 2491 ἐκεῖσε
1052 2436 1544 2504 συγκεκλεισμένος
1580 2436 1758 2487 ἐνιαυ-

175 2534 308 2592 τοὺς
332 2571 345 2594 ,
380 2532 532 2599 μόλις
558 2532 806 2599 ἀφέσεως
834 2530 1137 2598 γραφείσης
1166 2529 1348 2596 κοινῆς
1376 2530 1488 2589 τοῖς
1513 2528 1756 2597 δεσμίοις

175 2622 277 2673 τοῦ
359 2623 676 2691 παρανόμου
740 2621 1003 2690 βασιλέως
1074 2622 1214 2672 κατὰ
1286 2620 1384 2681 τὰς
1441 2620 1756 2683 τελευταίας

177 2714 349 2774 πνοὰς
388 2714 762 2774 κελεύσαντος,
796 2712 889 2765 καὶ
943 2711 1104 2773 αὐτὸς
1134 2710 1403 2778 ἀπελύθη,
1440 2710 1755 2780 Πνεύματος

177 2803 341 2868 ἁγίου
374 2804 801 2873 πεπληρωμένος
823 2842 837 2865 ,
874 2802 969 2854 καὶ
1000 2801 1099 2869 τῆς
1131 2801 1403 2853 ἀθανάτου
1447 2799 1593 2868 ζωῆς
1629 2800 1756 2863 τοὺς

174 2894 540 2965 ἁρραὅώνας,
597 2897 663 2947 τὰ
716 2894 991 2962 στίγματα
1028 2892 1171 2957 λέγω
1213 2891 1323 2943 τῶν
1359 2890 1455 2943 τοῦ
1516 2888 1752 2960 Χριστοῦ

175 2987 548 3053 παθημάτων,
592 2986 778 3055 οἰκείῳ
830 2984 1230 3053 ἐπιφερόμενος
1298 2982 1548 3050 σώματι·
1608 2982 1753 3043 λεῖος

174 3075 301 3136 ὅλος
333 3077 431 3143 τὴν
463 3076 722 3144 meai-ip),
757 3076 850 3127 καὶ
887 3073 1079 3141 νεκροῦ
1123 3074 1285 3141 μηδὲν
1310 3071 1578 3139 διαςὲρων
1604 3111 1617 3133 ,
1655 3071 1752 3135 μό-

174 3180 295 3225 νοις
342 3165 519 3225 ὀστοῖς
584 3166 676 3215 καὶ
742 3163 872 3232 δορᾷ
940 3162 1001 3214 τὺ
1065 3161 1403 3231 ἀνθρώπινον
1455 3159 1753 3221 ἀποσὼζων

178 3258 372 3324 σχῆμα
421 3256 515 3306 καὶ
568 3256 668 3322 τὴν
724 3255 997 3323 προτέραν
1034 3252 1315 3320 ὁμοίωσιν.
1375 3250 1530 3302 Οὕτω
1577 3251 1755 3302 τοίνυν

177 3346 306 3398 καθ’
343 3346 531 3397 ἑαυτὸν
562 3346 838 3405 καταστὰς
869 3346 959 3407 (οὺ
991 3344 1101 3412 γὰρ
1126 3338 1192 3411 ἦν
1220 3344 1632 3411 φροντιστήριον
1658 3341 1756 3409 τῆς

175 3437 450 3506 αἱρέσεως
508 3436 802 3506 ἄμοιρον),
862 3435 1057 3504 ὡμίλει
1097 3439 1209 3496 τοῖς
1274 3432 1557 3502 όμοζήλοις
1609 3433 1758 3502 αὐτῷ

174 3530 451 3596 ἁσκηταῖς
500 3544 557 3579 τε
604 3527 697 3579 καὶ
740 3526 976 3595 Χριστοῦ
1032 3526 1334 3596 μάρτυσιν,
1391 3524 1498 3575 τῶν
1541 3523 1756 3592 δεσμὼν

176 3618 286 3673 καὶ
305 3618 405 3687 τῆς
433 3618 648 3687 ὲξορίας
681 3619 805 3687 άρτι
834 3617 1203 3671 ἀπολυθεῖσιν*
1236 3617 1431 3686 ὡμίλει
1450 3618 1505 3668 δὲ
1533 3619 1755 3677 καὶτοῖς

176 3708 285 3778 τῆς
327 3709 656 3777 συγκλήτου,
689 3708 837 3760 ἔστιν
866 3708 954 3759 ὅτε
990 3709 1084 3759 καὶ
1113 3709 1222 3769 τοῖς
1251 3708 1327 3758 ἰὸν
1359 3708 1452 3774 τῆς
1493 3706 1755 3775 αἱρέσεως

177 3801 471 3852 πεπωκόσι
519 3801 586 3851 τὰ
621 3799 867 3869 σωτήρια
897 3799 1144 3867 δόγματα
1182 3798 1484 3866 παρετίθει,
1520 3797 1611 3848 καὶ
1661 3796 1756 3848 τοῦ

178 3892 330 3944 κατὰ
356 3892 533 3959 ψυχὴν
560 3890 805 3941 κινδύνου
835 3890 1180 3959 ἀπήλλαττεν
1201 3904 1212 3917 ·
1238 3888 1403 3948 πολὺς
1438 3888 1545 3955 γὰρ
1572 3883 1638 3956 ἦν
1665 3888 1758 3938 καὶ

175 3983 318 4053 ἡδὺς
346 3985 439 4035 καὶ
474 3982 643 4052 βαθὺς
668 3981 764 4049 τὴν
786 3982 1044 4044 διάνοιαν,
1083 3981 1151 4032 τὰ
1185 3980 1293 4031 τῶν
1331 3979 1491 4031 θείων
1525 3980 1757 4047 Γραφῶν

177 4074 404 4142 εὐφυῶς
454 4072 807 4141 συμὸιῦάζων
856 4073 949 4123 καὶ
989 4070 1463 4140 προϐαλλόμενος,
1510 4068 1583 4130 ὡς
1627 4070 1756 4119 ίδιοι

179 4165 389 4235 μᾶλλον
421 4167 511 4216 τὸν
546 4165 738 4217 ἑαυτοῦ
769 4164 923 4231 λόγον
953 4164 1072 4221 ταῖς
1098 4164 1289 4225 ἀκοαῖς
1314 4163 1583 4231 ὲπιρῤεῖν,
1614 4158 1756 4230 ὕδωρ

172 4259 392 4329 ψυχρὸν
425 4260 516 4311 καὶ
546 4259 643 4329 ἡδὺ
673 4260 984 4329 δεδιᾲηκότι
1016 4257 1271 4329 λάρυγγι·

258 4536 324 4597 ζ’.
375 4534 479 4587 Τοῦ
523 4536 697 4587 τοίνυν
736 4535 1017 4604 ὲθνοφίλου
1070 4535 1273 4605 μᾶλλον
1305 4538 1338 4606 ἢ
1368 4536 1629 4605 Θεοφίλου
1657 4538 1753 4608 τὴν

167 4629 279 4682 τοῦ
304 4629 508 4698 πατρὶς
548 4628 826 4697 βασιλείαν
866 4628 1247 4694 διαδεξαμένου
1274 4669 1288 4692 ,
1328 4628 1447 4680 τότε
1484 4630 1584 4700 τῆς
1627 4647 1750 4699 μια-

173 4724 286 4792 ρᾶς
336 4722 549 4788 ἐκείνης
582 4719 847 4788 αἱρέσεως
894 4719 1111 4788 ἑκπομα
1156 4720 1472 4782 πεπωκότος
1514 4722 1594 4782 είς
1651 4723 1749 4789 μὲ-

173 4812 318 4879 θην,
387 4810 545 4861 πάλιν
594 4812 644 4861 οἱ
696 4809 964 4879 ὀρθόδοξοι
1031 4809 1355 4874 ἐδιώκοντο,
1410 4809 1749 4877 ὲΞορίζοντο,

172 4901 508 4969 ἀξιωμάτων
552 4901 815 4960 ἔπιπτον,
852 4899 1148 4969 κτημάτων
1180 4901 1271 4950 καὶ
1300 4902 1619 4968 οἰκημάτων
1651 4902 1753 4952 ἀπ-

172 4992 500 5060 εστεροῦντο
519 5008 533 5021 ο
566 4992 667 5044 οὐκ
698 4988 764 5062 ἦν
795 4988 933 5051 εἶδος
956 4990 1325 5053 κακοπαθείας
1344 5032 1358 5053 ,
1386 4991 1414 5043 ὃ
1444 4991 1519 5060 μὴ
1544 4992 1748 5060 ὑπέμε-

172 5101 294 5136 νον.
340 5083 469 5133 Τότε
508 5083 688 5133 τοίνυν
728 5082 1073 5134 διαϐάλλεται
1115 5081 1288 5150 τούτῳ
1318 5082 1394 5149 τῷ
1435 5083 1558 5150 ὕφει
1597 5085 1623 5135 ό
1660 5083 1751 5135 τοῦ

172 5176 419 5245 Χριστοῦ
447 5176 702 5240 ἀριστεὺς
728 5174 821 5226 καὶ
846 5175 1057 5243 μάρτυς
1091 5174 1376 5236 Μεθόδιος,
1409 5173 1507 5243 τὴν
1542 5175 1755 5245 αἵρεσιν

171 5269 431 5337 φανερῶς
475 5267 824 5337 ἀπελέγχων,
880 5268 974 5319 καὶ
1017 5267 1259 5335 μεγάλας
1302 5264 1623 5331 ύπενεγκὼν
1658 5265 1752 5331 βα-

172 5362 379 5418 σάνους
430 5360 526 5429 τῆς
576 5360 857 5429 ὀρθοδόξου
920 5360 1156 5421 πίστεως
1212 5361 1393 5429 χάριν.
1462 5358 1752 5428 Μετακλη-

168 5452 366 5515 θέντος
409 5454 589 5506 τοίνυν
621 5452 802 5525 αὐτῷ,
847 5451 951 5523 ἔφη
986 5453 1013 5504 ὀ
1053 5452 1335 5522 βασιλεύς·
1372 5453 1446 5504 Οὐ
1486 5452 1753 5517 παύσεις,

252 5609 316 5680 (ι’)
352 5610 483 5677 Quia
531 5609 756 5663 Michael
806 5620 1013 5663 tantum
1076 5625 1244 5662 annos
1279 5610 1308 5662 8
1354 5620 1407 5662 et
1456 5622 1671 5662 menses
1702 5610 1745 5664 9'

172 5683 447 5750 regnavit,
468 5682 679 5749 aliquod
707 5681 792 5734 hic
826 5680 1045 5748 σφάλμα
1074 5682 1123 5732 in
1158 5696 1380 5732 munero
1410 5694 1588 5731 novent
1618 5690 1697 5731 est
1723 5696 1737 5732 :

172 5750 324 5806 forte
370 5752 485 5803 loco
525 5750 565 5814 ζ’
601 5761 794 5815 septem
822 5790 835 5811 ,
898 5752 1107 5811 irrepsit
1144 5750 1185 5800 θ’
1220 5766 1419 5810 uocem,
1453 5750 1661 5803 scilicet
1683 5751 1750 5801 ab

170 5834 329 5875 anno
362 5819 457 5874 821
497 5836 667 5891 osque
699 5821 763 5875 ad
795 5837 993 5874 annum
1030 5820 1132 5874 8'28
1168 5838 1181 5873 :
1214 5818 1449 5873 Zonaras
1480 5822 1624 5874 enim
1661 5835 1747 5875 so-

1865 614 1977 666 nati
2025 612 2171 668 illius
2200 620 2361 683 atque
2409 615 2640 683 agrestis
2670 615 2904 671 hominis
2951 618 3238 683 societate,
3286 625 3438 674 arcta

1861 705 2162 774 sepultura,
2195 714 2250 761 et
2278 707 2418 774 quod
2448 708 2689 760 omnium
2730 708 3023 776 pessimum
3049 719 3155 772 est,
3186 711 3438 765 obscuris

1865 797 2106 851 tenebris
2136 799 2301 851 animi
2350 798 2515 851 miser
2560 800 3001 856 discrueiaretur.
3037 799 3152 855 Non
3185 802 3293 857 erit
3332 803 3439 856 ita-

1861 902 1965 954 que
1997 889 2221 955 posthac
2253 902 2412 957 opus,
2441 902 2563 957 qua:
2606 889 2935 960 multiplices
2973 891 3097 945 inde
3131 893 3440 948 subsecutae

1860 990 2007 1042 sunt,
2051 995 2323 1033 aerumnas
2358 994 2420 1035 ac
2466 981 2868 1036 inrestitudines
2920 981 3076 1037 vobis
3122 998 3435 1050 recensere,

1859 1072 1950 1139 qui
2001 1072 2255 1126 tormenti
2302 1086 2475 1141 genus
2535 1072 2695 1140 quale
2740 1073 2812 1126 sit
2857 1072 3097 1127 talletis.
3154 1072 3435 1127 Neminem

1859 1158 2001 1211 enim
2054 1160 2328 1228 prarterit,
2372 1170 2606 1229 quantas
2653 1160 3003 1228 :egritudiucs
3049 1161 3241 1223 animi.
3305 1163 3436 1217 dum

1861 1251 2061 1304 talibus
2101 1250 2256 1304 malis
2295 1251 2695 1315 conﬂictantur,
2726 1259 2780 1303 et
2811 1250 3057 1303 humana:
3098 1262 3304 1308 natura:
3348 1253 3436 1308 in—

1863 1340 2115 1407 firmitas,
2162 1351 2218 1396 et
2266 1341 2471 1395 luteum
2522 1341 2689 1396 hocce
2739 1340 2927 1395 infelix
2985 1343 3316 1413 morbisque,
3343 1346 3439 1400 ob-

1862 1434 2084 1485 noxium
2108 1447 2204 1485 vas
2238 1432 2442 1485 homini
2478 1432 2744 1499 iugerant.
2763 1432 2905 1487 Vere
2931 1433 3079 1486 enim
3116 1433 3230 1503 ipse
3257 1434 3310 1509 in
3339 1435 3440 1509 ob-

1859 1524 2037 1577 scuris
2083 1532 2137 1575 et
2171 1523 2222 1575 in
2262 1524 2450 1576 umbra
2486 1523 2676 1576 mortis
2700 1562 2716 1590 ,
2742 1523 2959 1577 nemine
2988 1524 3055 1577 de
3089 1525 3264 1579 salute
3282 1505 3438 1581 illius
3472 1520 3475 1525 ’

1860 1615 2173 1679 laborante,
2228 1615 2500 1683 repositus
2544 1625 2683 1669 erat.
2735 1614 2850 1669 lloc
2886 1623 2971 1668 est
3014 1616 3246 1684 primum
3291 1615 3435 1671 beati

1859 1705 2114 1759 Methodii
2145 1720 2243 1774 pro
2276 1704 2494 1758 Christo
2518 1713 2793 1757 certamen
2824 1720 2837 1768 ;
2863 1718 2985 1772 qua:
3016 1706 3160 1757 enim
3194 1719 3240 1773 pi
3265 1712 3439 1760 sttuo-

1858 1795 1986 1849 dum
2028 1795 2316 1849 subsecuta
2354 1804 2514 1857 sunt,
2564 1810 2687 1848 mox
2735 1795 2952 1858 dicam;
2999 1793 3104 1847 hoc
3144 1795 3439 1849 vehemens

1786 1896 1829 1951 Β
1859 1887 2239 1955 intensumqne
2268 1886 2447 1956 magni
2482 1900 2580 1955 pro
2595 1885 2798 1940 Christi
2819 1886 3039 1941 athleta!
3074 1901 3158 1939 ma
3178 1888 3434 1957 rtyrium.

1930 1980 1983 2033 6.
2027 1980 2159 2033 Ctuu
2231 1979 2416 2048 itaque
2491 1978 2880 2033 sollicitaretur
2962 1977 3314 2033 multifariam
3380 1990 3438 2033 ut

1859 2070 2059 2124 Christi
2102 2070 2323 2140 imagini
2377 2069 2636 2138 injuriam
2670 2071 2899 2135 faceret,
2932 2071 3124 2139 sicque
3153 2083 3441 2138 exemptus

1859 2177 2046 2224 cavea,
2100 2162 2309 2215 solutus
2334 2162 2572 2227 viveret,
2606 2170 2915 2225 sescentas,
2973 2160 3176 2225 aiebat,
3208 2162 3436 2226 similes,

1859 2266 1912 2309 cl
1943 2257 2113 2310 multo
2150 2255 2381 2325 amplius
2406 2269 2464 2308 se
2496 2262 2701 2308 mortes
2740 2253 3011 2307 sustinere
3051 2252 3229 2317 tualle,
3275 2266 3439 2319 quam

1859 2353 2046 2395 contra
2085 2341 2287 2396 Christi
2320 2341 2413 2396 Dei
2446 2343 2616 2396 nostri
2655 2342 2943 2412 imaginem
2976 2341 3060 2395 vel
3088 2340 3435 2396 levissimum

1859 2435 1986 2502 quid
2042 2435 2222 2487 animo
2282 2435 2593 2502 concipere.
2630 2432 2835 2487 Novem
2879 2432 2940 2504 (Ι)
2980 2433 3142 2501 igitur
3177 2448 3348 2488 annos
3383 2433 3435 2488 in

1858 2538 2078 2576 carcere
2106 2525 2376 2588 conditus,
2416 2540 2537 2576 cum
2580 2540 2771 2577 omnes
2802 2525 2892 2591 qui
2957 2523 3122 2577 vincti
3173 2523 3435 2579 teneban-

1862 2626 1948 2669 tur
2007 2616 2359 2669 dimittendos
2415 2616 2677 2671 edixisset
2737 2616 3068 2684 imperator,
3130 2625 3435 2671 extremum

1859 2708 1982 2761 \‘ilaB
2024 2708 2275 2777 spiritum
2315 2722 2503 2777 agens,
2537 2716 2589 2758 et
2620 2708 2734 2776 ipse
2782 2710 3016 2763 emissus
3046 2713 3167 2772 est;
3204 2706 3437 2776 Spiritus

1856 2801 2030 2855 sancti
2086 2799 2312 2868 plenus,
2374 2810 2429 2855 et
2502 2801 2627 2855 vita:
2678 2800 3001 2855 itmnortalis
3051 2801 3436 2864 arrhabonem,

1856 2894 2131 2958 stigmata,
2154 2892 2393 2960 inquam,
2411 2892 2720 2957 passionum
2736 2892 2961 2955 Christi,
2978 2891 3196 2960 proprio
3210 2905 3439 2957 corpore

1858 2982 2149 3050 praeferens
2169 3020 2184 3046 ,
2226 2982 2402 3050 capite
2448 2992 2563 3036 toto
2598 2982 2785 3050 glaber
2814 2997 2880 3036 ac
2902 2982 3094 3053 depilis
3124 2990 3177 3037 et
3208 2984 3438 3039 mortuis

1857 3090 2018 3143 quam
2058 3072 2387 3137 simillimus,
2422 3073 2659 3141 solisque
2699 3074 2915 3127 ossibus
2946 3085 3001 3128 et
3030 3085 3155 3129 cute
3202 3076 3438 3130 hominis

1859 3167 2089 3236 speciem
2144 3166 2436 3235 prioraque
2485 3181 2714 3246 servans
2763 3166 3111 3221 lineamenta.
3148 3167 3301 3221 Tunc
3333 3168 3435 3223 soli

1860 3260 1964 3312 sibi
2018 3259 2209 3313 vivens
2288 3258 2487 3327 (neque
2541 3259 2686 3310 enim
2740 3267 2860 3311 erat
2913 3260 3300 3312 monasterium
3368 3258 3438 3313 ab

1861 3352 2129 3403 haereseos
2164 3358 2314 3418 peste
2344 3350 2605 3415 innnnne)
2652 3350 2871 3414 ascetis,
2907 3349 2997 3416 qui
3037 3347 3225 3402 eodem
3258 3363 3319 3401 ac
3349 3346 3439 3403 ille

1861 3442 1977 3496 zelo
2022 3442 2379 3505 ducebantur,
2413 3450 2467 3493 et
2506 3440 2707 3494 Christi
2752 3441 3104 3510 martyribus,
3159 3450 3270 3493 tum
3322 3442 3435 3510 pri-

1860 3549 2004 3587 mum
2038 3548 2067 3586 a
2106 3533 2337 3587 vinculis
2388 3544 2440 3587 et
2466 3532 2660 3586 exsilio
2698 3531 2958 3597 dimissis,
3013 3536 3431 3587 consuescebat.

1857 3626 2258 3679 Consuescebat
2286 3625 2451 3678 etiam
2480 3639 2601 3677 cum
2635 3623 2702 3677 iis
2735 3623 2826 3690 qui
2860 3622 2913 3675 in
2945 3622 3209 3690 dignitate
3256 3632 3436 3688 erant,

1857 3729 1909 3769 et
1946 3731 2011 3769 ex
2046 3725 2259 3777 senatu,
2293 3716 2359 3770 de
2386 3716 2488 3768 fide
2521 3724 2698 3767 tamen
2749 3721 2897 3767 recte
2952 3714 3281 3767 sentiebant.
3314 3711 3439 3769 Fuit

1857 3809 2018 3860 etiam
2053 3823 2176 3867 cum
2209 3807 2275 3859 iis
2303 3806 2395 3876 qui
2453 3820 2718 3859 Venenum
2764 3805 3034 3859 haereseos
3082 3805 3435 3870 imbiberant,

1859 3910 1914 3953 ιιι
1938 3898 2195 3952 salutaria
2221 3899 2469 3967 dogmata
2499 3904 2843 3966 proponeret,
2862 3906 2916 3951 et
2947 3911 3042 3951 eos
3063 3910 3092 3949 a
3118 3897 3438 3951 discrimine

1858 3992 2096 4045 animum
2124 3991 2460 4061 opprimente
2492 3990 2749 4044 liberaret
2776 4007 2788 4042 :
2824 3988 3009 4043 multis
3034 3990 3179 4043 enim
3215 4004 3439 4057 persua-

1857 4083 2109 4137 sillilibus
2161 4083 2335 4151 iisque
2373 4081 2710 4136 acutissimis
2762 4080 2999 4151 pollebat
3046 4081 3353 4145 sententiis,
3384 4090 3438 4134 et

1857 4174 2074 4244 ingenio
2134 4174 2415 4243 praestanti
2467 4173 2771 4227 divinarum
2813 4171 3219 4240 Scripturarum
3276 4168 3434 4221 verba

1856 4277 1978 4335 apte
2008 4280 2342 4335 componens
2369 4264 2491 4319 aliis
2526 4264 2845 4327 dictitabat;
2883 4272 2940 4315 ut
2969 4261 3257 4328 jucundior
3287 4261 3433 4327 ejus-

1856 4360 1975 4411 dem
2024 4357 2203 4410 oratio
2260 4356 2485 4410 auribus
2545 4354 2880 4407 audientium
2937 4350 3204 4417 influeret,
3268 4366 3431 4421 quam

1857 4464 1994 4516 aqua
2035 4446 2234 4516 frigida
2271 4461 2333 4500 ac
2365 4447 2549 4499 suavis
2581 4444 2720 4497 fauci
2760 4445 2964 4498 sitienti
3001 4442 3323 4496 infunditur.

1929 4540 1981 4594 7.
2024 4540 2156 4593 Cum
2188 4540 2369 4608 itaque
2400 4536 2732 4606 Theophilus
2773 4536 2892 4605 (ιη),
2921 4535 3214 4604 gentilismi
3252 4536 3431 4603 potius

1860 4648 2021 4702 quam
2082 4632 2174 4685 Dei
2231 4645 2443 4696 amans,
2498 4630 2637 4697 patri
2696 4629 2746 4681 in
2800 4628 3026 4697 imperio
3056 4628 3429 4691 successisset,

1852 4734 1906 4777 ct
1966 4723 2184 4776 infamis
2232 4721 2373 4774 illius
2422 4721 2643 4773 haeresis
2684 4717 2932 4787 poculum
2998 4717 3064 4769 ad
3109 4715 3427 4770 ebrietatem

1852 4814 2225 4877 exlumsisset,
2273 4828 2486 4865 rursum
2536 4820 2699 4864 recta:
2736 4793 2861 4862 fidei
2893 4807 3090 4861 addicti
3145 4808 3343 4877 fugari,
3378 4810 3428 4860 in

1851 4909 2099 4962 exsiliunt
2133 4906 2281 4975 pelli,
2315 4920 2342 4957 a
2376 4906 2729 4973 dignitatibus
2768 4903 2953 4971 dcjiri,
2988 4903 3149 4957 rebus
3176 4902 3429 4957 omnibus

1852 5000 2391 5066 possessionibusque
2441 4996 2640 5065 privari
2682 5005 2736 5051 et
2776 4994 2919 5048 nulla
2971 5009 3076 5047 non
3122 4992 3430 5046 calamitate

1855 5090 2016 5144 allici.
2052 5088 2202 5143 Tunc
2227 5090 2389 5142 etiam
2425 5088 2647 5141 immani
2677 5088 2764 5141 isti
2795 5085 3031 5153 serpenti
3066 5083 3267 5143 Christi
3294 5091 3434 5135 stre-

1854 5184 2151 5235 nuissimus
2205 5181 2361 5235 miles
2414 5190 2469 5235 et
2518 5189 2725 5250 martyr
2799 5176 3102 5231 Methodius
3167 5171 3432 5239 defertur,

1863 5284 2115 5342 tanquam
2150 5275 2239 5341 qui
2279 5274 2454 5342 palam
2485 5272 2730 5327 hazresim
2763 5268 3053 5332 refelleret,
3093 5266 3438 5336 ingentiaque

1858 5381 1955 5435 pro
1988 5365 2091 5419 fide
2122 5365 2425 5419 orthodoxa
2473 5373 2740 5418 tormenta
2782 5363 3152 5416 sustinuisset.
3184 5358 3437 5412 Δείξοηί-

1859 5466 1969 5508 tum
2008 5457 2190 5524 itaque
2230 5457 2522 5527 compellat
2566 5455 2903 5523 imperator:
2938 5453 3130 5505 Annon
3188 5451 3439 5520 quieSCes

1858 5615 1966 5666 lum
1999 5620 2204 5676 septem
2240 5626 2411 5664 annos
2442 5608 2616 5663 exsilii
2657 5608 2839 5664 habet.

1929 5680 2023 5751 (m)
2050 5674 2383 5749 Theophilus
2406 5681 2650 5751 regnavit
2674 5696 2704 5736 a
2727 5693 2913 5737 mense
2932 5674 3155 5735 Octobri
3183 5676 3312 5735 anni
3330 5675 3437 5735 829

1859 5765 2029 5821 usque
2062 5753 2128 5806 ad
2161 5767 2360 5807 annum
2394 5750 2521 5808 842.
