  <div class='ocr_page' id='page_1' title='image "/cluster/home/n/w/nwhite01/storage/ocr_20150623/100/nnc1.0046980229/631.png"; bbox 0 0 4200 6430; ppageno 0'>
   <div class='ocr_carea' id='block_1_1' title="bbox 752 378 887 444">
    <p class='ocr_par' dir='ltr' id='par_1_1' title="bbox 752 378 887 444">
     <span class='ocr_line' id='line_1_1' title="bbox 752 378 887 444; baseline -0.007 0"><span class='ocrx_word' id='word_1_1' title='bbox 752 378 887 444; x_wconf 72' lang='grc' dir='ltr'><strong>12ῐὶ3</strong></span> 
     </span>
    </p>
   </div>
   <div class='ocr_carea' id='block_1_2' title="bbox 1771 376 2943 445">
    <p class='ocr_par' dir='ltr' id='par_1_2' title="bbox 1771 376 2943 445">
     <span class='ocr_line' id='line_1_2' title="bbox 1771 376 2943 445; baseline 0.003 -4"><span class='ocrx_word' id='word_1_2' title='bbox 1771 380 1830 441; x_wconf 78' lang='grc' dir='ltr'><strong>ε.</strong></span> <span class='ocrx_word' id='word_1_3' title='bbox 1876 376 2257 441; x_wconf 80' lang='lat' dir='ltr'><strong>METiIODII</strong></span> <span class='ocrx_word' id='word_1_4' title='bbox 2297 377 2798 443; x_wconf 67' lang='lat' dir='ltr'><strong>PATRIARCH/E</strong></span> <span class='ocrx_word' id='word_1_5' title='bbox 2835 381 2943 445; x_wconf 90' lang='lat' dir='ltr'><strong>CP.</strong></span> 
     </span>
    </p>
   </div>
   <div class='ocr_carea' id='block_1_3' title="bbox 3867 384 4005 455">
    <p class='ocr_par' dir='ltr' id='par_1_3' title="bbox 3867 384 4005 455">
     <span class='ocr_line' id='line_1_3' title="bbox 3867 384 4005 455; baseline 0 0"><span class='ocrx_word' id='word_1_6' title='bbox 3867 384 4005 455; x_wconf 68' lang='lat'><strong>1:“</strong></span> 
     </span>
    </p>
   </div>
   <div class='ocr_carea' id='block_1_4' title="bbox 745 485 4005 573">
    <p class='ocr_par' dir='ltr' id='par_1_4' title="bbox 745 485 4005 573">
     <span class='ocr_line' id='line_1_4' title="bbox 745 485 4005 573; baseline 0.003 -24"><span class='ocrx_word' id='word_1_7' title='bbox 745 485 2314 559; x_wconf 67' lang='lat' dir='ltr'><strong>satietutMethodlus;anpostea,increbrt-scenteheresi</strong></span> <span class='ocrx_word' id='word_1_8' title='bbox 2347 492 2391 553; x_wconf 75' lang='grc' dir='ltr'>Α</span> <span class='ocrx_word' id='word_1_9' title='bbox 2426 490 2651 547; x_wconf 84' lang='lat' dir='ltr'><strong>interitu</strong></span> <span class='ocrx_word' id='word_1_10' title='bbox 2710 491 3061 552; x_wconf 77' lang='lat' dir='ltr'><strong>vindicandas</strong></span> <span class='ocrx_word' id='word_1_11' title='bbox 3112 502 3297 563; x_wconf 78' lang='lat' dir='ltr'><strong>ratus.</strong></span> <span class='ocrx_word' id='word_1_12' title='bbox 3378 495 3480 556; x_wconf 82' lang='lat' dir='ltr'><strong>hoc</strong></span> <span class='ocrx_word' id='word_1_13' title='bbox 3546 497 3669 558; x_wconf 84' lang='lat' dir='ltr'><strong>loco</strong></span> <span class='ocrx_word' id='word_1_14' title='bbox 3726 499 4005 573; x_wconf 72' lang='lat' dir='ltr'><strong>subjicere</strong></span> 
     </span>
    </p>
   </div>
   <div class='ocr_carea' id='block_1_5' title="bbox 746 576 2314 652">
    <p class='ocr_par' dir='ltr' id='par_1_5' title="bbox 746 576 2314 652">
     <span class='ocr_line' id='line_1_5' title="bbox 746 576 2314 652; baseline 0 -15"><span class='ocrx_word' id='word_1_15' title='bbox 746 580 1223 639; x_wconf 74' lang='lat' dir='ltr'><strong>leonotnachorum</strong></span> <span class='ocrx_word' id='word_1_16' title='bbox 1274 580 1373 635; x_wconf 82' lang='lat' dir='ltr'><strong>suh</strong></span> <span class='ocrx_word' id='word_1_17' title='bbox 1401 576 1583 635; x_wconf 82' lang='lat' dir='ltr'><strong>Leone</strong></span> <span class='ocrx_word' id='word_1_18' title='bbox 1619 580 1886 647; x_wconf 83' lang='lat' dir='ltr'><strong>Armeuo,</strong></span> <span class='ocrx_word' id='word_1_19' title='bbox 1919 589 1975 637; x_wconf 87' lang='lat' dir='ltr'><strong>et</strong></span> <span class='ocrx_word' id='word_1_20' title='bbox 2012 581 2314 652; x_wconf 89' lang='lat' dir='ltr'><strong>patriarcha</strong></span> 
     </span>
    </p>
   </div>
   <div class='ocr_carea' id='block_1_6' title="bbox 746 667 2311 743">
    <p class='ocr_par' dir='ltr' id='par_1_6' title="bbox 746 667 2311 743">
     <span class='ocr_line' id='line_1_6' title="bbox 746 667 2311 743; baseline 0 -15"><span class='ocrx_word' id='word_1_21' title='bbox 746 672 1055 743; x_wconf 77' lang='lat' dir='ltr'><strong>Niecphoro</strong></span> <span class='ocrx_word' id='word_1_22' title='bbox 1106 671 1303 725; x_wconf 86' lang='lat' dir='ltr'><strong>missus</strong></span> <span class='ocrx_word' id='word_1_23' title='bbox 1349 667 1542 737; x_wconf 82' lang='lat' dir='ltr'><strong>fuerit,</strong></span> <span class='ocrx_word' id='word_1_24' title='bbox 1586 686 1690 726; x_wconf 92' lang='lat' dir='ltr'><strong>non</strong></span> <span class='ocrx_word' id='word_1_25' title='bbox 1732 671 1999 728; x_wconf 90' lang='lat' dir='ltr'><strong>indicatur</strong></span> <span class='ocrx_word' id='word_1_26' title='bbox 2045 674 2097 728; x_wconf 92' lang='lat' dir='ltr'><strong>in</strong></span> <span class='ocrx_word' id='word_1_27' title='bbox 2136 674 2311 741; x_wconf 83' lang='lat' dir='ltr'><strong>actis;</strong></span> 
     </span>
    </p>
   </div>
   <div class='ocr_carea' id='block_1_7' title="bbox 744 758 2315 831">
    <p class='ocr_par' dir='ltr' id='par_1_7' title="bbox 744 758 2315 831">
     <span class='ocr_line' id='line_1_7' title="bbox 744 758 2315 831; baseline 0 -15"><span class='ocrx_word' id='word_1_28' title='bbox 744 762 1029 831; x_wconf 80' lang='lat' dir='ltr'><strong>solumque</strong></span> <span class='ocrx_word' id='word_1_29' title='bbox 1081 758 1316 823; x_wconf 92' lang='lat' dir='ltr'><strong>dicitur,</strong></span> <span class='ocrx_word' id='word_1_30' title='bbox 1371 777 1389 809; x_wconf 83' lang='grc' dir='ltr'><strong>ι</strong></span> <span class='ocrx_word' id='word_1_31' title='bbox 1438 760 1688 815; x_wconf 71' lang='lat' dir='ltr'><strong>hmresim</strong></span> <span class='ocrx_word' id='word_1_32' title='bbox 1738 758 1965 815; x_wconf 75' lang='lat' dir='ltr'><strong>Romam</strong></span> <span class='ocrx_word' id='word_1_33' title='bbox 2012 777 2072 816; x_wconf 87' lang='lat' dir='ltr'><strong>se</strong></span> <span class='ocrx_word' id='word_1_34' title='bbox 2121 773 2315 818; x_wconf 81' lang='lat' dir='ltr'><strong>contn-</strong></span> 
     </span>
    </p>
   </div>
   <div class='ocr_carea' id='block_1_8' title="bbox 744 848 2316 918">
    <p class='ocr_par' dir='ltr' id='par_1_8' title="bbox 744 848 2316 918">
     <span class='ocr_line' id='line_1_8' title="bbox 744 848 2316 918; baseline 0.001 -14"><span class='ocrx_word' id='word_1_35' title='bbox 744 852 893 913; x_wconf 84' lang='lat' dir='ltr'><strong>lisse,</strong></span> <span class='ocrx_word' id='word_1_36' title='bbox 939 870 956 900; x_wconf 79' lang='grc' dir='ltr'><strong>ι</strong></span> <span class='ocrx_word' id='word_1_37' title='bbox 1004 850 1315 917; x_wconf 85' lang='lat' dir='ltr'><strong>Assutnpsit</strong></span> <span class='ocrx_word' id='word_1_38' title='bbox 1364 848 1474 903; x_wconf 75' lang='lat' dir='ltr'><strong>Leo</strong></span> <span class='ocrx_word' id='word_1_39' title='bbox 1524 852 1790 903; x_wconf 82' lang='lat' dir='ltr'><strong>Armentis</strong></span> <span class='ocrx_word' id='word_1_40' title='bbox 1846 851 2127 918; x_wconf 86' lang='lat' dir='ltr'><strong>imperium</strong></span> <span class='ocrx_word' id='word_1_41' title='bbox 2175 868 2316 905; x_wconf 89' lang='lat' dir='ltr'><strong>anno</strong></span> 
     </span>
    </p>
   </div>
   <div class='ocr_carea' id='block_1_9' title="bbox 743 938 2315 1011">
    <p class='ocr_par' dir='ltr' id='par_1_9' title="bbox 743 938 2315 1011">
     <span class='ocr_line' id='line_1_9' title="bbox 743 938 2315 1011; baseline 0.001 -17"><span class='ocrx_word' id='word_1_42' title='bbox 743 942 867 1003; x_wconf 76' lang='lat'><strong>813,</strong></span> <span class='ocrx_word' id='word_1_43' title='bbox 905 957 933 992; x_wconf 84' lang='lat' dir='ltr'><strong>a</strong></span> <span class='ocrx_word' id='word_1_44' title='bbox 971 955 1099 1007; x_wconf 87' lang='lat' dir='ltr'><strong>quo,</strong></span> <span class='ocrx_word' id='word_1_45' title='bbox 1130 954 1274 993; x_wconf 89' lang='lat' dir='ltr'><strong>anno</strong></span> <span class='ocrx_word' id='word_1_46' title='bbox 1302 940 1578 1008; x_wconf 74' lang='lat' dir='ltr'><strong>sequenti,</strong></span> <span class='ocrx_word' id='word_1_47' title='bbox 1609 950 1829 993; x_wconf 86' lang='lat' dir='ltr'><strong>sanctus</strong></span> <span class='ocrx_word' id='word_1_48' title='bbox 1856 938 2189 1011; x_wconf 71' lang='lat' dir='ltr'><strong>Nicephorus</strong></span> <span class='ocrx_word' id='word_1_49' title='bbox 2217 955 2315 1011; x_wconf 86' lang='lat' dir='ltr'><strong>pa-</strong></span> 
     </span>
    </p>
   </div>
   <div class='ocr_carea' id='block_1_10' title="bbox 744 1030 1705 1099">
    <p class='ocr_par' dir='ltr' id='par_1_10' title="bbox 744 1030 1705 1099">
     <span class='ocr_line' id='line_1_10' title="bbox 744 1030 1705 1099; baseline -0.002 -13"><span class='ocrx_word' id='word_1_50' title='bbox 744 1032 976 1086; x_wconf 80' lang='lat' dir='ltr'><strong>triarcha</strong></span> <span class='ocrx_word' id='word_1_51' title='bbox 1011 1032 1062 1083; x_wconf 90' lang='lat' dir='ltr'><strong>in</strong></span> <span class='ocrx_word' id='word_1_52' title='bbox 1092 1031 1341 1084; x_wconf 74' lang='lat' dir='ltr'><strong>exsilium</strong></span> <span class='ocrx_word' id='word_1_53' title='bbox 1371 1030 1705 1099; x_wconf 89' lang='lat' dir='ltr'><strong>deportatur.</strong></span> 
     </span>
    </p>
   </div>
   <div class='ocr_carea' id='block_1_11' title="bbox 812 1120 2313 1192">
    <p class='ocr_par' dir='ltr' id='par_1_11' title="bbox 812 1120 2313 1192">
     <span class='ocr_line' id='line_1_11' title="bbox 812 1120 2313 1192; baseline -0.001 -15"><span class='ocrx_word' id='word_1_54' title='bbox 812 1125 869 1177; x_wconf 74' lang='lat'><strong>2.</strong></span> <span class='ocrx_word' id='word_1_55' title='bbox 912 1123 1030 1178; x_wconf 70' lang='lat' dir='ltr'><strong>lam</strong></span> <span class='ocrx_word' id='word_1_56' title='bbox 1073 1138 1191 1192; x_wconf 70' lang='lat' dir='ltr'><strong>qum</strong></span> <span class='ocrx_word' id='word_1_57' title='bbox 1236 1130 1348 1174; x_wconf 89' lang='lat' dir='ltr'><strong>tum</strong></span> <span class='ocrx_word' id='word_1_58' title='bbox 1395 1120 1584 1174; x_wconf 70' lang='lat' dir='ltr'><strong>Romae</strong></span> <span class='ocrx_word' id='word_1_59' title='bbox 1624 1123 1949 1191; x_wconf 81' lang='lat' dir='ltr'><strong>contigerint</strong></span> <span class='ocrx_word' id='word_1_60' title='bbox 1981 1130 2169 1177; x_wconf 88' lang='lat' dir='ltr'><strong>sancto</strong></span> <span class='ocrx_word' id='word_1_61' title='bbox 2205 1122 2313 1177; x_wconf 69' lang='lat' dir='ltr'><strong>ilc-</strong></span> 
     </span>
    </p>
   </div>
   <div class='ocr_carea' id='block_1_12' title="bbox 745 1212 2315 1281">
    <p class='ocr_par' dir='ltr' id='par_1_12' title="bbox 745 1212 2315 1281">
     <span class='ocr_line' id='line_1_12' title="bbox 745 1212 2315 1281; baseline 0 -12"><span class='ocrx_word' id='word_1_62' title='bbox 745 1215 948 1278; x_wconf 83' lang='lat' dir='ltr'><strong>thodin,</strong></span> <span class='ocrx_word' id='word_1_63' title='bbox 977 1215 1053 1267; x_wconf 89' lang='lat' dir='ltr'><strong>sic</strong></span> <span class='ocrx_word' id='word_1_64' title='bbox 1090 1213 1261 1281; x_wconf 79' lang='lat' dir='ltr'><strong>pergil</strong></span> <span class='ocrx_word' id='word_1_65' title='bbox 1291 1227 1513 1266; x_wconf 88' lang='lat' dir='ltr'><strong>narrare</strong></span> <span class='ocrx_word' id='word_1_66' title='bbox 1547 1214 1819 1266; x_wconf 80' lang='lat' dir='ltr'><strong>Cedrenus</strong></span> <span class='ocrx_word' id='word_1_67' title='bbox 1849 1230 1862 1266; x_wconf 88' lang='lat'><strong>:</strong></span> <span class='ocrx_word' id='word_1_68' title='bbox 1890 1231 1907 1264; x_wconf 84' lang='grc' dir='ltr'><strong>ι</strong></span> <span class='ocrx_word' id='word_1_69' title='bbox 1941 1212 2074 1267; x_wconf 83' lang='lat' dir='ltr'><strong>Eum</strong></span> <span class='ocrx_word' id='word_1_70' title='bbox 2108 1216 2315 1269; x_wconf 77' lang='lat' dir='ltr'><strong>scilicet</strong></span> 
     </span>
    </p>
   </div>
   <div class='ocr_carea' id='block_1_13' title="bbox 744 1302 2314 1370">
    <p class='ocr_par' dir='ltr' id='par_1_13' title="bbox 744 1302 2314 1370">
     <span class='ocr_line' id='line_1_13' title="bbox 744 1302 2314 1370; baseline 0.002 -15"><span class='ocrx_word' id='word_1_71' title='bbox 744 1315 996 1356; x_wconf 80' lang='lat' dir='ltr'><strong>vexatum</strong></span> <span class='ocrx_word' id='word_1_72' title='bbox 1027 1302 1203 1355; x_wconf 79' lang='lat' dir='ltr'><strong>fuisse</strong></span> <span class='ocrx_word' id='word_1_73' title='bbox 1228 1318 1256 1354; x_wconf 90' lang='lat' dir='ltr'><strong>a</strong></span> <span class='ocrx_word' id='word_1_74' title='bbox 1299 1302 1443 1355; x_wconf 90' lang='lat' dir='ltr'><strong>malo</strong></span> <span class='ocrx_word' id='word_1_75' title='bbox 1468 1303 1644 1370; x_wconf 84' lang='lat' dir='ltr'><strong>genio,</strong></span> <span class='ocrx_word' id='word_1_76' title='bbox 1677 1306 1859 1356; x_wconf 90' lang='lat' dir='ltr'><strong>carnis</strong></span> <span class='ocrx_word' id='word_1_77' title='bbox 1887 1304 2149 1369; x_wconf 77' lang='lat' dir='ltr'><strong>studioso,</strong></span> <span class='ocrx_word' id='word_1_78' title='bbox 2196 1306 2314 1358; x_wconf 85' lang='lat' dir='ltr'><strong>sine</strong></span> 
     </span>
    </p>
   </div>
   <div class='ocr_carea' id='block_1_14' title="bbox 744 1389 2310 1457">
    <p class='ocr_par' dir='ltr' id='par_1_14' title="bbox 744 1389 2310 1457">
     <span class='ocr_line' id='line_1_14' title="bbox 744 1389 2310 1457; baseline -0.002 -11"><span class='ocrx_word' id='word_1_79' title='bbox 744 1392 1145 1446; x_wconf 85' lang='lat' dir='ltr'><strong>intermissione</strong></span> <span class='ocrx_word' id='word_1_80' title='bbox 1178 1392 1297 1445; x_wconf 84' lang='lat' dir='ltr'><strong>dies</strong></span> <span class='ocrx_word' id='word_1_81' title='bbox 1328 1398 1620 1457; x_wconf 66' lang='lat' dir='ltr'><strong>nentesque</strong></span> <span class='ocrx_word' id='word_1_82' title='bbox 1658 1403 1782 1441; x_wconf 89' lang='lat' dir='ltr'><strong>eum</strong></span> <span class='ocrx_word' id='word_1_83' title='bbox 1818 1389 2068 1444; x_wconf 85' lang='lat' dir='ltr'><strong>titillanle</strong></span> <span class='ocrx_word' id='word_1_84' title='bbox 2090 1429 2105 1453; x_wconf 92' lang='lat'><strong>,</strong></span> <span class='ocrx_word' id='word_1_85' title='bbox 2139 1401 2193 1444; x_wconf 84' lang='lat' dir='ltr'><strong>et</strong></span> <span class='ocrx_word' id='word_1_86' title='bbox 2234 1390 2310 1443; x_wconf 87' lang='lat' dir='ltr'><strong>rei</strong></span> 
     </span>
    </p>
   </div>
   <div class='ocr_carea' id='block_1_15' title="bbox 742 1478 2310 1550">
    <p class='ocr_par' dir='ltr' id='par_1_15' title="bbox 742 1478 2310 1550">
     <span class='ocr_line' id='line_1_15' title="bbox 742 1478 2310 1550; baseline 0 -15"><span class='ocrx_word' id='word_1_87' title='bbox 742 1497 989 1535; x_wconf 76' lang='lat' dir='ltr'><strong>venerea:</strong></span> <span class='ocrx_word' id='word_1_88' title='bbox 1014 1480 1311 1550; x_wconf 89' lang='lat' dir='ltr'><strong>appetitum</strong></span> <span class='ocrx_word' id='word_1_89' title='bbox 1340 1479 1610 1532; x_wconf 75' lang='lat' dir='ltr'><strong>excitante</strong></span> <span class='ocrx_word' id='word_1_90' title='bbox 1648 1495 1661 1533; x_wconf 90' lang='lat'>:</span> <span class='ocrx_word' id='word_1_91' title='bbox 1712 1478 1895 1548; x_wconf 89' lang='lat' dir='ltr'><strong>itaque</strong></span> <span class='ocrx_word' id='word_1_92' title='bbox 1935 1481 2212 1535; x_wconf 88' lang='lat' dir='ltr'><strong>ardentem</strong></span> <span class='ocrx_word' id='word_1_93' title='bbox 2250 1495 2310 1535; x_wconf 86' lang='lat' dir='ltr'><strong>ea</strong></span> 
     </span>
    </p>
   </div>
   <div class='ocr_carea' id='block_1_16' title="bbox 740 1570 2312 1642">
    <p class='ocr_par' dir='ltr' id='par_1_16' title="bbox 740 1570 2312 1642">
     <span class='ocr_line' id='line_1_16' title="bbox 740 1570 2312 1642; baseline -0.001 -15"><span class='ocrx_word' id='word_1_94' title='bbox 740 1572 1054 1642; x_wconf 81' lang='lat' dir='ltr'><strong>ettpiditate,</strong></span> <span class='ocrx_word' id='word_1_95' title='bbox 1084 1586 1147 1624; x_wconf 91' lang='lat' dir='ltr'><strong>ac</strong></span> <span class='ocrx_word' id='word_1_96' title='bbox 1186 1580 1391 1622; x_wconf 88' lang='lat' dir='ltr'><strong>tantum</strong></span> <span class='ocrx_word' id='word_1_97' title='bbox 1426 1585 1529 1622; x_wconf 90' lang='lat' dir='ltr'><strong>non</strong></span> <span class='ocrx_word' id='word_1_98' title='bbox 1558 1570 1604 1623; x_wconf 87' lang='lat' dir='ltr'><strong>ei</strong></span> <span class='ocrx_word' id='word_1_99' title='bbox 1642 1571 2116 1635; x_wconf 86' lang='lat' dir='ltr'><strong>succutnbcutem,</strong></span> <span class='ocrx_word' id='word_1_100' title='bbox 2151 1570 2312 1625; x_wconf 85' lang='lat' dir='ltr'><strong>Petro</strong></span> 
     </span>
    </p>
   </div>
   <div class='ocr_carea' id='block_1_17' title="bbox 743 1661 2310 1733">
    <p class='ocr_par' dir='ltr' id='par_1_17' title="bbox 743 1661 2310 1733">
     <span class='ocr_line' id='line_1_17' title="bbox 743 1661 2310 1733; baseline -0.003 -17"><span class='ocrx_word' id='word_1_101' title='bbox 743 1662 1107 1733; x_wconf 74' lang='lat' dir='ltr'><strong>apostolorum</strong></span> <span class='ocrx_word' id='word_1_102' title='bbox 1155 1662 1384 1730; x_wconf 91' lang='lat' dir='ltr'><strong>principi</strong></span> <span class='ocrx_word' id='word_1_103' title='bbox 1433 1674 1552 1715; x_wconf 83' lang='lat' dir='ltr'><strong>sese</strong></span> <span class='ocrx_word' id='word_1_104' title='bbox 1587 1661 1782 1716; x_wconf 88' lang='lat' dir='ltr'><strong>dedere</strong></span> <span class='ocrx_word' id='word_1_105' title='bbox 1832 1661 2117 1725; x_wconf 74' lang='lat' dir='ltr'><strong>statuisse;</strong></span> <span class='ocrx_word' id='word_1_106' title='bbox 2171 1661 2310 1713; x_wconf 81' lang='lat' dir='ltr'><strong>tntil-</strong></span> 
     </span>
    </p>
   </div>
   <div class='ocr_carea' id='block_1_18' title="bbox 744 1753 2310 1825">
    <p class='ocr_par' dir='ltr' id='par_1_18' title="bbox 744 1753 2310 1825">
     <span class='ocr_line' id='line_1_18' title="bbox 744 1753 2310 1825; baseline -0.003 -15"><span class='ocrx_word' id='word_1_107' title='bbox 744 1757 919 1825; x_wconf 80' lang='lat' dir='ltr'><strong>tisque</strong></span> <span class='ocrx_word' id='word_1_108' title='bbox 955 1755 1020 1809; x_wconf 83' lang='lat' dir='ltr'><strong>ab</strong></span> <span class='ocrx_word' id='word_1_109' title='bbox 1065 1768 1130 1807; x_wconf 90' lang='lat' dir='ltr'><strong>eo</strong></span> <span class='ocrx_word' id='word_1_110' title='bbox 1175 1754 1428 1823; x_wconf 81' lang='lat' dir='ltr'><strong>precibus</strong></span> <span class='ocrx_word' id='word_1_111' title='bbox 1461 1753 1803 1807; x_wconf 80' lang='lat' dir='ltr'><strong>contendisse</strong></span> <span class='ocrx_word' id='word_1_112' title='bbox 1826 1794 1839 1817; x_wconf 91' lang='lat'><strong>,</strong></span> <span class='ocrx_word' id='word_1_113' title='bbox 1874 1754 1952 1806; x_wconf 89' lang='lat' dir='ltr'><strong>uti</strong></span> <span class='ocrx_word' id='word_1_114' title='bbox 1990 1767 2050 1807; x_wconf 89' lang='lat' dir='ltr'><strong>se</strong></span> <span class='ocrx_word' id='word_1_115' title='bbox 2088 1753 2310 1806; x_wconf 69' lang='lat' dir='ltr'><strong>libidine</strong></span> 
     </span>
    </p>
   </div>
   <div class='ocr_carea' id='block_1_19' title="bbox 2422 581 2615 639">
    <p class='ocr_par' dir='ltr' id='par_1_19' title="bbox 2422 581 2615 639">
     <span class='ocr_line' id='line_1_19' title="bbox 2422 581 2615 639; baseline 0.016 -3"><span class='ocrx_word' id='word_1_116' title='bbox 2422 581 2563 639; x_wconf 83' lang='lat' dir='ltr'><strong>valul</strong></span> <span class='ocrx_word' id='word_1_117' title='bbox 2602 600 2615 638; x_wconf 89' lang='lat'><strong>:</strong></span> 
     </span>
    </p>
   </div>
   <div class='ocr_carea' id='block_1_20' title="bbox 2487 692 3658 780">
    <p class='ocr_par' dir='ltr' id='par_1_20' title="bbox 2487 692 3658 780">
     <span class='ocr_line' id='line_1_20' title="bbox 2487 692 3658 780; baseline 0.011 -36"><span class='ocrx_word' id='word_1_118' title='bbox 2487 692 3003 780; x_wconf 48' lang='lat' dir='ltr'><strong>IQ&#39;CGJVﬂ‘VIXeq),</strong></span> <span class='ocrx_word' id='word_1_119' title='bbox 3035 698 3129 780; x_wconf 64' lang='grc' dir='ltr'><strong>κα).</strong></span> <span class='ocrx_word' id='word_1_120' title='bbox 3153 697 3333 780; x_wconf 67' lang='grc' dir='ltr'>νεκρῷ</span> <span class='ocrx_word' id='word_1_121' title='bbox 3363 698 3658 780; x_wconf 53' lang='grc' dir='ltr'><strong>ζωηςρὸρῳ,</strong></span> 
     </span>
    </p>
   </div>
   <div class='ocr_carea' id='block_1_21' title="bbox 2487 762 3779 839">
    <p class='ocr_par' dir='ltr' id='par_1_21' title="bbox 2487 762 3779 839">
     <span class='ocr_line' id='line_1_21' title="bbox 2487 762 3779 839; baseline 0.012 -27"><span class='ocrx_word' id='word_1_122' title='bbox 2487 762 2992 839; x_wconf 13' lang='grc' dir='ltr'><strong>δάιοντι-τὴνίγῇ.</strong></span> <span class='ocrx_word' id='word_1_123' title='bbox 3029 767 3126 839; x_wconf 65' lang='lat' dir='ltr'><strong>xui.</strong></span> <span class='ocrx_word' id='word_1_124' title='bbox 3162 762 3424 822; x_wconf 61' lang='grc' dir='ltr'><strong>παέοὗνλτι</strong></span> <span class='ocrx_word' id='word_1_125' title='bbox 3464 762 3779 839; x_wconf 62' lang='grc' dir='ltr'><strong>ἶεὶνίξόλον,</strong></span> 
     </span>
    </p>
   </div>
   <div class='ocr_carea' id='block_1_22' title="bbox 2491 832 3645 912">
    <p class='ocr_par' dir='ltr' id='par_1_22' title="bbox 2491 832 3645 912">
     <span class='ocr_line' id='line_1_22' title="bbox 2491 832 3645 912; baseline 0.01 -28"><span class='ocrx_word' id='word_1_126' title='bbox 2491 832 2734 901; x_wconf 69' lang='grc' dir='ltr'><strong>Γραπτοὶ</strong></span> <span class='ocrx_word' id='word_1_127' title='bbox 2769 832 3039 905; x_wconf 62' lang='grc' dir='ltr'><strong>γράφουσι</strong></span> <span class='ocrx_word' id='word_1_128' title='bbox 3071 838 3285 908; x_wconf 78' lang='grc' dir='ltr'><strong>δέσμιοι</strong></span> <span class='ocrx_word' id='word_1_129' title='bbox 3310 839 3386 909; x_wconf 80' lang='grc' dir='ltr'>τῷ</span> <span class='ocrx_word' id='word_1_130' title='bbox 3414 840 3645 912; x_wconf 74' lang='grc' dir='ltr'><strong>δεσμίῳ.</strong></span> 
     </span>
    </p>
   </div>
   <div class='ocr_carea' id='block_1_23' title="bbox 2500 943 3539 1021">
    <p class='ocr_par' dir='ltr' id='par_1_23' title="bbox 2500 943 3539 1021">
     <span class='ocr_line' id='line_1_23' title="bbox 2500 943 3539 1021; baseline 0.014 -27"><span class='ocrx_word' id='word_1_131' title='bbox 2500 943 2622 1021; x_wconf 46' lang='lat' dir='ltr'><strong>[tivo</strong></span> <span class='ocrx_word' id='word_1_132' title='bbox 2658 960 2947 1021; x_wconf 66' lang='lat' dir='ltr'><strong>perempto,</strong></span> <span class='ocrx_word' id='word_1_133' title='bbox 2984 950 3286 1021; x_wconf 74' lang='lat' dir='ltr'><strong>rivi/imque</strong></span> <span class='ocrx_word' id='word_1_134' title='bbox 3315 966 3539 1009; x_wconf 78' lang='lat' dir='ltr'><strong>marino.</strong></span> 
     </span>
    </p>
   </div>
   <div class='ocr_carea' id='block_1_24' title="bbox 2494 1012 3842 1095">
    <p class='ocr_par' dir='ltr' id='par_1_24' title="bbox 2494 1012 3842 1095">
     <span class='ocr_line' id='line_1_24' title="bbox 2494 1012 3842 1095; baseline 0.012 -31"><span class='ocrx_word' id='word_1_135' title='bbox 2494 1012 2710 1095; x_wconf 58' lang='lat' dir='ltr'><strong>Zerrain</strong></span> <span class='ocrx_word' id='word_1_136' title='bbox 2741 1012 3009 1081; x_wconf 74' lang='lat' dir='ltr'><strong>incolenti,</strong></span> <span class='ocrx_word' id='word_1_137' title='bbox 3042 1012 3104 1095; x_wconf 63' lang='lat' dir='ltr'><strong>ne</strong></span> <span class='ocrx_word' id='word_1_138' title='bbox 3133 1012 3334 1087; x_wconf 61' lang='lat' dir='ltr'><strong>puriter</strong></span> <span class='ocrx_word' id='word_1_139' title='bbox 3362 1028 3594 1078; x_wconf 75' lang='lat' dir='ltr'><strong>micanti</strong></span> <span class='ocrx_word' id='word_1_140' title='bbox 3626 1027 3842 1095; x_wconf 67' lang='lat' dir='ltr'><strong>polum,</strong></span> 
     </span>
    </p>
   </div>
   <div class='ocr_carea' id='block_1_25' title="bbox 2487 1082 3719 1159">
    <p class='ocr_par' dir='ltr' id='par_1_25' title="bbox 2487 1082 3719 1159">
     <span class='ocr_line' id='line_1_25' title="bbox 2487 1082 3719 1159; baseline 0.011 -24"><span class='ocrx_word' id='word_1_141' title='bbox 2487 1082 2757 1151; x_wconf 67' lang='lat' dir='ltr'><strong>Scripsere</strong></span> <span class='ocrx_word' id='word_1_142' title='bbox 2788 1091 2966 1140; x_wconf 82' lang='lat' dir='ltr'><strong>vincto</strong></span> <span class='ocrx_word' id='word_1_143' title='bbox 3007 1082 3189 1155; x_wconf 72' lang='grc' dir='ltr'><strong>τὶιιεὶὸ,</strong></span> <span class='ocrx_word' id='word_1_144' title='bbox 3221 1102 3269 1144; x_wconf 82' lang='grc' dir='ltr'>ει</span> <span class='ocrx_word' id='word_1_145' title='bbox 3296 1097 3532 1159; x_wconf 71' lang='lat' dir='ltr'><strong>inscripti</strong></span> <span class='ocrx_word' id='word_1_146' title='bbox 3560 1082 3719 1149; x_wconf 68' lang='lat' dir='ltr'><strong>neiis.</strong></span> 
     </span>
    </p>
   </div>
   <div class='ocr_carea' id='block_1_26' title="bbox 2416 1191 3930 1277">
    <p class='ocr_par' dir='ltr' id='par_1_26' title="bbox 2416 1191 3930 1277">
     <span class='ocr_line' id='line_1_26' title="bbox 2416 1191 3930 1277; baseline 0.014 -35"><span class='ocrx_word' id='word_1_147' title='bbox 2416 1191 2620 1259; x_wconf 79' lang='lat' dir='ltr'><strong>Quibus</strong></span> <span class='ocrx_word' id='word_1_148' title='bbox 2645 1195 2732 1248; x_wconf 91' lang='lat' dir='ltr'><strong>ille</strong></span> <span class='ocrx_word' id='word_1_149' title='bbox 2772 1199 3106 1268; x_wconf 50' lang='lat' dir='ltr'><strong>respondens</strong></span> <span class='ocrx_word' id='word_1_150' title='bbox 3136 1202 3188 1254; x_wconf 93' lang='lat' dir='ltr'><strong>in</strong></span> <span class='ocrx_word' id='word_1_151' title='bbox 3231 1203 3343 1256; x_wconf 65' lang='lat' dir='ltr'><strong>lucc</strong></span> <span class='ocrx_word' id='word_1_152' title='bbox 3389 1207 3556 1258; x_wconf 79' lang='lat' dir='ltr'><strong>verba</strong></span> <span class='ocrx_word' id='word_1_153' title='bbox 3600 1209 3930 1277; x_wconf 81' lang='lat' dir='ltr'><strong>rescripsit:</strong></span> 
     </span>
    </p>
   </div>
   <div class='ocr_carea' id='block_1_27' title="bbox 2487 1310 3792 1392">
    <p class='ocr_par' dir='ltr' id='par_1_27' title="bbox 2487 1310 3792 1392">
     <span class='ocr_line' id='line_1_27' title="bbox 2487 1310 3792 1392; baseline 0.013 -32"><span class='ocrx_word' id='word_1_154' title='bbox 2487 1310 2623 1392; x_wconf 50' lang='lat' dir='ltr'><strong>Io&quot;);</strong></span> <span class='ocrx_word' id='word_1_155' title='bbox 2648 1314 2770 1392; x_wconf 60' lang='lat' dir='ltr'><strong>sui;</strong></span> <span class='ocrx_word' id='word_1_156' title='bbox 2804 1313 3038 1392; x_wconf 68' lang='grc' dir='ltr'><strong>βίβλοισι</strong></span> <span class='ocrx_word' id='word_1_157' title='bbox 3073 1317 3321 1384; x_wconf 71' lang='grc' dir='ltr'>οὐρανῶν</span> <span class='ocrx_word' id='word_1_158' title='bbox 3354 1321 3792 1392; x_wconf 57' lang='grc' dir='ltr'><strong>κλησιγράςςους,</strong></span> 
     </span>
    </p>
   </div>
   <div class='ocr_carea' id='block_1_28' title="bbox 2485 1380 3782 1459">
    <p class='ocr_par' dir='ltr' id='par_1_28' title="bbox 2485 1380 3782 1459">
     <span class='ocr_line' id='line_1_28' title="bbox 2485 1380 3782 1459; baseline 0.012 -29"><span class='ocrx_word' id='word_1_159' title='bbox 2485 1380 2594 1459; x_wconf 48' lang='lat' dir='ltr'><strong>lia!</strong></span> <span class='ocrx_word' id='word_1_160' title='bbox 2631 1382 2767 1459; x_wconf 57' lang='grc' dir='ltr'><strong>πρὸς</strong></span> <span class='ocrx_word' id='word_1_161' title='bbox 2801 1380 3029 1459; x_wconf 40' lang='lat' dir='ltr'><strong>petum</strong></span> <span class='ocrx_word' id='word_1_162' title='bbox 3063 1380 3358 1459; x_wconf 56' lang='grc' dir='ltr'><strong>σωξςρὸνως</strong></span> <span class='ocrx_word' id='word_1_163' title='bbox 3394 1380 3782 1459; x_wconf 51' lang='grc' dir='ltr'><strong>ὲέτιξξιέῦουξξ</strong></span> 
     </span>
    </p>
   </div>
   <div class='ocr_carea' id='block_1_29' title="bbox 2486 1450 3690 1531">
    <p class='ocr_par' dir='ltr' id='par_1_29' title="bbox 2486 1450 3690 1531">
     <span class='ocr_line' id='line_1_29' title="bbox 2486 1450 3690 1531; baseline 0.012 -31"><span class='ocrx_word' id='word_1_164' title='bbox 2486 1450 2847 1518; x_wconf 57' lang='grc' dir='ltr'><strong>Προσείπενδ</strong></span> <span class='ocrx_word' id='word_1_165' title='bbox 2887 1450 3277 1520; x_wconf 52' lang='grc' dir='ltr'><strong>ζώθαπτοξὼς</strong></span> <span class='ocrx_word' id='word_1_166' title='bbox 3309 1450 3690 1531; x_wconf 57' lang='grc' dir='ltr'><strong>συνδεσμέους.</strong></span> 
     </span>
    </p>
   </div>
   <div class='ocr_carea' id='block_1_30' title="bbox 2487 1558 3577 1633">
    <p class='ocr_par' dir='ltr' id='par_1_30' title="bbox 2487 1558 3577 1633">
     <span class='ocr_line' id='line_1_30' title="bbox 2487 1558 3577 1633; baseline 0.016 -25"><span class='ocrx_word' id='word_1_167' title='bbox 2487 1558 2631 1633; x_wconf 44' lang='lat' dir='ltr'><strong>[libri</strong></span> <span class='ocrx_word' id='word_1_168' title='bbox 2672 1564 2901 1616; x_wconf 75' lang='lat' dir='ltr'><strong>vicissim</strong></span> <span class='ocrx_word' id='word_1_169' title='bbox 2934 1566 3221 1630; x_wconf 76' lang='lat' dir='ltr'><strong>descriptos</strong></span> <span class='ocrx_word' id='word_1_170' title='bbox 3258 1571 3577 1633; x_wconf 72' lang='lat' dir='ltr'><strong>coelestibus,</strong></span> 
     </span>
    </p>
   </div>
   <div class='ocr_carea' id='block_1_31' title="bbox 2486 1628 3791 1706">
    <p class='ocr_par' dir='ltr' id='par_1_31' title="bbox 2486 1628 3791 1706">
     <span class='ocr_line' id='line_1_31' title="bbox 2486 1628 3791 1706; baseline 0.015 -28"><span class='ocrx_word' id='word_1_171' title='bbox 2486 1628 2766 1706; x_wconf 48' lang='lat' dir='ltr'><strong>faciesque</strong></span> <span class='ocrx_word' id='word_1_172' title='bbox 2806 1650 2909 1687; x_wconf 81' lang='lat' dir='ltr'><strong>non</strong></span> <span class='ocrx_word' id='word_1_173' title='bbox 2937 1638 3049 1689; x_wconf 79' lang='lat' dir='ltr'><strong>sine</strong></span> <span class='ocrx_word' id='word_1_174' title='bbox 3087 1628 3243 1689; x_wconf 71' lang='lat' dir='ltr'><strong>(unde</strong></span> <span class='ocrx_word' id='word_1_175' title='bbox 3272 1628 3611 1706; x_wconf 58' lang='lat' dir='ltr'><strong>continuit-los</strong></span> <span class='ocrx_word' id='word_1_176' title='bbox 3641 1647 3791 1698; x_wconf 75' lang='lat' dir='ltr'><strong>notis</strong></span> 
     </span>
    </p>
   </div>
   <div class='ocr_carea' id='block_1_32' title="bbox 2488 1700 3607 1777">
    <p class='ocr_par' dir='ltr' id='par_1_32' title="bbox 2488 1700 3607 1777">
     <span class='ocr_line' id='line_1_32' title="bbox 2488 1700 3607 1777; baseline 0.011 -23"><span class='ocrx_word' id='word_1_177' title='bbox 2488 1700 2721 1766; x_wconf 75' lang='lat' dir='ltr'><strong>Salutat,</strong></span> <span class='ocrx_word' id='word_1_178' title='bbox 2754 1711 2812 1755; x_wconf 79' lang='grc' dir='ltr'><strong>ιιι</strong></span> <span class='ocrx_word' id='word_1_179' title='bbox 2842 1708 3144 1758; x_wconf 72' lang='lat' dir='ltr'><strong>cont-iurtos</strong></span> <span class='ocrx_word' id='word_1_180' title='bbox 3173 1712 3316 1761; x_wconf 76' lang='lat' dir='ltr'><strong>virus</strong></span> <span class='ocrx_word' id='word_1_181' title='bbox 3358 1700 3607 1777; x_wconf 62' lang='lat' dir='ltr'><strong>infossus.</strong></span> 
     </span>
    </p>
   </div>
   <div class='ocr_carea' id='block_1_33' title="bbox 742 1814 4001 1907">
    <p class='ocr_par' dir='ltr' id='par_1_33' title="bbox 742 1814 4001 1907">
     <span class='ocr_line' id='line_1_33' title="bbox 742 1814 4001 1907; baseline 0.001 -5"><span class='ocrx_word' id='word_1_182' title='bbox 742 1814 850 1902; x_wconf 67' lang='lat' dir='ltr'><strong>ista</strong></span> <span class='ocrx_word' id='word_1_183' title='bbox 871 1845 1126 1899; x_wconf 85' lang='lat' dir='ltr'><strong>liberaret</strong></span> <span class='ocrx_word' id='word_1_184' title='bbox 1164 1814 1356 1898; x_wconf 47' lang='lat' dir='ltr'><strong>z-lntnc</strong></span> <span class='ocrx_word' id='word_1_185' title='bbox 1397 1852 1553 1897; x_wconf 89' lang='lat' dir='ltr'><strong>nocte</strong></span> <span class='ocrx_word' id='word_1_186' title='bbox 1589 1844 1850 1907; x_wconf 83' lang='lat' dir='ltr'><strong>astitisse,</strong></span> <span class='ocrx_word' id='word_1_187' title='bbox 1903 1858 1965 1898; x_wconf 92' lang='lat' dir='ltr'><strong>ac</strong></span> <span class='ocrx_word' id='word_1_188' title='bbox 2005 1845 2178 1897; x_wconf 86' lang='lat' dir='ltr'><strong>virilia</strong></span> <span class='ocrx_word' id='word_1_189' title='bbox 2210 1860 2304 1898; x_wconf 84' lang='lat' dir='ltr'><strong>sua</strong></span> <span class='ocrx_word' id='word_1_190' title='bbox 2341 1852 2383 1907; x_wconf 81' lang='grc' dir='ltr'><strong>Β</strong></span> <span class='ocrx_word' id='word_1_191' title='bbox 2492 1814 2554 1907; x_wconf 69' lang='lat' dir='ltr'><strong>ni</strong></span> <span class='ocrx_word' id='word_1_192' title='bbox 2595 1817 2929 1871; x_wconf 52' lang='lat' dir='ltr'><strong>desumm&#39;“</strong></span> <span class='ocrx_word' id='word_1_193' title='bbox 2982 1817 3258 1872; x_wconf 64' lang='lat' dir='ltr'><strong>hominum</strong></span> <span class='ocrx_word' id='word_1_194' title='bbox 3326 1836 3515 1878; x_wconf 59' lang='grc' dir='ltr'><strong>νθτδ¹¹⁵</strong></span> <span class='ocrx_word' id='word_1_195' title='bbox 3575 1826 3754 1889; x_wconf 53' lang='lat' dir='ltr'><strong>“rei,</strong></span> <span class='ocrx_word' id='word_1_196' title='bbox 3810 1843 4001 1897; x_wconf 61' lang='grc' dir='ltr'><strong>τετίρεθ</strong></span> 
     </span>
    </p>
   </div>
   <div class='ocr_carea' id='block_1_34' title="bbox 742 1931 2313 1999">
    <p class='ocr_par' dir='ltr' id='par_1_34' title="bbox 742 1931 2313 1999">
     <span class='ocr_line' id='line_1_34' title="bbox 742 1931 2313 1999; baseline 0.001 -13"><span class='ocrx_word' id='word_1_197' title='bbox 742 1950 902 1988; x_wconf 87' lang='lat' dir='ltr'><strong>manu</strong></span> <span class='ocrx_word' id='word_1_198' title='bbox 928 1932 1113 1985; x_wconf 76' lang='lat' dir='ltr'><strong>dextra</strong></span> <span class='ocrx_word' id='word_1_199' title='bbox 1135 1939 1442 1999; x_wconf 83' lang='lat' dir='ltr'><strong>tangentem</strong></span> <span class='ocrx_word' id='word_1_200' title='bbox 1467 1931 1773 1986; x_wconf 83' lang='lat' dir='ltr'><strong>adussisse:</strong></span> <span class='ocrx_word' id='word_1_201' title='bbox 1794 1932 2065 1999; x_wconf 76' lang='lat' dir='ltr'><strong>simulque</strong></span> <span class='ocrx_word' id='word_1_202' title='bbox 2110 1933 2313 1987; x_wconf 79' lang='lat' dir='ltr'><strong>dixisse</strong></span> 
     </span>
    </p>
   </div>
   <div class='ocr_carea' id='block_1_35' title="bbox 742 2020 2316 2090">
    <p class='ocr_par' dir='ltr' id='par_1_35' title="bbox 742 2020 2316 2090">
     <span class='ocr_line' id='line_1_35' title="bbox 742 2020 2316 2090; baseline 0.001 -15"><span class='ocrx_word' id='word_1_203' title='bbox 742 2022 875 2076; x_wconf 86' lang='lat' dir='ltr'><strong>nihil</strong></span> <span class='ocrx_word' id='word_1_204' title='bbox 916 2036 1035 2076; x_wconf 87' lang='lat' dir='ltr'><strong>esse</strong></span> <span class='ocrx_word' id='word_1_205' title='bbox 1068 2020 1209 2090; x_wconf 83' lang='lat' dir='ltr'><strong>quod</strong></span> <span class='ocrx_word' id='word_1_206' title='bbox 1244 2020 1299 2074; x_wconf 83' lang='lat' dir='ltr'><strong>iit</strong></span> <span class='ocrx_word' id='word_1_207' title='bbox 1332 2029 1605 2090; x_wconf 91' lang='lat' dir='ltr'><strong>posterum</strong></span> <span class='ocrx_word' id='word_1_208' title='bbox 1659 2022 1759 2074; x_wconf 81' lang='lat' dir='ltr'><strong>sibi</strong></span> <span class='ocrx_word' id='word_1_209' title='bbox 1799 2022 1866 2074; x_wconf 89' lang='lat' dir='ltr'><strong>ab</strong></span> <span class='ocrx_word' id='word_1_210' title='bbox 1898 2022 2000 2074; x_wconf 88' lang='lat' dir='ltr'><strong>ista</strong></span> <span class='ocrx_word' id='word_1_211' title='bbox 2046 2033 2316 2077; x_wconf 74' lang='lat' dir='ltr'><strong>metueret</strong></span> 
     </span>
    </p>
   </div>
   <div class='ocr_carea' id='block_1_36' title="bbox 740 2112 2308 2186">
    <p class='ocr_par' dir='ltr' id='par_1_36' title="bbox 740 2112 2308 2186">
     <span class='ocr_line' id='line_1_36' title="bbox 740 2112 2308 2186; baseline -0.001 -15"><span class='ocrx_word' id='word_1_212' title='bbox 740 2116 1031 2186; x_wconf 79' lang='lat' dir='ltr'><strong>voluptatis</strong></span> <span class='ocrx_word' id='word_1_213' title='bbox 1054 2114 1513 2185; x_wconf 83' lang='lat' dir='ltr'><strong>concupiscentia.</strong></span> <span class='ocrx_word' id='word_1_214' title='bbox 1553 2130 1571 2165; x_wconf 76' lang='grc' dir='ltr'><strong>ι</strong></span> <span class='ocrx_word' id='word_1_215' title='bbox 1608 2112 1730 2169; x_wconf 72' lang='lat' dir='ltr'><strong>llaec</strong></span> <span class='ocrx_word' id='word_1_216' title='bbox 1761 2112 2038 2169; x_wconf 84' lang='lat' dir='ltr'><strong>Cedrenus</strong></span> <span class='ocrx_word' id='word_1_217' title='bbox 2063 2128 2078 2165; x_wconf 92' lang='lat'><strong>:</strong></span> <span class='ocrx_word' id='word_1_218' title='bbox 2108 2131 2226 2183; x_wconf 77' lang='lat' dir='ltr'><strong>qua:</strong></span> <span class='ocrx_word' id='word_1_219' title='bbox 2258 2115 2308 2168; x_wconf 91' lang='lat' dir='ltr'><strong>in</strong></span> 
     </span>
    </p>
   </div>
   <div class='ocr_carea' id='block_1_37' title="bbox 738 2207 1411 2275">
    <p class='ocr_par' dir='ltr' id='par_1_37' title="bbox 738 2207 1411 2275">
     <span class='ocr_line' id='line_1_37' title="bbox 738 2207 1411 2275; baseline -0.004 -13"><span class='ocrx_word' id='word_1_220' title='bbox 738 2208 887 2263; x_wconf 80' lang='lat' dir='ltr'><strong>Actis</strong></span> <span class='ocrx_word' id='word_1_221' title='bbox 920 2222 1024 2260; x_wconf 90' lang='lat' dir='ltr'><strong>non</strong></span> <span class='ocrx_word' id='word_1_222' title='bbox 1054 2207 1411 2275; x_wconf 83' lang='lat' dir='ltr'><strong>attinguntur.</strong></span> 
     </span>
    </p>
   </div>
   <div class='ocr_carea' id='block_1_38' title="bbox 810 2297 2313 2354">
    <p class='ocr_par' dir='ltr' id='par_1_38' title="bbox 810 2297 2313 2354">
     <span class='ocr_line' id='line_1_38' title="bbox 810 2297 2313 2354; baseline -0.001 0"><span class='ocrx_word' id='word_1_223' title='bbox 810 2302 863 2354; x_wconf 68' lang='grc' dir='ltr'><strong>ὅ.</strong></span> <span class='ocrx_word' id='word_1_224' title='bbox 895 2299 1131 2352; x_wconf 82' lang='lat' dir='ltr'><strong>Eminuit</strong></span> <span class='ocrx_word' id='word_1_225' title='bbox 1159 2297 1343 2351; x_wconf 73' lang='lat' dir='ltr'><strong>Roma:</strong></span> <span class='ocrx_word' id='word_1_226' title='bbox 1375 2298 1544 2351; x_wconf 89' lang='lat' dir='ltr'><strong>sancti</strong></span> <span class='ocrx_word' id='word_1_227' title='bbox 1574 2298 1743 2351; x_wconf 88' lang='lat' dir='ltr'><strong>virtus</strong></span> <span class='ocrx_word' id='word_1_228' title='bbox 1769 2307 1823 2351; x_wconf 91' lang='lat' dir='ltr'><strong>et</strong></span> <span class='ocrx_word' id='word_1_229' title='bbox 1852 2298 2121 2352; x_wconf 86' lang='lat' dir='ltr'><strong>doctrina.</strong></span> <span class='ocrx_word' id='word_1_230' title='bbox 2160 2298 2313 2353; x_wconf 89' lang='lat' dir='ltr'><strong>Sicut</strong></span> 
     </span>
    </p>
   </div>
   <div class='ocr_carea' id='block_1_39' title="bbox 740 2388 2297 2458">
    <p class='ocr_par' dir='ltr' id='par_1_39' title="bbox 740 2388 2297 2458">
     <span class='ocr_line' id='line_1_39' title="bbox 740 2388 2297 2458; baseline -0.001 -13"><span class='ocrx_word' id='word_1_231' title='bbox 740 2400 917 2446; x_wconf 83' lang='lat' dir='ltr'><strong>autem</strong></span> <span class='ocrx_word' id='word_1_232' title='bbox 953 2399 1197 2443; x_wconf 90' lang='lat' dir='ltr'><strong>sanctum</strong></span> <span class='ocrx_word' id='word_1_233' title='bbox 1228 2388 1443 2441; x_wconf 79' lang='lat' dir='ltr'><strong>l’etrutu</strong></span> <span class='ocrx_word' id='word_1_234' title='bbox 1471 2388 1659 2441; x_wconf 90' lang='lat' dir='ltr'><strong>ltabnit</strong></span> <span class='ocrx_word' id='word_1_235' title='bbox 1687 2389 1957 2458; x_wconf 76' lang='lat' dir='ltr'><strong>pudicitia:</strong></span> <span class='ocrx_word' id='word_1_236' title='bbox 1988 2400 2297 2458; x_wconf 85' lang='lat' dir='ltr'><strong>patronum,</strong></span> 
     </span>
    </p>
   </div>
   <div class='ocr_carea' id='block_1_40' title="bbox 743 2476 2312 2549">
    <p class='ocr_par' dir='ltr' id='par_1_40' title="bbox 743 2476 2312 2549">
     <span class='ocr_line' id='line_1_40' title="bbox 743 2476 2312 2549; baseline 0 -16"><span class='ocrx_word' id='word_1_237' title='bbox 743 2480 813 2533; x_wconf 89' lang='lat' dir='ltr'><strong>ita</strong></span> <span class='ocrx_word' id='word_1_238' title='bbox 853 2490 1044 2532; x_wconf 84' lang='lat' dir='ltr'><strong>sancto</strong></span> <span class='ocrx_word' id='word_1_239' title='bbox 1070 2476 1316 2532; x_wconf 77' lang='lat' dir='ltr'><strong>l’asehali</strong></span> <span class='ocrx_word' id='word_1_240' title='bbox 1346 2493 1497 2547; x_wconf 71' lang='lat' dir='ltr'><strong>papa:</strong></span> <span class='ocrx_word' id='word_1_241' title='bbox 1528 2478 1665 2531; x_wconf 89' lang='lat' dir='ltr'><strong>illius</strong></span> <span class='ocrx_word' id='word_1_242' title='bbox 1691 2480 1989 2533; x_wconf 76' lang='lat' dir='ltr'><strong>successori</strong></span> <span class='ocrx_word' id='word_1_243' title='bbox 2024 2481 2156 2533; x_wconf 86' lang='lat' dir='ltr'><strong>adeo</strong></span> <span class='ocrx_word' id='word_1_244' title='bbox 2192 2495 2312 2549; x_wconf 80' lang='lat' dir='ltr'><strong>gra-</strong></span> 
     </span>
    </p>
   </div>
   <div class='ocr_carea' id='block_1_41' title="bbox 740 2569 2308 2639">
    <p class='ocr_par' dir='ltr' id='par_1_41' title="bbox 740 2569 2308 2639">
     <span class='ocr_line' id='line_1_41' title="bbox 740 2569 2308 2639; baseline 0 -14"><span class='ocrx_word' id='word_1_245' title='bbox 740 2580 829 2627; x_wconf 90' lang='lat' dir='ltr'><strong>tus</strong></span> <span class='ocrx_word' id='word_1_246' title='bbox 864 2569 1006 2630; x_wconf 82' lang='lat' dir='ltr'><strong>iuit,</strong></span> <span class='ocrx_word' id='word_1_247' title='bbox 1042 2578 1100 2623; x_wconf 93' lang='lat' dir='ltr'><strong>ut</strong></span> <span class='ocrx_word' id='word_1_248' title='bbox 1152 2585 1275 2623; x_wconf 90' lang='lat' dir='ltr'><strong>eum</strong></span> <span class='ocrx_word' id='word_1_249' title='bbox 1323 2570 1587 2639; x_wconf 84' lang='lat' dir='ltr'><strong>ablegarit</strong></span> <span class='ocrx_word' id='word_1_250' title='bbox 1620 2571 1686 2624; x_wconf 90' lang='lat' dir='ltr'><strong>ad</strong></span> <span class='ocrx_word' id='word_1_251' title='bbox 1734 2570 2046 2625; x_wconf 83' lang='lat' dir='ltr'><strong>lllichaelem</strong></span> <span class='ocrx_word' id='word_1_252' title='bbox 2087 2570 2308 2625; x_wconf 78' lang='lat' dir='ltr'><strong>Balbum</strong></span> 
     </span>
    </p>
   </div>
   <div class='ocr_carea' id='block_1_42' title="bbox 740 2660 2303 2730">
    <p class='ocr_par' dir='ltr' id='par_1_42' title="bbox 740 2660 2303 2730">
     <span class='ocr_line' id='line_1_42' title="bbox 740 2660 2303 2730; baseline 0 -15"><span class='ocrx_word' id='word_1_253' title='bbox 740 2677 882 2716; x_wconf 87' lang='lat' dir='ltr'><strong>anno</strong></span> <span class='ocrx_word' id='word_1_254' title='bbox 902 2660 1025 2726; x_wconf 76' lang='lat'><strong>82!,</strong></span> <span class='ocrx_word' id='word_1_255' title='bbox 1041 2660 1716 2730; x_wconf 85' lang='lat' dir='ltr'><strong>committeretthTomos</strong></span> <span class='ocrx_word' id='word_1_256' title='bbox 1739 2663 1804 2715; x_wconf 91' lang='lat' dir='ltr'><strong>de</strong></span> <span class='ocrx_word' id='word_1_257' title='bbox 1830 2663 1932 2716; x_wconf 81' lang='lat' dir='ltr'><strong>(ide</strong></span> <span class='ocrx_word' id='word_1_258' title='bbox 1956 2665 2303 2728; x_wconf 80' lang='lat' dir='ltr'><strong>disserentes,</strong></span> 
     </span>
    </p>
   </div>
   <div class='ocr_carea' id='block_1_43' title="bbox 738 2749 2306 2820">
    <p class='ocr_par' dir='ltr' id='par_1_43' title="bbox 738 2749 2306 2820">
     <span class='ocr_line' id='line_1_43' title="bbox 738 2749 2306 2820; baseline -0.001 -13"><span class='ocrx_word' id='word_1_259' title='bbox 738 2751 1050 2820; x_wconf 79' lang='lat' dir='ltr'><strong>imperatori</strong></span> <span class='ocrx_word' id='word_1_260' title='bbox 1084 2750 1309 2804; x_wconf 82' lang='lat' dir='ltr'><strong>dandos.</strong></span> <span class='ocrx_word' id='word_1_261' title='bbox 1350 2749 1558 2804; x_wconf 83' lang='lat' dir='ltr'><strong>Obtulit</strong></span> <span class='ocrx_word' id='word_1_262' title='bbox 1597 2766 1691 2805; x_wconf 92' lang='lat' dir='ltr'><strong>eos</strong></span> <span class='ocrx_word' id='word_1_263' title='bbox 1721 2751 1793 2804; x_wconf 85' lang='lat' dir='ltr'><strong>illi</strong></span> <span class='ocrx_word' id='word_1_264' title='bbox 1836 2762 2057 2806; x_wconf 81' lang='lat' dir='ltr'><strong>sattclus</strong></span> <span class='ocrx_word' id='word_1_265' title='bbox 2096 2751 2306 2806; x_wconf 83' lang='lat' dir='ltr'><strong>Metho-</strong></span> 
     </span>
    </p>
   </div>
   <div class='ocr_carea' id='block_1_44' title="bbox 741 2840 2305 2912">
    <p class='ocr_par' dir='ltr' id='par_1_44' title="bbox 741 2840 2305 2912">
     <span class='ocr_line' id='line_1_44' title="bbox 741 2840 2305 2912; baseline 0.001 -16"><span class='ocrx_word' id='word_1_266' title='bbox 741 2843 861 2896; x_wconf 88' lang='lat' dir='ltr'><strong>dins</strong></span> <span class='ocrx_word' id='word_1_267' title='bbox 896 2841 1197 2911; x_wconf 86' lang='lat' dir='ltr'><strong>intrepidus</strong></span> <span class='ocrx_word' id='word_1_268' title='bbox 1230 2840 1352 2894; x_wconf 82' lang='lat' dir='ltr'><strong>lidei</strong></span> <span class='ocrx_word' id='word_1_269' title='bbox 1382 2855 1783 2910; x_wconf 76' lang='lat' dir='ltr'><strong>propugnator;</strong></span> <span class='ocrx_word' id='word_1_270' title='bbox 1819 2843 1912 2897; x_wconf 88' lang='lat' dir='ltr'><strong>sed</strong></span> <span class='ocrx_word' id='word_1_271' title='bbox 1944 2858 2040 2912; x_wconf 88' lang='lat' dir='ltr'><strong>pro</strong></span> <span class='ocrx_word' id='word_1_272' title='bbox 2068 2847 2305 2910; x_wconf 73' lang='lat' dir='ltr'><strong>gratioso</strong></span> 
     </span>
    </p>
   </div>
   <div class='ocr_carea' id='block_1_45' title="bbox 741 2932 2301 3003">
    <p class='ocr_par' dir='ltr' id='par_1_45' title="bbox 741 2932 2301 3003">
     <span class='ocr_line' id='line_1_45' title="bbox 741 2932 2301 3003; baseline 0 -15"><span class='ocrx_word' id='word_1_273' title='bbox 741 2932 843 2988; x_wconf 80' lang='lat' dir='ltr'><strong>sibi</strong></span> <span class='ocrx_word' id='word_1_274' title='bbox 870 2933 1050 2986; x_wconf 87' lang='lat' dir='ltr'><strong>debito</strong></span> <span class='ocrx_word' id='word_1_275' title='bbox 1074 2933 1343 3000; x_wconf 90' lang='lat' dir='ltr'><strong>stipendio</strong></span> <span class='ocrx_word' id='word_1_276' title='bbox 1367 2972 1381 2996; x_wconf 94' lang='lat'><strong>,</strong></span> <span class='ocrx_word' id='word_1_277' title='bbox 1407 2932 1457 2984; x_wconf 92' lang='lat' dir='ltr'><strong>in</strong></span> <span class='ocrx_word' id='word_1_278' title='bbox 1484 2934 1633 2985; x_wconf 76' lang='lat' dir='ltr'><strong>Actis</strong></span> <span class='ocrx_word' id='word_1_279' title='bbox 1657 2934 1855 2987; x_wconf 88' lang='lat' dir='ltr'><strong>dicitur</strong></span> <span class='ocrx_word' id='word_1_280' title='bbox 1888 2951 1906 2985; x_wconf 84' lang='grc' dir='ltr'><strong>ι</strong></span> <span class='ocrx_word' id='word_1_281' title='bbox 1944 2935 2301 3003; x_wconf 75' lang='lat' dir='ltr'><strong>septingentis</strong></span> 
     </span>
    </p>
   </div>
   <div class='ocr_carea' id='block_1_46' title="bbox 740 3023 2298 3094">
    <p class='ocr_par' dir='ltr' id='par_1_46' title="bbox 740 3023 2298 3094">
     <span class='ocr_line' id='line_1_46' title="bbox 740 3023 2298 3094; baseline -0.006 -18"><span class='ocrx_word' id='word_1_282' title='bbox 740 3023 912 3094; x_wconf 75' lang='lat' dir='ltr'><strong>plagis</strong></span> <span class='ocrx_word' id='word_1_283' title='bbox 935 3031 1219 3090; x_wconf 76' lang='lat' dir='ltr'><strong>exceptus,</strong></span> <span class='ocrx_word' id='word_1_284' title='bbox 1251 3023 1621 3092; x_wconf 83' lang='lat' dir='ltr'><strong>carceralique</strong></span> <span class='ocrx_word' id='word_1_285' title='bbox 1664 3025 1913 3093; x_wconf 80' lang='lat' dir='ltr'><strong>sepulcro</strong></span> <span class='ocrx_word' id='word_1_286' title='bbox 1958 3026 2235 3080; x_wconf 53' lang='lat' dir='ltr'><strong>inclusus;</strong></span> <span class='ocrx_word' id='word_1_287' title='bbox 2280 3046 2298 3079; x_wconf 78' lang='lat'><strong>,</strong></span> 
     </span>
    </p>
   </div>
   <div class='ocr_carea' id='block_1_47' title="bbox 740 3111 2300 3182">
    <p class='ocr_par' dir='ltr' id='par_1_47' title="bbox 740 3111 2300 3182">
     <span class='ocr_line' id='line_1_47' title="bbox 740 3111 2300 3182; baseline 0.001 -13"><span class='ocrx_word' id='word_1_288' title='bbox 740 3115 851 3169; x_wconf 87' lang='lat' dir='ltr'><strong>imo</strong></span> <span class='ocrx_word' id='word_1_289' title='bbox 883 3125 938 3167; x_wconf 91' lang='lat' dir='ltr'><strong>et</strong></span> <span class='ocrx_word' id='word_1_290' title='bbox 964 3113 1066 3168; x_wconf 84' lang='lat' dir='ltr'><strong>sub</strong></span> <span class='ocrx_word' id='word_1_291' title='bbox 1102 3111 1436 3182; x_wconf 85' lang='lat' dir='ltr'><strong>Theophilo,</strong></span> <span class='ocrx_word' id='word_1_292' title='bbox 1473 3116 1747 3170; x_wconf 79' lang='lat' dir='ltr'><strong>Michaelis</strong></span> <span class='ocrx_word' id='word_1_293' title='bbox 1800 3117 1943 3180; x_wconf 88' lang='lat' dir='ltr'><strong>tilio,</strong></span> <span class='ocrx_word' id='word_1_294' title='bbox 1967 3121 2068 3170; x_wconf 89' lang='lat' dir='ltr'><strong>sub</strong></span> <span class='ocrx_word' id='word_1_295' title='bbox 2101 3133 2300 3170; x_wconf 92' lang='lat' dir='ltr'><strong>annum</strong></span> 
     </span>
    </p>
   </div>
   <div class='ocr_carea' id='block_1_48' title="bbox 2413 1906 3994 1975">
    <p class='ocr_par' dir='ltr' id='par_1_48' title="bbox 2413 1906 3994 1975">
     <span class='ocr_line' id='line_1_48' title="bbox 2413 1906 3994 1975; baseline 0.008 -17"><span class='ocrx_word' id='word_1_296' title='bbox 2413 1906 2652 1961; x_wconf 88' lang='lat' dir='ltr'><strong>divinqu</strong></span> <span class='ocrx_word' id='word_1_297' title='bbox 2715 1908 3003 1975; x_wconf 86' lang='lat' dir='ltr'><strong>quemdam</strong></span> <span class='ocrx_word' id='word_1_298' title='bbox 3088 1911 3323 1963; x_wconf 77' lang='lat' dir='ltr'><strong>nectaris</strong></span> <span class='ocrx_word' id='word_1_299' title='bbox 3389 1927 3611 1966; x_wconf 76' lang='lat' dir='ltr'><strong>succum</strong></span> <span class='ocrx_word' id='word_1_300' title='bbox 3667 1918 3911 1973; x_wconf 84' lang='lat' dir='ltr'><strong>stillant.</strong></span> <span class='ocrx_word' id='word_1_301' title='bbox 3975 1940 3994 1971; x_wconf 79' lang='grc' dir='ltr'><strong>ι</strong></span> 
     </span>
    </p>
   </div>
   <div class='ocr_carea' id='block_1_49' title="bbox 2414 1997 4000 2073">
    <p class='ocr_par' dir='ltr' id='par_1_49' title="bbox 2414 1997 4000 2073">
     <span class='ocr_line' id='line_1_49' title="bbox 2414 1997 4000 2073; baseline 0.008 -21"><span class='ocrx_word' id='word_1_302' title='bbox 2414 1997 2622 2052; x_wconf 85' lang='lat' dir='ltr'><strong>Similia</strong></span> <span class='ocrx_word' id='word_1_303' title='bbox 2664 1997 2903 2053; x_wconf 81' lang='lat' dir='ltr'><strong>Manassi</strong></span> <span class='ocrx_word' id='word_1_304' title='bbox 2937 2000 3102 2053; x_wconf 89' lang='lat' dir='ltr'><strong>etiam</strong></span> <span class='ocrx_word' id='word_1_305' title='bbox 3139 2000 3369 2056; x_wconf 81' lang='lat' dir='ltr'><strong>Michael</strong></span> <span class='ocrx_word' id='word_1_306' title='bbox 3401 2002 3622 2073; x_wconf 78' lang='lat' dir='ltr'><strong>Glycas,</strong></span> <span class='ocrx_word' id='word_1_307' title='bbox 3660 2010 3864 2063; x_wconf 84' lang='lat' dir='ltr'><strong>eodem</strong></span> <span class='ocrx_word' id='word_1_308' title='bbox 3900 2027 4000 2063; x_wconf 68' lang='lat' dir='ltr'><strong>sr-</strong></span> 
     </span>
    </p>
   </div>
   <div class='ocr_carea' id='block_1_50' title="bbox 2411 2094 3999 2167">
    <p class='ocr_par' dir='ltr' id='par_1_50' title="bbox 2411 2094 3999 2167">
     <span class='ocr_line' id='line_1_50' title="bbox 2411 2094 3999 2167; baseline 0.008 -20"><span class='ocrx_word' id='word_1_309' title='bbox 2411 2094 2532 2147; x_wconf 85' lang='lat' dir='ltr'><strong>Culo</strong></span> <span class='ocrx_word' id='word_1_310' title='bbox 2572 2109 2647 2147; x_wconf 76' lang='lat' dir='ltr'><strong>xit</strong></span> <span class='ocrx_word' id='word_1_311' title='bbox 2683 2095 2925 2164; x_wconf 86' lang='lat' dir='ltr'><strong>scripsit,</strong></span> <span class='ocrx_word' id='word_1_312' title='bbox 2958 2104 3013 2151; x_wconf 89' lang='lat' dir='ltr'><strong>et</strong></span> <span class='ocrx_word' id='word_1_313' title='bbox 3040 2095 3225 2165; x_wconf 89' lang='lat' dir='ltr'><strong>phrasi</strong></span> <span class='ocrx_word' id='word_1_314' title='bbox 3268 2096 3549 2167; x_wconf 87' lang='lat' dir='ltr'><strong>aliquanto</strong></span> <span class='ocrx_word' id='word_1_315' title='bbox 3590 2110 3801 2154; x_wconf 89' lang='lat' dir='ltr'><strong>mutata</strong></span> <span class='ocrx_word' id='word_1_316' title='bbox 3835 2102 3999 2158; x_wconf 84' lang='lat' dir='ltr'><strong>Joan-</strong></span> 
     </span>
    </p>
   </div>
   <div class='ocr_carea' id='block_1_51' title="bbox 2413 2186 2798 2239">
    <p class='ocr_par' dir='ltr' id='par_1_51' title="bbox 2413 2186 2798 2239">
     <span class='ocr_line' id='line_1_51' title="bbox 2413 2186 2798 2239; baseline 0 -2"><span class='ocrx_word' id='word_1_317' title='bbox 2413 2200 2506 2237; x_wconf 88' lang='lat' dir='ltr'><strong>nes</strong></span> <span class='ocrx_word' id='word_1_318' title='bbox 2540 2186 2798 2239; x_wconf 83' lang='lat' dir='ltr'><strong>Zonaras.</strong></span> 
     </span>
    </p>
   </div>
   <div class='ocr_carea' id='block_1_52' title="bbox 2480 2276 4004 2343">
    <p class='ocr_par' dir='ltr' id='par_1_52' title="bbox 2480 2276 4004 2343">
     <span class='ocr_line' id='line_1_52' title="bbox 2480 2276 4004 2343; baseline 0.009 -14"><span class='ocrx_word' id='word_1_319' title='bbox 2480 2277 2532 2329; x_wconf 81' lang='lat'><strong>5.</strong></span> <span class='ocrx_word' id='word_1_320' title='bbox 2572 2278 2644 2331; x_wconf 81' lang='lat' dir='ltr'><strong>At</strong></span> <span class='ocrx_word' id='word_1_321' title='bbox 2679 2278 2745 2331; x_wconf 89' lang='lat' dir='ltr'><strong>de</strong></span> <span class='ocrx_word' id='word_1_322' title='bbox 2778 2276 3034 2333; x_wconf 77' lang='lat' dir='ltr'><strong>Methodii</strong></span> <span class='ocrx_word' id='word_1_323' title='bbox 3082 2279 3151 2333; x_wconf 84' lang='lat' dir='ltr'><strong>ab</strong></span> <span class='ocrx_word' id='word_1_324' title='bbox 3185 2281 3384 2337; x_wconf 82' lang='lat' dir='ltr'><strong>exsilio</strong></span> <span class='ocrx_word' id='word_1_325' title='bbox 3414 2282 3740 2339; x_wconf 87' lang='lat' dir='ltr'><strong>liberatione</strong></span> <span class='ocrx_word' id='word_1_326' title='bbox 3770 2291 3878 2341; x_wconf 84' lang='lat' dir='ltr'><strong>ista</strong></span> <span class='ocrx_word' id='word_1_327' title='bbox 3914 2289 4004 2343; x_wconf 76' lang='lat' dir='ltr'><strong>ad-</strong></span> 
     </span>
    </p>
   </div>
   <div class='ocr_carea' id='block_1_53' title="bbox 2410 2370 3998 2451">
    <p class='ocr_par' dir='ltr' id='par_1_53' title="bbox 2410 2370 3998 2451">
     <span class='ocr_line' id='line_1_53' title="bbox 2410 2370 3998 2451; baseline 0.006 -26"><span class='ocrx_word' id='word_1_328' title='bbox 2410 2371 2487 2425; x_wconf 90' lang='lat' dir='ltr'><strong>dit</strong></span> <span class='ocrx_word' id='word_1_329' title='bbox 2532 2372 2671 2425; x_wconf 90' lang='lat' dir='ltr'><strong>idem</strong></span> <span class='ocrx_word' id='word_1_330' title='bbox 2722 2370 3023 2427; x_wconf 76' lang='lat' dir='ltr'><strong>Manasses.</strong></span> <span class='ocrx_word' id='word_1_331' title='bbox 3073 2392 3092 2425; x_wconf 81' lang='grc' dir='ltr'><strong>ι</strong></span> <span class='ocrx_word' id='word_1_332' title='bbox 3159 2373 3427 2430; x_wconf 70' lang='lat' dir='ltr'><strong>Carterum</strong></span> <span class='ocrx_word' id='word_1_333' title='bbox 3496 2381 3794 2446; x_wconf 48' lang='lat' dir='ltr'><strong>pratclarus</strong></span> <span class='ocrx_word' id='word_1_334' title='bbox 3852 2384 3998 2451; x_wconf 72' lang='lat' dir='ltr'><strong>pugl</strong></span> 
     </span>
    </p>
   </div>
   <div class='ocr_carea' id='block_1_54' title="bbox 2411 2460 3999 2527">
    <p class='ocr_par' dir='ltr' id='par_1_54' title="bbox 2411 2460 3999 2527">
     <span class='ocr_line' id='line_1_54' title="bbox 2411 2460 3999 2527; baseline 0.007 -12"><span class='ocrx_word' id='word_1_335' title='bbox 2411 2460 2741 2527; x_wconf 77' lang='lat' dir='ltr'><strong>Methodius,</strong></span> <span class='ocrx_word' id='word_1_336' title='bbox 2795 2479 2917 2518; x_wconf 87' lang='lat' dir='ltr'><strong>eum</strong></span> <span class='ocrx_word' id='word_1_337' title='bbox 2970 2465 3266 2518; x_wconf 84' lang='lat' dir='ltr'><strong>toleranter</strong></span> <span class='ocrx_word' id='word_1_338' title='bbox 3320 2468 3373 2520; x_wconf 87' lang='lat' dir='ltr'><strong>itt</strong></span> <span class='ocrx_word' id='word_1_339' title='bbox 3429 2467 3520 2519; x_wconf 73' lang='lat' dir='ltr'><strong>ilio</strong></span> <span class='ocrx_word' id='word_1_340' title='bbox 3576 2470 3724 2521; x_wconf 82' lang='lat' dir='ltr'><strong>tristi</strong></span> <span class='ocrx_word' id='word_1_341' title='bbox 3766 2488 3999 2527; x_wconf 82' lang='lat' dir='ltr'><strong>carcere</strong></span> 
     </span>
    </p>
   </div>
   <div class='ocr_carea' id='block_1_55' title="bbox 2410 2557 3998 2626">
    <p class='ocr_par' dir='ltr' id='par_1_55' title="bbox 2410 2557 3998 2626">
     <span class='ocr_line' id='line_1_55' title="bbox 2410 2557 3998 2626; baseline 0.007 -17"><span class='ocrx_word' id='word_1_342' title='bbox 2410 2570 2530 2610; x_wconf 83' lang='lat' dir='ltr'><strong>sese</strong></span> <span class='ocrx_word' id='word_1_343' title='bbox 2568 2557 2851 2626; x_wconf 77' lang='lat' dir='ltr'><strong>gessisset,</strong></span> <span class='ocrx_word' id='word_1_344' title='bbox 2882 2557 3076 2611; x_wconf 87' lang='lat' dir='ltr'><strong>dentes</strong></span> <span class='ocrx_word' id='word_1_345' title='bbox 3109 2559 3406 2620; x_wconf 83' lang='lat' dir='ltr'><strong>amisisset,</strong></span> <span class='ocrx_word' id='word_1_346' title='bbox 3440 2563 3696 2616; x_wconf 72' lang='lat' dir='ltr'><strong>maxillas</strong></span> <span class='ocrx_word' id='word_1_347' title='bbox 3733 2578 3998 2620; x_wconf 71' lang='lat' dir='ltr'><strong>contusas</strong></span> 
     </span>
    </p>
   </div>
   <div class='ocr_carea' id='block_1_56' title="bbox 2414 2645 3997 2725">
    <p class='ocr_par' dir='ltr' id='par_1_56' title="bbox 2414 2645 3997 2725">
     <span class='ocr_line' id='line_1_56' title="bbox 2414 2645 3997 2725; baseline 0.009 -28"><span class='ocrx_word' id='word_1_348' title='bbox 2414 2645 2658 2708; x_wconf 85' lang='lat' dir='ltr'><strong>haberet,</strong></span> <span class='ocrx_word' id='word_1_349' title='bbox 2714 2647 2973 2714; x_wconf 86' lang='lat' dir='ltr'><strong>omnique</strong></span> <span class='ocrx_word' id='word_1_350' title='bbox 3028 2663 3228 2716; x_wconf 81' lang='lat' dir='ltr'><strong>genere</strong></span> <span class='ocrx_word' id='word_1_351' title='bbox 3284 2654 3633 2706; x_wconf 76' lang='lat' dir='ltr'><strong>excruciatus</strong></span> <span class='ocrx_word' id='word_1_352' title='bbox 3684 2656 3755 2707; x_wconf 86' lang='lat' dir='ltr'><strong>ah</strong></span> <span class='ocrx_word' id='word_1_353' title='bbox 3810 2656 3997 2725; x_wconf 82' lang='lat' dir='ltr'><strong>impiis</strong></span> 
     </span>
    </p>
   </div>
   <div class='ocr_carea' id='block_1_57' title="bbox 2409 2736 3998 2806">
    <p class='ocr_par' dir='ltr' id='par_1_57' title="bbox 2409 2736 3998 2806">
     <span class='ocr_line' id='line_1_57' title="bbox 2409 2736 3998 2806; baseline 0.006 -15"><span class='ocrx_word' id='word_1_354' title='bbox 2409 2736 2718 2791; x_wconf 88' lang='lat' dir='ltr'><strong>hominibus</strong></span> <span class='ocrx_word' id='word_1_355' title='bbox 2747 2753 2842 2806; x_wconf 86' lang='lat' dir='ltr'><strong>per</strong></span> <span class='ocrx_word' id='word_1_356' title='bbox 2877 2753 3147 2792; x_wconf 87' lang='lat' dir='ltr'><strong>summam</strong></span> <span class='ocrx_word' id='word_1_357' title='bbox 3183 2740 3634 2796; x_wconf 86' lang='lat' dir='ltr'><strong>inhumanitatem</strong></span> <span class='ocrx_word' id='word_1_358' title='bbox 3669 2760 3779 2799; x_wconf 87' lang='lat' dir='ltr'><strong>non</strong></span> <span class='ocrx_word' id='word_1_359' title='bbox 3824 2751 3998 2801; x_wconf 84' lang='lat' dir='ltr'><strong>aliter</strong></span> 
     </span>
    </p>
   </div>
   <div class='ocr_carea' id='block_1_58' title="bbox 2406 2828 3996 2897">
    <p class='ocr_par' dir='ltr' id='par_1_58' title="bbox 2406 2828 3996 2897">
     <span class='ocr_line' id='line_1_58' title="bbox 2406 2828 3996 2897; baseline 0.007 -14"><span class='ocrx_word' id='word_1_360' title='bbox 2406 2836 2569 2891; x_wconf 82' lang='lat' dir='ltr'><strong>esset,</strong></span> <span class='ocrx_word' id='word_1_361' title='bbox 2609 2836 2770 2897; x_wconf 85' lang='lat' dir='ltr'><strong>atque</strong></span> <span class='ocrx_word' id='word_1_362' title='bbox 2808 2828 3041 2884; x_wconf 77' lang='lat' dir='ltr'><strong>ferream</strong></span> <span class='ocrx_word' id='word_1_363' title='bbox 3103 2833 3349 2886; x_wconf 79' lang='lat' dir='ltr'><strong>incudem</strong></span> <span class='ocrx_word' id='word_1_364' title='bbox 3418 2834 3627 2890; x_wconf 83' lang='lat' dir='ltr'><strong>malleis</strong></span> <span class='ocrx_word' id='word_1_365' title='bbox 3682 2852 3996 2894; x_wconf 69' lang='lat' dir='ltr'><strong>excusores</strong></span> 
     </span>
    </p>
   </div>
   <div class='ocr_carea' id='block_1_59' title="bbox 2404 2920 3995 2995">
    <p class='ocr_par' dir='ltr' id='par_1_59' title="bbox 2404 2920 3995 2995">
     <span class='ocr_line' id='line_1_59' title="bbox 2404 2920 3995 2995; baseline 0.006 -20"><span class='ocrx_word' id='word_1_366' title='bbox 2404 2920 2744 2975; x_wconf 89' lang='lat' dir='ltr'><strong>contundunt</strong></span> <span class='ocrx_word' id='word_1_367' title='bbox 2784 2961 2799 2987; x_wconf 88' lang='lat'><strong>,</strong></span> <span class='ocrx_word' id='word_1_368' title='bbox 2866 2922 2934 2976; x_wconf 85' lang='lat' dir='ltr'><strong>ad</strong></span> <span class='ocrx_word' id='word_1_369' title='bbox 2995 2934 3293 2977; x_wconf 81' lang='lat' dir='ltr'><strong>extremum</strong></span> <span class='ocrx_word' id='word_1_370' title='bbox 3348 2926 3470 2979; x_wconf 89' lang='lat' dir='ltr'><strong>inde</strong></span> <span class='ocrx_word' id='word_1_371' title='bbox 3544 2929 3781 2995; x_wconf 91' lang='lat' dir='ltr'><strong>prodiit,</strong></span> <span class='ocrx_word' id='word_1_372' title='bbox 3838 2945 3995 2985; x_wconf 83' lang='lat' dir='ltr'><strong>ortus</strong></span> 
     </span>
    </p>
   </div>
   <div class='ocr_carea' id='block_1_60' title="bbox 2410 3012 3989 3087">
    <p class='ocr_par' dir='ltr' id='par_1_60' title="bbox 2410 3012 3989 3087">
     <span class='ocr_line' id='line_1_60' title="bbox 2410 3012 3989 3087; baseline 0.009 -25"><span class='ocrx_word' id='word_1_373' title='bbox 2410 3012 2591 3064; x_wconf 88' lang='lat' dir='ltr'><strong>diurni</strong></span> <span class='ocrx_word' id='word_1_374' title='bbox 2625 3012 2756 3067; x_wconf 90' lang='lat' dir='ltr'><strong>solis</strong></span> <span class='ocrx_word' id='word_1_375' title='bbox 2786 3013 2977 3079; x_wconf 89' lang='lat' dir='ltr'><strong>instar,</strong></span> <span class='ocrx_word' id='word_1_376' title='bbox 3006 3015 3221 3070; x_wconf 88' lang='lat' dir='ltr'><strong>volente</strong></span> <span class='ocrx_word' id='word_1_377' title='bbox 3258 3016 3482 3081; x_wconf 88' lang='lat' dir='ltr'><strong>scilicet,</strong></span> <span class='ocrx_word' id='word_1_378' title='bbox 3513 3028 3568 3071; x_wconf 92' lang='lat' dir='ltr'><strong>ut</strong></span> <span class='ocrx_word' id='word_1_379' title='bbox 3604 3035 3701 3087; x_wconf 81' lang='lat' dir='ltr'><strong>par</strong></span> <span class='ocrx_word' id='word_1_380' title='bbox 3731 3032 3838 3085; x_wconf 74' lang='lat' dir='ltr'><strong>est,</strong></span> <span class='ocrx_word' id='word_1_381' title='bbox 3870 3038 3989 3076; x_wconf 84' lang='lat' dir='ltr'><strong>cre-</strong></span> 
     </span>
    </p>
   </div>
   <div class='ocr_carea' id='block_1_61' title="bbox 2404 3102 3992 3176">
    <p class='ocr_par' dir='ltr' id='par_1_61' title="bbox 2404 3102 3992 3176">
     <span class='ocr_line' id='line_1_61' title="bbox 2404 3102 3992 3176; baseline 0.006 -21"><span class='ocrx_word' id='word_1_382' title='bbox 2404 3102 2555 3167; x_wconf 87' lang='lat' dir='ltr'><strong>dere,</strong></span> <span class='ocrx_word' id='word_1_383' title='bbox 2598 3103 2728 3165; x_wconf 82' lang='lat' dir='ltr'><strong>Deo,</strong></span> <span class='ocrx_word' id='word_1_384' title='bbox 2774 3105 2866 3172; x_wconf 91' lang='lat' dir='ltr'><strong>qui</strong></span> <span class='ocrx_word' id='word_1_385' title='bbox 2900 3108 3127 3176; x_wconf 73' lang='lat' dir='ltr'><strong>aliyssos</strong></span> <span class='ocrx_word' id='word_1_386' title='bbox 3159 3108 3439 3175; x_wconf 86' lang='lat' dir='ltr'><strong>perspicit,</strong></span> <span class='ocrx_word' id='word_1_387' title='bbox 3490 3118 3544 3163; x_wconf 93' lang='lat' dir='ltr'><strong>et</strong></span> <span class='ocrx_word' id='word_1_388' title='bbox 3591 3110 3900 3164; x_wconf 81' lang='lat' dir='ltr'><strong>Cherubim</strong></span> <span class='ocrx_word' id='word_1_389' title='bbox 3938 3123 3992 3165; x_wconf 87' lang='lat' dir='ltr'><strong>et</strong></span> 
     </span>
    </p>
   </div>
   <div class='ocr_carea' id='block_1_62' title="bbox 742 3190 2401 3282">
    <p class='ocr_par' dir='ltr' id='par_1_62' title="bbox 742 3196 2376 3282">
     <span class='ocr_line' id='line_1_62' title="bbox 742 3196 2376 3282; baseline 0.001 -19"><span class='ocrx_word' id='word_1_390' title='bbox 742 3207 847 3263; x_wconf 71' lang='lat'><strong>829</strong></span> <span class='ocrx_word' id='word_1_391' title='bbox 874 3209 1221 3274; x_wconf 80' lang='lat' dir='ltr'><strong>succedente,</strong></span> <span class='ocrx_word' id='word_1_392' title='bbox 1253 3208 1441 3261; x_wconf 83' lang='lat' dir='ltr'><strong>eadem</strong></span> <span class='ocrx_word' id='word_1_393' title='bbox 1473 3209 1537 3262; x_wconf 89' lang='lat' dir='ltr'><strong>de</strong></span> <span class='ocrx_word' id='word_1_394' title='bbox 1563 3224 1724 3263; x_wconf 90' lang='lat' dir='ltr'><strong>causa</strong></span> <span class='ocrx_word' id='word_1_395' title='bbox 1750 3209 1947 3263; x_wconf 87' lang='lat' dir='ltr'><strong>iterum</strong></span> <span class='ocrx_word' id='word_1_396' title='bbox 1973 3210 2158 3282; x_wconf 78' lang='lat' dir='ltr'><strong>plagas</strong></span> <span class='ocrx_word' id='word_1_397' title='bbox 2184 3226 2307 3265; x_wconf 82' lang='lat' dir='ltr'><strong>sex-</strong></span> <span class='ocrx_word' id='word_1_398' title='bbox 2334 3196 2376 3255; x_wconf 71' lang='grc' dir='ltr'>ο</span> 
     </span>
    </p>
   </div>
   <div class='ocr_carea' id='block_1_63' title="bbox 2334 3190 3993 3282">
    <p class='ocr_par' dir='ltr' id='par_1_63' title="bbox 2334 3190 3993 3267">
     <span class='ocr_line' id='line_1_63' title="bbox 2334 3190 3993 3267; baseline 0.007 -23"><span class='ocrx_word' id='word_1_399' title='bbox 2334 3196 2376 3255; x_wconf 86' lang='lat' dir='ltr'><strong>C</strong></span> <span class='ocrx_word' id='word_1_400' title='bbox 2410 3190 2694 3261; x_wconf 64' lang='lat' dir='ltr'><strong>Seraphitu</strong></span> <span class='ocrx_word' id='word_1_401' title='bbox 2738 3195 2954 3262; x_wconf 85' lang='lat' dir='ltr'><strong>insidet,</strong></span> <span class='ocrx_word' id='word_1_402' title='bbox 2986 3197 3253 3267; x_wconf 81' lang='lat' dir='ltr'><strong>insignem</strong></span> <span class='ocrx_word' id='word_1_403' title='bbox 3289 3200 3435 3253; x_wconf 91' lang='lat' dir='ltr'><strong>hunc</strong></span> <span class='ocrx_word' id='word_1_404' title='bbox 3473 3200 3683 3265; x_wconf 87' lang='lat' dir='ltr'><strong>virum,</strong></span> <span class='ocrx_word' id='word_1_405' title='bbox 3725 3218 3826 3256; x_wconf 82' lang='lat' dir='ltr'><strong>cett</strong></span> <span class='ocrx_word' id='word_1_406' title='bbox 3870 3220 3993 3256; x_wconf 63' lang='lat' dir='ltr'><strong>mu-</strong></span> 
     </span>
    </p>
   </div>
   <div class='ocr_carea' id='block_1_64' title="bbox 742 3299 2305 3372">
    <p class='ocr_par' dir='ltr' id='par_1_64' title="bbox 742 3299 2305 3372">
     <span class='ocr_line' id='line_1_64' title="bbox 742 3299 2305 3372; baseline 0.001 -16"><span class='ocrx_word' id='word_1_407' title='bbox 742 3310 928 3356; x_wconf 88' lang='lat' dir='ltr'><strong>centas</strong></span> <span class='ocrx_word' id='word_1_408' title='bbox 946 3299 1173 3368; x_wconf 90' lang='lat' dir='ltr'><strong>accepit,</strong></span> <span class='ocrx_word' id='word_1_409' title='bbox 1195 3310 1245 3352; x_wconf 92' lang='lat' dir='ltr'><strong>et</strong></span> <span class='ocrx_word' id='word_1_410' title='bbox 1266 3301 1469 3353; x_wconf 88' lang='lat' dir='ltr'><strong>carceri</strong></span> <span class='ocrx_word' id='word_1_411' title='bbox 1495 3300 1735 3355; x_wconf 87' lang='lat' dir='ltr'><strong>inclusus</strong></span> <span class='ocrx_word' id='word_1_412' title='bbox 1757 3301 1875 3356; x_wconf 81' lang='lat' dir='ltr'><strong>fuit.</strong></span> <span class='ocrx_word' id='word_1_413' title='bbox 1900 3302 2093 3355; x_wconf 81' lang='lat' dir='ltr'><strong>Verum</strong></span> <span class='ocrx_word' id='word_1_414' title='bbox 2112 3318 2230 3372; x_wconf 69' lang='lat' dir='ltr'><strong>qua:</strong></span> <span class='ocrx_word' id='word_1_415' title='bbox 2253 3306 2305 3358; x_wconf 92' lang='lat' dir='ltr'><strong>in</strong></span> 
     </span>
    </p>
   </div>
   <div class='ocr_carea' id='block_1_65' title="bbox 741 3392 2308 3460">
    <p class='ocr_par' dir='ltr' id='par_1_65' title="bbox 741 3392 2308 3460">
     <span class='ocr_line' id='line_1_65' title="bbox 741 3392 2308 3460; baseline 0.003 -14"><span class='ocrx_word' id='word_1_416' title='bbox 741 3393 880 3446; x_wconf 76' lang='lat' dir='ltr'><strong>aclis</strong></span> <span class='ocrx_word' id='word_1_417' title='bbox 907 3393 1214 3444; x_wconf 89' lang='lat' dir='ltr'><strong>tribuuntur</strong></span> <span class='ocrx_word' id='word_1_418' title='bbox 1238 3392 1373 3460; x_wconf 90' lang='lat' dir='ltr'><strong>patri</strong></span> <span class='ocrx_word' id='word_1_419' title='bbox 1399 3430 1413 3451; x_wconf 90' lang='lat'><strong>,</strong></span> <span class='ocrx_word' id='word_1_420' title='bbox 1466 3392 1814 3446; x_wconf 88' lang='lat' dir='ltr'><strong>aseribuntnr</strong></span> <span class='ocrx_word' id='word_1_421' title='bbox 1842 3396 1908 3447; x_wconf 87' lang='lat' dir='ltr'><strong>ab</strong></span> <span class='ocrx_word' id='word_1_422' title='bbox 1947 3395 2067 3449; x_wconf 87' lang='lat' dir='ltr'><strong>aliis</strong></span> <span class='ocrx_word' id='word_1_423' title='bbox 2097 3396 2227 3460; x_wconf 89' lang='lat' dir='ltr'><strong>lilio,</strong></span> <span class='ocrx_word' id='word_1_424' title='bbox 2254 3407 2308 3451; x_wconf 89' lang='lat' dir='ltr'><strong>et</strong></span> 
     </span>
    </p>
   </div>
   <div class='ocr_carea' id='block_1_66' title="bbox 743 3481 2307 3553">
    <p class='ocr_par' dir='ltr' id='par_1_66' title="bbox 743 3481 2307 3553">
     <span class='ocr_line' id='line_1_66' title="bbox 743 3481 2307 3553; baseline 0.001 -14"><span class='ocrx_word' id='word_1_425' title='bbox 743 3498 772 3539; x_wconf 73' lang='grc' dir='ltr'><strong>ι</strong></span> <span class='ocrx_word' id='word_1_426' title='bbox 805 3484 1157 3536; x_wconf 81' lang='lat' dir='ltr'><strong>Constantino</strong></span> <span class='ocrx_word' id='word_1_427' title='bbox 1188 3481 1436 3536; x_wconf 82' lang='lat' dir='ltr'><strong>Manasse</strong></span> <span class='ocrx_word' id='word_1_428' title='bbox 1473 3483 1525 3536; x_wconf 92' lang='lat' dir='ltr'><strong>in</strong></span> <span class='ocrx_word' id='word_1_429' title='bbox 1560 3482 1890 3553; x_wconf 88' lang='lat' dir='ltr'><strong>Compendio</strong></span> <span class='ocrx_word' id='word_1_430' title='bbox 1925 3485 2194 3539; x_wconf 86' lang='lat' dir='ltr'><strong>Chronico</strong></span> <span class='ocrx_word' id='word_1_431' title='bbox 2234 3487 2307 3541; x_wconf 79' lang='lat' dir='ltr'><strong>ita</strong></span> 
     </span>
    </p>
   </div>
   <div class='ocr_carea' id='block_1_67' title="bbox 744 3572 2310 3646">
    <p class='ocr_par' dir='ltr' id='par_1_67' title="bbox 744 3572 2310 3646">
     <span class='ocr_line' id='line_1_67' title="bbox 744 3572 2310 3646; baseline 0.001 -17"><span class='ocrx_word' id='word_1_432' title='bbox 744 3586 1035 3629; x_wconf 88' lang='lat' dir='ltr'><strong>narrantur</strong></span> <span class='ocrx_word' id='word_1_433' title='bbox 1062 3592 1076 3628; x_wconf 89' lang='lat'><strong>:</strong></span> <span class='ocrx_word' id='word_1_434' title='bbox 1103 3572 1436 3641; x_wconf 82' lang='lat' dir='ltr'><strong>Theophiins</strong></span> <span class='ocrx_word' id='word_1_435' title='bbox 1463 3574 1758 3645; x_wconf 85' lang='lat' dir='ltr'><strong>imperator</strong></span> <span class='ocrx_word' id='word_1_436' title='bbox 1780 3576 1951 3629; x_wconf 89' lang='lat' dir='ltr'><strong>virum</strong></span> <span class='ocrx_word' id='word_1_437' title='bbox 1977 3578 2310 3646; x_wconf 72' lang='lat' dir='ltr'><strong>prmstantis-</strong></span> 
     </span>
    </p>
   </div>
   <div class='ocr_carea' id='block_1_68' title="bbox 742 3664 2307 3739">
    <p class='ocr_par' dir='ltr' id='par_1_68' title="bbox 742 3664 2307 3739">
     <span class='ocr_line' id='line_1_68' title="bbox 742 3664 2307 3739; baseline -0.001 -17"><span class='ocrx_word' id='word_1_438' title='bbox 742 3668 938 3722; x_wconf 83' lang='lat' dir='ltr'><strong>simum</strong></span> <span class='ocrx_word' id='word_1_439' title='bbox 989 3664 1313 3720; x_wconf 79' lang='lat' dir='ltr'><strong>Methodium</strong></span> <span class='ocrx_word' id='word_1_440' title='bbox 1340 3706 1355 3733; x_wconf 93' lang='lat'><strong>,</strong></span> <span class='ocrx_word' id='word_1_441' title='bbox 1389 3668 1676 3735; x_wconf 84' lang='lat' dir='ltr'><strong>quamdam</strong></span> <span class='ocrx_word' id='word_1_442' title='bbox 1726 3667 1778 3722; x_wconf 91' lang='lat' dir='ltr'><strong>in</strong></span> <span class='ocrx_word' id='word_1_443' title='bbox 1822 3668 2052 3722; x_wconf 78' lang='lat' dir='ltr'><strong>insulam</strong></span> <span class='ocrx_word' id='word_1_444' title='bbox 2104 3668 2307 3739; x_wconf 78' lang='lat' dir='ltr'><strong>relega-</strong></span> 
     </span>
    </p>
   </div>
   <div class='ocr_carea' id='block_1_69' title="bbox 746 3757 2305 3830">
    <p class='ocr_par' dir='ltr' id='par_1_69' title="bbox 746 3757 2305 3830">
     <span class='ocr_line' id='line_1_69' title="bbox 746 3757 2305 3830; baseline 0.001 -19"><span class='ocrx_word' id='word_1_445' title='bbox 746 3767 881 3821; x_wconf 92' lang='lat' dir='ltr'><strong>tum,</strong></span> <span class='ocrx_word' id='word_1_446' title='bbox 915 3758 1185 3828; x_wconf 73' lang='lat' dir='ltr'><strong>speluncas</strong></span> <span class='ocrx_word' id='word_1_447' title='bbox 1238 3757 1522 3813; x_wconf 82' lang='lat' dir='ltr'><strong>cadaveris</strong></span> <span class='ocrx_word' id='word_1_448' title='bbox 1571 3759 1739 3812; x_wconf 86' lang='lat' dir='ltr'><strong>instar</strong></span> <span class='ocrx_word' id='word_1_449' title='bbox 1778 3759 2016 3825; x_wconf 88' lang='lat' dir='ltr'><strong>inclusit,</strong></span> <span class='ocrx_word' id='word_1_450' title='bbox 2052 3769 2305 3830; x_wconf 81' lang='lat' dir='ltr'><strong>tauquam</strong></span> 
     </span>
    </p>
   </div>
   <div class='ocr_carea' id='block_1_70' title="bbox 746 3848 2306 3920">
    <p class='ocr_par' dir='ltr' id='par_1_70' title="bbox 746 3848 2306 3920">
     <span class='ocr_line' id='line_1_70' title="bbox 746 3848 2306 3920; baseline 0.002 -18"><span class='ocrx_word' id='word_1_451' title='bbox 746 3850 996 3904; x_wconf 85' lang='lat' dir='ltr'><strong>unionem</strong></span> <span class='ocrx_word' id='word_1_452' title='bbox 1034 3849 1085 3903; x_wconf 90' lang='lat' dir='ltr'><strong>in</strong></span> <span class='ocrx_word' id='word_1_453' title='bbox 1111 3848 1403 3912; x_wconf 89' lang='lat' dir='ltr'><strong>concham,</strong></span> <span class='ocrx_word' id='word_1_454' title='bbox 1430 3863 1606 3903; x_wconf 84' lang='lat' dir='ltr'><strong>rosam</strong></span> <span class='ocrx_word' id='word_1_455' title='bbox 1637 3850 1778 3902; x_wconf 89' lang='lat' dir='ltr'><strong>inter</strong></span> <span class='ocrx_word' id='word_1_456' title='bbox 1805 3851 2009 3920; x_wconf 87' lang='lat' dir='ltr'><strong>spinas.</strong></span> <span class='ocrx_word' id='word_1_457' title='bbox 2040 3849 2306 3906; x_wconf 69' lang='lat' dir='ltr'><strong>Pratlerea</strong></span> 
     </span>
    </p>
   </div>
   <div class='ocr_carea' id='block_1_71' title="bbox 745 3938 2305 4009">
    <p class='ocr_par' dir='ltr' id='par_1_71' title="bbox 745 3938 2305 4009">
     <span class='ocr_line' id='line_1_71' title="bbox 745 3938 2305 4009; baseline 0.003 -15"><span class='ocrx_word' id='word_1_458' title='bbox 745 3939 881 3995; x_wconf 85' lang='lat' dir='ltr'><strong>duos</strong></span> <span class='ocrx_word' id='word_1_459' title='bbox 910 3940 959 3993; x_wconf 88' lang='lat' dir='ltr'><strong>ei</strong></span> <span class='ocrx_word' id='word_1_460' title='bbox 998 3939 1237 3995; x_wconf 81' lang='lat' dir='ltr'><strong>latrones</strong></span> <span class='ocrx_word' id='word_1_461' title='bbox 1274 3938 1542 4008; x_wconf 77' lang='lat' dir='ltr'><strong>adjunxit,</strong></span> <span class='ocrx_word' id='word_1_462' title='bbox 1564 3954 1791 4009; x_wconf 89' lang='lat' dir='ltr'><strong>quorum</strong></span> <span class='ocrx_word' id='word_1_463' title='bbox 1816 3941 1986 3995; x_wconf 90' lang='lat' dir='ltr'><strong>altero</strong></span> <span class='ocrx_word' id='word_1_464' title='bbox 2013 3942 2305 4007; x_wconf 75' lang='lat' dir='ltr'><strong>exstincto.</strong></span> 
     </span>
    </p>
   </div>
   <div class='ocr_carea' id='block_1_72' title="bbox 746 4028 2304 4098">
    <p class='ocr_par' dir='ltr' id='par_1_72' title="bbox 746 4028 2304 4098">
     <span class='ocr_line' id='line_1_72' title="bbox 746 4028 2304 4098; baseline 0.002 -16"><span class='ocrx_word' id='word_1_465' title='bbox 746 4040 797 4082; x_wconf 74' lang='lat' dir='ltr'><strong>et</strong></span> <span class='ocrx_word' id='word_1_466' title='bbox 842 4031 950 4096; x_wconf 88' lang='lat' dir='ltr'><strong>jam</strong></span> <span class='ocrx_word' id='word_1_467' title='bbox 997 4039 1369 4083; x_wconf 82' lang='lat' dir='ltr'><strong>marcescente</strong></span> <span class='ocrx_word' id='word_1_468' title='bbox 1414 4029 1647 4083; x_wconf 90' lang='lat' dir='ltr'><strong>naturali</strong></span> <span class='ocrx_word' id='word_1_469' title='bbox 1681 4028 1912 4098; x_wconf 88' lang='lat' dir='ltr'><strong>quadam</strong></span> <span class='ocrx_word' id='word_1_470' title='bbox 1960 4032 2304 4095; x_wconf 88' lang='lat' dir='ltr'><strong>necessitate,</strong></span> 
     </span>
    </p>
   </div>
   <div class='ocr_carea' id='block_1_73' title="bbox 746 4120 2309 4189">
    <p class='ocr_par' dir='ltr' id='par_1_73' title="bbox 746 4120 2309 4189">
     <span class='ocr_line' id='line_1_73' title="bbox 746 4120 2309 4189; baseline 0.002 -16"><span class='ocrx_word' id='word_1_471' title='bbox 746 4120 949 4173; x_wconf 54' lang='lat' dir='ltr'><strong>[indum</strong></span> <span class='ocrx_word' id='word_1_472' title='bbox 985 4120 1133 4172; x_wconf 89' lang='lat' dir='ltr'><strong>illum</strong></span> <span class='ocrx_word' id='word_1_473' title='bbox 1167 4122 1395 4175; x_wconf 86' lang='lat' dir='ltr'><strong>odorem</strong></span> <span class='ocrx_word' id='word_1_474' title='bbox 1427 4131 1480 4173; x_wconf 91' lang='lat' dir='ltr'><strong>et</strong></span> <span class='ocrx_word' id='word_1_475' title='bbox 1521 4121 1837 4189; x_wconf 77' lang='lat' dir='ltr'><strong>pestiferum</strong></span> <span class='ocrx_word' id='word_1_476' title='bbox 1862 4136 2041 4175; x_wconf 86' lang='lat' dir='ltr'><strong>aerem</strong></span> <span class='ocrx_word' id='word_1_477' title='bbox 2073 4122 2309 4176; x_wconf 88' lang='lat' dir='ltr'><strong>toleran-</strong></span> 
     </span>
    </p>
   </div>
   <div class='ocr_carea' id='block_1_74' title="bbox 750 4209 2309 4280">
    <p class='ocr_par' dir='ltr' id='par_1_74' title="bbox 750 4209 2309 4280">
     <span class='ocr_line' id='line_1_74' title="bbox 750 4209 2309 4280; baseline 0.004 -19"><span class='ocrx_word' id='word_1_478' title='bbox 750 4209 991 4262; x_wconf 82' lang='lat' dir='ltr'><strong>tissimus</strong></span> <span class='ocrx_word' id='word_1_479' title='bbox 1032 4209 1263 4264; x_wconf 88' lang='lat' dir='ltr'><strong>athletes</strong></span> <span class='ocrx_word' id='word_1_480' title='bbox 1300 4209 1481 4262; x_wconf 84' lang='lat' dir='ltr'><strong>animo</strong></span> <span class='ocrx_word' id='word_1_481' title='bbox 1530 4209 1649 4263; x_wconf 91' lang='lat' dir='ltr'><strong>tulit</strong></span> <span class='ocrx_word' id='word_1_482' title='bbox 1693 4210 2024 4278; x_wconf 81' lang='lat' dir='ltr'><strong>aequissimo,</strong></span> <span class='ocrx_word' id='word_1_483' title='bbox 2056 4226 2213 4280; x_wconf 89' lang='lat' dir='ltr'><strong>quem</strong></span> <span class='ocrx_word' id='word_1_484' title='bbox 2244 4227 2309 4267; x_wconf 88' lang='lat' dir='ltr'><strong>ne</strong></span> 
     </span>
    </p>
   </div>
   <div class='ocr_carea' id='block_1_75' title="bbox 748 4298 2309 4365">
    <p class='ocr_par' dir='ltr' id='par_1_75' title="bbox 748 4298 2309 4365">
     <span class='ocr_line' id='line_1_75' title="bbox 748 4298 2309 4365; baseline 0.004 -15"><span class='ocrx_word' id='word_1_485' title='bbox 748 4299 971 4350; x_wconf 84' lang='lat' dir='ltr'><strong>adamas</strong></span> <span class='ocrx_word' id='word_1_486' title='bbox 1000 4298 1218 4365; x_wconf 86' lang='lat' dir='ltr'><strong>quidem</strong></span> <span class='ocrx_word' id='word_1_487' title='bbox 1252 4298 1522 4351; x_wconf 80' lang='lat' dir='ltr'><strong>sustinere</strong></span> <span class='ocrx_word' id='word_1_488' title='bbox 1553 4299 1835 4365; x_wconf 85' lang='lat' dir='ltr'><strong>potuisset.</strong></span> <span class='ocrx_word' id='word_1_489' title='bbox 1868 4299 2020 4354; x_wconf 81' lang='lat' dir='ltr'><strong>Alter</strong></span> <span class='ocrx_word' id='word_1_490' title='bbox 2042 4302 2309 4357; x_wconf 78' lang='lat' dir='ltr'><strong>latronum</strong></span> 
     </span>
    </p>
   </div>
   <div class='ocr_carea' id='block_1_76' title="bbox 751 4387 2310 4459">
    <p class='ocr_par' dir='ltr' id='par_1_76' title="bbox 751 4387 2310 4459">
     <span class='ocr_line' id='line_1_76' title="bbox 751 4387 2310 4459; baseline 0.003 -18"><span class='ocrx_word' id='word_1_491' title='bbox 751 4387 999 4441; x_wconf 80' lang='lat' dir='ltr'><strong>libertate</strong></span> <span class='ocrx_word' id='word_1_492' title='bbox 1038 4387 1268 4443; x_wconf 89' lang='lat' dir='ltr'><strong>donatus</strong></span> <span class='ocrx_word' id='word_1_493' title='bbox 1302 4388 1451 4442; x_wconf 73' lang='lat' dir='ltr'><strong>exire</strong></span> <span class='ocrx_word' id='word_1_494' title='bbox 1490 4388 1684 4453; x_wconf 90' lang='lat' dir='ltr'><strong>noluit,</strong></span> <span class='ocrx_word' id='word_1_495' title='bbox 1710 4390 1803 4443; x_wconf 91' lang='lat' dir='ltr'><strong>sed</strong></span> <span class='ocrx_word' id='word_1_496' title='bbox 1829 4389 1969 4443; x_wconf 89' lang='lat' dir='ltr'><strong>intra</strong></span> <span class='ocrx_word' id='word_1_497' title='bbox 1998 4392 2310 4459; x_wconf 87' lang='lat' dir='ltr'><strong>speluncam</strong></span> 
     </span>
    </p>
   </div>
   <div class='ocr_carea' id='block_1_77' title="bbox 753 4476 2310 4547">
    <p class='ocr_par' dir='ltr' id='par_1_77' title="bbox 753 4476 2310 4547">
     <span class='ocr_line' id='line_1_77' title="bbox 753 4476 2310 4547; baseline 0.003 -17"><span class='ocrx_word' id='word_1_498' title='bbox 753 4476 897 4530; x_wconf 88' lang='lat' dir='ltr'><strong>illam</strong></span> <span class='ocrx_word' id='word_1_499' title='bbox 943 4477 1292 4546; x_wconf 77' lang='lat' dir='ltr'><strong>CttligiIIOSam</strong></span> <span class='ocrx_word' id='word_1_500' title='bbox 1334 4493 1580 4544; x_wconf 89' lang='lat' dir='ltr'><strong>manens,</strong></span> <span class='ocrx_word' id='word_1_501' title='bbox 1634 4478 1936 4547; x_wconf 68' lang='lat' dir='ltr'><strong>divinaeque</strong></span> <span class='ocrx_word' id='word_1_502' title='bbox 1967 4480 2179 4534; x_wconf 78' lang='lat' dir='ltr'><strong>vivendi</strong></span> <span class='ocrx_word' id='word_1_503' title='bbox 2220 4496 2310 4534; x_wconf 88' lang='lat' dir='ltr'><strong>ra-</strong></span> 
     </span>
    </p>
   </div>
   <div class='ocr_carea' id='block_1_78' title="bbox 750 4566 2312 4641">
    <p class='ocr_par' dir='ltr' id='par_1_78' title="bbox 750 4566 2312 4641">
     <span class='ocr_line' id='line_1_78' title="bbox 750 4566 2312 4641; baseline 0.004 -22"><span class='ocrx_word' id='word_1_504' title='bbox 750 4567 913 4621; x_wconf 89' lang='lat' dir='ltr'><strong>tionis</strong></span> <span class='ocrx_word' id='word_1_505' title='bbox 941 4568 1223 4622; x_wconf 68' lang='lat' dir='ltr'><strong>mnittlator</strong></span> <span class='ocrx_word' id='word_1_506' title='bbox 1255 4566 1452 4632; x_wconf 81' lang='lat' dir='ltr'><strong>factus,</strong></span> <span class='ocrx_word' id='word_1_507' title='bbox 1485 4570 1616 4623; x_wconf 91' lang='lat' dir='ltr'><strong>solis</strong></span> <span class='ocrx_word' id='word_1_508' title='bbox 1664 4569 1836 4623; x_wconf 88' lang='lat' dir='ltr'><strong>instar</strong></span> <span class='ocrx_word' id='word_1_509' title='bbox 1881 4572 2003 4624; x_wconf 71' lang='lat' dir='ltr'><strong>vita:</strong></span> <span class='ocrx_word' id='word_1_510' title='bbox 2050 4571 2312 4641; x_wconf 71' lang='lat' dir='ltr'><strong>religiosa:</strong></span> 
     </span>
    </p>
   </div>
   <div class='ocr_carea' id='block_1_79' title="bbox 750 4655 2313 4724">
    <p class='ocr_par' dir='ltr' id='par_1_79' title="bbox 750 4655 2313 4724">
     <span class='ocr_line' id='line_1_79' title="bbox 750 4655 2313 4724; baseline 0.004 -16"><span class='ocrx_word' id='word_1_511' title='bbox 750 4657 931 4710; x_wconf 87' lang='lat' dir='ltr'><strong>radios</strong></span> <span class='ocrx_word' id='word_1_512' title='bbox 956 4657 1174 4724; x_wconf 89' lang='lat' dir='ltr'><strong>sparsit.</strong></span> <span class='ocrx_word' id='word_1_513' title='bbox 1202 4675 1220 4707; x_wconf 76' lang='grc' dir='ltr'><strong>ι</strong></span> <span class='ocrx_word' id='word_1_514' title='bbox 1255 4655 1376 4711; x_wconf 78' lang='lat' dir='ltr'><strong>lla-c</strong></span> <span class='ocrx_word' id='word_1_515' title='bbox 1410 4656 1706 4723; x_wconf 81' lang='lat' dir='ltr'><strong>Manasses,</strong></span> <span class='ocrx_word' id='word_1_516' title='bbox 1726 4658 1919 4723; x_wconf 88' lang='lat' dir='ltr'><strong>quibus</strong></span> <span class='ocrx_word' id='word_1_517' title='bbox 1940 4659 2130 4712; x_wconf 87' lang='lat' dir='ltr'><strong>similia</strong></span> <span class='ocrx_word' id='word_1_518' title='bbox 2152 4661 2313 4714; x_wconf 87' lang='lat' dir='ltr'><strong>habet</strong></span> 
     </span>
    </p>
   </div>
   <div class='ocr_carea' id='block_1_80' title="bbox 749 4743 2312 4817">
    <p class='ocr_par' dir='ltr' id='par_1_80' title="bbox 749 4743 2312 4817">
     <span class='ocr_line' id='line_1_80' title="bbox 749 4743 2312 4817; baseline 0.003 -18"><span class='ocrx_word' id='word_1_519' title='bbox 749 4743 1010 4811; x_wconf 70' lang='lat' dir='ltr'><strong>Zonaras,</strong></span> <span class='ocrx_word' id='word_1_520' title='bbox 1044 4762 1139 4817; x_wconf 88' lang='lat' dir='ltr'><strong>per</strong></span> <span class='ocrx_word' id='word_1_521' title='bbox 1166 4748 1326 4801; x_wconf 84' lang='lat' dir='ltr'><strong>verba</strong></span> <span class='ocrx_word' id='word_1_522' title='bbox 1359 4764 1478 4816; x_wconf 70' lang='lat' dir='ltr'><strong>qua:</strong></span> <span class='ocrx_word' id='word_1_523' title='bbox 1511 4750 1765 4805; x_wconf 88' lang='lat' dir='ltr'><strong>dedimus</strong></span> <span class='ocrx_word' id='word_1_524' title='bbox 1814 4764 1864 4803; x_wconf 70' lang='lat' dir='ltr'><strong>Vl</strong></span> <span class='ocrx_word' id='word_1_525' title='bbox 1912 4749 2195 4804; x_wconf 84' lang='lat' dir='ltr'><strong>Februarii</strong></span> <span class='ocrx_word' id='word_1_526' title='bbox 2245 4750 2312 4804; x_wconf 87' lang='lat' dir='ltr'><strong>ad</strong></span> 
     </span>
    </p>
   </div>
   <div class='ocr_carea' id='block_1_81' title="bbox 749 4834 2313 4909">
    <p class='ocr_par' dir='ltr' id='par_1_81' title="bbox 749 4834 2313 4909">
     <span class='ocr_line' id='line_1_81' title="bbox 749 4834 2313 4909; baseline 0.003 -18"><span class='ocrx_word' id='word_1_527' title='bbox 749 4835 928 4891; x_wconf 74' lang='lat' dir='ltr'><strong>Vitam</strong></span> <span class='ocrx_word' id='word_1_528' title='bbox 958 4846 1159 4890; x_wconf 74' lang='lat' dir='ltr'><strong>sancta:</strong></span> <span class='ocrx_word' id='word_1_529' title='bbox 1184 4834 1480 4893; x_wconf 69' lang='lat' dir='ltr'><strong>Theodorus</strong></span> <span class='ocrx_word' id='word_1_530' title='bbox 1510 4839 1887 4909; x_wconf 85' lang='lat' dir='ltr'><strong>imperatricis,</strong></span> <span class='ocrx_word' id='word_1_531' title='bbox 1922 4841 2111 4894; x_wconf 74' lang='lat' dir='ltr'><strong>uxoris</strong></span> <span class='ocrx_word' id='word_1_532' title='bbox 2137 4839 2313 4895; x_wconf 85' lang='lat' dir='ltr'><strong>Theo-</strong></span> 
     </span>
    </p>
   </div>
   <div class='ocr_carea' id='block_1_82' title="bbox 752 4927 1064 5000">
    <p class='ocr_par' dir='ltr' id='par_1_82' title="bbox 752 4927 1064 5000">
     <span class='ocr_line' id='line_1_82' title="bbox 752 4927 1064 5000; baseline 0 -19"><span class='ocrx_word' id='word_1_533' title='bbox 752 4927 907 5000; x_wconf 84' lang='lat' dir='ltr'><strong>phili,</strong></span> <span class='ocrx_word' id='word_1_534' title='bbox 934 4927 962 5000; x_wconf 77' lang='lat'>§</span> <span class='ocrx_word' id='word_1_535' title='bbox 992 4944 1064 4983; x_wconf 84' lang='lat' dir='ltr'><strong>vt.</strong></span> 
     </span>
    </p>
   </div>
   <div class='ocr_carea' id='block_1_83' title="bbox 817 5019 2313 5095">
    <p class='ocr_par' dir='ltr' id='par_1_83' title="bbox 817 5019 2313 5095">
     <span class='ocr_line' id='line_1_83' title="bbox 817 5019 2313 5095; baseline 0.005 -22"><span class='ocrx_word' id='word_1_536' title='bbox 817 5020 873 5073; x_wconf 73' lang='lat'><strong>4.</strong></span> <span class='ocrx_word' id='word_1_537' title='bbox 907 5019 1061 5074; x_wconf 76' lang='lat' dir='ltr'><strong>Nunc</strong></span> <span class='ocrx_word' id='word_1_538' title='bbox 1094 5022 1367 5089; x_wconf 76' lang='lat' dir='ltr'><strong>pergimus</strong></span> <span class='ocrx_word' id='word_1_539' title='bbox 1409 5037 1530 5076; x_wconf 89' lang='lat' dir='ltr'><strong>cum</strong></span> <span class='ocrx_word' id='word_1_540' title='bbox 1565 5024 1836 5088; x_wconf 80' lang='lat' dir='ltr'><strong>Manasse,</strong></span> <span class='ocrx_word' id='word_1_541' title='bbox 1875 5041 1935 5080; x_wconf 90' lang='lat' dir='ltr'><strong>ac</strong></span> <span class='ocrx_word' id='word_1_542' title='bbox 1976 5023 2148 5095; x_wconf 89' lang='lat' dir='ltr'><strong>primo</strong></span> <span class='ocrx_word' id='word_1_543' title='bbox 2178 5025 2313 5080; x_wconf 79' lang='lat' dir='ltr'><strong>refe-</strong></span> 
     </span>
    </p>
   </div>
   <div class='ocr_carea' id='block_1_84' title="bbox 751 5112 2313 5186">
    <p class='ocr_par' dir='ltr' id='par_1_84' title="bbox 751 5112 2313 5186">
     <span class='ocr_line' id='line_1_84' title="bbox 751 5112 2313 5186; baseline 0.004 -23"><span class='ocrx_word' id='word_1_544' title='bbox 751 5112 923 5163; x_wconf 80' lang='lat' dir='ltr'><strong>rimus</strong></span> <span class='ocrx_word' id='word_1_545' title='bbox 946 5121 1189 5164; x_wconf 90' lang='lat' dir='ltr'><strong>mutttum</strong></span> <span class='ocrx_word' id='word_1_546' title='bbox 1210 5115 1529 5181; x_wconf 90' lang='lat' dir='ltr'><strong>rescriptum</strong></span> <span class='ocrx_word' id='word_1_547' title='bbox 1550 5125 1860 5169; x_wconf 82' lang='lat' dir='ltr'><strong>sanctorum</strong></span> <span class='ocrx_word' id='word_1_548' title='bbox 1877 5115 2224 5186; x_wconf 86' lang='lat' dir='ltr'><strong>Theophanis</strong></span> <span class='ocrx_word' id='word_1_549' title='bbox 2258 5126 2313 5170; x_wconf 84' lang='lat' dir='ltr'><strong>et</strong></span> 
     </span>
    </p>
   </div>
   <div class='ocr_carea' id='block_1_85' title="bbox 751 5202 2311 5277">
    <p class='ocr_par' dir='ltr' id='par_1_85' title="bbox 751 5202 2311 5277">
     <span class='ocr_line' id='line_1_85' title="bbox 751 5202 2311 5277; baseline 0.003 -21"><span class='ocrx_word' id='word_1_550' title='bbox 751 5202 1023 5257; x_wconf 84' lang='lat' dir='ltr'><strong>Theodori</strong></span> <span class='ocrx_word' id='word_1_551' title='bbox 1072 5204 1300 5258; x_wconf 70' lang='lat' dir='ltr'><strong>fl&#39;alt‘tllll</strong></span> <span class='ocrx_word' id='word_1_552' title='bbox 1335 5206 1351 5275; x_wconf 94' lang='lat'>(</span> <span class='ocrx_word' id='word_1_553' title='bbox 1386 5207 1451 5261; x_wconf 88' lang='lat' dir='ltr'><strong>de</strong></span> <span class='ocrx_word' id='word_1_554' title='bbox 1504 5208 1701 5275; x_wconf 87' lang='lat' dir='ltr'><strong>quibus</strong></span> <span class='ocrx_word' id='word_1_555' title='bbox 1756 5213 2020 5277; x_wconf 78' lang='lat' dir='ltr'><strong>agendum</strong></span> <span class='ocrx_word' id='word_1_556' title='bbox 2082 5209 2185 5261; x_wconf 89' lang='lat' dir='ltr'><strong>erit</strong></span> <span class='ocrx_word' id='word_1_557' title='bbox 2242 5208 2311 5261; x_wconf 72' lang='lat'><strong>27</strong></span> 
     </span>
    </p>
   </div>
   <div class='ocr_carea' id='block_1_86' title="bbox 748 5293 2308 5368">
    <p class='ocr_par' dir='ltr' id='par_1_86' title="bbox 748 5293 2308 5368">
     <span class='ocr_line' id='line_1_86' title="bbox 748 5293 2308 5368; baseline 0.003 -21"><span class='ocrx_word' id='word_1_558' title='bbox 748 5293 1087 5364; x_wconf 87' lang='lat' dir='ltr'><strong>Decembris)</strong></span> <span class='ocrx_word' id='word_1_559' title='bbox 1103 5299 1387 5364; x_wconf 84' lang='lat' dir='ltr'><strong>sanctique</strong></span> <span class='ocrx_word' id='word_1_560' title='bbox 1420 5297 1694 5353; x_wconf 77' lang='lat' dir='ltr'><strong>Mctbodii.</strong></span> <span class='ocrx_word' id='word_1_561' title='bbox 1728 5298 1861 5353; x_wconf 90' lang='lat' dir='ltr'><strong>Dum</strong></span> <span class='ocrx_word' id='word_1_562' title='bbox 1890 5300 2088 5363; x_wconf 86' lang='lat' dir='ltr'><strong>adhuc,</strong></span> <span class='ocrx_word' id='word_1_563' title='bbox 2115 5300 2308 5368; x_wconf 88' lang='lat' dir='ltr'><strong>inquit,</strong></span> 
     </span>
    </p>
   </div>
   <div class='ocr_carea' id='block_1_87' title="bbox 747 5382 2312 5453">
    <p class='ocr_par' dir='ltr' id='par_1_87' title="bbox 747 5382 2312 5453">
     <span class='ocr_line' id='line_1_87' title="bbox 747 5382 2312 5453; baseline 0.005 -16"><span class='ocrx_word' id='word_1_564' title='bbox 747 5382 1053 5439; x_wconf 72' lang='lat' dir='ltr'><strong>Methodius</strong></span> <span class='ocrx_word' id='word_1_565' title='bbox 1107 5386 1159 5440; x_wconf 89' lang='lat' dir='ltr'><strong>itt</strong></span> <span class='ocrx_word' id='word_1_566' title='bbox 1225 5387 1325 5440; x_wconf 88' lang='lat' dir='ltr'><strong>hoc</strong></span> <span class='ocrx_word' id='word_1_567' title='bbox 1384 5404 1606 5443; x_wconf 77' lang='lat' dir='ltr'><strong>carcere</strong></span> <span class='ocrx_word' id='word_1_568' title='bbox 1669 5390 2020 5453; x_wconf 83' lang='lat' dir='ltr'><strong>detineretur,</strong></span> <span class='ocrx_word' id='word_1_569' title='bbox 2069 5390 2312 5445; x_wconf 83' lang='lat' dir='ltr'><strong>homines</strong></span> 
     </span>
    </p>
   </div>
   <div class='ocr_carea' id='block_1_88' title="bbox 749 5473 2308 5547">
    <p class='ocr_par' dir='ltr' id='par_1_88' title="bbox 749 5473 2308 5547">
     <span class='ocr_line' id='line_1_88' title="bbox 749 5473 2308 5547; baseline 0.003 -19"><span class='ocrx_word' id='word_1_570' title='bbox 749 5473 848 5536; x_wconf 88' lang='lat' dir='ltr'><strong>illi,</strong></span> <span class='ocrx_word' id='word_1_571' title='bbox 901 5489 1079 5529; x_wconf 90' lang='lat' dir='ltr'><strong>rerum</strong></span> <span class='ocrx_word' id='word_1_572' title='bbox 1136 5476 1442 5531; x_wconf 84' lang='lat' dir='ltr'><strong>divinarum</strong></span> <span class='ocrx_word' id='word_1_573' title='bbox 1482 5479 1658 5546; x_wconf 89' lang='lat' dir='ltr'><strong>periti,</strong></span> <span class='ocrx_word' id='word_1_574' title='bbox 1693 5494 1829 5547; x_wconf 84' lang='lat' dir='ltr'><strong>quos</strong></span> <span class='ocrx_word' id='word_1_575' title='bbox 1884 5480 2024 5533; x_wconf 92' lang='lat' dir='ltr'><strong>notis</strong></span> <span class='ocrx_word' id='word_1_576' title='bbox 2077 5481 2125 5534; x_wconf 91' lang='lat' dir='ltr'><strong>in</strong></span> <span class='ocrx_word' id='word_1_577' title='bbox 2162 5480 2308 5533; x_wconf 85' lang='lat' dir='ltr'><strong>vultu</strong></span> 
     </span>
    </p>
   </div>
   <div class='ocr_carea' id='block_1_89' title="bbox 743 5562 2311 5639">
    <p class='ocr_par' dir='ltr' id='par_1_89' title="bbox 743 5562 2311 5639">
     <span class='ocr_line' id='line_1_89' title="bbox 743 5562 2311 5639; baseline 0.003 -20"><span class='ocrx_word' id='word_1_578' title='bbox 743 5562 976 5621; x_wconf 76' lang='lat' dir='ltr'><strong>fwdatos</strong></span> <span class='ocrx_word' id='word_1_579' title='bbox 1027 5565 1192 5621; x_wconf 81' lang='lat' dir='ltr'><strong>fuisse</strong></span> <span class='ocrx_word' id='word_1_580' title='bbox 1242 5568 1503 5632; x_wconf 74' lang='lat' dir='ltr'><strong>diximus,</strong></span> <span class='ocrx_word' id='word_1_581' title='bbox 1550 5585 1646 5639; x_wconf 88' lang='lat' dir='ltr'><strong>per</strong></span> <span class='ocrx_word' id='word_1_582' title='bbox 1687 5571 1796 5624; x_wconf 81' lang='lat' dir='ltr'><strong>vim</strong></span> <span class='ocrx_word' id='word_1_583' title='bbox 1868 5571 2039 5625; x_wconf 89' lang='lat' dir='ltr'><strong>solum</strong></span> <span class='ocrx_word' id='word_1_584' title='bbox 2098 5582 2311 5624; x_wconf 80' lang='lat' dir='ltr'><strong>vertere</strong></span> 
     </span>
    </p>
   </div>
   <div class='ocr_carea' id='block_1_90' title="bbox 742 5660 2309 5732">
    <p class='ocr_par' dir='ltr' id='par_1_90' title="bbox 742 5660 2309 5732">
     <span class='ocr_line' id='line_1_90' title="bbox 742 5660 2309 5732; baseline 0.001 -19"><span class='ocrx_word' id='word_1_585' title='bbox 742 5660 937 5723; x_wconf 84' lang='lat' dir='ltr'><strong>coacti,</strong></span> <span class='ocrx_word' id='word_1_586' title='bbox 993 5661 1264 5729; x_wconf 80' lang='lat' dir='ltr'><strong>piscatore</strong></span> <span class='ocrx_word' id='word_1_587' title='bbox 1335 5663 1570 5732; x_wconf 84' lang='lat' dir='ltr'><strong>quodam</strong></span> <span class='ocrx_word' id='word_1_588' title='bbox 1632 5674 1865 5732; x_wconf 88' lang='lat' dir='ltr'><strong>reperto,</strong></span> <span class='ocrx_word' id='word_1_589' title='bbox 1927 5665 2140 5719; x_wconf 88' lang='lat' dir='ltr'><strong>litteras</strong></span> <span class='ocrx_word' id='word_1_590' title='bbox 2196 5667 2309 5716; x_wconf 87' lang='lat' dir='ltr'><strong>viru</strong></span> 
     </span>
    </p>
   </div>
   <div class='ocr_carea' id='block_1_91' title="bbox 762 5752 2306 5826">
    <p class='ocr_par' dir='ltr' id='par_1_91' title="bbox 762 5752 2306 5826">
     <span class='ocr_line' id='line_1_91' title="bbox 762 5752 2306 5826; baseline 0.005 -23"><span class='ocrx_word' id='word_1_591' title='bbox 762 5758 887 5805; x_wconf 85' lang='lat' dir='ltr'><strong>usto</strong></span> <span class='ocrx_word' id='word_1_592' title='bbox 915 5752 1202 5819; x_wconf 72' lang='lat' dir='ltr'><strong>perbreves</strong></span> <span class='ocrx_word' id='word_1_593' title='bbox 1240 5768 1393 5808; x_wconf 88' lang='lat' dir='ltr'><strong>versu</strong></span> <span class='ocrx_word' id='word_1_594' title='bbox 1436 5754 1670 5811; x_wconf 75' lang='lat' dir='ltr'><strong>iambico</strong></span> <span class='ocrx_word' id='word_1_595' title='bbox 1721 5757 2009 5825; x_wconf 80' lang='lat' dir='ltr'><strong>scripsere,</strong></span> <span class='ocrx_word' id='word_1_596' title='bbox 2056 5772 2190 5826; x_wconf 82' lang='lat' dir='ltr'><strong>quas</strong></span> <span class='ocrx_word' id='word_1_597' title='bbox 2241 5759 2306 5811; x_wconf 85' lang='lat' dir='ltr'><strong>ab</strong></span> 
     </span>
    </p>
   </div>
   <div class='ocr_carea' id='block_1_92' title="bbox 2412 3281 3991 3352">
    <p class='ocr_par' dir='ltr' id='par_1_92' title="bbox 2412 3281 3991 3352">
     <span class='ocr_line' id='line_1_92' title="bbox 2412 3281 3991 3352; baseline 0.008 -18"><span class='ocrx_word' id='word_1_598' title='bbox 2412 3281 2580 3334; x_wconf 84' lang='lat' dir='ltr'><strong>uitam</strong></span> <span class='ocrx_word' id='word_1_599' title='bbox 2612 3283 2828 3347; x_wconf 84' lang='lat' dir='ltr'><strong>urbem,</strong></span> <span class='ocrx_word' id='word_1_600' title='bbox 2861 3284 2912 3338; x_wconf 92' lang='lat' dir='ltr'><strong>in</strong></span> <span class='ocrx_word' id='word_1_601' title='bbox 2944 3297 3131 3339; x_wconf 85' lang='lat' dir='ltr'><strong>monte</strong></span> <span class='ocrx_word' id='word_1_602' title='bbox 3158 3286 3375 3341; x_wconf 90' lang='lat' dir='ltr'><strong>sublimi</strong></span> <span class='ocrx_word' id='word_1_603' title='bbox 3402 3289 3694 3352; x_wconf 85' lang='lat' dir='ltr'><strong>collocare,</strong></span> <span class='ocrx_word' id='word_1_604' title='bbox 3725 3307 3794 3344; x_wconf 83' lang='lat' dir='ltr'><strong>ne</strong></span> <span class='ocrx_word' id='word_1_605' title='bbox 3834 3302 3991 3347; x_wconf 78' lang='lat' dir='ltr'><strong>tanta</strong></span> 
     </span>
    </p>
   </div>
   <div class='ocr_carea' id='block_1_93' title="bbox 2415 3370 3993 3449">
    <p class='ocr_par' dir='ltr' id='par_1_93' title="bbox 2415 3370 3993 3449">
     <span class='ocr_line' id='line_1_93' title="bbox 2415 3370 3993 3449; baseline 0.011 -26"><span class='ocrx_word' id='word_1_606' title='bbox 2415 3370 2606 3434; x_wconf 83' lang='lat' dir='ltr'><strong>virtus,</strong></span> <span class='ocrx_word' id='word_1_607' title='bbox 2634 3370 2798 3427; x_wconf 88' lang='lat' dir='ltr'><strong>veluti</strong></span> <span class='ocrx_word' id='word_1_608' title='bbox 2846 3374 3071 3429; x_wconf 86' lang='lat' dir='ltr'><strong>lucerna</strong></span> <span class='ocrx_word' id='word_1_609' title='bbox 3098 3376 3202 3430; x_wconf 90' lang='lat' dir='ltr'><strong>sub</strong></span> <span class='ocrx_word' id='word_1_610' title='bbox 3244 3379 3443 3443; x_wconf 90' lang='lat' dir='ltr'><strong>modio,</strong></span> <span class='ocrx_word' id='word_1_611' title='bbox 3480 3380 3622 3433; x_wconf 84' lang='lat' dir='ltr'><strong>tristi</strong></span> <span class='ocrx_word' id='word_1_612' title='bbox 3658 3382 3993 3449; x_wconf 71' lang='lat' dir='ltr'><strong>caliginoso-</strong></span> 
     </span>
    </p>
   </div>
   <div class='ocr_carea' id='block_1_94' title="bbox 2409 3464 3991 3545">
    <p class='ocr_par' dir='ltr' id='par_1_94' title="bbox 2409 3464 3991 3545">
     <span class='ocr_line' id='line_1_94' title="bbox 2409 3464 3991 3545; baseline 0.011 -32"><span class='ocrx_word' id='word_1_613' title='bbox 2409 3477 2515 3529; x_wconf 86' lang='lat' dir='ltr'><strong>que</strong></span> <span class='ocrx_word' id='word_1_614' title='bbox 2540 3477 2704 3531; x_wconf 86' lang='lat' dir='ltr'><strong>specu</strong></span> <span class='ocrx_word' id='word_1_615' title='bbox 2729 3464 2939 3531; x_wconf 86' lang='lat' dir='ltr'><strong>abdita,</strong></span> <span class='ocrx_word' id='word_1_616' title='bbox 2970 3466 3185 3522; x_wconf 85' lang='lat' dir='ltr'><strong>lateret.</strong></span> <span class='ocrx_word' id='word_1_617' title='bbox 3223 3467 3600 3526; x_wconf 83' lang='lat' dir='ltr'><strong>Acciditenim</strong></span> <span class='ocrx_word' id='word_1_618' title='bbox 3628 3483 3684 3526; x_wconf 90' lang='lat' dir='ltr'><strong>ut</strong></span> <span class='ocrx_word' id='word_1_619' title='bbox 3707 3473 3991 3545; x_wconf 71' lang='grc' dir='ltr'><strong>’Περιψιιίο</strong></span> 
     </span>
    </p>
   </div>
   <div class='ocr_carea' id='block_1_95' title="bbox 2409 3551 3988 3634">
    <p class='ocr_par' dir='ltr' id='par_1_95' title="bbox 2409 3551 3988 3634">
     <span class='ocr_line' id='line_1_95' title="bbox 2409 3551 3988 3634; baseline 0.01 -29"><span class='ocrx_word' id='word_1_620' title='bbox 2409 3551 2494 3606; x_wconf 87' lang='lat' dir='ltr'><strong>lus</strong></span> <span class='ocrx_word' id='word_1_621' title='bbox 2525 3554 2839 3623; x_wconf 75' lang='lat' dir='ltr'><strong>imperator,</strong></span> <span class='ocrx_word' id='word_1_622' title='bbox 2878 3557 3194 3613; x_wconf 86' lang='lat' dir='ltr'><strong>lectitandis</strong></span> <span class='ocrx_word' id='word_1_623' title='bbox 3224 3559 3375 3614; x_wconf 90' lang='lat' dir='ltr'><strong>libris</strong></span> <span class='ocrx_word' id='word_1_624' title='bbox 3401 3576 3619 3631; x_wconf 84' lang='lat' dir='ltr'><strong>semper</strong></span> <span class='ocrx_word' id='word_1_625' title='bbox 3650 3578 3988 3634; x_wconf 84' lang='lat' dir='ltr'><strong>occupatus,</strong></span> 
     </span>
    </p>
   </div>
   <div class='ocr_carea' id='block_1_96' title="bbox 2407 3644 3986 3724">
    <p class='ocr_par' dir='ltr' id='par_1_96' title="bbox 2407 3644 3986 3724">
     <span class='ocr_line' id='line_1_96' title="bbox 2407 3644 3986 3724; baseline 0.011 -28"><span class='ocrx_word' id='word_1_626' title='bbox 2407 3644 2548 3698; x_wconf 87' lang='lat' dir='ltr'><strong>unde</strong></span> <span class='ocrx_word' id='word_1_627' title='bbox 2630 3644 2867 3702; x_wconf 86' lang='lat' dir='ltr'><strong>alveolos</strong></span> <span class='ocrx_word' id='word_1_628' title='bbox 2920 3648 3163 3703; x_wconf 63' lang='lat' dir='ltr'><strong>scientia</strong></span> <span class='ocrx_word' id='word_1_629' title='bbox 3197 3650 3462 3722; x_wconf 81' lang='lat' dir='ltr'><strong>tingebat,</strong></span> <span class='ocrx_word' id='word_1_630' title='bbox 3516 3656 3986 3724; x_wconf 83' lang='lat' dir='ltr'><strong>quemadmodum</strong></span> 
     </span>
    </p>
   </div>
   <div class='ocr_carea' id='block_1_97' title="bbox 2409 3736 3990 3821">
    <p class='ocr_par' dir='ltr' id='par_1_97' title="bbox 2409 3736 3990 3821">
     <span class='ocr_line' id='line_1_97' title="bbox 2409 3736 3990 3821; baseline 0.009 -33"><span class='ocrx_word' id='word_1_631' title='bbox 2409 3736 2524 3805; x_wconf 89' lang='lat' dir='ltr'><strong>apis</strong></span> <span class='ocrx_word' id='word_1_632' title='bbox 2560 3737 2745 3792; x_wconf 88' lang='lat' dir='ltr'><strong>sedula</strong></span> <span class='ocrx_word' id='word_1_633' title='bbox 2768 3740 2835 3794; x_wconf 90' lang='lat' dir='ltr'><strong>de</strong></span> <span class='ocrx_word' id='word_1_634' title='bbox 2885 3750 3163 3810; x_wconf 89' lang='lat' dir='ltr'><strong>pratorum</strong></span> <span class='ocrx_word' id='word_1_635' title='bbox 3195 3742 3440 3809; x_wconf 83' lang='lat' dir='ltr'><strong>ﬂoribus,</strong></span> <span class='ocrx_word' id='word_1_636' title='bbox 3475 3746 3529 3799; x_wconf 91' lang='lat' dir='ltr'><strong>in</strong></span> <span class='ocrx_word' id='word_1_637' title='bbox 3560 3750 3812 3815; x_wconf 77' lang='lat' dir='ltr'><strong>quzedam</strong></span> <span class='ocrx_word' id='word_1_638' title='bbox 3850 3766 3990 3821; x_wconf 73' lang='lat' dir='ltr'><strong>gry-</strong></span> 
     </span>
    </p>
   </div>
   <div class='ocr_carea' id='block_1_98' title="bbox 2409 3829 3991 3902">
    <p class='ocr_par' dir='ltr' id='par_1_98' title="bbox 2409 3829 3991 3902">
     <span class='ocr_line' id='line_1_98' title="bbox 2409 3829 3991 3902; baseline 0.008 -20"><span class='ocrx_word' id='word_1_639' title='bbox 2409 3830 2529 3898; x_wconf 86' lang='lat' dir='ltr'><strong>phis</strong></span> <span class='ocrx_word' id='word_1_640' title='bbox 2557 3839 2610 3884; x_wconf 91' lang='lat' dir='ltr'><strong>et</strong></span> <span class='ocrx_word' id='word_1_641' title='bbox 2639 3829 2967 3902; x_wconf 80' lang='lat' dir='ltr'><strong>lahyrintltis</strong></span> <span class='ocrx_word' id='word_1_642' title='bbox 2994 3834 3297 3888; x_wconf 81' lang='lat' dir='ltr'><strong>consimilia</strong></span> <span class='ocrx_word' id='word_1_643' title='bbox 3329 3837 3620 3902; x_wconf 87' lang='lat' dir='ltr'><strong>incideret,</strong></span> <span class='ocrx_word' id='word_1_644' title='bbox 3655 3840 3729 3893; x_wconf 89' lang='lat' dir='ltr'><strong>ita</strong></span> <span class='ocrx_word' id='word_1_645' title='bbox 3764 3852 3824 3894; x_wconf 88' lang='lat' dir='ltr'><strong>ut</strong></span> <span class='ocrx_word' id='word_1_646' title='bbox 3853 3844 3991 3895; x_wconf 86' lang='lat' dir='ltr'><strong>dura</strong></span> 
     </span>
    </p>
   </div>
   <div class='ocr_carea' id='block_1_99' title="bbox 2410 3921 3991 3994">
    <p class='ocr_par' dir='ltr' id='par_1_99' title="bbox 2410 3921 3991 3994">
     <span class='ocr_line' id='line_1_99' title="bbox 2410 3921 3991 3994; baseline 0.007 -17"><span class='ocrx_word' id='word_1_647' title='bbox 2410 3921 2594 3978; x_wconf 79' lang='lat' dir='ltr'><strong>istltzec</strong></span> <span class='ocrx_word' id='word_1_648' title='bbox 2618 3926 2772 3994; x_wconf 89' lang='lat' dir='ltr'><strong>quasi</strong></span> <span class='ocrx_word' id='word_1_649' title='bbox 2804 3924 3161 3994; x_wconf 86' lang='lat' dir='ltr'><strong>decorticare,</strong></span> <span class='ocrx_word' id='word_1_650' title='bbox 3185 3942 3247 3982; x_wconf 86' lang='lat' dir='ltr'><strong>ac</strong></span> <span class='ocrx_word' id='word_1_651' title='bbox 3261 3929 3492 3983; x_wconf 87' lang='lat' dir='ltr'><strong>obscura</strong></span> <span class='ocrx_word' id='word_1_652' title='bbox 3512 3930 3795 3986; x_wconf 82' lang='lat' dir='ltr'><strong>illustrare</strong></span> <span class='ocrx_word' id='word_1_653' title='bbox 3825 3949 3991 3988; x_wconf 86' lang='lat' dir='ltr'><strong>nemo</strong></span> 
     </span>
    </p>
   </div>
   <div class='ocr_carea' id='block_1_100' title="bbox 2409 4016 3991 4091">
    <p class='ocr_par' dir='ltr' id='par_1_100' title="bbox 2409 4016 3991 4091">
     <span class='ocr_line' id='line_1_100' title="bbox 2409 4016 3991 4091; baseline 0.009 -26"><span class='ocrx_word' id='word_1_654' title='bbox 2409 4023 2558 4067; x_wconf 85' lang='lat' dir='ltr'><strong>recte</strong></span> <span class='ocrx_word' id='word_1_655' title='bbox 2598 4024 2801 4081; x_wconf 90' lang='lat' dir='ltr'><strong>posset,</strong></span> <span class='ocrx_word' id='word_1_656' title='bbox 2850 4016 3061 4070; x_wconf 83' lang='lat' dir='ltr'><strong>tametsi</strong></span> <span class='ocrx_word' id='word_1_657' title='bbox 3094 4017 3177 4070; x_wconf 89' lang='lat' dir='ltr'><strong>vel</strong></span> <span class='ocrx_word' id='word_1_658' title='bbox 3231 4021 3473 4073; x_wconf 73' lang='lat' dir='ltr'><strong>sexcenti</strong></span> <span class='ocrx_word' id='word_1_659' title='bbox 3511 4025 3652 4089; x_wconf 90' lang='lat' dir='ltr'><strong>apud</strong></span> <span class='ocrx_word' id='word_1_660' title='bbox 3688 4025 3869 4091; x_wconf 85' lang='lat' dir='ltr'><strong>ipsum</strong></span> <span class='ocrx_word' id='word_1_661' title='bbox 3905 4039 3991 4079; x_wconf 81' lang='lat' dir='ltr'><strong>es-</strong></span> 
     </span>
    </p>
   </div>
   <div class='ocr_carea' id='block_1_101' title="bbox 2409 4105 3991 4183">
    <p class='ocr_par' dir='ltr' id='par_1_101' title="bbox 2409 4105 3991 4183">
     <span class='ocr_line' id='line_1_101' title="bbox 2409 4105 3991 4183; baseline 0.008 -26"><span class='ocrx_word' id='word_1_662' title='bbox 2409 4112 2552 4169; x_wconf 87' lang='lat' dir='ltr'><strong>sent,</strong></span> <span class='ocrx_word' id='word_1_663' title='bbox 2595 4105 2855 4159; x_wconf 66' lang='lat' dir='ltr'><strong>doctrina:</strong></span> <span class='ocrx_word' id='word_1_664' title='bbox 2887 4105 3027 4161; x_wconf 81' lang='lat' dir='ltr'><strong>fama</strong></span> <span class='ocrx_word' id='word_1_665' title='bbox 3063 4110 3329 4163; x_wconf 89' lang='lat' dir='ltr'><strong>celebres.</strong></span> <span class='ocrx_word' id='word_1_666' title='bbox 3366 4111 3498 4163; x_wconf 78' lang='lat' dir='ltr'><strong>Cum</strong></span> <span class='ocrx_word' id='word_1_667' title='bbox 3529 4113 3690 4181; x_wconf 77' lang='lat' dir='ltr'><strong>igitur</strong></span> <span class='ocrx_word' id='word_1_668' title='bbox 3745 4117 3991 4183; x_wconf 74' lang='lat' dir='ltr'><strong>impera-</strong></span> 
     </span>
    </p>
   </div>
   <div class='ocr_carea' id='block_1_102' title="bbox 2408 4195 3992 4271">
    <p class='ocr_par' dir='ltr' id='par_1_102' title="bbox 2408 4195 3992 4271">
     <span class='ocr_line' id='line_1_102' title="bbox 2408 4195 3992 4271; baseline 0.007 -23"><span class='ocrx_word' id='word_1_669' title='bbox 2408 4195 2510 4248; x_wconf 91' lang='lat' dir='ltr'><strong>tori</strong></span> <span class='ocrx_word' id='word_1_670' title='bbox 2544 4196 2867 4265; x_wconf 87' lang='lat' dir='ltr'><strong>pertnolesta</strong></span> <span class='ocrx_word' id='word_1_671' title='bbox 2900 4198 3014 4252; x_wconf 45' lang='lat' dir='ltr'><strong>haec</strong></span> <span class='ocrx_word' id='word_1_672' title='bbox 3043 4213 3127 4252; x_wconf 89' lang='lat' dir='ltr'><strong>res</strong></span> <span class='ocrx_word' id='word_1_673' title='bbox 3156 4200 3463 4263; x_wconf 86' lang='lat' dir='ltr'><strong>accideret,</strong></span> <span class='ocrx_word' id='word_1_674' title='bbox 3494 4210 3550 4254; x_wconf 87' lang='lat' dir='ltr'><strong>et</strong></span> <span class='ocrx_word' id='word_1_675' title='bbox 3590 4203 3836 4257; x_wconf 88' lang='lat' dir='ltr'><strong>animum</strong></span> <span class='ocrx_word' id='word_1_676' title='bbox 3872 4206 3992 4271; x_wconf 66' lang='lat' dir='ltr'><strong>ejus</strong></span> 
     </span>
    </p>
   </div>
   <div class='ocr_carea' id='block_1_103' title="bbox 2410 4288 3992 4358">
    <p class='ocr_par' dir='ltr' id='par_1_103' title="bbox 2410 4288 3992 4358">
     <span class='ocr_line' id='line_1_103' title="bbox 2410 4288 3992 4358; baseline 0.008 -18"><span class='ocrx_word' id='word_1_677' title='bbox 2410 4297 2671 4355; x_wconf 75' lang='lat' dir='ltr'><strong>angeret;</strong></span> <span class='ocrx_word' id='word_1_678' title='bbox 2734 4288 2952 4357; x_wconf 86' lang='lat' dir='ltr'><strong>quidam</strong></span> <span class='ocrx_word' id='word_1_679' title='bbox 3015 4303 3080 4343; x_wconf 79' lang='lat' dir='ltr'><strong>ex</strong></span> <span class='ocrx_word' id='word_1_680' title='bbox 3147 4291 3464 4358; x_wconf 79' lang='lat' dir='ltr'><strong>proceribus</strong></span> <span class='ocrx_word' id='word_1_681' title='bbox 3516 4304 3568 4347; x_wconf 88' lang='lat' dir='ltr'><strong>et</strong></span> <span class='ocrx_word' id='word_1_682' title='bbox 3631 4297 3992 4352; x_wconf 75' lang='lat' dir='ltr'><strong>cubiculariis</strong></span> 
     </span>
    </p>
   </div>
   <div class='ocr_carea' id='block_1_104' title="bbox 2410 4378 3991 4450">
    <p class='ocr_par' dir='ltr' id='par_1_104' title="bbox 2410 4378 3991 4450">
     <span class='ocr_line' id='line_1_104' title="bbox 2410 4378 3991 4450; baseline 0.009 -21"><span class='ocrx_word' id='word_1_683' title='bbox 2410 4378 2699 4442; x_wconf 86' lang='lat' dir='ltr'><strong>accedens,</strong></span> <span class='ocrx_word' id='word_1_684' title='bbox 2741 4378 3070 4433; x_wconf 84' lang='lat' dir='ltr'><strong>Methodium</strong></span> <span class='ocrx_word' id='word_1_685' title='bbox 3136 4383 3416 4450; x_wconf 66' lang='lat' dir='ltr'><strong>praedicat,</strong></span> <span class='ocrx_word' id='word_1_686' title='bbox 3457 4385 3710 4439; x_wconf 87' lang='lat' dir='ltr'><strong>indicatis</strong></span> <span class='ocrx_word' id='word_1_687' title='bbox 3767 4387 3991 4444; x_wconf 80' lang='lat' dir='ltr'><strong>dotibus</strong></span> 
     </span>
    </p>
   </div>
   <div class='ocr_carea' id='block_1_105' title="bbox 2413 4468 3991 4543">
    <p class='ocr_par' dir='ltr' id='par_1_105' title="bbox 2413 4468 3991 4543">
     <span class='ocr_line' id='line_1_105' title="bbox 2413 4468 3991 4543; baseline 0.008 -22"><span class='ocrx_word' id='word_1_688' title='bbox 2413 4468 2669 4522; x_wconf 67' lang='lat' dir='ltr'><strong>doctrinae</strong></span> <span class='ocrx_word' id='word_1_689' title='bbox 2707 4471 3105 4538; x_wconf 75' lang='lat' dir='ltr'><strong>magnitudine,</strong></span> <span class='ocrx_word' id='word_1_690' title='bbox 3140 4475 3384 4527; x_wconf 78' lang='lat' dir='ltr'><strong>scientia:</strong></span> <span class='ocrx_word' id='word_1_691' title='bbox 3417 4478 3568 4543; x_wconf 85' lang='lat' dir='ltr'><strong>copia</strong></span> <span class='ocrx_word' id='word_1_692' title='bbox 3597 4480 3881 4543; x_wconf 70' lang='lat' dir='ltr'><strong>expedita,</strong></span> <span class='ocrx_word' id='word_1_693' title='bbox 3934 4492 3991 4534; x_wconf 79' lang='lat' dir='ltr'><strong>et</strong></span> 
     </span>
    </p>
   </div>
   <div class='ocr_carea' id='block_1_106' title="bbox 2415 4557 3987 4632">
    <p class='ocr_par' dir='ltr' id='par_1_106' title="bbox 2415 4557 3987 4632">
     <span class='ocr_line' id='line_1_106' title="bbox 2415 4557 3987 4632; baseline 0.008 -20"><span class='ocrx_word' id='word_1_694' title='bbox 2415 4557 2710 4613; x_wconf 87' lang='lat' dir='ltr'><strong>abundanti</strong></span> <span class='ocrx_word' id='word_1_695' title='bbox 2761 4561 3046 4628; x_wconf 85' lang='lat' dir='ltr'><strong>prudentia</strong></span> <span class='ocrx_word' id='word_1_696' title='bbox 3108 4563 3483 4632; x_wconf 88' lang='lat' dir='ltr'><strong>sapientiaque</strong></span> <span class='ocrx_word' id='word_1_697' title='bbox 3542 4570 3741 4621; x_wconf 82' lang='lat' dir='ltr'><strong>vertice</strong></span> <span class='ocrx_word' id='word_1_698' title='bbox 3782 4571 3987 4624; x_wconf 71' lang='lat' dir='ltr'><strong>cadum</strong></span> 
     </span>
    </p>
   </div>
   <div class='ocr_carea' id='block_1_107' title="bbox 2415 4650 3987 4725">
    <p class='ocr_par' dir='ltr' id='par_1_107' title="bbox 2415 4650 3987 4725">
     <span class='ocr_line' id='line_1_107' title="bbox 2415 4650 3987 4725; baseline 0.005 -22"><span class='ocrx_word' id='word_1_699' title='bbox 2415 4650 2589 4718; x_wconf 80' lang='lat' dir='ltr'><strong>ipsum</strong></span> <span class='ocrx_word' id='word_1_700' title='bbox 2622 4652 2994 4718; x_wconf 72' lang='lat' dir='ltr'><strong>attingentem;</strong></span> <span class='ocrx_word' id='word_1_701' title='bbox 3042 4654 3158 4707; x_wconf 80' lang='lat' dir='ltr'><strong>sive</strong></span> <span class='ocrx_word' id='word_1_702' title='bbox 3197 4654 3479 4719; x_wconf 82' lang='lat' dir='ltr'><strong>divinitus,</strong></span> <span class='ocrx_word' id='word_1_703' title='bbox 3516 4669 3573 4708; x_wconf 94' lang='lat' dir='ltr'><strong>ut</strong></span> <span class='ocrx_word' id='word_1_704' title='bbox 3606 4658 3706 4711; x_wconf 91' lang='lat' dir='ltr'><strong>hoc</strong></span> <span class='ocrx_word' id='word_1_705' title='bbox 3750 4657 3987 4725; x_wconf 78' lang='lat' dir='ltr'><strong>faceret,</strong></span> 
     </span>
    </p>
   </div>
   <div class='ocr_carea' id='block_1_108' title="bbox 2413 4743 3989 4821">
    <p class='ocr_par' dir='ltr' id='par_1_108' title="bbox 2413 4743 3989 4821">
     <span class='ocr_line' id='line_1_108' title="bbox 2413 4743 3989 4821; baseline 0.005 -24"><span class='ocrx_word' id='word_1_706' title='bbox 2413 4752 2751 4809; x_wconf 85' lang='lat' dir='ltr'><strong>commotus;</strong></span> <span class='ocrx_word' id='word_1_707' title='bbox 2781 4745 2894 4797; x_wconf 86' lang='lat' dir='ltr'><strong>sive</strong></span> <span class='ocrx_word' id='word_1_708' title='bbox 2926 4743 3324 4799; x_wconf 82' lang='lat' dir='ltr'><strong>clandestinum</strong></span> <span class='ocrx_word' id='word_1_709' title='bbox 3354 4761 3591 4801; x_wconf 81' lang='lat' dir='ltr'><strong>antorem</strong></span> <span class='ocrx_word' id='word_1_710' title='bbox 3633 4748 3808 4812; x_wconf 83' lang='lat' dir='ltr'><strong>alens,</strong></span> <span class='ocrx_word' id='word_1_711' title='bbox 3853 4765 3989 4821; x_wconf 78' lang='lat' dir='ltr'><strong>erga</strong></span> 
     </span>
    </p>
   </div>
   <div class='ocr_carea' id='block_1_109' title="bbox 2416 4833 3987 4908">
    <p class='ocr_par' dir='ltr' id='par_1_109' title="bbox 2416 4833 3987 4908">
     <span class='ocr_line' id='line_1_109' title="bbox 2416 4833 3987 4908; baseline 0.006 -23"><span class='ocrx_word' id='word_1_712' title='bbox 2416 4833 2587 4886; x_wconf 88' lang='lat' dir='ltr'><strong>virum</strong></span> <span class='ocrx_word' id='word_1_713' title='bbox 2621 4844 2799 4888; x_wconf 85' lang='lat' dir='ltr'><strong>mente</strong></span> <span class='ocrx_word' id='word_1_714' title='bbox 2852 4834 3152 4900; x_wconf 64' lang='lat' dir='ltr'><strong>caelestem,</strong></span> <span class='ocrx_word' id='word_1_715' title='bbox 3186 4846 3239 4889; x_wconf 89' lang='lat' dir='ltr'><strong>et</strong></span> <span class='ocrx_word' id='word_1_716' title='bbox 3266 4838 3485 4891; x_wconf 87' lang='lat' dir='ltr'><strong>numine</strong></span> <span class='ocrx_word' id='word_1_717' title='bbox 3512 4839 3693 4893; x_wconf 79' lang='lat' dir='ltr'><strong>divino</strong></span> <span class='ocrx_word' id='word_1_718' title='bbox 3733 4842 3987 4908; x_wconf 87' lang='lat' dir='ltr'><strong>plenum.</strong></span> 
     </span>
    </p>
   </div>
   <div class='ocr_carea' id='block_1_110' title="bbox 2415 4922 3993 4999">
    <p class='ocr_par' dir='ltr' id='par_1_110' title="bbox 2415 4922 3993 4999">
     <span class='ocr_line' id='line_1_110' title="bbox 2415 4922 3993 4999; baseline 0.004 -21"><span class='ocrx_word' id='word_1_719' title='bbox 2415 4922 2539 4979; x_wconf 66' lang='lat' dir='ltr'><strong>Hac</strong></span> <span class='ocrx_word' id='word_1_720' title='bbox 2586 4926 2879 4993; x_wconf 85' lang='lat' dir='ltr'><strong>imperator</strong></span> <span class='ocrx_word' id='word_1_721' title='bbox 2905 4928 3150 4989; x_wconf 90' lang='lat' dir='ltr'><strong>audiens,</strong></span> <span class='ocrx_word' id='word_1_722' title='bbox 3187 4926 3518 4981; x_wconf 76' lang='lat' dir='ltr'><strong>Methodiun.</strong></span> <span class='ocrx_word' id='word_1_723' title='bbox 3553 4930 3619 4983; x_wconf 89' lang='lat' dir='ltr'><strong>de</strong></span> <span class='ocrx_word' id='word_1_724' title='bbox 3647 4945 3813 4999; x_wconf 80' lang='lat' dir='ltr'><strong>specu</strong></span> <span class='ocrx_word' id='word_1_725' title='bbox 3855 4933 3993 4987; x_wconf 82' lang='lat' dir='ltr'><strong>edu-</strong></span> 
     </span>
    </p>
   </div>
   <div class='ocr_carea' id='block_1_111' title="bbox 2414 5016 3988 5085">
    <p class='ocr_par' dir='ltr' id='par_1_111' title="bbox 2414 5016 3988 5085">
     <span class='ocr_line' id='line_1_111' title="bbox 2414 5016 3988 5085; baseline 0.005 -15"><span class='ocrx_word' id='word_1_726' title='bbox 2414 5024 2581 5078; x_wconf 85' lang='lat' dir='ltr'><strong>ctum,</strong></span> <span class='ocrx_word' id='word_1_727' title='bbox 2607 5030 2703 5068; x_wconf 84' lang='lat' dir='ltr'><strong>ceu</strong></span> <span class='ocrx_word' id='word_1_728' title='bbox 2738 5016 2988 5070; x_wconf 89' lang='lat' dir='ltr'><strong>unionem</strong></span> <span class='ocrx_word' id='word_1_729' title='bbox 3025 5032 3055 5071; x_wconf 90' lang='lat' dir='ltr'><strong>e</strong></span> <span class='ocrx_word' id='word_1_730' title='bbox 3082 5020 3314 5082; x_wconf 89' lang='lat' dir='ltr'><strong>concha,</strong></span> <span class='ocrx_word' id='word_1_731' title='bbox 3357 5019 3508 5073; x_wconf 87' lang='lat' dir='ltr'><strong>sidus</strong></span> <span class='ocrx_word' id='word_1_732' title='bbox 3539 5035 3567 5072; x_wconf 91' lang='lat' dir='ltr'><strong>e</strong></span> <span class='ocrx_word' id='word_1_733' title='bbox 3610 5022 3775 5085; x_wconf 86' lang='lat' dir='ltr'><strong>nube,</strong></span> <span class='ocrx_word' id='word_1_734' title='bbox 3814 5024 3988 5077; x_wconf 66' lang='lat' dir='ltr'><strong>virum</strong></span> 
     </span>
    </p>
   </div>
   <div class='ocr_carea' id='block_1_112' title="bbox 2415 5106 3989 5184">
    <p class='ocr_par' dir='ltr' id='par_1_112' title="bbox 2415 5106 3989 5184">
     <span class='ocr_line' id='line_1_112' title="bbox 2415 5106 3989 5184; baseline 0.006 -24"><span class='ocrx_word' id='word_1_735' title='bbox 2415 5106 2734 5161; x_wconf 87' lang='lat' dir='ltr'><strong>clarissimis</strong></span> <span class='ocrx_word' id='word_1_736' title='bbox 2778 5108 2941 5161; x_wconf 89' lang='lat' dir='ltr'><strong>radiis</strong></span> <span class='ocrx_word' id='word_1_737' title='bbox 2990 5109 3364 5178; x_wconf 70' lang='lat' dir='ltr'><strong>rel&#39;ulgentcm,</strong></span> <span class='ocrx_word' id='word_1_738' title='bbox 3402 5122 3453 5163; x_wconf 89' lang='lat' dir='ltr'><strong>et</strong></span> <span class='ocrx_word' id='word_1_739' title='bbox 3515 5114 3771 5167; x_wconf 85' lang='lat' dir='ltr'><strong>tenebras</strong></span> <span class='ocrx_word' id='word_1_740' title='bbox 3824 5128 3989 5184; x_wconf 51' lang='lat' dir='ltr'><strong>atque</strong></span> 
     </span>
    </p>
   </div>
   <div class='ocr_carea' id='block_1_113' title="bbox 2414 5198 3984 5269">
    <p class='ocr_par' dir='ltr' id='par_1_113' title="bbox 2414 5198 3984 5269">
     <span class='ocr_line' id='line_1_113' title="bbox 2414 5198 3984 5269; baseline 0.004 -17"><span class='ocrx_word' id='word_1_741' title='bbox 2414 5198 2703 5268; x_wconf 75' lang='lat' dir='ltr'><strong>caliginem</strong></span> <span class='ocrx_word' id='word_1_742' title='bbox 2766 5200 3082 5269; x_wconf 66' lang='lat' dir='ltr'><strong>ignorantiae</strong></span> <span class='ocrx_word' id='word_1_743' title='bbox 3135 5203 3546 5267; x_wconf 84' lang='lat' dir='ltr'><strong>discutientem,</strong></span> <span class='ocrx_word' id='word_1_744' title='bbox 3601 5206 3666 5256; x_wconf 87' lang='lat' dir='ltr'><strong>ad</strong></span> <span class='ocrx_word' id='word_1_745' title='bbox 3723 5219 3849 5259; x_wconf 81' lang='lat' dir='ltr'><strong>sese</strong></span> <span class='ocrx_word' id='word_1_746' title='bbox 3905 5221 3984 5258; x_wconf 76' lang='lat' dir='ltr'><strong>re-</strong></span> 
     </span>
    </p>
   </div>
   <div class='ocr_carea' id='block_1_114' title="bbox 2416 5291 3983 5363">
    <p class='ocr_par' dir='ltr' id='par_1_114' title="bbox 2416 5291 3983 5363">
     <span class='ocr_line' id='line_1_114' title="bbox 2416 5291 3983 5363; baseline 0.006 -21"><span class='ocrx_word' id='word_1_747' title='bbox 2416 5300 2571 5344; x_wconf 88' lang='lat' dir='ltr'><strong>vocat</strong></span> <span class='ocrx_word' id='word_1_748' title='bbox 2616 5298 2667 5345; x_wconf 89' lang='lat' dir='ltr'><strong>et</strong></span> <span class='ocrx_word' id='word_1_749' title='bbox 2709 5291 2920 5345; x_wconf 80' lang='lat' dir='ltr'><strong>invitat.</strong></span> <span class='ocrx_word' id='word_1_750' title='bbox 2960 5291 3201 5360; x_wconf 81' lang='lat' dir='ltr'><strong>Cumque</strong></span> <span class='ocrx_word' id='word_1_751' title='bbox 3238 5304 3453 5362; x_wconf 75' lang='lat' dir='ltr'><strong>gustum</strong></span> <span class='ocrx_word' id='word_1_752' title='bbox 3497 5296 3691 5363; x_wconf 74' lang='lat' dir='ltr'><strong>lingum</strong></span> <span class='ocrx_word' id='word_1_753' title='bbox 3724 5296 3983 5351; x_wconf 61' lang='lat' dir='ltr'><strong>iletbodii</strong></span> 
     </span>
    </p>
   </div>
   <div class='ocr_carea' id='block_1_115' title="bbox 2414 5382 3985 5455">
    <p class='ocr_par' dir='ltr' id='par_1_115' title="bbox 2414 5382 3985 5455">
     <span class='ocr_line' id='line_1_115' title="bbox 2414 5382 3985 5455; baseline 0.006 -21"><span class='ocrx_word' id='word_1_754' title='bbox 2414 5384 2778 5452; x_wconf 83' lang='lat' dir='ltr'><strong>percepisset,</strong></span> <span class='ocrx_word' id='word_1_755' title='bbox 2813 5382 3018 5437; x_wconf 87' lang='lat' dir='ltr'><strong>homini</strong></span> <span class='ocrx_word' id='word_1_756' title='bbox 3054 5387 3321 5455; x_wconf 70' lang='lat' dir='ltr'><strong>prteclaro</strong></span> <span class='ocrx_word' id='word_1_757' title='bbox 3370 5388 3420 5439; x_wconf 91' lang='lat' dir='ltr'><strong>in</strong></span> <span class='ocrx_word' id='word_1_758' title='bbox 3467 5387 3611 5455; x_wconf 80' lang='lat' dir='ltr'><strong>regia</strong></span> <span class='ocrx_word' id='word_1_759' title='bbox 3647 5388 3985 5444; x_wconf 84' lang='lat' dir='ltr'><strong>domicilium</strong></span> 
     </span>
    </p>
   </div>
   <div class='ocr_carea' id='block_1_116' title="bbox 2414 5476 3983 5551">
    <p class='ocr_par' dir='ltr' id='par_1_116' title="bbox 2414 5476 3983 5551">
     <span class='ocr_line' id='line_1_116' title="bbox 2414 5476 3983 5551; baseline 0.004 -24"><span class='ocrx_word' id='word_1_760' title='bbox 2414 5476 2688 5541; x_wconf 74' lang='lat' dir='ltr'><strong>assignat;</strong></span> <span class='ocrx_word' id='word_1_761' title='bbox 2723 5476 3079 5544; x_wconf 88' lang='lat' dir='ltr'><strong>eumdentqne</strong></span> <span class='ocrx_word' id='word_1_762' title='bbox 3114 5487 3363 5547; x_wconf 75' lang='lat' dir='ltr'><strong>tanquam</strong></span> <span class='ocrx_word' id='word_1_763' title='bbox 3408 5479 3587 5548; x_wconf 83' lang='lat' dir='ltr'><strong>magni</strong></span> <span class='ocrx_word' id='word_1_764' title='bbox 3627 5495 3741 5533; x_wconf 88' lang='lat' dir='ltr'><strong>rem</strong></span> <span class='ocrx_word' id='word_1_765' title='bbox 3802 5483 3983 5551; x_wconf 64' lang='lat' dir='ltr'><strong>pretii,</strong></span> 
     </span>
    </p>
   </div>
   <div class='ocr_carea' id='block_1_117' title="bbox 2413 5568 3981 5638">
    <p class='ocr_par' dir='ltr' id='par_1_117' title="bbox 2413 5568 3981 5638">
     <span class='ocr_line' id='line_1_117' title="bbox 2413 5568 3981 5638; baseline 0.005 -17"><span class='ocrx_word' id='word_1_766' title='bbox 2413 5582 2790 5637; x_wconf 73' lang='lat' dir='ltr'><strong>gentmatnque</strong></span> <span class='ocrx_word' id='word_1_767' title='bbox 2836 5568 3209 5638; x_wconf 89' lang='lat' dir='ltr'><strong>splendidam,</strong></span> <span class='ocrx_word' id='word_1_768' title='bbox 3246 5571 3577 5637; x_wconf 88' lang='lat' dir='ltr'><strong>rutilantem,</strong></span> <span class='ocrx_word' id='word_1_769' title='bbox 3626 5572 3889 5638; x_wconf 86' lang='lat' dir='ltr'><strong>lucidam,</strong></span> <span class='ocrx_word' id='word_1_770' title='bbox 3933 5578 3981 5629; x_wconf 90' lang='lat' dir='ltr'><strong>in</strong></span> 
     </span>
    </p>
   </div>
   <div class='ocr_carea' id='block_1_118' title="bbox 2415 5660 3979 5732">
    <p class='ocr_par' dir='ltr' id='par_1_118' title="bbox 2415 5660 3979 5732">
     <span class='ocr_line' id='line_1_118' title="bbox 2415 5660 3979 5732; baseline 0.005 -19"><span class='ocrx_word' id='word_1_771' title='bbox 2415 5661 2683 5714; x_wconf 86' lang='lat' dir='ltr'><strong>thesauris</strong></span> <span class='ocrx_word' id='word_1_772' title='bbox 2725 5660 3212 5717; x_wconf 89' lang='lat' dir='ltr'><strong>innumerabilibus</strong></span> <span class='ocrx_word' id='word_1_773' title='bbox 3242 5674 3295 5716; x_wconf 87' lang='lat' dir='ltr'><strong>et</strong></span> <span class='ocrx_word' id='word_1_774' title='bbox 3343 5664 3642 5719; x_wconf 88' lang='lat' dir='ltr'><strong>inaccessis</strong></span> <span class='ocrx_word' id='word_1_775' title='bbox 3686 5666 3979 5732; x_wconf 78' lang='lat' dir='ltr'><strong>Collocans,</strong></span> 
     </span>
    </p>
   </div>
   <div class='ocr_carea' id='block_1_119' title="bbox 2415 5752 3974 5825">
    <p class='ocr_par' dir='ltr' id='par_1_119' title="bbox 2415 5752 3974 5825">
     <span class='ocr_line' id='line_1_119' title="bbox 2415 5752 3974 5825; baseline 0.006 -19"><span class='ocrx_word' id='word_1_776' title='bbox 2415 5765 2577 5821; x_wconf 83' lang='lat' dir='ltr'><strong>atque</strong></span> <span class='ocrx_word' id='word_1_777' title='bbox 2605 5752 2917 5822; x_wconf 85' lang='lat' dir='ltr'><strong>frequenter</strong></span> <span class='ocrx_word' id='word_1_778' title='bbox 2946 5755 3194 5811; x_wconf 80' lang='lat' dir='ltr'><strong>assidens</strong></span> <span class='ocrx_word' id='word_1_779' title='bbox 3224 5755 3339 5812; x_wconf 75' lang='lat' dir='ltr'><strong>Nilo</strong></span> <span class='ocrx_word' id='word_1_780' title='bbox 3366 5757 3437 5812; x_wconf 90' lang='lat' dir='ltr'><strong>illi</strong></span> <span class='ocrx_word' id='word_1_781' title='bbox 3472 5757 3726 5825; x_wconf 84' lang='lat' dir='ltr'><strong>auriﬂuo,</strong></span> <span class='ocrx_word' id='word_1_782' title='bbox 3772 5772 3826 5815; x_wconf 86' lang='lat' dir='ltr'><strong>et</strong></span> <span class='ocrx_word' id='word_1_783' title='bbox 3861 5760 3974 5814; x_wconf 79' lang='lat' dir='ltr'><strong>dui—</strong></span> 
     </span>
    </p>
   </div>
  </div>
