4200 6430
182 382 199 407 '
233 406 372 469 1265

1741 407 1936 467 VITA-

3340 397 3473 462 1266

229 514 471 576 «issit-ds
502 521 656 591 aquis
691 520 910 591 largiter
944 519 1254 576 hauriebat.
1293 539 1313 572 ι
1353 518 1474 575 llaec
1499 518 1794 581 Manass-‘s,
1830 530 1872 584 Α
1904 520 2066 575 rt-fert
2093 538 2106 583 ;
2137 520 2419 588 additque,
2453 518 2597 572 domi
2628 531 2735 571 suae
2764 527 2958 569 aurum
2998 512 3049 566 in
3075 508 3289 566 sacculo
3323 526 3473 578 repr-

230 628 357 681 qua:
390 611 592 682 Glycas
623 613 840 665 brevius
870 621 1072 667 narrat.

307 703 361 758 6.
392 702 673 756 Eetlt‘cnus
716 702 883 764 addit,
917 716 944 753 a
978 700 1277 770 Theophila
1306 700 1467 756 etiam
1500 698 1564 752 ad
1596 697 1811 768 expedi-

234 794 439 846 tionem
486 792 732 846 bellicam
787 792 1046 846 eductum
1090 808 1103 845 :
1144 809 1163 841 ι
1201 790 1469 845 Revocato
1505 789 1571 843 ab
1596 788 1806 850 exsilio,

233 880 438 951 Inquit,
474 881 688 951 sibique
732 880 987 948 adjuncto
1018 892 1207 935 sancto
1240 879 1532 943 Methodio,
1562 881 1613 933 in
1643 879 1809 933 Sara-

232 990 411 1030 cenos
460 984 661 1031 movet.
702 973 923 1029 Solebat
956 974 1057 1027 hoc
1106 973 1157 1026 in
1200 972 1351 1026 hellis
1381 970 1652 1035 factitare,
1696 970 1810 1024 sive

228 1080 351 1137 quo
380 1065 492 1131 ejus
526 1067 791 1135 sapientia
817 1066 870 1118 in
901 1062 1085 1117 multis
1117 1063 1365 1118 obscuris
1396 1072 1558 1131 atque
1582 1044 1809 1116 intrica-

239 1154 318 1211 tis
347 1157 510 1210 rebus
538 1146 874 1225 explicandis
919 1162 1187 1218 uteretur,
1232 1154 1346 1209 sive
1390 1154 1443 1206 id
1473 1168 1692 1219 cavens,
1743 1167 1811 1207 ne

241 1245 594 1301 rebellionem
643 1247 689 1301 is
734 1262 793 1300 se
837 1246 1061 1301 absente
1113 1247 1347 1315 aliquam
1379 1246 1698 1308 concitaret,
1742 1244 1811 1298 ob

243 1348 527 1390 sacrarum
573 1336 865 1405 imaginum
901 1336 1299 1391 amolitiouem.
1331 1335 1469 1390 Nam
1493 1336 1690 1390 civium
1716 1335 1807 1405 qui

242 1433 403 1476 erant
430 1426 680 1492 ντίυεῑιιιιί
714 1436 872 1492 atque
901 1440 1025 1494 erga
1062 1427 1228 1481 Deum
1262 1428 1357 1496 pii,
1384 1440 1577 1495 magno
1617 1426 1668 1479 in
1708 1426 1803 1479 ho-

246 1528 382 1567 nore
441 1515 711 1570 habebant
764 1516 1095 1571 Methodium
1135 1535 1147 1572 :
1182 1518 1364 1587 itaque
1400 1534 1525 1570 curn
1588 1526 1708 1586 post
1753 1531 1837 1571 se'

246 1604 574 1673 relinquere,
614 1608 924 1677 imperatori
971 1610 1272 1664 consultum
1311 1623 1415 1662 non
1448 1609 1747 1662 videbatur.
1787 1625 1805 1658 ι

318 1693 371 1746 7.
415 1694 538 1750 Ilaec
576 1684 668 1750 ibi.
700 1697 908 1754 Mortuo
949 1702 1047 1754 sub
1090 1715 1290 1753 annum
1331 1699 1438 1754 842
1478 1697 1808 1769 Theopltilo,

244 1783 393 1839 filius
418 1786 536 1854 ejus
565 1786 787 1841 Michael
814 1806 916 1844 una
950 1807 1072 1845 cum
1103 1802 1287 1846 sancta
1322 1790 1600 1846 Theodora
1639 1801 1811 1846 matre

244 1877 516 1946 regnavit.
538 1876 687 1933 Tunc
712 1898 730 1931 ι
761 1879 1001 1937 Joannes
1028 1883 1566 1952 pseudo-patriarcha
1590 1883 1812 1950 ejusque
1843 1860 1884 1916 Β

244 1968 404 2031 socii,
448 1967 516 2023 de
573 1984 671 2025 suo
730 1973 991 2040 regimine
1037 1974 1252 2042 dejecti,
1290 1975 1464 2044 inquit
1513 1973 1809 2037 Cedrenus,

243 2073 354 2112 non
385 2073 445 2113 se
495 2059 902 2126 continuerunt,
934 2063 1063 2132 quin
1106 2073 1162 2116 et
1211 2075 1398 2117 contra
1443 2079 1630 2118 sacras
1682 2063 1816 2117 ima-

244 2148 402 2218 gines
455 2150 661 2218 aliquid
708 2153 882 2206 adlmc
936 2152 1276 2216 molirentur,
1333 2163 1387 2208 et
1439 2155 1541 2220 piis
1596 2155 1814 2210 insidias

244 2249 541 2293 strui-rent.
584 2239 704 2307 Quo
738 2244 902 2295 etiam
959 2245 1119 2297 modo
1164 2244 1570 2315 integerrimum
1614 2245 1814 2301 Metho-

245 2331 395 2382 dium
448 2330 716 2386 calmnnia
757 2336 1188 2402 circumvenire,
1244 2347 1299 2391 et
1343 2352 1484 2391 verat
1543 2338 1816 2408 religionis

246 2421 545 2511 cultoribus
589 2421 828 2478 dolorem
867 2424 1058 2479 aﬂerre
1088 2430 1264 2481 conati
1302 2437 1448 2483 sunt.
1495 2425 1603 2482 Res
1647 2442 1709 2481 ea
1742 2429 1815 2482 ita

246 2520 388 2564 acta.
434 2511 710 2566 Mulierem
769 2516 1055 2584 quamdam
1093 2516 1110 2586 (
1153 2528 1323 2572 mater
1364 2533 1426 2572 ea
1483 2518 1583 2572 fuit
1618 2518 1815 2573 Metro-

246 2600 475 2668 phanis,
524 2601 613 2671 qui
664 2612 849 2671 postea
903 2604 1155 2676 Smyrna:
1212 2609 1406 2677 pracsul
1473 2611 1646 2664 factus
1711 2607 1814 2678 est)

249 2690 421 2743 multo
453 2707 585 2746 auro
630 2694 1223 2768 pollicitationibusque
1274 2709 1586 2770 corruptam
1628 2700 1818 2754 subor-

259 2792 413 2845 ttanl,
446 2799 563 2850 qum
589 2785 843 2853 Augusta:
881 2796 935 2843 et
975 2789 1321 2857 imperatoris
1356 2793 1625 2846 tutoribus
1670 2791 1816 2845 dice-

250 2882 358 2933 ret,
401 2885 430 2924 a
493 2872 764 2931 tilethodio
812 2892 871 2932 se
921 2892 1040 2934 esse
1078 2892 1400 2951 stupratam.
1441 2883 1636 2937 Statim
1691 2897 1819 2950 ergo

266 2962 510 3016 terribile
536 2965 799 3033 judicium
834 2984 848 3022 :
899 2970 1146 3025 civilibus
1168 2982 1223 3026 et
1254 2974 1485 3028 sacratis
1510 2974 1820 3031 hominibus

252 3051 466 3118 cogitur
504 3056 797 3110 concilium
831 3075 843 3110 :
889 3068 1065 3112 astant
1099 3062 1195 3129 pii,
1248 3064 1520 3117 tumstitix
1543 3074 1598 3119 et
1618 3066 1820 3121 doloris

253 3142 402 3210 pleni
433 3160 446 3198 :
482 3159 588 3197 non
635 3145 831 3200 absunt
875 3149 1053 3219 impii,
1107 3152 1342 3208 dedecus
1379 3155 1519 3207 haud
1566 3157 1817 3225 exiguum

253 3245 322 3285 ex
344 3247 406 3285 ea
440 3234 653 3288 actione
683 3237 1027 3292 conciliatum
1064 3241 1127 3294 iri
1157 3240 1367 3310 piorum
1393 3245 1553 3298 emitti
1596 3261 1821 3315 speran-

259 3331 363 3375 tes.
401 3322 669 3378 Prodcunt
720 3327 1134 3385 calumniatores
1183 3333 1381 3387 animis
1441 3336 1646 3400 inflati,
1679 3336 1821 3406 quod

253 3416 465 3467 crimen
502 3415 553 3467 id
587 3416 638 3469 in
671 3431 921 3487 promptu
967 3423 1166 3476 habere
1198 3426 1540 3490 probationes
1575 3426 1819 3494 fiderent,

254 3506 517 3574 producta
554 3507 605 3559 in
646 3510 877 3562 medium
913 3496 1252 3578 tuuliErcula,
1288 3530 1406 3584 qam
1433 3530 1495 3569 ex
1521 3518 1821 3587 composito

248 3596 524 3665 judieibus
554 3613 666 3652 rem
704 3611 971 3656 narraret.
1011 3602 1227 3693 J'udices
1262 3622 1390 3674 ergo
1429 3617 1483 3661 et
1520 3609 1821 3684 praecipuus

256 3686 468 3741 Maurici
510 3689 678 3757 (tutor
709 3706 771 3745 ac
815 3686 1123 3747 moderator
1148 3696 1421 3751 Michaelis
1454 3699 1817 3769 imperatoris)

257 3778 397 3829 tristi
434 3779 578 3831 vultu
606 3782 864 3843 assident,
899 3784 1113 3852 indigne
1145 3783 1378 3841 ferentes
1444 3790 1602 3842 unitas
1639 3790 1819 3841 homi-

254 3864 351 3922 nis
378 3870 529 3938 culpa
566 3880 765 3924 emtum
799 3872 1007 3940 piorum
1046 3875 1095 3927 in
1140 3876 1436 3942 periculum
1474 3877 1687 3931 ludibrii
1729 3893 1823 3931 ve-

257 3961 396 4013 nire.
447 3963 573 4026 Utlil‘
620 3963 801 4015 omnia
831 3965 1074 4019 sentiens
1135 3965 1454 4032 Methodius,
1511 3982 1565 4023 ut
1611 3981 1662 4024 et
1700 3986 1822 4039 spes

255 4051 546 4118 impiorum
580 4062 634 4106 et
681 4055 891 4122 piorum
944 4056 1320 4123 a'gritudinem
1367 4060 1824 4133 aboleret,ucque

256 4140 510 4196 Ecclesia:
535 4153 677 4196 esset
709 4144 843 4214 lapis
865 4144 1178 4204 offensionis
1200 4189 1217 4213 ,
1251 4150 1384 4203 nihil
1419 4152 1821 4209 multitudinem

255 4234 503 4286 I'CVt'l'itlS
536 4271 553 4297 ,
590 4236 749 4289 homo
780 4234 925 4290 ouini
960 4241 1266 4293 reverentia
1312 4251 1477 4311 atque
1508 4244 1712 4300 honore
1742 4247 1824 4299 di-

255 4324 576 4392 gnissimus,
602 4327 654 4379 in
691 4338 981 4395 conspectu
1005 4331 1242 4384 omnium
1274 4333 1521 4399 pudenda
1555 4336 1818 4391 nudavit:

255 4428 382 4481 quae
421 4430 584 4467 nemo
608 4431 711 4468 nou
746 4416 958 4470 \idebat
983 4418 1171 4472 morbo
1203 4422 1433 4489 quodam
1464 4425 1816 4491 emarcuissc,

1912 610 2156 665 riendum
2215 610 2282 666 iri
2337 610 2565 679 quadam
2613 606 2807 681 arcula
2856 602 3111 659 lrutnenti
3169 601 3371 669 plena:
3420 609 3475 656 et

1913 707 2112 759 missus
2142 718 2207 757 eo
2232 702 2527 757 satellitum
2561 700 2802 770 quidam,
2831 712 3019 751 aurum
3053 694 3236 749 statim
3269 691 3473 756 attulit,

1910 798 2229 864 dctectaque
2260 810 2346 850 res
2373 803 2482 848 tota
2508 802 2611 849 est.
2638 791 2917 847 Dedissent
2950 802 3080 855 ergo
3107 788 3297 857 dignas
3333 783 3476 839 faei-

1912 893 2062 946 noris
2089 890 2173 946 sui
2201 904 2388 959 pinnas
2414 888 2856 951 calumniatores,
2883 886 2984 939 nisi
3014 882 3337 962 Stelliodius,
3367 894 3473 949 qua

1910 988 2027 1034 erat
2058 977 2529 1048 patientia,’unam
2568 976 2707 1031 hanc
2744 975 3006 1029 ultionem
3043 970 3263 1041 petisset
3287 1010 3302 1033 ,
3338 984 3474 1040 quo-

1914 1071 2092 1125 tannis
2123 1070 2347 1125 solemni
2373 1067 2799 1125 ortbodoxorum
2825 1074 3098 1120 conventu
3135 1061 3236 1119 sibi
3266 1062 3474 1128 liceret,

1915 1178 1944 1217 a
1998 1162 2341 1217 sanctissimo
2400 1158 2600 1229 templo
2655 1157 2904 1229 Dciparte
2959 1133 3352 1210 BlachernEnsi
3410 1151 3477 1205 ad

1916 1253 2131 1308 Sancta:
2162 1250 2379 1321 Sapinia:
2403 1221 2662 1321 templum
2687 1221 3105 1317 prielttcentibus
3137 1245 3348 1299 facibus
3372 1243 3473 1304 ire,

1912 1352 1965 1398 et
2019 1342 2073 1395 in
2128 1341 2363 1411 ipsorqu
2404 1354 2565 1393 aures
2620 1335 3031 1392 detestationem
3086 1333 3407 1387 obnuntiare
3456 1347 3471 1384 ε

1913 1434 2055 1503 quod
2082 1442 2135 1487 et
2165 1446 2257 1499 per
2285 1446 2503 1487 omnem
2526 1443 2714 1481 eorum
2746 1428 2908 1481 vitam
2938 1423 3247 1501 factitatum
3276 1430 3379 1476 est.

2531 1538 2759 1595 CAPUT
2794 1539 2858 1595 ll.

1915 1663 1981 1719 In
1998 1667 2354 1732 patriarcfmtu
2374 1664 2638 1732 cicatrices
2657 1671 2893 1714 serram.
2914 1657 3124 1712 Festum
3146 1655 3481 1732 Ortltodoait'tr

1981 1724 2301 1789 ordinatum.
2363 1730 2639 1784 Translata
2693 1747 2912 1794 carpam
2960 1736 3260 1781 sanctorum
3312 1724 3481 1778 Tlteo~

1986 1805 2105 1859 dari
2137 1802 2365 1858 δικαίως
2402 1812 2449 1879 et
2500 1799 2782 1879 Nic-ephori
2827 1798 3169 1879 putriafclue.
3215 1796 3481 1879 constitu-

1981 1877 2145 1927 tiones
2183 1876 2357 1927 editae.
2408 1870 2534 1925 Vua:
2584 1872 2782 1940 aliquot
2827 1864 3144 1923 sanctorum
3169 1875 3215 1921 et
3247 1864 3479 1918 Iratnilt'a'

1981 1945 2209 2010 scriptte.

1983 2056 2038 2111 9.
2079 2053 2366 2110 Praemissa
2402 2049 2668 2120 superiori
2702 2047 2880 2119 capite
2926 2061 2993 2102 ex
3034 2044 3305 2108 Cedreno,
3352 2042 3481 2098 licet

1914 2158 2031 2203 acta
2079 2146 2207 2201 sint"
2235 2154 2519 2214 postquam
2562 2141 2869 2212 patriarcha
2914 2140 2966 2193 in
3021 2137 3195 2193 locum
3249 2135 3478 2206 depositi

1913 2235 2139 2291 Joannis
2168 2233 2276 2303 jam
2305 2242 2448 2289 esset
2481 2233 2766 2285 ordinatus
2796 2228 3119 2293 Methodius,
3156 2226 3483 2296 praemittere

1917 2340 2093 2383 tamen
2142 2325 2469 2381 ordioationi
2512 2324 2631 2394 ejus
2676 2322 2862 2386 malui,
2916 2331 2973 2375 ut
3023 2335 3142 2390 quae
3185 2320 3236 2373 in
3268 2331 3482 2373 summo

1918 2422 2015 2477 illo
2044 2420 2211 2490 gradu
2256 2419 2407 2489 egit,
2456 2416 2510 2470 in
2558 2415 2788 2469 alterum
2838 2414 2938 2466 hoc
2969 2422 3134 2480 caput
3166 2396 3483 2500 Iordinatins

1916 2513 2317 2581 colligerentur.
2351 2508 2508 2563 Prius
2533 2523 2659 2577 ergo
2690 2521 2847 2575 quam
2875 2504 2964 2558 illa
3003 2505 3142 2574 apud
3171 2501 3473 2556 Cedrenum

1919 2600 2362 2674 leganturpapud
2402 2599 2649 2655 eumdem
2686 2597 2947 2659 occurrit,
2982 2595 3250 2665 quomodo
3286 2600 3477 2647 sancta

1918 2695 2200 2752 Theodora
2253 2691 2565 2762 imperatrix
2602 2691 2654 2745 in
2709 2689 2889 2745 locum
2924 2688 3118 2759 dejecti
3156 2684 3351 2742 Januis
3381 2684 3484 2756 (sie

1917 2803 1947 2843 a
1986 2787 2088 2856 piis
2140 2784 2336 2852 impius
2380 2783 2692 2849 vocabatur)
2724 2790 2973 2834 sanetum
3001 2787 3054 2833 et
3092 2779 3334 2831 divinum
3362 2775 3474 2828 Me-

1920 2878 2163 2933 thodium
2191 2877 2516 2939 introduxit,
2559 2874 2649 2943 qui
2681 2874 2858 2927 adhuc
2889 2870 3247 2926 confessionis
3281 2882 3393 2922 suae
3428 2875 3483 2922 et

1918 2968 1989 3025 ob
2013 2982 2132 3023 eam
2165 2966 2375 3022 tolerati
2419 2963 2671 3033 supplicii
2697 2972 2853 3017 notas
2884 2962 2936 3016 in
2970 2976 3136 3015 carne
3176 2974 3271 3015 sua
3300 2966 3483 3027 gesta-

1919 3059 2012 3113 bat
2043 3060 2339 3113 :omnibus
2390 3058 2496 3125 piis
2524 3095 2539 3121 ,
2572 3053 2971 3117 sacerdotibus,
2999 3051 3153 3105 laicis
3186 3066 3249 3103 ac
3297 3063 3484 3103 mona—

1921 3144 2061 3208 chis,
2108 3155 2164 3197 et
2207 3143 2274 3197 iis
2321 3144 2484 3198 etiam
2515 3142 2605 3211 qui
2653 3141 2708 3194 in
2755 3141 3030 3194 montibus
3067 3139 3482 3198 exercebantur,

1924 3248 2136 3287 summo
2168 3248 2289 3287 cum
2326 3233 2523 3300 gaudio
2558 3232 2675 3301 ejus
2710 3230 3138 3327 designatinicm
3176 3230 3483 3299 approban-

1924 3326 2089 3391 tibus,
2126 3340 2187 3378 ac
2218 3322 2507 3387 confertim
2554 3325 2609 3378 in
2657 3324 2844 3377 urbem
2875 3322 3239 3383 venientibus,
3273 3334 3490 3388 unoque

1922 3429 2016 3468 ore
2074 3415 2318 3469 haeresim
2349 3392 2801 3468 leouoclastai'um
2834 3412 3228 3466 damnantibus
3283 3420 3489 3462 :etcrno

1921 3506 2283 3560 anathemate.
2322 3505 2436 3560 lloc
2468 3504 2786 3573 pricelarum
2827 3503 3037 3557 facinus
3079 3485 3280 3571 inclyta
3311 3498 3490 3553 'lheo-

1922 3602 2057 3656 dora
2107 3608 2163 3650 et
2212 3597 2353 3651 filius
2396 3596 2553 3651 initio
2586 3596 2797 3665 imperii
2832 3596 2912 3648 sui
2950 3595 3258 3656 ediderunt,
3317 3592 3490 3661 inquit

1922 3690 2224 3745 Cedrenus.
2271 3688 2609 3742 Coostitntus
2643 3697 2726 3739 est
2770 3702 2899 3753 ergo
2928 3687 3230 3755 patriarcha
3266 3695 3489 3739 sant-tus

1925 3778 2227 3843 Methodius
2281 3790 2422 3829 anno
2457 3775 2582 3829 Sta.
2627 3774 2774 3841 Quas
2822 3791 2949 3829 vero
2981 3773 3339 3829 confessionis
3379 3788 3490 3827 sua;

1926 3880 2079 3924 notas
2132 3878 2352 3923 sanctus
2404 3866 2707 3923 Methodius
2757 3869 2808 3921 in
2858 3882 3088 3937 corpore
3118 3865 3363 3935 gestarit,
3407 3865 3491 3917 his

1926 3959 2104 4012 verbis
2144 3957 2412 4027 explanatl
2446 3955 2641 4026 Glycas
2676 3978 2687 4013 :
2737 3956 2870 4024 Quia
2925 3936 3109 4019 inulte,
3150 3965 3373 4025 prepter
3399 3968 3489 4007 sa-

1924 4065 2139 4104 crarum
2189 4049 2481 4119 imaginum
2543 4050 3059 4118 propugnationem,
3107 4047 3492 4102 contundendo

1924 4139 2063 4194 laesa:
2088 4139 2383 4210 soluta:th
2410 4140 2629 4194 fuerunt
2654 4156 2682 4193 a
2710 4140 3030 4210 Tthpbilo,
3061 4150 3183 4210 post
3205 4140 3490 4208 septimam

1924 4228 2188 4301 synodum
2238 4230 2679 4295 \situulacrorum
2739 4234 3083 4286 eversionem
3153 4240 3488 4294 renovaute;

1925 4335 2146 4375 necesse
2171 4321 2420 4385 habebat,
2454 4331 2510 4375 ut
2552 4337 2647 4377 eas
2682 4323 2826 4376 tenui
2874 4323 3104 4411 quadam
3145 4320 3310 4376 fascia
3348 4319 3489 4374 linea

1923 4410 2203 4480 obligaret.
2244 4410 2435 4474 Unde,
2478 4426 2592 4465 mea
2648 4413 2863 4481 quidem
2920 4410 3209 4478 sententia,
3245 4428 3359 4466 mos
3411 4410 3493 4468 in'-

254 4504 513 4573 omnique
559 4507 793 4559 naturali
836 4508 887 4560 vi
918 4524 1040 4562 esse
1087 4511 1316 4578 privata.
1356 4510 1566 4567 Pudore
1606 4516 1709 4571 hoc
1747 4517 1824 4571 fa-
1853 4527 1897 4586 ο
1920 4504 2113 4569 ὀΙθνίιν
2149 4502 2437 4571 ιιοάίρίιυρ.
2464 4502 2689 4566 ἀητθιιει
2727 4514 2783 4557 ιιι
2811 4504 3090 4573 βοηῑίίῖεθε
3124 4504 3191 4560 ιιι)
3220 4504 3492 4559 “Nerio”,

255 4608 405 4687 ctum
455 4596 697 4663 epplevit
744 4598 1161 4655 calumniatores
1210 4610 1262 4657 et
1308 4593 1818 4675 malisvgaudentes,

255 4688 379 4754 pios
431 4698 610 4741 autem
648 4688 830 4743 ltnlitia
883 4708 895 4744 :
941 4693 1031 4759 qui
1070 4693 1275 4759 ingenti
1325 4709 1447 4749 curn
1484 4696 1679 4764 gaudio
1716 4697 1825 4752 Me-

258 4778 504 4830 thodium
555 4779 856 4847 cingentes,
893 4782 1202 4837 salutabant
1237 4796 1396 4856 atque
1422 4789 1825 4855 amplecteban-

182 4942 189 4949 ἱ
258 4878 369 4931 tur,
417 4884 589 4938 neque
624 4872 895 4927 habebant
957 4878 1226 4944 quomodo
1282 4879 1545 4949 voluptati
1593 4896 1703 4983 s'uae
1734 4896 1823 4935 sa-

257 4960 479 4983 .:,.f.--_
518 4975 567 4983 ι.

257 4960 641 5018 tisfacerrnt...
678 4983 697 5016 ι

331 5051 386 5107 8.
424 5051 653 5108 Michael
699 5054 1019 5124 imperator,
1055 5057 1451 5113 intolerabilem
1493 5060 1631 5115 hanc
1673 5061 1823 5116 frau-

255 5144 381 5198 dem
431 5143 708 5212 judicans,
766 5149 958 5200 statuit
1012 5149 1380 5204 mulierculam
1432 5154 1826 5220 qureSIionibus

252 5236 539 5295 adhibere.
587 5245 664 5300 ut,
699 5252 815 5305 quae
856 5239 1045 5294 fuisset
1077 5241 1180 5294 doli
1241 5244 1489 5296 nectendi
1542 5245 1703 5307 ratio,
1741 5246 1823 5299 in-

200 5376 205 5383 .
254 5326 544 5395 tettigeret.
602 5328 796 5385 Statim
842 5346 973 5402 ergo
1020 5332 1228 5401 gladius
1285 5335 1594 5404 stringitur,
1660 5336 1825 5405 virga:

254 5418 369 5488 igni
429 5420 725 5476 candentes
800 5422 1135 5492 afferuntur,
1192 5428 1588 5496 carnificech
1649 5430 1822 5496 parati

255 5519 443 5564 astant
477 5528 489 5563 :
539 5513 739 5579 quibus
765 5512 950 5568 infelix
990 5532 1053 5570 ea
1086 5518 1510 5587 perterrita,.rei
1536 5520 1823 5575 veritatem

254 5600 441 5671 palam
486 5602 722 5671 fatetur;
764 5620 872 5675 quo
912 5617 1071 5677 pacto
1114 5619 1331 5666 structa:
1386 5611 1615 5680 insidiae,
1664 5619 1825 5682 atque

256 5708 400 5749 auro
425 5706 479 5751 et
502 5696 982 5766 pollicitationibus
1009 5712 1261 5772 corrupta
1291 5712 1343 5759 et
1379 5704 1601 5775 decepta
1632 5706 1822 5768 fuerit;

258 5783 358 5853 qui
396 5787 683 5842 commenti
729 5798 1015 5855 auctores;
1062 5791 1291 5862 denique
1361 5803 1525 5848 totam
1590 5793 1819 5848 fibulam

1926 4605 2078 4666 parte
2106 4595 2272 4648 lineas
2304 4594 2500 4649 fascias
2526 4594 2773 4668 alligatas
2809 4595 3063 4650 habeant.
3315 4649 3325 4671 ι

1997 4684 2083 4741 10.
2114 4686 2372 4755 Vigebant
2398 4702 2463 4739 eo
2497 4695 2737 4754 tempore
2765 4686 3223 4760 Constantinopoli
3256 4686 3492 4740 illustres

1925 4777 2146 4831 abhates
2164 4787 2216 4831 et
2234 4777 2480 4830 monachi
2505 4777 2814 4831 monasterii
2838 4779 3182 4843 studitarum,
3210 4793 3273 4832 ex
3294 4777 3488 4832 ordino

1925 4870 2322 4923 Actemetarurn
2345 4908 2360 4931 ,
2388 4842 2614 4937 quorum
2641 4869 2856 4938 plurimi
2888 4871 2959 4925 ob
2986 4881 3284 4925 sacrarum‘
3303 4871 3491 4937 imagi-

1926 4976 2050 5013 num
2085 4961 2484 5015 venerationem
2520 4963 2570 5015 in
2590 4962 2835 5016 exsilium
2861 4963 3030 5025 missi,
3060 4971 3149 5014 aut
3174 4962 3352 5015 ..vitam
3386 4960 3490 5021 ibi,-

1924 5053 2045 5106 dem
2085 5064 2265 5106 sancte
2296 5052 2614 5116 finiverunt,
2648 5055 2722 5107 ιιιί
2751 5064 2970 5107 sanctus
3010 5052 3368 5117 Theodorus;
3400 5060 3494 5105 aut

1927 5144 2046 5199 inde
2077 5145 2305 5214 regressi
2327 5156 2472 5211 sunt,
2496 5145 2569 5197 uti
2596 5144 2764 5197 sancti
2788 5142 3038 5198 Nicolaus
3063 5152 3116 5199 et
3141 5142 3488 5205 Naucratius,

1926 5238 1992 5290 de
2023 5237 2215 5305 quibus
2246 5237 2310 5289 ad
2336 5237 2475 5290 diem
2504 5238 2537 5291 4
2570 5234 2850 5290 Februarii
2885 5237 2938 5290 in
2977 5234 3094 5290 Vita
3127 5237 3304 5291 sancti
3334 5235 3490 5290 Nico-

1927 5326 1993 5381 lai
2024 5329 2091 5382 ab
2109 5338 2328 5381 auctore
2357 5342 2566 5391 coaevo;
2594 5328 2662 5381 ibi
2692 5342 2811 5397 cap.
2838 5342 2911 5381 vn
2938 5328 3036 5381 ista
3066 5327 3316 5395 leguntur
3340 5344 3488 5381 num.

1926 5422 2016 5477 56.
2054 5418 2187 5474 Cum
2226 5445 2249 5472 τ
2309 5420 2474 5489 Porro
2517 5419 2848 5488 Theophilus
2891 5418 3002 5487 jam
3057 5419 3198 5474 diem
3244 5419 3488 5485 obiisset,

1927 5531 2139 5587 unoque.
2169 5514 2372 5598 ttnnulo
2396 5515 2615 5570 hmresis
2642 5516 2842 5583 pariter
2865 5515 3055 5569 merito
3079 5514 3491 5598 circqtnscripta

1928 5610 2125 5664 misere
2158 5585 2333 5671 ess‘et;
2360 5622 2422 5662 ac
2454 5608 2654 5663 Christi
2683 5625 2870 5662 atomis
2906 5623 3042 5663 uxor
3066 5606 3180 5676 ejus
3207 5585 3488 5663 'i‘heodora

1927 5715 2048 5755 cum
2102 5698 2210 5754 filio
2246 5696 2503 5754 Michaele
2539 5700 2822 5753 admodum
2854 5698 3072 5766 juvene,
3124 5699 3350 5754 Romani
3390 5701 3493 5754 im-

1931 5793 2061 5863 perii
2097 5806 2273 5847 arcent
2308 5793 2627 5861 suscepisset
2656 5810 2667 5857 ;
2708 5806 3037 5862 tnaguusque
3068 5791 3364 5848 Methodius
3391 5793 3493 5848 Bc-
