4200 6430
770 381 898 446 ηδτ

1788 394 1848 453 S.
1893 393 2269 451 METHODII
2311 391 2820 453 PATRJARCHIE
2861 393 2970 453 (Γ.

3889 397 4007 461 1268

762 497 943 550 elesim
999 497 1361 566 gubernacula
1421 499 1665 568 pontifex
1714 500 2021 565 obtineret;
2074 502 2329 555 divinitus
2361 501 2404 557 Α
2438 502 2620 554 lustris
2646 516 2865 571 quoque
2907 516 2971 553 ac
3018 501 3214 554 bet'tim
3251 501 3402 569 plena
3453 503 3741 558 translatio
3787 506 4007 573 contigit

762 588 957 642 aﬂlatis
986 587 1238 644 Patribus
1263 595 1312 644 in
1343 606 1507 644 ttnum
1530 593 1872 655 coeuntibus,
1905 594 2113 647 initium
2145 594 2331 646 habuit

761 675 1105 733 Orthodoxizc
1137 681 1443 745 celebritas,
1479 698 1599 737 cum
1635 683 1916 749 orbisjam
1954 684 2085 738 lines
2125 685 2330 738 sereni-

761 779 842 822 tas
876 771 1139 835 haberet,
1179 774 1493 844 Christique
1536 776 1912 840 confessores,
1971 777 2115 830 velut
2163 778 2329 836 stella:

756 863 1023 928 qumdam,
1049 865 1355 918 universum
1377 866 1629 919 Ecclesia:
1649 868 2043 920 ﬁrmamentum
2073 868 2331 921 illustrius

756 964 1031 1008 ornarent.
1065 955 1216 1010 Tunc
1243 958 1398 1024 plane
1427 958 1588 1011 etiam
1617 960 1920 1013 communis
1953 961 2112 1013 Pater
2143 969 2331 1014 noster

756 1059 819 1097 ac
844 1046 1043 1100 Christi
1075 1047 1310 1103 famulus
1343 1048 1698 1112 Naucratius,
1743 1052 1810 1103 ab
1844 1053 2034 1107 exsilio
2074 1052 2326 1114 rediens,

752 1139 899 1192 venit
926 1139 1263 1210 Byzantium,
1299 1159 1500 1211 proque
1524 1145 1883 1198 certaminum
1917 1145 2129 1212 merito,
2158 1148 2329 1200 multo

755 1245 874 1283 cum
907 1233 1112 1287 honore
1145 1235 1211 1287 ab
1243 1235 1585 1305 impcratrice
1619 1239 1839 1309 ipsoque
1865 1238 2175 1305 patriarcha
2211 1255 2325 1292 sus-

754 1335 939 1388 ceptus
968 1325 1048 1377 vir
1080 1326 1330 1394 inclytus,
1363 1343 1547 1380 eorum
1584 1339 1767 1396 rogatu
1795 1344 1962 1382 sacra:
1984 1329 2210 1382 fratrum
2241 1345 2327 1384 so-

755 1417 1013 1479 daiitatis,
1045 1421 1096 1471 iu
1143 1436 1306 1472 unum
1341 1431 1467 1474 tunc
1489 1432 1846 1489 congregatzc,
1883 1422 1933 1475 in
1960 1423 2326 1481 venerabilis-

755 1505 892 1557 simo
948 1504 1121 1559 Studii
1177 1511 1508 1563 iuonasterio
1579 1511 1952 1576 praefecturam
2014 1511 2251 1578 suscepit
2310 1528 2322 1563 :

754 1611 915 1657 quam
951 1597 1164 1664 quidem
1199 1613 1425 1666 magnus
1461 1598 1775 1653 Theodorus
1821 1599 2003 1652 multis
2042 1614 2212 1668 nuper
2244 1598 2326 1651 la-

754 1686 976 1740 boribus
1032 1690 1308 1744 enutriens
1367 1690 1780 1759 adaugensque,
1838 1694 1901 1745 ad
1963 1691 2324 1744 millenarinm

757 1794 1038 1840 numerum
1074 1794 1391 1846 provexerat
1431 1797 1445 1835 ἒ
1478 1791 1701 1852 eratque
1747 1800 1934 1839 WFSIIS
1965 1799 2102 1838 ιὶονο
2142 1785 2326 1849 vigore

757 1879 1002 1936 vegetum
1034 1871 1232 1924 Christi
1261 1873 1389 1925 illud
1431 1875 1601 1937 ovile,
1627 1876 1793 1927 veluti
1834 1876 2046 1928 cuidam
2075 1875 2325 1943 paradiso

758 1962 952 2025 simile,
987 1965 1179 2018 rutiltas
1213 1965 1465 2018 virtutum
1503 1982 1650 2020 rosas
1674 1983 1737 2020 ac
1760 1968 1981 2036 spiritus
2009 1967 2326 2020 suaveolen-

759 2055 885 2104 tiam
937 2063 1221 2119 aspectare
1275 2058 1575 2110 volentibus
1615 2069 1900 2125 prmstaus.
1945 2075 1966 2106 ι
2021 2057 2094 2107 De
2135 2064 2323 2108 sancto

755 2141 1044 2198 N-tucratio
1103 2148 1311 2216 egimus
1360 2147 1392 2201 8
1428 2147 1574 2202 Junii
1621 2166 1634 2201 :
1676 2148 1744 2202 de
1796 2157 1983 2203 sancto
2040 2146 2326 2201 Theodoro

757 2237 1022 2300 agendum
1059 2241 1161 2292 erit
1189 2239 1253 2292 12
1284 2239 1621 2294 Novembris.

829 2328 918 2382 Η.
943 2330 1007 2381 At
1031 2346 1148 2408 qua:
1177 2346 1205 2384 a
1245 2350 1262 2382 ι
1303 2332 1548 2386 Patribns
1577 2333 1833 2387 divinitus
1859 2334 2051 2387 adlatis
2081 2335 2131 2388 in
2160 2349 2324 2386 unum

757 2422 1076 2474 coeuntibus
1106 2441 1124 2473 ›
1161 2433 1358 2477 statuta
1387 2440 1547 2491 supra
1581 2425 1899 2491 innituntur,
1927 2426 2127 2494 optime
2157 2426 2328 2494 expli-

755 2523 950 2567 cantur
979 2515 1029 2566 in
1049 2514 1306 2569 Oratione
1336 2515 1684 2586 Theophanis
1710 2519 2007 2588 presbyteri
2040 2527 2092 2572 ct
2117 2533 2325 2587 praepo-

759 2606 869 2666 siti,
894 2607 960 2658 de
987 2607 1175 2660 exsilio
1205 2608 1376 2660 sancti
1403 2607 1691 2677 Nicephori
1721 2609 2047 2678 patriarcha:
2069 2617 2118 2663 et
2151 2619 2328 2663 trans-

758 2697 960 2751 latione
997 2700 1346 2769 reliquiarum
1376 2701 1513 2770 ejus,
1542 2718 1571 2756 a
1604 2703 1758 2756 nobis
1785 2703 2064 2757 illustratis
2093 2704 2156 2756 ad
2184 2704 2325 2757 diem

760 2790 829 2842 13
870 2790 1067 2854 Martii,
1095 2793 1184 2846 ubi
1217 2793 1537 2848 describitur
1566 2794 1871 2849 sollicitudo
1907 2803 2109 2856 sancta:
2141 2793 2324 2850 Theo-

758 2885 902 2936 alurrc
931 2883 1310 2950 imperatricis,
1339 2901 1438 2955 pro
1463 2887 1748 2940 concordia
1778 2895 1828 2940 et
1859 2887 1979 2940 fidei
2012 2888 2330 2941 sinceritate

755 2986 956 3029 cretum
991 2975 1429 3030 Ecclesiasticum
1464 2979 1733 3046 cogentis;
1759 2993 1786 3029 a
1815 2993 1920 3046 quo
1948 2991 2067 3031 cum
2091 2972 2328 3031 Joannes

758 3067 1149 3122 Iconomachus
1188 3084 1218 3122 e
1266 3069 1392 3122 sede
1438 3069 1788 3137 patriarchali
1842 3078 1991 3122 esset
2029 3067 2326 3136 depositus,

2435 592 2772 646 Confessoris
2800 607 2863 646 ac
2891 592 3062 644 sam-ti
3095 589 3270 644 Patris
3301 595 3464 646 nostri
3499 593 3803 656 Theodori,
3838 601 3904 651 ab
3935 597 4003 646 in-

2433 685 2548 736 sula
2583 684 2829 752 Principc
2863 684 2927 735 ad
2964 693 3206 737 nostrum
3240 686 3340 738 hoc
3376 689 3794 746 monasterium,
3833 689 4007 753 provi-

2433 777 2592 828 dente
2646 776 2884 842 piissima
2921 774 3158 843 Augusta
3201 791 3264 829 ac
3313 793 3508 848 magno
3555 779 3859 846 pontifice,
3898 787 4006 830 ante

2434 868 2671 920 iudicato
2741 866 3064 928 Methodio,
3126 869 3491 935 universeque
3547 878 3697 920 cmtu
3760 867 4006 920 Ecclesia'

2430 962 2808 1014 concurrentis
2855 978 2868 1012 :
2903 959 3111 1027 fuitque
3138 961 3371 1024 gloriose
3400 962 3682 1030 depositus
3706 1001 3722 1021 ,
3755 961 4006 1012 vicesimo

2431 1061 2583 1114 sexto
2616 1049 2878 1116 Januarii,
2903 1051 3055 1119 juxta
3083 1050 3342 1118 inclytum
3378 1057 3536 1118 atque
3569 1050 3842 1102 divinitus
3874 1049 4007 1101 am:-

2433 1154 2544 1197 tum
2591 1143 2708 1211 ejus
2743 1142 3067 1196 avunculum
3129 1139 3431 1202 Platenem,
3462 1152 3515 1196 et
3556 1143 3865 1193 tumulatus
3903 1158 4008 1192 san-

2429 1243 2551 1288 ctus
2586 1248 2691 1286 una
2725 1248 2848 1286 cum
2884 1233 3054 1286 fratre
3087 1247 3151 1286 ac
3176 1232 3427 1300 episcopo
3460 1229 3658 1300 Joseph
3689 1273 3706 1296 ,
3750 1248 3781 1285 a
3818 1235 4008 1286 dextris

2431 1328 2497 1378 ad
2528 1324 2844 1378 orientalem
2876 1333 3084 1392 partem
3110 1325 3285 1377 sancti
3316 1323 3678 1378 Prmenrsoris
3715 1342 3730 1376 :
3771 1343 3792 1374 ι
3837 1326 3904 1376 ad
3939 1341 4009 1378 cu-

2425 1416 2514 1484 jus
2564 1416 2771 1469 scilicet
2803 1415 3067 1468 honorem
3119 1415 3324 1468 dictum
3374 1415 3547 1468 Studii
3611 1417 4005 1469 monasterium

2429 1508 2704 1560 conditum
2752 1515 2858 1562 est.
2912 1505 3033 1559 Fuit
3085 1517 3264 1557 autem
3309 1504 3505 1572 Joseph
3571 1507 3662 1559 iHe
3725 1508 4008 1573 episcopus

2430 1597 2947 1661 Thessalonicensis,
2977 1592 3033 1648 εἰ
3061 1595 3308 1650 colitura
3335 1597 3542 1651 Graecis
3583 1599 3645 1650 14
3675 1607 3734 1649 ct
3769 1598 3840 1651 13
3867 1597 4005 1649 Julii.

2500 1693 2588 1746 15.
2625 1689 2728 1744 Sed
2762 1691 2931 1744 multo
2967 1691 3154 1757 majori
3185 1706 3305 1743 cum
3341 1705 3467 1743 cura
3505 1690 3682 1743 sancti
3730 1689 4004 1751 Mclltodii,

2433 1785 2570 1838 facta
2605 1795 2688 1838 est
2723 1799 2866 1838 anno
2898 1783 3002 1838 846
3036 1782 3342 1836 Translatio
3372 1783 3544 1836 sani-ti
3594 1780 3899 1849 Niccplwri
3934 1796 4011 1847 pa-

2359 1850 2399 1904 B
2431 1878 2680 1929 triarchm
2703 1916 2719 1937 ,
2755 1892 2784 1928 a
2818 1876 2984 1931 citato
3017 1885 3180 1942 supra
3215 1873 3547 1942 Theophane
3572 1876 3873 1927 sacerdote
3921 1876 4011 1925 dc-

2429 1967 2631 2032 scripta
2661 1966 2744 2018 his
2774 1967 2970 2019 verbis.
3001 1986 3019 2018 ‹
3054 1967 3422 2031 Quadriennio
3453 1977 3572 2033 pust
3599 1965 4008 2019 sacratissintus

2427 2059 2750 2123 Methodius,
2776 2060 2958 2113 divino
2978 2059 3134 2128 plane
3164 2060 3354 2126 spiritu
3387 2059 3674 2126 impulsus.
3702 2068 4007 2123 opportune

2429 2155 2808 2222 sapienterque
2870 2152 3106 2205 divinam
3171 2152 3573 2219 imperatricem
3653 2149 4002 2202 Theodoram

2429 2247 2739 2310 admonuit,
2779 2260 2887 2298 non
2940 2258 3061 2298 esse
3101 2259 3166 2297 ex
3205 2244 3417 2312 imperii
3470 2255 3524 2296 et
3556 2243 3902 2310 Reipublicm
3939 2242 4006 2293 di-

2429 2345 2635 2411 gnitate
2679 2342 2824 2411 quod
2875 2343 3216 2395 venerandus
3258 2349 3313 2394 et
3358 2341 3500 2393 inter
3553 2338 3910 2406 patriarchas
3957 2339 4013 2387 il-

2430 2438 2613 2495 lustris
2663 2435 3030 2505 Nieephorus,
3085 2434 3178 2503 qui
3225 2449 3324 2503 pro
3369 2434 3620 2501 gloriosa:
3677 2433 4014 2498 sincer?qu

2432 2531 2554 2584 lidei
2578 2531 2891 2584 defensione
2921 2543 2950 2581 a
2974 2526 3098 2582 sede
3121 2525 3398 2594 depulsus,
3433 2525 3483 2577 in
3519 2524 3846 2592 longissimo
3879 2523 4016 2573 cx<‘-

2430 2621 2502 2673 lio
2550 2618 2836 2672 defunctus
2867 2626 3004 2679 erat,
3040 2615 3448 2695 negligeretur:
3495 2616 3588 2666 sed
3638 2614 3792 2665 omni
3840 2612 4014 2664 studio

2429 2715 2726 2770 Curandum
2749 2727 2892 2777 esse,
2922 2721 2978 2765 ut
3011 2711 3247 2764 divinum
3278 2723 3479 2776 corpus
3515 2707 3688 2774 ipsius
3731 2709 3784 2758 in
3822 2706 4014 2759 civita-

2431 2819 2538 2860 tem
2592 2813 2977 2874 reportaretur.
3028 2801 3279 2870 Alioquin
3331 2800 3526 2868 ingrati
3583 2793 3754 2850 animi
3788 2799 4013 2857 vitium.

2433 2897 2624 2965 inquit,
2655 2911 2757 2948 non
2785 2894 3128 2956 evitabimus,
3159 2892 3201 2946 si
3230 2902 3351 2960 post
3375 2901 3602 2944 mortem
3627 2891 3798 2942 etiam
3833 2891 4014 2956 ipsum

2432 2991 2484 3042 in
2520 2989 2744 3050 exsilio,
2785 2996 3037 3054 tanquam
3063 2986 3186 3054 jure
3215 2985 3551 3046 damnatum,
3591 2981 4015 3049 reliquerimus;

2432 3081 2730 3151 praesertim
2762 3095 2885 3133 cum
2937 3095 3042 3132 non
3075 3079 3386 3146 ignoremus
3432 3090 3547 3137 eos,
3581 3074 3674 3143 qui
3713 3088 3780 3126 ex
3817 3086 4018 3140 genere

764 3177 782 3207 ι
819 3159 1138 3225 Methodins,
1180 3162 1261 3214 vir
1292 3171 1345 3216 et
1371 3162 1476 3214 Vim
1506 3170 1558 3214 et
1598 3162 1839 3214 doctrina
1865 3162 2020 3215 valde
2051 3161 2328 3230 probatus,
2359 3185 2400 3242 ε
2435 3187 2590 3229 enim
2631 3174 2830 3241 Joscph
2856 3213 2870 3237 ν
2910 3172 2961 3225 in
3007 3170 3406 3224 benedictionis
3451 3175 3609 3237 [ιω-ιθ
3641 3167 3925 3235 posuisse,
3963 3175 4019 3217 ιιι

758 3260 814 3303 et
845 3252 932 3318 qui
968 3267 1066 3319 pro
1098 3253 1325 3307 veritate
1351 3262 1405 3306 et
1437 3253 1694 3323 religione
1720 3267 1816 3321 per
1841 3252 2005 3304 multa
2035 3253 2329 3306 certamina

757 3349 814 3392 et
844 3341 1058 3410 longum
1100 3344 1346 3396 exsilium
1374 3344 1700 3410 pertulerat,
1729 3352 1885 3412 atque
1929 3343 2050 3396 inde
2082 3343 2249 3410 plagis
2277 3353 2331 3395 et

758 3449 979 3488 carcere
1001 3435 1086 3487 diu
1119 3435 1392 3488 cruciatus
1420 3436 1672 3496 redierat,
1709 3435 1957 3488 omnibus
1986 3435 2035 3487 in
2069 3434 2330 3502 dignitate

758 3525 1062 3577 constitutis
1103 3526 1545 3593 approbantibus,
1581 3526 1784 3579 electus
1826 3532 1942 3588 est,-
1985 3525 2073 3592 qui
2121 3539 2327 3580 sacram

757 3617 956 3684 reginae
979 3618 1189 3670 urbium
1216 3618 1398 3671 sedem
1425 3619 1713 3672 obtineret.
1745 3617 1906 3671 Tunc.
1925 3617 2112 3671 Nicaea:
2136 3618 2330 3670 divini-

758 3717 846 3760 tus
879 3708 1101 3762 edoctus
1123 3720 1368 3763 sanctum
1400 3709 2103 3790 meumeuicum’concilium
2132 3723 2332 3762 secuti--

756 3798 907 3864 dum,
933 3801 1072 3868 quod
1099 3801 1262 3853 Irente
1292 3801 1650 3870 imperatricis
1670 3843 1685 3868 ,
1723 3803 1789 3855 ab
1821 3803 1934 3869 ipsa
1975 3817 2105 3871 pace
2140 3815 2327 3855 verum

759 3907 955 3945 nomen
999 3894 1247 3947 habentis
1270 3933 1284 3955 ,
1313 3904 1367 3948 et
1413 3893 1622 3947 Tarasii
1658 3895 1877 3947 maximi
1912 3895 2329 3962 beatissimiqne

758 3986 1078 4053 patriarcluc
1127 3988 1306 4040 studio
1357 3987 1687 4040 celebratum
1729 3997 1844 4049 est,
1880 3987 2071 4039 merito
2119 3987 2327 4041 [inuam

757 4078 989 4131 obtinuit
1041 4079 1414 4132 auctoritatem
1451 4094 1512 4131 ac
1557 4081 1752 4143 robur;
1791 4095 1910 4131 cum
1953 4081 2174 4143 crimes,
2213 4095 2330 4147 qua!

761 4172 869 4224 Deo
898 4173 1171 4236 aspirante
1216 4174 1269 4226 in
1312 4173 1429 4242 ipso
1461 4173 1672 4227 decreta
1721 4172 1953 4234 fuerant,
2005 4174 2328 4240 comproba—

758 4254 896 4316 rent.
932 4263 1081 4316 Tunc
1116 4278 1304 4318 omnes
1338 4263 1590 4317 Ecclesiae
1631 4279 1784 4317 suum
1815 4265 2011 4332 ubique
2048 4264 2213 4316 decus
2247 4279 2330 4318 re-

757 4365 1036 4422 ceperunt,
1073 4366 1127 4408 et
1159 4354 1543 4408 venerabilium
1573 4355 1862 4424 imaginum
1895 4354 2179 4422 splendore
2215 4355 2327 4409 fne-

760 4454 886 4498 runt
925 4447 1206 4499 illustratze
1243 4465 1256 4498 :
1286 4445 1583 4514 cjectisque
1606 4447 1722 4501 illis
1757 4447 1850 4513 qui
1886 4448 2090 4499 nefarie
2126 4462 2218 4500 eas
2244 4448 2328 4500 iu-

2435 3266 2604 3334 patris
2632 3280 2753 3316 ossa
2786 3273 2905 3332 post
2934 3261 3293 3331 quadraginta
3333 3260 3444 3312 fere
3467 3273 3637 3310 annos
3671 3273 3738 3310 ex
3773 3257 4018 3325 Egypto

2437 3360 2487 3411 in
2509 3358 2921 3411 Cbauanitidem
2943 3364 3319 3422 exportarent.
3342 3352 3496 3418 Quod
3521 3365 3642 3405 cum
3672 3352 3745 3403 ita
3772 3352 3870 3410 sit,
3899 3366 4017 3409 nos,

2434 3453 2521 3519 qui
2555 3466 2745 3504 sumus
2765 3449 2985 3517 pietatis
3012 3447 3128 3508 lilii.
3159 3447 3360 3499 diutius
3390 3444 3590 3513 privari
3622 3444 3904 3512 patiemur
3929 3442 4018 3494 Pa-

2437 3542 2534 3594 tris
2559 3541 2703 3593 illins
2730 3538 3038 3606 praesentia,
3069 3551 3097 3588 a
3132 3551 3238 3604 quo
3279 3535 3476 3587 divinis
3505 3523 3855 3586 documentis
3883 3548 4019 3581 cuu-

2435 3632 2546 3683 triti
2582 3629 2808 3682 sumtis?
2849 3627 2973 3680 Haec
3023 3625 3272 3694 quidem,
3312 3623 3555 3676 omnium
3600 3637 3739 3690 quas
3770 3624 4023 3672 intuetur

2433 3721 2512 3774 sol
2538 3721 2748 3773 urbium
2790 3716 3232 3787 praestantissima
3258 3752 3273 3772 ,
3307 3721 3362 3764 et
3405 3713 3548 3778 regia
3596 3711 3791 3762 civitas
3818 3752 3834 3770 ,
3879 3712 4023 3761 sacri

2432 3813 2583 3867 ducis
2611 3823 2772 3880 atque
2797 3809 3030 3878 pastoris
3061 3807 3141 3860 sui
3166 3805 3429 3872 reliquias
3459 3811 3676 3857 sanctas
3708 3801 4018 3861 desiderat,

2433 3917 2567 3970 quas
2597 3902 2684 3969 pie
2715 3908 2999 3954 conservet
3032 3908 3084 3949 et
3130 3894 3293 3950 colat.
3339 3892 3537 3964 Sponsi
3588 3893 3669 3945 sui
3717 3893 4022 3958 prmsentia

2435 3995 2646 4047 fruatur
2669 4006 2883 4045 rursum
2908 3989 3145 4043 Ecclesia
3171 3987 3343 4053 ipsius
3368 3983 3744 4037 amantissima
3783 4001 3796 4034 :
3827 3993 3886 4034 et
3918 3998 4023 4050 quo

2431 4087 2555 4138 vivo
2602 4081 2960 4150 iniustissima
3007 4076 3357 4147 Imperatoris
3403 4089 3562 4127 manu
3616 4072 3858 4140 spoliata
3899 4073 4020 4134 fuit,

2433 4179 2628 4231 mortui
2659 4188 2876 4242 corpus.
2917 4179 3190 4224 annuente
3220 4167 3460 4220 studiosa
3493 4163 3740 4218 Pastoris
3773 4162 4024 4230 Impera-

2436 4270 2589 4330 triee,
2625 4264 3037 4332 complectatur.
3064 4260 3277 4322 Cernis,
3310 4256 3767 4326 quemadmodum
3794 4257 3890 4308 hic
3927 4272 4026 4323 pc-

2431 4358 2610 4428 pnlus,
2658 4355 2750 4421 qui
2793 4370 2892 4423 per
2933 4362 2985 4406 te
3029 4366 3254 4405 securus
3302 4352 3355 4403 in
3402 4365 3528 4402 vera
3563 4347 3834 4415 religione
3893 4363 4026 4399 con-

2434 4449 2684 4519 quiescit,
2722 4445 3024 4500 incredibili
3054 4443 3234 4496 stndio
3264 4443 3427 4495 etiam
3459 4451 3581 4508 post
3623 4451 3892 4499 mortem,
3937 4455 4024 4487 vu-

756 4538 1128 4601 scctabantur,
1173 4537 1488 4592 sacerdotes
1517 4538 1570 4590 in
1618 4537 1695 4591 eis
1727 4551 1788 4590 ac
1822 4538 1984 4591 duces
2007 4578 2020 4599 ,
2065 4539 2194 4591 recti
2231 4539 2326 4592 do-
2357 4539 2403 4596 D
2435 4558 2549 4597 cem
2578 4541 2691 4607 eius
2716 4540 2768 4593 in
2802 4540 2991 4607 spiritu
3027 4537 3215 4589 audire
3241 4532 3620 4601 concupiscit?
3655 4531 3816 4596 Quod
3855 4532 3907 4582 si
3947 4544 4023 4581 ιε.-

755 4632 955 4699 gmatis
977 4631 1226 4695 stmliosi,
1259 4641 1385 4683 sunt
1412 4631 1711 4684 constituti.
1762 4649 1780 4681 ι
1824 4628 1879 4682 lu
1915 4630 2035 4684 Vita
2088 4628 2323 4692 Tarasii,

753 4727 826 4779 9.5
855 4724 1135 4780 Februarii
1166 4724 1453 4788 illustrata,
1479 4723 1544 4776 de
1575 4723 1717 4776 dicto
1748 4721 1988 4776 Concilio
2017 4723 2178 4775 latius
2207 4724 2323 4792 agi-

756 4831 864 4878 tur.
885 4828 937 4870 et
962 4817 1217 4870 memoria
1243 4827 1444 4871 saneta:
1462 4815 1632 4869 lrenua
1657 4811 2024 4883 imperatricis
2056 4815 2320 4868 recolitur

755 4911 826 4965 15
853 4910 1079 4978 Augusti
1111 4928 1124 4963 :
1164 4909 1383 4963 haeresis
1415 4923 1546 4963 vero
1570 4906 2044 4971 lconoclastarum,
2082 4923 2200 4974 quae
2231 4907 2328 4960 sub

753 5002 1140 5059 Leonelsauro
1169 5011 1354 5055 exorta
1373 5042 1388 5066 ,
1417 5000 1515 5054 sub
1541 5000 1722 5054 Leone
1745 5000 1983 5053 Armeno
2011 4999 2327 5052 resnscitata

756 5097 959 5158 fuerat,
992 5101 1112 5162 post
1141 5107 1312 5146 annos
1345 5105 1558 5147 centum
1583 5101 1637 5144 et
1670 5077 1855 5158 viginti
1890 5091 2043 5158 plane
2077 5090 2327 5156 dissipata

759 5187 973 5238 tandem
1010 5196 1114 5247 est,
1166 5193 1326 5246 atque
1369 5183 1670 5236 institutum
1717 5183 1907 5235 festum
1946 5181 2326 5244 Ortliodoxim,

757 5296 864 5345 quo
900 5293 1176 5331 sacrarmn
1214 5275 1506 5344 imaginum
1548 5274 1815 5328 restitutio
1859 5273 2150 5341 quotannis
2185 5271 2325 5323 cele-

756 5373 946 5427 bratur
973 5370 1253 5423 Dominica
1273 5369 1443 5435 prima
1470 5366 1926 5435 Quadragesimm,
1953 5364 2111 5416 ducta
2145 5363 2328 5430 prmiu-

758 5462 1009 5519 centibus
1064 5462 1270 5515 facibus
1303 5459 1649 5526 proccssione
1702 5459 1767 5511 ab
1813 5457 2052 5510 Ecclesia
2090 5455 2328 5522 Deiparm

755 5555 1141 5612 Blac‘ncrueusi
1201 5552 1267 5606 ad
1325 5551 1763 5621 augustissimum
1843 5549 2054 5602 Sancta:
2115 5546 2329 5618 Sophim

758 5636 1037 5719 templum.

829 5745 915 5800 1‘2.
955 5744 1055 5798 Per
1087 5744 1137 5797 id
1169 5753 1376 5810 tempus
1416 5743 1691 5810 religionis
1722 5745 1983 5798 restituta:
2006 5785 2017 5804 ,
2049 5751 2098 5793 ut
2135 5739 2331 5807 legitur

760 5842 812 5898 iu
842 5841 1004 5894 citata
1046 5838 1218 5895 sancti
1252 5837 1456 5893 Nicolai
1498 5837 1722 5893 Studita:
1753 5836 1872 5892 Vita
1903 5854 2049 5891 num.
2085 5834 2173 5901 57,
2217 5851 2235 5884 ι
2267 5832 2327 5887 il-

2431 4633 2780 4688 bernaeulum
2821 4631 2936 4699 ejus
2969 4639 3173 4682 tantum
3202 4628 3268 4680 ad
3305 4641 3362 4680 se
3415 4626 3642 4679 relatum
3687 4625 3984 4699 aspexerit
4008 4664 4021 4682 ,

2430 4739 2492 4780 se
2515 4724 2660 4778 illum
2700 4725 2874 4792 ipsum
2925 4722 3194 4789 recepisse
3223 4721 3516 4786 spirantem
3561 4717 3942 4776 existimabit,
3974 4728 4026 4767 et

2430 4826 2689 4886 tauquam
2721 4817 3032 4871 thesaurum
3065 4814 3297 4881 aliquem
3328 4810 3791 4879 pretiosissimum
3820 4825 4024 4862 recon-

2430 4910 2521 4962 det
2550 4918 2605 4961 et
2635 4906 2968 4962 observabit.
3017 4905 3110 4959 llis
3133 4905 3384 4974 precibus
3405 4945 3419 4969 ,
3454 4912 3508 4956 et
3531 4905 4029 4956 cohortationibus

2430 5001 2714 5057 celerrime
2734 5013 2796 5051 ac
2819 4998 3175 5052 libentissime
3201 4996 3397 5064 inclyta
3425 4996 3620 5048 annuit
3642 4996 3980 5062 imperatrix
4013 5012 4024 5045 :

2432 5091 2779 5166 Perspicuum
2817 5098 2898 5142 est
2938 5089 3113 5151 enim,
3145 5089 3340 5157 inquit,
3374 5089 3473 5140 hoc
3507 5087 3646 5154 apud
3684 5102 3892 5140 omnes
3933 5103 4019 5154 po-

2431 5194 2626 5246 steros,
2649 5192 2704 5236 et
2726 5181 2855 5234 mihi
2887 5189 2938 5234 et
2971 5180 3153 5233 liberis
3185 5180 3317 5232 meis
3346 5179 3531 5232 honori
3569 5177 3842 5230 futurum.
3893 5199 3915 5228 ι

2503 5277 2590 5332 14.
2625 5275 2777 5329 Tunc
2810 5289 2963 5328 sacer
3002 5273 3237 5326 civitatis
3271 5272 3497 5324 antistes
3521 5311 3535 5333 ,
3562 5287 3681 5322 cum
3719 5273 4008 5331 ελςιιτάαιί

2432 5371 2530 5423 bus
2554 5378 2606 5422 et
2635 5367 2911 5420 monachis
2931 5366 3286 5431 universeque
3303 5362 3518 5432 p0pnlo,
3547 5362 3613 5414 ad
3641 5364 3823 5416 sancti
3853 5362 4031 5413 Timr.-

2432 5463 2545 5514 dori
2596 5463 2850 5528 templum
2906 5457 3163 5513 accedit:
3201 5456 3254 5509 in
3288 5471 3395 5524 quo
3441 5455 3611 5522 gratia
3652 5457 3829 5519 plena:
3879 5455 4026 5507 Reli-

2431 5555 2570 5623 quim
2595 5554 2846 5622 jacchant
2870 5593 2884 5616 ,
2914 5564 3112 5618 easque
3142 5565 3264 5603 cum
3297 5550 3641 5603 veneratione
3672 5559 3729 5602 et
3762 5550 4032 5618 lacrytnis

2430 5646 2829 5716 complectens,
2864 5653 3106 5696 sanctum
3143 5653 3400 5709 tauquam
3438 5642 3708 5693 viventem
3762 5642 3842 5693 sic
3891 5642 4028 5692 θηο-

2431 5747 2587 5792 cutus
2617 5746 2692 5790 est
2740 5754 2750 5787 :
2784 5734 2827 5788 Ο
2858 5735 2935 5786 vir
2977 5729 3309 5794 beatissime,
3347 5732 3437 5800 qui
3476 5731 3684 5786 eisdem
3723 5732 4027 5784 laboribus

2431 5842 2484 5887 et
2510 5832 2787 5897 :Et'umnis,
2822 5829 3016 5899 quibus
3046 5837 3265 5881 sanctus
3288 5823 3528 5880 Joannes
3558 5823 4005 5894 Cbrtsosmmus
