  <div class='ocr_page' id='page_1' title='image "/cluster/home/n/w/nwhite01/storage/ocr_20150623/100/nnc1.0046980229/635.png"; bbox 0 0 4200 6430; ppageno 0'>
   <div class='ocr_carea' id='block_1_1' title="bbox 834 344 965 409">
    <p class='ocr_par' dir='ltr' id='par_1_1' title="bbox 834 344 965 409">
     <span class='ocr_line' id='line_1_1' title="bbox 834 344 965 409; baseline 0.015 -2"><span class='ocrx_word' id='word_1_1' title='bbox 834 344 965 409; x_wconf 64' lang='grc'><strong>1271</strong></span> 
     </span>
    </p>
   </div>
   <div class='ocr_carea' id='block_1_2' title="bbox 1850 368 3015 444">
    <p class='ocr_par' dir='ltr' id='par_1_2' title="bbox 1850 368 3015 444">
     <span class='ocr_line' id='line_1_2' title="bbox 1850 368 3015 444; baseline 0.015 -17"><span class='ocrx_word' id='word_1_2' title='bbox 1850 368 1910 428; x_wconf 88' lang='lat' dir='ltr'><strong>S.</strong></span> <span class='ocrx_word' id='word_1_3' title='bbox 1952 370 2327 434; x_wconf 77' lang='lat' dir='ltr'><strong>METHODII</strong></span> <span class='ocrx_word' id='word_1_4' title='bbox 2369 378 2870 441; x_wconf 61' lang='lat' dir='ltr'><strong>PATI‘IIAIICHd&#39;i</strong></span> <span class='ocrx_word' id='word_1_5' title='bbox 2909 384 3015 444; x_wconf 68' lang='grc' dir='ltr'><strong>(ΣΡ.</strong></span> 
     </span>
    </p>
   </div>
   <div class='ocr_carea' id='block_1_3' title="bbox 3944 389 4051 454">
    <p class='ocr_par' dir='ltr' id='par_1_3' title="bbox 3944 389 4051 454">
     <span class='ocr_line' id='line_1_3' title="bbox 3944 389 4051 454; baseline -0.009 -1"><span class='ocrx_word' id='word_1_6' title='bbox 3944 389 4051 454; x_wconf 62' lang='lat' dir='ltr'><strong>Ilii</strong></span> 
     </span>
    </p>
   </div>
   <div class='ocr_carea' id='block_1_4' title="bbox 828 464 4051 575">
    <p class='ocr_par' dir='ltr' id='par_1_4' title="bbox 828 464 4051 575">
     <span class='ocr_line' id='line_1_4' title="bbox 828 464 4051 575; baseline 0.014 -59"><span class='ocrx_word' id='word_1_7' title='bbox 828 464 958 575; x_wconf 73' lang='lat' dir='ltr'><strong>citas</strong></span> <span class='ocrx_word' id='word_1_8' title='bbox 987 465 1284 575; x_wconf 48' lang='lat' dir='ltr'><strong>ciarissi-me</strong></span> <span class='ocrx_word' id='word_1_9' title='bbox 1316 472 1499 541; x_wconf 76' lang='lat' dir='ltr'><strong>fulsit,</strong></span> <span class='ocrx_word' id='word_1_10' title='bbox 1534 476 1644 544; x_wconf 85' lang='lat' dir='ltr'><strong>ipse</strong></span> <span class='ocrx_word' id='word_1_11' title='bbox 1680 494 1927 549; x_wconf 88' lang='lat' dir='ltr'><strong>quoque,</strong></span> <span class='ocrx_word' id='word_1_12' title='bbox 1979 497 2171 543; x_wconf 82' lang='lat' dir='ltr'><strong>octavo</strong></span> <span class='ocrx_word' id='word_1_13' title='bbox 2206 505 2387 544; x_wconf 84' lang='lat' dir='ltr'><strong>mense</strong></span> <span class='ocrx_word' id='word_1_14' title='bbox 2418 496 2461 550; x_wconf 78' lang='grc' dir='ltr'>Α</span> <span class='ocrx_word' id='word_1_15' title='bbox 2493 492 2779 562; x_wconf 81' lang='lat' dir='ltr'><strong>Mcthodio,</strong></span> <span class='ocrx_word' id='word_1_16' title='bbox 2812 499 2864 550; x_wconf 90' lang='lat' dir='ltr'><strong>in</strong></span> <span class='ocrx_word' id='word_1_17' title='bbox 2891 512 2953 552; x_wconf 89' lang='lat' dir='ltr'><strong>ea</strong></span> <span class='ocrx_word' id='word_1_18' title='bbox 2993 500 3307 568; x_wconf 73' lang='lat' dir='ltr'><strong>scriptione.</strong></span> <span class='ocrx_word' id='word_1_19' title='bbox 3338 515 3495 569; x_wconf 86' lang='lat' dir='ltr'><strong>quam</strong></span> <span class='ocrx_word' id='word_1_20' title='bbox 3528 506 3589 559; x_wconf 79' lang='lat' dir='ltr'><strong>.le</strong></span> <span class='ocrx_word' id='word_1_21' title='bbox 3635 505 3756 575; x_wconf 85' lang='lat' dir='ltr'><strong>ipsa</strong></span> <span class='ocrx_word' id='word_1_22' title='bbox 3805 507 4051 575; x_wconf 68' lang='lat' dir='ltr'><strong>bet-taque</strong></span> 
     </span>
    </p>
   </div>
   <div class='ocr_carea' id='block_1_5' title="bbox 828 556 2388 649">
    <p class='ocr_par' dir='ltr' id='par_1_5' title="bbox 828 556 2388 649">
     <span class='ocr_line' id='line_1_5' title="bbox 828 556 2388 649; baseline 0.019 -43"><span class='ocrx_word' id='word_1_23' title='bbox 828 564 948 623; x_wconf 91' lang='lat' dir='ltr'><strong>post</strong></span> <span class='ocrx_word' id='word_1_24' title='bbox 1000 556 1141 615; x_wconf 86' lang='lat' dir='ltr'><strong>illius</strong></span> <span class='ocrx_word' id='word_1_25' title='bbox 1172 562 1489 629; x_wconf 84' lang='lat' dir='ltr'><strong>decessum,</strong></span> <span class='ocrx_word' id='word_1_26' title='bbox 1531 570 1763 624; x_wconf 73' lang='lat' dir='ltr'><strong>excessit</strong></span> <span class='ocrx_word' id='word_1_27' title='bbox 1795 588 1859 628; x_wconf 75' lang='lat' dir='ltr'><strong>ex</strong></span> <span class='ocrx_word' id='word_1_28' title='bbox 1905 576 2004 632; x_wconf 88' lang='lat' dir='ltr'><strong>hac</strong></span> <span class='ocrx_word' id='word_1_29' title='bbox 2046 579 2153 632; x_wconf 88' lang='lat' dir='ltr'><strong>vita</strong></span> <span class='ocrx_word' id='word_1_30' title='bbox 2198 593 2388 649; x_wconf 79' lang='lat' dir='ltr'><strong>quarto</strong></span> 
     </span>
    </p>
   </div>
   <div class='ocr_carea' id='block_1_6' title="bbox 826 646 1229 709">
    <p class='ocr_par' dir='ltr' id='par_1_6' title="bbox 826 646 1229 709">
     <span class='ocr_line' id='line_1_6' title="bbox 826 646 1229 709; baseline 0.015 -10"><span class='ocrx_word' id='word_1_31' title='bbox 826 646 1039 709; x_wconf 76' lang='lat' dir='ltr'><strong>decimo</strong></span> <span class='ocrx_word' id='word_1_32' title='bbox 1068 646 1229 705; x_wconf 78' lang='lat' dir='ltr'><strong>Junii.</strong></span> 
     </span>
    </p>
   </div>
   <div class='ocr_carea' id='block_1_7' title="bbox 898 737 2388 831">
    <p class='ocr_par' dir='ltr' id='par_1_7' title="bbox 898 737 2388 831">
     <span class='ocr_line' id='line_1_7' title="bbox 898 737 2388 831; baseline 0.017 -39"><span class='ocrx_word' id='word_1_33' title='bbox 898 737 983 831; x_wconf 73' lang='lat' dir='ltr'><strong>I9.</strong></span> <span class='ocrx_word' id='word_1_34' title='bbox 1014 738 1275 795; x_wconf 87' lang='lat' dir='ltr'><strong>Baronius</strong></span> <span class='ocrx_word' id='word_1_35' title='bbox 1304 759 1447 801; x_wconf 88' lang='lat' dir='ltr'><strong>anno</strong></span> <span class='ocrx_word' id='word_1_36' title='bbox 1474 747 1599 813; x_wconf 76' lang='grc'><strong>842,</strong></span> <span class='ocrx_word' id='word_1_37' title='bbox 1631 768 1778 807; x_wconf 85' lang='grc' dir='ltr'>ιιιιιιι.</span> <span class='ocrx_word' id='word_1_38' title='bbox 1806 754 1938 809; x_wconf 69' lang='grc' dir='ltr'><strong>2οη</strong></span> <span class='ocrx_word' id='word_1_39' title='bbox 1968 756 2066 823; x_wconf 85' lang='lat' dir='ltr'><strong>Qui</strong></span> <span class='ocrx_word' id='word_1_40' title='bbox 2091 759 2273 831; x_wconf 75' lang='lat' dir='ltr'><strong>igitur,</strong></span> <span class='ocrx_word' id='word_1_41' title='bbox 2306 764 2388 817; x_wconf 85' lang='lat' dir='ltr'><strong>iu-</strong></span> 
     </span>
    </p>
   </div>
   <div class='ocr_carea' id='block_1_8' title="bbox 827 829 2386 916">
    <p class='ocr_par' dir='ltr' id='par_1_8' title="bbox 827 829 2386 916">
     <span class='ocr_line' id='line_1_8' title="bbox 827 829 2386 916; baseline 0.019 -37"><span class='ocrx_word' id='word_1_42' title='bbox 827 829 962 895; x_wconf 87' lang='lat' dir='ltr'><strong>quit,</strong></span> <span class='ocrx_word' id='word_1_43' title='bbox 994 840 1115 897; x_wconf 87' lang='lat' dir='ltr'><strong>post</strong></span> <span class='ocrx_word' id='word_1_44' title='bbox 1146 842 1222 887; x_wconf 90' lang='lat' dir='ltr'><strong>tot</strong></span> <span class='ocrx_word' id='word_1_45' title='bbox 1254 834 1507 894; x_wconf 59' lang='lat' dir='ltr'><strong>Ecclesia</strong></span> <span class='ocrx_word' id='word_1_46' title='bbox 1535 829 2148 916; x_wconf 67' lang='lat' dir='ltr'><strong>Constantinopolitanae</strong></span> <span class='ocrx_word' id='word_1_47' title='bbox 2175 858 2386 909; x_wconf 77' lang='lat' dir='ltr'><strong>naufra-</strong></span> 
     </span>
    </p>
   </div>
   <div class='ocr_carea' id='block_1_9' title="bbox 825 921 2385 1010">
    <p class='ocr_par' dir='ltr' id='par_1_9' title="bbox 825 921 2385 1010">
     <span class='ocr_line' id='line_1_9' title="bbox 825 921 2385 1010; baseline 0.021 -41"><span class='ocrx_word' id='word_1_48' title='bbox 825 922 928 985; x_wconf 76' lang='lat' dir='ltr'><strong>gia,</strong></span> <span class='ocrx_word' id='word_1_49' title='bbox 962 921 1079 989; x_wconf 92' lang='lat' dir='ltr'><strong>cjus</strong></span> <span class='ocrx_word' id='word_1_50' title='bbox 1104 923 1337 991; x_wconf 89' lang='lat' dir='ltr'><strong>clavum,</strong></span> <span class='ocrx_word' id='word_1_51' title='bbox 1366 944 1395 984; x_wconf 90' lang='lat' dir='ltr'><strong>e</strong></span> <span class='ocrx_word' id='word_1_52' title='bbox 1426 932 1677 988; x_wconf 88' lang='lat' dir='ltr'><strong>manibus</strong></span> <span class='ocrx_word' id='word_1_53' title='bbox 1711 936 2087 994; x_wconf 62' lang='lat' dir='ltr'><strong>hazreticorum</strong></span> <span class='ocrx_word' id='word_1_54' title='bbox 2119 945 2385 1010; x_wconf 89' lang='lat' dir='ltr'><strong>evulsum,</strong></span> 
     </span>
    </p>
   </div>
   <div class='ocr_carea' id='block_1_10' title="bbox 828 1011 2383 1105">
    <p class='ocr_par' dir='ltr' id='par_1_10' title="bbox 828 1011 2383 1105">
     <span class='ocr_line' id='line_1_10' title="bbox 828 1011 2383 1105; baseline 0.021 -44"><span class='ocrx_word' id='word_1_55' title='bbox 828 1011 1211 1068; x_wconf 88' lang='lat' dir='ltr'><strong>moderandum</strong></span> <span class='ocrx_word' id='word_1_56' title='bbox 1256 1023 1489 1089; x_wconf 74' lang='lat' dir='ltr'><strong>suscepit</strong></span> <span class='ocrx_word' id='word_1_57' title='bbox 1517 1024 1824 1090; x_wconf 72' lang='lat' dir='ltr'><strong>patriarcha</strong></span> <span class='ocrx_word' id='word_1_58' title='bbox 1866 1030 2209 1103; x_wconf 82' lang='lat' dir='ltr'><strong>Methodins;</strong></span> <span class='ocrx_word' id='word_1_59' title='bbox 2246 1054 2383 1105; x_wconf 82' lang='lat' dir='ltr'><strong>quo-</strong></span> 
     </span>
    </p>
   </div>
   <div class='ocr_carea' id='block_1_11' title="bbox 828 1109 2381 1190">
    <p class='ocr_par' dir='ltr' id='par_1_11' title="bbox 828 1109 2381 1190">
     <span class='ocr_line' id='line_1_11' title="bbox 828 1109 2381 1190; baseline 0.021 -37"><span class='ocrx_word' id='word_1_60' title='bbox 828 1118 931 1170; x_wconf 88' lang='lat' dir='ltr'><strong>que</strong></span> <span class='ocrx_word' id='word_1_61' title='bbox 1000 1109 1312 1164; x_wconf 87' lang='lat' dir='ltr'><strong>revocandis</strong></span> <span class='ocrx_word' id='word_1_62' title='bbox 1376 1113 1443 1166; x_wconf 86' lang='lat' dir='ltr'><strong>ad</strong></span> <span class='ocrx_word' id='word_1_63' title='bbox 1494 1115 1787 1172; x_wconf 83' lang='lat' dir='ltr'><strong>Ecclesiam</strong></span> <span class='ocrx_word' id='word_1_64' title='bbox 1842 1123 2002 1190; x_wconf 84' lang='lat' dir='ltr'><strong>lapsis</strong></span> <span class='ocrx_word' id='word_1_65' title='bbox 2045 1126 2381 1185; x_wconf 88' lang='lat' dir='ltr'><strong>allahoravit.</strong></span> 
     </span>
    </p>
   </div>
   <div class='ocr_carea' id='block_1_12' title="bbox 828 1196 2385 1288">
    <p class='ocr_par' dir='ltr' id='par_1_12' title="bbox 828 1196 2385 1288">
     <span class='ocr_line' id='line_1_12' title="bbox 828 1196 2385 1288; baseline 0.021 -44"><span class='ocrx_word' id='word_1_66' title='bbox 828 1196 978 1257; x_wconf 81' lang='lat' dir='ltr'><strong>Quod</strong></span> <span class='ocrx_word' id='word_1_67' title='bbox 1010 1212 1135 1251; x_wconf 90' lang='lat' dir='ltr'><strong>vero</strong></span> <span class='ocrx_word' id='word_1_68' title='bbox 1168 1198 1220 1253; x_wconf 86' lang='lat' dir='ltr'><strong>bi</strong></span> <span class='ocrx_word' id='word_1_69' title='bbox 1256 1204 1620 1271; x_wconf 78' lang='lat' dir='ltr'><strong>reperirentur</strong></span> <span class='ocrx_word' id='word_1_70' title='bbox 1650 1213 1807 1264; x_wconf 69' lang='lat' dir='ltr'><strong>varia:</strong></span> <span class='ocrx_word' id='word_1_71' title='bbox 1841 1214 2015 1268; x_wconf 71' lang='lat' dir='ltr'><strong>mtatis</strong></span> <span class='ocrx_word' id='word_1_72' title='bbox 2050 1218 2385 1288; x_wconf 73' lang='lat' dir='ltr'><strong>diversaeque</strong></span> 
     </span>
    </p>
   </div>
   <div class='ocr_carea' id='block_1_13' title="bbox 827 1285 2379 1381">
    <p class='ocr_par' dir='ltr' id='par_1_13' title="bbox 827 1285 2379 1381">
     <span class='ocr_line' id='line_1_13' title="bbox 827 1285 2379 1381; baseline 0.023 -47"><span class='ocrx_word' id='word_1_73' title='bbox 827 1285 1149 1345; x_wconf 83' lang='lat' dir='ltr'><strong>conditionis</strong></span> <span class='ocrx_word' id='word_1_74' title='bbox 1175 1330 1189 1355; x_wconf 91' lang='lat'><strong>,</strong></span> <span class='ocrx_word' id='word_1_75' title='bbox 1227 1307 1295 1346; x_wconf 87' lang='lat' dir='ltr'><strong>ne</strong></span> <span class='ocrx_word' id='word_1_76' title='bbox 1330 1297 1608 1352; x_wconf 83' lang='lat' dir='ltr'><strong>vilesceret</strong></span> <span class='ocrx_word' id='word_1_77' title='bbox 1660 1304 2026 1363; x_wconf 80' lang='lat' dir='ltr'><strong>ecclesiastica</strong></span> <span class='ocrx_word' id='word_1_78' title='bbox 2062 1314 2341 1381; x_wconf 82' lang='lat' dir='ltr'><strong>disciplina</strong></span> <span class='ocrx_word' id='word_1_79' title='bbox 2365 1356 2379 1381; x_wconf 89' lang='lat'><strong>,</strong></span> 
     </span>
    </p>
   </div>
   <div class='ocr_carea' id='block_1_14' title="bbox 825 1379 2382 1461">
    <p class='ocr_par' dir='ltr' id='par_1_14' title="bbox 825 1379 2382 1461">
     <span class='ocr_line' id='line_1_14' title="bbox 825 1379 2382 1461; baseline 0.022 -37"><span class='ocrx_word' id='word_1_80' title='bbox 825 1379 1040 1432; x_wconf 76' lang='lat' dir='ltr'><strong>eosdem</strong></span> <span class='ocrx_word' id='word_1_81' title='bbox 1072 1395 1256 1438; x_wconf 70' lang='lat' dir='ltr'><strong>omnes</strong></span> <span class='ocrx_word' id='word_1_82' title='bbox 1285 1386 1495 1441; x_wconf 84' lang='lat' dir='ltr'><strong>diverso</strong></span> <span class='ocrx_word' id='word_1_83' title='bbox 1536 1396 1695 1449; x_wconf 84' lang='lat' dir='ltr'><strong>modo</strong></span> <span class='ocrx_word' id='word_1_84' title='bbox 1722 1410 1962 1453; x_wconf 78' lang='lat' dir='ltr'><strong>censura:</strong></span> <span class='ocrx_word' id='word_1_85' title='bbox 2005 1379 2382 1461; x_wconf 70' lang='lat' dir='ltr'><strong>ecclesiastica:</strong></span> 
     </span>
    </p>
   </div>
   <div class='ocr_carea' id='block_1_15' title="bbox 825 1466 2381 1556">
    <p class='ocr_par' dir='ltr' id='par_1_15' title="bbox 825 1466 2381 1556">
     <span class='ocr_line' id='line_1_15' title="bbox 825 1466 2381 1556; baseline 0.024 -41"><span class='ocrx_word' id='word_1_86' title='bbox 825 1466 989 1521; x_wconf 80' lang='lat' dir='ltr'><strong>voluit</strong></span> <span class='ocrx_word' id='word_1_87' title='bbox 1018 1483 1134 1526; x_wconf 84' lang='lat' dir='ltr'><strong>esse</strong></span> <span class='ocrx_word' id='word_1_88' title='bbox 1168 1476 1462 1543; x_wconf 82' lang='lat' dir='ltr'><strong>subjectos.</strong></span> <span class='ocrx_word' id='word_1_89' title='bbox 1497 1502 1515 1534; x_wconf 82' lang='grc' dir='ltr'><strong>ι</strong></span> <span class='ocrx_word' id='word_1_90' title='bbox 1555 1483 1627 1538; x_wconf 85' lang='lat' dir='ltr'><strong>Ea</strong></span> <span class='ocrx_word' id='word_1_91' title='bbox 1652 1490 1964 1546; x_wconf 89' lang='lat' dir='ltr'><strong>constitutio</strong></span> <span class='ocrx_word' id='word_1_92' title='bbox 1985 1534 1999 1556; x_wconf 93' lang='lat'><strong>,</strong></span> <span class='ocrx_word' id='word_1_93' title='bbox 2030 1508 2148 1547; x_wconf 83' lang='lat' dir='ltr'><strong>cum</strong></span> <span class='ocrx_word' id='word_1_94' title='bbox 2178 1500 2381 1551; x_wconf 89' lang='lat' dir='ltr'><strong>oratio-</strong></span> 
     </span>
    </p>
   </div>
   <div class='ocr_carea' id='block_1_16' title="bbox 822 1557 2380 1644">
    <p class='ocr_par' dir='ltr' id='par_1_16' title="bbox 822 1557 2380 1644">
     <span class='ocr_line' id='line_1_16' title="bbox 822 1557 2380 1644; baseline 0.024 -38"><span class='ocrx_word' id='word_1_95' title='bbox 822 1557 980 1611; x_wconf 80' lang='lat' dir='ltr'><strong>nibns</strong></span> <span class='ocrx_word' id='word_1_96' title='bbox 1005 1563 1168 1619; x_wconf 85' lang='lat' dir='ltr'><strong>variis</strong></span> <span class='ocrx_word' id='word_1_97' title='bbox 1194 1575 1248 1619; x_wconf 91' lang='lat' dir='ltr'><strong>et</strong></span> <span class='ocrx_word' id='word_1_98' title='bbox 1283 1569 1496 1636; x_wconf 88' lang='lat' dir='ltr'><strong>ritibus,</strong></span> <span class='ocrx_word' id='word_1_99' title='bbox 1528 1586 1705 1632; x_wconf 82' lang='lat' dir='ltr'><strong>exstat</strong></span> <span class='ocrx_word' id='word_1_100' title='bbox 1734 1579 1918 1635; x_wconf 76' lang='lat' dir='ltr'><strong>Grtcce</strong></span> <span class='ocrx_word' id='word_1_101' title='bbox 1946 1594 1998 1635; x_wconf 90' lang='lat' dir='ltr'><strong>et</strong></span> <span class='ocrx_word' id='word_1_102' title='bbox 2022 1583 2211 1641; x_wconf 78' lang='lat' dir='ltr'><strong>Latine</strong></span> <span class='ocrx_word' id='word_1_103' title='bbox 2236 1590 2380 1644; x_wconf 90' lang='lat' dir='ltr'><strong>edita</strong></span> 
     </span>
    </p>
   </div>
   <div class='ocr_carea' id='block_1_17' title="bbox 822 1645 2377 1735">
    <p class='ocr_par' dir='ltr' id='par_1_17' title="bbox 822 1645 2377 1735">
     <span class='ocr_line' id='line_1_17' title="bbox 822 1645 2377 1735; baseline 0.024 -39"><span class='ocrx_word' id='word_1_104' title='bbox 822 1661 847 1697; x_wconf 88' lang='lat' dir='ltr'><strong>a</strong></span> <span class='ocrx_word' id='word_1_105' title='bbox 887 1645 1155 1708; x_wconf 77' lang='lat' dir='ltr'><strong>Ludovico</strong></span> <span class='ocrx_word' id='word_1_106' title='bbox 1188 1655 1328 1710; x_wconf 86' lang='lat' dir='ltr'><strong>Guar</strong></span> <span class='ocrx_word' id='word_1_107' title='bbox 1368 1659 1420 1713; x_wconf 91' lang='lat' dir='ltr'><strong>in</strong></span> <span class='ocrx_word' id='word_1_108' title='bbox 1470 1662 1795 1735; x_wconf 79' lang='lat' dir='ltr'><strong>Euchnlogio</strong></span> <span class='ocrx_word' id='word_1_109' title='bbox 1835 1669 1950 1726; x_wconf 86' lang='lat' dir='ltr'><strong>sive</strong></span> <span class='ocrx_word' id='word_1_110' title='bbox 1984 1672 2187 1729; x_wconf 83' lang='lat' dir='ltr'><strong>Rituali</strong></span> <span class='ocrx_word' id='word_1_111' title='bbox 2224 1676 2377 1732; x_wconf 68' lang='lat' dir='ltr'><strong>Gri!!-</strong></span> 
     </span>
    </p>
   </div>
   <div class='ocr_carea' id='block_1_18' title="bbox 818 1748 2377 1830">
    <p class='ocr_par' dir='ltr' id='par_1_18' title="bbox 818 1748 2377 1830">
     <span class='ocr_line' id='line_1_18' title="bbox 818 1748 2377 1830; baseline 0.021 -38"><span class='ocrx_word' id='word_1_112' title='bbox 818 1754 1004 1795; x_wconf 90' lang='lat' dir='ltr'><strong>corum</strong></span> <span class='ocrx_word' id='word_1_113' title='bbox 1046 1759 1165 1812; x_wconf 77' lang='lat' dir='ltr'><strong>pag.</strong></span> <span class='ocrx_word' id='word_1_114' title='bbox 1200 1748 1302 1801; x_wconf 84' lang='lat'><strong>676</strong></span> <span class='ocrx_word' id='word_1_115' title='bbox 1336 1760 1388 1803; x_wconf 92' lang='lat' dir='ltr'><strong>ct</strong></span> <span class='ocrx_word' id='word_1_116' title='bbox 1420 1752 1603 1809; x_wconf 88' lang='lat' dir='ltr'><strong>decem</strong></span> <span class='ocrx_word' id='word_1_117' title='bbox 1625 1763 1973 1828; x_wconf 85' lang='lat' dir='ltr'><strong>sequentibus</strong></span> <span class='ocrx_word' id='word_1_118' title='bbox 1995 1806 2011 1830; x_wconf 91' lang='lat'><strong>,</strong></span> <span class='ocrx_word' id='word_1_119' title='bbox 2044 1768 2144 1820; x_wconf 90' lang='lat' dir='ltr'><strong>sub</strong></span> <span class='ocrx_word' id='word_1_120' title='bbox 2179 1770 2276 1826; x_wconf 86' lang='lat' dir='ltr'><strong>hoc</strong></span> <span class='ocrx_word' id='word_1_121' title='bbox 2307 1773 2377 1824; x_wconf 86' lang='lat' dir='ltr'><strong>ti-</strong></span> 
     </span>
    </p>
   </div>
   <div class='ocr_carea' id='block_1_19' title="bbox 820 1828 2449 1926">
    <p class='ocr_par' dir='ltr' id='par_1_19' title="bbox 820 1828 2449 1926">
     <span class='ocr_line' id='line_1_19' title="bbox 820 1828 2449 1926; baseline 0.026 -48"><span class='ocrx_word' id='word_1_122' title='bbox 820 1834 946 1926; x_wconf 74' lang='lat' dir='ltr'><strong>tuin.</strong></span> <span class='ocrx_word' id='word_1_123' title='bbox 997 1850 1025 1926; x_wconf 17' lang='grc' dir='ltr'>*ι</span> <span class='ocrx_word' id='word_1_124' title='bbox 1080 1833 1335 1894; x_wconf 75' lang='lat' dir='ltr'><strong>Methodii</strong></span> <span class='ocrx_word' id='word_1_125' title='bbox 1388 1846 1713 1911; x_wconf 71' lang='lat' dir='ltr'><strong>patriarcha:</strong></span> <span class='ocrx_word' id='word_1_126' title='bbox 1744 1828 2268 1926; x_wconf 80' lang='lat' dir='ltr'><strong>Constantinopolis,</strong></span> <span class='ocrx_word' id='word_1_127' title='bbox 2308 1864 2375 1918; x_wconf 87' lang='lat' dir='ltr'><strong>de</strong></span> <span class='ocrx_word' id='word_1_128' title='bbox 2408 1828 2449 1882; x_wconf 76' lang='grc' dir='ltr'>Β</span> 
     </span>
    </p>
   </div>
   <div class='ocr_carea' id='block_1_20' title="bbox 817 1918 2374 2015">
    <p class='ocr_par' dir='ltr' id='par_1_20' title="bbox 817 1918 2374 2015">
     <span class='ocr_line' id='line_1_20' title="bbox 817 1918 2374 2015; baseline 0.024 -44"><span class='ocrx_word' id='word_1_129' title='bbox 817 1918 882 1973; x_wconf 89' lang='lat' dir='ltr'><strong>l:s</strong></span> <span class='ocrx_word' id='word_1_130' title='bbox 920 1923 1009 1991; x_wconf 92' lang='lat' dir='ltr'><strong>qui</strong></span> <span class='ocrx_word' id='word_1_131' title='bbox 1044 1926 1400 1996; x_wconf 75' lang='lat' dir='ltr'><strong>abnegarent,</strong></span> <span class='ocrx_word' id='word_1_132' title='bbox 1442 1938 1735 1993; x_wconf 90' lang='lat' dir='ltr'><strong>secundum</strong></span> <span class='ocrx_word' id='word_1_133' title='bbox 1764 1944 2004 2000; x_wconf 81' lang='lat' dir='ltr'><strong>diversas</strong></span> <span class='ocrx_word' id='word_1_134' title='bbox 2031 1962 2287 2015; x_wconf 84' lang='lat' dir='ltr'><strong>personas</strong></span> <span class='ocrx_word' id='word_1_135' title='bbox 2319 1963 2374 2008; x_wconf 92' lang='lat' dir='ltr'><strong>et</strong></span> 
     </span>
    </p>
   </div>
   <div class='ocr_carea' id='block_1_21' title="bbox 812 2022 2372 2105">
    <p class='ocr_par' dir='ltr' id='par_1_21' title="bbox 812 2022 2372 2105">
     <span class='ocr_line' id='line_1_21' title="bbox 812 2022 2372 2105; baseline 0.024 -42"><span class='ocrx_word' id='word_1_136' title='bbox 812 2025 1029 2079; x_wconf 71' lang='lat' dir='ltr'><strong>anates,</strong></span> <span class='ocrx_word' id='word_1_137' title='bbox 1063 2027 1115 2072; x_wconf 88' lang='lat' dir='ltr'><strong>et</strong></span> <span class='ocrx_word' id='word_1_138' title='bbox 1152 2022 1216 2073; x_wconf 89' lang='lat' dir='ltr'><strong>ad</strong></span> <span class='ocrx_word' id='word_1_139' title='bbox 1258 2024 1612 2082; x_wconf 75' lang='lat' dir='ltr'><strong>orthodoxam</strong></span> <span class='ocrx_word' id='word_1_140' title='bbox 1649 2044 1941 2105; x_wconf 85' lang='lat' dir='ltr'><strong>veramque</strong></span> <span class='ocrx_word' id='word_1_141' title='bbox 1980 2038 2138 2093; x_wconf 86' lang='lat' dir='ltr'><strong>ﬁdem</strong></span> <span class='ocrx_word' id='word_1_142' title='bbox 2192 2058 2372 2099; x_wconf 84' lang='lat' dir='ltr'><strong>rever-</strong></span> 
     </span>
    </p>
   </div>
   <div class='ocr_carea' id='block_1_22' title="bbox 813 2106 2369 2199">
    <p class='ocr_par' dir='ltr' id='par_1_22' title="bbox 813 2106 2369 2199">
     <span class='ocr_line' id='line_1_22' title="bbox 813 2106 2369 2199; baseline 0.021 -42"><span class='ocrx_word' id='word_1_143' title='bbox 813 2113 1015 2160; x_wconf 88' lang='lat' dir='ltr'><strong>tuntur.</strong></span> <span class='ocrx_word' id='word_1_144' title='bbox 1032 2125 1069 2199; x_wconf 23' lang='lat'><strong>7)</strong></span> <span class='ocrx_word' id='word_1_145' title='bbox 1109 2106 1277 2181; x_wconf 87' lang='lat' dir='ltr'><strong>Hujus</strong></span> <span class='ocrx_word' id='word_1_146' title='bbox 1297 2129 1423 2182; x_wconf 88' lang='lat' dir='ltr'><strong>pars</strong></span> <span class='ocrx_word' id='word_1_147' title='bbox 1444 2117 1620 2187; x_wconf 88' lang='lat' dir='ltr'><strong>aliqua</strong></span> <span class='ocrx_word' id='word_1_148' title='bbox 1641 2132 1817 2178; x_wconf 82' lang='lat' dir='ltr'><strong>exstat</strong></span> <span class='ocrx_word' id='word_1_149' title='bbox 1845 2128 2006 2181; x_wconf 84' lang='lat' dir='ltr'><strong>etiam</strong></span> <span class='ocrx_word' id='word_1_150' title='bbox 2034 2135 2172 2199; x_wconf 90' lang='lat' dir='ltr'><strong>apud</strong></span> <span class='ocrx_word' id='word_1_151' title='bbox 2192 2133 2369 2188; x_wconf 85' lang='lat' dir='ltr'><strong>Theo-</strong></span> 
     </span>
    </p>
   </div>
   <div class='ocr_carea' id='block_1_23' title="bbox 810 2197 2369 2285">
    <p class='ocr_par' dir='ltr' id='par_1_23' title="bbox 810 2197 2369 2285">
     <span class='ocr_line' id='line_1_23' title="bbox 810 2197 2369 2285; baseline 0.024 -42"><span class='ocrx_word' id='word_1_152' title='bbox 810 2197 999 2251; x_wconf 80' lang='lat' dir='ltr'><strong>dorum</strong></span> <span class='ocrx_word' id='word_1_153' title='bbox 1032 2198 1439 2272; x_wconf 80' lang='lat' dir='ltr'><strong>Balsamonem,</strong></span> <span class='ocrx_word' id='word_1_154' title='bbox 1475 2220 1527 2263; x_wconf 88' lang='lat' dir='ltr'><strong>et</strong></span> <span class='ocrx_word' id='word_1_155' title='bbox 1558 2226 1622 2265; x_wconf 76' lang='lat' dir='ltr'><strong>ex</strong></span> <span class='ocrx_word' id='word_1_156' title='bbox 1654 2228 1719 2267; x_wconf 92' lang='lat' dir='ltr'><strong>eo</strong></span> <span class='ocrx_word' id='word_1_157' title='bbox 1749 2217 1885 2285; x_wconf 89' lang='lat' dir='ltr'><strong>apud</strong></span> <span class='ocrx_word' id='word_1_158' title='bbox 1918 2197 2209 2276; x_wconf 86' lang='lat' dir='ltr'><strong>Baronium</strong></span> <span class='ocrx_word' id='word_1_159' title='bbox 2251 2225 2369 2281; x_wconf 91' lang='lat' dir='ltr'><strong>loco</strong></span> 
     </span>
    </p>
   </div>
   <div class='ocr_carea' id='block_1_24' title="bbox 808 2290 1190 2354">
    <p class='ocr_par' dir='ltr' id='par_1_24' title="bbox 808 2290 1190 2354">
     <span class='ocr_line' id='line_1_24' title="bbox 808 2290 1190 2354; baseline 0.029 -17"><span class='ocrx_word' id='word_1_160' title='bbox 808 2301 969 2354; x_wconf 82' lang='lat' dir='ltr'><strong>supra</strong></span> <span class='ocrx_word' id='word_1_161' title='bbox 1003 2290 1190 2348; x_wconf 90' lang='lat' dir='ltr'><strong>relato.</strong></span> 
     </span>
    </p>
   </div>
   <div class='ocr_carea' id='block_1_25' title="bbox 875 2377 2366 2469">
    <p class='ocr_par' dir='ltr' id='par_1_25' title="bbox 875 2377 2366 2469">
     <span class='ocr_line' id='line_1_25' title="bbox 875 2377 2366 2469; baseline 0.024 -39"><span class='ocrx_word' id='word_1_162' title='bbox 875 2377 964 2433; x_wconf 72' lang='lat'><strong>20.</strong></span> <span class='ocrx_word' id='word_1_163' title='bbox 1004 2379 1284 2442; x_wconf 82' lang='lat' dir='ltr'><strong>Edidimus</strong></span> <span class='ocrx_word' id='word_1_164' title='bbox 1336 2406 1434 2446; x_wconf 89' lang='lat' dir='ltr'><strong>nos</strong></span> <span class='ocrx_word' id='word_1_165' title='bbox 1482 2393 1547 2448; x_wconf 83' lang='lat' dir='ltr'><strong>ad</strong></span> <span class='ocrx_word' id='word_1_166' title='bbox 1592 2398 1732 2451; x_wconf 89' lang='lat' dir='ltr'><strong>diem</strong></span> <span class='ocrx_word' id='word_1_167' title='bbox 1787 2402 2030 2469; x_wconf 88' lang='lat' dir='ltr'><strong>quintum</strong></span> <span class='ocrx_word' id='word_1_168' title='bbox 2088 2406 2366 2467; x_wconf 82' lang='lat' dir='ltr'><strong>Februarii</strong></span> 
     </span>
    </p>
   </div>
   <div class='ocr_carea' id='block_1_26' title="bbox 806 2469 2364 2556">
    <p class='ocr_par' dir='ltr' id='par_1_26' title="bbox 806 2469 2364 2556">
     <span class='ocr_line' id='line_1_26' title="bbox 806 2469 2364 2556; baseline 0.025 -39"><span class='ocrx_word' id='word_1_169' title='bbox 806 2469 1042 2535; x_wconf 75' lang='lat' dir='ltr'><strong>ejusdem</strong></span> <span class='ocrx_word' id='word_1_170' title='bbox 1096 2478 1267 2532; x_wconf 90' lang='lat' dir='ltr'><strong>sancti</strong></span> <span class='ocrx_word' id='word_1_171' title='bbox 1329 2480 1583 2541; x_wconf 77' lang='lat' dir='ltr'><strong>Mclhodii</strong></span> <span class='ocrx_word' id='word_1_172' title='bbox 1635 2487 1947 2547; x_wconf 88' lang='lat' dir='ltr'><strong>Orationem</strong></span> <span class='ocrx_word' id='word_1_173' title='bbox 2003 2495 2054 2549; x_wconf 93' lang='lat' dir='ltr'><strong>in</strong></span> <span class='ocrx_word' id='word_1_174' title='bbox 2117 2510 2364 2556; x_wconf 89' lang='lat' dir='ltr'><strong>sanctum</strong></span> 
     </span>
    </p>
   </div>
   <div class='ocr_carea' id='block_1_27' title="bbox 804 2560 2360 2644">
    <p class='ocr_par' dir='ltr' id='par_1_27' title="bbox 804 2560 2360 2644">
     <span class='ocr_line' id='line_1_27' title="bbox 804 2560 2360 2644; baseline 0.024 -38"><span class='ocrx_word' id='word_1_175' title='bbox 804 2560 1095 2626; x_wconf 66' lang='lat' dir='ltr'><strong>Agatham,</strong></span> <span class='ocrx_word' id='word_1_176' title='bbox 1139 2568 1375 2638; x_wconf 87' lang='lat' dir='ltr'><strong>quinque</strong></span> <span class='ocrx_word' id='word_1_177' title='bbox 1408 2574 1675 2641; x_wconf 83' lang='lat' dir='ltr'><strong>capitibus</strong></span> <span class='ocrx_word' id='word_1_178' title='bbox 1725 2594 1752 2630; x_wconf 92' lang='lat' dir='ltr'><strong>a</strong></span> <span class='ocrx_word' id='word_1_179' title='bbox 1800 2583 1956 2636; x_wconf 90' lang='lat' dir='ltr'><strong>nobis</strong></span> <span class='ocrx_word' id='word_1_180' title='bbox 1987 2583 2297 2643; x_wconf 82' lang='lat' dir='ltr'><strong>distinctam</strong></span> <span class='ocrx_word' id='word_1_181' title='bbox 2348 2609 2360 2644; x_wconf 74' lang='grc' dir='ltr'><strong>ε</strong></span> 
     </span>
    </p>
   </div>
   <div class='ocr_carea' id='block_1_28' title="bbox 803 2648 2362 2743">
    <p class='ocr_par' dir='ltr' id='par_1_28' title="bbox 803 2648 2362 2743">
     <span class='ocr_line' id='line_1_28' title="bbox 803 2648 2362 2743; baseline 0.025 -47"><span class='ocrx_word' id='word_1_182' title='bbox 803 2648 1066 2706; x_wconf 71' lang='lat' dir='ltr'><strong>edidimus</strong></span> <span class='ocrx_word' id='word_1_183' title='bbox 1094 2656 1256 2711; x_wconf 88' lang='lat' dir='ltr'><strong>etiam</strong></span> <span class='ocrx_word' id='word_1_184' title='bbox 1291 2662 1357 2715; x_wconf 84' lang='lat' dir='ltr'><strong>ad</strong></span> <span class='ocrx_word' id='word_1_185' title='bbox 1389 2664 1529 2718; x_wconf 88' lang='lat' dir='ltr'><strong>diem</strong></span> <span class='ocrx_word' id='word_1_186' title='bbox 1569 2667 1636 2720; x_wconf 78' lang='lat' dir='ltr'><strong>I2</strong></span> <span class='ocrx_word' id='word_1_187' title='bbox 1671 2668 1847 2726; x_wconf 86' lang='lat' dir='ltr'><strong>Martii</strong></span> <span class='ocrx_word' id='word_1_188' title='bbox 1879 2674 2144 2743; x_wconf 88' lang='lat' dir='ltr'><strong>duplicem</strong></span> <span class='ocrx_word' id='word_1_189' title='bbox 2191 2677 2362 2735; x_wconf 78' lang='lat' dir='ltr'><strong>Vitam</strong></span> 
     </span>
    </p>
   </div>
   <div class='ocr_carea' id='block_1_29' title="bbox 804 2744 2364 2841">
    <p class='ocr_par' dir='ltr' id='par_1_29' title="bbox 804 2744 2364 2841">
     <span class='ocr_line' id='line_1_29' title="bbox 804 2744 2364 2841; baseline 0.024 -51"><span class='ocrx_word' id='word_1_190' title='bbox 804 2744 977 2795; x_wconf 82' lang='lat' dir='ltr'><strong>sancti</strong></span> <span class='ocrx_word' id='word_1_191' title='bbox 1013 2744 1387 2819; x_wconf 84' lang='lat' dir='ltr'><strong>Theophanis,</strong></span> <span class='ocrx_word' id='word_1_192' title='bbox 1424 2754 1706 2826; x_wconf 82' lang='lat' dir='ltr'><strong>hegumcni</strong></span> <span class='ocrx_word' id='word_1_193' title='bbox 1742 2774 1793 2815; x_wconf 87' lang='lat' dir='ltr'><strong>et</strong></span> <span class='ocrx_word' id='word_1_194' title='bbox 1826 2767 2191 2836; x_wconf 76' lang='lat' dir='ltr'><strong>confessoris,</strong></span> <span class='ocrx_word' id='word_1_195' title='bbox 2221 2775 2364 2841; x_wconf 93' lang='lat' dir='ltr'><strong>prio-</strong></span> 
     </span>
    </p>
   </div>
   <div class='ocr_carea' id='block_1_30' title="bbox 806 2845 2364 2917">
    <p class='ocr_par' dir='ltr' id='par_1_30' title="bbox 806 2845 2364 2917">
     <span class='ocr_line' id='line_1_30' title="bbox 806 2845 2364 2917; baseline 0.022 -35"><span class='ocrx_word' id='word_1_196' title='bbox 806 2846 917 2884; x_wconf 84' lang='lat' dir='ltr'><strong>rem</strong></span> <span class='ocrx_word' id='word_1_197' title='bbox 949 2847 1167 2893; x_wconf 90' lang='lat' dir='ltr'><strong>auctore</strong></span> <span class='ocrx_word' id='word_1_198' title='bbox 1196 2855 1383 2898; x_wconf 86' lang='lat' dir='ltr'><strong>sancto</strong></span> <span class='ocrx_word' id='word_1_199' title='bbox 1427 2845 1711 2906; x_wconf 85' lang='lat' dir='ltr'><strong>Theodoro</strong></span> <span class='ocrx_word' id='word_1_200' title='bbox 1749 2852 1957 2911; x_wconf 89' lang='lat' dir='ltr'><strong>Studita</strong></span> <span class='ocrx_word' id='word_1_201' title='bbox 1995 2872 2083 2914; x_wconf 91' lang='lat' dir='ltr'><strong>aut</strong></span> <span class='ocrx_word' id='word_1_202' title='bbox 2109 2862 2214 2914; x_wconf 92' lang='lat' dir='ltr'><strong>alio</strong></span> <span class='ocrx_word' id='word_1_203' title='bbox 2252 2879 2364 2917; x_wconf 83' lang='lat' dir='ltr'><strong>ruo-</strong></span> 
     </span>
    </p>
   </div>
   <div class='ocr_carea' id='block_1_31' title="bbox 802 2926 2358 3017">
    <p class='ocr_par' dir='ltr' id='par_1_31' title="bbox 802 2926 2358 3017">
     <span class='ocr_line' id='line_1_31' title="bbox 802 2926 2358 3017; baseline 0.024 -44"><span class='ocrx_word' id='word_1_204' title='bbox 802 2926 973 2979; x_wconf 81' lang='lat' dir='ltr'><strong>nacho</strong></span> <span class='ocrx_word' id='word_1_205' title='bbox 1011 2944 1225 2997; x_wconf 71' lang='lat' dir='ltr'><strong>cetero;</strong></span> <span class='ocrx_word' id='word_1_206' title='bbox 1270 2936 1492 2993; x_wconf 88' lang='lat' dir='ltr'><strong>alteram</strong></span> <span class='ocrx_word' id='word_1_207' title='bbox 1530 2953 1784 3009; x_wconf 85' lang='lat' dir='ltr'><strong>auctore,</strong></span> <span class='ocrx_word' id='word_1_208' title='bbox 1830 2957 1888 3001; x_wconf 94' lang='lat' dir='ltr'><strong>ut</strong></span> <span class='ocrx_word' id='word_1_209' title='bbox 1918 2951 2145 3017; x_wconf 85' lang='lat' dir='ltr'><strong>videtur,</strong></span> <span class='ocrx_word' id='word_1_210' title='bbox 2195 2956 2358 3011; x_wconf 84' lang='lat' dir='ltr'><strong>Meta-</strong></span> 
     </span>
    </p>
   </div>
   <div class='ocr_carea' id='block_1_32' title="bbox 800 3016 2360 3112">
    <p class='ocr_par' dir='ltr' id='par_1_32' title="bbox 800 3016 2360 3112">
     <span class='ocr_line' id='line_1_32' title="bbox 800 3016 2360 3112; baseline 0.025 -47"><span class='ocrx_word' id='word_1_211' title='bbox 800 3016 1018 3083; x_wconf 74' lang='lat' dir='ltr'><strong>phraSIe</strong></span> <span class='ocrx_word' id='word_1_212' title='bbox 1077 3040 1091 3076; x_wconf 89' lang='lat'><strong>:</strong></span> <span class='ocrx_word' id='word_1_213' title='bbox 1146 3028 1235 3093; x_wconf 91' lang='lat' dir='ltr'><strong>qui</strong></span> <span class='ocrx_word' id='word_1_214' title='bbox 1283 3045 1428 3083; x_wconf 89' lang='lat' dir='ltr'><strong>num.</strong></span> <span class='ocrx_word' id='word_1_215' title='bbox 1469 3033 1525 3086; x_wconf 85' lang='lat' dir='ltr'><strong>II</strong></span> <span class='ocrx_word' id='word_1_216' title='bbox 1581 3048 1803 3091; x_wconf 80' lang='lat' dir='ltr'><strong>excusat</strong></span> <span class='ocrx_word' id='word_1_217' title='bbox 1854 3055 1934 3105; x_wconf 91' lang='lat' dir='ltr'><strong>se,</strong></span> <span class='ocrx_word' id='word_1_218' title='bbox 1994 3047 2133 3112; x_wconf 91' lang='lat' dir='ltr'><strong>quod</strong></span> <span class='ocrx_word' id='word_1_219' title='bbox 2176 3052 2360 3104; x_wconf 80' lang='lat' dir='ltr'><strong>uxoris</strong></span> 
     </span>
    </p>
   </div>
   <div class='ocr_carea' id='block_1_33' title="bbox 2492 586 4049 665">
    <p class='ocr_par' dir='ltr' id='par_1_33' title="bbox 2492 586 4049 665">
     <span class='ocr_line' id='line_1_33' title="bbox 2492 586 4049 665; baseline 0.012 -29"><span class='ocrx_word' id='word_1_220' title='bbox 2492 586 2658 653; x_wconf 85' lang='lat' dir='ltr'><strong>ipsius</strong></span> <span class='ocrx_word' id='word_1_221' title='bbox 2690 588 2797 642; x_wconf 84' lang='lat' dir='ltr'><strong>vita</strong></span> <span class='ocrx_word' id='word_1_222' title='bbox 2825 591 3146 658; x_wconf 88' lang='lat' dir='ltr'><strong>composuit.</strong></span> <span class='ocrx_word' id='word_1_223' title='bbox 3184 610 3202 643; x_wconf 79' lang='grc' dir='ltr'><strong>ι</strong></span> <span class='ocrx_word' id='word_1_224' title='bbox 3235 593 3382 649; x_wconf 88' lang='lat' dir='ltr'><strong>Ilauc</strong></span> <span class='ocrx_word' id='word_1_225' title='bbox 3412 597 3772 665; x_wconf 86' lang='lat' dir='ltr'><strong>scriptionem</strong></span> <span class='ocrx_word' id='word_1_226' title='bbox 3806 599 4049 655; x_wconf 69' lang='lat' dir='ltr'><strong>hactenus</strong></span> 
     </span>
    </p>
   </div>
   <div class='ocr_carea' id='block_1_34' title="bbox 2491 679 4048 758">
    <p class='ocr_par' dir='ltr' id='par_1_34' title="bbox 2491 679 4048 758">
     <span class='ocr_line' id='line_1_34' title="bbox 2491 679 4048 758; baseline 0.01 -29"><span class='ocrx_word' id='word_1_227' title='bbox 2491 693 2595 730; x_wconf 81' lang='lat' dir='ltr'><strong>non</strong></span> <span class='ocrx_word' id='word_1_228' title='bbox 2628 679 2778 734; x_wconf 88' lang='lat' dir='ltr'><strong>licuit</strong></span> <span class='ocrx_word' id='word_1_229' title='bbox 2809 681 3008 736; x_wconf 74' lang='lat' dir='ltr'><strong>videre.</strong></span> <span class='ocrx_word' id='word_1_230' title='bbox 3047 682 3234 737; x_wconf 74' lang='lat' dir='ltr'><strong>Exstat</strong></span> <span class='ocrx_word' id='word_1_231' title='bbox 3270 686 3430 739; x_wconf 89' lang='lat' dir='ltr'><strong>etiam</strong></span> <span class='ocrx_word' id='word_1_232' title='bbox 3472 688 3613 743; x_wconf 88' lang='lat' dir='ltr'><strong>inter</strong></span> <span class='ocrx_word' id='word_1_233' title='bbox 3659 705 3834 758; x_wconf 81' lang='lat' dir='ltr'><strong>opera</strong></span> <span class='ocrx_word' id='word_1_234' title='bbox 3880 703 4048 747; x_wconf 77' lang='lat' dir='ltr'><strong>sancto</strong></span> 
     </span>
    </p>
   </div>
   <div class='ocr_carea' id='block_1_35' title="bbox 2493 767 4045 848">
    <p class='ocr_par' dir='ltr' id='par_1_35' title="bbox 2493 767 4045 848">
     <span class='ocr_line' id='line_1_35' title="bbox 2493 767 4045 848; baseline 0.012 -28"><span class='ocrx_word' id='word_1_235' title='bbox 2493 767 2740 839; x_wconf 79' lang='lat' dir='ltr'><strong>Dionysio</strong></span> <span class='ocrx_word' id='word_1_236' title='bbox 2766 771 3104 843; x_wconf 74' lang='lat' dir='ltr'><strong>Areopagitzc</strong></span> <span class='ocrx_word' id='word_1_237' title='bbox 3134 778 3413 843; x_wconf 88' lang='lat' dir='ltr'><strong>attributa,</strong></span> <span class='ocrx_word' id='word_1_238' title='bbox 3446 782 3582 848; x_wconf 83' lang='lat' dir='ltr'><strong>apud</strong></span> <span class='ocrx_word' id='word_1_239' title='bbox 3609 781 3844 837; x_wconf 87' lang='lat' dir='ltr'><strong>Petrum</strong></span> <span class='ocrx_word' id='word_1_240' title='bbox 3872 782 4045 838; x_wconf 81' lang='lat' dir='ltr'><strong>Lause-</strong></span> 
     </span>
    </p>
   </div>
   <div class='ocr_carea' id='block_1_36' title="bbox 2488 861 4044 944">
    <p class='ocr_par' dir='ltr' id='par_1_36' title="bbox 2488 861 4044 944">
     <span class='ocr_line' id='line_1_36' title="bbox 2488 861 4044 944; baseline 0.007 -30"><span class='ocrx_word' id='word_1_241' title='bbox 2488 861 2616 914; x_wconf 89' lang='lat' dir='ltr'><strong>linm</strong></span> <span class='ocrx_word' id='word_1_242' title='bbox 2651 870 2707 917; x_wconf 84' lang='lat' dir='ltr'><strong>et</strong></span> <span class='ocrx_word' id='word_1_243' title='bbox 2752 862 3121 919; x_wconf 76' lang='lat' dir='ltr'><strong>Balthasarem</strong></span> <span class='ocrx_word' id='word_1_244' title='bbox 3154 866 3495 932; x_wconf 89' lang='lat' dir='ltr'><strong>Corderium,</strong></span> <span class='ocrx_word' id='word_1_245' title='bbox 3540 872 4044 944; x_wconf 62' lang='lat' dir='ltr'><strong>illiusjlartyrium,</strong></span> 
     </span>
    </p>
   </div>
   <div class='ocr_carea' id='block_1_37' title="bbox 2488 956 4043 1029">
    <p class='ocr_par' dir='ltr' id='par_1_37' title="bbox 2488 956 4043 1029">
     <span class='ocr_line' id='line_1_37' title="bbox 2488 956 4043 1029; baseline 0.011 -25"><span class='ocrx_word' id='word_1_246' title='bbox 2488 963 2709 1007; x_wconf 79' lang='lat' dir='ltr'><strong>auctore.</strong></span> <span class='ocrx_word' id='word_1_247' title='bbox 2764 956 3053 1023; x_wconf 74' lang='lat' dir='ltr'><strong>Methodio,</strong></span> <span class='ocrx_word' id='word_1_248' title='bbox 3099 961 3179 1011; x_wconf 82' lang='lat' dir='ltr'><strong>vel</strong></span> <span class='ocrx_word' id='word_1_249' title='bbox 3228 962 3322 1029; x_wconf 90' lang='lat' dir='ltr'><strong>(ut</strong></span> <span class='ocrx_word' id='word_1_250' title='bbox 3352 962 3483 1028; x_wconf 80' lang='lat' dir='ltr'><strong>alii)</strong></span> <span class='ocrx_word' id='word_1_251' title='bbox 3535 965 3881 1019; x_wconf 78' lang='lat' dir='ltr'><strong>Metrodoro.</strong></span> <span class='ocrx_word' id='word_1_252' title='bbox 3933 966 4043 1021; x_wconf 79' lang='lat' dir='ltr'><strong>Illud</strong></span> 
     </span>
    </p>
   </div>
   <div class='ocr_carea' id='block_1_38' title="bbox 2487 1046 4045 1117">
    <p class='ocr_par' dir='ltr' id='par_1_38' title="bbox 2487 1046 4045 1117">
     <span class='ocr_line' id='line_1_38' title="bbox 2487 1046 4045 1117; baseline 0.01 -21"><span class='ocrx_word' id='word_1_253' title='bbox 2487 1056 2675 1096; x_wconf 81' lang='lat' dir='ltr'><strong>sancto</strong></span> <span class='ocrx_word' id='word_1_254' title='bbox 2713 1046 2983 1101; x_wconf 75' lang='lat' dir='ltr'><strong>Methndio</strong></span> <span class='ocrx_word' id='word_1_255' title='bbox 3034 1053 3353 1117; x_wconf 72' lang='lat' dir='ltr'><strong>patriarcha:</strong></span> <span class='ocrx_word' id='word_1_256' title='bbox 3404 1056 3686 1109; x_wconf 86' lang='lat' dir='ltr'><strong>ascribunt</strong></span> <span class='ocrx_word' id='word_1_257' title='bbox 3732 1057 4045 1112; x_wconf 77' lang='lat' dir='ltr'><strong>Anastasius</strong></span> 
     </span>
    </p>
   </div>
   <div class='ocr_carea' id='block_1_39' title="bbox 2487 1134 4044 1209">
    <p class='ocr_par' dir='ltr' id='par_1_39' title="bbox 2487 1134 4044 1209">
     <span class='ocr_line' id='line_1_39' title="bbox 2487 1134 4044 1209; baseline 0.006 -21"><span class='ocrx_word' id='word_1_258' title='bbox 2487 1134 2944 1203; x_wconf 73' lang='lat' dir='ltr'><strong>bihléothecarius,</strong></span> <span class='ocrx_word' id='word_1_259' title='bbox 2975 1140 3024 1192; x_wconf 93' lang='lat' dir='ltr'><strong>in</strong></span> <span class='ocrx_word' id='word_1_260' title='bbox 3055 1141 3281 1206; x_wconf 89' lang='lat' dir='ltr'><strong>epistola</strong></span> <span class='ocrx_word' id='word_1_261' title='bbox 3314 1142 3377 1195; x_wconf 87' lang='lat' dir='ltr'><strong>ad</strong></span> <span class='ocrx_word' id='word_1_262' title='bbox 3412 1143 3668 1197; x_wconf 86' lang='lat' dir='ltr'><strong>Carolum</strong></span> <span class='ocrx_word' id='word_1_263' title='bbox 3703 1146 3974 1209; x_wconf 71' lang='lat' dir='ltr'><strong>Calvum;</strong></span> <span class='ocrx_word' id='word_1_264' title='bbox 4002 1159 4044 1200; x_wconf 80' lang='lat' dir='ltr'><strong>cI</strong></span> 
     </span>
    </p>
   </div>
   <div class='ocr_carea' id='block_1_40' title="bbox 2485 1227 4041 1305">
    <p class='ocr_par' dir='ltr' id='par_1_40' title="bbox 2485 1227 4041 1305">
     <span class='ocr_line' id='line_1_40' title="bbox 2485 1227 4041 1305; baseline 0.006 -25"><span class='ocrx_word' id='word_1_265' title='bbox 2485 1227 2847 1292; x_wconf 85' lang='lat' dir='ltr'><strong>Flodoardus,</strong></span> <span class='ocrx_word' id='word_1_266' title='bbox 2882 1230 2976 1283; x_wconf 86' lang='lat' dir='ltr'><strong>lib.</strong></span> <span class='ocrx_word' id='word_1_267' title='bbox 3013 1246 3071 1283; x_wconf 92' lang='grc' dir='ltr'><strong>ιιι</strong></span> <span class='ocrx_word' id='word_1_268' title='bbox 3109 1231 3357 1286; x_wconf 75' lang='lat' dir='ltr'><strong>llistoria:</strong></span> <span class='ocrx_word' id='word_1_269' title='bbox 3390 1233 3684 1288; x_wconf 79' lang='lat' dir='ltr'><strong>Remensis</strong></span> <span class='ocrx_word' id='word_1_270' title='bbox 3721 1252 3857 1305; x_wconf 87' lang='lat' dir='ltr'><strong>cap.</strong></span> <span class='ocrx_word' id='word_1_271' title='bbox 3902 1253 4041 1299; x_wconf 78' lang='lat' dir='ltr'><strong>mu;</strong></span> 
     </span>
    </p>
   </div>
   <div class='ocr_carea' id='block_1_41' title="bbox 2484 1318 4044 1392">
    <p class='ocr_par' dir='ltr' id='par_1_41' title="bbox 2484 1318 4044 1392">
     <span class='ocr_line' id='line_1_41' title="bbox 2484 1318 4044 1392; baseline 0.006 -21"><span class='ocrx_word' id='word_1_272' title='bbox 2484 1318 2573 1372; x_wconf 91' lang='lat' dir='ltr'><strong>ubi</strong></span> <span class='ocrx_word' id='word_1_273' title='bbox 2627 1334 2913 1375; x_wconf 85' lang='lat' dir='ltr'><strong>recensens</strong></span> <span class='ocrx_word' id='word_1_274' title='bbox 2956 1321 3228 1376; x_wconf 89' lang='lat' dir='ltr'><strong>llincmari</strong></span> <span class='ocrx_word' id='word_1_275' title='bbox 3286 1325 3519 1392; x_wconf 85' lang='lat' dir='ltr'><strong>episcopi</strong></span> <span class='ocrx_word' id='word_1_276' title='bbox 3576 1328 3819 1392; x_wconf 85' lang='lat' dir='ltr'><strong>scripta,</strong></span> <span class='ocrx_word' id='word_1_277' title='bbox 3881 1329 4044 1391; x_wconf 81' lang='lat' dir='ltr'><strong>addit;</strong></span> 
     </span>
    </p>
   </div>
   <div class='ocr_carea' id='block_1_42' title="bbox 2489 1410 4049 1485">
    <p class='ocr_par' dir='ltr' id='par_1_42' title="bbox 2489 1410 4049 1485">
     <span class='ocr_line' id='line_1_42' title="bbox 2489 1410 4049 1485; baseline 0.008 -26"><span class='ocrx_word' id='word_1_278' title='bbox 2489 1428 2507 1459; x_wconf 74' lang='grc' dir='ltr'><strong>ι</strong></span> <span class='ocrx_word' id='word_1_279' title='bbox 2541 1410 2613 1463; x_wconf 90' lang='lat' dir='ltr'><strong>De</strong></span> <span class='ocrx_word' id='word_1_280' title='bbox 2631 1412 2879 1477; x_wconf 75' lang='lat' dir='ltr'><strong>pasSione</strong></span> <span class='ocrx_word' id='word_1_281' title='bbox 2903 1415 3072 1466; x_wconf 90' lang='lat' dir='ltr'><strong>sancti</strong></span> <span class='ocrx_word' id='word_1_282' title='bbox 3104 1414 3365 1485; x_wconf 83' lang='lat' dir='ltr'><strong>Dionysii,</strong></span> <span class='ocrx_word' id='word_1_283' title='bbox 3385 1430 3412 1467; x_wconf 70' lang='grc' dir='ltr'>τι</span> <span class='ocrx_word' id='word_1_284' title='bbox 3442 1415 3719 1471; x_wconf 78' lang='lat' dir='ltr'><strong>Methodio</strong></span> <span class='ocrx_word' id='word_1_285' title='bbox 3742 1418 4049 1471; x_wconf 80' lang='lat' dir='ltr'><strong>Constanti-</strong></span> 
     </span>
    </p>
   </div>
   <div class='ocr_carea' id='block_1_43' title="bbox 2483 1502 4047 1568">
    <p class='ocr_par' dir='ltr' id='par_1_43' title="bbox 2483 1502 4047 1568">
     <span class='ocr_line' id='line_1_43' title="bbox 2483 1502 4047 1568; baseline 0.006 -15"><span class='ocrx_word' id='word_1_286' title='bbox 2483 1502 2794 1568; x_wconf 88' lang='lat' dir='ltr'><strong>nopolitano</strong></span> <span class='ocrx_word' id='word_1_287' title='bbox 2832 1502 3018 1559; x_wconf 67' lang='lat' dir='ltr'><strong>Graece</strong></span> <span class='ocrx_word' id='word_1_288' title='bbox 3048 1506 3267 1568; x_wconf 89' lang='lat' dir='ltr'><strong>dictata,</strong></span> <span class='ocrx_word' id='word_1_289' title='bbox 3303 1515 3355 1559; x_wconf 92' lang='lat' dir='ltr'><strong>et</strong></span> <span class='ocrx_word' id='word_1_290' title='bbox 3377 1507 3445 1560; x_wconf 91' lang='lat' dir='ltr'><strong>ab</strong></span> <span class='ocrx_word' id='word_1_291' title='bbox 3474 1508 3773 1561; x_wconf 76' lang='lat' dir='ltr'><strong>Anastasio</strong></span> <span class='ocrx_word' id='word_1_292' title='bbox 3804 1508 4047 1563; x_wconf 67' lang='lat' dir='ltr'><strong>Rontanx</strong></span> 
     </span>
    </p>
   </div>
   <div class='ocr_carea' id='block_1_44' title="bbox 2480 1591 4049 1663">
    <p class='ocr_par' dir='ltr' id='par_1_44' title="bbox 2480 1591 4049 1663">
     <span class='ocr_line' id='line_1_44' title="bbox 2480 1591 4049 1663; baseline 0.003 -17"><span class='ocrx_word' id='word_1_293' title='bbox 2480 1593 2624 1646; x_wconf 88' lang='lat' dir='ltr'><strong>sedis</strong></span> <span class='ocrx_word' id='word_1_294' title='bbox 2652 1591 2840 1648; x_wconf 87' lang='lat' dir='ltr'><strong>Latine</strong></span> <span class='ocrx_word' id='word_1_295' title='bbox 2867 1596 3089 1663; x_wconf 87' lang='lat' dir='ltr'><strong>scripta.</strong></span> <span class='ocrx_word' id='word_1_296' title='bbox 3131 1616 3149 1647; x_wconf 84' lang='grc' dir='ltr'><strong>ι</strong></span> <span class='ocrx_word' id='word_1_297' title='bbox 3185 1596 3288 1649; x_wconf 85' lang='lat' dir='ltr'><strong>Sed</strong></span> <span class='ocrx_word' id='word_1_298' title='bbox 3319 1597 3432 1651; x_wconf 62' lang='lat' dir='ltr'><strong>haec</strong></span> <span class='ocrx_word' id='word_1_299' title='bbox 3458 1600 3522 1651; x_wconf 88' lang='lat' dir='ltr'><strong>ad</strong></span> <span class='ocrx_word' id='word_1_300' title='bbox 3561 1600 3709 1651; x_wconf 86' lang='lat' dir='ltr'><strong>diem</strong></span> <span class='ocrx_word' id='word_1_301' title='bbox 3744 1599 3779 1652; x_wconf 88' lang='lat'><strong>9</strong></span> <span class='ocrx_word' id='word_1_302' title='bbox 3814 1600 4049 1652; x_wconf 70' lang='lat' dir='ltr'><strong>Oelobris</strong></span> 
     </span>
    </p>
   </div>
   <div class='ocr_carea' id='block_1_45' title="bbox 2480 1686 4051 1754">
    <p class='ocr_par' dir='ltr' id='par_1_45' title="bbox 2480 1686 4051 1754">
     <span class='ocr_line' id='line_1_45' title="bbox 2480 1686 4051 1754; baseline 0.003 -20"><span class='ocrx_word' id='word_1_303' title='bbox 2480 1693 2637 1736; x_wconf 89' lang='lat' dir='ltr'><strong>erunt</strong></span> <span class='ocrx_word' id='word_1_304' title='bbox 2659 1686 3039 1741; x_wconf 78' lang='lat' dir='ltr'><strong>examinanda.</strong></span> <span class='ocrx_word' id='word_1_305' title='bbox 3063 1688 3298 1754; x_wconf 90' lang='lat' dir='ltr'><strong>Denique</strong></span> <span class='ocrx_word' id='word_1_306' title='bbox 3314 1686 3548 1741; x_wconf 78' lang='lat' dir='ltr'><strong>Iacobus</strong></span> <span class='ocrx_word' id='word_1_307' title='bbox 3566 1686 3898 1751; x_wconf 81' lang='lat' dir='ltr'><strong>Gretserus,</strong></span> <span class='ocrx_word' id='word_1_308' title='bbox 3923 1698 4051 1741; x_wconf 74' lang='lat' dir='ltr'><strong>toruo</strong></span> 
     </span>
    </p>
   </div>
   <div class='ocr_carea' id='block_1_46' title="bbox 2480 1776 4048 1841">
    <p class='ocr_par' dir='ltr' id='par_1_46' title="bbox 2480 1776 4048 1841">
     <span class='ocr_line' id='line_1_46' title="bbox 2480 1776 4048 1841; baseline 0.003 -14"><span class='ocrx_word' id='word_1_309' title='bbox 2480 1778 2716 1829; x_wconf 87' lang='lat' dir='ltr'><strong>secundo</strong></span> <span class='ocrx_word' id='word_1_310' title='bbox 2750 1778 2814 1829; x_wconf 87' lang='lat' dir='ltr'><strong>de</strong></span> <span class='ocrx_word' id='word_1_311' title='bbox 2841 1776 3012 1830; x_wconf 86' lang='lat' dir='ltr'><strong>Cruce</strong></span> <span class='ocrx_word' id='word_1_312' title='bbox 3033 1818 3047 1841; x_wconf 91' lang='lat'><strong>,</strong></span> <span class='ocrx_word' id='word_1_313' title='bbox 3093 1777 3233 1830; x_wconf 89' lang='lat' dir='ltr'><strong>inter</strong></span> <span class='ocrx_word' id='word_1_314' title='bbox 3264 1776 3529 1831; x_wconf 89' lang='lat' dir='ltr'><strong>Ilomclias</strong></span> <span class='ocrx_word' id='word_1_315' title='bbox 3557 1780 3621 1831; x_wconf 90' lang='lat' dir='ltr'><strong>dc</strong></span> <span class='ocrx_word' id='word_1_316' title='bbox 3654 1790 3857 1831; x_wconf 83' lang='lat' dir='ltr'><strong>sancta</strong></span> <span class='ocrx_word' id='word_1_317' title='bbox 3891 1778 4048 1833; x_wconf 79' lang='lat' dir='ltr'><strong>Cruce</strong></span> 
     </span>
    </p>
   </div>
   <div class='ocr_carea' id='block_1_47' title="bbox 2476 1865 4046 1937">
    <p class='ocr_par' dir='ltr' id='par_1_47' title="bbox 2476 1865 4046 1937">
     <span class='ocr_line' id='line_1_47' title="bbox 2476 1865 4046 1937; baseline 0.003 -19"><span class='ocrx_word' id='word_1_318' title='bbox 2476 1865 2645 1918; x_wconf 86' lang='lat' dir='ltr'><strong>edidit</strong></span> <span class='ocrx_word' id='word_1_319' title='bbox 2674 1866 2905 1933; x_wconf 87' lang='lat' dir='ltr'><strong>aliquam</strong></span> <span class='ocrx_word' id='word_1_320' title='bbox 2930 1867 3181 1921; x_wconf 80' lang='lat' dir='ltr'><strong>Methodii</strong></span> <span class='ocrx_word' id='word_1_321' title='bbox 3204 1868 3461 1937; x_wconf 86' lang='lat' dir='ltr'><strong>episcopi,</strong></span> <span class='ocrx_word' id='word_1_322' title='bbox 3493 1870 3558 1922; x_wconf 92' lang='lat' dir='ltr'><strong>ad</strong></span> <span class='ocrx_word' id='word_1_323' title='bbox 3586 1883 3687 1922; x_wconf 74' lang='lat' dir='ltr'><strong>eos</strong></span> <span class='ocrx_word' id='word_1_324' title='bbox 3719 1870 3816 1935; x_wconf 92' lang='lat' dir='ltr'><strong>qui</strong></span> <span class='ocrx_word' id='word_1_325' title='bbox 3850 1870 4046 1930; x_wconf 86' lang='lat' dir='ltr'><strong>dicunt.</strong></span> 
     </span>
    </p>
   </div>
   <div class='ocr_carea' id='block_1_48' title="bbox 2480 1956 4045 2025">
    <p class='ocr_par' dir='ltr' id='par_1_48' title="bbox 2480 1956 4045 2025">
     <span class='ocr_line' id='line_1_48' title="bbox 2480 1956 4045 2025; baseline 0.003 -19"><span class='ocrx_word' id='word_1_326' title='bbox 2480 1973 2498 2006; x_wconf 80' lang='grc' dir='ltr'><strong>ι</strong></span> <span class='ocrx_word' id='word_1_327' title='bbox 2540 1956 2676 2020; x_wconf 80' lang='lat' dir='ltr'><strong>Quid</strong></span> <span class='ocrx_word' id='word_1_328' title='bbox 2711 1957 2912 2025; x_wconf 77' lang='lat' dir='ltr'><strong>profuit</strong></span> <span class='ocrx_word' id='word_1_329' title='bbox 2943 1959 3097 2010; x_wconf 92' lang='lat' dir='ltr'><strong>nobis</strong></span> <span class='ocrx_word' id='word_1_330' title='bbox 3132 1957 3300 2011; x_wconf 80' lang='lat' dir='ltr'><strong>Filius</strong></span> <span class='ocrx_word' id='word_1_331' title='bbox 3336 1959 3424 2012; x_wconf 90' lang='lat' dir='ltr'><strong>Dei</strong></span> <span class='ocrx_word' id='word_1_332' title='bbox 3459 1959 3768 2012; x_wconf 72' lang='lat' dir='ltr'><strong>crucifixus</strong></span> <span class='ocrx_word' id='word_1_333' title='bbox 3800 1958 3857 2012; x_wconf 88' lang='lat' dir='ltr'><strong>in</strong></span> <span class='ocrx_word' id='word_1_334' title='bbox 3890 1969 4045 2021; x_wconf 79' lang='lat' dir='ltr'><strong>terra,</strong></span> 
     </span>
    </p>
   </div>
   <div class='ocr_carea' id='block_1_49' title="bbox 2473 2048 4046 2118">
    <p class='ocr_par' dir='ltr' id='par_1_49' title="bbox 2473 2048 4046 2118">
     <span class='ocr_line' id='line_1_49' title="bbox 2473 2048 4046 2118; baseline 0.001 -17"><span class='ocrx_word' id='word_1_335' title='bbox 2473 2057 2526 2101; x_wconf 91' lang='lat' dir='ltr'><strong>et</strong></span> <span class='ocrx_word' id='word_1_336' title='bbox 2551 2048 2708 2103; x_wconf 90' lang='lat' dir='ltr'><strong>homo</strong></span> <span class='ocrx_word' id='word_1_337' title='bbox 2733 2048 3009 2102; x_wconf 80' lang='lat' dir='ltr'><strong>factus?et</strong></span> <span class='ocrx_word' id='word_1_338' title='bbox 3038 2064 3206 2117; x_wconf 89' lang='lat' dir='ltr'><strong>quare</strong></span> <span class='ocrx_word' id='word_1_339' title='bbox 3231 2051 3408 2105; x_wconf 87' lang='lat' dir='ltr'><strong>crucis</strong></span> <span class='ocrx_word' id='word_1_340' title='bbox 3434 2050 3602 2118; x_wconf 77' lang='lat' dir='ltr'><strong>tigura</strong></span> <span class='ocrx_word' id='word_1_341' title='bbox 3629 2055 3748 2117; x_wconf 69' lang='lat' dir='ltr'><strong>puti</strong></span> <span class='ocrx_word' id='word_1_342' title='bbox 3775 2054 4046 2113; x_wconf 83' lang='lat' dir='ltr'><strong>sustinuit,</strong></span> 
     </span>
    </p>
   </div>
   <div class='ocr_carea' id='block_1_50' title="bbox 2471 2137 4049 2209">
    <p class='ocr_par' dir='ltr' id='par_1_50' title="bbox 2471 2137 4049 2209">
     <span class='ocr_line' id='line_1_50' title="bbox 2471 2137 4049 2209; baseline 0.004 -20"><span class='ocrx_word' id='word_1_343' title='bbox 2471 2146 2526 2189; x_wconf 91' lang='lat' dir='ltr'><strong>et</strong></span> <span class='ocrx_word' id='word_1_344' title='bbox 2560 2152 2664 2190; x_wconf 91' lang='lat' dir='ltr'><strong>non</strong></span> <span class='ocrx_word' id='word_1_345' title='bbox 2714 2137 2926 2207; x_wconf 87' lang='lat' dir='ltr'><strong>aliquod</strong></span> <span class='ocrx_word' id='word_1_346' title='bbox 2973 2141 3115 2191; x_wconf 87' lang='lat' dir='ltr'><strong>aliud</strong></span> <span class='ocrx_word' id='word_1_347' title='bbox 3160 2141 3515 2208; x_wconf 79' lang='lat' dir='ltr'><strong>supplicium?</strong></span> <span class='ocrx_word' id='word_1_348' title='bbox 3564 2150 3618 2194; x_wconf 90' lang='lat' dir='ltr'><strong>et</strong></span> <span class='ocrx_word' id='word_1_349' title='bbox 3671 2158 3801 2209; x_wconf 69' lang='lat' dir='ltr'><strong>quae</strong></span> <span class='ocrx_word' id='word_1_350' title='bbox 3856 2145 4049 2196; x_wconf 77' lang='lat' dir='ltr'><strong>utilitas</strong></span> 
     </span>
    </p>
   </div>
   <div class='ocr_carea' id='block_1_51' title="bbox 2472 2230 4049 2304">
    <p class='ocr_par' dir='ltr' id='par_1_51' title="bbox 2472 2230 4049 2304">
     <span class='ocr_line' id='line_1_51' title="bbox 2472 2230 4049 2304; baseline 0 -21"><span class='ocrx_word' id='word_1_351' title='bbox 2472 2231 2686 2284; x_wconf 86' lang='lat' dir='ltr'><strong>crucis?</strong></span> <span class='ocrx_word' id='word_1_352' title='bbox 2718 2250 2736 2282; x_wconf 78' lang='grc' dir='ltr'><strong>ι</strong></span> <span class='ocrx_word' id='word_1_353' title='bbox 2771 2230 2899 2283; x_wconf 91' lang='lat' dir='ltr'><strong>Item</strong></span> <span class='ocrx_word' id='word_1_354' title='bbox 2927 2230 3085 2283; x_wconf 86' lang='lat' dir='ltr'><strong>aliam</strong></span> <span class='ocrx_word' id='word_1_355' title='bbox 3112 2232 3351 2296; x_wconf 85' lang='lat' dir='ltr'><strong>ejusdem</strong></span> <span class='ocrx_word' id='word_1_356' title='bbox 3376 2231 3659 2296; x_wconf 80' lang='lat' dir='ltr'><strong>Methodii,</strong></span> <span class='ocrx_word' id='word_1_357' title='bbox 3697 2235 3771 2286; x_wconf 90' lang='lat' dir='ltr'><strong>ad</strong></span> <span class='ocrx_word' id='word_1_358' title='bbox 3802 2250 3902 2287; x_wconf 89' lang='lat' dir='ltr'><strong>eos</strong></span> <span class='ocrx_word' id='word_1_359' title='bbox 3925 2253 4049 2304; x_wconf 68' lang='lat' dir='ltr'><strong>quo,</strong></span> 
     </span>
    </p>
   </div>
   <div class='ocr_carea' id='block_1_52' title="bbox 2470 2318 4047 2391">
    <p class='ocr_par' dir='ltr' id='par_1_52' title="bbox 2470 2318 4047 2391">
     <span class='ocr_line' id='line_1_52' title="bbox 2470 2318 4047 2391; baseline 0.005 -22"><span class='ocrx_word' id='word_1_360' title='bbox 2470 2321 2630 2386; x_wconf 91' lang='lat' dir='ltr'><strong>pudet</strong></span> <span class='ocrx_word' id='word_1_361' title='bbox 2665 2319 2841 2373; x_wconf 91' lang='lat' dir='ltr'><strong>crucis</strong></span> <span class='ocrx_word' id='word_1_362' title='bbox 2869 2318 3071 2374; x_wconf 88' lang='lat' dir='ltr'><strong>Christi</strong></span> <span class='ocrx_word' id='word_1_363' title='bbox 3098 2321 3193 2391; x_wconf 90' lang='lat' dir='ltr'><strong>(l).</strong></span> <span class='ocrx_word' id='word_1_364' title='bbox 3222 2339 3239 2371; x_wconf 80' lang='grc' dir='ltr'><strong>ι</strong></span> <span class='ocrx_word' id='word_1_365' title='bbox 3262 2320 3451 2374; x_wconf 77' lang='lat' dir='ltr'><strong>Exstat</strong></span> <span class='ocrx_word' id='word_1_366' title='bbox 3473 2322 3638 2374; x_wconf 88' lang='lat' dir='ltr'><strong>etiam</strong></span> <span class='ocrx_word' id='word_1_367' title='bbox 3664 2324 4047 2386; x_wconf 68' lang='lat' dir='ltr'><strong>apudcit-itum</strong></span> 
     </span>
    </p>
   </div>
   <div class='ocr_carea' id='block_1_53' title="bbox 2469 2409 4045 2481">
    <p class='ocr_par' dir='ltr' id='par_1_53' title="bbox 2469 2409 4045 2481">
     <span class='ocr_line' id='line_1_53' title="bbox 2469 2409 4045 2481; baseline 0.003 -18"><span class='ocrx_word' id='word_1_368' title='bbox 2469 2409 2839 2464; x_wconf 68' lang='lat' dir='ltr'><strong>Balsamoucm</strong></span> <span class='ocrx_word' id='word_1_369' title='bbox 2862 2411 3046 2465; x_wconf 83' lang='lat' dir='ltr'><strong>Cauon</strong></span> <span class='ocrx_word' id='word_1_370' title='bbox 3075 2413 3140 2466; x_wconf 89' lang='lat' dir='ltr'><strong>de</strong></span> <span class='ocrx_word' id='word_1_371' title='bbox 3167 2413 3655 2481; x_wconf 69' lang='lat' dir='ltr'><strong>segregationihus,</strong></span> <span class='ocrx_word' id='word_1_372' title='bbox 3686 2415 3809 2466; x_wconf 87' lang='lat' dir='ltr'><strong>sive</strong></span> <span class='ocrx_word' id='word_1_373' title='bbox 3838 2430 4045 2467; x_wconf 75' lang='lat' dir='ltr'><strong>excom-</strong></span> 
     </span>
    </p>
   </div>
   <div class='ocr_carea' id='block_1_54' title="bbox 2468 2502 4046 2572">
    <p class='ocr_par' dir='ltr' id='par_1_54' title="bbox 2468 2502 4046 2572">
     <span class='ocr_line' id='line_1_54' title="bbox 2468 2502 4046 2572; baseline 0.001 -17"><span class='ocrx_word' id='word_1_374' title='bbox 2468 2502 2957 2564; x_wconf 84' lang='lat' dir='ltr'><strong>municatiouibus,</strong></span> <span class='ocrx_word' id='word_1_375' title='bbox 2993 2512 3045 2557; x_wconf 86' lang='lat' dir='ltr'><strong>et</strong></span> <span class='ocrx_word' id='word_1_376' title='bbox 3076 2504 3292 2572; x_wconf 90' lang='lat' dir='ltr'><strong>quidem</strong></span> <span class='ocrx_word' id='word_1_377' title='bbox 3330 2506 3648 2558; x_wconf 87' lang='lat' dir='ltr'><strong>monasticis</strong></span> <span class='ocrx_word' id='word_1_378' title='bbox 3674 2546 3688 2567; x_wconf 83' lang='lat'><strong>,</strong></span> <span class='ocrx_word' id='word_1_379' title='bbox 3728 2508 3806 2558; x_wconf 91' lang='lat' dir='ltr'><strong>uti</strong></span> <span class='ocrx_word' id='word_1_380' title='bbox 3844 2508 4046 2558; x_wconf 64' lang='lat' dir='ltr'><strong>videtur</strong></span> 
     </span>
    </p>
   </div>
   <div class='ocr_carea' id='block_1_55' title="bbox 2466 2592 4045 2665">
    <p class='ocr_par' dir='ltr' id='par_1_55' title="bbox 2466 2592 4045 2665">
     <span class='ocr_line' id='line_1_55' title="bbox 2466 2592 4045 2665; baseline 0.002 -19"><span class='ocrx_word' id='word_1_381' title='bbox 2466 2607 2532 2646; x_wconf 81' lang='lat' dir='ltr'><strong>ex</strong></span> <span class='ocrx_word' id='word_1_382' title='bbox 2590 2592 2739 2646; x_wconf 87' lang='lat' dir='ltr'><strong>titulo</strong></span> <span class='ocrx_word' id='word_1_383' title='bbox 2787 2592 2985 2660; x_wconf 78' lang='lat' dir='ltr'><strong>colligi.</strong></span> <span class='ocrx_word' id='word_1_384' title='bbox 3036 2592 3146 2648; x_wconf 86' lang='lat' dir='ltr'><strong>Nec</strong></span> <span class='ocrx_word' id='word_1_385' title='bbox 3196 2595 3505 2648; x_wconf 87' lang='lat' dir='ltr'><strong>dubitamus</strong></span> <span class='ocrx_word' id='word_1_386' title='bbox 3550 2595 3684 2663; x_wconf 88' lang='lat' dir='ltr'><strong>quin</strong></span> <span class='ocrx_word' id='word_1_387' title='bbox 3725 2598 3890 2649; x_wconf 75' lang='lat' dir='ltr'><strong>varia</strong></span> <span class='ocrx_word' id='word_1_388' title='bbox 3942 2600 4045 2665; x_wconf 69' lang='lat' dir='ltr'><strong>ejus</strong></span> 
     </span>
    </p>
   </div>
   <div class='ocr_carea' id='block_1_56' title="bbox 2466 2686 4037 2740">
    <p class='ocr_par' dir='ltr' id='par_1_56' title="bbox 2466 2686 4037 2740">
     <span class='ocr_line' id='line_1_56' title="bbox 2466 2686 4037 2740; baseline 0 -2"><span class='ocrx_word' id='word_1_389' title='bbox 2466 2695 2814 2739; x_wconf 88' lang='lat' dir='ltr'><strong>monumenta</strong></span> <span class='ocrx_word' id='word_1_390' title='bbox 2865 2688 3041 2739; x_wconf 90' lang='lat' dir='ltr'><strong>adhuc</strong></span> <span class='ocrx_word' id='word_1_391' title='bbox 3085 2687 3288 2739; x_wconf 88' lang='lat' dir='ltr'><strong>lateant</strong></span> <span class='ocrx_word' id='word_1_392' title='bbox 3335 2686 3385 2739; x_wconf 91' lang='lat' dir='ltr'><strong>in</strong></span> <span class='ocrx_word' id='word_1_393' title='bbox 3438 2687 3605 2739; x_wconf 68' lang='lat' dir='ltr'><strong>rariis</strong></span> <span class='ocrx_word' id='word_1_394' title='bbox 3640 2687 4037 2740; x_wconf 64' lang='lat' dir='ltr'><strong>bibliothecis.</strong></span> 
     </span>
    </p>
   </div>
   <div class='ocr_carea' id='block_1_57' title="bbox 2463 2778 4043 2846">
    <p class='ocr_par' dir='ltr' id='par_1_57' title="bbox 2463 2778 4043 2846">
     <span class='ocr_line' id='line_1_57' title="bbox 2463 2778 4043 2846; baseline 0 -18"><span class='ocrx_word' id='word_1_395' title='bbox 2463 2779 2706 2846; x_wconf 76' lang='lat' dir='ltr'><strong>quaedam</strong></span> <span class='ocrx_word' id='word_1_396' title='bbox 2734 2780 2899 2831; x_wconf 85' lang='lat' dir='ltr'><strong>etiam</strong></span> <span class='ocrx_word' id='word_1_397' title='bbox 2924 2779 3224 2844; x_wconf 89' lang='lat' dir='ltr'><strong>prodierint</strong></span> <span class='ocrx_word' id='word_1_398' title='bbox 3247 2778 3347 2833; x_wconf 86' lang='lat' dir='ltr'><strong>snb</strong></span> <span class='ocrx_word' id='word_1_399' title='bbox 3381 2780 3598 2832; x_wconf 88' lang='lat' dir='ltr'><strong>nomine</strong></span> <span class='ocrx_word' id='word_1_400' title='bbox 3630 2781 3818 2832; x_wconf 81' lang='lat' dir='ltr'><strong>sancti</strong></span> <span class='ocrx_word' id='word_1_401' title='bbox 3853 2780 4043 2831; x_wconf 58' lang='grc' dir='ltr'><strong>ΜςὶΙιῖ-</strong></span> 
     </span>
    </p>
   </div>
   <div class='ocr_carea' id='block_1_58' title="bbox 2464 2868 4045 2939">
    <p class='ocr_par' dir='ltr' id='par_1_58' title="bbox 2464 2868 4045 2939">
     <span class='ocr_line' id='line_1_58' title="bbox 2464 2868 4045 2939; baseline 0.002 -18"><span class='ocrx_word' id='word_1_402' title='bbox 2464 2868 2558 2931; x_wconf 89' lang='lat' dir='ltr'><strong>dii,</strong></span> <span class='ocrx_word' id='word_1_403' title='bbox 2584 2870 2816 2937; x_wconf 81' lang='lat' dir='ltr'><strong>episcOpi</strong></span> <span class='ocrx_word' id='word_1_404' title='bbox 2842 2884 2906 2923; x_wconf 89' lang='lat' dir='ltr'><strong>ac</strong></span> <span class='ocrx_word' id='word_1_405' title='bbox 2930 2871 3179 2939; x_wconf 82' lang='lat' dir='ltr'><strong>martyris</strong></span> <span class='ocrx_word' id='word_1_406' title='bbox 3199 2871 3248 2922; x_wconf 93' lang='lat' dir='ltr'><strong>in</strong></span> <span class='ocrx_word' id='word_1_407' title='bbox 3266 2868 3446 2939; x_wconf 81' lang='lat' dir='ltr'><strong>Lycia,</strong></span> <span class='ocrx_word' id='word_1_408' title='bbox 3475 2884 3531 2923; x_wconf 91' lang='grc' dir='ltr'><strong>ιιι</strong></span> <span class='ocrx_word' id='word_1_409' title='bbox 3554 2885 3681 2923; x_wconf 69' lang='lat' dir='ltr'><strong>stec.</strong></span> <span class='ocrx_word' id='word_1_410' title='bbox 3713 2886 3838 2938; x_wconf 66' lang='lat' dir='ltr'><strong>qua!</strong></span> <span class='ocrx_word' id='word_1_411' title='bbox 3863 2886 4045 2925; x_wconf 68' lang='lat' dir='ltr'><strong>revera</strong></span> 
     </span>
    </p>
   </div>
   <div class='ocr_carea' id='block_1_59' title="bbox 2465 2958 4041 3029">
    <p class='ocr_par' dir='ltr' id='par_1_59' title="bbox 2465 2958 4041 3029">
     <span class='ocr_line' id='line_1_59' title="bbox 2465 2958 4041 3029; baseline 0.001 -18"><span class='ocrx_word' id='word_1_412' title='bbox 2465 2958 3047 3027; x_wconf 88' lang='lat' dir='ltr'><strong>Conslantiuopolitaui</strong></span> <span class='ocrx_word' id='word_1_413' title='bbox 3082 2960 3236 3026; x_wconf 92' lang='lat' dir='ltr'><strong>hujus</strong></span> <span class='ocrx_word' id='word_1_414' title='bbox 3267 2962 3405 3022; x_wconf 84' lang='lat' dir='ltr'><strong>sint;</strong></span> <span class='ocrx_word' id='word_1_415' title='bbox 3440 2972 3604 3029; x_wconf 85' lang='lat' dir='ltr'><strong>atque</strong></span> <span class='ocrx_word' id='word_1_416' title='bbox 3638 2962 3920 3028; x_wconf 81' lang='lat' dir='ltr'><strong>imprimis</strong></span> <span class='ocrx_word' id='word_1_417' title='bbox 3947 2978 4005 3015; x_wconf 81' lang='lat' dir='ltr'><strong>ea</strong></span> <span class='ocrx_word' id='word_1_418' title='bbox 4030 3002 4041 3022; x_wconf 93' lang='lat'><strong>,</strong></span> 
     </span>
    </p>
   </div>
   <div class='ocr_carea' id='block_1_60' title="bbox 2464 3046 4041 3117">
    <p class='ocr_par' dir='ltr' id='par_1_60' title="bbox 2464 3046 4041 3117">
     <span class='ocr_line' id='line_1_60' title="bbox 2464 3046 4041 3117; baseline 0.001 -19"><span class='ocrx_word' id='word_1_419' title='bbox 2464 3061 2622 3114; x_wconf 89' lang='lat' dir='ltr'><strong>quam</strong></span> <span class='ocrx_word' id='word_1_420' title='bbox 2665 3046 2699 3098; x_wconf 75' lang='lat'><strong>2</strong></span> <span class='ocrx_word' id='word_1_421' title='bbox 2732 3046 3011 3101; x_wconf 80' lang='lat' dir='ltr'><strong>Februarii</strong></span> <span class='ocrx_word' id='word_1_422' title='bbox 3051 3048 3277 3117; x_wconf 79' lang='lat' dir='ltr'><strong>allegavi</strong></span> <span class='ocrx_word' id='word_1_423' title='bbox 3319 3063 3383 3102; x_wconf 76' lang='lat' dir='ltr'><strong>ex</strong></span> <span class='ocrx_word' id='word_1_424' title='bbox 3431 3047 3787 3113; x_wconf 86' lang='lat' dir='ltr'><strong>Cumhetisio,</strong></span> <span class='ocrx_word' id='word_1_425' title='bbox 3840 3052 3909 3102; x_wconf 83' lang='lat' dir='ltr'><strong>de</strong></span> <span class='ocrx_word' id='word_1_426' title='bbox 3961 3051 4041 3101; x_wconf 85' lang='lat' dir='ltr'><strong>Si-</strong></span> 
     </span>
    </p>
   </div>
   <div class='ocr_carea' id='block_1_61' title="bbox 799 3109 2818 3213">
    <p class='ocr_par' dir='ltr' id='par_1_61' title="bbox 799 3109 2818 3213">
     <span class='ocr_line' id='line_1_61' title="bbox 799 3109 2818 3213; baseline 0.015 -56"><span class='ocrx_word' id='word_1_427' title='bbox 799 3110 969 3205; x_wconf 76' lang='lat' dir='ltr'><strong>sapcti</strong></span> <span class='ocrx_word' id='word_1_428' title='bbox 1006 3109 1368 3184; x_wconf 83' lang='lat' dir='ltr'><strong>Theophanis,</strong></span> <span class='ocrx_word' id='word_1_429' title='bbox 1414 3121 1522 3189; x_wconf 89' lang='lat' dir='ltr'><strong>jam</strong></span> <span class='ocrx_word' id='word_1_430' title='bbox 1563 3127 1883 3181; x_wconf 87' lang='lat' dir='ltr'><strong>monacham</strong></span> <span class='ocrx_word' id='word_1_431' title='bbox 1925 3109 2141 3201; x_wconf 68' lang='lat' dir='ltr'><strong>indutae,</strong></span> <span class='ocrx_word' id='word_1_432' title='bbox 2175 3150 2354 3191; x_wconf 86' lang='lat' dir='ltr'><strong>certa-</strong></span> <span class='ocrx_word' id='word_1_433' title='bbox 2385 3158 2427 3213; x_wconf 70' lang='grc' dir='ltr'>ο</span> <span class='ocrx_word' id='word_1_434' title='bbox 2462 3150 2652 3190; x_wconf 90' lang='lat' dir='ltr'><strong>meone</strong></span> <span class='ocrx_word' id='word_1_435' title='bbox 2680 3146 2736 3189; x_wconf 91' lang='lat' dir='ltr'><strong>et</strong></span> <span class='ocrx_word' id='word_1_436' title='bbox 2764 3137 2818 3188; x_wconf 80' lang='lat' dir='ltr'><strong>At</strong></span> 
     </span>
    </p>
   </div>
   <div class='ocr_carea' id='block_1_62' title="bbox 2466 3109 4040 3213">
    <p class='ocr_par' dir='ltr' id='par_1_62' title="bbox 2466 3137 4040 3207">
     <span class='ocr_line' id='line_1_62' title="bbox 2466 3137 4040 3207; baseline 0.001 -19"><span class='ocrx_word' id='word_1_437' title='bbox 2466 3150 2652 3190; x_wconf 90' lang='lat' dir='ltr'><strong>meone</strong></span> <span class='ocrx_word' id='word_1_438' title='bbox 2680 3146 2736 3189; x_wconf 90' lang='lat' dir='ltr'><strong>et</strong></span> <span class='ocrx_word' id='word_1_439' title='bbox 2764 3137 2915 3190; x_wconf 85' lang='lat' dir='ltr'><strong>Anna</strong></span> <span class='ocrx_word' id='word_1_440' title='bbox 2952 3137 3062 3205; x_wconf 74' lang='lat'><strong>(&#39;2);</strong></span> <span class='ocrx_word' id='word_1_441' title='bbox 3098 3155 3369 3207; x_wconf 79' lang='lat' dir='ltr'><strong>quamque</strong></span> <span class='ocrx_word' id='word_1_442' title='bbox 3390 3138 3690 3192; x_wconf 88' lang='lat' dir='ltr'><strong>Casimirns</strong></span> <span class='ocrx_word' id='word_1_443' title='bbox 3727 3139 3958 3200; x_wconf 83' lang='lat' dir='ltr'><strong>Oudini,</strong></span> <span class='ocrx_word' id='word_1_444' title='bbox 3994 3141 4040 3191; x_wconf 90' lang='lat' dir='ltr'><strong>in</strong></span> 
     </span>
    </p>
   </div>
   <div class='ocr_carea' id='block_1_63' title="bbox 801 3194 2359 3293">
    <p class='ocr_par' dir='ltr' id='par_1_63' title="bbox 801 3194 2359 3293">
     <span class='ocr_line' id='line_1_63' title="bbox 801 3194 2359 3293; baseline 0.022 -47"><span class='ocrx_word' id='word_1_445' title='bbox 801 3194 941 3293; x_wconf 72' lang='lat' dir='ltr'><strong>mina</strong></span> <span class='ocrx_word' id='word_1_446' title='bbox 978 3207 1032 3252; x_wconf 89' lang='lat' dir='ltr'><strong>et</strong></span> <span class='ocrx_word' id='word_1_447' title='bbox 1073 3202 1328 3260; x_wconf 85' lang='lat' dir='ltr'><strong>miracula</strong></span> <span class='ocrx_word' id='word_1_448' title='bbox 1371 3211 1609 3266; x_wconf 84' lang='lat' dir='ltr'><strong>scribere</strong></span> <span class='ocrx_word' id='word_1_449' title='bbox 1645 3221 2074 3284; x_wconf 73' lang='lat' dir='ltr'><strong>praetermiserit,</strong></span> <span class='ocrx_word' id='word_1_450' title='bbox 2108 3238 2173 3277; x_wconf 91' lang='lat' dir='ltr'><strong>eo</strong></span> <span class='ocrx_word' id='word_1_451' title='bbox 2218 3231 2359 3293; x_wconf 88' lang='lat' dir='ltr'><strong>quod</strong></span> 
     </span>
    </p>
   </div>
   <div class='ocr_carea' id='block_1_64' title="bbox 804 3283 2359 3382">
    <p class='ocr_par' dir='ltr' id='par_1_64' title="bbox 804 3283 2359 3382">
     <span class='ocr_line' id='line_1_64' title="bbox 804 3283 2359 3382; baseline 0.021 -45"><span class='ocrx_word' id='word_1_452' title='bbox 804 3300 834 3382; x_wconf 33' lang='lat' dir='ltr'><strong>lc.</strong></span> <span class='ocrx_word' id='word_1_453' title='bbox 853 3283 1118 3346; x_wconf 69' lang='lat' dir='ltr'><strong>Praeclare</strong></span> <span class='ocrx_word' id='word_1_454' title='bbox 1150 3294 1217 3347; x_wconf 88' lang='lat' dir='ltr'><strong>ab</strong></span> <span class='ocrx_word' id='word_1_455' title='bbox 1241 3296 1352 3364; x_wconf 83' lang='lat' dir='ltr'><strong>ipsa</strong></span> <span class='ocrx_word' id='word_1_456' title='bbox 1386 3298 1649 3357; x_wconf 80' lang='lat' dir='ltr'><strong>factorum</strong></span> <span class='ocrx_word' id='word_1_457' title='bbox 1684 3320 1828 3374; x_wconf 81' lang='lat' dir='ltr'><strong>pars,</strong></span> <span class='ocrx_word' id='word_1_458' title='bbox 1856 3311 1922 3362; x_wconf 92' lang='lat' dir='ltr'><strong>ad</strong></span> <span class='ocrx_word' id='word_1_459' title='bbox 1952 3283 2359 3382; x_wconf 49' lang='lat' dir='ltr'><strong>legentium-uli-</strong></span> 
     </span>
    </p>
   </div>
   <div class='ocr_carea' id='block_1_65' title="bbox 798 3371 2354 3469">
    <p class='ocr_par' dir='ltr' id='par_1_65' title="bbox 798 3371 2354 3469">
     <span class='ocr_line' id='line_1_65' title="bbox 798 3371 2354 3469; baseline 0.022 -44"><span class='ocrx_word' id='word_1_460' title='bbox 798 3371 1005 3431; x_wconf 82' lang='lat' dir='ltr'><strong>Iitatent</strong></span> <span class='ocrx_word' id='word_1_461' title='bbox 1046 3382 1255 3452; x_wconf 74' lang='lat' dir='ltr'><strong>vulgata</strong></span> <span class='ocrx_word' id='word_1_462' title='bbox 1297 3402 1553 3444; x_wconf 89' lang='lat' dir='ltr'><strong>noscatur</strong></span> <span class='ocrx_word' id='word_1_463' title='bbox 1583 3407 1613 3446; x_wconf 90' lang='lat' dir='ltr'><strong>a</strong></span> <span class='ocrx_word' id='word_1_464' title='bbox 1653 3371 2354 3469; x_wconf 48' lang='lat' dir='ltr'><strong>sanctissimovpatriarcha</strong></span> 
     </span>
    </p>
   </div>
   <div class='ocr_carea' id='block_1_66' title="bbox 866 3492 2330 3581">
    <p class='ocr_par' dir='ltr' id='par_1_66' title="bbox 866 3492 2330 3581">
     <span class='ocr_line' id='line_1_66' title="bbox 866 3492 2330 3581; baseline 0.017 -32"><span class='ocrx_word' id='word_1_465' title='bbox 866 3492 945 3560; x_wconf 84' lang='lat' dir='ltr'><strong>(I)</strong></span> <span class='ocrx_word' id='word_1_466' title='bbox 976 3493 1198 3553; x_wconf 74' lang='lat' dir='ltr'><strong>Exstant</strong></span> <span class='ocrx_word' id='word_1_467' title='bbox 1230 3502 1388 3571; x_wconf 90' lang='lat' dir='ltr'><strong>hujus</strong></span> <span class='ocrx_word' id='word_1_468' title='bbox 1423 3503 1759 3579; x_wconf 67' lang='lat' dir='ltr'><strong>Patrologiaz,</strong></span> <span class='ocrx_word' id='word_1_469' title='bbox 1796 3522 1833 3564; x_wconf 93' lang='lat' dir='ltr'><strong>t.</strong></span> <span class='ocrx_word' id='word_1_470' title='bbox 1864 3514 2045 3581; x_wconf 77' lang='lat' dir='ltr'><strong>XVIII,</strong></span> <span class='ocrx_word' id='word_1_471' title='bbox 2074 3519 2175 3571; x_wconf 91' lang='lat' dir='ltr'><strong>col.</strong></span> <span class='ocrx_word' id='word_1_472' title='bbox 2206 3520 2330 3574; x_wconf 79' lang='lat'><strong>598.</strong></span> 
     </span>
    </p>
   </div>
   <div class='ocr_carea' id='block_1_67' title="bbox 2464 3226 4042 3297">
    <p class='ocr_par' dir='ltr' id='par_1_67' title="bbox 2464 3226 4042 3297">
     <span class='ocr_line' id='line_1_67' title="bbox 2464 3226 4042 3297; baseline -0.001 -15"><span class='ocrx_word' id='word_1_473' title='bbox 2464 3226 2843 3296; x_wconf 89' lang='lat' dir='ltr'><strong>Supplemento</strong></span> <span class='ocrx_word' id='word_1_474' title='bbox 2890 3228 3389 3283; x_wconf 69' lang='lat' dir='ltr'><strong>Ecclesiasticorum</strong></span> <span class='ocrx_word' id='word_1_475' title='bbox 3443 3231 3803 3297; x_wconf 85' lang='lat' dir='ltr'><strong>scriptorum.</strong></span> <span class='ocrx_word' id='word_1_476' title='bbox 3853 3238 4042 3283; x_wconf 76' lang='lat' dir='ltr'><strong>merito</strong></span> 
     </span>
    </p>
   </div>
   <div class='ocr_carea' id='block_1_68' title="bbox 2463 3319 3113 3387">
    <p class='ocr_par' dir='ltr' id='par_1_68' title="bbox 2463 3319 3113 3387">
     <span class='ocr_line' id='line_1_68' title="bbox 2463 3319 3113 3387; baseline -0.002 -14"><span class='ocrx_word' id='word_1_477' title='bbox 2463 3320 2662 3373; x_wconf 81' lang='lat' dir='ltr'><strong>seniori</strong></span> <span class='ocrx_word' id='word_1_478' title='bbox 2699 3320 2785 3373; x_wconf 74' lang='lat' dir='ltr'><strong>isti</strong></span> <span class='ocrx_word' id='word_1_479' title='bbox 2828 3319 3113 3387; x_wconf 85' lang='lat' dir='ltr'><strong>abjudicat.</strong></span> 
     </span>
    </p>
   </div>
   <div class='ocr_carea' id='block_1_69' title="bbox 2544 3520 3279 3592">
    <p class='ocr_par' dir='ltr' id='par_1_69' title="bbox 2544 3520 3279 3592">
     <span class='ocr_line' id='line_1_69' title="bbox 2544 3520 3279 3592; baseline -0.004 -17"><span class='ocrx_word' id='word_1_480' title='bbox 2544 3521 2620 3592; x_wconf 64' lang='grc' dir='ltr'><strong>(ἓ)</strong></span> <span class='ocrx_word' id='word_1_481' title='bbox 2655 3522 2838 3576; x_wconf 77' lang='lat' dir='ltr'><strong>Exstat</strong></span> <span class='ocrx_word' id='word_1_482' title='bbox 2866 3521 2993 3574; x_wconf 91' lang='lat' dir='ltr'><strong>ibid.</strong></span> <span class='ocrx_word' id='word_1_483' title='bbox 3024 3521 3125 3575; x_wconf 92' lang='lat' dir='ltr'><strong>col.</strong></span> <span class='ocrx_word' id='word_1_484' title='bbox 3157 3520 3279 3574; x_wconf 68' lang='grc'><strong>547.</strong></span> 
     </span>
    </p>
   </div>
   <div class='ocr_carea' id='block_1_70' title="bbox 802 3600 3999 3651">
    <p class='ocr_par' dir='ltr' id='par_1_70' title="bbox 802 3600 3999 3651">
     <span class='ocr_line' id='line_1_70' title="bbox 802 3600 3999 3651; baseline 0.01 -40"><span class='ocrx_word' id='word_1_485' title='bbox 802 3600 3999 3651; x_wconf 57' lang='lat' dir='ltr'>W</span> 
     </span>
    </p>
   </div>
   <div class='ocr_carea' id='block_1_71' title="bbox 1743 3793 3072 3918">
    <p class='ocr_par' dir='ltr' id='par_1_71' title="bbox 1743 3793 3072 3918">
     <span class='ocr_line' id='line_1_71' title="bbox 1743 3793 3072 3918; baseline 0.006 -12"><span class='ocrx_word' id='word_1_486' title='bbox 1743 3793 2257 3914; x_wconf 82' lang='lat' dir='ltr'><strong>SANCTI</strong></span> <span class='ocrx_word' id='word_1_487' title='bbox 2364 3803 3072 3918; x_wconf 89' lang='lat' dir='ltr'><strong>METHODII</strong></span> 
     </span>
    </p>
   </div>
   <div class='ocr_carea' id='block_1_72' title="bbox 1076 4026 3732 4133">
    <p class='ocr_par' dir='ltr' id='par_1_72' title="bbox 1076 4026 3732 4133">
     <span class='ocr_line' id='line_1_72' title="bbox 1076 4026 3732 4133; baseline 0.006 -20"><span class='ocrx_word' id='word_1_488' title='bbox 1076 4026 1599 4119; x_wconf 83' lang='lat' dir='ltr'><strong>IIOMILIA</strong></span> <span class='ocrx_word' id='word_1_489' title='bbox 1674 4034 1818 4120; x_wconf 83' lang='lat' dir='ltr'><strong>DE</strong></span> <span class='ocrx_word' id='word_1_490' title='bbox 1894 4037 2264 4127; x_wconf 80' lang='lat' dir='ltr'><strong>CRUCE</strong></span> <span class='ocrx_word' id='word_1_491' title='bbox 2343 4040 2490 4129; x_wconf 87' lang='lat' dir='ltr'><strong>ET</strong></span> <span class='ocrx_word' id='word_1_492' title='bbox 2564 4042 3131 4133; x_wconf 88' lang='lat' dir='ltr'><strong>PASSIONE</strong></span> <span class='ocrx_word' id='word_1_493' title='bbox 3205 4044 3732 4133; x_wconf 80' lang='lat' dir='ltr'><strong>CHRISTI.</strong></span> 
     </span>
    </p>
   </div>
   <div class='ocr_carea' id='block_1_73' title="bbox 1736 4222 3084 4294">
    <p class='ocr_par' dir='ltr' id='par_1_73' title="bbox 1736 4222 3084 4294">
     <span class='ocr_line' id='line_1_73' title="bbox 1736 4222 3084 4294; baseline 0.004 -21"><span class='ocrx_word' id='word_1_494' title='bbox 1736 4222 1994 4285; x_wconf 75' lang='lat' dir='ltr'><strong>(Causea.</strong></span> <span class='ocrx_word' id='word_1_495' title='bbox 2015 4224 2079 4278; x_wconf 79' lang='lat' dir='ltr'><strong>de</strong></span> <span class='ocrx_word' id='word_1_496' title='bbox 2099 4232 2264 4277; x_wconf 78' lang='lat' dir='ltr'><strong>sancta</strong></span> <span class='ocrx_word' id='word_1_497' title='bbox 2290 4242 2452 4291; x_wconf 85' lang='lat' dir='ltr'><strong>cruce,</strong></span> <span class='ocrx_word' id='word_1_498' title='bbox 2478 4235 2512 4278; x_wconf 76' lang='grc' dir='ltr'>ι.</span> <span class='ocrx_word' id='word_1_499' title='bbox 2541 4228 2601 4289; x_wconf 89' lang='grc'><strong>11,</strong></span> <span class='ocrx_word' id='word_1_500' title='bbox 2628 4234 2709 4280; x_wconf 87' lang='lat' dir='ltr'><strong>ed.</strong></span> <span class='ocrx_word' id='word_1_501' title='bbox 2740 4245 2850 4280; x_wconf 81' lang='lat' dir='ltr'><strong>nov.</strong></span> <span class='ocrx_word' id='word_1_502' title='bbox 2878 4246 2925 4294; x_wconf 87' lang='lat' dir='ltr'><strong>p.</strong></span> <span class='ocrx_word' id='word_1_503' title='bbox 2953 4232 3084 4293; x_wconf 69' lang='grc'><strong>401.)</strong></span> 
     </span>
    </p>
   </div>
   <div class='ocr_carea' id='block_1_74' title="bbox 1070 4361 3724 4447">
    <p class='ocr_par' dir='ltr' id='par_1_74' title="bbox 1070 4361 3724 4447">
     <span class='ocr_line' id='line_1_74' title="bbox 1070 4361 3724 4447; baseline 0.006 -33"><span class='ocrx_word' id='word_1_504' title='bbox 1070 4361 1285 4431; x_wconf 67' lang='lat' dir='ltr'><strong>(Exstat</strong></span> <span class='ocrx_word' id='word_1_505' title='bbox 1316 4366 1449 4419; x_wconf 81' lang='lat' dir='ltr'><strong>inter</strong></span> <span class='ocrx_word' id='word_1_506' title='bbox 1475 4370 1643 4435; x_wconf 87' lang='lat' dir='ltr'><strong>Opera</strong></span> <span class='ocrx_word' id='word_1_507' title='bbox 1675 4366 1736 4423; x_wconf 87' lang='lat' dir='ltr'><strong>S.</strong></span> <span class='ocrx_word' id='word_1_508' title='bbox 1777 4368 2029 4425; x_wconf 73' lang='lat' dir='ltr'><strong>Met/tedii</strong></span> <span class='ocrx_word' id='word_1_509' title='bbox 2059 4375 2329 4441; x_wconf 76' lang='lat' dir='ltr'><strong>martyris,</strong></span> <span class='ocrx_word' id='word_1_510' title='bbox 2357 4374 2512 4435; x_wconf 77' lang='lat' dir='ltr'><strong>huius</strong></span> <span class='ocrx_word' id='word_1_511' title='bbox 2546 4375 2863 4444; x_wconf 75' lang='lat' dir='ltr'><strong>Palrologim</strong></span> <span class='ocrx_word' id='word_1_512' title='bbox 2927 4388 3054 4430; x_wconf 92' lang='lat' dir='ltr'><strong>tom.</strong></span> <span class='ocrx_word' id='word_1_513' title='bbox 3091 4375 3269 4443; x_wconf 69' lang='lat' dir='ltr'><strong>XVIII,</strong></span> <span class='ocrx_word' id='word_1_514' title='bbox 3306 4380 3406 4433; x_wconf 89' lang='lat' dir='ltr'><strong>col.</strong></span> <span class='ocrx_word' id='word_1_515' title='bbox 3441 4380 3543 4432; x_wconf 79' lang='lat'><strong>597</strong></span> <span class='ocrx_word' id='word_1_516' title='bbox 3578 4378 3724 4447; x_wconf 88' lang='lat' dir='ltr'><strong>seq.)</strong></span> 
     </span>
    </p>
   </div>
   <div class='ocr_carea' id='block_1_75' title="bbox 794 4536 4013 4567">
    <p class='ocr_par' dir='ltr' id='par_1_75' title="bbox 794 4536 4013 4567">
     <span class='ocr_line' id='line_1_75' title="bbox 794 4536 4013 4567; baseline 0.01 -33"><span class='ocrx_word' id='word_1_517' title='bbox 794 4536 4013 4567; x_wconf 54' lang='lat' dir='ltr'><strong>mw“.</strong></span> 
     </span>
    </p>
   </div>
   <div class='ocr_carea' id='block_1_76' title="bbox 1745 4711 3067 4825">
    <p class='ocr_par' dir='ltr' id='par_1_76' title="bbox 1745 4711 3067 4825">
     <span class='ocr_line' id='line_1_76' title="bbox 1745 4711 3067 4825; baseline 0 -2"><span class='ocrx_word' id='word_1_518' title='bbox 1745 4712 2257 4823; x_wconf 73' lang='lat' dir='ltr'><strong>SANC&#39;I‘I</strong></span> <span class='ocrx_word' id='word_1_519' title='bbox 2360 4711 3067 4825; x_wconf 86' lang='lat' dir='ltr'><strong>METHODII</strong></span> 
     </span>
    </p>
   </div>
   <div class='ocr_carea' id='block_1_77' title="bbox 1612 4933 3187 5005">
    <p class='ocr_par' dir='ltr' id='par_1_77' title="bbox 1612 4933 3187 5005">
     <span class='ocr_line' id='line_1_77' title="bbox 1612 4933 3187 5005; baseline 0 -10"><span class='ocrx_word' id='word_1_520' title='bbox 1612 4933 2139 4995; x_wconf 67' lang='lat' dir='ltr'><strong>PATRIAIICIIAS</strong></span> <span class='ocrx_word' id='word_1_521' title='bbox 2199 4933 3144 4995; x_wconf 82' lang='lat' dir='ltr'><strong>CONSTANTINOPOLITANI</strong></span> <span class='ocrx_word' id='word_1_522' title='bbox 3171 4980 3187 5005; x_wconf 88' lang='lat'><strong>,</strong></span> 
     </span>
    </p>
   </div>
   <div class='ocr_carea' id='block_1_78' title="bbox 1372 5111 3424 5233">
    <p class='ocr_par' dir='ltr' id='par_1_78' title="bbox 1372 5111 3424 5233">
     <span class='ocr_line' id='line_1_78' title="bbox 1372 5111 3424 5233; baseline -0.001 -28"><span class='ocrx_word' id='word_1_523' title='bbox 1372 5111 1828 5206; x_wconf 79' lang='lat' dir='ltr'><strong>ORATIO</strong></span> <span class='ocrx_word' id='word_1_524' title='bbox 1902 5115 2027 5203; x_wconf 89' lang='lat' dir='ltr'><strong>IN</strong></span> <span class='ocrx_word' id='word_1_525' title='bbox 2121 5112 2650 5202; x_wconf 83' lang='lat' dir='ltr'><strong>SANCTAM</strong></span> <span class='ocrx_word' id='word_1_526' title='bbox 2726 5113 3278 5203; x_wconf 77' lang='lat' dir='ltr'><strong>AGATIIAM</strong></span> <span class='ocrx_word' id='word_1_527' title='bbox 3349 5140 3424 5233; x_wconf 59' lang='grc' dir='ltr'><strong>δ,</strong></span> 
     </span>
    </p>
   </div>
   <div class='ocr_carea' id='block_1_79' title="bbox 2009 5304 2789 5369">
    <p class='ocr_par' dir='ltr' id='par_1_79' title="bbox 2009 5304 2789 5369">
     <span class='ocr_line' id='line_1_79' title="bbox 2009 5304 2789 5369; baseline -0.001 -12"><span class='ocrx_word' id='word_1_528' title='bbox 2009 5307 2286 5369; x_wconf 71' lang='grc' dir='ltr'><strong>(ιεοκλιιυο</strong></span> <span class='ocrx_word' id='word_1_529' title='bbox 2312 5304 2440 5354; x_wconf 70' lang='lat' dir='ltr'><strong>Par:</strong></span> <span class='ocrx_word' id='word_1_530' title='bbox 2465 5304 2789 5369; x_wconf 82' lang='lat' dir='ltr'><strong>Interprete.)</strong></span> 
     </span>
    </p>
   </div>
   <div class='ocr_carea' id='block_1_80' title="bbox 853 5457 4022 5537">
    <p class='ocr_par' dir='ltr' id='par_1_80' title="bbox 853 5457 4022 5537">
     <span class='ocr_line' id='line_1_80' title="bbox 853 5457 4022 5537; baseline 0.001 -21"><span class='ocrx_word' id='word_1_531' title='bbox 853 5468 904 5523; x_wconf 74' lang='grc'><strong>1,</strong></span> <span class='ocrx_word' id='word_1_532' title='bbox 949 5467 1211 5533; x_wconf 79' lang='lat' dir='ltr'><strong>Quoniam</strong></span> <span class='ocrx_word' id='word_1_533' title='bbox 1243 5468 1469 5537; x_wconf 89' lang='lat' dir='ltr'><strong>ipsamet</strong></span> <span class='ocrx_word' id='word_1_534' title='bbox 1502 5464 1788 5522; x_wconf 88' lang='lat' dir='ltr'><strong>admiratio</strong></span> <span class='ocrx_word' id='word_1_535' title='bbox 1814 5479 1898 5519; x_wconf 88' lang='lat' dir='ltr'><strong>me</strong></span> <span class='ocrx_word' id='word_1_536' title='bbox 1940 5464 2004 5517; x_wconf 90' lang='lat' dir='ltr'><strong>ad</strong></span> <span class='ocrx_word' id='word_1_537' title='bbox 2048 5464 2334 5517; x_wconf 87' lang='lat' dir='ltr'><strong>dicendum</strong></span> <span class='ocrx_word' id='word_1_538' title='bbox 2369 5460 2414 5517; x_wconf 92' lang='lat' dir='ltr'><strong>D</strong></span> <span class='ocrx_word' id='word_1_539' title='bbox 2443 5457 2567 5512; x_wconf 87' lang='lat' dir='ltr'><strong>dum</strong></span> <span class='ocrx_word' id='word_1_540' title='bbox 2600 5473 2685 5513; x_wconf 86' lang='lat' dir='ltr'><strong>me</strong></span> <span class='ocrx_word' id='word_1_541' title='bbox 2710 5460 2964 5527; x_wconf 73' lang='grc' dir='ltr'>ἱιιιριιιιὶι;</span> <span class='ocrx_word' id='word_1_542' title='bbox 3003 5470 3193 5515; x_wconf 90' lang='lat' dir='ltr'><strong>contra</strong></span> <span class='ocrx_word' id='word_1_543' title='bbox 3223 5476 3349 5516; x_wconf 88' lang='lat' dir='ltr'><strong>vero</strong></span> <span class='ocrx_word' id='word_1_544' title='bbox 3381 5465 3668 5531; x_wconf 82' lang='lat' dir='ltr'><strong>ipsummet</strong></span> <span class='ocrx_word' id='word_1_545' title='bbox 3698 5468 4022 5522; x_wconf 53' lang='lat' dir='ltr'><strong>desiderium</strong></span> 
     </span>
    </p>
   </div>
   <div class='ocr_carea' id='block_1_81' title="bbox 778 5552 2339 5628">
    <p class='ocr_par' dir='ltr' id='par_1_81' title="bbox 778 5552 2339 5628">
     <span class='ocr_line' id='line_1_81' title="bbox 778 5552 2339 5628; baseline -0.004 -17"><span class='ocrx_word' id='word_1_546' title='bbox 778 5557 1034 5613; x_wconf 77' lang='lat' dir='ltr'><strong>excitavit</strong></span> <span class='ocrx_word' id='word_1_547' title='bbox 1057 5574 1070 5622; x_wconf 89' lang='lat'><strong>;</strong></span> <span class='ocrx_word' id='word_1_548' title='bbox 1091 5560 1345 5628; x_wconf 89' lang='lat' dir='ltr'><strong>quoniam</strong></span> <span class='ocrx_word' id='word_1_549' title='bbox 1378 5555 1763 5613; x_wconf 80' lang='lat' dir='ltr'><strong>voluntasitem</strong></span> <span class='ocrx_word' id='word_1_550' title='bbox 1794 5557 1909 5625; x_wconf 89' lang='lat' dir='ltr'><strong>ipsa</strong></span> <span class='ocrx_word' id='word_1_551' title='bbox 1935 5554 1999 5608; x_wconf 89' lang='lat' dir='ltr'><strong>ad</strong></span> <span class='ocrx_word' id='word_1_552' title='bbox 2030 5552 2339 5608; x_wconf 87' lang='lat' dir='ltr'><strong>desideran-</strong></span> 
     </span>
    </p>
   </div>
   <div class='ocr_carea' id='block_1_82' title="bbox 2449 5552 4019 5620">
    <p class='ocr_par' dir='ltr' id='par_1_82' title="bbox 2449 5552 4019 5620">
     <span class='ocr_line' id='line_1_82' title="bbox 2449 5552 4019 5620; baseline 0.004 -15"><span class='ocrx_word' id='word_1_553' title='bbox 2449 5552 2578 5605; x_wconf 89' lang='lat' dir='ltr'><strong>mibi</strong></span> <span class='ocrx_word' id='word_1_554' title='bbox 2639 5554 2923 5620; x_wconf 83' lang='lat' dir='ltr'><strong>persuadet</strong></span> <span class='ocrx_word' id='word_1_555' title='bbox 2974 5563 3032 5604; x_wconf 90' lang='grc' dir='ltr'><strong>ιιι</strong></span> <span class='ocrx_word' id='word_1_556' title='bbox 3082 5555 3313 5609; x_wconf 78' lang='lat' dir='ltr'><strong>maxime</strong></span> <span class='ocrx_word' id='word_1_557' title='bbox 3351 5559 3505 5609; x_wconf 82' lang='lat' dir='ltr'><strong>velim</strong></span> <span class='ocrx_word' id='word_1_558' title='bbox 3566 5563 3719 5613; x_wconf 72' lang='lat' dir='ltr'><strong>\‘uhis</strong></span> <span class='ocrx_word' id='word_1_559' title='bbox 3770 5566 4019 5614; x_wconf 65' lang='lat' dir='ltr'><strong>omnibus</strong></span> 
     </span>
    </p>
   </div>
   <div class='ocr_carea' id='block_1_83' title="bbox 853 5665 4017 5739">
    <p class='ocr_par' dir='ltr' id='par_1_83' title="bbox 853 5665 4017 5739">
     <span class='ocr_line' id='line_1_83' title="bbox 853 5665 4017 5739; baseline 0.006 -31"><span class='ocrx_word' id='word_1_560' title='bbox 853 5668 1136 5726; x_wconf 61' lang='grc' dir='ltr'><strong>οςοηηες,</strong></span> <span class='ocrx_word' id='word_1_561' title='bbox 1190 5674 1443 5728; x_wconf 66' lang='grc' dir='ltr'><strong>Βηηῑσιιι,</strong></span> <span class='ocrx_word' id='word_1_562' title='bbox 1498 5670 1742 5728; x_wconf 68' lang='grc' dir='ltr'><strong>(θηρίου,</strong></span> <span class='ocrx_word' id='word_1_563' title='bbox 1807 5681 1843 5725; x_wconf 84' lang='grc' dir='ltr'>ι.</span> <span class='ocrx_word' id='word_1_564' title='bbox 1883 5670 1967 5734; x_wconf 71' lang='grc' dir='ltr'><strong>γι,</strong></span> <span class='ocrx_word' id='word_1_565' title='bbox 2000 5686 2051 5739; x_wconf 87' lang='lat' dir='ltr'><strong>p.</strong></span> <span class='ocrx_word' id='word_1_566' title='bbox 2100 5672 2224 5724; x_wconf 79' lang='lat'><strong>7&#39;25.</strong></span> <span class='ocrx_word' id='word_1_567' title='bbox 2267 5668 2342 5727; x_wconf 76' lang='lat' dir='ltr'><strong>Ex</strong></span> <span class='ocrx_word' id='word_1_568' title='bbox 2374 5681 2475 5726; x_wconf 89' lang='lat' dir='ltr'><strong>ms.</strong></span> <span class='ocrx_word' id='word_1_569' title='bbox 2520 5665 2621 5719; x_wconf 77' lang='lat' dir='ltr'><strong>PP.</strong></span> <span class='ocrx_word' id='word_1_570' title='bbox 2671 5666 2905 5723; x_wconf 82' lang='lat' dir='ltr'><strong>Oratorii</strong></span> <span class='ocrx_word' id='word_1_571' title='bbox 2954 5668 3156 5733; x_wconf 71' lang='lat' dir='ltr'><strong>linum,</strong></span> <span class='ocrx_word' id='word_1_572' title='bbox 3196 5671 3545 5739; x_wconf 64' lang='lat' dir='ltr'><strong>producente.</strong></span> <span class='ocrx_word' id='word_1_573' title='bbox 3608 5674 3769 5728; x_wconf 73' lang='lat' dir='ltr'><strong>Juan.</strong></span> <span class='ocrx_word' id='word_1_574' title='bbox 3822 5676 4017 5729; x_wconf 42' lang='lat' dir='ltr'><strong>Ile-llic.</strong></span> 
     </span>
    </p>
   </div>
   <div class='ocr_carea' id='block_1_84' title="bbox 782 5738 1094 5817">
    <p class='ocr_par' dir='ltr' id='par_1_84' title="bbox 782 5738 1094 5817">
     <span class='ocr_line' id='line_1_84' title="bbox 782 5738 1094 5817; baseline 0.01 -24"><span class='ocrx_word' id='word_1_575' title='bbox 782 5740 851 5809; x_wconf 79' lang='lat' dir='ltr'><strong>ad</strong></span> <span class='ocrx_word' id='word_1_576' title='bbox 878 5738 914 5817; x_wconf 62' lang='grc' dir='ltr'><strong>ξ.</strong></span> <span class='ocrx_word' id='word_1_577' title='bbox 938 5740 1094 5796; x_wconf 63' lang='grc' dir='ltr'>ι’ριηκ</span> 
     </span>
    </p>
   </div>
  </div>
