4200 6430
274 408 393 473 ΠἸὲ

266 626 435 678 prope
478 626 562 665 tne
591 611 826 679 astatis),
861 619 917 664 ut
953 627 1018 665 ex
1045 627 1160 666 mea
1200 613 1576 669 taciturnitate
1608 617 1657 667 iu
1684 616 1844 677 vecba

266 716 612 769 prorumpam
647 702 1009 754 admiratione
1038 712 1335 770 permotus,
1374 714 1427 757 et
1467 705 1723 758 desiderii
1767 706 1844 758 si-

268 792 530 861 lcntiiqoe
589 795 689 848 mei
727 796 951 848 vinculis
1009 796 1333 869 solutionem
1371 796 1642 851 inveniam
1671 840 1684 862 ,
1747 787 1847 869 lui’e

266 887 616 940 memoranda
655 886 738 939 die
765 895 963 939 sancite
992 889 1245 957 martyris
1267 872 1487 958 Agailta:
1518 868 1849 943 cruciatibus

262 987 626 1042 consecrata;
687 978 941 1045 quodque
1002 991 1095 1030 vos
1146 965 1415 1055 attottitqfs
1466 979 1677 1041 reddit,
1747 979 1847 1032 hoc

263 1069 517 1134 equidem
568 1083 631 1118 ex
675 1083 789 1119 mea
838 1066 916 1119 vel
969 1067 1216 1135 loquendi
1266 1068 1582 1136 impotentia
1614 1071 1846 1122 admira-

266 1158 480 1210 liundus
537 1158 782 1226 eloquar.
840 1156 978 1211 Sunt
1028 1159 1250 1221 etenim,
1292 1171 1415 1213 sunt
1454 1161 1723 1213 nonnulla:
1760 1178 1847 1215 res

266 1249 491 1300 ouiuiuu
531 1258 723 1317 praater
778 1248 1085 1315 Opinionem
1125 1249 1493 1315 admirabiles,
1541 1265 1661 1319 qua:
1708 1252 1848 1306 sicut

270 1339 559 1407 utiqnaudo
602 1340 876 1393 silentium
925 1340 1167 1407 parittnt,
1224 1342 1297 1395 ita
1348 1344 1514 1396 etiam
1555 1344 1848 1410 aliquando

269 1440 566 1497 suggerunt
596 1429 903 1485 facundiam
933 1448 947 1483 :
979 1432 1121 1499 quod
1152 1443 1441 1502 utrumque
1472 1436 1613 1502 parit
1642 1436 1848 1504 magni-

269 1522 401 1574 tudo
440 1522 717 1583 miraculi,
753 1531 916 1589 atque
959 1522 1075 1591 ipsa
1116 1526 1274 1591 plane
1314 1528 1615 1593 argumenti
1657 1528 1848 1596 ampli-

268 1612 419 1664 tudo.
457 1611 566 1664 lloc
616 1622 795 1665 autem
846 1613 1119 1682 publicum
1150 1625 1312 1683 atque
1359 1617 1674 1671 iuusitatuut
1723 1634 1846 1686 spe-

270 1707 540 1757 ctaculnnt
568 1745 581 1767 ,
616 1706 702 1758 cui
752 1706 835 1759 vel
874 1709 972 1777 ipsi
1012 1709 1155 1761 oculi
1198 1707 1399 1761 faciunt
1435 1709 1589 1763 lidetn
1628 1711 1846 1780 (quippe

269 1794 425 1846 valle
462 1806 655 1862 printer
688 1797 997 1865 opinionem
1031 1799 1142 1865 jam
1177 1800 1384 1867 pridem
1424 1800 1546 1861 fuit)
1599 1802 1846 1858 adductis

1436 413 1720 474 ORATIO
1763 415 1842 473 IN
1886 416 1946 473 S.
1990 417 2377 476 AGATHAM.

268 522 483 587 (Patres
528 518 829 586 fratresque
863 527 1125 589 quotquot
1186 519 1345 574 simul
1388 521 1474 575 hic
1518 524 1753 584 adestis,
1786 535 1849 575 ac
1878 528 1924 582 Α

3396 417 3414 473 1
3425 410 3532 477 276

2026 522 2124 591 (3).
2160 521 2223 577 Et
2257 522 2511 591 quoniam
2554 521 2619 576 de
2648 519 2733 584 iis,
2762 534 2881 588 quae
2911 519 2977 573 ad
3011 518 3208 573 liberos
3236 520 3530 589 gignendos

1948 616 2239 683 pertinent,
2258 614 2503 676 memini,
2522 617 2693 683 deque
2711 613 2855 681 regio
2876 612 3180 665 diademate
3200 613 3530 667 mentionem

1950 705 2071 770 feci,
2133 706 2319 760 dicere
2367 704 2478 773 jam
2517 704 2795 773 incipiam.
2836 701 3025 756 Mulier
3057 701 3275 771 quidem
3305 711 3530 770 est'per

1948 796 2117 851 solam
2154 808 2436 860 uaturaut,
2475 811 2580 850 non
2623 794 2841 864 quidem
2882 808 2976 862 per
3016 794 3362 860 electionem,
3393 792 3532 847 sicut

1956 888 2222 956 reliquum
2252 888 2576 942 feminarum
2619 886 2779 957 273
2838 900 3036 955 genus;
3078 900 3332 954 quarunt,
3372 883 3530 951 quasi

1949 982 2385 1051 przcsagieutium
2425 981 2629 1044 futura,
2663 978 2998 1033 consuetudo
3021 979 3181 1030 etiam
3220 979 3273 1031 in
3305 975 3531 1031 ludicris

1951 1074 2281 1143 puellaribus
2314 1088 2537 1143 operam
2576 1082 2741 1125 navat
2775 1072 2960 1125 liberis
2991 1069 3289 1126 educandis
3320 1084 3382 1123 ac
3432 1084 3532 1122 nu-

1952 1165 2178 1218 triendis
2211 1181 2224 1216 :
2259 1166 2351 1216 sed
2379 1165 2557 1231 virgo,
2585 1177 2706 1232 qum
2740 1178 2803 1213 ne
2840 1161 3073 1214 ludendo
3106 1158 3325 1228 quidem
3374 1159 3528 1228 puel-

1952 1254 2091 1307 lares
2124 1255 2351 1324 ineptias
2405 1256 2699 1324 aliquando
2740 1252 2991 1321 elliugere
3032 1253 3144 1304 visa
3179 1260 3281 1305 est.
3317 1248 3529 1312 Mulier,

1948 1345 2083 1409 dixi,
2114 1345 2208 1397 sed
2250 1344 2451 1407 addidi,
2486 1345 2655 1409 virgo.
2703 1342 2894 1395 Mulier
2944 1341 3159 1410 quidem
3190 1382 3204 1406 ,
3240 1346 3529 1409 propterea

1950 1438 2090 1507 quod
2121 1452 2147 1488 ξι
2178 1437 2444 1506 principio
2481 1438 2547 1488 ab
2580 1440 2824 1503 sapiente
2852 1436 3020 1487 Adam
3062 1434 3204 1503 (erat
3228 1432 3371 1485 enim
3404 1441 3532 1483 tunc

1952 1544 2074 1583 vere
2097 1532 2347 1598 sapiens,
2394 1530 2591 1597 quippe
2639 1527 2874 1580 nondum
2914 1528 2963 1578 iu
3013 1533 3293 1595 peccatum
3323 1523 3528 1590 lapsus)

1950 1620 2256 1691 impositum
2318 1623 2416 1675 ltoc
2458 1634 2654 1675 nomen
2682 1620 2799 1672 fuit.
2832 1620 3088 1672 Scribeus
3123 1617 3266 1671 enim
3296 1614 3528 1684 Moyses,

1951 1714 2184 1781 ingenue
2246 1711 2413 1764 etiam
2487 1710 2719 1762 nominis
2779 1708 3317 1772 interpretationem,
3366 1718 3529 1772 quan

1950 1802 2193 1855 Adamus
2216 1802 2445 1864 addidit,
2478 1801 2755 1863 indicavit,
2793 1800 2975 1851 dicens
3003 1816 3015 1850 :
3057 1797 3180 1850 Ηηέ
3212 1809 3431 1851 vocatur
3455 1795 3533 1847 vi-

271 1881 330 1934 in
389 1882 626 1935 medium
687 1887 987 1939 rationibus
1036 1888 1310 1956 ettplicarc.
1355 1890 1700 1945 cmitendam.
1754 1892 1847 1945 Est
1880 1868 1919 1920 Β
1952 1906 2096 1958 rugo,
2134 1891 2383 1958 quoniam
2418 1904 2481 1941 ex
2526 1888 2632 1940 t'iro
2664 1896 2872 1955 sttutpta
2917 1896 2991 1939 est
3038 1886 3094 1950 ';
3134 1885 3296 1951 Virgo
3325 1893 3526 1947 autem,

269 1976 438 2038 enim,
474 1986 556 2027 est
609 1978 749 2030 sicut
782 1978 834 2029 in
873 1980 1187 2047 compositis
1241 1983 1605 2046 sermonibus,
1663 1998 1845 2038 semen

272 2066 516 2119 fecunda:
567 2070 847 2137 sapientia:
896 2070 1009 2136 ipsa
1060 2082 1453 2139 praeceptorum
1501 2075 1844 2140 observatio,

272 2160 346 2211 ita
384 2161 761 2213 miraculorum
798 2164 1060 2215 exbibitio
1082 2173 1299 2216 emanat
1332 2180 1395 2217 ex
1444 2166 1705 2235 martyrio
1728 2182 1847 2235 pro-

270 2262 394 2319 pter
428 2252 613 2316 Deum,
647 2264 807 2321 atque
831 2270 895 2307 ex
928 2257 1241 2324 virginitate
1270 2266 1324 2309 et
1354 2258 1589 2323 puritate
1626 2258 1846 2322 mentis,

269 2358 394 2411 qua:
453 2352 577 2397 sunt
625 2359 748 2397 vera
806 2343 1115 2398 divinarum
1168 2347 1425 2400 vir'utum
1487 2348 1845 2405 imitamenta.

270 2432 427 2497 Quod
464 2434 627 2501 igitur
672 2436 738 2487 ad
793 2436 1180 2488 miraculorum
1232 2435 1568 2490 elfectiouem
1619 2448 1848 2507 speetat,

271 2524 373 2574 Stti)
411 2526 571 2576 tinem
631 2525 783 2578 vobis
838 2527 1156 2581 edisseram.
1188 2525 1339 2581 Nunc
1386 2544 1535 2594 vero,
1566 2542 1619 2580 ut
1645 2531 1849 2598 princi-

273 2614 422 2680 pium
461 2614 713 2666 narrandi
758 2612 975 2678 faciam,
1013 2617 1185 2685 ipsam
1240 2629 1532 2688 martyrem
1570 2636 1849 2675 commen-

274 2706 443 2766 dalio;
504 2720 623 2773 quae
678 2708 918 2774 quidem,
973 2710 1048 2762 uti
1083 2709 1354 2776 dicebam,
1413 2710 1534 2765 fons
1573 2724 1655 2766 est
1691 2725 1851 2784 atque

273 2796 429 2864 origo
456 2798 881 2863 miraculorum;
914 2810 967 2852 et
998 2802 1230 2869 primmn
1259 2804 1477 2870 quidem
1521 2806 1764 2869 ubinam,
1800 2818 1851 2859 ut

274 2904 439 2956 quam
469 2889 537 2941 ob
555 2904 771 2943 causam
797 2895 1168 2956 convenimus,
1202 2896 1356 2961 plane
1390 2897 1705 2950 edisseram.

350 2980 401 3033 ΕΞ.
437 2982 827 3035 Anuiversaria
876 2995 1076 3038 sanciat
1107 2988 1366 3057 martyris
1408 2991 1852 3043 rounucuim'atio

276 3074 331 3126 in
361 3089 525 3126 unum
558 3075 701 3128 hunc
731 3076 909 3129 locum
937 3092 1036 3130 nos
1057 3095 1245 3133 onmes
1266 3081 1500 3149 ullegit,
1535 3094 1594 3135 ut
1614 3084 1851 3148 ltostis,0

277 3166 384 3217 tnci
416 3167 711 3232 auditores,
746 3169 982 3236 antiquae
1012 3170 1230 3237 quidem
1264 3175 1517 3242 martyris
1544 3185 1594 3227 et
1647 3176 1851 3244 prima-

278 3262 377 3313 ria:
426 3273 643 3329 propter
690 3262 900 3330 insigne.
932 3273 1236 3326 certamen,
1296 3266 1390 3320 sed
1428 3284 1554 3321 vero
1599 3271 1848 3334 recentis,

277 3366 398 3419 quat
431 3352 584 3421 quasi
648 3369 787 3406 nunc
826 3355 1151 3408 deecrtando
1183 3356 1363 3411 vincat
1397 3369 1619 3427 propter
1676 3362 1849 3412 divina

276 3446 562 3506 miracula,
614 3446 807 3511 quibus
849 3447 1093 3514 quotidie
1150 3460 1468 3514 coronatur,
1521 3452 1852 3521 pulcbrcqm

276 3538 590 3591 decoratur.
622 3536 892 3607 Martyris,
920 3553 1037 3606 qum
1068 3551 1370 3606 Opportune
1402 3542 1618 3609 quidem
1652 3553 1853 3612 tempo-

279 3646 338 3683 re
366 3629 602 3682 ostendit
637 3629 838 3683 amoris
872 3630 1122 3683 ardorem
1160 3630 1241 3683 sui
1276 3648 1399 3696 erga
1438 3635 1625 3695 boum,
1680 3635 1852 3688 couti-

278 3719 405 3773 nuis
429 3734 554 3769 vero
587 3718 995 3785 tempestatibus
1030 3718 1081 3770 in
1120 3735 1281 3771 manu
1336 3719 1499 3771 habet
1565 3722 1855 3776 miraculo-

276 3827 400 3883 rum
427 3810 502 3879 (Ι)
534 3818 851 3878 potestatem
881 3819 932 3863 et
959 3808 1298 3863 ellicieutiatu
1323 3827 1416 3879 pro
1440 3810 1587 3877 justo
1610 3829 1856 3866 remune-

281 3902 493 3953 ratione
516 3918 529 3963 ;
552 3900 988 3967 quatuloquidem
1013 3909 1065 3953 et
1090 3899 1247 3953 fortis
1273 3903 1438 3954 animi
1469 3904 1853 3971 prmnptitudo,

278 4012 387 4061 qua
422 3996 639 4061 pra-dita
671 4002 810 4055 erat,
840 4002 893 4046 et
931 4007 1156 4060 corpore
1187 4003 1406 4061 propter
1441 3993 1609 4046 Deum
1645 3997 1857 4061 penitus

278 4089 538 4142 dilectum
595 4086 925 4147 declaratur,
968 4094 1024 4135 ttt
1061 4099 1392 4153 quaecunque
1425 4085 1731 4151 acciperet,
1774 4102 1856 4137 re-

281 4178 567 4229 tribueret.
609 4174 705 4225 Dat
740 4175 955 4241 quidem
984 4174 1070 4227 illa
1104 4189 1322 4241 corpus,
1354 4184 1407 4225 et
1434 4174 1644 4226 firmum
1680 4174 1858 4230 liberte

280 4266 572 4319 voluntatis
599 4266 953 4334 propositum,
987 4274 1151 4332 atque
1195 4266 1307 4319 lucc
1352 4281 1379 4318 a
1418 4265 1526 4318 Deo
1570 4269 1856 4324 obfirmata

274 4360 430 4429 juxta
476 4356 712 4409 divinam
769 4356 1108 4419 electionem,
1163 4358 1355 4426 recipit
1403 4369 1580 4411 autem
1626 4361 1858 4415 nominis

277 4449 605 4508 clatitatetn,
650 4455 704 4498 et
754 4447 957 4514 regium
986 4447 1256 4511 diadema,
1320 4447 1581 4501 illustrior
1637 4449 1853 4512 etl‘ecta,

1950 1983 2092 2050 quod
2124 1998 2189 2033 ex
2223 1980 2544 2033 immortalis
2595 1980 2683 2031 l)ei
2721 1976 2874 2030 Verbi
2905 1978 3068 2045 (quol
3102 1977 3264 2028 etiam
3310 1983 3528 2043 propter

1953 2089 2037 2125 tuo
2074 2074 2125 2125 in
2154 2088 2318 2126 carne
2352 2087 2444 2123 sua
2482 2079 2709 2123 mortem
2744 2070 3002 2137 gustavit)
3039 2069 3382 2134 iudivisoque
3437 2065 3531 2118 Dei

1952 2154 2089 2218 Filio
2112 2172 2232 2214 nata
2260 2171 2365 2227 est,
2399 2172 2453 2214 ιιι
2481 2160 3045 2229 loquitur'l‘lieologus
3074 2159 3330 2218 Joannes,
3360 2158 3529 2221 Quot-

1951 2264 2075 2325 quot
2140 2267 2314 2308 autem
2370 2263 2669 2320 receperunt
2722 2269 2862 2313 eum,
2905 2253 3049 2303 dedit
3106 2251 3179 2304 eis
3221 2258 3533 2317 potestatem

1953 2351 2089 2415 ﬁlios
2133 2347 2225 2400 Dei
2273 2346 2455 2415 ﬁeri”,
2487 2356 2594 2396 etc.
2637 2341 2826 2395 Mulier
2854 2343 3016 2411 igitur
3049 2342 3227 2409 virgo,
3262 2354 3382 2408 quze
3439 2352 3533 2390 vos

1955 2439 2205 2495 invitavit
2241 2440 2307 2491 ad
2361 2446 2606 2490 uestrum
2667 2435 2977 2504 religiosum
3026 2433 3280 2501 epulum,
3316 2429 3407 2483 illa
3447 2437 3535 2483 est

1954 2534 2142 2586 mulier
2176 2534 2312 2585 bene
2371 2531 2638 2597 desponsa
2674 2530 2763 2580 uni
2797 2528 2915 2579 viro
2949 2526 3167 2580 Christo
3200 2525 3240 2586 ³,
3267 2533 3323 2577 ut
3353 2523 3533 2575 verbis

1953 2635 2073 2676 utar
2120 2622 2347 2689 apostoli
2386 2620 2532 2673 l’auli
2566 2618 2870 2671 detbalami
2906 2616 3287 2683 conjunctione
3312 2633 3325 2681 ;
3349 2615 3531 2683 Virgo,

1954 2718 2037 2769 cui
2075 2716 2237 2767 etiam
2286 2714 2395 2781 ipse
2428 2711 2662 2781 coniugii
2700 2725 2905 2779 auslicx
2952 2724 3058 2762 non
3098 2710 3325 2762 incussit
3377 2707 3535 2760 timo-

1957 2824 2091 2869 rem,
2128 2815 2309 2857 utrum
2334 2804 2691 2869 deciperetur,
2722 2800 3004 2856 sicutolim
3031 2800 3164 2852 aviae
3189 2806 3385 2851 nostra:
3413 2797 3536 2850 Eva:

1955 2900 2188 2950 Satanas
2222 2912 2315 2964 per
2345 2895 2667 2948 insidiosum
2700 2900 3037 2962 serpentem.
3073 2888 3284 2953 Mulier,
3312 2903 3432 2955 qua:
3461 2902 3527 2939 ne

1954 3001 2134 3043 notam
2159 2989 2376 3058 quidem
2414 2986 2629 3040 inﬂicta)
2651 2986 2749 3037 sibi
2787 3001 2814 3037 a
2851 2984 3013 3038 Decio
3041 2981 3210 3035 refert
3242 2978 3532 3033 laceratio-

1955 3087 2037 3137 nis
2077 3103 2088 3136 :
2126 3084 2312 3151 Virgo,
2364 3097 2485 3149 qua:
2518 3080 2838 3133 vulneribus
2885 3094 2914 3131 a
2958 3076 3258 3142 Quintiano
3312 3071 3529 3133 aﬂ‘ecta,

1955 3175 2276 3227 tlissitttttlttl.
2310 3173 2522 3235 Mulier,
2556 3186 2674 3241 qum
2709 3171 3115 3241 tyrannicarum
3168 3163 3390 3235 ponderi
3416 3162 3530 3215 edi-

1955 3276 2161 3320 ctorum
2214 3281 2317 3317 non
2376 3280 2435 3317 se
2491 3261 2774 3324 submisit;
2830 3261 2998 3329 virgo,
3047 3274 3166 3327 qua:
3218 3255 3527 3325 principum

1958 3368 2129 3410 u-st‘o
2193 3357 2522 3424 percitorum
2556 3353 2740 3406 rabido
2771 3351 2938 3404 furori
2982 3366 3085 3402 non
3120 3348 3301 3402 cessit.
3325 3344 3537 3407 Mulier,

1956 3464 2075 3515 quas
2108 3448 2158 3498 iu
2195 3455 2513 3513 tempestate
2563 3444 2996 3511 impcriosiorum
3051 3441 3311 3494 ﬂuctuum
3364 3439 3537 3491 baud-

1959 3554 2228 3605 quaqztam
2252 3536 2588 3604 naufragium
2626 3534 2787 3599 fecit;
2822 3535 2993 3601 virgo,
3022 3549 3139 3600 qua:
3176 3533 3228 3585 in
3264 3531 3395 3584 retia
3440 3544 3536 3599 ge-

1958 3630 2193 3683 rentium
2227 3627 2589 3696 principatum
2624 3643 2728 3678 non
2763 3626 2978 3679 incidit.
3016 3625 3225 3689 Mulier,
3263 3640 3383 3691 qua:
3433 3623 3538 3677 fert

1952 3721 2177 3791 jnstitia:
2222 3720 2401 3788 leges;
2464 3720 2637 3787 virgo,
2669 3734 2785 3786 qme
2823 3719 3038 3787 propria
3084 3717 3325 3770 scribere
3365 3730 3527 3768 mruu

1956 3828 2110 3865 suum
2144 3828 2249 3864 non
2277 3821 2491 3863 veretur
2522 3811 2849 3864 institutum.
2884 3808 3092 3872 Mulier,
3127 3823 3246 3877 quae
3275 3806 3537 3861 tumidum

1956 3903 2226 3969 superbia:
2281 3904 2485 3954 fastum
2540 3901 2883 3968 Subjugavit;
2932 3903 3103 3968 virgo,
3140 3914 3258 3969 qua:
3288 3899 3542 3964 martyris

1959 4010 2174 4048 cursum
2209 4006 2428 4047 strenue
2468 3993 2691 4062 peregit.
2734 3992 2942 4057 Mulier,
2971 4008 3090 4061 qua:
3145 4006 3248 4045 non
3303 4005 3538 4060 purpura

1959 4086 2059 4157 (‘2),
2095 4087 2395 4153 l’ucatisque
2421 4085 2651 4149 umbris,
2677 4094 2731 4138 et
2757 4085 3087 4154 velamentis
3106 4084 3279 4137 vultus
3307 4082 3537 4135 formant

1959 4177 2175 4232 mentiri
2203 4191 2353 4229 suam
2389 4192 2543 4245 passa
2572 4186 2676 4240 est,
2714 4192 2892 4245 neque
2926 4174 3354 4237 medicamentis,
3385 4182 3438 4227 et
3467 4187 3536 4228 ex

1961 4269 2081 4321 vivo
2108 4278 2331 4337 argento
2386 4266 2670 4332 conlectis,
2705 4280 2881 4323 vestes
2903 4310 2916 4334 ,
2959 4282 3322 4336 manumnque
3356 4266 3531 4319 linea-

1960 4368 2140 4411 menta
2186 4359 2438 4423 inticere;
2489 4358 2582 4411 sed
2648 4360 2821 4424 virgo,
2860 4372 2980 4424 qu.e
3011 4356 3357 4410 conscientia:
3394 4372 3421 4408 a
3455 4354 3536 4407 lu-

1961 4451 2129 4513 mine,
2172 4451 2467 4518 coloreque
2518 4450 2799 4518 sanguinis
2834 4449 2946 4502 veri
2986 4449 3268 4516 divinique
3308 4448 3446 4517 Agui
3484 4456 3541 4500 et

276 4555 446 4607 quam
500 4536 545 4590 si
595 4536 733 4591 filios
777 4546 868 4589 aut
920 4536 1057 4589 tilias
1112 4548 1471 4605 procreasset,
1508 4545 1671 4604 atque
1711 4536 1847 4591 adeo
1889 4549 1928 4602 ι)
1959 4538 2097 4591 labia
2130 4551 2226 4590 sua
2264 4549 2315 4589 et
2346 4554 2513 4606 genus
2555 4549 2607 4591 et
2643 4538 2879 4601 linguam
2912 4538 3326 4604 purpurissabat
3373 4551 3538 4589 exor-

277 4629 431 4684 ontni
468 4629 629 4699 prolis
666 4627 809 4682 finda
847 4628 1120 4696 voluptate
1160 4628 1414 4697 despecta
1446 4628 1755 4683 sublimior.

355 4790 371 4819 ‘
414 4788 547 4841 Gen.
585 4802 644 4848 ll,
681 4784 770 4838 25.
872 4783 1070 4838 ’Joan.
1117 4802 1153 4849 I,
1196 4786 1281 4839 12.
1373 4788 1391 4815 ³
1433 4785 1469 4837 ll
1511 4786 1632 4837 Cor.
1674 4803 1749 4851 xi,
1786 4787 1839 4839 εὶ.

361 4925 436 4991 (1)
478 4924 611 4976 lliuc
640 4932 785 4987 patet
814 4922 975 4974 tmtlta
1004 4921 1131 4973 olim
1164 4934 1366 4974 saneta”:
1392 4922 1611 4986 Agatlue
1637 4938 1740 4971 tuo:
1762 4926 1848 4972 ἱεὶς.

282 4997 551 5048 arent-sse
578 4994 857 5054 uuraeula,
890 5008 1012 5044 ru'u
1039 5002 1233 5057 praeter
1263 4993 1311 5042 i-t
1354 4997 1493 5057 quat
1532 4993 1581 5043 ia
1630 5009 1751 5053 tear
1781 5014 1845 5042 s-

282 5069 365 5119 sis
403 5063 625 5117 {Elllzl‘is
659 5063 870 5131 ignibus
904 5063 1091 5123 eluxit,
1122 5063 1325 5113 nullum
1348 5070 1505 5113 modo
1534 5072 1706 5113 chict
1730 5077 1853 5115 ante

286 5136 491 5187 relatas
530 5131 991 5199 Constantinopoli
1031 5132 1287 5198 reliquias
1321 5132 1541 5183 laetum.

362 5202 732 5268 ('2)Cuujici:ts
772 5203 916 5261 hinc,
958 5213 1120 5268 atque
1152 5217 1214 5252 ex
1260 5201 1406 5252 Actis
1430 5199 1658 5261 Latinis,
1685 5202 1769 5251 ubi
1805 5203 1851 5253 ei

283 5276 864 5341 cxiirobrattyrannus
888 5273 1029 5337 quol
1063 5271 1312 5322 servilem
1349 5287 1635 5335 personam
1668 5270 1851 5322 indue-

289 5345 387 5399 rit.
413 5356 550 5404 eam,
582 5358 684 5393 non
728 5342 965 5409 quidem,
1001 5351 1053 5391 ιιι
1090 5356 1209 5408 qua:
1243 5356 1385 5392 nunc
1414 5352 1616 5392 sanctae.
1647 5343 1851 5391 nimia-

289 5415 402 5467 leni
435 5414 594 5464 vitam
628 5415 948 5477 prolitentnr
975 5411 1230 5475 virgines,
1269 5409 1356 5461 vili
1385 5410 1681 5462 induuntur
1703 5411 1853 5462 babi-

290 5493 375 5542 tu,
406 5484 493 5550 qui
530 5492 706 5533 tamen
735 5482 872 5549 apud
912 5481 1123 5531 virtutis
1166 5494 1319 5534 veros
1347 5481 1689 5532 estimatorcs
1732 5495 1859 5547 per-

293 5550 627 5606 honorificus
657 5562 759 5613 est,
803 5552 876 5602 ita
906 5560 1013 5600 tum
1055 5550 1227 5616 palam
1282 5564 1463 5602 rerum
1496 5552 1857 5602 humanarum

286 5630 657 5690 contemptum
707 5621 837 5682 ipsis
884 5621 1218 5674 vestimentis
1250 5630 1624 5685 ostentantes;
1676 5623 1858 5673 luxum

290 5702 477 5743 tamen
512 5691 878 5757 mundumque
913 5689 1227 5742 muliebrem
1272 5702 1603 5751 aversatam,
1645 5708 1704 5741 at:
1747 5706 1859 5743 mo-

290 5763 453 5813 desto
498 5776 646 5811 usam
698 5762 919 5813 amictu.
976 5759 1398 5813 Conciouatorze
1450 5762 1498 5812 id
1539 5776 1862 5828 uage-russi-

284 5832 508 5886 videtur
547 5841 764 5885 sanctus
808 5831 1116 5884 Vincentius
1166 5831 1447 5885 Ferrcrius
1501 5833 1551 5884 iu
1606 5848 1766 5887 scrin.
1796 5832 1859 5885 de

1967 4634 2279 4699 uabatque:
2317 4645 2526 4682 necnon
2573 4629 2737 4683 etiam
2787 4630 3040 4682 continua
3085 4630 3277 4682 mentis
3306 4644 3414 4681 sua:
3456 4644 3542 4681 co-

1964 4937 2151 4974 sun‘la
2182 4923 2431 4989 Agatho:
2472 4940 2487 4969 ι
2539 4919 2767 4971 Mortuis
2804 4920 3141 4985 parentibus,
3202 4919 3394 4981 inquit,
3451 4934 3536 4970 re-

1963 4995 2162 5045 mansit
2192 5000 2363 5045 lt.t:t't‘.s
2401 4994 2543 5043 illius
2585 4992 2765 5055 magni
2809 4989 2990 5057 palatii
3043 4991 3213 5056 patris
3242 4991 3323 5041 sui
3358 5008 3372 5042 :
3418 5005 3541 5055 qua:

1960 5064 2205 5131 exemplo
2266 5062 2471 5114 Christi
2517 5060 2727 5113 dimisit
2760 5058 3017 5128 palatium
3073 5059 3244 5124 patris
3285 5070 3339 5131 et
3378 5073 3540 5131 orna-

1964 5127 2141 5184 nte-uta
2176 5142 2227 5183 et
2270 5148 2396 5183 vasa
2438 5148 2603 5183 aurea
2647 5139 2701 5182 et
2748 5127 3027 5195 argentea,
3079 5138 3132 5181 et
3171 5127 3449 5181 restrinxit
3482 5143 3541 5179 so

1963 5203 2015 5253 iu
2052 5204 2278 5269 quadam
2315 5216 2477 5268 parva
2512 5203 2691 5269 deum,
2738 5209 2803 5269 ut
2847 5198 3071 5264 simplex
3107 5212 3337 5264 persona
3382 5215 3395 5250 :
3435 5216 3452 5247 ι
3486 5207 3541 5249 et

1963 5268 2149 5336 llillt'is
2200 5271 2502 5335 illiill'jct'lis
2537 5288 2548 5321 :
2589 5287 2606 5318 ι
2655 5268 2835 5321 Voluit
2890 5269 3036 5320 indui
3083 5269 3431 5334 pauperrime
3472 5278 3530 5319 ut

1963 5340 2225 5403 li-v'guina,
2268 5355 2319 5393 et
2350 5343 2511 5392 dabat
2549 5339 2936 5407 patrimonium
2986 5339 3319 5405 pauperibus
3350 5352 3537 5388 amore

1964 5410 2077 5469 ιιςτι,
2120 5422 2173 5463 et
2227 5412 2437 5462 vivebu
2488 5411 2721 5478 propriis
2770 5407 3039 5468 manibus,
3099 5408 3283 5470 tilavit,
3320 5408 3447 5478 suit,
3485 5416 3539 5459 et

1962 5484 2155 5542 texuit,
2183 5485 2305 5550 quia
2339 5474 2511 5533 nullus
2538 5474 2716 5550 potest
2754 5480 3009 5550 continue
3049 5491 3228 5530 orare.
3270 5496 3286 5527 ι
3316 5474 3538 5550 Proba-

1961 5551 2119 5602 bilius
2158 5544 2292 5603 forte
2330 5544 2801 5604 ['anlus'zi‘imilius
2846 5548 3206 5601 Sanctorius:
3249 5565 3266 5597 ι
3314 5544 3428 5599 Non
3456 5548 3533 5599 si-

1961 5622 2145 5675 nuosis
2176 5623 2251 5673 uti
2303 5624 2560 5685 vestibus,
2597 5637 2700 5672 non
2736 5634 2942 5687 gemma
2968 5617 3221 5684 capillum
3255 5618 3535 5685 insignite,

1961 5701 2052 5742 aut.
2082 5703 2355 5760 unguento
2384 5692 2560 5754 linire,
2611 5692 2702 5744 sed
2740 5692 2918 5760 serico
2955 5705 2966 5738 :
3000 5689 3206 5760 autltini
3240 5689 3353 5739 velo
3385 5690 3533 5739 colu-

1961 5764 2034 5813 ris
2090 5756 2250 5825 (quod
2307 5763 2481 5814 adhuc
2539 5762 2830 5826 aspicimus
2869 5756 3109 5823 Calatiae)
3158 5759 3413 5826 obtegere
3449 5774 3527 5824 τ)

1962 5836 2046 5884 ubi
2095 5836 2272 5884 l'txutu
2326 5848 2583 5899 t'camvet,
2625 5834 2955 5883 i;.odcrat:t:n
2995 5841 3223 5881 nitorem
3278 5829 3536 5882 admittit.
