4200 6430
226 357 370 426 1277

1386 372 1668 433 ORATIO
1714 374 1793 431 ΙΝ
1827 374 1896 434 S.
1939 376 2327 435 AGATHAM.

3330 370 3465 436 1278

224 466 380 533 logia:
414 484 477 523 es
510 470 760 525 accubitu
800 488 965 542 super
996 475 1205 530 Domini
1261 478 1660 532 immaculatum
1694 494 1789 548 pe-
1822 485 1867 539 Δ
1895 492 1968 545 et,
2002 492 2062 535 ut
2102 482 2280 546 decet,
2325 480 2754 535 collmtantiun?
2786 478 2867 533 lle
2900 489 3078 533 autem
3117 479 3287 547 ipsam
3328 483 3464 537 inte~

223 568 345 611 ctus
374 558 416 629 ⁸)
447 559 533 612 illa
576 561 935 633 lacrymarum
991 566 1160 631 rivos,
1205 582 1311 635 quo
1358 570 1578 623 uberius
1618 571 1791 623 dirua-

225 662 440 712 narent,
478 654 705 733 accepit.
743 653 929 722 Surgit
968 656 1131 725 igitur
1164 668 1283 726 post
1308 675 1529 728 precum
1566 660 1791 713 satieta-

226 747 357 803 tem,
391 741 612 807 perinde
638 758 700 797 ac
729 746 772 798 si
804 750 1284 814 accepissctdivini
1310 751 1492 803 auxilii
1513 762 1791 817 tesseram,

224 830 392 882 corde
423 832 659 897 quidem,
678 844 933 904 certaque
961 853 1055 905 spe
1080 839 1180 891 sibi
1209 840 1484 893 victoriam
1512 857 1606 910 per
1637 842 1791 896 iidem

208 919 551 985 pollicetur;
586 922 814 993 ideoque
845 928 922 980 sic
953 928 1227 993 loquitur:
1266 929 1400 983 Ecce
1438 929 1548 996 jam
1584 928 1790 983 Christi

222 1010 425 1065 virtute
479 1012 688 1068 hostilis
736 1018 975 1084 potentia
1009 1018 1060 1072 in
1124 1018 1359 1072 favillam
1393 1021 1629 1083 redacta,
1661 1034 1794 1074 eon-

224 1101 459 1166 cnlcata,
486 1111 539 1156 et
560 1103 824 1160 exstincta
864 1118 949 1162 est
977 1125 1005 1162 a
1044 1126 1159 1164 mea
1193 1112 1447 1179 pudicitia
1481 1130 1494 1165 :
1537 1114 1677 1179 quod
1711 1128 1796 1168 re-

225 1191 429 1262 liquum
452 1204 554 1259 est,
587 1197 865 1254 conlidens
888 1200 1053 1255 alacri
1080 1203 1264 1258 animo
1296 1203 1361 1257 ad
1397 1204 1628 1258 stadium
1667 1221 1793 1276 pro-

226 1298 463 1339 curram.

298 1396 351 1449 8.
391 1394 578 1466 Itaque
612 1416 820 1454 summa
857 1404 1050 1458 mentis
1086 1406 1385 1462 constantia
1417 1408 1481 1461 ad
1506 1416 1791 1478 tyrannum

224 1488 400 1555 pergit
430 1490 815 1548 interlictores
846 1495 1181 1558 laetabunda,
1216 1512 1336 1551 cum
1370 1501 1435 1553 de
1474 1500 1555 1552 sui
1581 1498 1823 1567 generis.

226 1579 528 1645 nobilitate,
560 1586 875 1653 magnisque
911 1597 964 1639 et
992 1587 1179 1641 multis
1221 1604 1399 1642 rerum
1443 1589 1676 1643 fortunis
1717 1591 1791 1643 ni-

227 1669 302 1721 hil
327 1669 857 1741 planememinisset,
898 1692 961 1730 ac
990 1693 1055 1732 ne
1084 1679 1250 1733 verbo
1280 1681 1519 1748 quidem,
1554 1681 1694 1747 quod
1726 1680 1791 1734 ad

226 1770 315 1807 res
339 1772 461 1812 suas
484 1762 802 1828 pertineret,
851 1766 1079 1833 prolato,
1126 1770 1219 1822 sed
1259 1770 1488 1837 simplici
1519 1770 1791 1840 expedito-

225 1862 332 1913 q-ze
372 1865 557 1919 gressu
607 1859 1126 1921 przecurrebateos,
1156 1859 1247 1927 qui
1300 1873 1419 1912 eam
1469 1862 1788 1921 ducebant;

227 1937 301 1989 ita
342 1949 395 1991 ut
451 1940 549 1995 hos
595 1944 809 2011 quidem
865 1947 1003 2000 trahi
1044 1949 1220 2015 potius
1253 1949 1319 2003 ab
1352 1950 1595 2017 Agatha,
1629 1966 1790 2019 quam

226 2028 491 2095 Agatbam
543 2032 609 2085 ab
652 2034 782 2101 ipsis
817 2038 955 2091 trahi
1004 2040 1248 2094 viderent
1297 2052 1656 2107 spectatores,
1698 2043 1789 2113 qui

228 2122 313 2193 vel
354 2121 469 2188 ipsa
501 2123 783 2179 oculorum
833 2130 950 2183 acie
998 2130 1139 2183 illius
1175 2132 1507 2188 celeritatem
1541 2136 1791 2202 prosequi

230 2213 535 2279 nequirent.
570 2217 745 2285 Atque
788 2219 862 2283 bi,
888 2222 978 2289 qui
1016 2222 1297 2288 virginalis
1332 2223 1496 2277 animi
1532 2226 1793 2293 prompti-

230 2304 417 2357 tudine
446 2307 682 2375 erudiri,
710 2318 765 2362 et
799 2310 864 2364 ad
899 2312 1217 2380 prudentem
1255 2314 1535 2368 audaciam
1578 2316 1792 2368 incitari

231 2390 624 2448 debuissentad
660 2406 885 2450 mortem
920 2413 1015 2467 pro
1066 2400 1262 2454 virtute
1310 2402 1689 2473 oppetendam,
1725 2411 1799 2454 ta-

234 2497 357 2535 men
396 2498 425 2537 e
451 2488 746 2551 contrario,
776 2502 871 2555 per
918 2489 1154 2543 innatam
1192 2491 1645 2554 inconstantiam,
1679 2507 1798 2546 cer-

234 2585 423 2625 vorum
461 2573 631 2628 instar
657 2577 836 2631 cordis
876 2579 1289 2648 trepidationem
1318 2584 1530 2650 penitus
1574 2582 1797 2652 impres-

235 2678 349 2716 sam
390 2663 665 2731 foventes,
712 2668 880 2723 veloci
933 2672 1240 2725 reversione
1284 2674 1493 2727 beatam
1534 2675 1796 2741 virginem

235 2754 419 2807 miseri
458 2755 808 2824 reliquerunt.
838 2759 907 2812 At
936 2760 1024 2813 illa
1056 2761 1181 2815 dum
1215 2763 1506 2827 incederet,
1532 2764 1799 2836 lacrymas

235 2846 469 2900 ubertim
501 2848 854 2929 profundens,
889 2852 960 2905 ita
989 2868 1170 2907 secum
1217 2856 1283 2906 ad
1315 2869 1513 2923 preces
1538 2871 1797 2910 conversa

235 2933 572 3003 loquebatur,
617 2946 841 3009 seseque
872 2942 937 2996 ad
987 2943 1243 3011 majorem
1297 2946 1657 2998 constantiam
1714 2947 1798 2999 in-

236 3026 547 3083 ﬂammabat
578 3049 591 3085 :
625 3031 860 3087 Primum
888 3036 1098 3104 quidem
1131 3050 1227 3104 pro
1268 3036 1515 3105 virginali
1545 3038 1798 3106 pudicitia

1895 573 1996 625 rim
2026 571 2570 635 nonanimadvertis,
2623 587 2656 625 o
2702 578 3011 635 veterator,
3061 574 3161 625 sub
3206 574 3464 627 amatoris

1897 642 2212 716 meiumbra
2238 663 2619 725 dormientem,
2649 672 2703 715 et
2736 663 2838 716 sub
2875 668 3190 715 certaminis
3216 666 3465 729 praemio-

1896 767 2123 819 rumque
2159 753 2365 808 arbitro
2387 753 2604 808 Christo
2630 753 2857 807 viriliter
2884 755 3284 815 decertantem,
3321 753 3464 807 ideo-

1892 856 1997 910 que
2021 858 2141 911 qua:
2169 842 2423 911 Magister
2461 860 2613 897 mens
2639 843 2821 896 docuit
2864 854 3228 907 exercentem,
3274 853 3324 895 et
3368 858 3464 909 pro

1893 931 2096 985 viribus
2127 932 2467 1001 expleturum
2516 935 2695 999 reipsa
2740 943 3070 1000 Sperantem.
3116 932 3463 986 Providebam

1894 1024 2037 1076 enim
2084 1024 2365 1077 Dominum
2417 1042 2584 1078 meum
2639 1027 2693 1079 in
2746 1034 3026 1093 conspectu
3086 1042 3197 1078 meo
3237 1042 3460 1094 semper,

1893 1115 2138 1181 quoniam
2167 1132 2199 1167 a
2224 1116 2422 1169 dextris
2447 1116 2573 1168 mihi
2593 1126 2665 1168 est
2696 1133 2760 1169 ne
2781 1132 3108 1169 commoveor
3140 1116 3179 1168 ⁷.

1966 1221 2052 1275 10.
2089 1221 2239 1276 Talia
2281 1223 2513 1277 dicentis
2540 1223 2770 1291 contigit
2804 1231 2861 1275 ut
2897 1216 2949 1276 in
2989 1224 3102 1288 ipsa
3153 1237 3343 1275 cursus
3368 1236 3460 1275 ce-

1893 1310 2105 1365 leritate
2141 1311 2496 1365 calceamenti
2537 1312 2773 1379 currigia
2813 1312 3137 1366 solveretur.
3195 1309 3465 1363 Sedulita-

1896 1410 1998 1452 tem
2042 1410 2220 1452 autem
2257 1400 2420 1453 etiam
2458 1415 2577 1453 cum
2627 1399 2772 1452 illam
2804 1401 3062 1469 colligare
3104 1399 3284 1463 vellet,
3328 1414 3462 1451 ima—

1895 1492 2038 1543 xime
2060 1490 2296 1555 ostendit
2326 1490 2702 1553 masculinam,
2733 1498 2785 1543 et
2822 1504 3105 1553 conversa,
3126 1500 3178 1543 et
3202 1489 3465 1547 comitan-

1897 1581 2027 1633 tium
2064 1580 2285 1632 orunino
2310 1579 2582 1633 neminem
2622 1564 2836 1644 intuita,
2875 1594 3062 1648 preces
3085 1581 3297 1648 quidem
3328 1579 3463 1632 ludit

1893 1672 2179 1739 upitulanti
2211 1674 2321 1724 Deo
2354 1689 2367 1724 :
2403 1670 2627 1725 Domine
2659 1673 3024 1738 omnipotens,
3057 1672 3147 1739 qui
3174 1686 3277 1723 non
3307 1671 3462 1723 dese-

1896 1765 1970 1819 ris
1995 1774 2044 1815 te.
2075 1758 2341 1824 amantes,
2371 1772 2426 1817 et
2458 1764 2512 1815 in
2548 1773 2598 1816 te
2632 1779 2754 1830 spes
2790 1778 2916 1817 snas
2946 1763 3297 1823 collocantes,
3342 1770 3461 1814 esto

1894 1853 2108 1921 adjutor
2132 1869 2282 1907 meus
2321 1854 2371 1907 iu
2397 1854 2568 1907 altero
2594 1855 2915 1917 certamine,
2952 1855 3091 1922 quod
3123 1853 3250 1906 mihi
3277 1853 3459 1921 parari

1888 1945 1997 2015 jam
2038 1946 2208 2008 video,
2239 1958 2291 1999 ct
2322 1948 2388 1999 ad
2414 1948 2557 2015 quod
2592 1947 2871 2015 accingor,
2930 1948 3102 2015 gratia
3146 1956 3233 1998 tua
3277 1946 3462 2012 Opitu-

1895 2038 2039 2091 lante
2068 2055 2080 2091 :
2107 2039 2256 2093 hisce
2298 2048 2500 2102 autem,
2553 2040 2644 2107 qui
2689 2052 2774 2092 me
2811 2039 3071 2105 tantisper
3109 2044 3462 2104 exceperunt,

1895 2131 2017 2183 dum
2056 2130 2143 2183 hic
2167 2130 2519 2199 licuitquiete
2558 2145 2741 2197 agere,
2775 2144 2968 2199 meque
2996 2130 3276 2183 continere
3311 2128 3465 2193 longe

1896 2234 1924 2272 a
1957 2219 2127 2288 patria
2161 2219 2234 2288 (6)
2260 2234 2322 2273 ac
2355 2230 2572 2288 paterna
2605 2220 2763 2273 domo
2797 2230 2853 2273 ut
2900 2236 2966 2273 ne
2998 2222 3215 2272 auribus
3248 2220 3462 2286 quidem

1896 2310 2201 2377 acciperem
2226 2310 2481 2379 nuptialia
2506 2310 2783 2376 Quintiani
2814 2311 3020 2373 nuntia,
3043 2308 3361 2377 condignam
3386 2307 3466 2359 vi-

1897 2414 2012 2454 cem
2053 2400 2268 2463 reddas,
2305 2408 2358 2455 et
2379 2399 2527 2455 ellice
2572 2412 2629 2455 ut
2656 2416 2933 2455 sermones
2969 2401 3096 2463 mei,
3127 2415 3262 2468 quos
3289 2399 3466 2466 priva-

1899 2488 1995 2541 tim
2022 2488 2086 2543 de
2136 2499 2187 2541 te
2241 2489 2432 2552 habui,
2478 2504 2607 2544 vero
2642 2490 2771 2555 Deo,
2818 2493 2991 2558 deque
3024 2489 3301 2557 nnigenito
3329 2488 3465 2541 Filio

1899 2589 2014 2643 tuo,
2036 2586 2088 2633 et
2117 2579 2184 2633 de
2204 2581 2478 2644 castitate,
2512 2588 2566 2634 et
2614 2582 2678 2635 de
2705 2580 2934 2649 judicio,
2976 2583 3025 2634 in
3059 2596 3245 2634 eorum
3284 2580 3462 2633 cordi-

1899 2672 1998 2725 bus
2028 2682 2393 2740 perseverent.
2457 2671 2561 2727 Sed
2604 2676 2862 2741 quoniam
2925 2690 3117 2728 vereor
3164 2688 3230 2726 ne
3275 2685 3462 2725 eorum

1904 2764 2159 2815 memoria
2205 2762 2441 2830 dillluat(
2475 2780 2625 2820 ecce.
2651 2766 2795 2818 enim
2850 2779 2933 2817 me
2968 2767 3178 2817 oceitlte
3228 2763 3464 2829 relique-

1904 2864 2028 2906 rttut
2058 2855 2291 2924 omnes).
2320 2857 2566 2920 ostende,
2594 2870 2798 2928 qnzeso,
2838 2856 2920 2909 bis
2948 2856 3099 2909 urbis
3124 2854 3312 2906 incolis
3351 2866 3465 2902 ma-

1901 2959 2062 3011 gnum
2105 2944 2327 3013 aliquod
2353 2944 2691 2998 miraculum.
2726 2944 2926 2998 Etcum
2960 2945 3072 2998 haec
3095 2945 3245 3012 virgo
3278 2942 3467 2993 luisset

1902 3046 2140 3102 precata,
2182 3036 2324 3090 illico
2361 3036 2562 3091 sterilis
2592 3035 2709 3090 olea
2751 3046 2939 3090 exorta
2973 3044 3079 3096 est,
3106 3050 3227 3101 qua:
3253 3033 3461 3102 publica

235 3130 459 3187 propter
479 3123 752 3177 Christum
786 3141 1041 3193 sponsum
1094 3143 1268 3180 meum
1319 3127 1615 3191 decertavi,
1660 3129 1795 3182 deli-
1824 3156 1867 3213 ο
1904 3125 2191 3194 ignominia
2238 3128 2461 3189 notabat
2510 3143 2642 3194 eos,
2687 3128 2778 3197 qui
2815 3142 2911 3196 per
2957 3126 3191 3195 speciem
3245 3123 3467 3178 honoris

236 3208 351 3260 clas
376 3215 433 3261 ut
458 3224 567 3262 rem
591 3212 998 3266 abominandam
1030 3214 1335 3274 abominata
1358 3257 1373 3279 ,
1406 3225 1463 3267 ut
1491 3231 1556 3271 ne
1586 3219 1650 3269 de
1699 3219 1797 3269 im-

236 3300 454 3367 proviso
492 3318 584 3369 per
637 3292 917 3359 illecebras
961 3321 1321 3375 expugnarer.
1391 3307 1579 3375 Agesis
1634 3310 1795 3380 etiam

239 3408 405 3454 nune,
429 3395 615 3448 adesto
641 3396 903 3451 alacritati
951 3398 1115 3451 animi
1161 3398 1284 3464 mei,
1312 3414 1344 3452 ο
1373 3399 1683 3455 dulcissime
1725 3403 1795 3456 mi

239 3485 530 3553 randitate,
557 3488 647 3556 qui
688 3490 832 3543 solus
878 3490 1044 3544 eﬂieis
1071 3500 1289 3559 etpotes
1322 3492 1501 3544 omnia
1534 3510 1548 3545 :
1577 3496 1799 3549 ostende

237 3591 415 3629 meam
454 3578 871 3633 banchnmilem
916 3592 1143 3633 mentem
1174 3583 1386 3634 eunetis
1440 3584 1595 3637 rebus
1642 3586 1799 3639 terri-

236 3666 438 3721 bilibus
465 3671 834 3725 sublimiorem
860 3690 872 3737 ;
898 3672 966 3725 ita
1001 3682 1057 3725 ut
1084 3674 1243 3726 etiam
1266 3677 1447 3727 animo
1478 3690 1695 3742 eas_pro
1721 3677 1799 3728 ui-

236 3758 357 3812 liilo
388 3760 575 3814 duram
599 3803 613 3825 ,
649 3778 819 3831 neque
853 3764 1142 3832 quidquam
1176 3765 1482 3819 existimem
1528 3766 1699 3819 instar
1729 3768 1801 3821 le-

236 3851 327 3899 vis
364 3850 649 3903 cantilenae
714 3868 777 3905 ac
834 3836 1124 3921 strepitus,
1170 3854 1381 3908 etiamsi
1429 3857 1603 3909 decies
1653 3858 1801 3910 mille

236 3940 371 4002 sint,
404 3942 492 4005 qui
518 3958 701 3995 necem
729 3944 855 3997 mihi
890 3945 1166 4001 intentent.

317 4029 368 4081 9.
421 4028 529 4083 Sub
558 4034 669 4085 hanc
703 4037 853 4101 quasi
886 4051 1010 4088 vero
1062 4038 1230 4093 oeulis
1278 4038 1568 4106 inspiceret
1598 4038 1803 4107 (mente

240 4121 391 4172 enim
427 4135 574 4174 certe
610 4124 951 4194 intuebatur)
1000 4129 1205 4180 hostem
1252 4143 1430 4189 sumu,
1467 4128 1641 4179 eidem
1678 4139 1800 4180 tan-

240 4227 407 4280 q-iam
438 4214 690 4278 praesenti
738 4220 1083 4286 exprobravit
1114 4238 1127 4272 :
1161 4218 1277 4274 Non
1320 4222 1491 4295 vides,
1528 4221 1800 4288 inquiens,

244 4318 428 4356 meum
486 4308 743 4371 studium,
783 4324 815 4361 o
862 4311 1107 4364 veritatis
1138 4313 1327 4374 hostis,
1362 4312 1559 4381 quique
1617 4316 1685 4365 ab
1741 4327 1801 4364 ea

246 4392 459 4447 alienus
497 4412 576 4458 es,
605 4400 825 4468 adquod
856 4403 1327 4471 contemplandum
1362 4404 1609 4455 universa
1644 4419 1805 4470 ange-

1898 3234 2017 3272 eam
2040 3217 2409 3282 'deduxerant,
2441 3206 2734 3285 timideque
2766 3216 3106 3281 aulugeraut.

1971 3308 2056 3360 ll.
2089 3305 2317 3359 Strenua
2348 3318 2527 3360 autem
2580 3308 2730 3375 virgo
2771 3323 2833 3360 ex
2880 3322 2945 3359 eo
2993 3304 3250 3359 miraculo
3296 3302 3467 3371 magis

1900 3398 2135 3450 animata
2171 3396 2392 3466 (quippe
2437 3397 2547 3466 jam
2597 3407 2865 3449 senserat,
2893 3396 3161 3449 exauditis
3216 3394 3465 3461 pret-ilius

1900 3491 2139 3543 divinum
2172 3489 2273 3543 sibi
2324 3490 2515 3543 adesse
2558 3487 2801 3553 Numen,
2832 3488 3057 3556 ejusque
3097 3486 3315 3553 angelos
3373 3484 3463 3553 qui

1900 3596 1959 3635 se
1990 3589 2269 3635 tuerentur
2315 3582 2381 3635 ab
2414 3582 2662 3633 lictorum
2712 3582 2945 3648 injuriis)
2984 3582 3145 3631 corde
3196 3578 3465 3643 intrepido

1902 3690 1962 3729 se
2010 3676 2060 3726 in
2095 3674 2231 3725 viam
2281 3674 2444 3725 dedit.
2477 3672 2576 3726 libi
2618 3687 2743 3723 vero
2777 3671 3035 3725 Catanam
3074 3669 3469 3736 appropinqua-

1906 3769 2014 3827 bat,
2041 3780 2268 3833 magnus
2306 3763 2500 3816 civium
2561 3779 2778 3816 suorum
2819 3778 3077 3814 numerus
3138 3761 3209 3813 illi
3252 3761 3467 3812 obviam

1904 3857 2131 3923 prodiit;
2164 3866 2216 3907 et
2248 3855 2499 3907 mulieres
2531 3839 2744 3922 quidem
2782 3854 2989 3921 aliquot
3028 3853 3143 3919 ejus
3173 3852 3343 3902 vicem
3372 3849 3468 3901 dn—

1886 3948 2105 4008 ~lebant,
2150 3946 2355 4013 aliquot
2387 3946 2591 4005 etiam,
2638 3944 2835 4012 quibus
2882 3944 3247 3997 Christianum
3281 3952 3467 4008 pectus

1906 4030 2389 4106 magis‘sapiebat,
2437 4036 2577 4089 inter
2611 4050 2671 4089 se
2720 4035 2897 4088 tacitis
2930 4036 3179 4086 laudidus
3214 4042 3470 4085 constan-

1909 4130 2033 4183 tiam
2073 4128 2295 4196 virginis
2321 4126 2667 4190 extollebant,
2699 4128 2839 4195 quod
2870 4126 3063 4191 impias
3086 4124 3469 4190 (7)pro<~onsu-

1907 4218 1971 4270 lis
2014 4217 2222 4272 oblatas
2264 4220 2477 4287 nuptias
2518 4234 2583 4271 ne
2627 4219 2807 4271 auditu
2872 4218 3085 4285 quidem
3130 4207 3349 4284 dignata
3382 4227 3471 4266 es-

1907 4319 2021 4374 set;
2059 4313 2286 4379 ideoque
2328 4312 2502 4363 solmn
2540 4320 2748 4364 vertere
2797 4311 3069 4377 sapienter
3122 4307 3466 4360 decrevisset.

1907 4403 2165 4455 Matrona:
2220 4419 2351 4457 vero
2384 4403 2654 4471 primaria:
2694 4401 2964 4462 civitatis,
3003 4400 3197 4465 quibus
3254 4406 3473 4464 propter

246 4486 423 4541 lorum
451 4503 511 4541 ac
535 4489 801 4556 justorum
827 4494 1062 4546 occurrit
1086 4494 1371 4549 multitudo
1394 4496 1800 4559 exsultantium,
1837 4494 1878 4547 D
1911 4495 2224 4558 nobilitatis,
2260 4508 2419 4562 opum
2477 4509 2539 4546 ac
2571 4494 2881 4545 divitiarum
2920 4490 3149 4548 laruam,
3188 4487 3334 4539 locus
3375 4488 3469 4537 da-

326 4662 522 4719 ‘Joan.
557 4663 790 4726 xm,25.
864 4665 884 4696 "
924 4664 1066 4719 Psal.
1088 4676 1177 4729 xv,
1208 4664 1260 4719 8.

330 4840 405 4910 (6)
430 4838 694 4911 Videntur
722 4838 1090 4911 Panormitani
1117 4855 1382 4901 asserere,
1420 4841 1680 4911 migrasse
1702 4844 1810 4904 pri-

250 4928 405 4967 mum
443 4910 729 4978 Agatbam,
759 4911 931 4963 adhuc
959 4910 1300 4975 infautnlam,
1333 4926 1471 4963 ριηιι,
1496 4910 1807 4978 parentibus

249 4982 524 5035 l’anuruio
550 4979 1056 5050 Catauampibique
1089 4982 1386 5033 adolevisse
1419 5000 1430 5031 :
1459 4985 1475 5050 (
1502 4982 1642 5032 unde.
1679 4982 1811 5031 alio-

250 5052 387 5121 quin
417 5050 809 5121 Catanensibtss
854 5048 923 5099 ita
974 5052 1161 5102 luisset
1198 5062 1340 5121 nota,
1376 5060 1435 5103 ut
1469 5048 1618 5116 apud
1644 5049 1812 5117 Quiri-

254 5118 464 5172 tianum
487 5121 602 5181 ejus
641 5118 977 5187 nobilitatem
1016 5134 1078 5172 ac
1125 5120 1576 5187 pulchritudinem
1605 5121 1809 5186 deprae-

249 5191 576 5254 dit-arent?)
612 5202 675 5240 ac
700 5187 894 5241 deinde
930 5186 1255 5243 Panormum
1295 5190 1359 5243 ad
1386 5190 1529 5243 lares
1560 5198 1813 5257 paternos

250 5273 552 5312 reversam.

334 5326 411 5393 (ἶ)
444 5327 718 5395 Nusquam
751 5331 803 5381 in
840 5328 985 5381 Actis
1012 5327 1237 5393 Latinis,
1273 5339 1329 5382 nt
1358 5330 1612 5389 diximus,
1651 5342 1803 5379 men-

253 5399 338 5450 tio
382 5411 629 5463 exliressa
666 5401 723 5451 tit
767 5398 937 5465 l'ngm:
992 5413 1165 5465 neque
1199 5399 1262 5451 ad
1308 5399 1519 5465 nuptias
1568 5398 1804 5464 expetita

252 5466 455 5517 dicitur
488 5481 514 5516 a
545 5467 857 5533 Quintiano,
890 5469 980 5535 qui
1017 5484 1234 5519 uxorem
1264 5470 1523 5527 habebat,
1578 5471 1667 5519 sed
1712 5482 1807 5533 po-

254 5537 366 5587 tius
400 5536 465 5587 ad
500 5548 769 5605 stuprum,
808 5556 827 5588 ι
884 5539 1058 5604 utqui
1097 5546 1214 5589 erat
1257 5539 1322 5590 de
1359 5552 1550 5603 genere
1594 5537 1808 5604 ignobili

255 5614 443 5663 natus,
498 5621 593 5674 per
645 5609 743 5661 hoc
778 5616 1093 5676 personaret
1156 5609 1221 5661 ad
1281 5623 1439 5659 aures
1476 5607 1637 5672 vulgi,
1670 5607 1809 5672 qno-I

258 5681 451 5745 tantus
479 5688 621 5729 esset
645 5694 706 5730 ac
741 5681 881 5739 talis,
918 5679 1006 5745 qui
1034 5687 1213 5745 posset
1245 5678 1405 5732 etiam
1440 5677 1809 5740 spectabilinm

270 5743 561 5815 subjugare
607 5762 882 5817 personas.
937 5743 956 5798 ἰ
1001 5743 1224 5801 Exstant
1260 5762 1456 5816 passim
1504 5748 1641 5815 apud
1674 5749 1808 5799 scri-

1904 4853 2088 4907 ptores
2118 4842 2360 4909 exempla
2388 4841 2870 4908 importnnissimze
2902 4838 3145 4891 libidinis
3178 4846 3468 4909 praetorum

1907 4908 2285 4963 Ilomanorum'
2320 4913 2370 4964 in
2420 4911 2829 4978 provincialium
2882 4911 3014 4961 tilias
3069 4924 3132 4961 ac
3190 4908 3468 4978 cornjugcs.

1907 4980 2046 5047 Lege
2073 4983 2161 5045 qui
2186 4996 2245 5033 ea
2273 4976 2505 5048 requiris
2532 5019 2545 5040 ,
2573 4981 2713 5047 apud
2741 4980 3053 5032 Ciceronem
3096 4993 3213 5046 quae
3242 4976 3302 5029 C.
3345 4976 3471 5048 Ver-

1910 5066 1996 5102 res
2052 5050 2255 5102 Prmtor
2290 5047 2582 5102 incudem
2633 5050 2816 5101 Sicilia
2868 5050 3112 5115 gesserit.
3166 5056 3218 5097 et
3272 5054 3378 5097 act.
3415 5047 3469 5107 ὃ,

1918 5133 2036 5185 quae
2086 5127 2238 5170 antea
2291 5118 2596 5186 LampSaCi,
2650 5118 2963 5169 Sanctorius
2989 5119 3264 5169 existimat
3306 5116 3470 5177 Quin.

1922 5198 2123 5239 ttanmn
2157 5189 2256 5239 sibi
2279 5189 2504 5252 jungere
2539 5190 2880 5239 matrimonio
2914 5187 3171 5251 Agatbam
3208 5186 3463 5238 voluisse.

1920 5258 2020 5323 Qui
2054 5257 2214 5323 igitur
2242 5259 2416 5323 potuit
2468 5258 2886 5323 prudentissima
2926 5258 3081 5320 virgo
3106 5270 3198 5321 qu.
3239 5270 3275 5307 l.
3334 5272 3385 5306 u.
3414 5254 3470 5317 5,

1912 5338 2121 5385 notare,
2158 5337 2215 5377 ut
2242 5328 2361 5378 talis
2398 5336 2539 5379 esset
2573 5341 2707 5377 uxor
2729 5326 3004 5390 Quintiani
3038 5326 3211 5391 qualis
3245 5330 3338 5376 dea
3375 5340 3469 5374 sua

1914 5395 2115 5457 Venus,
2147 5397 2190 5448 si
2241 5399 2443 5449 ειτίοὺτιι
2468 5410 2587 5447 eum
2612 5409 2780 5447 uxore
2802 5410 3008 5456 carere,
3040 5408 3203 5459 seque
3238 5396 3303 5444 ad
3346 5394 3476 5460 legi-

1917 5470 2105 5517 timum
2141 5466 2442 5533 coiijugium
2475 5466 2689 5531 expeti?
2714 5464 2865 5529 Quod
2904 5476 3084 5533 votum
3126 5464 3361 5528 Virginis
3396 5466 3467 5513 ita

1916 5538 2054 5587 idem
2088 5536 2402 5586 Sanctorius
2435 5536 2654 5601 erponit
2687 5552 2699 5586 :
2741 5534 2959 5601 Rogabo
2976 5532 3157 5587 Jeeum
3194 5534 3470 5585 Christum

1920 5606 2200 5658 liniuinnm
2236 5621 2432 5663 meum,
2468 5616 2525 5656 ut
2582 5620 2717 5656 uxor
2769 5615 2855 5655 tua
2890 5606 2906 5666 (
2939 5604 2985 5654 si
3023 5603 3179 5656 thoro
3241 5606 3474 5655 fortasse

1920 5691 1977 5725 es
2010 5674 2282 5741 ull‘gattts)
2322 5675 2442 5725 talis
2476 5674 2713 5726 moribus
2755 5683 2807 5727 et
2846 5674 3013 5742 gloria
3045 5674 3237 5729 evadat
3294 5672 3475 5740 qualis

1921 5759 2163 5797 amorum
2199 5745 2377 5813 regina
2421 5742 2619 5797 Venus.
2662 5761 2680 5792 ι
