4200 6430
276 379 406 447 ῖὲδι

1411 380 1693 445 ORATIO
1734 378 1814 445 IN
1855 383 1914 445 S.
1957 380 2340 447 AGATHAM.

3381 386 3517 458 i282

277 506 517 551 amorem
538 493 832 555 vulneratis
851 496 1087 556 divinum
1118 502 1301 565 peetus
1322 487 1851 561 vulneraret,Spon-
1882 496 1925 554 Α
1959 490 2165 547 Iaudem
2197 502 2249 547 et
2275 493 2532 549 honorem
2564 491 2796 551 nominis
2836 492 2934 561 tul,
2979 501 3031 551 et
3076 493 3125 551 in
3158 493 3380 566 gloriam
3408 498 3512 557 Ec-

273 582 429 653 sique
453 598 546 641 cor
576 587 893 645 transﬁxum
927 586 991 641 ad
1017 582 1273 656 unqorcm
1305 580 1387 639 sui
1418 594 1654 637 amorem
1682 581 1846 637 illice-

275 684 359 730 ret
388 688 548 747 atque
572 678 946 734 inflammaret.

349 766 436 820 lli.
473 766 600 822 Post
634 767 1143 840 igiturmultiplices
1176 764 1473 819 intentatas
1503 760 1725 831 Agatha:
1749 758 1844 814 mi-

276 869 396 921 nas,
426 857 490 908 ad
546 861 890 913 tenebrosum
947 858 1158 911 detrudi
1204 868 1482 909 Carcerem
1534 867 1651 904 eam
1696 849 1849 919 jubet

274 945 622 1009 Quintianus.
650 948 914 1016 Pergebat
937 964 1063 1000 vero
1092 946 1177 998 illa
1212 961 1405 1013 magno
1432 943 1594 996 animi
1630 942 1843 1010 gaudio,

273 1036 562 1103 Vultusque
584 1038 764 1091 Ι;ίιιὶιί;ι
794 1055 808 1101 ;
834 1049 886 1090 et
923 1038 1072 1104 quasi
1107 1038 1170 1088 ad
1200 1035 1433 1102 rrnptiale
1459 1032 1672 1101 epulurtr
1706 1030 1845 1082 iuvi-

286 1134 422 1186 tata,
457 1129 521 1177 ad
569 1128 899 1194 ergastulum
956 1126 1099 1178 lrnrni
1152 1127 1463 1190 depressum
1518 1128 1840 1175 maturabat.

274 1217 399 1280 Quo
444 1220 566 1269 dum
599 1219 741 1270 illam
787 1218 1050 1270 satellites
1093 1232 1285 1283 magno
1317 1214 1515 1281 impetu
1562 1215 1845 1266 detrudere

272 1311 633 1373 conabantur,
699 1310 956 1361 divinitus
1008 1310 1207 1360 factum
1240 1316 1353 1367 est,
1392 1313 1449 1356 ut
1491 1305 1655 1357 durus
1710 1304 1844 1372 lapis.

274 1398 503 1464 ιιιεὶηιδ
562 1399 788 1466 pedibus
835 1398 987 1465 quasi
1041 1397 1453 1450 venerabundos
1495 1397 1730 1455 cederet,
1782 1410 1843 1448 ac

272 1486 604 1542 immobilem
652 1501 894 1542 servaret.
934 1490 1240 1558 Agatham:
1287 1490 1437 1551 cujus
1473 1487 1690 1553 vestigia
1746 1485 1845 1539 ibi-

268 1579 396 1631 di-nr
455 1582 719 1646 itnprcha
769 1595 965 1647 magna
1020 1594 1141 1630 cum
1196 1576 1470 1644 religionis
1499 1577 1840 1629 observantia

270 1684 461 1720 onnres
498 1670 751 1722 mortales
784 1674 1146 1730 venerantur;
1200 1676 1257 1717 ut
1286 1681 1379 1734 per
1409 1667 1513 1717 hoc
1544 1667 1704 1717 etiarn
1743 1669 1841 1717 nri-

272 1759 513 1811 raculum
547 1760 792 1812 Cbrisrus
842 1759 941 1811 sibi
971 1758 1046 1827 (9)
1083 1757 1132 1810 in
1166 1757 1359 1809 malum
1389 1755 1628 1807 hilariter
1654 1771 1841 1808 asicn-

270 1853 441 1916 denti,
470 1866 577 1904 aea
608 1851 766 1903 terris
793 1851 1165 1918 triumphanti,
1186 1848 1448 1916 Agatham
1483 1847 1711 1901 similem
1749 1849 1839 1901 de—
1871 1833 1913 1887 Β

270 1942 543 2006 elararet,
595 1942 809 1995 etiamsi
857 1941 909 1994 in
962 1955 1237 1995 carcerem
1300 1939 1388 1991 illa
1454 1940 1831 1992 descenderet:

271 2037 472 2101 quippe
498 2050 615 2100 quae
649 2035 770 2085 illuc
799 2034 1028 2101 gloriose
1060 2030 1374 2093 incedendo,
1408 2030 1473 2083 de
1516 2029 1835 2096 Aphrodisia

269 2126 483 2179 devicta
520 2125 861 2177 laetissimum
912 2122 1237 2191 triumphum
1277 2119 1483 2189 angelis
1517 2130 1570 2173 et
1616 2118 1841 2172 hornini-

270 2223 374 2271 lutrs
413 2234 570 2287 agere
596 2220 891 2271 videbatur.

350 2312 433 2363 17.
469 2311 627 2380 Virgo
650 2311 810 2379 igitur
832 2308 1014 2362 volens
1043 2322 1104 2361 ac
1149 2305 1338 2359 lubens
1369 2304 1421 2359 in
1446 2318 1722 2359 carcerem
1758 2304 1837 2357 io-

269 2403 548 2455 Clittitttll‘:
589 2402 673 2451 ubi
713 2410 920 2451 noctein
968 2398 1262 2448 insomnem
1293 2408 1478 2462 agens,
1534 2394 1836 2445 divinarum

272 2509 451 2547 rerum
486 2491 921 2560 contemplationi
958 2505 1078 2542 cunt
1112 2487 1363 2557 lacryrnis
1394 2501 1611 2554 operarii
1647 2492 1836 2550 navat;

272 2600 439 2652 lthrte
496 2584 598 2637 s.bi
662 2583 909 2636 caelestes
966 2582 1017 2633 in
1077 2594 1247 2648 agone
1299 2580 1635 2631 cruciatuum
1697 2577 1838 2629 vires

270 2672 523 2725 Christus
586 2671 842 2735 sollieiat,
896 2680 1167 2737 precatur.
1224 2664 1321 2720 Vix
1382 2667 1650 2732 illnxerat,
1716 2679 1837 2718 cum

273 2762 469 2814 iterum
528 2762 590 2814 ad
644 2760 875 2813 tribunal
921 2760 1197 2824 Quintiani
1257 2762 1409 2829 virgo
1454 2759 1705 2812 sistitur:
1749 2757 1835 2809 ubi

271 2873 394 2909 cum
429 2854 688 2907 audacter
710 2869 807 2922 pro
832 2855 1033 2907 Christi
1072 2854 1175 2906 lide
1204 2869 1267 2907 ac
1302 2853 1608 2921 virginitate
1641 2854 1835 2903 tuenda

273 2963 333 3000 se
359 2948 489 3000 mori
523 2946 679 2997 malle
714 2944 957 3013 professa
986 2956 1149 3008 esset,
1175 2944 1434 2998 continuo
1462 2942 1707 2996 manibus
1741 2955 1835 3010 pe-

271 3038 538 3104 dibusque
577 3034 860 3104 colligatis,
899 3035 949 3088 in
982 3042 1283 3103 pra-parato
1311 3034 1633 3087 distenditur
1663 3048 1835 3101 equu-

274 3130 363 3182 leo
398 3146 411 3180 :
448 3128 805 3195 expediuntur
857 3126 1028 3191 faces,
1066 3126 1291 3194 llagellts
1333 3125 1593 3193 virginale
1641 3140 1835 3193 corpus

274 3219 595 3273 obtunditnr
619 3234 634 3283 ;
657 3216 847 3270 deinde
881 3216 1071 3271 ferreis
1095 3216 1306 3285 ungulis
1325 3231 1387 3269 ac
1418 3215 1647 3269 fidiculis
1671 3216 1834 3268 latera

274 3311 602 3365 Sttlcztllllll':
655 3318 767 3362 turn
817 3307 1176 3363 candentibus
1236 3309 1535 3360 aduruntur
1586 3308 1834 3373 laminis;

274 3401 491 3455 demum
512 3402 598 3454 vix
623 3412 795 3454 enatae
827 3408 1145 3468 torquentur
1175 3413 1441 3465 mannntc,
1475 3408 1529 3452 et
1550 3400 1838 3452 crudeliter

274 3492 627 3547 denticulatis
663 3492 953 3561 forcipibus
1005 3491 1388 3559 discerpuntur
1426 3507 1439 3542 :
1477 3491 1530 3544 in
1564 3506 1670 3559 quo
1716 3507 1835 3544 ern-

273 3583 421 3636 ciatu
451 3583 787 3654 magnanima
826 3582 976 3651 virgo
1002 3580 1320 3635 insolentem
1359 3582 1616 3633 saevitiam
1644 3596 1836 3648 expro-

273 3674 397 3729 brat
430 3675 762 3740 Quintiano:
825 3673 1148 3739 Enimvero,
1207 3672 1484 3743 inquiens,
1545 3672 1740 3741 impius
1784 3683 1838 3727 et

273 3767 509 3821 crudelis
560 3780 640 3830 es,
695 3774 899 3819 natura:
934 3766 1104 3820 hostis
1157 3767 1431 3830 humanm;
1485 3765 1679 3834 quippe
1728 3780 1834 3819 non

270 3857 549 3912 erubescis
588 3857 851 3910 mamillas
903 3857 1115 3910 saeviter
1164 3856 1426 3923 amputari
1469 3856 1520 3909 in
1586 3856 1788 3924 virgine
1820 3897 1835 3922 ,

270 3961 410 4016 quas
438 3947 612 4000 infans
643 3945 833 3999 blande
865 3945 915 3999 in
952 3956 1121 3999 matre
1148 3945 1359 3998 suxisti.
1395 3944 1498 3998 Sed
1531 3958 1837 4013 quanquam

274 4038 441 4090 hasce
477 4038 709 4089 caducas
769 4035 1095 4103 prmcidisti,
1159 4035 1569 4101 haudquaquam
1619 4036 1837 4098 alteras,

272 4142 411 4193 quas
441 4128 743 4179 reconditas
778 4129 828 4179 ιιι
864 4127 1072 4193 anima,
1116 4127 1181 4178 ab
1211 4126 1437 4179 infantia
1468 4126 1680 4181 Christo
1720 4142 1837 4182 nico

272 4226 617 4270 υοιιδυυικιιιιε
639 4232 815 4279 ser-vo,
852 4217 1049 4284 poteris
1068 4216 1316 4269 avellere.

350 4304 434 4360 18.
498 4306 797 4359 Excanduit
827 4307 1169 4372 Quintianus,
1206 4308 1297 4361 ubi
1354 4322 1459 4361 non
1495 4310 1668 4365 adhuc
1706 4326 1836 4365 con-

270 4406 525 4454 sternata:
568 4398 752 4467 puclla:
811 4398 1104 4466 intrepidas
1149 4412 1306 4453 voces
1341 4416 1405 4453 ex
1430 4400 1568 4453 virili
1623 4412 1837 4468 pectore

1946 579 2127 635 cleslte
2174 590 2296 636 tute.
2348 581 2411 635 Et
2444 594 2571 638 ecce
2604 582 2702 638 sub
2758 582 2945 640 medim
2980 583 3158 640 tractis
3215 584 3512 655 silentium,

1946 666 2088 722 inter
2138 668 2255 724 illas
2297 669 2513 725 obscuri
2571 671 2809 726 carceris
2865 674 3154 738 tenebras,
3209 677 3512 729 veneranda

1945 757 2127 827 Specie
2152 760 2365 826 quidam
2399 776 2563 815 senex
2592 762 2771 831 (quem
2804 776 2937 830 puer
2955 765 3197 831 pra-ibat,
3231 763 3513 833 facemque

1946 847 2295 917 praeferebat)
2326 850 2519 918 illeque
2542 870 2599 904 se
2620 853 2946 920 clrirurgiatn
2971 853 3167 907 callere
3189 854 3510 917 allirmalmt,

1947 950 2007 989 ac
2059 938 2410 1005 pollicebatur
2480 941 2693 994 avulsas
2762 940 3026 994 mamillas
3091 945 3267 995 curari
3332 958 3507 1010 posse.

1947 1026 2078 1080 Tum
2113 1028 2237 1080 illa:
2274 1029 2660 1081 Medicamenta
2693 1035 3289 1096 equidem.venerande
3322 1047 3507 1097 senex,

1945 1120 2154 1184 corpori
2191 1134 2307 1171 tneo
2336 1136 2605 1186 nurrqrranr
2631 1120 2885 1184 exhibui;
2910 1125 3003 1175 sed
3033 1121 3201 1174 habeo
3227 1120 3507 1173 Dominum

1946 1225 2121 1260 meum
2148 1208 2330 1261 Jesnin
2367 1210 2663 1273 Christum,
2697 1214 2787 1279 qui
2811 1214 2968 1265 unico
3000 1227 3155 1277 trtrtrr,
3185 1215 3229 1265 si
3262 1214 3505 1276 voluerit,

1944 1313 2029 1352 me
2078 1302 2312 1354 ctrrabit.
2376 1302 2439 1354 l£t
2493 1319 2611 1371 ego,
2652 1304 2819 1372 inquit
2862 1319 3048 1367 senex,
3092 1306 3362 1370 apostolus
3392 1304 3507 1372 ejus

1945 1406 2061 1443 sum
2090 1402 2178 1453 ;et
2207 1392 2258 1443 iu
2279 1396 2495 1445 nomine
2522 1393 2636 1459 ejus
2673 1398 2792 1446 veni
2819 1405 2874 1446 ut
2904 1406 3087 1447 curata
3122 1395 3216 1448 sis.

2020 1480 2103 1533 t9.
2141 1481 2245 1535 Sed
2280 1484 2406 1550 quid
2425 1499 2525 1551 ego
2558 1486 2609 1537 in
2647 1485 2746 1536 hoc
2777 1486 3050 1553 ergastulo
3074 1500 3277 1539 moram
3314 1484 3507 1539 traho?

1941 1569 2156 1624 Jantdiu
2212 1574 2337 1626 illud
2378 1575 2678 1629 Catanense
2715 1578 2985 1628 theatrum
3023 1578 3133 1629 suis
3168 1577 3320 1629 elatis
3350 1576 3503 1629 llam-

1944 1662 2045 1715 mis
2081 1678 2184 1725 tne,
2209 1678 2409 1731 vosque
2437 1681 2624 1718 omnes
2670 1667 2914 1730 advocat,
2940 1669 3235 1735 animisque
3268 1683 3504 1735 prtesenm

1945 1754 2086 1807 tibus
2113 1755 2419 1823 spectaculo
2448 1757 2642 1809 ibidem
2664 1759 2968 1811 exhibendo
2993 1774 3090 1812 nos
3119 1770 3297 1812 astare
3328 1759 3502 1828 jubet,

1941 1846 2027 1898 ubi
2059 1862 2219 1916 super
2245 1850 2579 1901 llamrnantes
2606 1838 2885 1913 carbones,
2937 1849 3208 1918 igrritaque
3243 1862 3502 1925 testarum

1940 1938 2236 2008 fragrrrenta
2288 1943 2632 1994 tcncrrimum
2668 1942 2892 2009 virginis
2942 1957 3137 2007 corpus
3183 1944 3499 1997 collocatur.

1939 2029 2110 2099 Atque
2136 2045 2277 2084 nunc
2305 2033 2417 2084 ha:c
2439 2033 2613 2086 lectuli
2646 2034 2854 2101 species
2882 2036 2969 2087 illa
2989 2036 3117 2089 mihi
3137 2036 3345 2089 videtur
3362 2050 3501 2100 esse,

1939 2132 2099 2186 quam
2125 2118 2364 2186 Sponsus
2386 2121 2405 2150 ³
2428 2122 2742 2175 describens
2773 2138 2800 2175 a
2832 2122 3052 2178 floribus
3083 2129 3503 2193 commendavit,

1940 2209 2024 2260 cui
2060 2224 2155 2261 nec
2185 2225 2461 2277 purpurea:
2490 2227 2625 2264 rosa:
2662 2213 2855 2265 desunt
2888 2214 3170 2267 candentis
3206 2215 3367 2283 ignis,
3405 2229 3503 2269 nec

1939 2300 2046 2353 lilia
2108 2304 2353 2369 corporis
2439 2306 2735 2371 virginalis.
2822 2305 3268 2371 Cortrplectantur
3339 2308 3501 2373 igitur

1940 2391 2090 2459 ignes
2127 2393 2286 2453 rosei,
2310 2402 2467 2461 atque
2501 2395 2738 2447 lambant
2766 2396 2964 2463 potius,
2987 2411 3149 2462 quam
3178 2399 3403 2449 adurant
3433 2399 3502 2449 Η·-

1940 2483 2068 2534 lium
2097 2484 2352 2549 virginale
2380 2501 2394 2543 ;
2430 2486 2879 2554 complectantur,
2918 2488 3156 2555 inquam,
3190 2504 3363 2557 neque
3393 2489 3504 2559 spi-

1940 2573 2022 2625 nis
2057 2574 2167 2627 suis
2221 2575 2514 2628 dtlat'erent
2546 2594 2559 2628 :
2600 2576 2808 2638 ardeat,
2844 2587 2899 2629 ut
2939 2578 3105 2640 lubet,
3143 2580 3280 2648 ignis
3307 2580 3358 2632 in
3392 2580 3503 2647 spi-

1940 2666 2041 2724 nis,
2064 2668 2203 2718 sicut
2227 2667 2276 2718 in
2305 2668 2439 2720 rubo
2460 2667 2503 2697 '°
2540 2667 2805 2733 Mosaico;
2836 2670 2956 2722 etsi
2991 2674 3309 2724 ('OIIIIHII'I'H‘
3333 2687 3499 2736 amat,

1939 2772 2062 2809 suas
2087 2759 2366 2810 comburat
2393 2759 2600 2825 spinas,
2621 2760 2711 2814 sed
2752 2761 2867 2814 lilio
2894 2772 3080 2830 pareat
3105 2765 3500 2820 carrdidissirme

1942 2847 2283 2915 virginitatis.
2322 2847 2470 2902 Jacet
2500 2852 2644 2903 enim
2680 2853 2924 2920 Agallra,
2957 2871 3019 2906 ac
3056 2856 3285 2908 Vallatur
3340 2857 3496 2909 [latn-

1940 2938 2063 2998 rnis,
2099 2938 2240 2990 sicut
2272 2939 2442 3007 spinis
2468 2940 2657 2993 lilittrn.
2688 2941 2920 2996 Merctor
2947 2944 3106 3012 hujus
3136 2948 3338 3013 prternii
3366 2963 3499 3015 pra:-

1938 3029 2233 3098 rogativam
2268 3041 2449 3083 votum
2484 3031 2827 3101 virginitatis,
2861 3036 2924 3087 ab
2957 3036 3179 3091 infantia
3213 3038 3320 3091 Deo
3361 3056 3496 3094 nun-

1938 3132 2207 3184 ertpatnut,
2237 3129 2290 3173 ct
2329 3122 2529 3175 illrbato
2555 3126 2783 3178 candore
2813 3138 3105 3182 servatum.

2008 3211 2097 3263 20.
2135 3209 2231 3264 Vix
2288 3214 2445 3282 igitur
2479 3215 2682 3281 Agatha
2735 3217 2882 3285 ignes
2915 3220 3187 3287 tetigt-rat,
3217 3235 3338 3274 cum
3370 3237 3502 3278 ecce

1937 3302 2109 3368 patria
2148 3302 2335 3366 tellus,
2392 3305 2511 3356 lilia:
2561 3324 2663 3359 sua
2703 3309 2873 3360 viceni
2917 3312 3207 3373 miserata,
3262 3314 3497 3369 funditus

1937 3395 2257 3448 contremuit
2294 3406 2386 3463 ;et
2412 3398 2566 3465 quasi
2607 3410 2849 3454 materno
2885 3416 3045 3455 sensu
3081 3406 3302 3472 praedita
3331 3416 3499 3472 esset,

1938 3484 2140 3549 apertis
2198 3500 2304 3537 non
2357 3503 2462 3538 uno
2494 3488 2542 3538 in
2581 3487 2696 3540 loco
2743 3488 3021 3555 faucibus,
3065 3508 3161 3547 ore
3219 3497 3498 3565 multiplici

1936 3574 2275 3628 exclamabat
2298 3617 2312 3641 ,
2352 3580 2602 3646 clareque
2636 3582 2939 3635 testabatur
2964 3625 2977 3646 ,
3004 3599 3163 3651 quam
3199 3590 3501 3642 vehemen-

1939 3674 2019 3719 ter
2071 3667 2295 3734 doleict,
2352 3685 2622 3739 quamque
2672 3670 2820 3741 juste
2860 3674 3133 3743 indignum
3176 3679 3500 3751 crudeleque

1937 3757 2065 3811 illud
2104 3762 2471 3827 spectaculum
2508 3765 2908 3831 detestaretur;
2970 3765 3025 3819 in
3055 3782 3171 3821 eam
3209 3771 3365 3838 plane
3416 3788 3501 3826 ra-

1939 3851 2161 3914 tionein,
2186 3866 2287 3918 qua
2320 3866 2496 3904 rerum
2526 3856 2769 3907 ornniuru
2819 3858 3100 3912 conditore
3152 3859 3263 3915 Deo
3298 3862 3349 3915 in
3376 3878 3501 3916 cru-

1938 3958 2053 3997 cem
2083 3954 2225 4005 acto,
2259 3943 2569 3997 universum
2597 3948 2926 4001 contremuit
2967 3958 3121 4004 terra:
3150 3950 3498 4019 elementum,

1939 4031 2171 4083 immane
2216 4026 2519 4082 Ιιιιιίιῖοτιιιιι
2575 4033 2771 4097 scelus,
2806 4035 3135 4105 impiumque
3172 4039 3321 4093 nefas
3359 4041 3501 4095 ferre

1938 4138 2042 4174 non
2082 4121 2284 4175 valens.
2335 4119 2546 4176 Liccret
2585 4125 2811 4177 fortasse
2846 4126 3113 4181 allirnrare
3149 4128 3498 4185 Cataneosern

1941 4214 2188 4267 tellurem
2228 4216 2277 4267 id
2312 4218 2567 4285 temporis
2591 4218 2742 4284 quasi
2771 4217 3121 4272 lodihundanr
3176 4223 3499 4290 exsultasse,

1940 4308 2274 4377 clior-easque
2296 4308 2534 4373 duxisse,
2557 4312 2698 4378 quod
2731 4312 2780 4363 in
2807 4312 3003 4366 lectulo
3036 4313 3127 4366 illo
3155 4315 3321 4381 ἰδιιὶιο
3347 4318 3501 4384 quasi

1942 4400 1992 4452 iri
2027 4401 2220 4468 geniali
2255 4400 2513 4465 thalamo,
2554 4403 2717 4453 filiani
2740 4418 2891 4455 suam
2928 4406 3189 4472 Agatlrarn
3212 4406 3321 4473 jam
3346 4408 3504 4462 Chri-

272 4487 603 4559 prodettntcs
625 4489 848 4556 accepit.
872 4488 936 4539 Et
967 4504 1033 4540 ne
1069 4504 1126 4543 se
1156 4491 1351 4543 victum
1384 4488 1662 4557 fateretur,
1694 4497 1836 4561 Aga-
1870 4498 1914 4554 ι)
1943 4492 2010 4544 sti
2035 4507 2288 4559 Sponsam
2318 4493 2522 4544 videret
2544 4492 2885 4556 collocatam,
2907 4509 3128 4560 sperans
3148 4496 3213 4548 de
3239 4496 3505 4561 sanguine

274 4584 425 4633 than:
456 4583 505 4632 in
536 4594 807 4633 carcerem
845 4582 1023 4633 reduci
1070 4580 1254 4650 jubet,
1289 4582 1704 4651 custodibusque
1733 4585 1837 4637 edi-

274 4674 374 4733 cit,
407 4681 461 4723 ut
492 4676 833 4725 continenter
887 4674 1125 4739 vigilent,
1180 4690 1244 4727 ne
1277 4674 1398 4741 quis
1440 4689 1469 4727 e
1523 4679 1836 4745 propinquis

273 4764 585 4831 cbirorgum
621 4764 919 4828 submittat,
955 4778 1056 4817 neu
1081 4764 1260 4817 cibum
1295 4776 1587 4833 potumque
1618 4766 1834 4820 clancu-

272 4856 388 4909 lum
434 4858 626 4908 audeat
678 4856 1007 4909 rninistrare.
1051 4854 1124 4907 lbi
1158 4857 1311 4924 virgo
1366 4857 1608 4919 inclusa,
1665 4860 1835 4914 sacris

275 4948 482 5001 intenta
534 4945 818 5012 precibus,
890 4945 1257 5013 hujuscemodi
1322 4949 1500 5001 verbis
1570 4946 1840 5006 Christum

276 5038 687 5105 alloquebatur:
720 5038 762 5092 Ο
792 5040 880 5107 qui
912 5054 1037 5093 vere
1063 5040 1301 5107 Sponsus
1327 5045 1650 5110 sanguinum
1673 5042 1693 5073 ⁸
1725 5043 1846 5111 jure

276 5145 427 5185 nunc
461 5130 562 5184 dici
596 5142 745 5199 potes
770 5172 783 5193 ,
814 5135 1015 5199 gratias
1060 5132 1155 5186 tibi
1192 5149 1292 5201 ago
1325 5134 1677 5200 immortales,
1701 5137 1842 5204 quod

274 5235 378 5290 per
406 5222 693 5289 potentiam
728 5232 869 5274 tuam
921 5240 1004 5276 me
1036 5226 1367 5292 superiorem
1405 5227 1687 5277 tormentis
1712 5224 1842 5280 elic-

273 5312 422 5368 eisti.
455 5311 696 5381 Suscipe,
730 5328 931 5381 quaeso,
972 5313 1133 5367 hosce
1163 5315 1400 5384 pectoris
1462 5315 1735 5369 cruciatus
1789 5315 1840 5369 in

351 5466 375 5496 ⁸
405 5465 669 5531 Exod.rv,
703 5464 793 5517 25.
869 5466 888 5495 ’
930 5464 1085 5519 Cant.
1107 5465 1253 5532 1,15.
1332 5464 1376 5495 ¹⁰
1416 5465 1582 5521 Exod.
1631 5483 1710 5533 ιιι,
1755 5466 1807 5519 2.

354 5615 430 5685 (9)
465 5615 629 5680 Cujus
666 5618 862 5686 quippe
902 5619 1088 5671 ultima
1114 5619 1336 5688 vestigia
1369 5620 1528 5671 humo
1574 5618 1833 5687 impressa

272 5692 327 5739 in
373 5701 549 5739 ruonte
601 5688 792 5741 Olivetr
850 5690 1112 5755 hodieque
1143 5700 1531 5749 monstrantur,
1562 5699 1619 5740 ut
1668 5691 1837 5755 pluri-

270 5764 385 5811 bus
417 5754 639 5809 Patrum
664 5772 729 5810 ac
766 5754 1155 5812 llistoricorum
1190 5760 1514 5812 testimoniis
1547 5754 1835 5812 confirmat

1943 4586 2064 4637 filiae
2125 4586 2387 4654 martyrio
2442 4584 2652 4639 fortiter
2700 4595 3115 4649 consummato,
3174 4587 3500 4640 uberrimam

1942 4686 2195 4742 nepotum
2239 4682 2473 4742 scgelcm
2532 4677 2596 4728 ad
2654 4676 3016 4745 cvangelicam
3054 4678 3224 4729 lucem
3262 4677 3501 4730 Irascitu-

1945 4783 2078 4818 ranr.
2111 4766 2246 4819 Vere
2285 4768 2480 4819 ctenim
2513 4767 2600 4819 ille
2634 4768 2831 4821 invitus
2863 4767 3152 4832 fatebatur,
3187 4770 3507 4835 sanguinem

1942 4867 2231 4926 martyrum
2282 4873 2400 4910 esse
2457 4874 2635 4911 semen
2684 4858 3138 4912 Christianorum.
3179 4858 3283 4912 Sed
3335 4859 3504 4914 multo

1937 4952 2139 5002 certius
2170 4950 2419 5018 equidem
2443 4964 2659 5014 censeo,
2695 4953 2939 5003 eamdem
2989 4962 3145 5005 terra;
3187 4951 3498 5005 concussio-

1939 5056 2060 5093 nem
2087 5058 2189 5093 ιιυιι
2226 5043 2293 5094 ab
2337 5058 2460 5094 acre
2511 5043 2560 5093 iri
2600 5044 2715 5111 ejus
2751 5044 3045 5096 visceribus
3068 5042 3330 5096 violenter
3369 5058 3502 5095 eon-

1940 5131 2110 5196 cluso,
2139 5148 2309 5200 neque
2329 5136 2484 5201 aquis
2514 5136 2579 5186 ab
2604 5136 2792 5186 iisderu
2815 5135 3126 5202 prmcordiis
3154 5146 3502 5202 perrumpen-

1944 5223 2083 5276 tibns
2108 5224 2272 5277 fuisse
2305 5224 2503 5277 factam
2535 5265 2548 5286 ,
2604 5225 2698 5278 sed
2731 5240 2856 5277 vero
2903 5226 2970 5278 ab
3009 5224 3213 5292 angelis
3270 5224 3337 5277 de
3366 5223 3510 5275 coelo

1943 5317 2413 5382 descendentibus,
2461 5318 2655 5385 quibus
2705 5315 2972 5369 familiare
3003 5325 3085 5370 est
3141 5328 3338 5369 terram
3371 5329 3505 5384 qua-

1945 5619 2205 5676 Baronius
2233 5630 2271 5677 t.
2307 5621 2321 5675 Ι
2372 5622 2571 5676 Annal.
2599 5622 2665 5675 ad
2693 5637 2781 5679 an.
2816 5623 2943 5680 Chr.
2976 5624 3066 5691 δι,
3092 5639 3181 5679 nu.
3201 5620 3325 5676 9.52.
3350 5636 3507 5691 seqq.

1944 5701 1998 5743 et
2028 5695 2228 5760 passim
2276 5692 2364 5746 alii
2398 5692 2720 5760 Scriptores.
