4200 6430
315 393 448 457 1289

1470 383 1751 445 ORATIO
1792 382 1869 443 IN
1911 386 1968 441 S-
2014 382 2399 444 AGATHAM.

3430 377 3566 444 1290

307 522 584 581 agrorum,
622 506 905 569 silvarum,
934 518 998 558 ac
1024 498 1289 572 pecudum
1327 497 1676 554 detrimento.
1732 486 1877 553 Cdn-
1911 504 1953 559 Α
1983 497 2279 552 funiculum
2300 497 2617 550 coccineum
2640 508 2702 547 ex
2734 494 2973 547 fenestra
3002 490 3197 546 Bahah
3220 508 3544 562 appensnnt,

311 602 432 671 tigit
457 614 607 663 vero,
647 596 905 652 Kalendis
932 595 1064 664 ipsis
1091 592 1369 648 Februarii
1402 591 1529 645 anni
1566 591 1869 659 insequen-

309 693 380 747 tis
405 694 574 746 beatae
600 690 827 759 Agatha:
852 686 1196 758 martyrium,
1220 693 1279 738 ut
1306 681 1573 738 diffractis
1603 678 1779 736 Etnte
1803 680 1880 733 la-

311 784 518 837 teribus
551 780 850 835 Tartareus
874 794 938 832 ac
967 775 1288 832 farculentus
1311 774 1470 844 ignis,
1498 772 1871 826 vehementius

308 874 469 927 solito
503 872 884 937 effervescens,
927 868 1194 939 eruperit,
1226 882 1291 920 ac
1341 865 1639 939 praecipitis
1665 864 1874 933 spatio-

309 965 463 1033 sique
497 963 751 1042 torrentis
800 962 974 1015 instar
1024 954 1436 1022 debacchando,
1464 954 1623 1009 obvia
1652 966 1879 1023 quaeque

309 1056 637 1116 devastarit,
678 1065 977 1119 cursusque
1017 1048 1279 1103 adversus
1320 1044 1653 1099 Catanenses
1692 1058 1879 1117 pagos,

309 1145 611 1212 urbemque
628 1143 817 1212 ipsam
848 1139 1133 1216 direxerit.
1155 1145 1164 1161 '

381 1236 468 1289 5i.
506 1232 644 1300 Quid
676 1231 886 1286 consilii
919 1247 1185 1302 paganam
1245 1244 1462 1306 gentem
1496 1231 1641 1286 illam
1672 1229 1881 1283 crebris

310 1336 468 1380 terra:
492 1324 934 1380 succussionibus
965 1334 1018 1379 et
1043 1325 1256 1382 bombis
1293 1325 1763 1396 perterrefactam,
1804 1322 1882 1375 in-

306 1418 595 1485 eendiique
645 1415 964 1486 prollttetttis
1008 1419 1240 1473 horrore
1297 1417 1595 1488 stupidam,
1646 1429 1710 1470 ac
1746 1428 1882 1483 pene

306 1510 676 1564 cxanitttataltt
720 1510 927 1576 cepisse
973 1510 1217 1580 putatis?
1248 1509 1306 1565 lu
1346 1526 1405 1565 re
1454 1510 1593 1565 adeo
1646 1507 1878 1577 trepida,

308 1604 387 1657 sic
425 1603 636 1655 volente
673 1601 923 1667 Numine,
961 1604 1015 1657 in
1060 1614 1296 1659 mentem
1328 1602 1435 1657 illis
1483 1602 1630 1655 venit
1677 1600 1883 1669 angeli-

308 1716 429 1754 cum
451 1699 730 1755 oraculum
757 1700 822 1753 ad
858 1699 1078 1768 Agatbae
1103 1710 1266 1770 caput
1291 1700 1618 1770 depositum,
1649 1698 1717 1751 de
1750 1697 1887 1750 libe-

307 1793 520 1846 ratione
566 1792 752 1861 patriae
812 1793 913 1845 sibi
967 1793 1258 1862 promissa.
1320 1793 1542 1847 Animos
1584 1792 1746 1860 igitur
1777 1787 1879 1843 sibi

204 1942 224 1958 ο
309 1883 569 1936 facientes
600 1901 611 1936 :
655 1883 1017 1954 Eestinemus,
1060 1865 1337 1952 inquiunt,
1361 1884 1426 1938 ad
1462 1895 1661 1937 nostra:
1698 1881 1872 1949 Virgi-

309 1976 393 2027 nis
429 1974 744 2044 Sepulcrum
780 1993 792 2027 :
827 1973 982 2042 cujus
1012 1991 1169 2045 opem
1205 1991 1347 2031 nunc
1400 1977 1634 2043 priurum
1668 1974 1879 2044 publice

307 2064 681 2133 imploramus.
712 2066 870 2121 Certa
897 2067 1038 2121 enim
1084 2076 1169 2122 est
1217 2068 1270 2121 in
1305 2068 1515 2123 cmlesti
1548 2068 1669 2136 ejus
1707 2067 1880 2136 epita-

306 2156 438 2224 pbio
492 2157 755 2227 descripta
831 2160 1113 2227 promissio
1149 2161 1214 2212 de
1280 2159 1468 2229 patriae
1520 2159 1878 2225 liberatione,

309 2262 485 2315 neque
521 2251 587 2301 de
616 2260 724 2301 tam
773 2265 979 2319 magum
1003 2251 1259 2323 martyris
1282 2251 1520 2305 ellieaeia
1556 2251 1877 2306 meritorum

307 2341 449 2408 apud
480 2340 668 2406 Deum,
700 2357 876 2413 neque
904 2343 969 2397 de
993 2359 1259 2412 propensa
1299 2354 1499 2398 nostra:
1541 2344 1765 2412 virginis
1826 2345 1880 2395 iti

308 2434 536 2502 patriam
570 2414 865 2497 voluntate,
887 2435 1290 2503 ambigendum.
1317 2436 1467 2501 Quod
1509 2434 1552 2488 si
1583 2436 1710 2487 olim
1753 2434 1881 2486 dno-

309 2540 427 2578 rum
456 2525 680 2578 fratrum
708 2525 819 2594 (l2)
844 2526 1046 2579 civium
1078 2535 1386 2578 nostrorum
1423 2525 1683 2578 naturalis
1712 2524 1885 2593 pietas

305 2631 434 2685 erga
460 2626 710 2685 parentes
744 2617 911 2670 valuit
940 2615 1154 2670 A‘Jtnzea
1195 2615 1443 2671 incendia
1494 2616 1782 2682 remorari,
1817 2628 1884 2668 ne

306 2724 368 2761 BP
394 2710 736 2774 devorareut,
780 2718 833 2763 ct
879 2710 1005 2777 quia
1042 2710 1143 2776 piis
1186 2709 1424 2762 humeris
1455 2708 1736 2776 impositos
1764 2707 1883 2760 illos

309 2801 610 2865 auferrent,
648 2802 698 2852 itt
736 2802 888 2869 cujus
908 2800 977 2867 pii
1008 2801 1267 2854 facinoris
1294 2799 1608 2853 memoriam
1646 2796 1880 2866 majores

309 2895 482 2947 nostri
527 2892 760 2962 illis(lZi)
793 2907 979 2946 sacros
1018 2893 1255 2946 honores
1301 2891 1723 2961 impenderunt;
1756 2877 1886 2959 quid

307 2984 492 3037 facere
527 2999 624 3052 par
665 2991 1038 3057 estdtostram
1075 2986 1200 3037 item
1235 2986 1405 3039 civem
1439 2984 1724 3055 Agatham,
1764 2999 1884 3054 qua

311 3093 381 3129 ne
417 3066 581 3129 Deum
637 3068 899 3137 nostrum‘;
947 3069 1251 3129 ac're'rutn
1303 3079 1545 3130 omnium
1600 3088 1880 3147 parentem

1983 591 2072 658 qui
2115 590 2181 642 ad
2217 588 2300 641 sui
2332 596 2705 655 conspectum,
2749 596 2968 656 propter
2988 588 3152 640 vitam
3189 586 3400 642 duobus
3430 600 3555 642 tan-

1986 691 2093 733 tnnt
2144 678 2401 734 Israelitis
2442 686 2713 733 servatam
2758 679 2958 732 meruit
2991 688 3155 732 totam
3184 678 3303 746 ejus
3335 679 3552 735 donmm

1987 776 2309 828 incolumem
2343 773 2602 828 servare?
2630 771 2816 841 Turpe
2838 770 2981 824 enim
3010 772 3171 826 fuerit
3214 772 3373 841 hujus
3400 773 3556 829 malae

1984 867 2110 920 oliui
2146 866 2475 919 muliercula:
2508 865 2695 917 vittam
2751 878 2873 919 cum
2931 865 3238 918 venerando
3274 864 3557 935 virginalis

1984 964 2178 1032 capitis
2208 960 2457 1013 conferre
2502 957 2786 1011 velamine.
2824 956 3149 1011 lttdecorttm
3191 958 3354 1011 etiam
3398 956 3557 1012 fuerit

1987 1065 2069 1107 ter
2098 1055 2357 1121 optimam
2390 1050 2657 1120 Agatham
2686 1049 2877 1103 alienis
2903 1050 3266 1114 ornamentis,
3293 1059 3346 1103 et
3366 1065 3557 1104 emen-

1986 1144 2181 1197 dicatis
2233 1140 2371 1194 fucis
2430 1153 2721 1204 exornare,
2760 1153 2881 1192 cum
2934 1138 3049 1207 ipsa
3096 1140 3231 1194 satis
3288 1154 3562 1209 superque

1987 1234 2220 1303 propriis
2248 1232 2496 1285 laudibus
2545 1230 2865 1301 meritisque
2913 1226 3208 1299 praecellat.
3263 1229 3445 1284 Liceat
3478 1239 3562 1282 ta-

1988 1344 2107 1380 men
2142 1326 2245 1379 hoc
2272 1323 2507 1397 Virginis
2540 1324 2784 1378 velamen
2825 1335 2985 1377 sacro
3017 1322 3292 1391 pontificis
3322 1322 3557 1375 Aarouis

1989 1418 2263 1472 Ihuribulo
2296 1431 2635 1484 comparare,
2667 1416 2811 1485 quod
2839 1430 2959 1469 eum
2992 1416 3081 1468 ille
3125 1418 3248 1484 igne
3292 1415 3563 1481 thurcque

1989 1510 2268 1577 reph-Ssct,
2296 1520 2595 1577 contraque
2620 1508 2930 1562 incendium
2954 1507 3264 1577 objeeisset,
3289 1508 3556 1559 Stetisset-

1986 1618 2093 1671 que
2124 1605 2263 1657 inter
2297 1610 2543 1656 mortuos
2581 1615 2643 1654 ac
2699 1600 2966 1665 viventes,
3021 1600 3286 1654 continuo
3318 1598 3564 1652 cessavit

1988 1695 2163 1764 plaga.
2201 1683 2311 1749 Hoc
2347 1694 2492 1749 enim
2530 1693 2774 1746 velamen
2813 1707 2934 1747 cum
2968 1707 3031 1745 ex
3066 1693 3295 1760 Agatlne
3354 1701 3559 1745 attactu

1987 1801 2174 1840 sacros
2198 1787 2459 1853 quosdam
2493 1786 2596 1840 sibi
2629 1784 2829 1838 odores
2866 1784 3202 1847 intbihisset,
3238 1798 3469 1853 cumque
3500 1801 3562 1837 se

1986 1898 2049 1935 ac
2081 1881 2358 1935 dominam
2391 1881 2605 1949 ignibus
2626 1879 2893 1946 jacenletn
2923 1889 3194 1958 servasset
3232 1878 3557 1933 incolumem

1989 1990 2052 2028 ac
2101 1974 2345 2036 illaesam,
2390 1972 2700 2042 hujusntodi
2748 1972 3053 2042 promeruit
3096 1971 3361 2026 adversus
3411 1973 3565 2043 ignes

1987 2067 2247 2151 potentia:
2296 2066 2734 2134 pra-rogativam,
2796 2075 2853 2118 ut
2919 2065 2986 2117 ad
3025 2065 3106 2119 sui
3147 2065 3401 2120 intuitum
3427 2070 3557 2121 odo-

1986 2168 2209 2225 remque
2234 2154 2484 2209 incendia
2516 2156 2697 2208 omnia
2731 2156 3184 2222 contremiscunt,
3218 2166 3383 2226 atque
3416 2158 3563 2212 illico

1987 2250 2289 2314 supiztntttr,
2321 2248 2439 2300 sine
2474 2246 2634 2300 ullius
2667 2246 2910 2300 m‘ortalis
2948 2247 3342 2302 internecione.

2055 2339 2144 2391 55.
2179 2336 2366 2391 Liceat
2405 2336 2569 2391 etiam
2601 2337 2686 2390 hic
2723 2336 3014 2391 Mosaicam
3045 2353 3227 2392 arcam
3268 2349 3395 2393 ante
3426 2355 3559 2396 ocu-

1985 2431 2066 2484 los
2093 2440 2304 2484 vestros
2353 2443 2678 2497 proponere,
2730 2443 2851 2498 quae
2895 2430 2983 2483 ubi
3041 2427 3292 2484 .lordanis
3348 2432 3559 2489 alveum

1988 2521 2333 2575 sacerdotum
2356 2521 2567 2576 invecta
2601 2521 3114 2587 humeris'iutravit,
3148 2523 3559 2578 admirabunda:

1987 2620 2255 2665 steterunt
2308 2627 2481 2681 aquae,
2516 2621 2572 2666 et
2610 2614 2811 2666 utentis
2868 2612 3043 2668 instar
3099 2614 3556 2681 itttumescebant,

1989 2720 2163 2773 neque
2197 2704 2262 2757 ad
2314 2719 2435 2759 eam
2473 2704 2749 2759 audebant
2797 2706 3081 2768 accedere,
3137 2722 3330 2775 nempe
3389 2709 3560 2763 divini

1985 2794 2237 2850 Numinis
2277 2796 2622 2865 praesentiam
2652 2804 2709 2851 et
2756 2796 3124 2866 majestatem,
3167 2814 3232 2853 eo
3262 2815 3371 2869 quo
3402 2810 3561 2869 pote-

1956 2898 2112 2964 ‘rant
2153 2890 2330 2955 modo,
2387 2892 2652 2960 reveritus.
2699 2890 3006 2958 Spectastis
3060 2890 3257 2945 Arcam
3297 2891 3559 2947 .lordanis

1987 2999 2154 3053 aquas
2183 2983 2535 3045 dividentem,
2572 2996 2874 3051 earumque
2904 3000 3096 3039 cursus
3132 2999 3499 3041 remorantem
3528 2987 3553 3040 ?

1956 3077 2181 3142 'Qttaaso
2213 3091 2375 3137 nunc,
2400 3076 2597 3130 mentis
2619 3077 2791 3139 oculis
2812 3078 3102 3146 perspicite
3130 3077 3343 3134 Aéltuzea
3378 3080 3561 3137 incen-

307 3167 610 3230 desereret,
651 3168 701 3219 in
739 3168 886 3219 tivns
934 3168 1087 3235 ignes
1131 3175 1406 3248 testasqtte
1437 3168 1732 3221 candentes
1760 3166 1882 3236 inji-
1910 3192 1952 3248 ο
1988 3170 2098 3231 dia,
2150 3169 2304 3235 quasi
2359 3168 2652 3236 liquefacta
2701 3170 2914 3222 metalla
2958 3173 3219 3225 torrentis
3255 3173 3429 3227 instar
3462 3176 3561 3229 de-

304 3257 359 3309 ei
392 3272 545 3325 passa
574 3266 653 3310 est
677 3298 690 3319 ,
716 3267 769 3311 et
810 3274 930 3326 qua:
955 3274 1020 3311 ne
1056 3258 1215 3312 fidem
1246 3238 1514 3314 dastitatis
1543 3258 1763 3313 Christo
1793 3274 1882 3312 se-

308 3347 419 3400 ttn-l
468 3350 648 3401 datam
713 3348 1020 3419 frangeret,
1088 3353 1368 3405 mortalem
1422 3352 1589 3404 vitam
1655 3352 1888 3407 libenter

305 3437 485 3491 Voluit
538 3438 909 3504 profundere?
940 3442 1089 3505 Quod
1144 3442 1193 3528 si
1225 3443 1491 3511 Agatbattt
1530 3444 1706 3496 adhuc
1737 3458 1885 3496 mor-

306 3528 494 3588 talem,
530 3543 625 3596 pro
648 3528 865 3585 Christo
892 3552 903 3581 t
926 3532 1132 3584 tizttiilll'l
1164 3542 1534 3600 exoptantem,
1569 3533 1883 3585 cat'ttilicuttt

306 3621 560 3673 incendia
591 3623 860 3691 attingere
885 3640 988 3677 non
1008 3623 1313 3700 audebant,
1364 3625 1607 3694 nunquid
1631 3625 1882 3694 ‘ejusdem

307 3714 575 3780 nolentis,
615 3731 735 3784 quae
765 3717 875 3781 jam
914 3730 1078 3784 prope
1109 3715 1386 3768 Christum
1423 3716 1631 3769 assistit
1665 3719 1885 3771 itnmor-

305 3807 519 3861 talitale
559 3808 780 3871 donata,
833 3808 1065 3875 patrium
1098 3806 1295 3870 solum,
1365 3807 1553 3861 urbem
1605 3809 1881 3875 civesque,

302 3913 528 3966 srueque
564 3898 862 3951 nativitatis
894 3898 1181 3965 palatium,
1233 3914 1296 3953 ac
1335 3911 1688 3953 sacrosancta
1740 3916 1881 3951 tuar-

307 3989 449 4058 tyris
502 3999 847 4043 monumenta
908 3990 1178 4044 audebunt
1224 3991 1275 4043 hi
1346 3989 1674 4058 profluentes
1732 3990 1883 4058 ignes

300 4081 581 4135 obruere?
626 4080 847 4135 Minime
916 4082 1196 4135 enimvero
1269 4081 1358 4136 ltic
1416 4081 1605 4151 igneus
1670 4088 1883 4135 torrens

298 4152 933 4227 (latanensent'tellurem
969 4174 1223 4241 attinget,
1274 4188 1393 4240 qua».
1420 4173 1648 4242 virginis
1681 4173 1882 4226 recenti

305 4264 491 4317 adhuc
513 4279 707 4318 cruore
733 4280 999 4333 respersa,
1030 4264 1260 4318 validius
1281 4266 1425 4334 apud
1461 4266 1625 4319 Deum
1658 4266 1880 4328 clamat,

301 4371 471 4424 quam
498 4357 679 4411 Abelis
705 4358 960 4426 sanguis:
992 4357 1221 4425 ideoque
1254 4359 1387 4410 nihil
1409 4359 1567 4412 nobis
1587 4359 1883 4427 desperan-

300 4448 438 4497 tlum
469 4456 573 4509 est,
615 4449 923 4501 recentibus
950 4456 1055 4500 tam
1079 4448 1232 4502 bona:
1263 4447 1399 4501 citis
1428 4447 1651 4518 Agatlta:
1678 4441 1886 4505 meritis

299 4539 798 4605 patrocinantihus.

385 4628 473 4682 52.
530 4628 651 4684 Haec
709 4630 784 4683 illi
818 4618 1208 4701 colloquentes
1258 4633 1323 4686 ad
1375 4644 1578 4687 sanctre
1627 4634 1883 4705 martyris

302 4721 624 4787 sepulcrum
702 4720 1029 4774 festinantes
1076 4733 1391 4784 accurrunt,
1433 4739 1619 4790 preces
1655 4726 1885 4777 fundunt

303 4825 368 4867 et
400 4813 691 4882 lacrytnas,
723 4814 920 4882 velum,
954 4816 1098 4883 quod
1133 4816 1389 4884 virginale
1422 4832 1617 4886 corpus
1651 4820 1882 4885 legebat,

301 4908 632 4969 extrahunt,
657 4906 850 4961 bacillo
868 4908 920 4961 in
939 4924 1119 4961 aereut
1143 4908 1407 4961 8Xl0||tlttl
1439 4928 1451 4962 :
1476 4910 1657 4975 itaque
1682 4912 1880 4963 armati

305 4998 651 5065 ﬁdentesque
672 5000 1050 5066 grassantibus
1072 5000 1339 5052 incendiis
1362 5000 1576 5052 obviam
1601 5002 1881 5069 prodeunt.

296 5087 503 5144 Mirum
540 5090 653 5143 visu
684 5108 695 5142 :
746 5090 892 5143 illico
937 5092 1250 5160 prrecipites
1287 5090 1357 5143 illi
1415 5100 1690 5145 torrentes
1718 5091 1880 5155 ignei,

296 5182 466 5249 quasi
518 5181 806 5250 pra-sentis
854 5181 1094 5249 Virginis
1147 5184 1466 5251 potentiam,
1512 5200 1573 5235 ar
1632 5184 1885 5251 martyris

300 5267 648 5333 maiestatem
700 5271 941 5333 reveriti,
977 5287 1197 5326 cursum
1236 5276 1456 5335 sistunt,
1524 5275 1727 5325 rabiem
1787 5289 1882 5341 pu-

308 5371 473 5427 nunt,
534 5363 769 5416 calorem
806 5356 1180 5436 exstittgutntt.
1240 5367 1378 5431 Quid
1440 5366 1525 5420 hic
1597 5367 1881 5448 praedicem

382 5522 493 5593 (Ιὲ)
527 5522 746 5594 Egimus
783 5526 846 5579 de
879 5525 964 5580 bis
997 5524 1258 5582 fratribus
1298 5529 1391 5584 31.
1431 5528 1553 5583 Jan.
1594 5528 1661 5582 ad
1703 5529 1879 5581 Vitam

297 5596 481 5669 sancti
505 5594 801 5669 Athanasii
828 5595 1196 5669 Methonensis
1245 5602 1479 5669 episcopi
1499 5616 1546 5653 c.
1562 5600 1616 5661 2,
1636 5617 1687 5653 n.
1709 5599 1761 5652 5.
1782 5599 1879 5653 Ubi

304 5684 327 5737 ᾳ
365 5664 825 5737 Atttpltittmnuset
862 5668 1100 5732 Anapias
1143 5688 1159 5717 ι
1197 5664 1557 5737 appellantur,
1591 5671 1678 5725 hic
1711 5690 1737 5723 :t
1775 5670 1873 5720 γι.-

296 5736 442 5807 lerio
472 5734 701 5807 Maximo
741 5737 1039 5807 r'Anaptts,t
1082 5741 1148 5791 ab
1179 5734 1298 5791 aliis
1334 5760 1350 5789 ε
1378 5742 1617 5807 .-\ttapitts
1649 5751 1696 5792 et
1734 5742 1870 5793 Ana-

294 5805 410 5874 j-is.
456 5822 473 5855 ι
513 5804 839 5874 Syracusani
876 5804 1024 5862 cives
1053 5824 1179 5865 suos
1207 5812 1370 5873 fuisse
1410 5804 1583 5877 aiunt,
1623 5829 1638 5859 ι
1671 5810 1870 5866 Emon-

587 5898 854 5962 Pnnor“
905 5902 944 5964 G
961 5922 1018 5963 ιι.
1069 5904 1139 5966 C.

1991 3260 2286 3325 currentia,
2358 3271 2520 3327 atque
2573 3260 2732 3315 obvia
2790 3277 3043 3331 quicque,
3099 3264 3262 3317 etiam
3320 3266 3563 3336 lapidem

1978 3364 2226 3415 anontes,
2257 3353 2403 3406 velut
2436 3368 2617 3406 ceram
2649 3353 3001 3408 dissolventia
3034 3371 3049 3409 :
3076 3371 3306 3425 quorum
3337 3361 3560 3414 ardores

1976 3458 2311 3512 ‘cursusque,
2340 3458 2515 3511 neque
2565 3445 2810 3513 ingentes
2855 3444 3054 3512 fontes,
3103 3463 3280 3517 neque
3312 3449 3460 3505 ﬂuvii
3495 3467 3561 3507 ex

1989 3533 2294 3601 liquefactis
2366 3534 2581 3587 nivibus
2638 3548 3016 3600 occurrentes,
3062 3542 3412 3612 exstinguere
3481 3546 3562 3596 vel

1992 3635 2141 3678 certe
2166 3625 2416 3693 mitigare
2441 3634 2755 3695 potuerunt.
2784 3626 2893 3681 Sed
2933 3629 3060 3697 qttid
3092 3628 3275 3685 fontes
3305 3631 3562 3701 ﬂuviique

1988 3716 2206 3767 valeant
2237 3715 2500 3769 adversus
2533 3724 2640 3769 tant
2671 3732 2924 3787 maguum
2952 3719 3167 3788 igneum
3217 3721 3560 3791 profluvium,

1989 3822 2111 3860 cum
2144 3807 2272 3860 illud
2312 3808 2484 3877 ipsum
2515 3807 2720 3862 Ionium
2770 3826 2921 3866 mare
2950 3828 3077 3867 suas
3114 3819 3355 3871 comburi
3389 3834 3561 3882 aquas

1989 3899 2090 3951 olei
2132 3899 2302 3952 instar
2350 3900 2655 3967 pertulerit,
2698 3901 2926 3971 ideoque
2977 3905 3118 3959 intra
3156 3907 3408 3964 humidus
3437 3927 3563 3978 pro-

1990 3990 2291 4059 fundosque
2318 3994 2473 4046 sinus
2496 4008 2620 4046 suos
2642 3992 2818 4047 locum
2843 3994 2918 4047 illi
2949 3999 3234 4063 cont-edat,
3262 4016 3325 4053 ac
3353 4001 3564 4069 fugiens

1988 4086 2211 4154 antiqua
2275 4084 2457 4138 littora
2508 4096 2741 4150 mutare,
2797 4087 3063 4157 IOngeque
3119 4106 3177 4144 se
3234 4094 3563 4149 contrahere

1987 4173 2338 4240 eporttterit?
2390 4173 2523 4227 Cum
2585 4174 2747 4243 igitur
2811 4177 2944 4230 nihil
3001 4179 3095 4232 alti
3138 4180 3560 4238 durissimarum

1988 4263 2223 4331 lapidum
2288 4273 2520 4328 montes,
2573 4279 2844 4335 rupesque
2899 4268 3168 4336 ingentes,
3216 4270 3348 4324 nihil
3394 4273 3561 4325 ctiam

1988 4355 2267 4408 inimicum
2304 4357 2469 4409 maris
2499 4350 2851 4418 elemenlum,
2908 4369 3095 4412 contra
3135 4361 3290 4429 ignes
3317 4362 3562 4417 Etumus

1988 4447 2174 4500 conari
2208 4458 2452 4513 possent,
2486 4452 2715 4517 ejusque
2766 4451 2909 4503 vires
2938 4451 3256 4517 retundere;
3304 4455 3557 4525 exiguum

1916 4546 1959 4601 Ι)
1989 4556 2122 4594 sane
2148 4541 2372 4609 virginis
2413 4542 2634 4609 Agatlne
2661 4541 2904 4597 velamen
2936 4558 2964 4596 a
2995 4545 3205 4601 civibus
3240 4548 3354 4604 suis
3383 4550 3436 4603 itt
3475 4566 3569 4605 stt-

1991 4634 2156 4687 blime
2189 4633 2416 4695 elatum,
2456 4633 2744 4704 ventisque
2770 4638 3079 4704 expositum
3112 4638 3332 4702 {mirum
3366 4641 3560 4713 dictu),

1994 4724 2241 4791 protinus
2268 4734 2320 4775 et
2372 4723 2618 4777 incendia
2653 4725 2919 4778 exstinxit
2950 4735 3002 4778 et
3034 4728 3283 4794 rapidum
3340 4746 3561 4783 cursant

2001 4820 2275 4885 repressit.
2302 4814 2357 4867 ltt
2390 4817 2545 4883 cujus
2572 4816 2817 4882 prteclati
2863 4816 3128 4873 facinoris
3157 4831 3567 4876 monumentum

1995 4907 2279 4961 faeculcnta
2323 4906 2408 4958 illa
2461 4907 2708 4959 incendia
2748 4909 2801 4960 itt
2838 4910 3038 4962 arduos
3086 4922 3300 4967 montes
3337 4914 3568 4969 but-re..-

1996 5001 2127 5052 tintn
2182 5013 2464 5063 saxorum,
2545 5008 2975 5068 crustarumque
3006 5002 3218 5071 rupiqu
3276 5019 3565 5067 conversa,

1993 5104 2091 5157 pro
2150 5100 2354 5142 :cterno
2430 5089 2713 5159 virginalis
2773 5091 3016 5143 victoria:
3086 5092 3328 5172 trophaao
3381 5105 3568 5149 erecta

1992 5181 2322 5243 subsistunt,
2382 5183 2842 5249 comprobantque
2898 5184 3104 5236 oraculi
3152 5184 3442 5240 veritatem
3490 5187 3559 5240 de

1991 5274 2181 5340 patriae
2234 5270 2571 5334 liberatione,
2626 5271 2693 5325 de
2748 5277 2887 5326 culo
2945 5292 3040 5341 per
3102 5278 3321 5346 angeios
3371 5278 3558 5331 delati.

1991 5363 2161 5427 Quam
2202 5362 2366 5415 etiam
2405 5363 2474 5416 ob
2502 5377 2722 5416 causam
2750 5364 2991 5419 velamen
3045 5367 3175 5421 illud
3227 5369 3382 5437 quasi
3416 5368 3563 5440 Aga-

1992 5529 2121 5581 tiant
2162 5538 2217 5581 et
2254 5527 2530 5583 Critonem
2571 5547 2589 5578 ι
2628 5531 2958 5588 nominatos.
3007 5532 3112 5587 Sed
3172 5533 3226 5588 in
3277 5532 3573 5591 Catancnsl

1991 5600 2239 5653 districtu
2273 5610 2423 5668 gesta
2457 5614 2543 5653 res
2576 5610 2675 5654 est.

2054 5671 2165 5735 tl3)
2197 5670 2394 5723 Strabo
2424 5671 2457 5724 Ι.
2489 5671 2542 5723 6.
2586 5691 2601 5722 t
2638 5670 2841 5725 llot'utn
2873 5675 3191 5728 utentnriim
3227 5676 3296 5730 ita
3338 5676 3576 5742 posteri-

1987 5752 2067 5797 las
2133 5749 2411 5794 ntunerata
2462 5751 2567 5803 est,
2604 5753 2659 5797 ut
2712 5744 2947 5812 sepulcri
2997 5747 3149 5800 locus
3192 5746 3575 5801 nominaretur

1985 5812 2211 5878 Gaiitpus
2238 5815 2469 5880 piorum.
2521 5829 2538 5862 t

3178 5908 3249 5969 Η
