4200 6430
678 308 806 375 1291

1693 303 1751 361 S.
1790 296 2166 361 METllODll
2208 301 2713 362 PATRlAllCU/E
2748 301 2856 361 (ΣΡ.

3826 296 3948 358 12172

679 428 785 480 tum
820 420 1072 477 vexillum
1096 419 1164 476 de
1196 419 1319 488 igne
1347 415 1742 485 triumphantis
1767 414 1891 469 la-to
1929 417 2246 486 populorum
2283 422 2322 476 Α
2357 417 2555 469 ibidem

2378 417 2555 468 Itidem
2586 412 2923 467 offerendum
2976 420 3247 475 curasset,
3304 423 3544 478 suasque
3578 424 3786 477 preces
3829 428 3948 463 erant

680 516 871 585 plausu
912 511 1334 573 circumfusum,
1399 509 1453 563 in
1494 522 1699 569 arcam,
1757 508 1807 561 in
1839 524 1942 577 qua
1982 509 2085 559 dnx
2136 508 2247 575 ipsa

679 608 918 663 victoriae
943 605 1276 674 quiescebat,
1328 601 1591 656 inclusum
1641 599 1763 665 fuit,
1805 610 1862 652 ut
1906 599 2094 666 majori
2127 615 2249 651 cum

680 697 1024 752 veneratione
1078 708 1142 748 ac
1183 694 1386 763 pietate
1423 694 1474 746 in
1524 694 1771 747 adversis
1822 692 2012 760 patriae
2091 694 2253 746 rebus

680 796 1009 843 servaretur.

751 879 842 932 54.
879 878 923 932 Ο
968 879 1197 941 centies,
1252 884 1305 930 et
1362 874 1564 930 millies
1626 889 1749 929 vere
1796 878 1934 930 bona
1992 875 2161 943 virgo,
2197 884 2251 927 et

679 971 911 1041 martyri
976 970 1152 1030 bona.
1204 968 1451 1037 inquam,
1487 967 1581 1021 tibi
1611 983 1674 1021 ac
1719 982 1915 1035 sponso
1951 976 2044 1021 tuo
2098 967 2256 1021 Chri-

680 1073 803 1128 sto;
837 1064 974 1116 bona
1016 1062 1178 1115 etiam
1212 1059 1421 1129 patriar,
1461 1060 1674 1129 tuisque
1703 1060 1935 1127 eivilms,
1965 1076 2101 1130 quos
2139 1070 2248 1113 tam

683 1151 919 1205 evidenti
980 1150 1243 1206 miraculo
1284 1151 1580 1204 incolumes
1617 1150 1893 1205 servasti!
1959 1151 2097 1206 Vere
2148 1165 2253 1204 non

682 1252 766 1296 est
798 1241 903 1295 alia
940 1242 1153 1305 civitas,
1201 1256 1323 1311 quae
1352 1246 1573 1311 experta
1606 1242 1678 1297 sit
1702 1253 1918 1296 sanctos
1958 1243 2105 1297 cives
2130 1258 2256 1298 suos

694 1335 765 1386 ita
800 1334 903 1388 sibi
937 1318 1225 1402 propitios.
1264 1335 1406 1388 sicut
1438 1336 1704 1403 Agatham
1740 1336 1888 1403 regio
1909 1333 2252 1388 Catanensis.

693 1424 879 1492 Neque
913 1440 1039 1479 vero
1078 1436 1185 1479 tam
1215 1425 1352 1479 bona
1382 1426 1537 1495 virgo
1570 1440 1700 1495 erga
1730 1442 1861 1480 suos
1893 1436 2101 1481 tantum
2131 1442 2257 1495 pro-

688 1531 907 1583 pensam
945 1516 1133 1570 habuit
1166 1516 1520 1580 voluntatem,
1560 1517 1654 1571 sed
1701 1517 1754 1570 in
1795 1526 2052 1572 externos
2090 1518 2258 1572 etiam

686 1621 780 1657 sua
811 1606 1069 1659 beneficia
1100 1607 1274 1676 plenis
1297 1609 1555 1661 manibus
1582 1606 1817 1663 dill'udit.
1846 1608 2088 1677 Quorum
2114 1608 2258 1664 fama

687 1712 927 1764 permota
976 1699 1138 1753 Lueia
1178 1700 1313 1768 (is),
1365 1702 1519 1769 virgo
1570 1701 1710 1755 inter
1760 1699 2135 1772 Syracusanae
2168 1718 2264 1755 no-

2356 507 2607 575 laciymis
2653 502 2986 565 miscuisset,
3049 502 3273 571 Agathte
3323 502 3638 570 sepulcrum
3702 514 3951 571 compte-

2354 602 2574 659 etendo.
2611 601 2804 668 pieque
2830 598 3225 661 exos-colando,
3274 598 3325 651 in
3358 597 3528 652 levem
3567 613 3837 651 somnum
3875 599 3952 649 i.-

2355 693 2504 746 cidit.
2557 691 2737 758 Atque
2772 691 2873 743 sibi
2909 690 3093 743 videre
3127 690 3243 742 visa
3278 700 3365 743 est
3416 691 3631 743 beatam
3674 690 3949 758 Agatlmn

2359 783 2409 835 in
2437 781 2577 836 cmlo
2610 784 2755 836 inter
2796 782 3114 851 angelorum
3146 796 3211 834 ae
3255 782 3527 850 virginum
3563 784 3777 835 choros
3808 783 3952 836 clare

2357 877 2677 944 fulgentem,
2711 877 2889 943 sliecie
2936 888 3101 942 super
3134 888 3326 927 omnes
3367 873 3713 942 angustiore,
3751 874 3952 923 vclba-

2357 984 2459 1038 que
2529 967 2644 1020 hrcc
2694 967 2797 1020 sibi
2852 973 3191 1034 promentem
3255 965 3441 1018 audire
3484 962 3702 1017 :ania
3777 966 3950 1031 virgo,

2358 1060 2515 1126 cujus
2564 1061 2851 1125 integritas
2888 1072 2973 1111 me
3002 1058 3223 1122 invitat,
3273 1066 3328 1108 nt
3365 1067 3417 1110 te
3470 1072 3726 1110 sororem
3764 1058 3928 1126 appcl

2360 1152 2486 1215 lem,
2542 1152 2670 1219 quid
2715 1166 2816 1220 per
2866 1164 2953 1203 me
2988 1166 3017 1203 a
3072 1150 3313 1211 Christo,
3362 1151 3657 1217 utriusque
3701 1160 3953 1201 nostrum

2359 1258 2598 1313 sponso,
2644 1241 3007 1295 valetudinem
3060 1240 3224 1295 matri
3267 1251 3371 1295 tute
3416 1239 3787 1310 dcprecaris?
3817 1237 3954 1291 Tute

2361 1337 2479 1405 ipsa
2517 1346 2736 1406 propter
2762 1335 3093 1406 virginitatis
3127 1343 3231 1388 tua
3257 1334 3443 1387 llorem
3488 1333 3773 1387 illibatum
3808 1332 3955 1383 illam

2363 1428 2692 1496 impetrasti,
2719 1438 2775 1483 et
2806 1442 2934 1482 ecce
2959 1427 3073 1497 jam
3110 1426 3417 1481 convaluit.
3458 1425 3565 1479 Sed
3616 1436 3673 1477 et
3704 1440 3830 1493 qme
3866 1424 3955 1475 ιὼί

2362 1526 2594 1572 ventura
2625 1518 2755 1582 sint,
2779 1517 3043 1580 enuntio;
3070 1531 3192 1571 nam
3222 1524 3347 1584 post
3383 1514 3633 1585 martyrii
3666 1530 3958 1576 coronam,

2363 1626 2526 1681 quam
2565 1611 2717 1665 brevi
2746 1610 2962 1675 indues,
2999 1610 3206 1665 Christi
3243 1623 3440 1678 sponsa
3488 1622 3707 1662 mecum
3749 1607 3806 1659 in
3847 1620 3959 1659 cm-

2364 1703 2552 1756 lestem
2585 1702 2882 1757 thalamum
2939 1700 3299 1771 ingredieris;
3340 1709 3394 1755 et
3426 1699 3572 1753 sicut
3604 1713 3703 1768 per
3742 1712 3835 1751 me
3865 1698 3958 1750 (Za-

689 1792 951 1844 hilissima
980 1830 995 1855 ,
1049 1790 1330 1863 Eutychia:
1387 1793 1597 1863 parenti
1655 1794 1948 1862 sanguinis
2021 1792 2260 1849 ﬂuxione
2297 1825 2336 1879 Β
2365 1797 2674 1851 tsnensium
2727 1795 2920 1851 civitas
2975 1796 3283 1850 illustratur
3315 1810 3344 1847 a
3384 1793 3632 1857 Christo,
3667 1792 3746 1846 ita
3788 1806 3887 1859 per
3913 1801 3959 1839 ιιι

689 1884 952 1938 laboranti
976 1885 1271 1952 persuasit,
1297 1894 1355 1938 ut
1386 1885 1649 1939 Catanam
1676 1887 1742 1940 ad
1785 1892 1991 1940 sancta:
2035 1885 2263 1954 virginis

702 1979 918 2044 \gatlne
967 1979 1222 2047 templum
1274 1979 1695 2048 sepulcrumque
1755 1979 1915 2034 sin.u|
1955 1989 2259 2049 pergerent.

689 2068 930 2136 Cumque
956 2069 1069 2137 jam
1098 2069 1185 2123 illa
1215 2071 1557 2124 incruentum
1594 2071 1923 2126 sacrificium
1949 2087 2046 2141 pro
2084 2082 2256 2128 matre

771 2245 877 2313 (id)
915 2244 987 2297 De
1040 2255 1226 2319 saneta
1275 2245 1457 2319 Lucia
1490 2248 1785 2319 matrisque
1820 2249 1939 2319 ejus
1973 2252 2257 2306 curatione

696 2331 934 2381 ιοςοινιιυς,
959 2326 1012 2370 et
1042 2317 1272 2385 plenius,
1306 2318 1370 2370 ad
1398 2318 1461 2370 15
1495 2318 1744 2373 Deecmb.
1770 2317 1878 2389 quo
1907 2321 2122 2375 colitur.

2368 1887 2710 1959 Syracusana
2761 1898 3081 1944 exornatur.
3148 1889 3327 1958 Atque
3378 1887 3494 1941 haec
3552 1886 3739 1940 locuta
3797 1885 3960 1938 sutili-

2371 1981 2474 2035 mis
2503 1981 2656 2045 abiit,
2716 1991 2774 2036 et
2814 1980 2978 2037 Lucia
3017 1982 3398 2052 expergefacta
3448 1989 3737 2050 parentem
3774 1992 3962 2031 sanam

2370 2076 2577 2144 reperit
2600 2075 2737 2145 (15).

2439 2252 2553 2322 (15)
2604 2251 2867 2307 Videntur
2905 2254 3081 2308 adhuc
3126 2252 3304 2322 aliqua
3347 2251 3555 2305 deesse.
3584 2249 3779 2319 Neque
3814 2276 3827 2299 ι
3853 2252 3963 2303 nim

2376 2323 2448 2376 ita
2483 2324 2713 2393 abrupte
2741 2324 2995 2380 desinere
3019 2323 3193 2393 potuit
3218 2334 3403 2377 tantus
3424 2331 3632 2377 orator.

707 2516 1579 2532 “~W“
1669 2523 3340 2541 mm

1498 2692 2129 2805 EJUSDEM
2221 2692 2339 2803 S.
2419 2695 2537 2805 Μ
2558 2695 3150 2807 ETHODII

956 2926 1687 3015 MARTYRIUM
1783 2928 2129 3017 BEATI
2218 2928 2772 3021 DIONYSII
2853 2931 3702 3023 AREOPAGlT/E.

702 3126 839 3191 (Hoc
863 3120 1169 3189 opusculum
1200 3120 1334 3188 leges
1366 3120 1418 3171 in
1441 3121 1729 3187 appendice
1759 3118 1827 3172 ad
1860 3117 2037 3190 Opera
2069 3118 2127 3175 S.
2151 3119 2390 3191 Dionysii
2422 3121 2777 3192 Areopagum,
2799 3122 2959 3192 hujus
2984 3121 3331 3193 Patrologic,
3359 3130 3397 3177 t.
3431 3121 3519 3185 IV,
3549 3122 3655 3176 col.
3687 3122 3799 3181 669
3828 3127 3971 3195 ϐα.)

703 3320 908 3336 ...σαι-ιρ-

1352 3478 1883 3567 ΙίίιῐυΞΒΕΜ

1989 3477 2599 3569 METHODII
2686 3480 3303 3572 EPISTOLA.

1749 3672 1897 3733 (Asc.
1930 3670 2045 3728 MAI,
2072 3668 2196 3719 Bibl.
2227 3682 2336 3727 nou.
2374 3675 2407 3718 t.
2436 3670 2492 3725 ν,
2522 3683 2570 3731 p.
2614 3670 2720 3730 Hi,
2752 3670 2884 3732 5267.)

716 3829 895 3885 Sancti
927 3826 1176 3882 Methodii
1206 3823 1523 3893 patriarcha:
1567 3819 2132 3893 Coustantiuoitolitoni
2170 3818 2281 3893 epi-
2311 3823 2356 3884 ο
2395 3816 2501 3869 Τοῦ
2528 3833 2556 3893 -ι

2395 3816 2501 3869 Τυῦ
2528 3816 2712 3893 viriut)
2752 3815 3047 3893 amonem};
3086 3817 3453 3883 πατριάρχου
3485 3821 3976 3877 Κωνσταντιντυ-

782 3900 916 3956 stola
955 3899 1115 3951 missa
1166 3889 1235 3948 ad
1282 3892 1766 3961 Hierosolymorum
1810 3889 2166 3958 patriarcltam
2220 3889 2284 3941 de

781 3969 1100 4037 depositione
1129 3974 1487 4034 apostatarum
1516 3962 1874 4015 sacerdotum.

784 4174 1073 4229 lixtensam
1113 4186 1141 4224 a
1172 4179 1260 4225 tua
1308 4165 1601 4222 venerabili
1637 4161 1969 4218 sublimitate
2010 4159 2281 4213 sermonis

716 4282 957 4330 manum,
988 4262 1143 4318 nobis
1194 4275 1289 4330 per
1336 4256 1803 4325 religiosissimum
1852 4251 2074 4305 fratrem
2108 4248 2283 4302 Silva-

715 4374 867 4423 num,
905 4356 1280 4427 presbyterum
1318 4364 1382 4405 ac
1416 4347 1763 4410 monaclmm,
1802 4343 2139 4412 superiorum
2170 4353 2287 4392 om-

718 4422 866 4508 nium
901 4422 1081 4517 usque
1118 4446 1184 4501 ad
1222 4458 1321 4499 nos
1356 4440 1707 4512 synodornm,
1755 4446 1966 4507 gratam
1999 4432 2284 4488 admodum

718 4559 772 4598 et
801 4541 1156 4597 orthodoxam
1193 4535 1426 4590 delatam
1481 4530 1790 4599 accepimus
1844 4547 1857 4581 :
1907 4536 2281 4591 vestramque,

718 4638 783 4689 dc.
816 4651 922 4705 qua
957 4630 1286 4687 admonitam
1317 4626 1582 4680 voluimus
1614 4622 1912 4675 fraternam
1950 4627 2096 4672 tuam
2126 4617 2288 4686 pieta-

723 4740 849 4791 tem,
884 4732 1031 4780 recte
1058 4730 1110 4776 et
1148 4716 1602 4774 indeclinabiliter
1644 4713 1893 4766 libratam
1926 4708 2285 4771 sententiam,

720 4817 949 4869 libenter
976 4808 1375 4869 intelleximus;
1412 4816 1604 4870 nempe
1651 4799 1794 4870 quod
1832 4796 1924 4850 Dei
1956 4795 2159 4850 auxilio
2205 4793 2285 4849 usi

721 4908 986 4961 fuerimus
1011 4902 1080 4956 ad
1105 4896 1546 4968 consequendam
1579 4907 1761 4946 veram
1795 4906 1914 4960 qum
1937 4889 2131 4959 obtigit
2157 4903 2287 4939 con-

717 4997 961 5051 cordiam
996 5002 1274 5058 nostram;
1311 4986 1763 5059 quemadmodum
1802 4982 2008 5038 scilicet
2044 4994 2144 5035 nos
2175 4994 2288 5032 am-

721 5090 861 5159 bigui
917 5102 1015 5141 vos
1062 5084 1515 5152 interrogavimns
1543 5120 1558 5146 ,
1598 5077 1863 5148 plenoque
1915 5088 2142 5129 assensu
2197 5086 2289 5125 vos

719 5177 1078 5249 respondistis
1125 5195 1138 5228 :

720 5270 1047 5341 Nicephoro,
1073 5267 1247 5324 beatis
1279 5277 1333 5322 et
1359 5264 1681 5321 orthodoxis
1715 5260 1967 5316 Patribns
1998 5257 2289 5313 fratribus—

719 5379 825 5433 qne
867 5362 1066 5417 nostris
1115 5359 1529 5425 sacerdotibus,
1578 5365 1762 5428 postea
1809 5370 1837 5407 a
1884 5352 2109 5407 veritate
2146 5349 2292 5403 deci-

718 5458 873 5519 duos,
924 5463 979 5507 et
1019 5466 1163 5508 recta
1208 5453 1294 5506 via
1328 5458 1669 5513 exerrantes,
1705 5447 1752 5502 si
1791 5445 1826 5500 ii
1858 5461 1923 5499 ex
1956 5452 2071 5499 tota
2111 5444 2289 5497 anima

717 5562 811 5601 eos
844 5544 1177 5616 pmrrituerit,
1208 5553 1262 5598 ct
1295 5540 1809 5598 inconsiderantiam
1872 5551 2022 5593 suam
2068 5535 2291 5589 damna-

718 5638 920 5702 verint,
944 5638 1176 5707 vitatque
1206 5635 1503 5690 mutatione
1520 5632 1745 5703 dignam
1776 5627 2152 5700 pmnitentiam
2181 5634 2289 5679 tota

718 5739 898 5786 mente
958 5738 1263 5791 susceptam
1317 5726 1844 5789 demoustraverint,
1905 5731 1959 5777 et
2014 5720 2289 5775 luet-escort

2458 3888 2690 3949 πόλεως
2740 3886 3036 3951 ἐπιστολὴ
3087 3888 3425 3954 πεμφθεῖσα
3492 3891 3643 3954 πίθς
3700 3892 3812 3942 τίὲν
3866 3909 3977 3944 :m-

2458 3956 2745 4023 τριάρχην
2802 3955 3269 4027 Ἰεροσολύμων,
3318 3958 3416 4008 ἐπὶ
3461 3961 3807 4027 καθαιρέσει
3861 3962 3978 4014 τῶν

2458 4025 3012 4091 ἀποστερησάντων
3045 4026 3265 4093 Ιερέων.

2458 4159 2569 4228 Τὴν
2620 4158 2943 4212 ὲκταθεῖσαν
2996 4161 3095 4228 τῆς
3144 4161 3332 4230 τιμίας
3386 4163 3824 4231 κορυφαιότητός
3879 4182 3973 4217 σου

2388 4250 2483 4301 τοῦ
2514 4248 2677 4316 λόγου
2721 4251 2879 4319 χεῖρα
2923 4250 3084 4320 ἡμῖν,
3123 4251 3212 4305 διά
3249 4251 3342 4304 τοῦ
3374 4252 3777 4308 εὐλαϐεστάτου
3813 4257 3970 4309 ἀδελ·

2391 4338 2493 4406 φοῦ
2555 4339 2877 4403 Σιλουανοῦ,
2936 4341 3029 4393 καὶ
3087 4341 3471 4412 πρεσϐυτέρου
3533 4348 3630 4396 καὶ
3694 4346 3971 4415 μονακοῦ,

2391 4430 2579 4482 πασῶν
2613 4431 2718 4486 τῶν
2759 4430 3025 4485 ἀνέκαθεν
3063 4428 3258 4502 μέχρις
3289 4434 3446 4503 ἡμῶν
3480 4435 3736 4500 συνόδων,
3768 4437 3972 4490 suate-

2388 4511 2576 4577 δεκὲον
2615 4525 2707 4576 καὶ
2737 4522 2988 4594 ἰθύτομον
3027 4525 3362 4593 ἀπαγγέλλει
3400 4527 3676 4594 φέρουσαν
3697 4547 3711 4557 ·
3746 4530 3841 4581 καὶ
3874 4530 3971 4599 τὴν

2391 4619 2511 4670 καθ’
2539 4618 2685 4688 ἡμᾶς
2720 4617 2885 4670 αὐτοῦ
2918 4618 3047 4688 παρ’
3077 4612 3145 4689 ἦς
3172 4619 3507 4688 κεκινήμεθα
3529 4619 3851 4688 ὑπομνῆσαι
3874 4622 3973 4691 τὴν

2390 4709 2664 4780 ὑμετέραν
2696 4709 2994 4781 ἀδελφικὴν
3016 4709 3328 4764 θεοσέϐειαν
3351 4752 3365 4773 ,
3407 4710 3582 4780 ὀρθῶς
3621 4713 3717 4764 καὶ
3752 4714 3970 4783 ἀπροσ-

2391 4800 2586 4864 κλινῶς
2646 4802 2931 4874 κριθεῖσαν
2975 4802 3361 4871 ἀπεδεξάμεθα
3418 4802 3512 4855 καὶ
3555 4804 3972 4872 ἠγαπήσαμεν·

2390 4891 2464 4954 ὡς
2499 4892 2651 4961 παρὰ
2680 4893 2884 4964 Κυρίου
2910 4894 3356 4957 εἱσακουσθέντες
3386 4895 3444 4946 ἐν
3473 4896 3540 4964 τῇ
3570 4896 3849 4966 causam;
3876 4896 3974 4963 τῆς

2390 4984 2625 5054 ἀληθοῦς
2656 4984 2789 5053 ἡμῖν
2823 4986 3198 5055 γεγενημένης
3227 4985 3482 5055 ὁμονοίας
3502 5003 3515 5015 ³
3551 4985 3745 5039 καθότι
3772 4988 3877 5040 οὐκ
3908 4983 3974 5056 ἦν

2392 5074 2595 5145 ἑτέρως
2629 5074 2751 5127 οὐδὲ
2785 5076 3042 5144 ἠλπίζετο
3075 5075 3250 5138 ἄλλως
3280 5076 3466 5147 φέρειν
3497 5076 3588 5129 καὶ
3626 5076 3794 5147 ἔχειν,
3832 5078 3865 5147 ἦ
3900 5078 3974 5139 ὡς

1180 5173 1461 5236 videlicet,
1512 5170 1838 5225 constitutos
1888 5183 1916 5220 a
1964 5164 2193 5220 Tarasio
2240 5173 2291 5216 et
2325 5206 2368 5262 Β
2397 5168 2556 5237 ἡμεῖς

2397 5168 2559 5237 ἡμεῖς
2601 5182 2663 5218 τε
2719 5165 3176 5234 περιτρεπόμενοι
3214 5166 3374 5254 ὑμᾶς
3418 5166 3827 5235 ἠρωτήσαμεν,
3881 5167 3975 5217 καὶ

2399 5258 2772 5327 συντιθέμενοι
2800 5258 2957 5326 ὑμεῖς
2981 5236 3351 5325 ἀπεκρίναέοε
3373 5273 3387 5287 ⁸
3415 5255 3653 5325 λέγομεν
3672 5255 3737 5325 δὴ
3764 5256 3830 5307 τὸ
3850 5257 3973 5316 τοὺς

2403 5349 2500 5418 μὶν
2560 5348 2667 5400 ἀπὸ
2724 5347 2999 5417 Ταρασίου
3059 5349 3150 5399 καὶ
3180 5346 3492 5416 Νικηφόρον
3537 5345 3646 5398 τῶν
3685 5346 3973 5415 μακαρίων

2400 5441 2494 5493 καὶ
2535 5438 2829 5510 ὀρθοδόξων
2862 5438 3118 5513 Πατέρων
3164 5440 3257 5492 καὶ
3303 5436 3546 5506 ἀδελφῶν
3581 5435 3774 5507 ἡμῶν,
3810 5436 3975 5505 ἱερεῖς

2400 5530 2856 5601 καθισταμένους.
2888 5529 3342 5599 παρασεραλέντας
3364 5529 3421 5581 δὲ
3448 5526 3549 5597 τῆς
3572 5524 3854 5596 ἀληθείας,
3882 5524 3975 5576 καὶ

2400 5624 2769 5693 ὤλισθηκότας
2805 5622 2912 5673 ἀπὸ
2945 5623 3043 5693 τῆς
3074 5622 3291 5685 εὐθείας
3326 5620 3448 5674 ὁδοῦ
3484 5619 3763 5689 ὁλοψύχως
3814 5632 3974 5688 μετα-

2400 5718 2722 5785 νοήσαντας,
2764 5714 2855 5766 καὶ
2902 5716 2996 5784 τῆς
3042 5715 3297 5779 ἀϐουλίας
3343 5711 3571 5778 ἑαυτοὺς
3614 5725 3971 5782 καταμεμφο-
