4200 6430
292 426 429 491 13ἓό

1314 422 1410 482 DE
1452 421 1556 487 IIS
1593 416 1728 480 OUl
1772 409 2307 481 ABNEGARUNT,
2349 406 2507 466 ETC.

3403 400 3539 467 1328

366 543 427 590 Ὅ
474 540 604 601 Uss;
660 540 688 592 6
722 538 895 610 μέγας
954 540 1046 593 καὶ
1102 535 1517 609 μεγαλώνυμος.
1554 533 1582 584 ὁ
1633 529 1694 582 τδ
1722 526 1851 598 πρὶν

2039 520 2179 574 Deus
2228 535 2453 588 magnus
2486 529 2541 572 et
2567 518 2763 572 excelsi
2817 516 3089 580 nominis,
3143 514 3234 587 qui
3284 525 3536 572 tenettras

289 630 480 692 σκότος
513 630 755 699 φωτίσας
795 629 873 701 τῷ
928 629 1070 700 λόγῳ
1090 627 1182 681 τοῦ
1219 626 1488 697 στόματός
1525 640 1619 675 σου
1646 640 1660 654 ’
1717 623 1745 673 6
1770 620 1860 673 τὸν

290 721 554 792 μονογενῆ
595 739 688 774 σου
716 721 842 775 Υίὸν
883 720 1268 785 ἐξαποστείλας
1301 722 1378 781 είς
1426 717 1518 768 τὸν
1546 715 1751 783 κόσμον
1781 715 1861 776 εἰς

291 812 521 882 ἱλασμὸν
566 812 674 865 τῶν
729 813 1016 884 ἁμαρτιῶν
1065 812 1259 884 ἡμῶν
1315 813 1343 864 6
1404 809 1712 877 καθήμενος
1770 808 1863 859 ἐπὶ

287 902 398 955 τῶν
428 902 732 974 Χερουϐὶμ,
759 904 853 957 καὶ
894 902 1277 973 δεδοξασμένος
1316 900 1421 954 ὑπὸ
1442 900 1551 953 τῶν
1576 897 1826 968 Σεραφίμ
1846 912 1859 924 ·

286 986 333 1061 ᾧ
366 994 475 1047 πᾶν
503 995 632 1063 γόνυ
663 996 906 1065 κάμπτει
934 995 1041 1048 τῶν
1082 995 1448 1068 ἐπουρανίων,
1478 993 1572 1047 καὶ
1602 990 1861 1059 ἐπιγείων

292 1086 385 1139 καὶ
415 1085 804 1157 καταχθονίων,
831 1088 923 1141 καὶ
955 1088 1106 1139 πᾶσα
1139 1086 1358 1155 γλῶσσα
1383 1085 1857 1155 ἐξομολογήσεται.

288 1176 520 1231 Βασιλεῦ
549 1178 657 1231 τῶν
683 1178 917 1245 αἰώνων,
948 1182 975 1233 6
1001 1180 1331 1245 ἐπισυνάξας
1353 1178 1413 1230 τὸ
1441 1173 1861 1244 πεπλανημένον

290 1269 566 1340 πρόϐατον
589 1264 795 1341 εἰς’τὴν
828 1271 1063 1343 ποίμνην
1086 1269 1181 1323 τοῦ
1213 1270 1463 1340 Σωτῆρος
1486 1267 1646 1338 ἡμῶν
1688 1264 1861 1334 Ἰησοῦ

290 1360 531 1430 Χριστοῦ
560 1380 573 1393 ’
611 1365 639 1415 6
684 1363 1033 1432 ἐπιστρέφων
1064 1361 1389 1433 ἁμαρτωλὸν
1412 1364 1477 1413 ἐκ
1506 1359 1716 1428 πλάνης
1740 1357 1860 1410 ὁδοῦ

289 1453 481 1507 αὐτοῦ’
507 1454 668 1517 αὐτὸς
691 1454 1015 1525 ἐπίστρεψον
1040 1457 1134 1509 καὶ
1170 1457 1261 1507 τὸν
1293 1454 1477 1507 δοῦλόν
1509 1470 1603 1505 σου
1638 1452 1747 1504 ἀπὸ
1768 1450 1861 1503 τοῦ

293 1548 516 1611 σκότους
543 1547 639 1600 τοῦ
692 1546 1098 1616 Ἀντικειμένου
1128 1546 1263 1618 πρὸς
1287 1546 1350 1599 τὸ
1393 1544 1509 1614 φῶς
1535 1544 1597 1595 τὸ
1622 1543 1859 1606 αἰώνιον,

290 1638 625 1700 ἀνακαλέσας
656 1638 818 1689 αὑτὸν
841 1639 950 1691 ἀπὸ
998 1637 1100 1706 τῆς
1130 1638 1338 1706 πλάνης
1369 1635 1464 1689 τοῦ
1503 1634 1750 1687 διαϐόλου
1783 1634 1863 1696 είς

290 1729 387 1800 τὴν
419 1730 751 1798 θεογνωσίαν
779 1730 873 1782 τοῦ
917 1730 1240 1798 μονογενοῦς
1268 1746 1361 1781 σου
1387 1728 1538 1791 Υίοῦ,
1567 1728 1863 1798 ἐδραίωσον

289 1820 457 1873 αὑτοῦ
492 1821 590 1892 τὴν
634 1820 864 1892 καρδίαν
904 1820 965 1872 ἐν
1005 1820 1209 1881 πίστει,
1266 1821 1325 1871 ἐν
1357 1820 1546 1890 ἀγάπῃ
1598 1817 1691 1870 τοῦ
1726 1817 1862 1887 Χρι-

1963 610 2222 681 pristinas
2256 610 2368 664 oris
2429 609 2502 662 tui
2558 608 2721 662 verbo
2744 607 3083 669 illuminasti,
3115 607 3206 675 qui
3245 609 3310 659 ad
3344 622 3536 675 pecca-

1965 715 2142 758 torum
2205 702 2643 772 propitiationem
2686 700 3021 769 unigenitum
3052 699 3249 753 Filiqu
3300 709 3448 754 tuum
3486 703 3537 754 iu

1965 804 2164 849 terram
2194 793 2411 857 misisti,
2452 793 2543 860 qui
2573 791 2731 846 sedes
2763 807 2925 859 super
2945 792 3259 854 Clterubim,
3286 802 3341 845 et
3380 808 3410 844 a
3441 794 3540 847 Se-

1972 885 2182 953 rapliim
2213 883 2535 951 gloriticaris
2562 900 2577 948 ;
2610 883 2695 937 cui
2723 898 2884 937 onme
2926 898 3065 953 genu
3099 882 3335 938 ﬂectitur
3371 885 3532 938 caele.

1964 978 2151 1040 stium,
2181 976 2538 1040 terrestrium,
2570 986 2623 1030 et
2660 976 3018 1035 inl'crnorum,
3064 987 3116 1028 et
3143 978 3322 1030 nnmis
3355 978 3536 1048 lingua

1966 1068 2335 1126 conﬁtebitur.
2375 1069 2486 1122 llcx
2526 1069 2849 1122 saeculorum
2885 1068 2977 1137 qui
3000 1080 3275 1123 errantem
3301 1084 3456 1124 ovem
3484 1072 3538 1122 in

1968 1161 2270 1216 Salvator-is
2302 1162 2468 1216 nostri
2498 1159 2630 1216 Jesu
2658 1159 2863 1215 Christi
2894 1162 3037 1217 ovile
3068 1177 3406 1233 congregns;
3447 1164 3537 1232 qui

1964 1268 2304 1327 peccatorem
2338 1273 2365 1309 a
2400 1257 2485 1310 via
2511 1255 2717 1309 erroris
2743 1256 2859 1324 ejus
2886 1257 3087 1311 avertis
3124 1273 3137 1309 :
3176 1258 3290 1327 ipse
3325 1272 3541 1328 quoque

1965 1361 2182 1400 servum
2214 1356 2359 1399 tuum
2411 1346 2479 1399 ab
2526 1345 2828 1399 adversarii
2883 1346 3122 1401 tencln'is
3162 1348 3229 1401 ad
3277 1360 3537 1402 aeternum

1967 1438 2143 1491 lumen
2198 1447 2475 1501 converte,
2516 1445 2570 1491 et
2607 1438 2674 1489 ab
2734 1451 2921 1490 errore
2946 1438 3143 1492 diaboli
3197 1439 3264 1492 ad
3301 1440 3539 1493 divinam

1967 1531 2227 1600 unigeniti
2281 1529 2403 1583 Filii
2446 1529 2521 1583 tui
2553 1528 2916 1597 cognitionem
2960 1546 3174 1584 revoca.
3225 1531 3335 1586 Cur
3398 1532 3543 1585 illius

1965 1625 2017 1678 in
2051 1626 2173 1686 lide,
2200 1634 2252 1678 et
2289 1626 2340 1676 in
2373 1622 2665 1677 dilectione
2698 1619 2901 1676 Christi
2945 1624 3018 1677 tui
3052 1626 3313 1679 conﬁrma
3348 1643 3361 1678 :
3418 1642 3545 1695 par-

1966 1726 2071 1770 tem
2113 1716 2185 1768 illi
2235 1724 2291 1769 et
2320 1724 2521 1770 sortem
2551 1714 2602 1768 in
2637 1713 2873 1769 Ecclesia
2911 1725 2998 1769 tua
3032 1716 3249 1786 largire.
3289 1717 3367 1770 Tn
3393 1720 3538 1771 enim

1964 1828 2024 1865 es
2049 1812 2190 1865 Deus
2222 1821 2428 1873 noster,
2467 1819 2619 1864 extra
2650 1819 2699 1862 te
2728 1809 2893 1862 alium
2927 1825 3031 1865 non
3083 1811 3340 1866 novimus
3370 1814 3409 1863 ‘:
3438 1827 3541 1867 no-

293 1912 420 1965 στοῦ
460 1886 578 1969 σου.
623 1886 833 1984 Μερίδα
866 1914 961 1965 καὶ
1017 1912 1218 1982 κλῆρον
1254 1886 1413 1981 αὐτῷ
1446 1886 1670 1981 χάρισαι
1706 1910 1764 1959 ἐν
1783 1886 1860 1977 τῇ

1970 1918 2089 1957 men
2117 1910 2266 1956 tuum
2304 1902 2639 1964 invocamus,
2667 1912 2724 1954 ut
2753 1901 2955 1972 iugiter
2986 1913 3038 1956 et
3068 1902 3135 1957 ab
3176 1904 3434 1959 onmibus
3468 1906 3543 1959 sis

306 2002 604 2074 Ἐκκλησία
633 2019 726 2056 σου
747 2019 761 2032 ⁸
810 2002 875 2055 σὺ
906 2002 1016 2073 γὰρ
1046 1998 1095 2055 εί
1122 2004 1151 2055 6
1186 2000 1318 2064 Θεὸς
1352 2000 1529 2071 ἡμῶν,
1580 1999 1736 2061 ἐκτός
1766 2016 1858 2051 σου

289 2092 450 2145 ἄλλον
486 2094 587 2145 οὐκ
630 2093 872 2163 οἴδαμεν.
906 2092 981 2145 T6
1024 2092 1332 2162 ὄνομά-σου
1383 2090 1745 2161 ὀνομάζομεν,
1773 2090 1860 2142 ἴνα

293 2185 546 2249 πάντοτε,
588 2186 683 2239 καὶ
712 2184 801 2238 διὰ
843 2186 1061 2240 πάντων
1111 2187 1227 2255 εἴης
1262 2183 1627 2253 εὐλογημένος
1673 2184 1701 2233 ὁ
1729 2180 1861 2244 Θεὸς

1970 1994 2284 2050 benedictus
2318 1993 2457 2047 Deus
2488 2002 2694 2055 noster,
2729 2003 2787 2046 et
2840 1994 3153 2060 unigenitus
3187 1992 3359 2049 Filius
3397 2004 3542 2058 tuus,

1966 2097 2023 2142 et
2054 2086 2291 2155 Spiritus
2326 2096 2449 2141 tuus
2490 2096 2757 2141 sanctus:
2800 2102 2947 2141 nunc
3013 2098 3067 2141 et
3102 2101 3342 2156 semper,
3387 2097 3441 2142 et
3491 2091 3542 2142 in

1969 2178 2165 2234 saecula
2200 2183 2542 2233 saeculorum.
3188 2168 3203 2171 “
3484 2172 3531 2195 ’τ-

291 2276 471 2346 ήμῶν,
507 2278 652 2331 καὶὸ
686 2279 982 2349 μονογενής
1015 2294 1109 2330 σου
1136 2276 1287 2340 Υίὸς,
1314 2277 1408 2328 καὶ
1452 2277 1511 2327 τὸ
1577 2273 1801 2342 11νεῦμά
1823 2289 1917 2326 σου
1952 2272 2012 2324 τὸ
2040 2271 2217 2339 ἅγιον,
2287 2268 2380 2323 νῦν
2429 2271 2523 2323 καὶ
2565 2269 2673 2335 ἀεὶ,
2731 2270 2824 2324 καὶ
2870 2274 2950 2334 εἰς
3009 2273 3136 2337 τοὺς
3186 2276 3545 2339 αίῶνας-τῶν

292 2372 521 2426 αἰώνων.

364 2491 517 2543 Μετά
563 2490 729 2554 δὲτὸ,
772 2492 977 2560 Ἀμήν,
1029 2490 1345 2559 σφραγίςων
1395 2490 1557 2541 αὑτὸν
1599 2487 1825 2541 ἀπολύει
1851 2503 1864 2516 ·

292 2583 391 2636 καὶ
412 2582 597 2636 λοιπὸν
624 2584 653 2635 6
680 2582 1088 2652 ἀναθεματίσας
1117 2583 1330 2649 γίνεται
1362 2582 1691 2652 Χριστιανός
1714 2596 1728 2610 ο
1770 2576 1867 2631 εἶτ’

292 2672 387 2728 οὖν
414 2676 684 2743 λογίζεται
716 2675 792 2738 ὡς
824 2675 1149 2745 Χριστιανὸς
1196 2674 1549 2740 ἀϐάπτιστος,
1592 2668 1681 2727 οἷα
1708 2672 1871 2742 τυχόν

293 2770 403 2821 εἱσι
431 2767 540 2820 τῶν
568 2767 909 2838 Χριστιανῶν
939 2768 1004 2819 τὰ
1044 2768 1230 2821 παιδία
1262 2767 1327 2821 τά
1359 2767 1622 2837 μέλλοντα
1676 2764 1869 2835 βαπτί-

294 2860 485 2924 ζεσθαι
510 2878 522 2891 ⁸
556 2864 621 2929 τῇ
649 2861 705 2913 δὲ
736 2859 861 2930 ἑξῆς
885 2861 1069 2931 ἡμέρᾳ
1101 2860 1521 2928 συναριθμεῖται
1562 2861 1674 2920 τοῖς
1731 2873 1864 2909 κατ-

296 2966 431 3020 ηχου
441 2949 623 3019 μένοις
650 2966 663 2979 ο
691 2949 1058 3019 ἀποδυόμενον
1077 2950 1183 3019 γὰρ
1207 2949 1368 3001 αὐτὸν
1388 2946 1482 2999 καὶ
1500 2945 1871 3015 ἀπολυόμενον

294 3042 506 3109 εἰσάγει
535 3045 562 3095 6
594 3043 791 3111 ἱερεὺς,
833 3044 925 3095 καὶ
960 3043 1172 3112 ἵστησιν
1205 3040 1417 3093 ἔνδοθεν
1449 3039 1542 3092 τοῦ
1584 3041 1711 3092 ναοῦ
1766 3054 1869 3089 πυ-

294 3130 406 3182 λῶν
432 3132 571 3184 κατὰ
591 3131 877 3197 ἀνατολὰς,
904 3133 996 3184 καὶ
1025 3131 1278 3200 ἐκφυσῶν
1307 3131 1459 3201 αὐτῷ
1484 3129 1665 3201 τρίτον
1697 3145 1872 3199 σφρα-

295 3221 440 3288 γίζει
473 3223 533 3274 τὸ
570 3223 820 3292 μέτωπον
848 3224 1037 3285 αὐτοῦ,
1068 3225 1245 3277 καὶτὸ
1276 3222 1473 3292 στῆθος
1498 3238 1510 3250 ’
1538 3224 1633 3274 καὶ
1658 3221 1869 3283 ἐπιθεὶς

296 3312 397 3382 τὴν
429 3315 584 3382 χεῖρα
611 3312 777 3365 αὑτοῦ
810 3316 873 3383 τῇ
896 3315 1129 3383 κεςραλῇ,
1157 3314 1307 3381 λέγει
1327 3314 1425 3383 τὴν
1452 3313 1619 3381 εὐχὴν
1641 3312 1866 3381 ταύτην·

382 3446 505 3498 Ἐπὶ
540 3448 616 3517 τῷ
645 3447 869 3500 ὸνὸιιατί
898 3464 1013 3515 σου,
1047 3447 1243 3517 Κύριε.

370 3671 483 3722 Καὶ
504 3670 640 3738 μετά
667 3670 748 3735 τὸ,
789 3670 994 3742 Ἀμὴν,
1024 3670 1342 3741 σφραγίςων
1374 3668 1620 3735 ἀπολύει,
1651 3671 1743 3721 καὶ
1771 3670 1869 3741 τὴν

298 3759 561 3811 ἐπιοῦσαν
609 3758 967 3829 ἐξορκίζεται.
1028 3761 1196 3813 Πάλιν
1254 3760 1364 3829 γὰρ
1394 3759 1582 3813 τοῦτον
1636 3761 1788 3829 ἄγων
1844 3763 1873 3813 6

298 3852 480 3918 ἱερεὺς
512 3852 590 3914 είς
618 3853 709 3905 τὸν
735 3853 863 3905 ναὸν
892 3854 1116 3923 ἐμφυσᾴ
1148 3853 1329 3923 τρίτον
1356 3854 1437 3915 είς
1469 3852 1531 3905 τὺ
1556 3854 1865 3922 πρόσωπον,

299 3942 396 3994 καὶ
426 3942 493 3993 τὰ
522 3936 636 3995 ὦτα
700 3942 887 4006 αὑτοῦ,
944 3945 1036 3996 καὶ
1083 3944 1350 4013 ἐπιλέγων
1386 3944 1496 3997 τῶν
1525 3945 1867 4016 ἐξορκισμῶν

299 4035 399 4095 τὰς
427 4033 615 4101 εὐχὰς,
669 4034 825 4096 αὖθις
857 4035 1147 4105 σφραγίζει
1184 4037 1279 4088 καὶ
1308 4034 1566 4089 ἀπολύει·
1602 4036 1694 4088 καὶ
1725 4034 1867 4088 οὕτω

298 4124 464 4177 πάλιν
488 4125 917 4195 κατηχούμενος,
948 4123 1047 4179 εἶτ’
1082 4123 1177 4181 οὖν
1204 4127 1589 4197 διδασκόμενος
1635 4128 1870 4197 χρονίζει

294 4216 379 4276 είς
409 4214 505 4285 τὴν
532 4216 851 4287 ἐκκλησίαν,
887 4219 979 4270 καὶ
1008 4220 1278 4288 ἀκροᾶται
1309 4218 1416 4271 τῶν
1446 4219 1699 4290 Γραφῶν.
1737 4215 1870 4271 Εἶτα

296 4305 639 4375 τελουμένων
664 4307 884 4359 πάντων
908 4308 1018 4360 τῶν
1051 4308 1143 4360 ἐπὶ
1172 4306 1251 4378 τῷ
1294 4307 1632 4379 βαπτίσματι
1665 4325 1871 4379 νενομι-

300 4398 519 4469 σμένων
544 4440 559 4465 ,
590 4397 834 4464 ἀξιοῦται
865 4400 963 4469 τῆς
987 4400 1135 4464 θείας
1168 4402 1495 4477 γεννήσεως.

2045 2486 2107 2539 Et
2149 2500 2429 2553 responso,
2459 2485 2645 2551 Amm,
2678 2486 2951 2555 signatum
2997 2487 3220 2542 dimittit
3263 2490 3537 2545 sacerdos.

1974 2577 2091 2631 Mox
2122 2578 2233 2647 ipse
2257 2579 2544 2633 hmreticus
2588 2580 3055 2635 anatliematizans
3082 2580 3141 2633 lit
3168 2579 3537 2645 Christianus,

1973 2670 2023 2721 id
2056 2679 2161 2733 est,
2196 2680 2479 2739 reputatur
2512 2681 2569 2725 ut
2611 2669 2955 2725 ChriSIianus
3001 2672 3239 2725 nondum
3304 2672 3542 2741 baptiza-

1973 2773 2057 2815 tus
2089 2780 2101 2817 :
2134 2764 2323 2831 quales
2370 2763 2543 2817 solent
2580 2762 3015 2818 Christianorum
3062 2764 3213 2833 pueri
3240 2764 3415 2819 adlme
3445 2766 3543 2819 ba-

1972 2856 2226 2924 ptizandi.
2274 2855 2533 2925 Sequenti
2572 2866 2751 2912 autem
2801 2858 2888 2911 die
2917 2857 3327 2912 catechumenis
3372 2871 3547 2910 annu-

1975 2957 2233 3001 meratur.
2266 2948 2495 3002 Exutum
2520 2949 2665 3003 enim
2701 2949 2869 3011 illum,
2903 2958 2957 3002 et
3017 2949 3241 3016 pedibus
3286 2952 3544 3003 nudatum
3596 2940 3599 2941 ν

1975 3040 2202 3106 inducit,
2235 3049 2289 3093 et
2329 3041 2466 3093 intra
2493 3040 2677 3107 templi
2725 3040 2870 3093 fores
2905 3043 2971 3093 ad
3017 3042 3296 3095 Orientem
3358 3044 3548 3095 statuit

1972 3130 2226 3182 sacerdos
2255 3145 2268 3192 ;
2302 3138 2357 3184 et
2387 3139 2470 3183 ter
2496 3129 2547 3182 in
2575 3129 2769 3183 faciem
2798 3139 2850 3182 et
2880 3139 3066 3197 pectus
3088 3129 3205 3194 ejus
3231 3129 3545 3193 exattmans,

1976 3218 2366 3289 imponeusqne
2410 3218 2528 3285 ejus
2596 3220 2760 3288 capiti
2810 3234 3052 3283 manum,
3092 3220 3227 3272 dicit
3257 3220 3395 3273 hanc
3422 3236 3547 3273 ora-

1976 3322 2199 3363 ιιοιιειηε

2041 3445 2097 3498 Ιιι
2132 3455 2223 3500 tuo
2273 3446 2513 3511 nomine,
2559 3445 2801 3508 Domine,
2848 3455 2953 3500 etc.
2986 3445 3333 3514 (Ilalieturiu
3360 3446 3548 3503 Ollicin

1974 3537 2039 3589 de
2060 3536 2370 3606 baptismo.)

2050 3672 2114 3725 Et
2144 3687 2423 3741 responso,
2454 3684 2638 3735 Amen,
2683 3675 2952 3744 signatum
2993 3691 3153 3731 cruce
3180 3678 3405 3733 dimittit
3434 3698 3447 3733 :
3492 3689 3547 3734 et

1978 3766 2224 3832 sequenti
2254 3764 2340 3818 die
2365 3766 2699 3821 exorcismos
2724 3768 3054 3837 aggreditur.
3084 3768 3285 3823 lterum
3311 3786 3548 3837 namque

1978 3854 2032 3905 in
2068 3854 2323 3921 templum
2364 3854 2511 3907 illum
2556 3859 2809 3910 sacerdos
2848 3858 3073 3924 inducit,
3106 3870 3161 3913 et
3192 3860 3245 3913 in
3274 3859 3548 3920 laciemet

1976 3944 2028 3996 in
2059 3959 2219 4000 aures
2248 3946 2366 4015 ejus
2396 3946 2643 4002 exsufﬂet
2671 3950 3247 4019 :exorcismorumqne
3268 3953 3548 4012 orationes

1976 4035 2268 4106 subjungit,
2293 4054 2589 4109 rursusque
2620 4057 2781 4095 cruce
2808 4043 3076 4110 signatum
3100 4045 3345 4099 dimittit.
3369 4045 3547 4114 Atqnc

1975 4130 2045 4181 ita
2087 4128 2344 4200 deinceps
2382 4142 2440 4185 ut
2490 4135 2917 4188 cateelmntenus
2970 4150 3065 4188 seu
3118 4136 3441 4200 instructus,
3492 4138 3544 4190 in

1975 4220 2205 4275 ecclesia
2243 4224 2518 4290 morandi,
2559 4233 2612 4277 et
2658 4224 2970 4292 scripturas
3000 4227 3257 4280 audiendi
3290 4227 3379 4295 jus
3406 4229 3546 4281 obti-
3578 4236 3593 4297 γ’

1977 4324 2086 4365 net.
2152 4312 2350 4367 Deinde
2402 4314 2657 4383 perlectis
2707 4316 2959 4372 omnibus
3009 4318 3154 4373 circa
3218 4302 3579 4388 baptismum»

1973 4405 2240 4460 ordinatis
2267 4448 2283 4472 ,
2317 4406 2494 4460 divina
2526 4410 2933 4478 regeneratione
2962 4411 3156 4479 (lignus
3188 4411 3438 4470 habetur.
