4200 6430
201 392 204 396 ’
237 384 367 449 1333
1603 377 2054 438 ORATIONES-
3336 354 3471 418 133-1

244 519 3466 553 Μ

1678 696 2001 756 NOTITIA
2018 742 2030 754 .

1443 887 1696 949 (LIQUIBN,
1726 885 1812 935 Or.
1835 883 2014 936 Christ.
2042 884 2100 932 t.l
2127 897 2173 944 p.
2203 882 2337 940 593.)

300 1083 516 1152 Synodo
550 1083 1179 1155 Constantinopolitanm,
1205 1098 1325 1153 quae
1354 1092 1475 1151 post
1497 1080 1670 1134 sancti
1706 1079 1891 1148 lgnatii
1926 1078 2132 1129 obitum
2161 1075 2230 1128 ob
2265 1074 2515 1128 Photium
2539 1074 2846 1126 restitutum
2873 1081 3062 1127 coacta
3088 1080 3171 1125 est
3200 1111 3214 1134 ,
3251 1070 3472 1127 aﬂulsse

227 1180 283 1223 et
322 1171 714 1240 subscripsisse
761 1173 954 1243 legitur
994 1172 1260 1241 Georgius
1307 1170 1665 1233 Nicomediae,
1697 1167 1885 1236 Γεωργ

1807 1165 1972 1236 »ργίου
2011 1162 2382 1233 Νικομηδείας
2405 1203 2419 1226 ,
2456 1159 2731 1231 Γεὼργιος
2771 1158 3165 1231 Νικομηδείας.
3202 1157 3295 1213 Sic
3337 1175 3466 1228 pro-

229 1257 372 1312 lecto
404 1259 711 1326 legendum,
748 1277 852 1314 non
885 1270 943 1314 ut
986 1261 1293 1315 llarduiuus
1321 1260 1372 1311 in
1404 1259 1641 1312 editione
1673 1253 2026 1308 Conciliorum
2057 1249 2379 1320 Γρηγορίου,
2425 1247 2698 1319 Gregorio.
2734 1246 2930 1302 Photio
2968 1247 3222 1300 nimirum
3275 1247 3468 1300 arctis-

227 1346 366 1399 sima
398 1347 722 1416 eonjunctus
756 1349 1156 1403 necessitudine
1183 1357 1301 1401 erat
1340 1345 1590 1414 Georgius
1629 1339 2068 1399 Nicomedienaia,
2097 1353 2254 1405 quem
2289 1338 2462 1405 prima
2509 1337 2655 1403 vice,
2694 1349 2798 1405 qua
2833 1333 3454 1417 Constantinopolitanae

225 1437 375 1490 sedis
399 1450 620 1503 compos
658 1432 788 1501 fuit,
827 1428 895 1489 es
927 1450 1130 1505 magna:
1155 1435 1400 1488 ecclesia
1438 1430 1891 1499 Chartophylace,
1926 1425 2190 1495 Bithyniae
2234 1423 2512 1492 metropoli
2551 1425 2900 1492 imposuerat.
2944 1421 2998 1475 ld
3046 1423 3190 1490 quod
3234 1421 3458 1478 Photins

229 1522 344 1588 ipse
373 1530 603 1576 testatur
636 1522 798 1591 epist.
827 1521 918 1585 24,
959 1536 1123 1590 quam
1158 1523 1222 1574 ad
1254 1524 1424 1589 ipsum
1462 1518 1680 1586 scripsit
1726 1517 1888 1583 Γεωρ⁴

1810 1515 1986 1584 υργίῳ
2021 1513 2407 1583 μητροπολιτῃ·
2436 1509 2802 1581 Νικομηδείας
2824 1548 2840 1573 ,
2867 1507 3090 1577 Georgio
3140 1508 3469 1562 Nicomedia:

228 1610 595 1675 metropolitar.
621 1609 769 1664 Alias
790 1624 1005 1678 quoque
1032 1607 1106 1662 illi
1144 1607 1403 1676 epistolas
1433 1605 1601 1666 dedit,
1621 1618 1739 1673 quae
1756 1611 1976 1656 exstant
2006 1602 2164 1655 hodie
2191 1619 2204 1653 :
2241 1617 2306 1655 ac
2331 1600 2510 1654 missis
2542 1600 2685 1662 aliis,
2713 1598 2876 1667 epist.
2907 1597 3029 1660 126,
3066 1612 3188 1666 quae
3219 1596 3456 1652 Busche-

230 1698 376 1751 moni
421 1696 682 1751 Ca'sareze
716 1707 769 1752 et
812 1698 986 1751 eidem
1037 1694 1257 1766 Georgio
1313 1693 1637 1748 Nicomedite
1677 1690 2011 1755 inscribitur,
2063 1689 2225 1743 veluti
2285 1701 2345 1742 se
2398 1686 2693 1756 Byzantina
2739 1686 2868 1739 sede
2907 1685 3162 1754 ejectum,
3212 1685 3286 1738 ita
3346 1685 3473 1740 illos.

226 1801 468 1854 quoque,
509 1795 568 1839 ut
611 1801 706 1855 par
749 1797 866 1838 erat
892 1827 906 1849 ,
944 1786 1147 1855 lgnatio
1204 1787 1456 1839 thronum
1503 1798 1659 1838 suum
1717 1778 2007 1846 recipiente
2049 1777 2256 1847 cjectos
2281 1776 2572 1845 signiticat.
2611 1773 2829 1828 Illorum
2875 1774 3236 1827 constantiam
3272 1774 3460 1828 laudat

227 1890 388 1950 atque
421 1882 669 1937 ﬁduciam
723 1885 774 1937 in
809 1884 972 1938 Deum
1034 1883 1293 1939 adversus
1336 1883 1598 1936 malorum
1643 1878 2006 1949 ingruentium
2055 1885 2429 1944 tetnpestatem
2456 1916 2471 1940 ,
2519 1890 2680 1943 quant
2722 1874 3029 1946 tyrannidis
3097 1870 3462 1926 intensionem

225 1990 424 2030 vocare
457 1991 562 2030 non
595 1977 801 2031 dubitat
833 1977 1155 2032 vaferrimus
1193 1978 1493 2043 simulator,
1541 1976 1658 2044 ipse
1711 1988 1879 2042 nuper
1911 1971 2222 2041 Byzantina:
2272 1969 2530 2024 Ecclesia:
2563 1980 2824 2039 tyrannus
2849 2013 2861 2034 ,
2915 1969 3011 2023 τὸν
3043 1964 3292 2037 χειμῶνα
3348 1962 3460 2016 τῶν

225 2064 412 2118 κακῶν
465 2066 559 2120 καὶ
588 2067 685 2135 τῆς
704 2067 1018 2136 τυραννίδος
1047 2067 1441 2136 ἐκτεινόμενον.
1476 2064 1884 2120 Nicomediense

1800 2077 1940 2118 nsem
1971 2063 2150 2130 itaque
2177 2061 2358 2115 sedem
2393 2058 2666 2129 Georgius
2689 2060 2896 2129 lgnatio
2929 2054 3459 2124 defuncto’repetiit.

227 2150 397 2220 llujus
444 2154 627 2220 utique
674 2165 801 2207 sunt
855 2154 1097 2209 Humilia:
1143 2154 1356 2224 Georgii
1391 2151 1732 2213 Nicomediae,
1788 2165 1924 2218 quas
1966 2147 2322 2202 Combelisius
2352 2146 2540 2201 Graece
2593 2145 2892 2215 Latineque
2935 2145 3209 2214 evulgavit
3246 2152 3373 2196 tom.
3435 2140 3454 2194 l

223 2238 380 2293 Auct.
419 2237 557 2292 Bibl.
593 2237 712 2294 PP.
759 2239 953 2301 Gram,
991 2257 1093 2294 non
1125 2243 1413 2296 anterioris
1460 2241 1550 2309 qui
1587 2249 1827 2308 tempore
1860 2235 2089 2290 Heraclii
2123 2235 2251 2304 imp.
2282 2244 2338 2290 et
2392 2234 2608 2305 Georgii
2660 2233 2852 2288 Pisidae
2902 2234 3163 2288 claruerit
3189 2272 3202 2293 .
3247 2240 3303 2284 ut
3351 2230 3475 2284 viro-

224 2325 543 2382 doctissimo
588 2328 759 2382 visum
797 2339 900 2386 est.
937 2329 1070 2384 Vlde
1103 2330 1267 2384 Leon.
1307 2328 1471 2383 Allat.
1517 2327 1761 2382 Diatriba
1798 2326 1862 2378 de
1895 2322 2130 2392 Georgiia
2157 2360 2172 2385 ,
2222 2338 2345 2391 pag.
2389 2321 2514 2376 515.
2560 2320 2824 2388 Georgius
2877 2319 3205 2375 Nicomedia:
3256 2327 3469 2373 metro-

225 2416 391 2484 polita
435 2419 572 2487 apud
605 2420 973 2475 doctissimum
996 2421 1241 2477 abbatem
1276 2422 1551 2477 Nicolaum
1604 2417 1932 2486 Papadopoli
1988 2413 2224 2466 Prmnot.
2277 2422 2503 2480 mystag.
2550 2427 2690 2480 resp.
2745 2410 2800 2475 6,
2851 2421 2984 2464 sect.
3047 2410 3097 2462 7.
3160 2407 3233 2462 De
3275 2408 3468 2474 proba-

225 2504 708 2572 tionibuateatium,
735 2524 788 2560 η.
823 2507 876 2570 5,
910 2525 937 2561 a
969 2507 1220 2564 Μαιώωο
1242 2511 1506 2565 monacho
1537 2510 1737 2564 citatus
1767 2507 1934 2560 fertur
1956 2502 2049 2557 lib.
2078 2501 2151 2554 De
2184 2501 2558 2554 traditionibus
2589 2499 2955 2553 ecclesiasticis
2985 2499 3066 2551 tit.
3099 2495 3174 2550 De
3195 2494 3464 2562 judicibua

225 2604 423 2643 σαι-ηε.

625 3106 1197 3203 ΓΕΩΡΓΙΟΥ,
1272 3106 2167 3195 ΜΗΤΡΟΠΟΛΙΤΟΥ
2239 3104 3050 3200 ΝΙΚΟΜΗΔΕΙΑΣ,

1504 3381 2187 3516 ΛΟΓΟΙ.

533 3826 1076 3952 GEORGII,
1149 3826 2050 3920 METROPOLI'HE
2129 3829 3076 3923 NICOMEDIENSIS
3108 3893 3138 3937 ,

1365 4130 2304 4260 ORATIONES.

1534 4608 2148 4700 MONITUM.

290 4849 438 4915 Quod
466 4848 593 4903 olim
628 4849 1016 4918 parturiebam,
1055 4858 1112 4901 ut
1147 4847 1330 4903 Maria:
1357 4849 1535 4903 sacris
1560 4862 1658 4917 pro
1691 4848 1954 4904 concione
1979 4848 2371 4917 laudatoribus,
2409 4851 2643 4920 amplam
2685 4853 2738 4907 in
2770 4852 3008 4925 Georgio
3044 4845 3443 4914 Nieomediensi

205 4936 464 4992 oﬂ'errem
494 4937 614 5007 ejus
643 4938 920 4992 laudanda:
947 4947 1202 5006 segetem,
1245 4937 1402 4990 modo
1432 4938 1674 5002 tandem,
1712 4937 1824 4991 Deo
1853 4938 1994 4990 votis
2026 4946 2324 5002 annuente,
2363 4939 2626 5007 produco.
2681 4939 3108 4997 Prreclarissima
3137 4941 3308 4998 etiam
3361 4947 3455 5000 de-

208 5025 482 5079 votissimi
516 5024 699 5079 Maria:
732 5025 1027 5079 laudatoris
1057 5027 1108 5076 in
1142 5023 1407 5088 eamdem,
1439 5025 1666 5094 ejusque
1699 5026 1998 5100 prasertim
2039 5026 2282 5091 exordia,
2337 5041 2401 5080 ac
2453 5025 2759 5091 infantiam,
2802 5041 3192 5100 monumenta;
3233 5041 3292 5086 ut
3331 5034 3442 5087 nibi

205 5117 319 5169 hoc
338 5126 658 5184 argumento
691 5115 1007 5183 praeclarius
1050 5114 1217 5176 forte,
1247 5123 1338 5167 aut
1367 5114 1597 5168 ediderit
1627 5123 1838 5170 vetusta
1870 5123 2024 5180 aetas,
2078 5125 2174 5170 aut
2209 5131 2370 5180 nova,
2398 5127 2692 5186 nostraque
2748 5119 2966 5175 viderit.
3017 5119 3161 5191 Scio,
3191 5140 3312 5179 cum
3341 5123 3463 5182 aliis

207 5201 333 5256 fore
363 5202 707 5257 admirationi
748 5202 875 5270 styli
906 5204 1136 5255 nitorem
1170 5215 1236 5256 ac
1269 5200 1590 5255 elocutionis
1613 5201 1873 5272 gratiam,
1917 5205 1959 5257 si
1988 5204 2148 5258 modo
2174 5205 2372 5274 ipsum,
2404 5206 2595 5273 lector,
2622 5206 2915 5276 Georgium
2941 5210 3081 5279 apud
3114 5211 3314 5281 ipsum,
3339 5214 3463 5271 tibi-

205 5303 324 5358 que
354 5306 454 5361 per
485 5304 545 5345 se
573 5291 905 5362 loquentem,
939 5292 1090 5344 adire
1123 5291 1317 5359 possis.
1350 5288 1495 5344 Nihil
1529 5293 1675 5345 enim
1709 5307 1884 5347 meam
1918 5306 2101 5347 moror
2129 5293 2457 5358 versionem,
2486 5308 2647 5365 quam
2679 5297 2780 5352 etsi
2835 5313 2942 5353 non
2987 5301 3179 5354 malam
3227 5306 3450 5358 omnino

207 5384 400 5439 facere
439 5381 647 5448 studui,
685 5383 827 5437 haud
860 5391 1037 5436 tamen
1075 5382 1314 5451 polliceri
1350 5384 1549 5453 possim
1577 5384 1879 5439 absolutam
1906 5385 2159 5440 omnibus
2206 5385 2468 5449 numeris,
2505 5396 2560 5441 et
2607 5396 2668 5441 ut
2718 5389 2892 5460 ipsum
2954 5374 3016 5445 in~
3058 5406 3120 5446 ea
3169 5390 3462 5464 Georgium

205 5475 525 5531 desiderare
557 5489 663 5528 non
693 5476 886 5542 possis.
917 5473 1192 5542 Epocham
1221 5476 1334 5545 ipse
1363 5474 1579 5546 Georgii
1611 5477 1902 5546 plurimum
1954 5477 2249 5544 desidero;
2284 5479 2500 5534 tametsi
2538 5479 2604 5534 ad
2647 5479 2880 5536 Heraclii
2928 5491 3169 5553 tempora
3220 5486 3460 5543 refereno

205 5562 339 5616 dam
372 5563 623 5627 suadent,
657 5577 776 5629 qua:
808 5562 881 5615 illi
914 5577 977 5617 ac
997 5561 1232 5633 Georgio
1262 5562 1456 5618 Pisidne
1483 5566 1534 5616 in
1571 5564 1690 5620 aliis
1737 5564 1969 5633 aliisque
2021 5565 2299 5620 codicibus
2343 5566 2533 5621 eadem
2589 5568 2850 5638 inscripta
2903 5579 3158 5638 exstent;
3197 5583 3451 5641 tanquam

210 5663 357 5704 unus
386 5649 634 5719 idemque
697 5659 885 5703 auctor
917 5661 1135 5705 exstat:
1162 5665 1322 5720 quam
1370 5649 1737 5705 difﬁcultatem
1780 5667 1880 5706 suo
1909 5654 1992 5706 vir
2037 5653 2388 5710 doctissimus
2441 5653 2549 5711 Leo
2592 5656 2820 5712 Allatius
2872 5672 3024 5713 more
3056 5658 3371 5726 illustrabit,
3402 5672 3463 5715 ut

203 5737 534 5807 quandoque
566 5753 718 5792 suam
745 5737 809 5790 de
839 5737 1094 5807 Georgiis
1135 5739 1564 5794 lueubrationem
1585 5738 1724 5808 juris
1760 5740 1956 5808 publici
2005 5739 2187 5795 faciat.
