4200 6430
256 391 380 460 1341

255 598 499 669 ριουσίας
529 597 879 661 ἀνατιθέντες
903 598 1042 667 Θεῷ,
1074 600 1485 666 ὑπερετέθησαν
1528 598 1630 649 τῶν
1675 616 1813 668 καρ-

248 687 673 757 ποέορησάντων
741 688 997 740 ἁπάντων
1087 691 1152 757 τῇ
1240 687 1636 757 μεγαλοψυχίᾳ,
1704 688 1813 739 τῶν

248 781 695 850 προσαγομένων.
734 779 1073 847 Προσὲφερε
1102 778 1229 849 γὰρ,
1284 784 1472 848 φησιν,
1547 780 1814 847 ’[ωακε)ιι

246 870 433 928 διπλᾶ
454 870 523 923 τὰ
543 869 702 939 δῶρα
731 870 940 935 αὑτοῦ,
977 870 1202 936 λέγων·
1241 872 1431 921 Ἔστω
1455 868 1531 929 ,τὸ
1560 870 1673 936 τῆς
1708 885 1813 921 πε-

240 964 519 1031 ριουσίας
538 981 654 1031 μου
676 962 859 1015 παντί
878 960 954 1024 τῷ
979 962 1127 1026 λαῷ,
1149 964 1247 1015 καὶ
1288 964 1350 1015 τὸ
1389 961 1501 1029 τῆς
1538 963 1813 1030 ἀφέσεως

239 1075 361 1127 μου
379 1057 571 1123 Κυρίῳ
587 1056 665 1119 τῷ
714 1053 853 1118 Θεῷ.
895 1055 958 1105 Ὢ
992 1054 1099 1106 τῶν
1151 1055 1564 1122 εὐπροσδέκτων
1608 1054 1814 1105 τούτων

246 1150 476 1221 δώρωνί
513 1147 557 1201 ὣ
591 1148 971 1217 καρποφορίας
1010 1149 1068 1198 ἐν
1120 1146 1413 1216 ἀσυλήτοις
1451 1146 1814 1215 ἀποτεθείσης

248 1236 577 1307 θησαυροῖςί
608 1235 653 1288 ὣ
691 1235 921 1287 πλούτου
981 1235 1078 1302 τὴν
1130 1237 1401 1289 ἀκένωτον
1442 1237 1550 1289 τῶν
1593 1237 1814 1302 ἀγαθῶν

246 1328 675 1399 θησαυρίσαντος
716 1327 977 1395 ἀφθονίαν
1008 1329 1019 1380 l
1057 1327 1103 1378 ὦ
1143 1329 1517 1399 προαιρέσεως
1547 1332 1610 1397 τῇ
1662 1329 1815 1396 δαψι-

247 1420 365 1485 λείᾳ
421 1418 525 1469 τῶν
562 1417 1043 1487 καλλιερουμένων
1099 1419 1525 1488 θαυμαζομένης
1555 1420 1830 1490 1“Ωσπερ,

248 1509 534 1579 (manest?)
568 1510 635 1561 τὰ
681 1513 823 1563 κατά
882 1514 1121 1579 θεσμοὺς
1164 1510 1511 1582 διοριζόμενα
1542 1511 1815 1581 προσάγε-

249 1600 374 1653 σθαι
403 1600 631 1666 δίκαιον,
663 1600 806 1653 οὕτω
840 1601 936 1653 καὶ
960 1602 1018 1653 τὸ
1047 1602 1147 1669 τῆς
1178 1601 1499 1671 περιουσίας
1529 1603 1679 1656 ἅπαν
1733 1602 1812 1670 τῷ

247 1687 362 1757 λαῴ
392 1690 486 1741 καὶ
519 1692 631 1750 τοῖς
662 1689 859 1742 ἐνδεέσι
920 1691 1273 1761 προτίθεσθαι
1328 1692 1499 1758 ἄξιον.
1538 1691 1658 1761 Θεῷ
1707 1693 1812 1763 γὰρ

250 1781 344 1833 καὶ
379 1780 548 1833 ταῦτα
576 1780 664 1833 διὰ
697 1780 801 1833 τῶν
828 1782 1132 1852 δεχομένων
1167 1784 1556 1854 προσάγονται·
1582 1785 1676 1835 καὶ
1706 1783 1809 1846 τίς,

244 1865 513 1936 ὧδίκαιε,
557 1873 741 1943 νόμος,
786 1876 813 1926 ὁ
848 1874 945 1942 τὴν
995 1876 1052 1927 ἐν
1101 1874 1273 1945 διπλῷ
1325 1874 1433 1927 τῶν
1489 1873 1675 1947 δώρων
1721 1874 1814 1927 καὶ

246 1967 645 2035 ἀφαιρεμάτων
675 1966 1042 2038 προσαγωγὴν
1076 1968 1617 2039 παρακελευόμενος;
1663 1969 1814 2028 ποῖος

243 2059 305 2110 δὲ
342 2058 539 2126 θεσμὸς
592 2059 655 2110 τὸ
689 2059 788 2128 τῆς
815 2061 1136 2129 περιουσίας
1174 2060 1320 2113 ἆπαν
1364 2059 1715 2130 διανέμεσθαι
1737 2060 1814 2127 τῷ

245 2148 363 2218 λαῷ
409 2151 771 2219 προστάττει;
818 2151 999 2219 Νόμος
1059 2150 1178 2220 μὲν,
1214 2152 1399 2219 φησὶν,
1457 2149 1653 2214 οὐδεῖς,
1695 2149 1814 2202 οὐδὲ

246 2242 452 2311 θεσμός
505 2260 589 2304 τις
634 2243 662 2294 ὁ
717 2242 890 2296 ταῦτα
936 2245 1370 2311 καταναγκάζων
1422 2246 1633 2295 ποιεῖν·
1681 2241 1811 2309 παρ’

246 2331 429 2401 ἑαυτῴ
461 2331 517 2385 δὲ
571 2333 633 2385 τὸ
672 2333 836 2385 καλὸν
883 2335 1250 2403 ὲφευρὼν,ὡς
1308 2334 1524 2403 αἱρετὸν
1567 2333 1625 2387 ὃν
1672 2331 1810 2401 Θεῷ,

242 2423 578 2495 ἀποπληρῶ·
626 2425 823 2489 Αὑτοῦ,
879 2428 1064 2494 φησιν,
1099 2427 1127 2478 ὁ
1160 2427 1532 2498 δεδωρημένος
1563 2426 1809 2491 πλοῦτος,

242 2515 403 2585 αὐτῷ
430 2518 524 2568 καὶ
554 2517 915 2570 ἁντιδίδοσθαι
951 2518 1182 2573 δίκαιον.
1229 2521 1340 2588 Τῆς
1383 2518 1543 2572 αὑτοῦ
1594 2536 1813 2589 προμη-

242 2607 402 2669 θείας
450 2608 757 2678 εὺεργεσίαι
805 2608 1191 2677 τυγχάνουσαι,
1251 2607 1812 2678 ἀντευεργετείτωσαν

240 2699 376 2760 τοὺς
398 2698 721 2767 ὁμοφύλους.
756 2700 1047 2769 Περιουσία
1077 2702 1141 2752 τὰ
1171 2700 1453 2766 δεδομένα,
1477 2703 1556 2762 εἰς
1594 2700 1814 2768 περιού-

245 2806 368 2842 σιον
386 2790 674 2858 διαχείσθω
722 2790 870 2844 λαόν.
898 2791 1069 2860 Χάρις
1101 2790 1228 2842 ὄντα
1280 2789 1470 2856 ταῦτα,
1500 2791 1600 2842 οὐκ
1638 2790 1811 2860 ἔργων

240 2881 495 2950 ἀμοιϐαὶ,
542 2884 653 2944 τοῖς
701 2882 989 2952 πράγμασι
1041 2882 1102 2934 τὸ
1148 2882 1319 2951 ὄνομα
1357 2881 1686 2950 βεϐαιούτω·
1715 2880 1813 2950 τὴν

240 2973 343 3025 τοῦ
392 2973 758 3044 χαρισαμένου
817 2974 1132 3042 κηρυττέτω
1176 2972 1605 3041 φιλανθρωπίαν.
1645 2972 1814 3041 Μερι-

238 3064 530 3127 ζέσθωσαν
558 3065 639 3126 είς
673 3064 923 3126 πλείονας
973 3066 1030 3116 al
1087 3063 1180 3116 τοῦ
1232 3063 1463 3116 πλούτου
1509 3063 1808 3132 φροντίδες,

1235 397 1315 453 IN
1357 395 1933 457 CONCEPTIONEM
1973 400 2077 459 SS.
2120 402 2486 467 DEIPAR/E.

251 504 453 560 τούτων
494 504 936 575 ὑπερϐαίνοντες,
971 505 1171 572 μᾶλλον
1220 505 1275 557 δὲ
1326 506 1385 558 το
1438 509 1547 559 πᾶν
1583 509 1680 575 τῆς
1722 524 1812 557 πε-
1844 511 1888 566 Α

1438 509 1547 559 πᾶν
1583 509 1680 575 τῆς
1722 524 1812 557 πε-
1844 511 1888 566 Α
1917 506 2170 561 definitur
2211 549 2224 572 ,
2276 511 2370 564 Sed
2426 521 2481 564 et
2539 511 2731 564 horum
2790 509 3051 581 pleraque

3356 400 3490 464 1342

3142 525 3335 579 supera
3346 520 3483 565 rent.

1920 599 2173 664 Quinimo
2221 601 2486 671 quidquid
2524 603 2835 656 divitiarum
2873 603 3088 658 abunde
3128 612 3267 667 erat,
3298 616 3485 656 conso-

1920 702 2138 744 orantes
2181 692 2312 755 Dco,
2347 694 2619 746 universis
2642 692 2995 747 nﬂ‘ereutibus
3022 708 3271 758 munera,
3312 693 3475 747 douo-

1922 799 2037 835 rum
2071 785 2472 851 magniﬁcentia
2502 788 2815 854 superiores
2847 796 3165 839 evaserunt.
3215 785 3481 855 Olferebat

1918 876 2080 937 cnim,
2118 876 2309 941 inquit,
2330 875 2574 928 Joacln'm
2618 895 2837 931 munera
2856 894 2952 930 sua
2974 877 3234 946 duplicia,
3267 878 3480 931 dicens:

1917 969 2174 1038 δίωμαι
2204 979 2279 1023 est
2311 970 2648 1022 abundantia:
2694 972 2932 1023 mewtoti
2959 969 3193 1037 populo;
3235 980 3284 1022 et
3337 969 3478 1038 quod

1917 1063 2254 1123 remissionis",
2285 1061 2506 1113 Domino
2529 1060 2659 1115 Deo.
2692 1060 2735 1115 Ο
2758 1073 2976 1129 accepta
3005 1062 3117 1114 haec
3148 1074 3369 1112 munera
3394 1060 3409 1111 !
3439 1058 3484 1113 Ο

1917 1156 2273 1222 primitiarum
2313 1154 2513 1206 oblatio
2548 1154 2599 1204 in
2652 1150 3054 1204 inviolabilibus
3101 1150 3369 1204 thesauris
3398 1164 3484 1201 rc-

1917 1244 2439 1313 positaEOdivitias,
2487 1244 2862 1297 inexhaustam
2910 1243 3172 1294 bonorum
3207 1240 3479 1294 thesauri—

1916 1346 2098 1391 zautes
2131 1337 2543 1388 abundantiam!
2576 1333 2620 1387 0
2651 1335 2923 1394 voluntas,
2968 1334 3278 1387 oblaturum
3315 1331 3482 1400 largi-

1917 1440 2022 1484 tate
2075 1430 2419 1482 admirationi
2469 1428 2691 1480 habita!
2739 1426 3231 1491 Quemadmodum,
3284 1424 3481 1491 inquit,

1920 1524 2127 1591 justum
2169 1532 2277 1584 est,
2306 1531 2361 1572 ut
2385 1529 2588 1573 statuta
2630 1518 2870 1588 legitima
2897 1516 3009 1570 Deo
3042 1516 3344 1571 oll‘erantur
3364 1553 3381 1579 ,
3407 1514 3479 1567 ita

1917 1629 2047 1668 sane
2081 1629 2292 1681 {equum
2330 1612 2420 1676 sit,
2477 1621 2534 1662 ut
2584 1609 2841 1679 quidquid
2896 1608 3203 1662 divitiarum
3273 1606 3482 1659 abunde

1915 1714 2019 1765 est,
2058 1702 2255 1772 popqu
2315 1714 2377 1753 ac
2419 1698 2603 1768 egenis
2641 1698 2926 1752 fruendum
2978 1698 3305 1765 praebeatur.
3346 1694 3477 1747 Nam

1919 1799 2032 1849 lucc
2066 1808 2300 1863 quoque,
2327 1808 2420 1861 per
2452 1808 2546 1845 eos
2565 1791 2654 1859 qui
2684 1792 2978 1859 accipiunt,
3020 1789 3126 1842 Deo
3156 1786 3476 1841 offeruntur.

1917 1888 2171 1953 Outenam
2206 1886 2348 1939 enim
2377 1898 2505 1937 vero
2535 1884 2641 1947 lex,
2676 1896 2709 1935 o
2757 1883 2839 1934 vir
2886 1881 3051 1948 juste,
3106 1881 3176 1933 ita
3216 1879 3389 1946 jubet,
3422 1888 3479 1930 ut

1922 1981 2061 2034 dona
2121 1990 2284 2048 atque
2339 1977 2610 2046 primitias
2659 1976 2893 2043 duplicia
2948 1973 3188 2028 olle-ras?
3232 1972 3478 2040 Quonam

1912 2075 2034 2142 jure
2059 2080 2384 2140 prmceptum
2399 2069 2583 2132 habes,
2605 2078 2662 2121 ut
2683 2068 2907 2135 quiquid
2926 2066 3235 2120 divitiarum
3270 2064 3482 2117 abunde

1914 2172 2018 2228 est,
2050 2163 2101 2216 in
2147 2161 2401 2232 populum
2458 2159 2794 2214 distribuas?
2842 2158 3128 2227 Equidem,
3174 2157 3287 2222 ait,
3337 2156 3478 2209 tudla

1917 2255 1999 2308 lex
2037 2265 2138 2319 est,
2172 2268 2269 2307 nec
2300 2251 2388 2319 jus
2415 2252 2601 2315 ullum,
2652 2262 2709 2305 ut
2759 2250 2824 2303 ad
2861 2250 2975 2303 hsce
3010 2264 3169 2318 cogar
3201 2266 3214 2300 :
3254 2258 3308 2299 at
3347 2263 3472 2300 cum

1918 2348 2031 2413 ipse
2090 2363 2118 2398 a
2185 2344 2507 2412 memetipso
2569 2342 2767 2395 bonum
2830 2340 3153 2401 invenerim,
3223 2345 3477 2405 tanquam

1919 2440 2027 2493 Deo
2049 2446 2283 2507 gratum,
2318 2434 2447 2488 illud
2481 2433 2697 2502 impleo.
2737 2430 2886 2499 Ejus,
2920 2430 3118 2497 inquit,
3153 2438 3301 2491 sunt,
3339 2442 3472 2495 quas

1915 2535 2055 2586 dono
2086 2529 2266 2597 accepi
2301 2527 2515 2581 divitias
2536 2541 2549 2589 ;
2573 2537 2749 2593 opera:
2769 2521 3002 2591 pretium
3031 2528 3109 2572 est
3136 2528 3188 2570 ut
3230 2519 3275 2571 ei
3314 2516 3477 2569 vicis-

1916 2626 2016 2677 sim
2078 2623 2390 2677 reddantur.
2442 2616 2798 2671 Providentize
2836 2614 2953 2683 ejus
2995 2611 3256 2666 beneﬁcia
3309 2617 3476 2673 sunt;

1915 2714 2269 2769 beneﬁcentia
2310 2711 2360 2764 in
2386 2705 2721 2763 contribules
2764 2703 3134 2759 conferantur.
3177 2700 3308 2767 Qua:
3350 2702 3470 2751 data

1916 2818 2060 2869 sunt,
2104 2803 2297 2873 peculii
2320 2798 2826 2861 suutabundantia;
2862 2797 2914 2849 in
2946 2793 3275 2864 peculiarem
3314 2806 3481 2860 pupu-

1918 2899 2024 2952 lmu
2050 2894 2436 2949 diﬂ'uudantur.
2465 2890 2597 2943 Cum
2626 2889 2740 2941 haec
2766 2886 2939 2954 gratia
2964 2884 3093 2945 sint,
3131 2896 3240 2934 non
3272 2893 3481 2934 merces

1915 3003 2158 3056 operum,
2217 2984 2351 3053 ipsis
2394 2982 2556 3035 rebus
2592 2992 2787 3032 nomen
2840 2974 3185 3038 conﬁrment,
3220 2987 3283 3026 ac
3312 2972 3479 3038 largi-

1917 3080 2049 3133 toris
2075 3076 2459 3144 benignitatem
2498 3069 2812 3141 praedicent.
2846 3066 3168 3120 Dividantur
3201 3066 3252 3117 iu
3291 3064 3473 3131 plures

242 3155 455 3223 μᾶλλον
496 3155 551 3208 δὲ
586 3157 646 3208 τὸ
681 3158 788 3209 πᾶν
843 3156 1007 3208 αὐτοῦ
1047 3156 1106 3220 ἐξ
1148 3156 1304 3225 ἡμῶν
1361 3153 1812 3224 ἀποφορτιζέσθω
1841 3186 1883 3241 C

1841 3186 1883 3241 (ς
1917 3186 2057 3225 cura:
2084 3168 2414 3229 divitiarum,
2440 3164 2567 3232 quin
2598 3162 2777 3230 potius
2806 3174 2965 3213 onme
2987 3173 3172 3211 earum
3200 3157 3412 3223 pondus
3445 3171 3472 3204 a

241 3246 437 3315 βάρος.
471 3246 824 3309 Σκεδαζέσθω
842 3247 950 3298 τῶν
982 3246 1347 3315 αἰσθηιτ-’,ρίων
1389 3246 1416 3297 ὁ
1447 3246 1554 3297 τῶν
1594 3246 1813 3315 χρημά-

240 3356 359 3390 των
390 3337 567 3407 ὅχλος,
602 3337 695 3391 τοῦ
746 3338 855 3391 τῶν
903 3337 1062 3389 θείων
1103 3337 1507 3407 ἀνεμποδίστως
1546 3336 1809 3405 ἀντιλαμ-

242 3430 508 3483 ϐάνεσθαι
539 3429 913 3500 χαρισμάτων.
976 3428 1391 3481 ’Δπελαυνέσθω
1430 3427 1524 3479 τοῦ
1555 3428 1813 3495 λογισμοῦ

240 3522 310 3575 τὸ
337 3521 656 3574 ἐπισκοτοῦν
691 3522 798 3573 τῶν
833 3521 1111 3590 μεριμνῶν
1137 3520 1317 3587 νέφος,
1350 3518 1444 3571 τοῦ
1482 3520 1625 3588 μὸνῳ
1646 3518 1813 3571 καθα-

246 3613 363 3685 ρῶς
391 3613 467 3682 τῷ
486 3615 676 3681 φέγγει
718 3613 816 3682 τῆς
857 3612 1126 3674 ἀπαθείας
1156 3612 1501 3675 ἐνατενίζειν.
1536 3611 1627 3680 Μὴ
1676 3612 1814 3664 καθ-

241 3706 491 3759 ελιέσθω
516 3705 576 3755 τὸ
600 3703 796 3773 πτερὸν
818 3704 915 3773 τῆς
952 3703 1191 3766 διανοίας
1229 3703 1338 3754 τῶν
1387 3704 1815 3772 μετεωροπόρων

245 3798 611 3867 ίχνευμάτων,
645 3797 723 3867 τῷ
753 3796 906 3865 βάρει
946 3796 1052 3848 τῶν
1085 3797 1366 3865 ἐπικήριον
1395 3794 1777 3864 διανοημάτων
1800 3811 1812 3823 ·

240 3888 530 3943 ἀκώλυτον
556 3887 654 3959 τὴν
683 3888 819 3957 πρὸς
844 3887 914 3938 τὰ
942 3887 1079 3939 asta
1111 3886 1373 3938 διανυέτω
1398 3886 1556 3939 τοῦτο
1577 3887 1777 3955 πτῆσιν
1799 3907 1809 3916 ·

239 3981 602 4051 ἀπερίκτυπα
637 3979 704 4031 τὰ
759 3968 857 4048 τῆς
901 3978 1081 4047 ψυχῆς
1125 3972 1241 4031 ὦτα
1286 3978 1378 4031 τοῦ
1411 3977 1520 4030 τῶν
1570 3980 1815 4048 ματαίων

238 4074 569 4141 διαμένοντα
600 4070 877 4140 θορὺϐων,
936 4072 1035 4141 τὴν
1083 4071 1193 4122 τῶν
1242 4069 1419 4132 ἁΰλως
1448 4069 1813 4140 έορταζόντιννί

239 4162 548 4233 ἑνηχείσθω
600 4163 818 4231 φωνήν·
871 4162 968 4229 τῆς
1000 4161 1257 4227 γλυκείας
1310 4161 1419 4212 τῶν
1461 4163 1518 4212 ὲν
1566 4163 1816 4230 οὐρανοῖς

240 4254 633 4323 ἀγαλλομένων
663 4252 1141 4321 ἀντιλαμϐανέσθω
1180 4251 1464 4320 μελῳδίας.
1502 4252 1610 4305 Καὶ
1666 4252 1809 4305 οὕτω

242 4350 354 4419 μὲν
379 4347 412 4415 ἠ
439 4344 548 4397 τῶν
571 4344 795 4396 δικαίων
825 4344 1190 4413 καρποφορία,
1235 4346 1329 4397 καὶ
1371 4345 1520 4413 παρά
1558 4345 1814 4415 τοιαύτης

241 4434 630 4510 μεγαλοφυρῦς
660 4436 1047 4506 προσαγομένη
1112 4435 1357 4505 γνώμης,
1402 4437 1499 4504 τῆς
1546 4437 1814 4506 καταλλή-

236 4534 346 4585 λου
372 4529 464 4582 τοῦ
494 4529 600 4581 τῶν
626 4527 761 4581 ὅλων
783 4527 914 4577 Θεοῦ
946 4526 1296 4591 καταξιοῦται
1322 4527 1612 4595 ἀποδοχῆς.

320 4625 383 4675 Ui
414 4622 469 4674 δὲ
520 4619 613 4672 τοῦ
654 4620 838 4685 γένους
890 4619 1429 4686 συμμετεσχηκότες,
1467 4620 1559 4671 καὶ
1608 4623 1665 4670 εν
1698 4624 1815 4681 ταῖς

234 4714 510 4782 εὐσήμοις
556 4710 633 4780 τῷ
677 4710 867 4778 δικαίῳ
924 4709 1501 4778 συγκαρποφοροῡντες
1559 4712 1813 4778 ἑορταῖς,

232 4808 305 4859 οὐ
347 4805 406 4856 τὸ
432 4805 528 4873 τῆς
551 4801 796 4868 φιλοθέου
826 4799 1227 4870 μεγαλοψυχίας
1252 4802 1415 4853 αὐτοῦ
1444 4802 1814 4869 θαυμάζοντες

230 4899 533 4964 διάπυρον,
569 4893 648 4963 τῷ
688 4893 1078 4964 ὑπερϐάλλοντι
1126 4895 1182 4946 δὲ
1232 4893 1431 4963 ταύτης
1467 4894 1814 4961 διαφθονοῦν-

230 5004 338 5049 τες
360 5026 373 5045 ,
409 4985 571 5054 ἔθιμά
602 5002 722 5038 τινα
764 4984 1104 5052 προτείνουσι
1137 4984 1307 5053 αὐτῷ,
1339 4985 1407 5036 τὰ
1446 4987 1814 5054 καρποφορεῖν

232 5078 666 5146 ἀπαγορεύοντα
710 5078 864 5147 Θεῷ,
915 5078 1125 5146 ἀτέχνῳ
1166 5094 1224 5128 τε
1280 5079 1394 5129 ὄντι
1440 5078 1531 5130 καὶ
1562 5077 1818 5146 ἀκάρπῳ,

230 5172 350 5239 τῆς
394 5169 488 5221 τοῦ
520 5170 709 5235 γένους
744 5170 1089 5240 στερουμένῳ
1131 5170 1414 5237 διαδοχῆς.
1451 5172 1571 5221 Οὐκ
1616 5170 1820 5233 ἒξεστί

236 5262 365 5330 γάρ
393 5278 508 5317 σοι.
541 5262 703 5331 φησι,
732 5262 1155 5328 προσενεγκεῖν
1183 5264 1252 5313 τὰ
1279 5261 1453 5327 δῶρα,
1482 5264 1681 5315 καθότι
1712 5264 1822 5313 σι’-κ

236 5352 549 5417 ἐποίησας
577 5351 813 5419 σπέρμα
846 5352 915 5403 ἐν
942 5351 1092 5415 υἱοῖς
1126 5351 1378 5418 Ἰσραήλ.
1412 5352 1564 5413 Τινὲς
1604 5353 1700 5417 μέν
1725 5369 1823 5417 ςα-

238 5460 338 5496 σιν
361 5458 375 5472 ⁶
428 5443 548 5494 οὐκ
590 5439 793 5503 ἕξεστί
826 5456 926 5493 σοι
970 5439 1203 5508 πρῶτον
1254 5442 1677 5510 προσενεγκεῖν
1706 5458 1717 5469 ·
1750 5442 1822 5503 ὡς

241 5600 488 5656 partem,
531 5587 672 5639 velut
714 5604 776 5644 ex
832 5592 1121 5645 abundanti
1167 5593 1350 5659 egenis
1385 5593 1654 5657 przeheat:
1689 5592 1817 5658 olfe-

243 5661 487 5730 renlibus
540 5671 711 5730 autem
768 5662 1029 5730 εὐνομίαο
1071 5674 1129 5714 ιιι
1169 5674 1313 5715 recta
1358 5663 1493 5730 lege.
1546 5677 1610 5715 ac
1667 5662 1812 5729 juxta

241 5731 397 5808 quod
435 5728 516 5808 lex
574 5728 918 5808 dividendum
976 5732 1184 5808 statuit,
1240 5728 1700 5798 pattcalqua‘dam
1752 5732 1816 5783 de

246 5799 571 5853 melioribus
598 5798 824 5854 oll'craut
860 5820 871 5854 :
906 5811 954 5853 ut
984 5804 1047 5855 sit
1081 5803 1268 5856 allusiu
1299 5806 1361 5854 ad
1396 5803 1523 5855 illud
1557 5801 1670 5855 Gen
1730 5818 1810 5863 ιιι,

1918 3264 2071 3318 nobis
2094 3260 2437 3330 abjiciamus.
2474 3255 2779 3322 Dissipetur
2812 3252 2965 3319 longe
2997 3266 3024 3301 a
3054 3248 3303 3302 seusilms
3329 3245 3479 3297 turba

1917 3354 2249 3416 divitiarmn,
2294 3360 2353 3402 ut
2384 3348 2528 3401 nullo
2573 3344 2970 3412 impedimento
3007 3341 3094 3392 Dei
3127 3341 3265 3391 dona
3301 3336 3475 3403 perci-

1917 3449 2082 3517 piant.
2120 3442 2312 3497 Procul
2344 3442 2614 3511 abigatur,
2646 3450 2765 3504 qum
2810 3431 3008 3485 rationi
3056 3429 3292 3483 oﬂ'uudit
3327 3438 3482 3480 tene-

1916 3542 2061 3603 bras,
2099 3534 2518 3591 sollicitudinum
2545 3531 2735 3592 nubes,
2785 3537 2841 3579 ut
2883 3527 2936 3578 in
2967 3523 3139 3577 solum
3196 3534 3329 3590 pure
3376 3518 3482 3570 ful-

1917 3648 2099 3693 gorem
2133 3630 2345 3683 animus
2375 3624 2629 3679 immunis
2663 3624 2731 3675 ab
2787 3615 3166 3673 allectiouibus
3200 3612 3469 3666 intendat.

1916 3721 1996 3777 Ne
2048 3721 2245 3775 mentis
2276 3718 2357 3771 ala
2416 3712 2764 3783 cogitationis
2817 3719 3160 3762 terrenarum
3208 3702 3476 3770 gravitate

1919 3812 2252 3874 detrahatur,
2298 3817 2356 3861 ut
2386 3825 2450 3860 ne
2486 3804 2735 3859 sublimia
2762 3808 2942 3867 petat;
2995 3798 3222 3850 liberum
3274 3794 3339 3846 ad
3390 3806 3476 3845 res

1918 3902 2186 3969 spiritales
2212 3898 2447 3950 volatum
2486 3894 2703 3947 habeat.
2750 3888 2952 3941 Saluta:
2993 3885 3159 3938 animi
3207 3900 3367 3942 aures
3412 3884 3478 3934 ab

1916 3996 2261 4059 obstrepente
2307 3987 2543 4040 inanium
2596 3982 2824 4036 tumultu
2877 3994 3081 4039 rerum,
3129 3992 3317 4029 eorum
3363 3991 3487 4042 quae

1917 4083 2232 4152 Spiritaliter
2279 4080 2624 4131 celebrantur
2674 4073 2971 4139 suscipiant
3042 4084 3274 4133 sonum;
3329 4067 3487 4120 dulce

1917 4175 2183 4229 modulata
2214 4186 2401 4224 eorum
2462 4168 2551 4236 qui
2601 4168 2652 4219 in
2710 4164 2863 4219 cmlis
2925 4162 3218 4223 exsultant,
3273 4160 3483 4212 cantica

1917 4267 2236 4336 percipiant.
2268 4264 2345 4315 Ac
2382 4263 2453 4313 ita
2493 4259 2708 4327 quidem
2747 4256 3020 4322 jusmrum
3052 4252 3277 4314 oblatio,
3307 4265 3486 4319 exque

1917 4357 2201 4428 magnifica
2246 4352 2505 4420 ejusmodi
2536 4348 2776 4417 profecta
2843 4358 3040 4410 mente,
3095 4358 3389 4413 congruam
3419 4343 3488 4395 ab

1917 4449 2153 4502 omnium
2179 4444 2287 4498 Deo
2315 4440 2711 4509 susceptionem
2747 4444 3007 4490 meretur.

1987 4622 2253 4676 Cmterum
2286 4618 2378 4687 qui
2429 4616 2644 4684 generis
2693 4612 2953 4667 allinitatc
3009 4612 3321 4681 conjuncti,
3362 4611 3477 4664 illu-

1919 4712 2206 4769 strioribus
2235 4708 2666 4764 solemnitatibus
2700 4723 2803 4760 una
2832 4722 2956 4760 cum
2979 4704 3128 4773 justo
3160 4702 3483 4766 oll'erebaut,

1920 4804 2113 4856 nedum
2148 4801 2408 4869 religiosa:
2442 4800 2558 4868 ejus
2588 4797 3004 4866 magniﬁcentia:
3054 4795 3277 4847 minime
3308 4793 3484 4846 admi-

1922 4894 2020 4947 rati
2063 4891 2365 4952 fervorem,
2414 4890 2509 4942 sed
2553 4896 2605 4940 et
2659 4889 2775 4955 ejus
2807 4886 3117 4955 przestantia
3155 4884 3208 4935 iu
3258 4882 3483 4935 livorem

1923 4986 2050 5047 acti,
2085 4982 2320 5052 legitima
2352 4981 2598 5050 quaedam
2647 4977 2940 5046 objiciunt,
2974 4974 3170 5043 quibus
3220 4973 3265 5025 is
3295 4971 3484 5041 prohi-

1920 5078 2139 5132 beretur
2189 5075 2297 5128 Deo
2332 5072 2565 5134 ollerre,
2614 5071 2691 5124 uti
2757 5068 2963 5123 sterilis
2997 5081 3061 5120 ac
3116 5065 3238 5119 filiis
3281 5066 3481 5125 orbus.

1918 5171 2117 5239 quique
2150 5167 2363 5237 generis
2384 5164 2727 5220 successiOue
2756 5170 2991 5215 careret.
3046 5156 3167 5210 Non
3200 5158 3359 5216 enim,
3405 5155 3487 5208 in-

1920 5264 2056 5331 quit,
2108 5261 2201 5312 tibi
2234 5260 2349 5311 licet
2399 5258 2584 5325 o/j‘errc
2620 5269 2859 5315 munera,
2892 5267 2949 5304 eo
2980 5248 3118 5320 quod
3159 5265 3260 5301 non
3302 5246 3485 5313 feceris

1921 5366 2088 5402 semen
2139 5350 2192 5400 iu
2248 5346 2374 5411 ﬁliis
2408 5344 2597 5398 Israel.
2649 5342 2879 5408 Quidam
2922 5352 3099 5395 tamen
3135 5338 3353 5393 codices
3386 5335 3484 5388 hac

1925 5443 2048 5494 bent
2079 5458 2090 5491 ε
2131 5438 2248 5491 Νοιι
2299 5440 2417 5490 licet
2453 5436 2544 5488 tibi
2577 5446 2629 5487 ut
2679 5437 2878 5504 primus
2930 5433 3118 5501 offeras
3149 5447 3165 5485 :
3199 5445 3308 5500 quo
3363 5442 3485 5483 eum

1929 5590 2025 5643 ’Ὰν
2061 5591 2134 5660 μὴ
2168 5590 2343 5661 ὀρθῶς
2375 5588 2579 5661 διέλῃς,
2612 5584 2983 5661 ἥμαρτεςομδί
3017 5600 3117 5638 non
3144 5593 3279 5639 recte
3308 5583 3487 5661 divise:

1925 5662 2020 5718 ris.
2051 5652 2278 5729 peccasti
2310 5676 2328 5712 :
2377 5652 2554 5727 sitque
2588 5652 2685 5712 vos
2718 5652 2965 5729 εὐνομία,
3000 5671 3103 5729 non
3145 5663 3350 5709 tantum
3382 5652 3489 5706 ἀπὸ

1923 5725 2060 5793 τοῦ,
2084 5733 2265 5800 νόμος,
2299 5725 2481 5783 verum
2502 5730 2664 5781 etiam
2692 5798 2699 5800 ξ
2725 5725 2962 5789 ἀπὸτοῦ,
2989 5725 3259 5800 νέμομαι·
3312 5740 3487 5794 quan-

1926 5818 2086 5869 quant
2116 5796 2310 5855 desunt
2336 5802 2580 5868 exempla
2616 5798 2770 5866 hujus
2799 5796 3146 5865 arreptiOnis.
