4200 6430
212 464 347 528 13ί5
1200 467 1282 526 IX
1322 462 1805 526 CONCEPTIOX‘

1903 463 1907 521 ζ
1946 462 2047 521 SS.
2090 458 2468 521 DEIPAR.E.
3338 456 3473 520 1346

208 578 490 641 γέστατον,
515 574 575 627 τὺ
603 573 715 646 πῦρ
743 573 948 629 ἄνωθεν
981 574 1271 645 ἐπαφίησι,
1298 575 1366 627 τὰ
1396 573 1789 644 προσαγόμενα

1903 569 2144 623 videndis
2184 567 2276 621 Dei
2315 568 2475 620 donis
2530 566 2858 621 ostendisset
2882 605 2896 630 ,
2924 564 3046 632 jure
3081 566 3273 621 merito
3322 579 3375 621 ut
3408 584 3471 622 ea

212 666 315 735 μὲν
347 665 676 731 ὁλοκαυτῶν,
718 666 930 737 φαιδρῷ
971 666 1029 720 δὲ
1082 666 1162 737 τῷ
1202 666 1507 737 συνθήματι
1556 666 1657 737 τὴν
1696 664 1791 718 τοῦ

1903 658 2278 728 probarentur,
2309 654 2531 708 amittit.
2565 653 2769 707 Nedum
2798 656 2943 709 enim
2996 671 3100 708 non
3136 657 3202 710 iis
3231 672 3476 710 annuen-

208 756 587 825 προσάξαντος
615 748 993 825 ἀνακηρύττον
1031 757 1395 826 δικαιοσύνην.
1442 755 1498 808 '0
1531 756 1587 809 δὲ
1610 756 1793 818 ἄδικος

1903 760 2005 804 tem
2027 748 2167 802 videt
2187 749 2553 818 justissimqu
2582 746 2774 812 Deum,
2794 756 2851 799 ut
2871 757 2926 801 et
2943 748 3364 813 exprobrantem
3410 764 3475 804 ac

210 850 401 920 φανεὶς
445 857 575 918 περὶ
619 848 718 919 τὴν
750 848 857 901 τῶν
904 850 1336 920 ἀναφερομένων
1367 849 1654 920 διαίρεσιν,
1709 850 1791 902 δι-

1903 840 2074 910 palam
2102 839 2332 901 facinus,
2370 853 2591 907 remque
2627 839 2886 892 absonam
2921 840 3105 892 audiat
3131 848 3472 908 arguentem.

210 942 381 1005 καίως
434 942 535 1010 τῆς
583 942 861 1011 ἀποδοχῆς.
910 942 1292 1012 διαμαρτάνει.
1353 943 1429 995 Οὐ
1485 943 1646 1013 μόνον
1684 940 1793 1011 γὰρ

1903 930 1985 984 Ait
2034 930 2177 984 enim
2214 930 2283 982 ad
2322 944 2444 982 eum
2476 944 2489 979 :
2527 927 2649 980 Non
2682 930 2862 997 utique
2901 938 3038 980 recte
3088 929 3319 996 oﬂeras,
3368 945 3472 981 non

208 1033 312 1086 οὐκ
362 1032 687 1086 ὲπινεύοντα
731 1033 944 1097 τούτοις
996 1035 1088 1087 τὸν
1139 1034 1479 1088 δικαιότατον
1538 1038 1793 1089 κατανοεῖ

1903 1032 2031 1076 recte
2074 1031 2246 1075 autem
2278 1020 2485 1073 dividas
2509 1019 2549 1073 ³.
2575 1019 2653 1072 Tu
2704 1021 2957 1088 quidem,
2998 1019 3194 1087 inquit,
3241 1035 3275 1073 ο
3310 1020 3472 1082 Cain,

209 1128 368 1190 Θεὸν,
403 1126 540 1179 ἀλλὰ
572 1128 667 1179 καὶ
698 1126 1191 1196 προσονειδίζοντα,
1215 1129 1305 1180 καὶ
1334 1128 1395 1180 τδ
1423 1129 1517 1198 τῆς
1542 1127 1792 1198 πράξεως

209 1220 413 1273 ἄτοπον
445 1218 698 1290 φανερῶς
723 1219 1087 1289 διελέγχοντα.
1122 1222 1259 1290 Φησὶ
1291 1220 1397 1291 γὰρ
1433 1221 1571 1290 πρὸς
1597 1220 1789 1288 αὑτόνζ

205 1312 331 1363 οὐκ
361 1308 440 1363 ἂν
467 1307 654 1377 ὀρθῶς
680 1309 1115 1379 προσενέγκῃς,
1146 1310 1333 1377 ὀρθῶς
1364 1310 1431 1362 δὲ
1450 1308 1536 1379 μὴ
1564 1308 1790 1377 διέλῃς.

214 1405 287 1457 Σὺ
317 1403 415 1475 μὲν
444 1405 579 1476 γὰρ,
624 1407 813 1476 φησὶν,
840 1400 894 1459 ὦ
925 1407 1086 1469 Κάῖν,
1123 1405 1346 1475 εὔλογον
1377 1408 1621 1476 οἰόμενος
1655 1407 1793 1458 {1:0-

210 1494 468 1564 δεχθῆναι
501 1510 595 1547 σου
625 1494 724 1564 τὴν
758 1496 1097 1566 προσφορὰν,
1130 1499 1196 1565 τῇ
1242 1495 1543 1566 παροράσει
1590 1495 1795 1565 ταύτης

217 1587 313 1638 καὶ
336 1586 657 1655 ἀποπέμψει
691 1586 1120 1656 δυσανασχετεῖς
1144 1604 1158 1618 ·
1190 1589 1222 1657 ἡ
1251 1587 1331 1649 δὲ,
1355 1588 1432 1650 ὡς
1462 1589 1563 1640 οὐκ
1596 1589 1795 1656 εὐπρε-

216 1677 335 1739 πῶς
366 1677 613 1749 διῃρέθη,
642 1678 764 1731 οὐδὲ
807 1679 984 1749 ὀρθῶς
1012 1679 1379 1751 προσηνέχθη.
1434 1681 1554 1733 Οὐκ
1586 1680 1663 1734 ἂν
1685 1680 1795 1748 γὰρ

216 1769 404 1839 ὀρθῶς
436 1771 869 1839 εντίροιγιινέίινιῃς⁴
900 1770 1083 1840 ὀρθῶς
1129 1771 1197 1825 δε
1232 1773 1319 1841 μὴ
1365 1771 1593 1840 διέλῃς.
1639 1772 1795 1836 Τινές

218 1878 352 1931 φασι
385 1864 513 1933 περὶ
543 1862 651 1914 τῶν
686 1862 1115 1917 ὁλοκαυτοῦσθαι
1165 1863 1468 1934 μελλόντων
1498 1864 1657 1918 τοῦτο
1697 1864 1794 1918 θυ-

221 1957 409 2024 μάτων
470 1955 752 2025 λεχθῆναι,
823 1956 1245 2027 Διχοτομοῦντες
1326 1958 1436 2028 γὰρ
1502 1958 1793 2029 πρότερον,

214 2047 435 2119 διῄρουν
461 2049 600 2101 κατὰ
626 2049 792 2119 μόρια
811 2050 908 2113 τὰς
937 2050 1359 2121 προσαγομένας
1380 2052 1431 2103 oi
1459 2050 1680 2104 παλαιοὶ
1702 2050 1797 2104 θυ-

219 2142 377 2205 σίας’
408 2142 484 2212 μὴ
512 2143 653 2195 κατά
677 2142 834 2211 λόγον
856 2142 913 2195 δὲ
956 2145 1056 2214 την
1100 2144 1369 2215 διαίρεσιν
1411 2144 1519 2198 τῶν
1554 2161 1797 2215 προσφε-

219 2233 468 2303 ρομένων
526 2234 858 2304 πεποιῆσθαι
888 2234 980 2287 τὸν
1030 2236 1192 2301 Κάῖν,
1240 2237 1335 2290 καὶ
1368 2236 1456 2290 διὰ
1494 2236 1652 2290 τοῦτο
1704 2234 1796 2290 τοῦ

220 2325 426 2379 σκοποῦ
473 2325 813 2397 διαμαρτεῖν.
845 2326 1019 2381 Τοῦτο
1055 2328 1111 2381 δὲ
1160 2328 1350 2400 πόρρω
1374 2331 1473 2400 τῆς
1516 2328 1799 2401 Γραφικῆς

218 2419 559 2488 καθέστηκεν
599 2419 880 2491 ἀληθείας.
929 2422 1003 2474 Οὐ
1048 2420 1153 2490 γὰρ
1185 2418 1488 2484 ζωοθυσίαν
1529 2420 1669 2491 αὕτη
1699 2435 1799 2490 την

216 2510 315 2563 τοῦ
354 2512 494 2564 Κάῖν
536 2512 875 2583 προσφορὰν,
917 2512 1053 2566 ἀλλὰ
1089 2513 1190 2582 τῆς
1232 2513 1290 2565 ὲν
1328 2514 1484 2583 χερσὶ
1516 2528 1799 2582 καρποφο-

223 2603 348 2674 ρίας
398 2604 655 2676 ἀπαρχὴν
700 2602 842 2659 εἷναί
886 2623 1069 2675 φησιν.
1142 2605 1413 2677 Ἐγένετο
1459 2605 1570 2675 γὰρ
1618 2606 1800 2661 Ἅϐελ

220 2695 450 2764 ποιμὴν
478 2697 790 2764 προϐάτων
810 2714 823 2726 '
850 2698 1002 2752 Ka'i'r
1031 2698 1101 2752 δὲ
1155 2695 1235 2769 ἦν
1266 2695 1655 2769 ἐργαζόμενος
1685 2699 1801 2767 τὴν

220 2788 340 2858 γῆν
360 2806 371 2817 ’
397 2790 493 2842 καὶ
534 2790 752 2859 ἤνεγκε
786 2792 932 2844 Κιὶϊν
963 2792 1082 2846 ἀπὸ
1109 2792 1229 2845 τῶν
1268 2791 1515 2860 καρπῶν
1545 2790 1657 2860 τῆς
1687 2790 1802 2859 τῆς

224 2882 447 2935 θυσίαν
475 2880 555 2947 τῷ
587 2881 734 2947 Θεῷ·
762 2883 859 2936 καί
894 2884 1075 2937 Ἅϐελ
1100 2884 1318 2954 ἤνεγκε
1350 2884 1447 2938 καί
1473 2884 1659 2950 αὐτὸς
1682 2883 1800 2938 ἀπὸ

223 2972 348 3025 τῶν
396 2974 812 3041 πρωτοτοκίων
855 2972 974 3028 τῶν
999 2976 1309 3042 προϐάτων
1347 2973 1534 3029 αὑτοῦ
1564 2973 1803 3029 καὶτῶν

225 3063 495 3119 στεὰτων
520 3066 729 3120 αὑτοῦ.
756 3066 822 3119 Τί
845 3061 939 3119 οὖν
962 3067 1108 3119 ἐστιν
1128 3083 1141 3096 ³
1174 3069 1294 3121 Οὐκ
1316 3066 1392 3121 ἂν
1411 3065 1594 3135 ὀρθῶς
1620 3082 1804 3135 προσ-

222 3153 508 3222 ενέγντῃς,
559 3154 747 3222 ὀρθῶς
795 3155 865 3209 δὲ
892 3155 977 3225 μὴ
1010 3156 1245 3225 διέλῃς;
1302 3158 1367 3210 Ὃ
1400 3156 1549 3225 λέγει
1594 3156 1805 3211 τοιοῦτό

223 3250 375 3299 ἐστιν
403 3263 416 3277 ·
440 3248 513 3301 Οὐ
546 3248 769 3320 δυνήσῃ,
796 3251 980 3320 φησιν,
1010 3250 1184 3320 ὀρθῶς
1217 3250 1572 3322 προσφέρειν,
1606 3250 1700 3304 ἐὰν
1731 3250 1805 3322 μὴ
1832 3271 1876 3330 C

230 3338 496 3408 πρότερον
541 3339 717 3408 ὀρθῶς
754 3340 958 3414 διέλῃς.
1013 3340 1079 3394 Τί
1111 3340 1167 3393 δέ
1198 3342 1344 3396 ἐστιν
1377 3340 1554 3413 ὀρθῶς
1581 3342 1803 3409 διελεῖν;

226 3428 305 3481 Τὸ
366 3429 505 3481 κατὰ
548 3428 705 3497 λόγον
746 3428 1096 3501 ἐπιμερίσαι·
1138 3431 1200 3484 τὸ
1247 3434 1348 3502 τὴν
1395 3432 1660 3503 διαίρεσιν
1711 3435 1808 3487 καὶ

228 3518 461 3589 ἐκλογὴν
494 3519 601 3571 τῶν
634 3522 1064 3591 προσαγομένων
1094 3520 1215 3591 Θεῷ
1250 3521 1593 3593 ποιούμενον,
1628 3523 1703 3595 μὴ
1738 3527 1805 3595 τῇ

227 3611 410 3682 οἰκεία
443 3612 512 3664 τὰ
540 3612 802 3665 κάλλιστα
837 3614 1037 3683 μερίδι,
1062 3613 1212 3684 αὐτῷ
1243 3614 1299 3667 δὲ
1322 3615 1390 3668 τὰ
1421 3616 1673 3687 χείριστα
1706 3634 1807 3671 κα·

228 3704 557 3775 τακ).ηροῦν.
590 3704 651 3758 Ei
681 3704 791 3774 γὰρ
834 3704 1112 3776 ἄνθρωποι
1146 3707 1338 3759 κοινῶν
1363 3724 1526 3761 τινων
1554 3710 1636 3772 εἰς
1669 3710 1807 3763 διαί-

233 3814 390 3867 ρεσιν
424 3796 747 3866 χρημάτων,
777 3796 868 3849 τόν
915 3798 1161 3870 ἰσονομίᾳ
1189 3799 1455 3851 ποιεῖσθαι
1486 3799 1656 3853 ταῦτα
1696 3795 1808 3853 οἷόν

226 3906 291 3939 τε
322 3887 449 3940 ὄντα
482 3888 832 3957 ἐκλεγόμενοι
885 3889 1261 3961 προκρίνουσι,
1298 3890 1389 3943 καὶ
1424 3892 1521 3961 τῆς
1565 3892 1807 3962 ἰσότητος

225 3979 340 4032 τῶν
374 3977 746 4050 μεριζομένων
793 3982 1277 4051 παρατρεπόμενον
1318 3981 1663 4035 ἀπωθοῦνται
1713 3983 1809 4035 καὶ

228 4072 644 4142 ἀποπέμπουσι.
680 4070 798 4135 πῶς
821 4072 886 4125 ἂν
915 4073 945 4125 ὀ
969 4072 1075 4126 τῶν
1104 4073 1241 4126 ὅλων
1270 4074 1422 4139 Θεὸς,
1456 4074 1562 4127 τῶν
1590 4075 1808 4129 οἰκείων

224 4162 573 4234 δωρημάτων
616 4164 798 4218 ἄνισον
830 4165 968 4236 ὁμοῦ
1030 4167 1122 4219 καὶ
1166 4167 1351 4220 ἄδικον
1396 4168 1689 4238 γενόμενον
1718 4168 1809 4221 τὸν

229 4256 376 4309 Κάῖν
406 4256 689 4325 μεριστὴν,
720 4255 752 4328 ἢ
785 4256 1148 4329 προσεδέξατο
1180 4257 1604 4327 ἀνεξελέγκτως,
1632 4260 1665 4330 ἢ
1696 4263 1809 4323 τοῖς

229 4346 445 4400 ἐκείνου
483 4346 660 4400 ἐπεῖδε
706 4347 941 4417 δώροις;
991 4348 1152 4418 Ἐμὲ,
1199 4350 1385 4419 φησιν,
1447 4344 1492 4403 ὦ
1528 4350 1690 4416 Κὰῖν,
1740 4352 1811 4405 τὰ.

229 4438 442 4491 πάντα’
476 4436 575 4506 τῆς
617 4437 755 4508 ἐμῆς
782 4437 952 4491 ταῦτα
976 4438 1307 4508 κηδεμονίας
1342 4440 1669 4510 δωρήματα⁹
1700 4439 1810 4493 τῶν

228 4526 385 4595 ἐμῶν
426 4527 726 4597 οἰκτιρμῶν
772 4527 1207 4598 εὐεργετήματα.
1272 4529 1543 4581 Κοινωνόν
1594 4545 1655 4581 σε
1714 4522 1809 4581 οὖν

1898 1113 2091 1167 rationi
2132 1124 2433 1166 consonum
2480 1119 2711 1179 putans,
2764 1119 2822 1161 ut
2864 1120 2952 1162 tua
2997 1120 3215 1177 accepta
3273 1111 3476 1164 oblatio

1898 1203 2182 1267 habeatur,
2238 1203 2547 1269 despectant
2609 1200 2915 1267 indignaris
2967 1208 3131 1267 atque
3178 1199 3475 1266 reiectam:

1897 1309 2081 1346 verum
2120 1293 2171 1345 in
2203 1307 2264 1345 ea
2296 1293 2551 1345 indecens
2588 1291 2689 1343 l'uit
2736 1291 2952 1354 divisio,
3003 1293 3339 1360 pruindeque
3375 1306 3473 1344 ne-

1895 1398 2001 1452 qne
2030 1393 2177 1436 recta
2218 1382 2318 1433 fuit
2366 1379 2588 1433 oblatio.
2633 1376 2757 1431 Non
2807 1379 2948 1432 enim
2998 1390 3129 1431 rec-te
3176 1379 3427 1431 obtuleris
3457 1393 3480 1433 :

1898 1493 1999 1529 non
2054 1484 2192 1529 recte
2242 1483 2418 1527 autem
2475 1472 2738 1525 diviseris.
2774 1472 2943 1526 Aiunt
2989 1470 3181 1539 aliqui,
3218 1485 3339 1525 esse
3372 1471 3478 1525 hoc

1897 1569 2101 1621 dictum
2132 1566 2199 1620 de
2248 1564 2490 1618 victimis
2516 1578 2637 1631 qua:
2671 1565 2975 1616 cremanda:
3001 1572 3178 1617 erant.
3224 1562 3481 1630 Antiquis

1896 1661 2043 1714 enim
2090 1659 2142 1711 in
2186 1672 2335 1713 more
2384 1667 2526 1721 erat,
2561 1667 2619 1711 ut
2650 1657 2701 1709 in
2745 1657 2850 1707 duo
2893 1663 3167 1719 secantes,
3197 1652 3474 1707 frustatim

1897 1749 2206 1804 dividerent
2256 1748 2563 1805 oﬂ‘erendas
2618 1748 2874 1802 victimas
2910 1762 2925 1799 :
2962 1745 3093 1798 Cain
3152 1758 3280 1799 vero
3336 1745 3479 1799 haud

1898 1843 2031 1897 satis
2072 1855 2315 1910 congrue
2365 1841 2546 1895 oblata
2604 1841 2901 1902 dividisse,
2951 1848 3117 1907 atque
3158 1838 3293 1891 adeo
3320 1839 3483 1891 aber-

1825 1923 1871 1983 Β
1900 1949 2048 1989 rasse
2083 1933 2154 1987 ab
2188 1932 2396 1987 iuteuto
2454 1930 2580 1986 ﬁne.
2616 1929 2817 1985 Verum
2846 1930 2948 1985 hoc
2996 1928 3185 1999 procul
3218 1930 3287 1982 ab
3320 1927 3477 1983 Scri-

1898 2035 2073 2097 ptura:
2106 2026 2344 2079 veritate
2375 2025 2549 2079 abest.
2580 2022 2669 2077 Ait
2698 2024 2842 2077 enim
2881 2022 2993 2089 illa,
3026 2020 3286 2074 obtulisse
3319 2018 3479 2085 Cain,

1896 2135 2003 2174 non
2034 2120 2283 2173 victimas
2306 2130 2372 2169 ex
2399 2116 2751 2177 animalibus.
2781 2115 2874 2170 sed
2903 2114 3172 2184 primitias
3207 2111 3478 2167 fructuum

1896 2208 2252 2263 manualium.
2296 2203 2426 2259 Fuit
2492 2207 2630 2260 enim
2684 2205 2810 2258 Abel
2850 2213 3038 2273 pastor
3094 2205 3302 2266 ouium,
3340 2200 3481 2257 Cain

1898 2312 2073 2355 autem
2103 2310 2217 2354 erat
2254 2315 2499 2354 exercens
2529 2309 2745 2355 terram.
2771 2299 2972 2351 Obtulit
3020 2310 3193 2351 autem
3236 2296 3370 2352 Cain
3417 2301 3482 2349 de

1899 2395 2156 2464 fructibus
2185 2402 2341 2447 terra:
2364 2391 2691 2459 sacriﬁcium
2731 2390 2878 2454 Deo;
2910 2391 3039 2443 Abel
3067 2406 3271 2460 quoque
3294 2388 3479 2442 obtulit

1896 2497 1944 2541 et
1986 2488 2094 2553 ipse
2136 2492 2199 2539 de
2238 2483 2600 2553 primogenitis
2655 2484 2826 2553 gregis
2869 2483 2974 2545 sui,
3032 2493 3078 2535 et
3125 2485 3189 2535 de
3237 2480 3481 2548 adipibus

1897 2578 2148 2634 eorum".
2199 2577 2340 2643 Quid
2404 2593 2536 2647 ergo
2592 2578 2694 2631 sibi
2748 2576 2902 2630 vult:
2938 2573 3061 2627 Non
3117 2576 3299 2643 utique
3349 2583 3485 2626 recte

1899 2670 2116 2739 oﬂ'ems.
2138 2686 2240 2724 non
2263 2678 2398 2723 recte
2422 2679 2596 2721 autem
2629 2668 2873 2721 dividas?
2896 2666 3048 2733 Quod
3081 2665 3183 2730 ait,
3213 2664 3478 2731 ejusmodi

1898 2776 2017 2818 est:
2048 2762 2259 2831 Nequit,
2296 2763 2492 2831 inquit,
2520 2762 2659 2823 tieri,
2693 2768 2750 2813 ut
2778 2768 2926 2812 recte
2952 2759 3170 2823 oll'eras,
3207 2758 3307 2810 nisi
3334 2759 3483 2826 prius

1901 2864 2048 2911 recte
2081 2855 2357 2909 diviseris.
2407 2855 2546 2920 Quid
2583 2868 2715 2907 vero
2759 2862 2844 2907 est
2902 2861 3048 2906 recte
3084 2849 3365 2904 dividere?
3390 2846 3486 2902 Ni.

1902 2949 2099 3004 mirum
2127 2963 2278 3017 aqua
2308 2949 2518 3004 ratione
2548 2948 2738 3017 partiri
2762 2963 2775 3000 :
2799 2956 2853 3000 ut
2876 2947 2922 3001 is
2954 2946 3041 3014 qui
3072 2944 3182 2999 Deo
3212 2944 3481 2999 oﬂ'erenda

1903 3045 2093 3099 dividit
2143 3045 2468 3115 deligitque,
2533 3059 2637 3097 non
2696 3058 2807 3097 sua:
2864 3043 3041 3113 ipsius
3094 3043 3231 3111 parti
3279 3042 3483 3108 optima
3530 3076 3535 3083 ν

1905 3138 2155 3206 deputet,
2220 3139 2329 3192 Deo
2376 3150 2555 3192 autem
2605 3138 2861 3206 pessima.
2913 3134 3047 3189 Nam
3101 3135 3144 3189 si
3199 3136 3481 3197 homines,

1908 3226 2284 3281 communibus
2333 3228 2577 3296 pecuniis
2611 3226 2897 3282 occasione
2936 3225 3118 3295 aliqua
3153 3226 3482 3285 divideudis.

1908 3338 2029 3377 eum
2058 3322 2322 3375 arhitrmn
2359 3320 2653 3390 prmferuut
2686 3331 2847 3389 atque
2877 3319 3106 3389 eligunt,
3140 3318 3228 3387 qni
3261 3319 3486 3388 aequali.

1911 3423 2022 3468 tate
2062 3414 2306 3467 dividere
2356 3414 2559 3481 possit,
2588 3428 2822 3483 eumque
2873 3413 3139 3480 repellunt
3193 3425 3253 3463 ac
3298 3410 3487 3477 iubent

1909 3504 2197 3570 lacessere,
2233 3506 2324 3574 qui
2383 3504 2619 3560 deﬂeuit
2666 3514 2727 3558 ut
2775 3520 2842 3559 ne
2887 3504 3200 3572 aequalitate
3245 3503 3485 3556 dividat:

1909 3613 2012 3667 qua
2050 3598 2261 3652 ratione
2296 3597 2674 3651 universorum
2725 3598 2867 3651 Deus
2925 3595 3007 3650 vel
3058 3596 3305 3663 accipere
3343 3595 3488 3648 milia

1910 3688 2354 3757 reprehensione,
2404 3688 2649 3755 iniquum
2699 3686 3071 3756 injustumque
3105 3700 3326 3740 suorum
3366 3702 3488 3738 mu-

1910 3796 2100 3835 nerum
2148 3780 2443 3834 divisorem
2500 3780 2654 3841 Cain,
2684 3780 2767 3831 vel
2798 3778 2865 3832 ad
2909 3778 3028 3846 ejus
3069 3778 3337 3845 respicere
3373 3793 3490 3829 ιιιιι-

1910 3885 2041 3925 nera
2092 3870 2390 3941 potuisset?
2438 3869 2591 3937 Mea,
2635 3870 2846 3939 inquit,
2883 3878 3027 3934 sunt,
3063 3884 3095 3922 ο
3150 3867 3307 3932 Cain,
3364 3872 3490 3920 uni-

1910 3978 2066 4018 versa
2102 3986 2113 4018 :
2144 3963 2497 4033 providentiae
2538 3977 2669 4016 mea!
2716 3970 2842 4015 sunt
2896 3975 3119 4015 munera
3156 3977 3170 4014 :
3202 3976 3334 4013 mea:
3368 3969 3493 4014 sunt

1911 4054 2298 4107 misericordia:
2335 4052 2618 4106 beneﬁcia.
2670 4051 2726 4105 lu
2755 4066 2943 4107 eorum
2988 4066 3119 4121 ergo
3150 4062 3200 4105 te
3248 4067 3492 4106 cominu-

1911 4148 2128 4201 nionem
2165 4146 2365 4212 ascivi,
2402 4160 2507 4199 non
2540 4154 2760 4215 propter
2793 4145 3206 4199 retributionem
3239 4161 3489 4215 opermn,

1910 4238 2004 4291 sed
2062 4248 2282 4306 prepter
2342 4236 2513 4291 solam
2577 4237 2945 4293 clementiam.
3022 4237 3288 4307 Equidem
3364 4254 3494 4293 vero

1910 4341 2096 4380 eorum
2131 4328 2244 4396 ipse
2288 4336 2511 4396 accepto
2539 4327 2830 4395 primitias,
2876 4343 2981 4381 non
3018 4330 3146 4397 quia
3177 4342 3311 4399 egeo
3337 4329 3492 4398 quid-

1911 4433 2107 4489 quam,
2157 4420 2249 4473 sed
2289 4421 2414 4489 quia
2446 4419 2633 4474 salutis
2664 4430 2770 4474 tua:
2813 4419 3084 4475 desiderio
3117 4429 3342 4485 tenear;
3384 4436 3488 4473 non

1914 4512 2007 4578 ita,
2046 4521 2105 4565 ut
2150 4514 2320 4581 sequis
2369 4514 2615 4582 partibus
2649 4513 2866 4582 jnbeam
2920 4513 3083 4565 dividi
3120 4527 3239 4579 qua:
3276 4512 3493 4566 luerunt

222 4619 456 4682 τούτων,
499 4619 558 4671 οὗ
600 4618 667 4671 δι’
717 4619 895 4688 ἔργων
942 4618 1198 4689 ἀμοιϐὴν,
1234 4618 1367 4671 ἀλλὰ
1393 4617 1479 4672 διὰ
1515 4619 1683 4688 μόνην
1716 4635 1805 4670 πε-

1914 4617 2170 4658 concessa
2195 4643 2210 4667 ,
2240 4604 2332 4657 sed
2367 4612 2425 4658 ut
2458 4605 2627 4657 animi
2662 4605 2735 4659 tui
2775 4604 3089 4673 religionem
3121 4618 3185 4657 ex
3221 4604 3490 4672 primitia-

227 4710 439 4778 ποίηκα
470 4708 904 4779 φιλανθρωπίαν.
940 4711 1048 4762 Καὶ
1077 4710 1282 4763 τούτων
1315 4710 1415 4779 μὲν
1448 4708 1703 4779 ἀνενδεὴς
1736 4707 1810 4760 ῶν

225 4800 366 4870 ἐγὼ,
398 4801 499 4871 τῆς
532 4803 628 4872 σῆς
659 4803 715 4855 δὲ
739 4804 1013 4874 σωτηρίας
1038 4803 1387 4873 ἐπιδεόμενος
1416 4804 1670 4872 ἀπαρχὰς
1698 4803 1811 4855 είσ-

222 4892 458 4962 δέχομαι
483 4905 496 4921 ⁸
533 4893 632 4945 οὐκ
670 4893 865 4962 ἐπίσης
902 4898 970 4965 τῇ
1012 4894 1364 4965 ποσότητιτά
1396 4893 1811 4966 παρασχεθέντα

228 4998 319 5034 σοι
350 4981 666 5051 μερίζεσθαι
715 4988 1090 5054 προστάττων,
1126 4984 1223 5054 τῆς
1270 4982 1371 5054 σῆς
1414 4983 1472 5036 δὲ
1500 4982 1724 5052 γνώμης
1750 4982 1811 5034 τὸ

224 5069 481 5141 φιλόθεον
507 5072 596 5125 διὰ
624 5072 732 5127 σιῶν
765 5074 1164 5143 ἀπαρχομένων
1192 5072 1467 5142 ἐπιζητῶν
1488 5089 1502 5103 ·
1528 5072 1609 5125 σοὶ
1629 5072 1686 5125 δὲ
1706 5071 1815 5125 τῶν

224 5160 387 5228 ἐμῶν
428 5160 652 5227 ἀγαθῶν
702 5161 1059 5214 ὲναπολαὺειν
1095 5163 1511 5231 παρασχόμενος
1547 5161 1678 5229 ἐγὼ,
1724 5179 1817 5215 και

224 5252 296 5305 σὲ
346 5250 534 5322 κύριον
594 5252 691 5321 τῆς
738 5252 845 5305 τῶν
900 5254 1321 5323 ἀναφερομένων
1365 5270 1455 5322 μοι
1502 5253 1815 5323 διαιρέσεως

220 5343 707 5414 προστησάμενος.
758 5345 926 5397 κακὸν
967 5347 1095 5415 περὶ
1134 5345 1226 5399 τὸν
1267 5345 1567 5415 εὐεργέτην
1622 5339 1813 5413 εὗρονυ

224 5434 531 5503 ἀχάριστον
572 5434 708 5506 πρὸς
733 5436 831 5505 τὴν
858 5436 966 5489 τῶν
997 5437 1217 5502 ἀγαθῶν
1245 5437 1507 5505 ἀφθονίαν
1527 5478 1541 5499 ,
1577 5437 1810 5508 πονηρὸν

222 5524 332 5594 τὴν
360 5523 624 5595 διαίρεσιν
647 5526 749 5595 τῆς
779 5526 1054 5596 ἁπαρχῆς.
1082 5528 1190 5580 Καὶ
1232 5527 1432 5597 ταύτην
1472 5527 1582 5598 γὰρ
1628 5526 1813 5581 7:0th-

227 5632 434 5687 μενος,
490 5616 717 5680 ἀναξίαν
756 5616 849 5670 τοῦ
911 5618 1206 5687 δωροδότου
1255 5619 1587 5689 πεποίησαι·
1631 5618 1811 5688 σαυτῷ

229 5706 361 5778 μὲν,
414 5706 491 5767 ὼς
539 5706 608 5758 τὰ
659 5707 905 5772 πλείονα,
962 5707 1105 5761 οὕτω
1137 5710 1231 5761 καὶ
1274 5708 1339 5763 τὰ
1382 5709 1668 5779 κρείττονα
1704 5708 1811 5762 τῶν

304 5874 324 5903 ³
370 5879 505 5934 (ἶιοιι.
542 5897 613 5943 tv,
646 5882 699 5932 ’7.
782 5884 799 5910 ³
836 5880 969 5934 (ἶυιι.
1013 5897 1084 5943 tv,
1116 5884 1168 5935 ‘2.

1914 4710 2032 4749 rum
2069 4696 2344 4750 oblatione
2396 4696 2694 4764 requiram.
2740 4696 3053 4759 Enimvero,
3085 4695 3174 4765 qui
3229 4711 3345 4750 mea
3397 4697 3490 4753 tibi

1914 4790 2050 4842 bona
2106 4786 2335 4843 fruenda
2368 4789 2718 4859 praebuerint,
2776 4799 2934 4859 teque
2969 4788 3250 4842 divisionis
3277 4803 3489 4855 eorum,

1912 4896 2032 4950 qua:
2060 4880 2331 4935 offerenda
2356 4890 2541 4937 essent
2562 4882 2937 4937 constituerim
2961 4881 3261 4946 dominum,
3291 4882 3490 4935 malum

1914 4973 2093 5027 iuveni
2141 4973 2194 5026 iu
2232 4972 2531 5028 beneﬁcum
2571 4992 2585 5028 :
2621 4975 2889 5044 ingratum
2931 4990 3029 5044 pro
3085 4976 3240 5030 bonis
3287 4974 3491 5030 aﬂ'atim

1914 5063 2143 5127 collatis,
2174 5079 2403 5132 nequam
2430 5065 2482 5118 in
2519 5065 2823 5121 dividendis
2857 5067 3135 5135 primitiis.
3173 5066 3385 5137 Quippe
3414 5068 3496 5121 di-

1916 5157 2102 5211 videns
2133 5156 2350 5226 indigue
2398 5173 2497 5228 pro
2527 5174 2810 5213 munerum
2860 5159 3136 5229 largitoris
3172 5162 3383 5215 ratione
3412 5160 3495 5213 le-

1916 5250 2069 5315 eisti;
2116 5248 2208 5319 qui
2260 5250 2355 5304 tibi
2408 5252 2556 5319 ipse,
2586 5252 2661 5305 uti
2700 5251 2889 5320 plura,
2933 5252 3013 5307 sie
3044 5261 3098 5305 et
3126 5253 3339 5321 potiora
3375 5268 3495 5306 mu-

1918 5356 2108 5394 nerqu
2158 5342 2421 5397 obstricta
2480 5342 2748 5409 volueris;
2811 5359 2897 5397 me
2959 5354 3138 5398 autem
3207 5344 3497 5399 oblationis

1918 5434 2180 5487 sorditate
2214 5434 2605 5489 contumeliose
2646 5435 2920 5491 habueris.
2988 5436 3112 5491 Haec
3169 5452 3331 5507 porro
3382 5453 3491 5494 non

1920 5525 2096 5579 aliena
2141 5524 2209 5579 ab
2240 5526 2489 5582 instituto
2526 5526 2673 5581 dicta
2701 5539 2848 5595 sunt,
2884 5531 2979 5582 sed
3016 5530 3080 5581 ad
3116 5528 3495 5599 probandum,

1922 5617 2022 5685 pix
2068 5620 2248 5687 potius
2292 5618 2613 5688 voluntatis,
2649 5622 2908 5674 virtutum
2954 5621 3301 5676 exuberantia
3328 5619 3496 5688 frugi-

1924 5713 2023 5766 hns
2051 5724 2246 5767 munus
2277 5726 2398 5768 esse
2422 5753 2436 5778 ,
2482 5724 2539 5767 ιιι
2576 5714 2715 5769 Deus
2753 5713 2928 5768 oblata
2960 5722 3223 5784 prmoptet
3259 5726 3321 5767 ac
3371 5726 3496 5782 pro-
