4200 6430
230 380 357 446 1357

1283 386 1361 444 IN
1404 381 1986 444 CONCEPTIONEM
2028 382 2086 442 S.
2130 382 2373 442 ANNxE.

3337 379 3472 443 1358

223 499 281 550 ὲν
310 494 367 547 δὲ
396 497 464 565 τῇ
512 492 763 565 παρούσῃ
807 492 1065 563 θυμηδίᾳ,
1102 492 1193 546 καὶ
1234 495 1299 563 τῇ
1345 493 1579 562 φιλοθὲῳ
1623 493 1797 563 ταύτῃ

1903 492 2042 544 haud
2087 500 2264 544 tamen
2307 492 2359 542 iu
2386 489 2632 558 prmsenti
2677 488 2885 554 lautitia,
2918 503 2981 543 ac
3016 487 3264 557 religioso
3294 504 3474 545 veStrn

219 586 511 656 ὀμηγύρει,
558 584 829 652 οὐδαμῶς.
874 586 965 637 Διὸ
997 583 1101 654 χρὴ
1143 585 1237 636 καὶ
1281 584 1519 654 σήμερον
1567 583 1634 635 τὰ
1668 584 1795 652 περὶ

220 674 421 745 ταύτης
437 674 725 741 διεξελθεῖν
749 674 1033 745 πρότερον,
1059 672 1161 727 εἷθ’
1184 675 1329 728 οὑτω
1349 674 1418 727 τὰ
1444 673 1798 727 ἐπιλείποντα

220 769 319 836 τῆς
363 767 671 830 ὑποθέσεως
698 768 766 820 δι’
802 768 1156 834 ἁναπτύξεως
1194 768 1374 821 αὐτῶν
1406 770 1519 830 τοῖς
1559 767 1799 820 συνειλε-

221 859 443 929 γμένοις
470 859 812 930 προσθεῖναι.
827 860 1042 931 ’Ὠσπερ
1069 860 1179 931 γὰρ
1211 862 1304 915 τὸν
1336 860 1713 932 μεγαλόψυχὸν
1739 876 1797 912 τε

221 950 380 1020 ὁμοῦ,
427 951 522 1005 καὶ
570 954 709 1024 πρὸς
757 952 1038 1022 φιλοθεῖαν
1084 954 1350 1022 διάπυρον
1387 953 1646 1021 Ἰωακεὶμ
1692 951 1797 1021 πρὸ

223 1043 455 1114 βραχέος
495 1046 555 1097 ὲν
595 1046 914 1116 ὑπερέχοντι
946 1046 1154 1117 ἤγομεν
1197 1046 1461 1117 θαύματι,
1503 1044 1652 1107 ὅπως
1698 1044 1798 1112 μὲν

222 1132 359 1202 πρὸς
389 1133 457 1187 τὰ
477 1135 659 1189 εἰκαῖα
686 1134 795 1187 τῶν
833 1134 1101 1190 Ἰουδαίων
1122 1138 1223 1189 οὑκ
1252 1134 1586 1206 ἁντιδιετέθη
1612 1133 1799 1204 σκώμ-

224 1239 395 1292 ματα,
426 1224 521 1276 καὶ
547 1223 648 1293 τὴν
677 1225 885 1294 αὐθάδη
915 1226 1025 1278 τῶν
1050 1226 1419 1291 ὀνειδιζόντων
1452 1226 1553 1277 οὑκ
1572 1225 1801 1276 ἐπεστό-

224 1330 383 1383 μισεν
437 1315 789 1379 ἀλαζονείαν,
823 1317 1026 1387 μηδένα
1072 1318 1174 1387 μὲν
1220 1318 1437 1379 δεικνὺς
1490 1333 1798 1387 παρακεκι-

221 1406 420 1476 νῆσθαι
450 1406 614 1477 νόμον
649 1409 708 1462 ὲν
747 1412 863 1472 τοῖς
909 1409 1342 1479 ἁνατιθεμένοις,
1371 1410 1551 1480 φθόνῳ
1594 1411 1670 1472 δὲ,
1701 1410 1799 1477 τὴν

218 1498 631 1568 ἀπροφάσιστον
673 1500 792 1553 κατ’
815 1500 982 1553 αὑτοῦ
1013 1501 1369 1571 ἐπινοηθῆναι
1406 1501 1603 1570 σκῆψιν
1629 1515 1642 1528 ·
1681 1498 1799 1563 πῶς

218 1589 277 1642 δὲ
302 1589 555 1660 καθάπερ
581 1590 810 1657 τούτων,
840 1591 984 1644 οὕτω
1014 1593 1109 1644 καὶ
1142 1593 1251 1644 τῶν
1286 1594 1404 1644 κατ’
1446 1589 1595 1645 οἷκον
1628 1592 1801 1646 ἁπάν-

219 1697 334 1735 των
363 1684 811 1754 καταφρονήσας,
838 1684 955 1753 Θεῷ
986 1684 1085 1754 μὲν
1116 1685 1263 1754 μόνῳ
1292 1684 1359 1736 τὰ
1391 1685 1518 1754 περὶ
1545 1683 1639 1737 τοῦ
1663 1684 1800 1755 πρά-

220 1788 432 1844 γματος
461 1774 795 1841 ἀνατίθεται,
826 1776 924 1846 τὴν
953 1777 1209 1845 ὑπερφυᾶ
1232 1776 1289 1829 δὲ
1319 1776 1616 1846 καρτερίαν
1645 1777 1703 1828 ὲν
1731 1778 1795 1845 τῇ

1899 592 2186 637 conventu.
2212 580 2575 647 Quamobrem
2604 592 2815 649 oportet
2836 592 2914 645 ut,
2945 582 3181 636 breviter
3205 593 3475 645 prteenar-

1899 675 2033 729 ratis
2062 691 2180 743 qua:
2211 676 2275 729 ad
2310 692 2429 731 cam
2473 683 2744 746 spectant,
2778 691 2899 745 qua:
2923 676 3228 745 argumenti
3265 675 3470 744 reliqua

1900 774 2048 831 sunt,
2097 778 2279 820 vestro
2310 768 2567 836 deinceps
2601 768 2791 831 casuri,
2822 768 3142 838 explicanda
3182 782 3472 839 apponam.

1900 857 2365 922 Quemadmodum
2400 860 2543 912 enim
2577 860 2738 929 paulo
2764 869 2911 924 ante,
2956 860 3296 927 magniticum
3330 862 3477 930 pari-

1904 958 1985 1002 ter
2006 948 2252 1004 Joaehim
2300 951 2563 1017 animum,
2617 950 2839 1021 ejusque
2880 952 2929 1005 in
2967 950 3134 1005 Deum
3188 964 3471 1007 accensam

1901 1040 2154 1108 pietatem
2214 1045 2447 1096 maxima
2502 1045 2738 1112 quadam
2790 1046 3149 1099 admiratione
3204 1047 3474 1113 prosecuti

1900 1146 2118 1199 sunms,
2158 1143 2215 1186 ιιι
2263 1135 2519 1187 nimirmn
2577 1148 2684 1188 non
2739 1133 2903 1189 fuerit
2966 1146 3145 1191 motus
3199 1136 3475 1190 contrario

1901 1222 2095 1277 all‘eirtu
2144 1226 2210 1277 ad
2259 1223 2605 1289 Jinlmornm,
2662 1227 2857 1297 quibus
2913 1227 3285 1282 incessahatur
3334 1241 3473 1280 vana

1899 1327 2221 1380 scomniata,
2256 1332 2355 1369 nec
2396 1318 2655 1371 audacem
2688 1318 3169 1388 improperantium
3210 1333 3475 1389 arrogan-

1902 1407 2030 1459 tiam
2090 1408 2505 1475 compresserit,
2554 1410 2727 1478 palam
2757 1413 3049 1466 ostendens
3095 1411 3296 1466 nullam
3326 1426 3387 1466 sc
3420 1413 3473 1465 in

1899 1498 2099 1550 oblatis
2131 1498 2363 1554 violasse
2395 1499 2595 1569 legem,
2646 1501 2871 1570 solaque
2918 1516 3015 1557 eos
3064 1503 3290 1568 invidia,
3339 1503 3473 1557 nihil

1901 1581 2082 1644 causa:
2115 1591 2403 1646 habentem
2435 1602 2626 1646 contra
2660 1594 2834 1662 ipsum
2883 1594 3225 1663 excogitasse
3269 1596 3473 1649 calum-

1902 1683 2046 1735 niam
2083 1700 2095 1735 :
2138 1691 2195 1735 ut
2230 1684 2382 1747 item,
2415 1686 2553 1739 sicut
2585 1686 2729 1749 istis,
2763 1686 2835 1740 ita
2865 1696 2919 1741 et
2951 1687 3267 1743 domesticis
3294 1689 3474 1742 omni-

1906 1771 2006 1825 bus
2035 1772 2316 1842 neglectis,
2354 1773 2406 1827 in
2442 1774 2608 1828 Deum
2655 1776 2825 1830 solum
2863 1778 2939 1830 rei
2972 1791 3244 1831 summam
3278 1776 3476 1831 retule-

220 1864 418 1935 ἐρήμῳ
450 1864 808 1919 ἐνδείκνυται.
848 1866 1063 1935 Ὠσπερ
1090 1861 1183 1919 οὖν
1214 1865 1282 1918 τὰ
1310 1865 1406 1919 τοῦ
1446 1866 1659 1919 δικαίου
1679 1867 1801 1919 τότε

1907 1866 1995 1927 rit,
2025 1866 2329 1931 eximieque
2356 1882 2404 1917 ιιι
2432 1866 2653 1919 rabilem
2680 1868 3141 1936 perseverantiam
3175 1868 3227 1920 in
3257 1867 3477 1921 deserto

218 1955 716 2019 διαναπτύσσοντες
744 1959 1218 2031 πλεονεκτήματα,
1249 1960 1310 2011 τὸ
1340 1959 1676 2031 ὑπερανέχον
1705 1960 1800 2012 αὑ-

219 2048 333 2101 τῶν
354 2047 761 2119 ἐθαυμάζομεν,
784 2050 928 2103 οὑτω
950 2053 1044 2105 καὶ
1073 2054 1141 2105 τὰ
1161 2055 1257 2122 τῆς
1275 2052 1548 2121 ὁμοζύγιῑυ
1577 2053 1797 2124 Ἀννης,

218 2139 385 2210 εἴπερ
406 2139 473 2193 ἂν
502 2140 583 2204 εἰς
610 2142 678 2211 μέ
688 2157 778 2194 σον
796 2140 875 2210 τῷ
891 2141 1035 2212 λόγῳ
1057 2143 1375 2213 παραγάγοι
1384 2160 1505 2213 μεν,
1525 2144 1801 2215 κατορθώ-

222 2252 394 2306 ματα,
426 2234 505 2306 τῷ
545 2234 872 2307 καταλλήλῳ
904 2236 1114 2298 τούτοις
1149 2235 1621 2307 συνανυψὼσωμεν
1666 2236 1799 2289 θαύ-

222 2342 381 2395 ματι.
426 2324 655 2396 Ἐπίσης
698 2326 809 2397 γὰρ
849 2327 944 2380 καὶ
986 2328 1124 2398 αὑτῇ
1156 2329 1341 2398 τὸτῆς
1389 2330 1665 2399 ὑπομονῆς
1711 2329 1801 2383 καὶ

220 2418 545 2488 καρτερίας,
572 2418 773 2488 μᾶλλον
801 2419 858 2472 δὲ
901 2421 1227 2491 ὑπερέχοντι
1272 2422 1557 2488 δοξάζεται
1608 2423 1801 2475 πλεον-

216 2512 518 2582 εκτήματι.
536 2512 712 2567 Πολλὰ
727 2515 783 2567 δὲ
800 2514 868 2567 τὰ
891 2514 1242 2585 παριστῶντα
1258 2515 1438 2577 τοῦτο,
1465 2517 1560 2569 καὶ
1577 2517 1655 2579 είς
1680 2517 1803 2585 ὄψιν

218 2604 430 2672 ἄγοντα.
468 2608 580 2669 τοῖς
627 2605 976 2677 βουλομένοις
1022 2606 1360 2677 πράγματα’
1397 2608 1535 2661 οἵτε
1580 2610 1688 2678 γὰρ
1731 2608 1801 2661 δι’

219 2699 478 2751 ἀτεκνίαν
512 2700 663 2770 παρὰ
704 2699 800 2752 τοῦ
830 2701 1019 2767 γένους
1053 2701 1368 2770 ὀνειδισμοὶ,
1401 2702 1493 2753 καὶ
1524 2703 1556 2771 ἡ
1607 2701 1802 2768 ἄδηλος

214 2788 322 2843 τοῦ
345 2789 541 2861 ἀνδρὸς
581 2791 863 2861 ἀποδημία
886 2809 899 2821 ·
944 2792 1081 2861 πρὸς
1105 2793 1317 2858 τούτοις
1362 2793 1457 2846 καὶ
1486 2793 1554 2845 τὰ
1594 2792 1803 2861 τολμώο

223 2896 369 2949 μονα
412 2881 517 2950 τῆς
542 2882 806 2944 οἰκέτιδος
847 2881 1185 2952 σκώμματα,
1226 2885 1320 2937 καὶ
1367 2884 1422 2935 αἱ
1452 2883 1518 2937 δι’
1550 2884 1803 2936 ἀπαιδίαν

218 2972 693 3043 ὲπιφημιζόμεναι
752 2973 903 3043 παρὰ
952 2975 1060 3027 τῶν
1110 2976 1468 3045 συμφυλετῶν
1516 2977 1666 3046 ἀραὶ,
1710 2976 1804 3027 καὶ

220 3062 362 3131 παρ’
415 3060 587 3131 αὐτῆς
625 3063 845 3133 ἐκείνης
882 3066 964 3123 είς
1007 3063 1132 3133 ὄψιν
1178 3066 1467 3135 ἀγόμεναι,
1501 3068 1595 3118 καὶ
1641 3068 1689 3119 οἳ
1735 3065 1803 3119 δι’

220 3152 590 3223 ὑπομνήσεως
629 3154 730 3223 τῆς
775 3156 1000 3208 ἐκείνων
1033 3156 1267 3225 ὀξύτερα
1300 3159 1367 3210 τὰ
1404 3158 1543 3211 κατᾶ
1587 3158 1684 3226 τῆς
1721 3159 1799 3212 δι-

222 3241 392 3304 καίας
416 3243 747 3314 ὲπαφιείσης
778 3244 930 3314 βέλη,
957 3245 1017 3297 τὸ
1045 3244 1288 3299 τοιοῦτον
1319 3248 1795 3303 ὲπιϐεϐαιώσαιεν.

236 3334 404 3388 Ἀλλὰ
434 3336 535 3406 τὴν
557 3339 859 3408 καρτερίαν
888 3339 1224 3393 ἀπιτιθείσα
1254 3343 1365 3403 τοῖς
1400 3342 1803 3411 συμπίπτουσιν

223 3430 263 3497 ἠ
296 3429 463 3480 Ἀννα
491 3428 778 3498 λυπηροῖς,
823 3432 1026 3499 ἔπασχε
1065 3432 1185 3498 μὲν,
1220 3432 1298 3500 τῷ
1344 3432 1418 3503 μὴ
1462 3434 1803 3501 ἀναισθήτως

222 3513 376 3582 ἔχειν
419 3514 555 3582 πρὸς
596 3514 788 3579 ταῦτα,
823 3516 884 3569 οὑ
911 3519 1282 3572 κατεϐάλλετο
1319 3520 1375 3571 δὲ
1414 3520 1509 3573 106
1542 3522 1639 3591 τῆς
1667 3523 1801 3575 ὑπο-

228 3605 401 3675 μονῆς
433 3603 621 3673 ὕψους,
656 3606 689 3678 ἢ
723 3608 859 3679 πρὸς
897 3610 1137 3680 ἀθυμίας
1173 3614 1561 3685 ταπεινότητα.
1596 3616 1629 3686 ἢ
1666 3616 1803 3683 πρὸς

222 3695 609 3765 ἀγανάκτησιν
660 3700 769 3752 τῶν
815 3701 1246 3799 ἐπιτιθεμένωνὶ
1282 3705 1443 3758 Ὅθεν
1501 3707 1623 3759 οὐδὲ
1670 3708 1804 3777 πρὸς

221 3788 356 3850 τοὺς
386 3789 742 3853 ὀνειδίζοντας
774 3788 1373 3863 ἀντιφθέγγεταιξῦὑδὲ
1404 3798 1540 3867 πρὸς
1562 3800 1661 3868 τὴν
1688 3799 1802 3852 ἅδι-

222 3892 328 3930 κον
356 3879 535 3930 αὐτῶν
585 3881 876 3950 ἐπίπληξιν
920 3884 1390 3941 ἁντικαθίσταται.
1420 3890 1493 3942 Οὑ
1540 3891 1805 3958 φίονερᾶς

223 3963 372 4023 εἶναι
399 3970 546 4038 λέγει
582 3980 959 4043 προαιρέσεως
983 3977 1082 4047 τὴν
1115 3980 1595 4051 προφασιζομένην
1618 3982 1802 4044 αὑτοῖς

224 4063 610 4131 παρανομίαν·
662 4065 889 4135 γνώμης
935 4069 1142 4131 οἰκείας
1194 4069 1438 4141 εὕρημα,
1475 4074 1568 4124 καὶ
1613 4074 1712 4126 οὐκ
1747 4078 1805 4126 ἐν

223 4153 528 4223 γράμμασι
578 4155 831 4224 κείμενον
878 4158 941 4210 τὸ
988 4160 1357 4230 κακούργημα
1410 4162 1570 4214 τοῦτο
1635 4182 1805 4235 προσ-

221 4244 500 4309 ονειδίζει.
544 4248 617 4299 υὺ
651 4251 715 4317 τῇ
753 4248 847 4301 τοῦ
890 4252 1079 4317 γένους
1120 4254 1359 4324 ὑπεροχῇ
1410 4260 1801 4327 σεμνυνομένη,

222 4333 329 4385 καὶ
360 4334 436 4403 τῷ
471 4334 562 4387 τοῦ
599 4336 713 4405 βίου
761 4340 1149 4411 ἀνεπιπλάστῳ
1195 4346 1622 4413 συνεργουμένη,
1664 4350 1805 4416 παῤ-

225 4426 398 4495 ρησίᾳ
431 4428 530 4494 μὲν
559 4429 741 4490 αὐτοῖς
777 4431 1161 4499 ἀντικατέστη,
1187 4435 1245 4487 τὸ
1286 4435 1459 4506 θρασὺ
1494 4436 1549 4488 δὲ
1576 4438 1671 4489 καὶ
1705 4455 1805 4489 παι

226 4517 463 4588 ράλογον
496 4521 597 4589 τῆς
628 4521 809 4573 αὐτῶν
844 4524 1211 4594 ἐγχειρήσεως
1237 4525 1527 4596 ἐξελέγχει.

304 4710 461 4762 Οὑτω
488 4711 580 4764 καὶ
600 4709 693 4763 106
724 4711 981 4763 κοινωνοῦ
1017 4712 1117 4781 τῆς
1158 4712 1379 4783 ἀρετῆς,
1418 4717 1508 4768 καὶ
1550 4717 1645 4786 τῆς
1676 4718 1805 4786 ὅλης

223 4802 381 4871 ζωῆς
425 4802 665 4870 ἀφανοῦς
718 4805 1024 4870 γεγονότος,
1072 4804 1132 4857 οὑ
1180 4803 1397 4874 περιῄει
1435 4807 1803 4878 ἀναζητοῦσα,

224 4896 330 4948 καὶ
361 4895 565 4956 πάντας
594 4896 672 4956 είς
702 4895 835 4947 αὐτὸ
861 4893 1018 4946 τοῦτο
1040 4896 1167 4957 τοὺς
1199 4898 1473 4962 γιωστοὺς
1510 4901 1805 4968 συγκαλου-

227 4986 408 5057 μένη·
458 4986 558 5037 οὑκ
594 4985 695 5053 ὅρη
734 4985 984 5057 διερευνᾷ
1018 4989 1110 5039 καὶ
1140 4988 1341 5051 τόπους
1382 4990 1801 5062 ἁνυπονοήτους,

224 5078 331 5131 καὶ
366 5078 534 5131 πολὺν
569 5082 666 5146 μὲν
696 5078 787 5130 τὸν
830 5078 1061 5149 θόρυόον
1090 5082 1145 5131 ὲν
1191 5079 1265 5149 τῷ
1299 5082 1465 5148 γένει,
1520 5084 1720 5154 πολλὴν
1748 5086 1804 5138 δὲ

222 5169 335 5238 τὴν
366 5169 706 5236 κατάγνωσιν
754 5169 895 5221 κατὰ
931 5168 1024 5222 τοῦ
1059 5171 1537 5241 ἀποδεδημηκότπ
1587 5176 1801 5247 ὲπιϐοᾷ,

222 5260 311 5321 ὡς
334 5257 611 5329 ἀλλότριόν
641 5276 694 5312 τι
733 5260 833 5328 τῆς
860 5262 1164 5325 κοινωνίας,
1206 5264 1299 5314 καὶ
1329 5263 1683 5333 συμϐιώσεως
1714 5266 1805 5335 βε-

224 5349 598 5418 ϐουλευμένου
622 5368 637 5383 ο
672 5353 748 5414 ὡς
775 5350 931 5420 ξένην
959 5352 1059 5420 τῆς
1090 5354 1363 5424 προτέρας
1386 5356 1597 5416 εὐνοίας
1628 5358 1806 5410 ἐπιδε-

222 5441 523 5509 δειγμένον
564 5442 913 5512 προαίρεσιν·
960 5442 1034 5501 ὡς
1063 5442 1330 5499 διελόντος
1365 5445 1661 5513 συνάφειαν
1706 5446 1806 5514 φύ-

226 5549 403 5595 σεως
435 5532 511 5595 ὡς
536 5534 700 5600 νόμου
746 5534 838 5586 τοῦ
879 5534 1238 5605 συνδήσαντος
1270 5534 1618 5606 θεσπίσματα
1668 5556 1806 5607 παρ-

228 5624 462 5687 ιδόντος,
522 5626 616 5679 καὶ
669 5626 887 5679 πάντων
932 5626 1039 5679 τῶν
1103 5629 1223 5680 κατ’
1279 5624 1425 5680 οἷκον
1457 5629 1804 5699 ὑπεριδόντος

226 5714 599 5784 πραγμάτων.
657 5716 848 5769 Οὑδενὶ
897 5718 1101 5769 τούτων
1153 5720 1185 5787 ἡ
1234 5719 1407 5772 ’Ἅννα
1464 5720 1523 5772 τὸ
1563 5722 1804 5789 ἄτρωτον

226 5803 451 5875 ἐπλήγη
476 5805 577 5877 τῆς
607 5808 861 5878 γνώμης⁹
899 5808 1034 5863 ἀλλὰ
1070 5808 1176 5862 τῶν
1219 5809 1316 5879 μὲν
1356 5810 1696 5880 ὀνειδισμῶν,
1730 5812 1803 5875 ὡς

1899 1956 2215 2010 ostenderit.
2250 1956 2316 2009 Ut
2347 1968 2473 2011 tunc
2517 1971 2647 2025 ergo
2675 1958 3007 2027 explicantes
3053 1960 3149 2013 viri
3178 1959 3310 2029 justi
3339 1974 3479 2029 prt-

1904 2046 2202 2115 rogativas,
2228 2061 2413 2101 earum
2453 2049 2832 2103 excellentiam
2854 2064 3051 2104 sutnus
3075 2050 3328 2105 demirati
3353 2068 3368 2116 ;
3398 2051 3479 2104 sic

1900 2147 1955 2190 et
1983 2136 2227 2208 conjugis
2265 2139 2456 2205 Anum,
2498 2149 2555 2193 ιιι
2587 2140 2637 2192 in
2671 2140 2904 2193 medium
2938 2140 3255 2196 disserendo
3300 2142 3475 2195 addu-

1898 2246 2085 2285 eamns
2146 2230 2405 2294 facinora,
2458 2233 2572 2297 pari
2619 2246 2682 2287 ea
2736 2234 3101 2287 admiratione
3158 2232 3472 2289 emeremus.

1900 2322 2116 2392 ιΕτιιιειΙί
2169 2325 2314 2378 enim
2364 2325 2621 2392 patientia
2673 2334 2893 2393 praestat
2931 2340 2993 2379 ac
3022 2326 3472 2395 perseverantia;

1900 2416 2053 2484 quin,
2087 2425 2142 2468 et
2174 2416 2340 2469 vineit
2388 2415 2573 2485 gloria:
2624 2416 2861 2470 cumulo.
2924 2416 3095 2471 Porro
3146 2418 3300 2486 plura
3350 2429 3479 2479 sunt

1900 2522 2021 2577 quae
2050 2507 2151 2562 hoc
2179 2517 2446 2571 astruant,
2475 2522 2539 2561 ae
2567 2508 2710 2561 velut
2748 2507 3045 2575 subiiciant
3073 2509 3269 2574 m-ulis,
3300 2521 3357 2564 ιιι
3384 2511 3476 2564 cui

1900 2600 2140 2653 animum
2178 2599 2361 2653 lubeat
2402 2600 2679 2654 adhibere.
2728 2600 2953 2671 1\etnpe,
2986 2617 3108 2656 eum
3147 2604 3316 2656 Anna
3347 2618 3480 2669 peu-

1905 2692 2079 2745 tilinm
2120 2692 2171 2745 in
2222 2705 2341 2744 eam
2393 2691 2639 2747 cenvicia
2692 2694 2762 2746 ob
2794 2693 3204 2749 infecunditatis
3261 2695 3472 2757 vitium,

1905 2796 2016 2837 tum
2048 2784 2228 2852 ignota
2269 2784 2366 2836 viri
2411 2786 2690 2846 absentia;
2734 2787 2800 2839 ad
2835 2787 2949 2840 luce
2984 2800 3112 2839 vero
3148 2798 3473 2856 praesumpta

1902 2875 2112 2929 ancillae
2145 2876 2393 2940 dicteria,
2438 2890 2687 2946 quasque
2717 2891 2900 2930 rumor
2928 2886 3083 2931 erant
3108 2878 3317 2947 jactare
3339 2892 3475 2933 con-

1906 2970 2132 3023 tribules
2163 2968 2472 3023 sterilitatis
2496 2969 2891 3033 exsecratione,
2918 2969 3066 3023 diras
3103 2986 3117 3023 :
3147 2971 3336 3023 eadem
3360 2970 3472 3037 ipsa

1904 3063 2094 3115 ancilla
2128 3064 2196 3116 oh
2228 3062 2414 3115 oculos
2445 3072 2700 3131 ponente,
2735 3077 2798 3116 ac
2841 3078 3033 3117 carum
3083 3079 3477 3119 commemora-

1908 3156 2052 3207 tione
2117 3155 2534 3222 penetrabiliora
2594 3155 2646 3208 in
2698 3153 2955 3207 feminam
3026 3156 3231 3223 justam
3296 3155 3476 3225 jaeula

1906 3247 2180 3317 iniigenle.
2224 3247 2514 3301 Enimvero
2548 3255 2825 3315 opponens
2859 3252 3037 3311 Anna,
3068 3244 3156 3316 iis,
3186 3264 3305 3318 qua:
3333 3252 3477 3304 velut

1903 3340 2136 3409 agmine,
2178 3338 2353 3391 tristia
2386 3339 2690 3403 irruebant,
2724 3340 3104 3393 sustinentiam
3135 3340 3324 3404 animi,
3355 3339 3474 3395 alli-

1900 3430 2145 3485 eiebatur
2194 3430 2433 3497 quidem,
2482 3438 2540 3483 ut
2577 3445 2642 3484 ne
2694 3431 2816 3485 sine
2867 3444 3034 3484 sensu
3085 3431 3153 3485 ad
3181 3445 3245 3486 ea
3276 3432 3477 3488 habere

1904 3521 2216 3579 videretur:
2265 3521 2407 3575 haud
2452 3530 2635 3575 tamen
2667 3537 2696 3574 a
2730 3521 2949 3576 sublimi
3000 3523 3278 3592 patientia:
3325 3538 3473 3590 arce,

1904 3609 1984 3661 vel
2027 3610 2078 3662 in
2124 3607 2321 3665 defecti
2370 3610 2533 3663 animi
2579 3611 2962 3679 abjectionem,
3011 3614 3096 3667 vel
3134 3615 3187 3667 in
3230 3615 3477 3685 indigna-

1903 3701 2067 3755 tionis
2097 3712 2323 3766 motnm,
2371 3716 2469 3770 pro
2506 3702 2573 3757 iis
2604 3704 2802 3772 quibus
2850 3706 2992 3760 male
3033 3705 3349 3772 habebatur,
3384 3710 3480 3761 do-

1896 3796 2039 3860 jeeta
2073 3797 2190 3847 fuit.
2219 3793 2371 3849 Unde
2391 3810 2566 3863 neque
2591 3794 2792 3864 aliquid
2816 3797 3076 3851 adversus
3102 3800 3477 3854 conviciautes

1906 3885 2207 3949 τιτεμυιιιΙει,
2240 3899 2415 3953 neque
2461 3885 2724 3938 adversus
2776 3885 3031 3953 injustam
3080 3902 3265 3942 eorum
3301 3891 3480 3942 inero-

1905 3979 2174 4046 pationem
2210 3977 2459 4046 insurgit.
2498 3975 2611 4030 Non
2668 3976 2847 4031 livida:
2888 3977 3178 4033 voluntatis
3206 3980 3303 4043 ait,
3332 3964 3504 4049 quod.

1905 4070 2269 4136 pra-texebant
2304 4068 2481 4123 scelus
2513 4088 2525 4123 :
2563 4084 2667 4123 non
2709 4084 2821 4123 sua:
2867 4070 3104 4138 ipsorum
3154 4074 3352 4126 mentis
3395 4072 3481 4126 ln-

1907 4172 2144 4220 \‘etttttttt,
2196 4174 2296 4213 nec
2334 4160 2459 4213 tale.
2495 4170 2550 4211 ut
2582 4160 2635 4212 in
2665 4158 2947 4228 Scriptura
2995 4174 3153 4215 sacra
3188 4161 3478 4226 habeatur,

1908 4252 2230 4305 maleficium
2281 4252 2595 4320 exprobrat.
2653 4251 2979 4320 Quanquam
3009 4253 3209 4307 eximia
3259 4256 3481 4322 generis

1908 4344 2187 4396 nobilitate
2243 4345 2545 4408 honestata,
2596 4356 2660 4397 ac
2706 4341 3041 4412 suﬂ'ragante
3088 4346 3192 4397 vita
3238 4347 3477 4406 sincera.

1907 4450 2004 4488 nec
2056 4438 2134 4489 eis
2188 4438 2445 4491 audacter
2509 4439 2748 4505 restitit,
2819 4453 2920 4494 nec
2992 4455 3181 4495 eorum
3250 4453 3481 4498 conatus

1837 4566 1878 4617 η
1910 4527 2304 4592 temeritatem,
2383 4529 2726 4600 alienamque
2774 4544 2805 4585 a
2854 4532 3066 4587 ratione
3142 4534 3477 4591 molitionem

1907 4621 2170 4686 coarguit.

1981 4706 2072 4762 Sic
2097 4709 2286 4773 etiam,
2333 4725 2454 4763 cum
2498 4712 2735 4776 virtutis,
2766 4728 2829 4768 ac
2862 4716 3027 4769 totius
3062 4717 3185 4772 vitae
3215 4718 3479 4774 rationem

1906 4801 2087 4855 Socius
2129 4814 2247 4853 sese
2276 4802 2617 4867 occultasset,
2651 4818 2754 4856 non
2784 4806 3034 4859 eireuivit
3065 4824 3336 4877 quaerens,
3379 4826 3479 4864 nn-

1907 4901 2097 4959 tosque
2130 4906 2317 4946 omnes
2349 4895 2413 4945 ad
2443 4894 2687 4948 eamdem
2712 4909 3018 4953 convocans
3048 4901 3476 4969 inquisitionem.

1907 4980 2020 5034 Non
2074 4990 2282 5035 montes
2322 4993 2621 5049 scrutatur,
2668 5000 2732 5039 ac
2770 4985 2886 5040 loca
2940 4989 3253 5059 improvisa,
3298 4993 3481 5046 suisve

1906 5073 2196 5143 gentilibus
2229 5074 2449 5128 multam
2483 5078 2839 5130 turbationem
2878 5076 3120 5148 facessit,
3154 5092 3269 5137 vtro
3297 5094 3480 5138 autem

1908 5164 2131 5217 multum
2167 5166 2233 5219 ab
2258 5166 2499 5221 absentia
2529 5169 2757 5222 intentat
2786 5170 3018 5240 crimen,
3056 5184 3312 5243 tanquam
3345 5176 3478 5230 alie-

1908 5273 2032 5307 nunt
2085 5258 2212 5325 quid
2257 5274 2284 5310 a
2330 5259 2591 5313 sor-ietate
2636 5275 2697 5314 ac
2730 5264 3062 5318 matrimonii
3101 5265 3225 5335 jure
3266 5267 3484 5321 molitus

1906 5352 2004 5411 sit;
2033 5360 2287 5418 tanquam
2327 5352 2656 5405 voluntatem
2705 5354 2843 5409 nihil
2885 5357 3049 5425 priori
3098 5359 3482 5414 benevolentia:

1906 5456 2197 5510 rotigrnam
2230 5442 2561 5506 ostenderit;
2595 5452 2650 5495 ιιι
2685 5434 2781 5513 qui
2819 5460 3027 5502 natura:
3065 5450 3336 5503 vinculum
3367 5451 3481 5504 sol-

1905 5534 2079 5596 verit;
2118 5534 2303 5603 utqui
2355 5532 2486 5601 legis
2552 5536 2909 5610 astringentis
2974 5544 3109 5596 scita
3164 5544 3481 5612 neglexerit,

1908 5641 2127 5691 remque.
2161 5634 2324 5679 totam
2378 5625 2703 5683 familiarem
2737 5635 3059 5702 despexerit.
3116 5634 3255 5690 Nihil
3288 5638 3480 5689 horum

1906 5716 2343 5770 invulnerabilem
2376 5717 2543 5769 Annae
2592 5732 2831 5777 mentem
2876 5728 3211 5794 perstrinxit.
3248 5727 3325 5780 Ac
3357 5729 3481 5795 qui-

1909 5811 2026 5864 dem
2061 5818 2263 5877 sprevit
2307 5810 2587 5878 convicia,
2646 5826 2703 5869 ut
2751 5817 2971 5873 tuittimc
3032 5818 3317 5875 allicicntia
3364 5820 3481 5875 ani-
