4200 6430
263 390 401 459 13ῦὸ

1330 395 1407 455 ΙΝ
1449 396 2029 458 ΟυΝΟΕΡΤΙΟΝΕΜ
2072 399 2129 457 S.
2173 397 2415 456 ΑΝΝίΕ.

3384 390 3523 456 1366

261 500 574 567 ἐπιτιμίας·
624 501 675 553 εί
706 518 764 569 γε
800 500 964 569 μηδὲν
1015 502 1123 555 τῶν
1170 502 1313 554 οὕτω
1348 503 1706 573 διακειμένων
1752 504 1835 557 διΞι

1949 506 2162 558 illorqu
2193 506 2281 575 qui
2316 505 2386 557 ita
2416 501 2635 565 habent,
2663 519 2756 556 ore.
2790 502 3116 571 proferebat.
3163 502 3301 557 Sunt
3325 505 3523 573 quippe

262 594 532 663 στόματος
589 593 868 663 παρῆγεν;
908 594 1157 664 Ἀπρεπῆ
1198 595 1306 664 γὰρ
1352 596 1461 648 τῶν
1510 596 1839 666 μεθυόντων,

261 686 355 738 mi.
409 685 815 756 παροινούντων
848 685 916 739 τὰ
960 687 1214 755 ῥήματαο
1264 686 1338 750 οῖ,
1373 686 1467 739 καὶ
1516 690 1726 756 σιωπᾷν
1752 687 1841 756 ὑφ’

263 776 465 844 ἐτέρων
508 776 912 846 ἐκδιαζόμενοι,
960 777 1056 831 καὶ
1094 778 1382 849 παιόμενοι
1429 779 1693 849 σφοδρῶς,
1742 780 1842 843 τὰς

264 865 501 929 ἀναιδεῖς
539 866 752 929 ἐκείνας
775 866 1042 935 ἐπαφιᾶσι
1070 868 1252 935 φωνάς
1277 885 1289 897 ·
1312 868 1709 937 παραπλησίως
1729 871 1840 932 τοῖς

262 958 462 1026 λόγοις,
492 959 587 1011 καὶ
616 958 713 1030 τὴν
740 951 981 1031 ἄκοσμον
1014 962 1451 1031 ἐπιδεικνύμενοι
1483 963 1737 1033 θεωρίαν.
1776 966 1839 1017 ἰι

260 1050 343 1114 δὲ,
388 1052 441 1105 τί
500 1052 705 1106 τούτων
733 1053 1140 1125 ἀσχημονοῦσα,
1196 1058 1472 1127 τεκμήρια
1516 1059 1617 1125 τῆς
1669 1058 1841 1128 μέθης

262 1144 587 1215 ἐμπαρεῖχες
618 1145 780 1209 Τίνας
817 1147 1089 1216 ἀπρεπεῖς
1125 1148 1273 1217 ηφίει
1306 1151 1486 1218 φωνάς
1508 1166 1521 1213 ς
1544 1149 1709 1202 Ποίαν
1729 1148 1838 1202 τῶν

263 1235 686 1303 σωφρονούντων
734 1238 1083 1308 παρήμειψεν
1120 1239 1411 1305 cerasia»;
1439 1240 1563 1293 Ὅτι
1595 1241 1836 1310 ἀφωνίαν

261 1326 741 1392 καταδικασθείσα,
790 1328 1017 1398 ἔστεργε
1051 1330 1151 1399 τὴν
1177 1331 1500 1400 ἐπιτιμίαν;
1541 1332 1623 1384 ὅτι
1652 1335 1716 1402 τῇ
1748 1332 1838 1384 εύ-

260 1417 465 1488 κοσμία
490 1417 585 1470 τοῦ
622 1418 904 1489 ὁρωμένου
933 1423 1236 1492 σχήματος,
1258 1424 1359 1493 τὴν
1380 1426 1437 1477 ἐν
1464 1424 1674 1495 διανοίᾳ
1703 1443 1841 1497 παρ-

260 1508 449 1578 εδήλου
494 1510 861 1577 κατάστασινς
899 1514 981 1567 ὅτι
1018 1517 1144 1585 σιγῇ
1188 1518 1401 1587 συνεῖχε
1430 1516 1529 1588 τὴν
1560 1516 1707 1571 ἔνδον
1740 1520 1839 1589 τῆς

259 1601 428 1669 εὐχῆς
456 1602 838 1674 ἀναπτομένην
867 1605 1062 1675 φλόγα,
1096 1607 1190 1660 καὶ
1220 1607 1447 1677 χειλέων
1484 1610 1663 1679 μόνων
1688 1612 1838 1681 κινή-

261 1708 365 1752 σει,
389 1692 449 1744 τὸ
468 1693 673 1761 ταύτης
696 1696 948 1764 ἐνέφαινε
979 1698 1276 1771 διάπυρον;
1304 1700 1463 1769 Αὐτὴ
1492 1700 1621 1768 γάρ,
1646 1704 1836 1772 φησὶν,

257 1782 463 1836 ἐλάλει
486 1784 556 1837 ἐν
580 1785 656 1853 τῇ
692 1788 903 1855 καρδίᾳ
943 1788 1152 1857 αὐτῆς,
1196 1791 1294 1844 καί
1320 1793 1392 1845 τὰ
1431 1794 1606 1861 χείλη
1646 1793 1837 1862 αὐτῆς

257 1874 531 1939 ἐκινεῖτο,
570 1878 667 1929 καὶ
695 1879 866 1947 φωνὴ
900 1878 1087 1947 αὐτῆς
1118 1884 1228 1935 οὐκ
1274 1882 1549 1949 ἠκούετο.
1585 1884 1698 1938 Οὐκ
1728 1885 1834 1938 ἔδει
1869 1858 1910 1913 Β

257 1959 350 2015 οὖν
382 1964 514 2034 πρὸς
555 1966 653 2037 τὴν
685 1968 984 2042 παράδοξον
1026 1971 1196 2041 αὐτῆς
1242 1971 1582 2043 ἐκπλαγῆναι
1635 1992 1834 2045 καρτε-

261 2055 422 2126 ρίαν;
460 2058 579 2113 Οὐκ
611 2060 718 2114 ἔδει
774 2062 834 2115 τὸ
868 2062 1125 2125 εὐσταθὲς
1167 2064 1263 2117 τοῦ
1310 2067 1589 2136 ὁρωμένου
1630 2068 1837 2139 ταύτης

256 2150 649 2221 ἀποθαυμάσαι
694 2153 1013 2223 σχήματο.;;
1055 2155 1155 2227 τὴν
1205 2156 1466 2228 ἀσίγητον
1509 2158 1569 2211 ἐν
1622 2160 1836 2232 ἀφωνία

259 2245 397 2310 πρὸς
428 2242 561 2295 Θεὸν
592 2243 812 2314 δέησιν;
840 2245 937 2315 τὴν
984 2246 1209 2318 διηνεκῆ
1249 2248 1357 2301 τῶν
1388 2248 1652 2318 ὀμμάτων
1698 2252 1834 2321 πρὸς

256 2334 485 2401 οὐρανὸν
512 2336 827 2403 ἀνάνευσινς
858 2340 983 2402 τοὺς
1012 2342 1076 2393 ἐκ
1109 2340 1337 2410 συνοχῆς
1366 2341 1593 2412 καρδίας
1627 2342 1833 2414 ἀλαλή-

256 2442 408 2490 τους,
441 2428 640 2497 μᾶλλον
661 2430 716 2482 δὲ
747 2432 1022 2503 ἀηχήτους
1063 2434 1433 2503 στεναγμούς;
1463 2434 1557 2487 καὶ
1583 2435 1690 2509 γὰρ
1714 2436 1833 2489 οὐδὲ

257 2515 455 2579 αὐτοὺς
482 2517 839 2583 ἐξακούεσθαι
865 2526 1123 2595 παρεῖχε*
1149 2524 1230 2577 διό
1254 2542 1409 2595 φησιν
1440 2526 1613 2593 Φωνὴ
1646 2524 1835 2594 αὐτῆς

256 2611 370 2662 οὐκ
413 2610 686 2679 ἠκούετο.
721 2616 781 2668 Οἱ
832 2615 954 2687 μὲν,
998 2616 1108 2669 τῶν
1152 2617 1432 2689 ἐνάρθρων
1478 2618 1648 2690 αὐτὴν
1697 2620 1833 2672 ἀπο-

257 2701 499 2756 κλείουσι
529 2706 623 2757 καὶ
652 2707 846 2776 φωνῶν
871 2709 962 2761 καὶ
992 2709 1166 2778 λόγων
1186 2726 1199 2738 ·
1230 2712 1262 2782 ἠ
1293 2711 1372 2775 δὲ,
1410 2714 1506 2767 καὶ
1540 2712 1640 2777 τὰς
1667 2715 1834 2787 ἀνάρ-

258 2793 422 2865 θρους
448 2797 664 2869 ἐπεῖχεν
703 2801 1011 2870 ἐνηχήσεις,
1059 2804 1333 2873 μηδεμίαν
1371 2807 1485 2869 τοῖς
1520 2807 1832 2863 σκώπτουσι

258 2888 618 2957 συγχωροῦσα
645 2890 866 2959 δοθῆναι
898 2893 999 2963 τὴν
1025 2894 1305 2966 ἀφορμήν.

342 2978 481 3031 Ἀλλ’
521 2980 659 3051 αὑτὴ
694 2983 794 3051 μὲν
836 2983 1000 3048 οὕτω,
1031 2988 1124 3038 καί
1170 2987 1393 3059 τοιαύτῃ
1430 2992 1499 3060 τῇ
1544 2990 1834 3063 θαυμαστῇ

257 3086 325 3121 κσ
339 3070 547 3141 ρτερίᾳ,
579 3074 677 3137 τὰς
703 3075 838 3145 πρὸς
866 3077 997 3129 Θεὸν
1027 3078 1262 3132 ἀνέτεινε
1301 3080 1512 3150 δεήσεις
1540 3099 1552 3112 ·
1586 3084 1645 3135 τὸ
1682 3084 1726 3136 δ’
1756 3087 1835 3149 είς

255 3162 428 3233 αὐτὴν
484 3165 730 3232 αὐθαδῶς
781 3169 1129 3223 ἐπισκῶπτον
1177 3173 1483 3243 παιδάριον,
1534 3176 1585 3228 τί
1638 3195 1830 3248 gmw;

258 3254 413 3320 Ἕως
429 3259 575 3309 πότε
588 3260 985 3327 μεθυσθήσῃς
1016 3263 1251 3330 περίελέ
1276 3264 1351 3331 δὴ
1382 3264 1485 3319 τὸν
1501 3263 1669 3321 οἶνόν
1692 3285 1828 3335 σευ,

256 3346 356 3396 καὶ
390 3346 648 3413 πορεύου
685 3347 754 3400 ἐκ
800 3350 1130 3417 προσώπου
1182 3354 1421 3420 Κυρίου.
1476 3356 1634 3407 Ποῖον
1675 3376 1832 3426 περι-

255 3436 399 3489 silv
418 3433 563 3489 οἶνον
592 3440 728 3509 αὐτῇ
754 3441 1144 3510 προστάσσεις;
1172 3444 1262 3496 τὸν
1295 3445 1431 3515 πρὸς
1465 3446 1598 3499 Θεὸν
1638 3448 1831 3502 διάπυ-

258 3548 354 3600 ρον
399 3530 601 3597 «eo»;
653 3532 713 3584 τὸ
744 3534 1005 3601 νηφάλιον
1041 3534 1141 3606 τῆς
1186 3537 1454 3604 διανοίας;
1507 3539 1605 3609 τὴν
1648 3542 1833 3595 ἄσιτον

257 3621 586 3691 καρτερίανς
616 3622 716 3686 τὰς
754 3626 818 3676 ἐκ
868 3625 1099 3695 ζεούσης
1142 3626 1323 3698 ψυχῆς
1371 3630 1835 3702 ἀναπεμπομένας

256 3710 451 3778 εὐχάςς
483 3711 587 3763 ποῦ
614 3712 668 3764 δὲ
694 3714 787 3765 καὶ
814 3713 1050 3783 πέμπεις
1076 3718 1137 3768 ἐκ
1188 3719 1478 3786 προσώπου
1508 3723 1713 3791 Κυρίου
1738 3725 1834 3795 τὴν

256 3803 325 3854 τὶ
358 3803 531 3856 πάντα
560 3804 912 3873 παριδοῦσαν,
938 3808 1032 3858 καὶ
1060 3808 1116 3859 τὸ
1144 3808 1353 3861 ἐκείνου
1382 3812 1541 3879 μόνον
1567 3815 1831 3883 ἐκζητοῦ-

261 3909 363 3943 σαν
382 3894 671 3962 πρόσωπον
693 3911 705 3923 ’
729 3896 827 3966 τὴν
856 3898 913 3949 ἐν
944 3899 1144 3970 καρδία
1178 3901 1268 3954 τὸν
1289 3902 1458 3973 αὐτῆς
1498 3913 1835 3977 συνῳκισμέ-

258 4002 348 4035 νον
378 3984 577 4055 ἔχουσα
630 3986 795 4041 πόθον
817 4005 831 4019 ο
859 3989 957 4060 τὴν
991 3991 1270 4062 ἀκροατὴν
1319 3994 1479 4060 μόνον
1518 3998 1681 4050 αὑτὸν
1728 4001 1834 4052 τῶν

254 4077 476 4130 οἰκείων
516 4076 821 4147 βλέπουσαν
866 4082 1147 4151 ῥημάτων,
1181 4082 1240 4136 ὃν
1271 4084 1471 4153 μᾶλλον
1504 4088 1561 4139 ἐν
1597 4092 1707 4151 τοῖς
1738 4092 1829 4144 ὲκ·-

254 4168 369 4231 15;,
405 4168 437 4238 ἦ
467 4168 614 4222 ἔνδον
650 4170 751 4240 τῆς
798 4170 1026 4241 σκηνῆς,
1057 4176 1167 4235 τοῖς
1210 4175 1309 4246 τῆς
1356 4175 1594 4242 διανοίας
1623 4180 1833 4250 ὄμμασι

254 4261 557 4331 προόλέπει
584 4279 598 4327 ;

333 4351 440 4403 Καὶ
473 4350 617 4403 οὓτω
662 4350 763 4421 μὲν
813 4353 871 4405 ἐν
921 4352 999 4424 τῷ
1029 4354 1127 4425 τῆς
1179 4359 1486 4428 προσευχῆς
1532 4362 1729 4432 καιρῷ,
1765 4367 1831 4434 τῇ

252 4441 426 4494 πάλαι
459 4442 898 4513 συνεπετέθησαν
926 4444 977 4495 οἱ
1008 4444 1453 4510 ἐπισκώπτοντες
1492 4452 1687 4523 ἈννὩ’
1721 4457 1752 4525 ἡ
1778 4455 1833 4509 δὲ

1944 614 2155 662 enrtnn,
2198 600 2286 667 qui
2335 597 2470 651 ebrii
2519 612 2581 651 ac
2642 597 2918 651 temulenti
2972 612 3000 650 a
3056 596 3182 649 vino
3228 599 3519 657 exsistunt.

1942 689 2102 742 verba
2140 690 2445 753 inhonesta,
2490 698 2543 742 ut
2576 703 2701 741 cum
2747 688 2910 743 etiam
2956 690 3044 742 alii
3079 696 3278 757 cogunt
3315 697 3517 748 tacere.

1943 797 2005 833 ae
2038 781 2233 835 acerbe
2272 781 2504 844 cadunt,
2537 780 2722 847 plenas
2774 778 3125 833 nihilominus
3174 778 3504 847 impudenti;

1945 888 2106 928 voces
2165 875 2287 928 illas
2340 873 2580 937 mittant,
2614 871 2755 926 haud
2808 886 2867 926 se
2899 870 3035 925 alios
3091 872 3412 926 exhibentes
3455 871 3521 922 ad

1943 968 2334 1035 Spectaculum,
2369 981 2432 1021 ac
2461 966 2807 1020 sermonibus
2857 965 3115 1019 habeant.
3150 962 3273 1017 llaec
3313 972 3517 1025 autem,

1942 1073 2179 1121 quanam
2229 1058 2318 1112 tali
2361 1056 2695 1126 turpitudine
2728 1056 2964 1110 ostendit
2996 1071 3056 1111 se
3086 1054 3338 1109 ebriam?
3373 1054 3517 1120 Quas

1944 1147 2229 1203 indecoras
2274 1148 2457 1202 emisit
2490 1145 2689 1200 voces?
2713 1143 2851 1211 Quid
2882 1145 2930 1199 ei
2969 1145 3033 1200 de
3065 1144 3260 1199 sobriae
3305 1142 3518 1197 femina:

1943 1239 2335 1308 compositione
2405 1236 2681 1292 decessit?
2741 1234 2879 1290 Num
2914 1250 2981 1290 eo
3032 1234 3180 1289 ebria
3246 1235 3517 1297 videatur,

1942 1332 2084 1399 quod
2134 1328 2389 1382 damnata
2440 1336 2499 1381 ut
2546 1326 2967 1389 obmutesceret,
3018 1324 3274 1379 indiciam
3330 1324 3519 1377 lubens

1942 1422 2165 1473 tuuttam
2220 1416 2558 1485 susceperit?
2611 1413 2747 1468 Num
2801 1416 2928 1485 quia
2991 1414 3223 1470 visibilis
3300 1415 3518 1468 habitus

1942 1510 2247 1575 honestate,
2285 1509 2552 1562 internum
2589 1508 2756 1561 animi
2786 1507 3229 1561 constitutionem
3260 1507 3518 1560 ostende-

1942 1603 2057 1656 ret?
2080 1602 2211 1655 Num
2242 1602 2364 1671 quia
2394 1616 2678 1656 accensam
2706 1600 2933 1653 internae
2959 1598 3223 1653 orationis
3245 1597 3516 1650 ﬂammam

1941 1694 2158 1749 silentio
2208 1692 2512 1759 continens,
2557 1692 2673 1746 solo
2704 1691 2970 1745 labiormn
3005 1698 3173 1754 motu,
3211 1704 3366 1742 suum
3401 1689 3516 1757 ipsa

1941 1785 2213 1856 proferret
2259 1783 2571 1840 fervorem?
2599 1782 2755 1850 Nam,
2808 1784 3000 1854 inquit,
3040 1781 3372 1853 Loquebatur
3406 1784 3517 1849 ipsa

1939 1879 1992 1932 in
2013 1880 2166 1932 conte
2210 1894 2326 1945 suo,
2364 1887 2411 1932 el
2440 1876 2581 1930 labia
2609 1875 2721 1945 ejus
2768 1876 3109 1930 movebuntur
3130 1914 3144 1937 ,
3180 1884 3227 1927 et
3268 1889 3369 1927 v0.1:
3400 1872 3513 1942 ejus

1939 1986 2041 2022 non
2064 1967 2400 2022 audiebatur.
2435 1965 2623 2020 Nonne
2657 1975 2786 2036 ergo
2810 1966 3070 2035 prmclara
3104 1965 3190 2018 illa
3230 1965 3517 2018 assiduitas

1938 2070 2212 2129 stuporem
2251 2059 2546 2114 conciliare
2583 2058 2809 2112 habuit?
2849 2057 3037 2112 Nonne
3088 2056 3319 2112 visibilis
3364 2055 3516 2108 habi-

1941 2161 2026 2207 tus
2089 2163 2235 2207 recta
2290 2150 2614 2221 compositio
2663 2149 2763 2204 fuit
2826 2149 3169 2204 admirationi
3226 2147 3517 2202 habenda?

1938 2243 2125 2298 Nonne
2184 2243 2271 2298 illa
2314 2244 2365 2297 in
2424 2243 2638 2298 silentio
2690 2244 2885 2312 loquax
2943 2242 3008 2295 ad
3072 2241 3235 2295 Deum
3301 2239 3516 2297 oratio“!

1937 2336 2122 2391 Nonne
2139 2340 2216 2391 sic
2238 2337 2353 2407 jugi
2389 2335 2738 2389 contentione
2764 2344 2941 2389 erecta
2968 2334 3019 2387 iu
3050 2333 3245 2387 uelum
3272 2329 3514 2384 huuiua?

1936 2430 2125 2484 Nonne
2159 2432 2392 2499 gemitus
2434 2445 2498 2483 ex
2552 2428 2799 2497 angustia
2834 2430 3033 2490 cordis,
3062 2426 3209 2481 nullo
3237 2440 3512 2488 sermone,

1938 2531 1992 2575 at
2026 2537 2197 2589 neque
2246 2536 2402 2587 sono,
2448 2521 2734 2589 expressi?
2785 2519 2917 2573 Nam
2955 2533 3130 2587 neque
3179 2533 3272 2572 eos
3305 2517 3514 2571 sinebat

1940 2615 2073 2669 foris
2106 2614 2303 2667 audiri.
2338 2612 2547 2667 Idcirco
2575 2614 2651 2666 ait
2689 2632 2703 2668 :
2760 2609 2875 2666 Vox
2898 2610 3012 2680 ejus
3044 2627 3144 2663 non
3173 2610 3509 2663 audiebatur.

1937 2703 2234 2758 Prohibent
2277 2704 2375 2770 illi,
2432 2711 2492 2757 ut
2549 2718 2616 2757 ne
2665 2702 2982 2756 articulatas
3038 2715 3200 2755 voces
3254 2715 3316 2753 ac
3353 2699 3513 2752 verba

1937 2792 2098 2857 edat;
2153 2801 2211 2846 at
2258 2791 2373 2854 illa,
2436 2806 2505 2846 ne
2544 2806 2704 2859 quam
2772 2790 3121 2845 illudentibus
3171 2790 3513 2843 tu-easiotmu

1937 2886 2221 2953 praeberet,
2261 2884 2605 2939 indistinctus
2644 2884 2805 2937 etiam
2838 2899 3005 2937 sonos
3036 2883 3334 2951 premebat.

2011 2970 2101 3026 Sic
2130 2973 2410 3027 enimvero
2462 2972 2574 3037 illa,
2613 2973 2844 3027 mirabili
2876 2971 3137 3041 ejusmodi
3172 2971 3512 3027 assiduitate.

1936 3078 2122 3134 preces
2152 3065 2217 3118 ad
2267 3064 2432 3119 Deum
2470 3065 2823 3119 submittebat
2882 3083 2894 3118 :
2946 3064 3083 3131 Quid
3122 3080 3249 3118 vero
3296 3064 3515 3118 adeam

1937 3176 2073 3229 puer
2114 3161 2440 3228 impudentia
2479 3159 2788 3215 lacessens?
2816 3161 3118 3227 Quousque,
3144 3159 3336 3227 inquit.
3368 3157 3515 3210 ebria

1936 3253 2081 3305 eris?
2129 3252 2287 3319 darer
2326 3251 2500 3304 viuum
2549 3261 2716 3312 tuum,
2765 3262 2810 3304 et
2849 3251 2977 3304 vade
3020 3267 3050 3304 a
3097 3250 3236 3319 facie
3280 3248 3513 3303 Domini.

1935 3346 2086 3410 Quod
2115 3359 2241 3397 vero
2270 3345 2453 3398 viuum
2478 3344 2635 3411 jubcs
2665 3344 2920 3398 auferre?
2962 3343 3095 3396 Nmn
3133 3358 3425 3398 accensum
3460 3343 3511 3397 in

1935 3436 2101 3490 Deum
2141 3435 2508 3489 desiderium?
2533 3434 2837 3489 Mcutemne
2870 3434 3145 3489 sobriam?
3170 3433 3364 3504 Jejuno
3394 3450 3516 3489 cor-

1934 3542 2065 3596 pore
2105 3526 2376 3580 assiduam
2415 3525 2770 3579 instantiam?
2797 3528 2943 3593 Quas
2977 3543 3041 3581 cx
3078 3526 3304 3580 ferventi
3333 3524 3516 3579 animo

1936 3618 2205 3675 submittit
2240 3618 2467 3687 preces?
2512 3619 2617 3673 Sed
2649 3619 2794 3673 enim
2824 3634 2931 3687 quo
2964 3628 3017 3673 ct
3057 3635 3085 3672 a
3134 3617 3271 3673 facie
3303 3617 3511 3671 Domini

1936 3726 2053 3765 cam
2116 3711 2398 3777 amandas,
2449 3726 2569 3779 qua:
2623 3712 2744 3766 aliis
2776 3713 3029 3766 omnibus
3082 3713 3303 3782 spretis,
3350 3727 3512 3765 unam

1938 3803 2147 3857 Domini
2183 3803 2375 3857 faciem
2418 3804 2691 3872 exquirit;
2722 3804 2805 3857 cui
2839 3820 2997 3859 suum
3032 3804 3083 3858 in
3120 3815 3339 3873 pectore
3370 3805 3513 3859 desi-

1934 3895 2144 3949 derium
2192 3896 2355 3948 lixum
2420 3904 2539 3963 est;
2586 3911 2726 3965 qum,
2759 3897 3049 3951 verborum
3108 3912 3328 3951 suorum
3388 3913 3513 3951 eum

1934 3988 2200 4041 duntaxat
2257 3987 2557 4042 auditorem
2620 3989 2786 4050 videt,
2839 4002 3000 4056 quem
3065 3989 3238 4058 inagis
3286 3990 3338 4043 iu
3390 3989 3514 4044 aliis

1933 4089 2107 4142 extra,
2136 4093 2298 4148 quam
2330 4079 2468 4133 intra
2495 4078 2920 4145 tabernaculum,
2948 4080 3145 4137 mentis
3168 4079 3336 4137 oculis
3386 4095 3511 4150 pro-

1933 4169 2129 4238 Spicit?

2002 4354 2081 4408 Ac
2120 4366 2245 4409 eum
2278 4354 2495 4424 quidem
2533 4355 2772 4421 modum,
2814 4355 3085 4423 illusores,
3124 4365 3363 4413 veterem
3394 4358 3513 4426 qui-

1935 4445 2055 4500 dem
2089 4445 2327 4509 Annam,
2364 4446 2626 4501 orationis
2663 4456 2928 4516 tempore,
2966 4464 3070 4502 una
3108 4449 3269 4503 veluti
3296 4451 3513 4519 conspi-

253 4532 351 4584 νέα
379 4534 469 4586 καὶ
527 4535 867 4604 συνετωτάτη
919 4535 1157 4602 πάντων,
1201 4538 1469 4592 δεδοικυῖα
1510 4545 1583 4614 μή
1624 4561 1677 4597 τι
1714 4546 1822 4600 τῶν

1936 4533 2166 4597 ratione,
2189 4535 2532 4603 oppetierunt
2556 4553 2568 4589 :
2595 4544 2649 4589 at
2678 4550 2835 4603 nova,
2862 4538 3242 4608 universisque
3273 4539 3511 4609 prudcn-

251 4624 515 4676 τοιούτων
566 4624 754 4689 πάθοι,
811 4626 911 4695 τὴν
954 4628 1148 4698 ἐκτενῆ
1213 4632 1565 4698 προσάγουσα
1618 4636 1825 4707 δέησιν,

251 4714 445 4784 ὥσπερ
477 4715 579 4785 τῆς
624 4716 824 4780 οἰκίας,
857 4716 1001 4770 οὕτω
1033 4721 1125 4772 καὶ
1152 4722 1245 4773 τοῦ
1291 4724 1417 4777 ναοῦ
1456 4726 1786 4790 ὑπεξίστατο
1810 4749 1823 4763 ο

250 4804 345 4855 τὸν
376 4804 784 4876 ὲρημικώτερον
816 4806 872 4858 δὲ
907 4807 996 4859 διὰ
1026 4812 1085 4862 τὸ
1114 4811 1319 4881 ἠρεμον
1361 4813 1456 4866 τοῦ
1490 4818 1826 4886 παραδείσου

253 4897 665 4967 κιταλαμεάνει
706 4898 904 4969 χῶρον,
936 4902 993 4953 ἐν
1018 4894 1061 4970 ᾧ
1086 4904 1264 4970 σοφῶς
1295 4909 1631 4976 προεσκόπει
1668 4910 1727 4963 τὸ
1754 4914 1830 4965 εί-

250 4987 492 5059 λικρινές
518 4989 655 5059 αὐτῇ
699 4990 797 5058 τῆς
834 4990 1283 5064 ἐπιθυμουμένης
1322 4998 1828 5069 συν-τηρηθήσεσθαι

252 5079 589 5148 προσευχῆς.
620 5080 773 5150 Τάχα
806 5081 862 5134 δὲ
888 5083 948 5135 οῦ
982 5082 1069 5135 διὰ
1093 5084 1270 5148 τοῦτο,
1308 5086 1395 5137 διὰ
1430 5087 1485 5139 δὲ
1534 5091 1633 5159 τὴν
1661 5091 1824 5155 ὅντως

248 5173 670 5242 (ινα-κερουμένην
721 5174 1002 5245 ἀλήθειαν,
1038 5178 1136 5245 τὴν
1180 5178 1308 5248 περὶ
1360 5180 1526 5250 αὐτῆς
1557 5183 1655 5253 ἤδη
1704 5201 1830 5254 προ-

248 5262 524 5331 ανεφώνει
548 5264 635 5318 διὰ
668 5282 1009 5335 πραγματων
1040 5268 1282 5323 ἔκϐασιν.
1321 5270 1443 5333 Τοῖς
1477 5273 1584 5343 γὰρ
1611 5276 1671 5343 τῇ
1700 5277 1828 5346 σκιᾷ

246 5355 278 5406 ὃ
298 5354 525 5407 ,υλεύειν
546 5356 990 5427 διατεταγμένοις
1006 5359 1112 5411 τῶν
1135 5363 1371 5430 νομικῶν
1390 5362 1613 5431 ἑθίμων,
1638 5364 1827 5435 ὥσπερ

246 5465 319 5498 τι
344 5446 433 5499 διά
456 5450 836 5519 καρποφορίας
877 5450 1331 5521 καλλιερούμενα,
1367 5452 1509 5504 οὕτω
1535 5455 1630 5506 καὶ
1660 5457 1690 5523 ἡ
1720 5457 1826 5508 τῶν

246 5537 564 5605 ἀναγκαίως
606 5540 943 5610 αἰτουμένων
988 5546 1505 5614 συμπεριεγράφετο
1548 5549 1825 5617 προσευχὴ

247 5632 327 5700 τῷ
355 5629 487 5700 ναῷ,
518 5631 576 5683 ἐν
625 5631 800 5703 τούτῳ
842 5633 1043 5703 μᾶλλον
1088 5635 1195 5689 τῶν
1232 5636 1684 5707 ἐπιζητουμένων
1728 5640 1826 5709 τὴν

244 5720 475 5774 εκϐασιν
500 5720 796 5793 λαμϐάνειν
828 5725 1260 5796 πιστευομένων.
1295 5726 1606 5798 Προμηνύει
1648 5729 1824 5783 τοίνυν

251 5815 285 5880 η
318 5812 412 5882 τῆς
447 5812 660 5883 χάριτος
691 5812 976 5886 ἐπώνυμος
1017 5818 1216 5882 Ἀννα,
1238 5815 1323 5868 διὰ
1357 5817 1451 5886 τῆς
1486 5818 1623 5873 οὓτω
1656 5834 1818 5890 προσ-

1934 4626 2061 4687 tior,
2103 4626 2362 4679 intentam
2399 4628 2693 4698 jugemque
2729 4630 2975 4684 ablatura
3003 4632 3331 4694 orationem,
3362 4634 3438 4687 uti
3474 4650 3507 4686 α

1933 4718 2115 4782 domo,
2156 4719 2225 4771 ita
2279 4728 2332 4773 et
2360 4737 2388 4771 a
2421 4721 2617 4787 templo
2655 4722 2814 4791 longe
2853 4723 3115 4787 abscedit,
3150 4725 3398 4794 hortique
3436 4724 3511 4779 lo-

1931 4826 2078 4877 cum,
2119 4811 2187 4863 ab
2222 4811 2455 4863 humana
2485 4813 2876 4868 consuetudine
2910 4813 3278 4879 remotiorem,
3311 4816 3508 4884 quietis

1930 4917 2059 4971 ergo
2118 4902 2273 4969 petit,
2324 4903 2412 4955 ubi
2469 4902 2788 4957 desiderata:
2849 4905 3175 4972 precationis
3236 4906 3505 4960 sinceram

1931 4995 2219 5063 puritatem
2275 4994 2377 5048 sibi
2437 5005 2710 5050 servatqu
2754 4997 2819 5049 iri
2877 4996 3157 5065 sapienter
3218 4999 3506 5051 admodum

1933 5087 2279 5156 prawidebat.
2317 5086 2451 5142 Fors
2477 5099 2655 5141 autem
2685 5103 2789 5142 non
2819 5103 2882 5143 ea
2908 5092 3137 5155 ratione,
3162 5091 3252 5144 sed
3286 5099 3509 5159 propter

1933 5179 2213 5232 veritatem
2249 5194 2438 5234 revera
2474 5179 2877 5241 declarandam,
2910 5180 3026 5249 ejus
3076 5180 3182 5237 iam
3233 5195 3301 5235 ex
3332 5182 3510 5251 Operi-

1933 5269 2078 5321 ribus
2112 5270 2253 5322 circa
2309 5284 2368 5325 se
2424 5279 2675 5324 eventum
2722 5271 3066 5339 praedicebat.
3102 5271 3308 5338 Quibus
3361 5273 3506 5325 enim

1931 5361 2305 5428 praseriptum
2383 5371 2499 5413 erat
2559 5370 2616 5413 ut
2680 5361 2933 5431 legalium
2985 5363 3243 5417 scitorum
3305 5365 3509 5418 umbra:

1930 5453 2288 5517 dc5ervirenl,
2325 5454 2397 5507 uti
2432 5453 2708 5509 oii'ercuda
2751 5470 2975 5509 munera
3008 5471 3072 5509 ac
3120 5455 3395 5525 primitia},
3433 5456 3504 5511 ita

1929 5556 1985 5599 et
2060 5547 2491 5600 necessariarum
2555 5562 2733 5601 rerum
2786 5563 2882 5616 per
2927 5548 3227 5603 orationem
3293 5550 3504 5617 petitio,

1933 5638 2115 5707 templi
2160 5637 2364 5691 ambitu
2398 5640 2616 5694 deﬁnita
2647 5650 2783 5709 erat,
2839 5641 2890 5695 in
2925 5657 3033 5712 quo
3078 5642 3311 5698 maxime
3352 5652 3497 5698 voto-

1934 5745 2049 5783 rum
2109 5746 2165 5784 sc
2198 5740 2475 5801 compotes
2531 5732 2644 5787 fore
2691 5749 3010 5803 persuasum
3064 5736 3351 5789 habebant.
3385 5733 3505 5789 Jam

1931 5838 2058 5893 ergo
2096 5824 2428 5895 cognominis
2463 5826 2644 5895 gratia:
2687 5827 2863 5896 Anna,
2915 5843 2975 5883 ex
3035 5826 3305 5893 oratione,
3343 5840 3507 5898 quam
