4200 6430
211 387 335 459 1369

1246 404 1326 466 IN
1367 405 1946 473 CONCEPTIONEM
2000 410 2058 472 S.
2100 413 2345 475 ΑΝΝιΕ.

3301 414 3436 480 1370

204 501 410 568 εὔλογος
448 502 553 555 τῶν
600 505 939 577 σιγησαντων
995 506 1259 578 ἀπολογία
1301 526 1314 543 ⁸
1345 512 1471 582 περὶ
1524 508 1590 583 ἦς
1617 513 1759 567 δεδο-
1787 522 1863 577 Α.

1787 522 1832 577 Α
1860 532 1961 587 qua
1992 520 2228 588 gloriosa
2259 519 2481 575 dicenda
2509 530 2633 577 sunt
2664 535 2724 577 ac
2747 520 3074 578 enuntianda
3096 520 3147 574 iu
3181 521 3432 575 universa

198 590 440 661 £aouiva
475 594 532 646 ιν
579 595 725 668 πάσῃ
775 596 985 671 λογικῇ.
1023 599 1188 669 φύσει
1230 600 1596 673 λαληθήσεται
1633 619 1647 634 ⁸
1692 597 1759 674 ἦς

205 687 375 752 νοιραὶ
423 684 680 755 δυνάμεις
730 688 799 742 τὰ
841 689 1103 760 μεγαλεῖα
1158 691 1615 761 διανυμνήσουσιν
1655 689 1762 766 ’ἦς

205 774 296 845 τὴν
327 774 481 840 δόξαν
504 777 918 847 ἀνακηρύξουσι.
954 780 1372 848 Λαληθήσεται
1405 783 1471 836 τὸ
1521 782 1762 851 σπέρμα

206 883 316 921 σου
343 867 411 921 ἐν
440 866 551 934 ὅλῃ
588 868 660 936 τῇ
696 870 1039 939 οἰκουμένῃ.
1076 872 1146 925 Συ
1193 873 1292 942 μὲν
1344 873 1471 944 γὰρ,
1508 876 1693 944 φησὶν,
1719 868 1763 929 ὦ

210 955 389 1019 Ἀννα,
422 958 483 1010 ού
524 957 777 1012 τοσοῦτον
816 963 915 1030 τῆς
963 960 1055 1013 τοῦ
1089 960 1275 1029 γένους
1305 963 1466 1015 ἕνεκα
1489 962 1764 1032 διαδοχῆς.

207 1046 295 1097 καὶ
316 1046 411 1113 τῆς
441 1049 817 1117 καρποφορίας
841 1051 937 1116 τῆς
964 1050 1198 1118 φύσεως,
1218 1052 1314 1123 τὴν
1337 1051 1597 1123 ἐπίμονον
1626 1070 1766 1124 καρ-

205 1138 403 1206 τερίαν,
424 1142 516 1192 καὶ
533 1141 914 1211 τοὺςδιέύχῆς
938 1142 1155 1211 ἀγῶνας
1178 1144 1483 1214 καταδάλλῃ
1511 1162 1523 1177 ⁸
1550 1162 1764 1214 καρποο

207 1231 386 1298 φορεῖς
423 1230 529 1300 γὰρ
559 1230 652 1302 τὴν
688 1232 795 1284 τῶν
833 1233 1048 1305 ἀρετῶν
1070 1234 1328 1303 ἀφθονίαν
1370 1235 1445 1305 τῷ
1467 1235 1613 1306 Θεῷ·
1643 1237 1769 1289 ὅσον

206 1318 392 1390 διὰτὴν
410 1320 950 1393 ἑξακουσθησομένην
969 1327 1024 1377 ὲν
1049 1325 1125 1395 τῷ
1144 1326 1289 1393 γένει
1313 1327 1402 1393 τῆς
1424 1324 1769 1388 παιδοποιίας

208 1410 411 1479 φήμην,
440 1412 545 1464 τῶν
571 1413 789 1466 ὀνειδῶν
828 1415 924 1484 μὲν
949 1414 1048 1483 τῆς
1079 1416 1332 1478 ἀτεκνίας
1366 1415 1765 1484 ἀπαλλαγῆναι,

210 1502 652 1572 συναριθμεῖσθαι
701 1505 758 1558 δὲ
793 1507 887 1558 καὶ
937 1505 1318 1561 συλλαλεῖσθαι
1378 1507 1638 1576 μητράσι,
1676 1507 1770 1559 καὶ

208 1589 304 1657 τῆς
352 1592 602 1660 εὐλογίας
658 1596 881 1648 ἐκείνων
917 1595 991 1665 μὴ
1039 1597 1449 1666 ἀποκρίνεσθαι.
1499 1596 1557 1649 Ὀ
1586 1597 1642 1648 δὲ
1670 1596 1769 1664 τῆς

209 1680 436 1750 δεήσεώς
469 1700 559 1735 σου
601 1686 832 1755 καρπὸς,
862 1687 956 1738 καὶ
985 1689 1017 1757 ἡ
1051 1689 1150 1760 τῆς
1180 1689 1395 1756 φύσεως
1425 1686 1672 1758 εὐφορία,
1707 1687 1768 1738 ού

213 1773 366 1842 μόνον
400 1774 459 1827 ὲν
486 1774 562 1846 τῷ
603 1776 841 1846 Ἰσραὴλ,
874 1778 906 1848 ἢ
945 1780 1003 1831 ὲν
1035 1781 1148 1841 τοίς
1190 1780 1560 1849 συμφυλὲταις
1606 1780 1771 1846 λαλη-

212 1864 430 1935 θήσεται
471 1845 564 1920 καὶ
612 1845 1097 1941 μεγαλυνθήσεται,
1129 1845 1330 1924 ἀλλ’-ὲν
1357 1870 1452 1943 ὅλῃ
1484 1845 1773 1939 διασοηθή-
1805 1845 1847 1905 Β

215 1971 361 2009 σεται
391 1959 457 2028 τῇ
490 1960 782 2031 οἰκουμένῃ
818 1976 831 1991 ⁸
867 1961 923 2013 ὲν
976 1959 1256 2031 βασιλεῦσι
1304 1962 1399 2014 καὶ
1442 1960 1732 2021 δυνάσταις
1757 1974 1772 1989 ⁸

214 2047 268 2098 ἐν
289 2048 488 2117 ἱερεῦσι
514 2050 605 2103 καὶ
626 2050 853 2113 δικαίοις
874 2065 888 2081 ⁸
916 2051 973 2104 ὲν
996 2049 1404 2118 πολυγλώσσοις
1440 2049 1646 2103 ἔθνεσιν
1673 2066 1685 2079 ·
1718 2050 1775 2103 ὲν

214 2139 388 2205 σοφοῖς
415 2142 506 2191 καὶ
536 2139 758 2209 ἀσόφοις
779 2155 793 2170 ⁸
828 2140 885 2191 ὲν
906 2138 1185 2202 τοσούτοις
1219 2138 1247 2190 ὁ
1285 2138 1376 2201 σὸς
1409 2136 1775 2205 λαληθήσεται

212 2230 418 2300 καρπός
445 2248 459 2260 ⁸
490 2234 569 2295 είς
599 2230 866 2285 τοσούτων
889 2230 1164 2302 διηχηθεὶς
1194 2229 1383 2292 ἀκοὰς,
1419 2227 1776 2298 καταλλήλως

210 2324 323 2384 τοῖς
355 2322 573 2387 οἰκείοις
628 2322 1094 2393 μεγαλυνθήσεται
1141 2320 1490 2391 παραδόξοις.

283 2414 345 2468 Τί
376 2411 468 2469 οὖν
504 2418 537 2486 ὴ
593 2416 836 2487 μακαρία
868 2416 960 2469 καὶ
1014 2413 1387 2484 μεγαλόψυχος
1421 2413 1590 2465 Ἀννα
1620 2427 1635 2477 ;
1665 2405 1776 2463 οἷον

209 2505 505 2577 ἀντίδωρον
559 2505 638 2576 τῷ
688 2506 788 2577 τὴν
829 2505 1087 2575 τοιαύτην
1143 2503 1504 2575 παρεχομένῳ
1563 2502 1776 2555 δίδωσιν

211 2598 460 2665 εὐλογίαν
489 2615 503 2663 ;
539 2598 692 2662 Οἶαις
730 2599 818 2652 τὸν
850 2598 1147 2666 εὐεργέτην
1192 2595 1478 2665 ἀμείϐεται
1522 2595 1637 2656 ταῖς
1671 2593 1774 2646 δω-

216 2692 364 2758 ρεαῖς
390 2705 403 2753 ;
428 2689 557 2750 Οἴας
587 2691 681 2751 τας
733 2690 829 2758 τῆς
860 2689 1080 2758 χάριτος
1123 2686 1530 2756 ὁλοκαρπώσεις
1572 2685 1776 2752 ἀναφέ-

216 2797 329 2849 ρειν
376 2779 909 2847 κατεπαγγέλλεται;
946 2779 1058 2831 Ούκ
1102 2776 1469 2845 ἀναθημάτων
1551 2773 1776 2827 πολυτέ-

211 2873 363 2925 λειαν
400 2887 412 2901 ⁸
451 2871 509 2923 ού
560 2871 627 2923 τὰ
668 2870 727 2934 ἐξ
771 2870 979 2937 ἀλόγων
1028 2867 1180 2932 ζώων
1232 2866 1448 2937 θύματα
1473 2881 1484 2896 ⁸
1526 2866 1587 2918 ού
1638 2880 1772 2932 καρο

213 2961 331 3014 πῶν
382 2961 634 3032 ἀπαρχάς
660 2978 671 2990 ⁸
722 2961 820 3013 οὐκ
854 2959 982 3014 ἄλλο
1030 2977 1082 3011 τι
1124 2958 1233 3011 τῶν
1276 2957 1780 3026 ἀντεισφερομένων

211 3050 683 3121 καλλιερημάτων,
712 3051 822 3104 ἀλλ’
858 3052 1027 3120 αὐτὴν
1047 3050 1143 3121 τὴν
1167 3049 1455 3119 δεδομένην
1475 3049 1608 3117 αὐτῇ
1644 3064 1779 3117 καρ-

214 3143 481 3213 ποφορίαν
530 3141 630 3210 τῆς
670 3141 881 3209 φύσεως
914 3156 928 3172 ⁸
962 3141 1091 3194 αὐτὸ
1124 3141 1183 3193 τὸ
1225 3140 1472 3192 εὐκταῖον
1502 3139 1635 3208 αὐτῇ
1685 3137 1777 3190 καὶ⁵

212 3232 448 3301 ποθητον
502 3231 804 3302 βλάστημα,
843 3232 980 3302 ὑπὲρ
1010 3226 1071 3285 οὗ
1121 3232 1177 3284 αἱ
1228 3228 1480 3298 ὲπίμονοι
1539 3228 1772 3297 δεήσεις,

211 3324 311 3373 καὶ
358 3322 428 3375 τὰ
472 3320 667 3389 δαψιλῆ
717 3322 1039 3390 κατεχρίοντο
1094 3320 1307 3390 δάκρυα
1334 3336 1347 3349 ⁸
1404 3319 1544 3389 ὑπὲρ
1579 3313 1641 3372 οὗ
1686 3316 1779 3371 καὶ

210 3411 497 3480 ἑναγώνιοι
548 3412 856 3483 καρτερίαι,
895 3414 990 3464 καὶ
1035 3411 1325 3482 ὑπεροψίαι
1365 3411 1472 3464 τῶν
1521 3409 1779 3463 εὐπαθεῖν

211 3502 740 3574 παρασκευαζόντων
774 3502 1047 3557 ἁπάντων.
1082 3506 1129 3555 Ζ
1141 3502 1173 3571 ᾖ
1219 3502 1347 3574 γὰρ,
1380 3502 1532 3573 φησι,
1566 3503 1780 3568 Κύριος

212 3601 251 3650 ὁ
292 3597 433 3661 Θεός
465 3612 603 3665 μου,
625 3596 732 3650 ἐὰν
754 3594 1026 3665 γεννήσω
1047 3594 1167 3647 εἴτε
1203 3594 1412 3661 ἄρσεν,
1438 3594 1557 3645 εἴτε
1598 3591 1776 3659 θῆλυ,

214 3690 503 3758 προσάξω
542 3691 685 3744 αὐτὸ
726 3687 916 3758 δῶρον
947 3688 1142 3755 Κυρίῳ
1180 3684 1258 3751 τῷ
1316 3685 1435 3751 Θεῷ
1476 3703 1595 3755 μου
1627 3726 1641 3749 ,
1685 3685 1782 3740 καί

212 3782 390 3834 ἐσται
413 3780 801 3848 λειτουργοῦν
831 3778 990 3844 αὐτῷ
1013 3779 1215 3844 πάσας
1232 3777 1337 3843 τὰς
1367 3777 1607 3845 ἡμέρας.
1643 3776 1784 3845 Ὅρα

210 3870 311 3921 τὸν
350 3869 491 3940 πρὸς,
512 3870 642 3921 Θεὸν
674 3870 771 3938 τῆς
802 3870 1000 3937 ’Δννης
1034 3868 1292 3939 διάπυρον
1330 3867 1491 3920 πόθον
1513 3884 1526 3898 ⁸
1550 3869 1652 3934 ὅρα
1683 3867 1784 3937 τὴν

214 3960 663 4031 ὑπερϐάλλουσαν
706 3961 873 4029 αὐτῆς
909 3959 1313 4031 μεγαλοψυχίαν
1350 3976 1363 3991 ⁸
1392 3960 1493 4030 ὅρα
1524 3962 1669 4023 ὅπως
1699 3960 1787 4013 διὰ.

210 4053 316 4121 τῆς
343 4052 618 4122 παρούσης
642 4053 1012 4122 ἀφιερώσεως,
1038 4052 1131 4104 κα)⁵
1162 4051 1259 4121 τὴν
1287 4052 1533 4120 ἀφθόνως
1566 4051 1642 4121 τῷ
1666 4051 1787 4123 Θεῷ

211 4140 328 4194 τῶν
381 4141 533 4203 ἐκτὸς
600 4139 1016 4211 προσαγομένην
1073 4141 1453 4213 καρποφορίαν
1488 4140 1783 4205 ὑπέδειξεν.

213 4233 283 4285 Et
308 4232 415 4301 γὰρ
449 4233 547 4298 τὴν
581 4232 860 4301 διδομένην
915 4232 1009 4301 τῆς
1046 4231 1258 4299 φύσεως
1306 4231 1578 4298 εὐλογίαν,
1611 4231 1787 4301 ψυχῆς

210 4340 279 4377 τε
312 4322 608 4391 εὐθυμίαν,
653 4324 747 4374 καὶ
796 4322 903 4374 τῶν
955 4326 1131 4375 πίνων
1194 4322 1588 4390 παραμυθίαν,
1646 4320 1788 4374 οὕτω

213 4414 423 4485 ζεούσῃ
449 4414 760 4483 προαιρέσει
787 4414 903 4483 Θεῷ
930 4415 1238 4481 ἀνατίθησι,
1276 4416 1417 4476 τινος
1442 4414 1506 4466 ἂν
1536 4413 1633 4482 τῆς
1666 4413 1781 4465 λοι-

1864 610 2108 665 ratiouali
2147 623 2380 676 natura;
2421 610 2575 679 cujus
2625 612 3007 667 intelleetrices
3039 610 3264 665 virtutes
3320 629 3433 666 tua-

1864 699 2037 767 gualia
2064 702 2286 755 canticis
2314 700 2593 756 celebrant
2617 716 2630 764 ;
2657 702 2809 769 eujus
2839 702 3067 771 gioriam
3106 704 3422 769 praedicant.

1865 789 2244 845 Euuutiabilur
2275 807 2447 845 semen
2500 806 2646 849 tuum
2688 793 2739 846 iu
2779 795 3016 847 universo
3057 792 3199 847 orbe.
3234 792 3313 847 Tu
3364 797 3434 849 si-

1866 883 2102 952 quidem,
2136 883 2329 952 inquit,
2366 898 2398 937 ο
2445 885 2594 938 Aiunt
2622 926 2637 951 ,
2677 899 2780 939 nou
2817 894 2921 938 tam
2959 887 3171 954 generis
3219 900 3434 939 succes—

1868 971 2094 1036 sionem,
2145 988 2207 1027 ac
2248 983 2457 1027 natura:
2516 973 2744 1029 lrnetum
2798 974 3066 1037 ambiens,
3102 977 3434 1031 assiduitatis

1869 1061 2010 1115 illius
2035 1066 2415 1129 constantiam,
2448 1080 2509 1119 ac
2546 1080 2759 1133 precum
2814 1064 3112 1119 certamina
3172 1066 3434 1133 impendis

1870 1154 2088 1221 (quippe
2120 1170 2238 1222 qua:
2270 1156 2461 1209 uberes
2493 1155 2745 1209 virtutmu
2779 1153 2987 1209 fruetus
3017 1152 3211 1208 oil'eras
3250 1153 3378 1223 Deo)
3414 1175 3425 1209 :

1870 1258 2029 1312 quam
2063 1253 2117 1295 ιιι
2144 1245 2425 1299 ιιιιεεῑιιιηε
2450 1245 2617 1313 prolis
2653 1245 2833 1297 audita
2861 1246 2913 1297 iu
2940 1244 3234 1313 gentilibus
3268 1243 3432 1306 fanm,

1871 1333 1937 1388 ab
1971 1334 2272 1389 su-rilitatis
2320 1336 2627 1403 opprobriis
2678 1336 2921 1389 liberetis
2946 1375 2960 1400 ,
3017 1350 3114 1389 nec
3146 1337 3210 1388 ab
3249 1351 3434 1389 eorum

1872 1426 2245 1479 benedictione
2268 1426 2572 1480 escludaris
2605 1443 2618 1479 :
2667 1427 2947 1479 enimvero
2967 1465 2982 1488 ,
3021 1435 3123 1480 tua:
3151 1427 3293 1480 illius
3316 1442 3437 1480 ora-

1873 1514 2034 1567 tionis
2074 1514 2300 1577 lructus,
2332 1528 2395 1567 ac
2431 1522 2634 1565 natura:
2658 1512 2885 1566 fecunda
2918 1513 3084 1566 editio
3111 1551 3125 1574 ,
3156 1514 3349 1564 nedum
3384 1511 3434 1563 in

1873 1604 2088 1667 lsraele,
2129 1619 2191 1657 ac
2236 1603 2420 1672 gentili
2476 1612 2566 1656 tuo
2601 1602 2796 1671 populo
2824 1601 3197 1656 enuntiabitur
3225 1615 3289 1654 ac
3326 1616 3440 1652 ma-

1874 1694 2231 1763 gniticabitur,
2264 1694 2359 1747 sed
2410 1702 2465 1748 et
2492 1695 2543 1746 in
2584 1695 2837 1745 universo
2860 1693 2989 1746 orbe
3013 1690 3246 1745 celebris
3271 1689 3438 1745 babe-

1875 1785 2021 1839 bitur
2052 1802 2065 1837 :
2106 1785 2155 1837 in
2188 1784 2403 1852 regibus
2429 1797 2491 1835 ac
2510 1781 2863 1850 principibus,
2898 1782 2949 1835 in
2978 1781 3348 1835 sacerdotibus
3378 1795 3441 1833 ac

1871 1873 2058 1942 justis;
2109 1874 2361 1944 gentibus
2393 1872 2726 1927 diversarqu
2770 1871 3105 1937 linguarum;
3145 1870 3197 1922 in
3229 1868 3444 1936 sapien-

1877 1966 2024 2020 tibus
2077 1967 2132 2019 ei
2174 1963 2573 2034 insipientibus.
2627 1960 2683 2014 lu
2741 1970 2847 2015 tam
2915 1960 3137 2026 multis,
3198 1959 3439 2029 inquam,

1877 2055 2250 2112 etmntiabitnr
2299 2065 2423 2107 tuus
2459 2052 2545 2105 ille
2593 2051 2801 2106 fructus
2848 2068 2863 2106 :
2913 2052 2963 2104 in
2999 2062 3106 2104 tam
3149 2051 3438 2104 multorum

1878 2147 2183 2202 ditlamatus
2244 2145 2509 2206 auribus,
2586 2157 2825 2212 congrua
2907 2142 3247 2199 mirabilibus
3326 2142 3441 2213 ejus

1880 2239 2275 2311 utagniiicentia
2309 2236 2713 2306 honoribusque
2742 2236 3049 2305 augebitur.

1945 2423 2082 2490 Quid
2118 2424 2279 2489 igitur
2304 2421 2459 2475 beata
2507 2434 2572 2475 ae
2627 2416 2910 2488 magniﬁca
2946 2416 3439 2484 AnnalQuodnam

1877 2532 2072 2572 munus
2124 2524 2269 2568 tanta
2321 2528 2380 2568 se
2445 2512 2824 2567 benedictione
2878 2509 3099 2565 donanti
3152 2508 3443 2579 rependit?

1876 2608 2080 2674 Quibus
2102 2606 2253 2660 donis
2283 2605 2525 2660 beneﬁce
2544 2604 2835 2658 retribuit?
2867 2603 3010 2671 Quas
3034 2618 3092 2657 se
3114 2604 3250 2672 grati
3277 2602 3441 2655 animi

1878 2709 2223 2753 tuonmnento
2280 2697 2581 2751 oblationes
2646 2694 2907 2749 facturam
2966 2691 3274 2763 promittit?
3325 2689 3441 2745 Non

1875 2790 2107 2859 pretiosa
2139 2797 2292 2843 vovet
2340 2787 2584 2851 denaria,
2624 2800 2729 2839 non
2770 2785 3017 2838 victimas
3050 2780 3442 2835 irrationalium

1878 2895 2128 2948 pecorum
2157 2894 2172 2943 ;
2208 2894 2311 2930 non
2346 2877 2557 2945 frugum
2592 2876 2877 2944 primitias;
2913 2891 3016 2928 nou
3050 2874 3094 2928 si
3125 2872 3266 2943 quod
3302 2872 3445 2925 aliud

1878 2968 2199 3022 sacriﬁcium
2236 2969 2451 3036 rrprndi
2512 2976 2684 3034 potest
2712 2966 2736 3019 ?
2766 2966 2856 3018 sed
2890 2979 3013 3017 eum
3052 2965 3250 3032 ipsum,
3282 2976 3443 3030 quem

1881 3059 1971 3111 Dei
2004 3059 2245 3126 largitate
2292 3058 2502 3124 accipit,
2558 3066 2761 3109 uatunc
2820 3055 3098 3120 fructum;
3153 3053 3326 3122 ipsum
3357 3053 3445 3103 de-

1880 3147 2142 3216 precabile
2158 3161 2220 3199 ac
2246 3146 2595 3199 desiderabile
2625 3160 2867 3212 germen,
2888 3145 3039 3213 cujus
3069 3158 3196 3211 ergo
3217 3140 3448 3193 umidum

1881 3240 1983 3293 illa:
2020 3238 2319 3307 agebantur
2350 3252 2555 3305 preces,
2603 3252 2666 3289 ac
2707 3239 2899 3291 uberes
2937 3235 3111 3289 oculis
3142 3230 3447 3287 deﬂuebant

1881 3333 2168 3401 lat-ryntm;
2200 3331 2372 3397 cujus,
2403 3331 2640 3397 intjuam,
2673 3331 2871 3398 gratia,
2893 3344 3013 3381 cum
3052 3326 3332 3379 laboriosa:
3363 3339 3447 3375 as-

1880 3422 2148 3476 siduitatis
2169 3421 2488 3483 certamina,
2526 3428 2633 3471 ιιιιιι
2656 3418 3053 3481 universorum,
3087 3415 3285 3483 quibus
3312 3415 3449 3467 bene

1882 3512 2002 3581 quis
2035 3508 2317 3578 faustaque
2349 3510 2562 3574 habeat,
2601 3510 2891 3579 ιιυεροοιίο.
2934 3507 3095 3568 Vivit,
3130 3506 3272 3559 enim
3300 3545 3313 3567 ,
3364 3505 3449 3557 iu-

1883 3602 2019 3669 qnit,
2046 3598 2294 3652 Dominus
2331 3597 2467 3650 Deus
2493 3613 2656 3660 utens,
2683 3596 2939 3664 siquidem
2959 3597 3032 3649 rei
3060 3592 3347 3647 masculum
3371 3590 3450 3646 vel

1884 3692 2133 3761 feminam
2158 3706 2419 3758 peperero,
2465 3691 2658 3741 donum
2686 3688 2905 3757 oﬂ'eram
2931 3686 3151 3739 Domino
3175 3683 3278 3735 Deo
3296 3698 3406 3735 meo
3431 3696 3451 3735 :

1885 3784 2079 3849 eritque
2117 3782 2215 3846 ipsi
2261 3781 2561 3833 ministram
2590 3779 2828 3831 omnibus
2852 3777 3052 3831 diebus.
3102 3774 3231 3828 Vide
3259 3786 3451 3825 accen—

1886 3888 2003 3926 sum
2037 3874 2202 3925 Anna:
2233 3871 2284 3923 in
2338 3870 2501 3922 Deum
2546 3868 2895 3922 desiderium.
2932 3866 3063 3919 Vide
3097 3862 3449 3917 excellentem

1885 3963 2002 4031 ejus
2047 3961 2211 4014 animi
2260 3960 2698 4030 magnitudinem.
2736 3958 2866 4011 Vide
2911 3967 2968 4009 ut
3002 3956 3254 4025 pra-senti
3294 3970 3453 4023 spon-

1886 4053 2039 4108 sione
2067 4068 2129 4107 ac
2163 4062 2305 4113 voto,
2347 4067 2504 4120 quam
2543 4052 2755 4103 abunde
2784 4060 3059 4103 externam
3094 4047 3450 4099 substantiam

1889 4144 2109 4213 ejusque
2165 4143 2428 4210 primitias
2471 4140 2686 4194 oll‘erret
2747 4140 2892 4202 Deo,
2950 4138 3270 4191 ostenderit.
3326 4136 3453 4200 Qua:

1888 4238 2028 4289 enim
2058 4250 2366 4287 concessam
2415 4241 2616 4284 matura:
2669 4230 3121 4291 benedictionem,
3183 4225 3455 4292 animique

1890 4326 2324 4385 oblectationem,
2359 4337 2420 4376 ac
2454 4322 2696 4375 laborum
2725 4319 3014 4383 solatium,
3049 4316 3281 4369 ferventi
3321 4314 3454 4365 adco

1893 4418 2185 4487 proposito,
2213 4414 2363 4469 olIert
2410 4413 2536 4477 Deo,
2563 4426 2793 4480 quonam
2827 4410 2931 4461 alio
2960 4424 2989 4462 e
3043 4418 3147 4460 tota
3204 4409 3452 4460 substan-

211 4507 329 4576 πῆς
360 4506 611 4574 ἐφείσατο
640 4506 867 4567 κτίσεως
895 4523 909 4571 ;
939 4506 1002 4557 Τί
1034 4506 1132 4557 οὐκ
1164 4505 1227 4557 ἂν
1256 4503 1404 4574 αὑτῴ
1434 4504 1545 4559 τῶν
1593 4522 1779 4576 τιμιω-
1815 4527 1866 4587 D

1815 4527 1866 4587 ι)
1894 4512 1961 4562 tia
1992 4508 2255 4575 "rogando
2282 4506 2495 4574 parcior
2547 4502 2742 4555 fuerit?
2776 4500 3056 4565 Quodnam
3104 4498 3457 4551 cborissimo-

211 4599 395 4667 τέρων
419 4598 691 4667 ἀφιέρωσε
722 4614 733 4657 ;

295 4688 408 4741 Καὶ
445 4688 637 4740 σκόπει
690 4689 749 4740 τὶ
796 4688 1016 4757 δαψιλὲς
1067 4690 1165 4755 τῆς
1212 4687 1434 4758 γνώμης
1480 4689 1666 4757 αὐτῆς.
1714 4690 1787 4741 Ού

215 4781 531 4836 διαστέλλει
557 4782 675 4832 ’Ἂν
704 4780 869 4849 ἄρσεν
894 4780 1041 4846 τύχοι
1072 4779 1130 4829 τὸ
1152 4778 1492 4848 γεννώμενον
1526 4778 1790 4831 ἀποδώσω

213 4874 356 4927 αὐτὸ
402 4872 590 4941 Κυρίῳ
644 4870 720 4939 τῷ
747 4869 863 4939 Θεῷ
904 4885 915 4897 ·
949 4870 1104 4930 ἀλλὰ,
1147 4868 1261 4921 κᾶν
1305 4868 1495 4936 ἄρσεν
1519 4869 1635 4935 εἴη,
1676 4869 1792 4921 κᾶν

213 4946 404 5030 θ’ῆλυ.
443 4962 739 5030 ’Λπλήστου
800 4961 933 5030 πρὸς
968 4959 1098 5011 Θεὸν
1136 4960 1408 5029 ἁγάπηςὴ
1446 4961 1740 5030 ὑπόσχεσις
1773 4975 1786 4988 ⁸

213 5052 597 5118 ἁκατασχέτου
650 5050 743 5102 τοῦ
786 5051 921 5118 πρὸς
974 5050 1137 5102 αὑτὸν
1188 5051 1352 5102 πόθου
1407 5052 1674 5120 δείγματα
1718 5052 1785 5104 si

215 5142 693 5211 ἐπαγγελλόμενα.
730 5144 899 5194 Λύτῖν
935 5146 1093 5211 μόνον
1118 5139 1255 5194 εἷναί
1284 5161 1416 5211 φησι
1449 5144 1785 5213 προτιμότε-

222 5251 323 5304 ρον
352 5236 579 5294 δίκαιον,
611 5233 799 5303 ὥσπερ
829 5234 928 5303 τὴν
981 5234 1089 5285 τῶν
1141 5235 1313 5287 ἄλλων
1367 5235 1612 5306 ἐκλογὴν,
1652 5237 1793 5289 οὕτω

219 5323 327 5376 καὶ
346 5321 446 5390 τὴν
479 5324 874 5390 καρποφορῖαν,
906 5322 1068 5374 ὁποία
1087 5322 1150 5375 ἂν
1190 5323 1361 5391 τύχοι,
1394 5324 1796 5392 ἀπολαμϐάνειν

220 5414 332 5481 τῆς
364 5413 597 5480 φύσεως.
641 5414 703 5465 Εί
761 5415 857 5480 μὲν
895 5413 1003 5483 γὰρ
1041 5408 1213 5475 εἶπεν,
1276 5416 1401 5466 Ἐὰν
1435 5417 1598 5483 ἄρσεν
1632 5418 1713 5484 εἴη
1740 5416 1797 5468 τὸ

220 5502 593 5571 γεννώμενον,
628 5503 885 5569 προεάξω
912 5505 1044 5556 αὐτὸ
1082 5507 1267 5575 Κυρίῳ
1298 5505 1373 5574 τῷ
1404 5506 1540 5575 Θεῷ,
1564 5508 1799 5561 ἀπεσιώ-

220 5611 375 5662 πησε
409 5594 464 5645 δὲ
505 5596 602 5665 τὴν
649 5594 744 5646 τοῦ
784 5593 973 5665 θήλεος
1008 5599 1396 5667 προσηγορίαν,
1426 5600 1682 5670 ἐνομίσθη
1734 5601 1799 5655 ἂν

219 5685 331 5755 τὴν
358 5684 653 5753 ὁλόκληρον
707 5686 1001 5756 ἀφιέρωσιν
1048 5688 1506 5757 ἀκρωτηριάζειν,
1547 5691 1607 5742 τὸ
1666 5695 1799 5744 ἁπο-

220 5778 507 5848 σιωπηθὲν
556 5782 610 5830 ἐν
668 5782 732 5851 τῇ
771 5781 1057 5851 ὑποσχέσει
1099 5798 1107 5808 ⁸
1150 5780 1242 5833 νῦν
1290 5780 1341 5834 δὲ
1399 5782 1456 5834 τό
1512 5800 1566 5836 τε
1632 5783 1797 5854 ἄρσεν

1893 4617 2005 4654 rum
2036 4602 2313 4669 pignorum
2354 4614 2455 4648 non
2489 4594 2593 4647 Deo
2616 4590 2917 4646 addixerit?

1959 4691 2189 4745 Attende
2218 4703 2341 4739 vero
2368 4688 2479 4756 ejus
2498 4685 2659 4739 animi
2705 4682 3175 4752 magnificentiam.
3208 4680 3321 4733 Non
3350 4679 3458 4732 d'sv

1890 4783 2060 4837 crrnit
2103 4798 2115 4833 :
2169 4778 2443 4847 Siquidem
2489 4791 2748 4845 peperere
2808 4773 3151 4837 miraculum,
3188 4786 3309 4824 eum
3354 4769 3460 4823 Do-

1893 4875 2036 4927 mino
2064 4871 2420 4929 Deotradam;
2450 4870 2564 4931 sed,
2591 4867 2708 4921 Sive
2732 4868 3039 4929 masculum,
3067 4867 3170 4917 sire
3187 4864 3454 4931 (cntinuos.

1890 4960 2214 5018 Insatiabilis
2248 4961 2299 5012 iu
2341 4958 2503 5009 lit-nm
2544 4957 2856 5011 dilectionis
2884 4965 3061 5007 votmn
3100 4953 3201 5006 hoc
3233 4970 3245 5006 :
3283 4955 3454 5021 impo-

1894 5055 2051 5109 tentis
2077 5055 2125 5105 itt
2162 5053 2323 5106 Deum
2358 5050 2607 5103 desiderii
2632 5056 3011 5115 argumentum
3083 5045 3266 5097 iSIlunc
3302 5044 3457 5112 polli-

1892 5149 2097 5200 citatio.
2131 5146 2240 5198 lloc
2289 5144 2484 5205 solum,
2540 5140 2735 5208 inquit,
2766 5139 2883 5206 jus,
2920 5138 3092 5205 potius
3129 5137 3455 5198 habendum,

1897 5248 1951 5290 ιιι
1988 5239 2127 5290 sicut
2154 5250 2331 5288 rerum
2382 5234 2607 5286 aliarum
2650 5233 2913 5284 delectum
2941 5269 2955 5293 ,
3007 5232 3076 5281 ita
3113 5241 3315 5281 natura:
3349 5228 3457 5278 fm-

1896 5341 2037 5383 ctum
2067 5346 2127 5379 at:
2170 5327 2430 5395 primitias
2461 5326 2705 5393 recipiat,
2740 5338 3073 5391 qnmcuuque
3106 5322 3319 5372 tantlem
3356 5321 3459 5375 illia

1899 5421 2116 5474 iuerint.
2151 5418 2281 5471 Nam
2330 5418 2373 5470 si
2404 5418 2629 5469 dixis-.et
2666 5432 2678 5468 :
2727 5414 3002 5480 Siquidem
3050 5419 3310 5481 pt-pci'cro
3347 5431 3459 5464 mtt-

1898 5514 2125 5573 senlum,
2172 5510 2390 5562 olle-ram
2449 5523 2569 5560 eum
2630 5507 2853 5559 Domino
2894 5504 3033 5567 Deo;
3096 5504 3306 5556 feminae
3363 5520 3460 5554 au-

1902 5612 2005 5656 tum
2058 5617 2247 5657 nomen
2290 5600 2578 5662 tacuisset,
2622 5596 2789 5649 videri
2853 5596 3145 5663 potuisset,
3202 5594 3341 5658 quod
3406 5594 3459 5647 iu

1902 5706 2023 5747 voto
2049 5693 2264 5745 tacitum
2290 5699 2451 5753 esset,
2480 5687 2803 5740 oblationem
2834 5686 3138 5753 integritate
3192 5684 3455 5736 minuere.

1907 5786 2055 5841 Nunc
2090 5794 2264 5838 autem
2290 5823 2303 5849 ,
2339 5779 2628 5834 masculum
2660 5777 2861 5847 pariter
2902 5793 2961 5832 ac
3007 5778 3257 5831 lemiuam
3300 5792 3461 5845 spon-
