4200 6430
253 340 392 408 1373

1330 359 1412 423 ΙΝ
1453 364 2029 429 CONCEPTIONEM
2071 371 2131 430 S.
2175 371 2399 433 ANNJE

3369 378 3503 442 1374

246 461 384 562 ὁμοί)
417 464 504 515 καὶ
538 466 809 532 οἰκείωσις
838 469 1154 538 ἐγγίνεσθαι
1197 476 1458 544 πέφυκεν.
1501 481 1639 533 Ἀλλ’
1679 483 1801 554 ὑπὲξ

1921 504 1983 542 ac
2011 490 2343 557 conciliatio,
2377 500 2565 559 suapte
2603 501 2789 545 natura
2845 502 3207 562 comparatur.
3230 492 3495 546 Czeterum

250 553 352 620 μὲν
376 556 550 608 πόνων
578 558 830 630 ἀμοιϐῆς,
859 564 1032 618 ταῦτα
1055 566 1132 635 τῷ
1157 567 1349 638 ἀληθεῖ
1380 571 1624 638 κρίνεται
1653 553 1815 645 λόγῳ,

246 648 295 697 εἰ
350 650 442 701 καὶ
509 650 745 706 εὐτελῶν
803 672 961 708 τινων
1002 660 1095 712 καὶ
1131 660 1365 731 μικρῶν,
1392 662 1527 734 ὑπὲρ
1580 664 1818 720 διάνοιαν

244 737 397 801 διτα,
436 743 780 799 ἀντιδίδοται.
809 745 906 811 Τίς
938 749 1043 821 γάρ
1078 752 1139 804 οὐ
1197 752 1357 822 μόνον
1422 755 1814 828 καταϐληθείη,

240 828 382 883 ἀλλὰ
434 834 525 885 καὶ
550 836 863 906 ἐπινοηθείη
890 840 1071 906 πόνος,
1098 842 1127 894 ὁ
1174 843 1267 896 καὶ
1297 844 1373 914 τῷ
1407 845 1684 918 πολλοστῷ
1725 848 1814 903 δο-

244 920 554 976 κοῦντιτῶν
579 928 797 994 ἀγαθῶν
818 932 1040 985 ἐκείνων
1053 934 1377 1005 ἀειτισηκοῦν
1400 938 1814 1009 ὑπονοούμενοςς

244 1010 423 1065 Ποίων
477 1015 709 1083 ἀγώνων
756 1019 938 1089 ἔργων
972 1024 1004 1094 η
1041 1026 1176 1095 πρὸς
1219 1026 1449 1095 οὐρανὸν
1504 1029 1712 1096 γένοιτο
1752 1028 1816 1083 ἂν

240 1103 540 1171 ἀνάδασις;
572 1109 743 1165 Τίνων
770 1112 946 1166 πόνων
973 1115 1237 1185 κλίμακες
1266 1120 1318 1171 αἱ
1359 1120 1498 1190 πρὸς
1555 1120 1815 1173 τοσοῦτον

239 1192 376 1257 ῦνιος
409 1198 745 1265 ἐφικνεῖσθαι
774 1203 1065 1273 δυνάμεναι
1091 1223 1105 1272 ;
1136 1209 1312 1261 Ποίων
1343 1210 1451 1262 τῶν
1481 1213 1539 1263 ὲν
1567 1212 1817 1281 ὲπικήρῳ

237 1284 336 1337 καὶ
385 1287 582 1361 ῥεούσῃ
630 1290 741 1360 ζωῇ
783 1282 1265 1367 κατασαλλομένων
1322 1298 1578 1368 ἱδρώτων,
1611 1302 1666 1353 αἱ
1707 1302 1816 1354 τῶν

244 1378 481 1431 αἰωνίων
510 1382 603 1433 καὶ
631 1383 924 1451 ἀκηράτων
941 1388 1076 1439 είσὶν
1099 1388 1423 1456 ἀντιδόσεις;
1451 1390 1615 1451 Τίνας
1637 1390 1701 1444 ἀν
1734 1408 1815 1454 τις

238 1468 362 1518 κατ’
395 1470 552 1534 ἀξίαν
593 1471 689 1541 τῆς
732 1474 1063 1539 οίκειώσεως
1106 1477 1199 1529 τοῦ
1234 1478 1577 1550 Δημιουργοῦ
1621 1480 1816 1543 πόνους

234 1558 723 1622 ἑπιδείξαιτοόἴον
756 1563 821 1616 ἂν
854 1565 1045 1618 ἑαυτὸν
1073 1568 1273 1620 οἰκεῖον
1302 1570 1397 1637 τῆς
1435 1571 1643 1623 ἐκείνου
1672 1574 1811 1623 ὲνοι-

1926 580 2062 633 bona
2087 581 2218 645 inec,
2237 596 2332 636 ceu
2364 596 2458 650 pro
2484 582 2725 636 laborum
2750 585 3100 638 retributione
3130 598 3310 637 revera
3343 598 3499 636 coni-

1926 680 2201 741 putantur,
2227 677 2435 730 tametsi
2467 674 2760 744 cogitatum
2791 692 3004 731 omnem
3038 674 3371 742 superantia,
3402 688 3498 741 pro

1926 760 2118 814 vilibus
2162 776 2222 817 ac
2253 763 2463 834 exiguis
2515 764 2894 832 rependuntur.
2942 766 3074 832 Quis
3128 765 3270 818 enim
3319 773 3499 817 tantus

1925 850 2096 918 labor,
2124 857 2316 908 nedum
2348 856 2458 925 ipsa
2492 871 2550 909 re
2581 856 2942 924 impendatur;
2973 856 3067 910 sed
3089 855 3171 910 vel
3197 856 3377 907 animo
3401 868 3496 905 co-

1926 948 2138 1015 gitetur,
2194 957 2249 1001 ut
2305 949 2387 1003 vel
2423 950 2640 1003 minima
2688 958 2837 1017 parte
2887 964 2917 1003 e
2972 949 3232 1003 bonorum
3283 946 3494 1000 illorum

1927 1037 2142 1106 regione
2190 1053 2456 1108 appensus
2480 1080 2494 1105 ,
2530 1040 2731 1109 aliquid
2768 1040 3051 1093 videatur?
3087 1039 3327 1104 Quorum
3367 1053 3496 1107 rogo

1925 1128 2280 1182 certaminum
2320 1146 2456 1199 opus
2499 1132 2569 1185 sit
2619 1131 2865 1185 ascensio
2896 1131 2946 1185 in
2978 1131 3212 1185 caelum?
3242 1132 3488 1196 Quorum

1925 1227 2078 1287 putes
2121 1218 2361 1273 laborum
2395 1223 2620 1290 gradus,
2646 1232 2705 1275 ut
2738 1222 2804 1274 ad
2843 1231 3045 1273 tantam
3080 1218 3341 1274 subvecti
3385 1219 3494 1273 sint

1924 1309 2350 1363 sublimitatem?
2383 1311 2619 1376 Quorum
2654 1313 2863 1366 mortali
2888 1327 2950 1365 ac
2974 1310 3113 1364 ﬂuxa
3145 1311 3255 1363 vita
3284 1310 3493 1376 impen-

1924 1413 2105 1452 sorum
2160 1401 2413 1455 sudorum
2436 1442 2451 1465 ,
2498 1412 2820 1457 :eternorum
2850 1418 2912 1456 ac
2941 1404 3325 1457 innnortalimn
3357 1416 3493 1470 pra:-

1925 1490 2031 1543 mia
2095 1492 2378 1547 b0norum.
2411 1495 2681 1559 Quosnam
2724 1495 2846 1563 quis
2881 1495 3093 1548 labores
3115 1485 3389 1555 exhibeat,
3429 1501 3483 1546 ut

1923 1580 2183 1647 condigne
2213 1583 2661 1637 necessitudinem
2700 1583 2843 1636 illam
2870 1598 2990 1637 cum
3027 1592 3249 1635 auctore
3278 1596 3494 1649 prome«

234 1648 450 1715 κήσεως
474 1652 936 1708 κατασκευάσειεν
952 1657 1143 1726 οἰκητή
1151 1674 1295 1726 ριον;
1334 1659 1663 1726 Ἐνοικήσω
1682 1662 1801 1733 γὰρ,

1930 1671 2145 1723 reatur?
2170 1669 2341 1736 Quam
2370 1687 2427 1725 se
2461 1672 2677 1725 domum
2710 1673 2984 1741 prepriam
3014 1681 3231 1740 praestet
3252 1648 3357 1736 ,in
3386 1685 3490 1739 qua

232 1740 507 1807 φησὶν,ἐν
550 1742 773 1808 αὐτοῖς,
810 1746 906 1799 καὶ
926 1747 1408 1815 ἐμπεριπατήσω.
1442 1741 1555 1803 Καῒ
1589 1753 1755 1805 πάλιν
1793 1768 1807 1783 ·

248 1828 400 1897 Ἐγὼ
430 1831 527 1883 καὶ
547 1835 794 1902 όηατὴρ
809 1835 1201 1905 ἐλευσόμεθα.
1240 1840 1409 1894 Τοῦτο
1437 1842 1544 1895 τῶν
1577 1844 1634 1895 ἐν
1657 1843 1807 1896 ἐλπίο

232 1936 323 1972 σιν
354 1922 573 1990 ἀγαθῶν
618 1922 680 1977 τὸ
713 1926 885 1993 πέρας
911 1944 924 1958 ο
951 1928 1108 1981 τοῦτο
1143 1931 1176 2000 ἡ
1223 1931 1471 2000 οὐράνιος
1515 1931 1761 2001 βασιλεία
1791 1951 1805 1966 ·

226 2012 392 2066 τοῦτο
443 2015 477 2083 ἡ
522 2014 621 2085 τῆς
668 2018 888 2071 αἰωνίου
942 2022 1153 2091 τρυφῆς
1202 2022 1496 2086 ἀπόλαυσις
1525 2040 1537 2053 ·
1586 2024 1807 2095 τοῦτοὴ

224 2104 511 2175 ἀδιάδοχος
566 2108 875 2180 εὐφροσύνη
919 2126 933 2140 ·
981 2113 1014 2181 ἡ
1060 2112 1312 2185 διηνεκὴς
1368 2114 1723 2181 ἀγαλλίασις·
1772 2119 1805 2187 ἡ

226 2196 657 2268 ὑπερϐαίνουσα,
703 2202 763 2252 οὐ
814 2202 974 2270 μόνον
1022 2202 1237 2268 πόνους,
1285 2204 1419 2258 ἀλλά
1478 2206 1574 2258 καὶ
1633 2208 1809 2260 πάντα

223 2289 357 2341 νοῦν
407 2290 787 2355 ἀνταπόδοσις.
826 2293 987 2364 ὐρᾷς
1015 2295 1090 2357 ώς
1132 2295 1309 2359 οὐδεὶς
1348 2298 1525 2360 πόνος.
1558 2299 1620 2351 οὐ
1648 2299 1807 2368 μόνον

221 2379 332 2432 οὐκ
360 2380 788 2452 ἀντιμετρεῖται,
824 2384 936 2437 ἀλλ’
967 2384 1075 2437 οὐδ’
1102 2387 1398 2439 ἐπινοεῖται
1445 2391 1511 2457 τῇ
1555 2390 1805 2460 μακαρίᾳ

222 2470 341 2523 τῶν
400 2472 782 2543 ἀποκειμένων
839 2475 1063 2542 ἀγαθῶν
1109 2477 1446 2543 ἀπολαύσεις
1508 2478 1668 2532 Ἀλλά
1714 2481 1807 2533 xui.

220 2561 484 2615 τοσοῦτον
518 2563 625 2617 τῶν
664 2565 951 2635 ἡμετέρων
986 2566 1388 2620 ἀπολειπόντων
1432 2567 1679 2634 ἀγώνων,
1713 2572 1805 2623 καὶ

219 2654 373 2710 οὕτω
398 2656 507 2709 τῶν
532 2657 598 2710 δι’
633 2658 837 2728 ἀρετὴν
874 2658 1115 2729 ἱδρώτων
1153 2659 1259 2713 τῶν
1296 2661 1435 2729 ὑπὲρ
1484 2661 1637 2727 λόγον
1665 2662 1805 2713 ἐκείο

222 2764 337 2799 νων
362 2746 779 2816 ύποόεδηκότων
804 2748 1068 2817 ἁμοιθῶν,
1098 2751 1247 2819 ὅμως
1275 2750 1506 2803 εὐτελῶν
1544 2752 1640 2802 καὶ
1681 2768 1803 2820 σμι·

222 2840 512 2907 κροτάτων
567 2839 782 2903 πόνων,
835 2840 934 2911 τὴν
984 2841 1123 2910 ὑπὲρ
1171 2840 1379 2894 ἔννοιαν
1426 2842 1724 2894 ἀπόλαυσιν
1774 2842 1802 2892 ό

222 2931 872 3001 ὑπεράγαθοςάντιδώσει
903 2934 1199 3003 Δεσπότης.
1232 2934 1435 3004 Μικροὶ
1465 2934 1572 3003 γὰρ
1591 2933 1685 2986 καλ⁸
1715 2934 1802 2985 οὑ-

1918 1761 2005 1814 ille
2032 1761 2340 1814 inhabitet?
2379 1761 2719 1827 lnhabitabo,
2752 1763 2917 1825 enim,
2976 1762 3172 1830 inquit,
3224 1763 3277 1814 in
3322 1762 3416 1822 eis,
3442 1769 3491 1813 et

1918 1852 2248 1904 inambulabo
2281 1853 2324 1884 ¹⁹
2356 1870 2370 1907 :
2405 1853 2467 1906 Et
2503 1853 2693 1907 iterum
2719 1870 2731 1907 :
2755 1852 2863 1921 Ego
2883 1862 2928 1905 et
2960 1850 3122 1905 Pater
3141 1854 3398 1904 veniemus
3422 1852 3487 1903 “.

1916 1941 2012 1995 llic
2058 1942 2318 1996 bonorum
2369 1943 2423 1997 in
2457 1958 2551 2012 spe
2583 1945 2737 1998 nobis
2778 1946 3135 2011 repositorum
3174 1941 3441 1997 terminus
3474 1960 3486 1995 :

1916 2034 2134 2087 emleste
2190 2034 2291 2087 hoc
2344 2048 2562 2102 regnum
2597 2052 2613 2099 ;
2652 2036 2763 2089 huic
2794 2035 3081 2103 voluptatis
3099 2045 3313 2088 aeterna:
3334 2036 3486 2087 beata

1917 2124 2235 2193 possessio:
2293 2124 2405 2177 lnec
2449 2124 2633 2177 laetitia
2687 2125 3142 2189 interminabilis;
3196 2125 3309 2179 bmc
3345 2124 3489 2194 jugis

1914 2217 2238 2281 exsultatio;
2281 2216 2393 2271 haec
2442 2217 2748 2279 retributio,
2796 2218 2986 2270 nedum
3020 2217 3264 2280 labores,
3314 2216 3406 2270 sed
3435 2227 3489 2268 et

1912 2324 2126 2362 OnIncnI
2152 2308 2482 2361 intellectum
2509 2324 2866 2377 exsuperans.
2901 2308 3078 2373 Vides,
3113 2320 3169 2362 ut
3200 2310 3376 2362 nullus
3407 2308 3481 2360 la-

1915 2397 2032 2459 bur,
2090 2399 2285 2466 nedum
2337 2399 2514 2466 reipsa
2550 2408 2817 2467 exaequet,
2864 2413 2926 2452 ac
2980 2414 3151 2466 neque
3194 2399 3487 2467 quidquam

1912 2486 2133 2551 aequalis
2203 2487 2372 2539 beatae
2448 2487 2804 2553 repositorum
2885 2488 3144 2542 bonorum
3214 2487 3486 2550 lruitioni,

1915 2578 2077 2632 menti
2107 2578 2399 2632 o'ccurrat?
2435 2578 2673 2633 Tametsi
2731 2595 2858 2634 vero
2884 2618 2899 2642 ,
2955 2592 3147 2635 nostra
3189 2580 3485 2633 certamina

1912 2673 2048 2726 adeo
2078 2670 2349 2735 deficiant,
2392 2674 2767 2741 assumptique
2800 2674 3030 2727 virtutis
3062 2687 3189 2742 ergo
3226 2673 3483 2735 sudores,

1910 2767 1987 2817 sic
2028 2779 2123 2831 pro
2170 2764 2583 2818 retributionum
2646 2763 2901 2827 illarum,
2962 2765 3170 2817 ratione
3215 2763 3480 2831 majorum

1911 2852 2256 2919 praestantia,
2306 2851 2483 2919 exigui
2537 2850 2680 2916 sint,
2730 2868 2986 2920 perquam
3036 2864 3211 2905 tamen
3249 2854 3486 2920 optimus

1911 2942 2203 3005 Dominus,
2253 2943 2551 2996 vincentem
2600 2942 2890 3011 cogitatum
2938 2943 3322 2996 beatitudinem
3390 2958 3485 3011 pro

218 3022 375 3086 δενὸς
404 3023 544 3087 ἄξιοι
578 3024 736 3092 λόγου
777 3027 842 3095 τῇ
891 3027 1068 3077 ἐκεῖσε
1108 3026 1580 3095 παραδαλλόμενοι
1624 3043 1801 3095 μακα-

1905 3035 1981 3089 sic
2008 3032 2202 3088 vilibus
2232 3048 2293 3086 ac
2320 3048 2574 3102 perquam
2595 3034 2827 3102 exiguis,
2855 3033 3137 3088 retribuet.
3171 3034 3331 3089 l’laue
3355 3050 3483 3088 vero

224 3116 457 3184 ριότητι,
486 3115 535 3166 oi
562 3114 661 3183 τῆς
688 3114 1035 3185 ἀνθρωπίνης
1090 3117 1320 3185 σπουδῆς
1357 3116 1803 3184 καταλογίζονται

221 3204 401 3266 πόνοι,
430 3203 530 3257 κάν
563 3204 653 3257 τὸν
693 3206 813 3259 ὅλον
837 3223 919 3268 τις
955 3207 1011 3257 ὲν
1037 3207 1217 3267 αὐτοῖς
1269 3206 1590 3277 κατατρίψει
1646 3206 1758 3273 βίον
1785 3222 1799 3235 ·

218 3296 331 3349 κᾶν
364 3296 552 3363 ἀγῶνα
587 3296 793 3365 συνεχῆ
823 3296 949 3367 ὃλην
976 3297 1315 3366 ἐπιδείξηται
1339 3296 1502 3367 ζωήν.
1540 3298 1659 3350 Κᾶν
1701 3314 1799 3348 πο-

219 3384 613 3448 λυπλασιωζων
641 3384 848 3456 ταύτην
881 3388 959 3449 είς
988 3386 1261 3455 ἐκατὸν,ἢ
1296 3389 1387 3439 καὶ
1412 3387 1492 3449 δὶς
1523 3385 1798 3450 τοσοῦτον,

218 3476 260 3543 ἢ
296 3475 387 3528 καὶ
404 3477 518 3545 τρὶς
536 3476 568 3545 ἢ
587 3476 676 3530 καὶ
704 3476 964 3546 μυριάκις
992 3477 1081 3529 τὸν
1104 3479 1294 3547 χρόνον
1320 3477 1687 3529 ἐπεκτείνοιτο
1702 3478 1800 3545 τῆς

222 3564 488 3636 βιώσεως,
519 3567 576 3618 ἐν
622 3559 667 3632 ᾧ
696 3567 872 3637 χρόνῳ
897 3568 1024 3630 τοὺς
1042 3567 1334 3636 ὲπιμόνους
1363 3569 1390 3619 ό
1414 3565 1655 3628 τοιοῦτος
1701 3566 1801 3635 τῆς

217 3656 427 3723 ἀρετῆς
454 3656 751 3710 διανύσειεν
774 3655 1013 3723 ἀγῶνας,
1040 3656 1193 3710 οὐδὲν
1222 3658 1278 3709 ὲν
1311 3656 1594 3727 συγκρίσει
1626 3657 1797 3724 φανή-

220 3762 376 3799 σεται
404 3747 511 3801 τῶν
543 3747 909 3818 ἐλπιζομένων
934 3748 1258 3802 ἀντιδόσεων
1287 3751 1716 3821 ἀγωνισάμενος.

293 4027 383 4081 Διδ
406 4030 621 4099 μικροῖς
651 4030 745 4081 καὶ
778 4028 1018 4082 εὐτελέσι
1054 4030 1256 4095 πόνοις,
1304 4031 1404 4095 τὰς
1456 4033 1798 4107 ἀνυπερόλή-

213 4123 348 4185 τοὺς
392 4121 626 4190 ἀμοιϐὰς
673 4121 1165 4191 περιποιησώμεθα
1198 4138 1211 4151 ⁸
1256 4123 1347 4176 τὸν
1404 4125 1635 4177 πλοῦτον
1690 4127 1797 4179 τῶν

210 4213 579 4283 ἀδαπανήτων
619 4212 838 4280 ἀγαθῶν
862 4211 1301 4283 θησαυρίπωμεν.
1335 4215 1520 4284 Μικρά
1557 4215 1614 4268 δὲ
1656 4216 1798 4283 λέγω

212 4303 318 4357 καὶ
358 4302 570 4371 εὐτελῆ,
615 4301 689 4372 μὴ
746 4300 816 4352 τὰ
858 4299 1118 4353 δοκοῦντα
1185 4302 1344 4371 μόνον
1391 4300 1529 4356 εἶναι
1574 4305 1797 4358 τοιαῦτα

1905 3126 2081 3194 exigui
2108 3141 2171 3180 ac
2206 3125 2405 3181 nullius
2434 3127 2688 3180 momenti
2720 3127 3002 3180 videantur
3027 3127 3259 3180 humano
3292 3127 3474 3180 studio

1905 3217 2082 3271 collati
2116 3217 2350 3281 labores,
2385 3226 2442 3270 ut
2485 3219 2606 3285 quis
2635 3216 2818 3271 futuro
2860 3232 2972 3270 arvo
3018 3216 3261 3283 reposita:
3312 3215 3482 3270 felici-

1906 3307 2001 3361 tati
2029 3318 2325 3376 comparet,
2359 3308 2571 3361 tametsi
2616 3318 2779 3361 totam
2828 3308 2877 3360 in
2913 3308 2991 3361 eis
3043 3308 3204 3359 vitam
3262 3306 3471 3359 insum-

1905 3398 2100 3465 pserit;
2139 3398 2365 3450 tametsi-
2390 3400 2513 3451 vita:
2552 3409 2759 3465 tempus
2804 3408 2996 3458 totmn,
3026 3407 3301 3450 rertamen
3347 3395 3474 3464 juge

1902 3487 2223 3544 ostenderit.
2271 3486 2507 3541 Tametsi
2543 3488 2593 3540 in
2637 3501 2806 3539 annos
2833 3494 3068 3547 centum,
3104 3485 3154 3536 in
3186 3484 3479 3551 ducentos,

1906 3580 1956 3632 in
1990 3586 2278 3642 trecentos,
2307 3579 2358 3631 in
2394 3590 2677 3632 sexcentos
2702 3592 2763 3631 ac
2795 3577 3262 3629 innumerabiliter
3297 3576 3477 3643 plures

1903 3670 2066 3722 vitam
2101 3670 2445 3739 protraxerit,
2478 3679 2698 3737 totoque
2738 3684 2802 3721 eo
2834 3680 3076 3735 tempore
3108 3667 3324 3719 virtutis
3356 3680 3475 3719 cer-

1903 3762 2103 3814 tamina
2132 3770 2540 3829 perseveranter
2586 3760 2903 3823 confecerit,
2960 3758 3091 3812 nihil
3148 3768 3325 3811 tamen
3363 3772 3473 3824 pra:

1902 3852 2167 3905 bonorum
2221 3852 2273 3904 in
2321 3866 2415 3918 spe
2463 3852 2823 3920 repositorum
2873 3851 3037 3903 tantis
3074 3850 3181 3904 illis
3234 3850 3471 3905 retribu-

1903 3941 2137 3995 tionibns
2168 3942 2473 3996 deeertasse
2499 3941 2661 3995 videri
2696 3942 2883 4010 possit.

1972 4032 2333 4098 Quamobrem
2370 4033 2579 4102 exiguis
2609 4032 2871 4101 ejusmodi
2917 4031 3216 4100 vilibusqne
3262 4031 3466 4084 labori-

1901 4124 2020 4187 bus,
2061 4123 2210 4177 omni
2258 4122 2377 4178 illas
2432 4122 2761 4176 sublimitate
2806 4121 3035 4191 majores
3087 4120 3470 4174 retributiones

1900 4216 2056 4269 nobis
2095 4213 2444 4268 conciliemus
2496 4232 2511 4267 :
2566 4214 2781 4266 divitias
2821 4213 2975 4267 nobis
3026 4211 3474 4281 inconsumptibi-

1902 4305 2029 4358 lium
2074 4305 2337 4357 bonorum
2382 4319 2729 4373 reponamus.
2783 4303 2985 4357 Nedum
3042 4315 3219 4357 autem
3275 4304 3469 4373 exigua

211 4393 495 4464 ἡγεῖσθαι,
524 4392 659 4446 ἀλλά
712 4391 805 4443 καὶ
861 4392 985 4455 τοὺς
1024 4392 1290 4461 διηνεκεῖς
1333 4394 1432 4463 τῆς
1477 4395 1606 4464 ὅλης
1648 4395 1794 4466 ζωῆς

1905 4395 2136 4462 viliaque
2166 4396 2408 4448 habenda
2463 4396 2601 4459 dico,
2633 4410 2755 4464 quae
2791 4396 2913 4448 talia
2963 4396 3233 4457 videntur,
3288 4397 3382 4449 sed
3419 4404 3473 4449 et

210 4484 439 4553 ἀγῶνας
469 4500 485 4515 ο
524 4484 623 4553 τὴν
672 4483 929 4552 ἐπίμονον
973 4482 1072 4551 τῆς
1103 4484 1303 4551 ἀρετῆς
1358 4484 1584 4555 ἄθλησιν
1622 4502 1637 4517 ο
1668 4488 1793 4550 τοὺς

212 4574 581 4637 ἀδιαλείπτως
617 4575 710 4628 καὶ
760 4573 975 4644 θερμῶς
1022 4573 1162 4645 ὑπὲρ
1226 4575 1398 4645 αὐτῆς
1458 4578 1794 4631 καταϐαλλο-

216 4669 419 4738 μένους
456 4666 669 4729 πόνους.
716 4667 976 4721 Τοιαῦται
1038 4668 1146 4739 γὰρ
1178 4669 1233 4720 αἱ
1263 4665 1356 4720 τοῦ
1411 4668 1791 4739 μεγαλοδώρου

211 4758 491 4812 Δεσπότου
538 4757 763 4828 ἀμοιὸαί
794 4774 807 4787 ο
842 4759 1081 4822 τοιοῦτος
1139 4762 1166 4812 ὁ
1213 4759 1570 4829 ὑπερδλύζων
1623 4762 1787 4813 αὑτοῦ

209 4850 328 4903 τῶν
374 4850 694 4904 ἀντιδόσεων
736 4849 1003 4913 πλοῦτος·
1050 4848 1192 4903 οὕτω
1240 4850 1650 4917 φιλανθρωπίας
1698 4852 1790 4903 καὶ

210 4940 554 5010 ἀ,ἀθότητος
606 4941 880 5012 ύπερῦολῇ
913 4982 928 5006 ,
1000 4943 1155 5010 ὀλίγα
1212 4944 1318 4995 τῶν
1364 4943 1603 5013 ἀπείρων
1634 4958 1647 4972 ⁸
1701 4945 1793 4996 καὶ

214 5035 415 5103 ’πτωχὰ
460 5034 571 5086 τῶν
628 5034 900 5088 πλουσίων
935 5051 947 5063 '
988 5036 1081 5088 καὶ
1133 5036 1373 5103 ἐπίκηρα
1426 5036 1533 5087 τῶν
1561 5036 1793 5089 αἰωνίων

215 5121 443 5189 ἀγαθῶν
480 5122 1047 5177 ἁντικαταλλάττεται.
1087 5122 1361 5191 ’Λνενδεὴς
1395 5124 1502 5193 γάρ
1546 5126 1661 5175 ἐστι
1687 5124 1794 5176 τῶν

215 5212 676 5282 προσαγομένων,
713 5216 884 5281 μόνης
934 5212 1031 5280 τῆς
1086 5212 1194 5266 τῶν
1246 5213 1631 5282 προσαγόντων
1675 5214 1794 5266 ἐπι-

212 5304 474 5373 δεόμενον
512 5304 801 5374 σωτηρίας,
833 5303 922 5356 διὰ
977 5304 1155 5367 τοῦτο,
1191 5304 1251 5357 οὔ
1298 5308 1363 5373 τῇ
1395 5306 1502 5356 τῶν
1547 5322 1790 5375 προσφε-

220 5393 471 5465 ρομένων
502 5393 758 5461 ποσότητι
790 5392 1068 5457 τοσοῦτον,
1127 5394 1249 5446 ὅσον
1280 5396 1344 5464 τῇ
1390 5394 1490 5463 τῆς
1537 5395 1793 5465 προαιρέ-

218 5501 366 5547 σεως
405 5485 514 5537 τῶν
553 5485 938 5554 προσαγόντων
982 5483 1219 5536 ἐπινεύει
1252 5485 1518 5553 ποιότητι,
1553 5488 1580 5537 ὁ
1632 5486 1791 5554 μόνος

216 5576 479 5642 πλούσιος
504 5576 798 5648 δωροδότης
835 5592 848 5605 ·
878 5576 905 5628 ὁ
933 5576 1300 5646 ἀκατανόητον
1347 5575 1485 5646 ἔχων
1515 5576 1789 5644 εὐσπλαγ-

295 5756 343 5790 ⁸⁶
382 5754 553 5811 chit.
596 5772 740 5822 τινι,
780 5756 874 5826 1"2;
914 5758 951 5812 ll
977 5758 1099 5811 Cor.
1133 5772 1203 5820 vr,
1242 5755 1320 5809 16.

1901 4485 2156 4538 continua
2188 4485 2310 4537 vita:
2343 4485 2505 4540 totius
2541 4486 2836 4539 certamina
2888 4502 2903 4538 :
2941 4495 3277 4539 constantem
3307 4484 3473 4538 virtu-

1914 4576 1984 4629 tis
2016 4590 2278 4645 pugnant;
2309 4574 2680 4629 intleﬁcienter
2700 4591 2765 4630 ac
2797 4578 3063 4629 ferventer
3089 4576 3357 4644 impensus
3390 4575 3470 4626 la-

1903 4665 2082 4720 bores.
2109 4665 2384 4735 Ejusmodi
2419 4666 2563 4720 enim
2596 4676 2722 4720 sunt
2764 4666 3001 4719 muniﬁci
3053 4666 3258 4720 Domini
3306 4668 3472 4720 retri-

1900 4758 2145 4811 butiones
2190 4773 2204 4810 :
2240 4766 2399 4811 tanta:
2447 4756 2546 4810 illa:
2577 4756 3017 4825 superellluentes
3054 4758 3466 4811 retrilmtionum

1898 4849 2016 4917 ejus
2041 4848 2236 4902 divitiae
2262 4867 2275 4902 :
2314 4858 2457 4901 tanta
2486 4850 2834 4902 humanitatis
2861 4865 2923 4901 ac
2962 4850 3216 4902 bonitatis
3243 4863 3471 4915 exsupe-

1903 4941 2096 5003 rantia,
2136 4956 2233 5010 pro
2280 4941 2487 5007 paucis,
2522 4940 2764 5005 inﬁnita;
2816 4958 2910 5009 pro
2942 4949 3255 5009 paupertate
3280 4979 3295 5003 ,
3330 4940 3469 4993 divi-

1899 5033 2035 5098 tias;
2089 5047 2184 5100 pro
2242 5032 2515 5100 perituris,
2569 5046 2767 5087 aeterna
2806 5035 2941 5086 bona
2976 5043 3286 5085 connnntat.
3318 5030 3467 5097 Quo-

1897 5123 2071 5184 circa,
2117 5138 2219 5176 non
2282 5133 2387 5177 tam
2441 5126 2744 5176 oblatorum
2797 5125 3156 5192 quantitatem
3212 5124 3467 5182 attendit.

1895 5230 2055 5284 quant
2086 5225 2141 5269 ut
2169 5217 2365 5271 habeat
2388 5217 2723 5270 oliercntium
2763 5217 3028 5281 voluntas,
3066 5216 3157 5285 qui
3201 5216 3344 5269 solus
3376 5215 3459 5268 di-

1897 5320 1988 5359 ves
2024 5305 2245 5374 largitor
2279 5308 2523 5373 exsistit;
2555 5308 2708 5375 cujus
2735 5317 2817 5361 est
2850 5308 3234 5360 misericordia:
3292 5307 3463 5361 visee-

1896 5411 2013 5449 rum
2040 5397 2209 5467 ntajus
2259 5399 2488 5467 cogitatu
2542 5399 2797 5467 pelagus;
2828 5400 2915 5467 qui
2945 5399 3051 5465 ipsa
3085 5413 3177 5462 per
3217 5412 3274 5451 se
3311 5400 3462 5451 Doni-

1896 5498 1995 5553 las,
2014 5490 2233 5561 solaque
2254 5495 2511 5547 bonorum
2541 5493 2754 5546 ubertas
2780 5505 2888 5558 est;
2916 5492 3025 5560 qui,
3053 5491 3289 5559 inquam,
3326 5504 3465 5557 prce-

1893 5582 2058 5638 sentis
2087 5581 2187 5637 dici
2222 5580 2640 5651 iucunditatem,
2684 5593 2898 5652 propter
2957 5581 3188 5637 futuram
3220 5580 3468 5633 laetitiam

1404 5756 1439 5785 ¹·
1474 5754 1625 5811 Joan.
1654 5770 1777 5820 im,-
1804 5753 1893 5809 εδ.
