4200 6430
242 414 380 476 1355

1059 415 1141 475 IN
1183 417 1285 476 SS.
1331 417 1683 478 DEIPARJE
1719 417 2299 482 CONCEPTIONEM
2338 422 2432 480 ΕΤ
2475 420 2641 479 ΧΑΤ.

3355 421 3492 486 1385

233 526 522 578 Aeixwaw
559 521 652 578 οὑν
679 524 950 589 ἐντεῦθεν,
994 528 1352 598 ἀνεπίμικτον
1382 528 1591 582 ἄνωθεν
1621 529 1682 582 τὸ
1721 529 1815 598 βα-

1930 531 2137 600 rcgium
2168 547 2336 600 genus
2368 549 2396 586 a
2431 532 2728 599 majoribus
2758 529 3071 596 ducentem,
3105 532 3261 603 legali
3298 550 3494 606 [ηομες

238 617 438 670 σελειον
465 619 772 685 κατάγοντα
797 618 974 686 γένος,
1003 621 1357 688 προγονικαῖς
1383 637 1442 673 τε
1464 623 1558 674 καὶ
1586 622 1815 684 οἰκείαις

233 708 630 778 γεραιρόμενον
679 710 994 778 εὑνομέαις,
1038 712 1313 781 ἐπίσημόν
1363 728 1482 764 τινα
1526 713 1619 765 καὶ
1667 713 1814 776 ἐξαί-

236 815 424 868 ρετον,
466 801 524 851 ὲν
569 803 688 856 ταῖς
729 801 822 853 τοῦ
879 801 1097 872 Ἰσραὴλ
1148 802 1543 873 προκρίνεσθαι
1599 804 1811 872 φυλαῖς.

233 887 369 944 Εἶτα
396 893 489 943 καὶ
530 890 622 944 τὸν
662 893 893 944 πλοῦτον
917 934 931 958 ,
972 896 1271 964 τεκμηριόν
1307 915 1360 949 τι
1394 898 1492 966 τῆς
1541 898 1816 967 ὑπεροχῆς

229 979 259 1032 ὁ
294 982 644 1050 συγγρασεὺς
685 982 969 1044 τεθεικὼς,
1005 984 1152 1050 λέγει
1190 987 1280 1038 καὶ
1316 987 1376 1039 τὸ
1402 987 1498 1056 τῆς
1532 986 1812 1039 δικαιοσύ-

229 1088 328 1141 νης
376 1071 542 1123 αὑτοῦ
589 1071 881 1124 ἰδιαίτατον
926 1073 1097 1142 ὁμοῦ,
1137 1079 1229 1128 καί
1262 1076 1479 1128 πάντων
1525 1076 1815 1145 ὁμοιρὺλων

229 1164 698 1233 ὑπερανεστηκὸς.
749 1167 1091 1235 Προσέρρρε
1142 1170 1283 1237 γὰρ,
1331 1168 1498 1236 φησὶ,
1541 1167 1697 1236 δῶρα
1737 1166 1815 1232 τῷ

227 1256 426 1322 Κυρίῳ
461 1254 670 1311 διπλᾶ.
705 1258 913 1320 Ὄντως
942 1257 1114 1327 διπλιξι
1148 1262 1224 1322 τῴ
1261 1260 1476 1320 πλούτῳ
1507 1261 1700 1330 ἐκόμα.
1739 1258 1815 1313 Τὸ

227 1347 340 1416 γὰρ
367 1347 531 1400 διπλᾶ
561 1349 628 1400 τὰ
656 1349 806 1419 δῶρα
842 1349 1155 1420 καθιεροῦν,
1191 1361 1257 1403 τά
1289 1351 1383 1403 τοῦ
1417 1352 1682 1420 παρόντος
1715 1352 1813 1422 μὲν

227 1439 325 1488 καὶ
383 1436 599 1506 ῥέοντος
647 1439 939 1508 ἐκμειοῦν,
975 1440 1043 1492 τὰ
1084 1441 1139 1493 δὲ
1191 1442 1286 1495 τοῦ
1339 1444 1591 1511 μένοντος
1638 1443 1813 1496 εἰσαεὶ

227 1523 525 1593 πληθύνειν
581 1527 966 1598 παρεσκεύαζε
1013 1529 1471 1600 θησαυρίσματα·
1526 1532 1558 1602 ἢ
1612 1530 1810 1601 δῆλον,

223 1617 301 1678 ὡς
328 1618 448 1670 οὑδὲ
503 1618 734 1672 πλοῦτον
765 1621 852 1674 εἴα
877 1621 969 1674 τὸν
993 1623 1410 1692 παρατρέχοντα
1435 1625 1638 1693 μένειν,
1677 1625 1811 1694 πρὸς

223 1708 287 1762 τὸ
333 1710 562 1779 ἀρκετὸν
597 1711 756 1764 αὑτὸν
797 1711 1071 1783 ὁσημέραι
1106 1713 1453 1779 συστέλλωνς
1494 1713 1666 1767 Τοῦτο
1702 1715 1810 1784 γάρ

223 1801 320 1853 καὶ
353 1802 382 1852 ὁ
435 1802 592 1868 λόγος
662 1802 1144 1858 καθυποδείκνυσι.
1194 1803 1536 1872 Προσέρερε
1582 1803 1693 1874 γὰρ
1740 1805 1811 1858 τὰ

1927 624 2165 677 nitorum
2203 639 2410 694 suaque
2446 625 2704 693 religione
2735 642 2796 678 ac
2838 625 3184 680 observantia
3240 629 3496 683 honesta-

1925 725 2034 768 tum
2073 717 2166 784 qui
2210 717 2445 788 insignis
2479 732 2542 771 ac
2574 717 2807 771 eximius
2837 718 3103 781 haberet,
3152 721 3204 772 in
3245 721 3493 777 tribubus

1929 803 2098 861 Israel
2163 810 2364 878 primas
2401 819 2754 864 consecutum
2805 824 2944 865 esse.
2987 811 3123 866 Tum
3187 828 3358 878 vero,
3405 820 3492 872 ubi

1919 897 2177 965 scriptor,
2215 913 2312 953 ceu
2364 900 2622 954 iudicium
2657 901 2930 969 quoddam
2969 906 3300 971 praestantiae
3351 908 3450 960 viri
3480 951 3492 970 ,

1921 984 2146 1040 divitias
2180 1003 2398 1058 quoque
2425 991 2696 1058 posuisset
2727 1008 2740 1057 ;
2796 992 3293 1062 singularissimam
3342 1000 3495 1052 dein-

1920 1092 2048 1146 ceps
2075 1078 2195 1148 ejus
2218 1079 2491 1148 justitiam
2514 1121 2528 1144 ,
2561 1096 2622 1134 ac
2651 1098 2754 1150 qua
2790 1085 3058 1140 universis
3095 1089 3492 1144 contribulilms

1919 1171 2290 1236 praecelleret,
2323 1173 2477 1227 dicit.
2517 1172 2786 1241 Olferebat
2822 1177 2990 1239 enim,
3026 1178 3224 1248 inquit,
3259 1182 3492 1250 duplicia

1917 1261 2058 1314 dona
2097 1260 2342 1316 Domino.
2371 1261 2534 1318 Plane
2559 1261 2900 1332 gloriabatur
2927 1268 3237 1338 duplicibus
3263 1273 3492 1328 divitiis.

1915 1351 2069 1419 Quod
2096 1355 2242 1408 enim
2269 1355 2501 1424 duplicia
2531 1359 2672 1412 dona
2703 1360 2748 1414 is
2784 1373 3158 1429 consecraret,
3193 1365 3246 1418 id
3276 1368 3492 1436 agebat,

1917 1455 1971 1500 ut
1999 1457 2054 1500 et
2083 1447 2210 1502 vitae
2239 1447 2401 1518 hujus
2432 1492 2446 1515 ,
2481 1450 2729 1522 lituique
2761 1454 3076 1510 divitiarum
3115 1457 3360 1514 thesauri
3403 1465 3495 1514 mi-

1917 1551 2213 1595 nuerentur
2242 1559 2256 1607 ;
2303 1554 2592 1599 manentes
2630 1556 2813 1602 autem
2846 1560 3112 1620 perpetuo
3143 1554 3366 1608 cumulo
3394 1571 3493 1609 au-

1914 1639 2192 1698 gerentur.
2231 1632 2421 1688 Nonne
2458 1636 2664 1705 liquet,
2717 1650 2775 1692 ut
2810 1655 2988 1709 neque
3023 1639 3244 1710 fugaces
3276 1645 3497 1700 divitias

1916 1737 2134 1777 manere
2168 1726 2396 1791 sineret,
2434 1729 2684 1797 quotidie
2713 1743 2932 1786 arctans
2953 1775 2966 1798 ,
3001 1735 3068 1787 ad
3103 1734 3155 1788 id
3185 1736 3330 1804 quod
3360 1737 3496 1792 satis

1911 1815 2242 1871 csset‘Hloc
2299 1820 2444 1873 enim
2495 1822 2662 1876 etiam
2710 1825 2885 1878 oratio
2939 1825 3189 1881 indicat:
3228 1826 3497 1897 O/Ierebut

219 1888 382 1957 δῶρα
424 1893 612 1946 αὑτοῦ
649 1891 729 1957 τῷ
762 1895 958 1960 Κυρίῳ
989 1891 1175 1950 διπλᾶ
1198 1932 1214 1958 ,
1252 1893 1449 1962 ,λέγων
1489 1895 1558 1948 ἐν
1594 1894 1808 1962 ἐαυτῷ·

1913 1907 2051 1958 enim
2084 1907 2222 1962 dona
2251 1926 2348 1962 sua
2391 1914 2628 1980 duplicia
2671 1913 2929 1981 Domino,
2974 1918 3154 1974 dicens
3205 1921 3348 1989 apud
3391 1935 3492 1975 se:

227 1979 422 2034 Ἔστω
459 1981 527 2034 τὰ
564 1980 675 2048 τῆς
719 1985 1072 2051 περιουσίας
1101 2001 1222 2053 μου
1276 1985 1457 2038 παι-τί
1507 1985 1588 2051 τῷ
1637 1986 1801 2053 λαῷ,

220 2074 324 2125 καὶ
381 2073 446 2125 τὸ
491 2074 600 2141 τῆς
645 2074 922 2143 ἁφέσεὼς
961 2093 1105 2145 μου,
1142 2079 1335 2144 Κυρίῳ
1373 2076 1452 2143 τῷ
1501 2078 1624 2145 Θεῷ
1659 2097 1800 2149 μου.

223 2162 368 2230 Ὅρα
395 2165 494 2233 τῆς
537 2167 593 2216 ὲν
642 2165 791 2235 νόμῳ
829 2166 1175 2237 δικαιοσύνης
1221 2169 1563 2241 ὑπερϐολήν·
1610 2172 1803 2225 σκόπει

219 2255 324 2324 τὴν
364 2257 421 2307 ὲν
467 2256 790 2317 ἀποστόλοις
844 2258 1242 2329 εὑαγγελικὴν,
1305 2261 1363 2314 ὲν
1409 2264 1524 2325 τοῖς
1573 2262 1803 2328 δικαίοις

218 2346 435 2410 τούτοις
480 2348 1037 2419 προκατορθωθείσαν
1085 2351 1399 2404 πολιτείανο
1451 2357 1700 2424 κρεῖττον
1744 2353 1803 2408 δὲ

219 2437 424 2505 λέγειν,
465 2439 1071 2510 ὑπερκατοροωθείσαν.
1108 2444 1306 2495 Ἔστω
1336 2442 1402 2496 τὸ
1428 2443 1540 2512 τῆς
1563 2458 1804 2512 περιου-

217 2530 364 2593 σίας
387 2547 506 2598 μου
544 2531 723 2583 παντί
769 2531 848 2595 τῷ
888 2532 1037 2597 λαῷ.
1071 2533 1288 2602 Μηδὲν,
1331 2535 1499 2606 φησὶν
1522 2574 1538 2599 ,
1585 2536 1672 2607 εἴη
1710 2553 1804 2590 πε-

222 2621 406 2690 ριττὸν
435 2623 542 2674 τῶν
577 2625 915 2692 ἀναγκαίων.
951 2626 1122 2679 Παντὶ
1161 2626 1241 2697 τῷ
1273 2625 1387 2698 λαῷ
1421 2626 1487 2680 τὰ
1519 2626 1661 2699 ὑπὲρ
1704 2628 1803 2702 τὴν

218 2715 412 2785 χρείαν
461 2717 792 2790 προκείσθω.
846 2719 989 2774 [Hoc
1026 2720 1182 2774 κοινά
1238 2721 1307 2774 τὰ
1339 2721 1438 2792 τῆς
1481 2722 1804 2792 περιουσίας

219 2807 488 2875 ἀφείσθω.
527 2810 590 2862 Ὢ
619 2809 969 2881 δικαιοτάτης
1000 2813 1094 2866 καὶ
1125 2813 1349 2884 γνώμης
1389 2816 1486 2868 καὶ
1516 2814 1756 2886 κρίσεως
1784 2817 1797 2869 !

223 2897 290 2952 Ὠ
350 2899 578 2954 πλούτου
650 2901 708 2953 ἐν
769 2903 1060 2974 ἀσυλήτοις
1122 2907 1647 2979 συγκεκομισμένου
1704 2925 1802 2962 τα-

220 2985 418 3056 μιείοις
446 2990 457 3042 ἶ
488 2989 662 3053 οὕτως
687 2994 721 3062 ή
749 2996 811 3046 ἐκ
837 2995 1138 3064 προοιμίων
1157 2998 1602 3069 ὑπερανέστηκιν
1623 3000 1804 3054 αὑτῶν

215 3079 414 3150 ἀρετή.
461 3081 620 3136 Ἀλλά
649 3083 757 3151 γὰρ
786 3089 882 3138 καὶ
909 3086 1097 3158 ἕτερον
1119 3088 1301 3153 αὑτοῖς
1329 3090 1639 3162 ὑπερὸολῆς
1671 3109 1802 3146 κατ-

214 3168 444 3239 όρθωμα
470 3209 485 3235 ,
531 3173 595 3225 ἐκ
644 3173 754 3228 τῶν
789 3175 914 3248 ἑξῆς
959 3177 1324 3247 διαφαίνεται.
1364 3181 1520 3236 Μετά
1557 3183 1665 3254 γὰρ
1701 3183 1801 3255 τὴν

215 3262 302 3323 εἰς
345 3263 405 3315 τὸ
431 3264 705 3336 αὔταρκες
733 3267 827 3320 τοῦ
865 3269 1101 3323 πλούτου
1143 3273 1440 3345 συστολὴν,
1482 3276 1550 3328 τὰ
1584 3292 1800 3346 νενομι-
1829 3269 1871 3325 C

218 3355 394 3424 σμένα
433 3357 615 3411 πάντα
659 3361 787 3430 περί
815 3378 873 3414 τε
917 3365 1226 3434 νουμηνιῶν
1247 3405 1261 3430 ,
1298 3367 1394 3418 καὶ
1428 3367 1635 3437 ἐθίμων
1669 3371 1798 3422 ἀνα-

214 3445 514 3514 Θημάτων,
568 3448 772 3503 θυσιῶν
817 3469 878 3504 τε
912 3453 1233 3524 ἀιρεσίμων,
1268 3456 1364 3509 καὶ
1409 3457 1799 3529 καθαρτηρίων

215 3541 590 3607 σωματικῶν,
641 3543 704 3595 ἐκ
751 3543 862 3596 τῶν
896 3547 1156 3610 ἐνόντων,
1205 3547 1282 3618 τῷ
1328 3547 1438 3601 τῶν
1487 3549 1626 3603 ὅλων
1677 3550 1798 3621 Θεῷ

211 3633 638 3701 προσεκόμιζον.
667 3635 775 3688 Καὶ
807 3636 871 3688 τὸ
902 3635 1014 3705 τῆς
1035 3637 1308 3706 ἀφέσεως
1331 3658 1472 3708 μου,
1499 3643 1690 3710 Κυρίῳ
1718 3642 1799 3709 τῷ

213 3721 341 3786 θεῷ
373 3741 512 3791 μου.
559 3726 759 3789 Ὥστε.
814 3729 873 3781 οὑ
913 3730 1074 3799 μόνον
1119 3733 1200 3794 εἰς
1244 3735 1304 3785 τὸ
1353 3733 1619 3802 ἀρκετὸν,
1661 3736 1800 3790 ἀλλά

211 3817 312 3868 καὶ
343 3818 420 3878 εἰς
446 3818 506 3870 τὸ
527 3818 702 3872 ἐνδέον
736 3821 939 3889 αὑτοῖς,
970 3823 1038 3877 τά
1069 3825 1169 3895 τῆς
1199 3828 1519 3896 περιουσίας
1553 3829 1794 3901 ὑπετέμ-

208 3925 356 3963 νετο.
389 3911 497 3962 Καὶ
536 3912 616 3974 τι,
667 3911 872 3981 Λέγων
907 3914 976 3968 δὲ
1008 3916 1080 3970 ἐν
1108 3917 1320 3984 ἐαυτῷ,
1361 3918 1470 3972 τῶν
1501 3924 1623 3974 κατ’
1653 3923 1800 3987 ἐξαί-

214 4015 375 4070 ρετον
397 4017 409 4031 ·
447 4002 544 4054 σὺν
575 4001 652 4072 τῷ
677 4003 776 4072 τῆς
802 4005 1083 4070 εὐϐουλίας
1111 4008 1218 4081 γὰρ
1254 4009 1573 4082 σοφωτάτῳ,
1605 4014 1700 4066 καὶ
1731 4015 1796 4067 τά

206 4093 314 4160 τῆς
353 4094 627 4166 ὑπεροχῆς
661 4098 755 4151 τοῦ
800 4101 1093 4170 εἰρηκότος
1140 4105 1442 4177 παρίστησι
1488 4106 1792 4179 δείγματα·

207 4186 273 4238 οὑ
307 4188 415 4257 γὰρ
449 4190 528 4250 εἰς
575 4189 795 4260 ἐτέρους
826 4193 1056 4259 ἀπιδὼν,
1091 4196 1211 4250 οὑδὲ
1245 4199 1656 4270 παραδείγμασί
1686 4219 1794 4254 τισι

209 4281 629 4350 προσεσχηκὼς,
667 4283 843 4337 ταῦτα
883 4285 1154 4357 ἔπραττεν
1180 4305 1194 4319 ο
1233 4290 1349 4343 ἀλλ’
1378 4292 1542 4356 αὐτὸς
1573 4293 1641 4346 δι’
1667 4295 1795 4347 ἑαυ-

206 4369 310 4423 τοῦ
343 4374 399 4423 τί.
428 4372 637 4438 ἀγαθὸν
674 4376 1019 4447 ὲφευρίσκων
1043 4380 1375 4451 ἐξεπλήρουο
1411 4385 1505 4436 καὶ
1533 4384 1632 4456 οὑχ
1661 4387 1794 4439 ὑπο-

204 4459 408 4529 θήκαις
443 4464 705 4530 παλαιαῖς
727 4509 743 4532 ,
791 4471 886 4521 καὶ
925 4471 1274 4540 νομοθεσίαις
1317 4475 1454 4545 πρὸς
1483 4476 1545 4529 τὸ
1567 4478 1793 4532 -ιιοιοῦτο

203 4561 634 4623 χειραγωγείται
671 4560 1030 4631 κατόρθωμα,
1064 4563 1180 4616 ἀλλ’
1209 4565 1374 4630 αὑτὸς
1399 4570 1662 4641 κατάρχει
1691 4571 1790 4641 τῆς

199 4647 320 4697 τῶν
346 4647 527 4700 καλῶν
568 4651 852 4718 ἐργασίας,
885 4655 980 4707 καὶ
1012 4657 1314 4724 πρακτικὸς
1349 4660 1648 4732 νομοθέτης
1676 4666 1790 4727 τοῖς

206 4737 331 4806 μετ’
366 4739 530 4792 αὑτὸν
575 4741 922 4798 καθίσταται.
974 4746 1117 4815 Ὅρα
1165 4747 1282 4812 πῶς
1324 4750 1624 4820 ἀξιολόγως
1679 4753 1789 4808 τῶν

200 4829 468 4882 ἁπάντων
515 4826 662 4885 οὑτοι
717 4832 944 4887 δικαίων
991 4837 1408 4910 προκέκρινται.
1469 4841 1790 4913 ’Δξιολόγως

193 4921 469 4989 δὲλέγω,
511 4923 572 4975 οὑ
616 4927 682 4994 τῇ
732 4925 829 4977 τοῦ
867 4928 1172 4999 μυστηρίου
1219 4930 1431 5003 δωρεᾷο
1485 4934 1630 5006 ὑπὲρ
1677 4937 1787 5008 γὰρ

193 5011 440 5083 ἀμοιϐὴν
462 5014 641 5084 ἔργων
669 5019 700 5086 ἡ
726 5018 886 5090 χάρις
908 5037 923 5051 ο
953 5023 1020 5092 τῇ
1049 5038 1113 5091 γε
1143 5023 1254 5077 τῶν
1277 5026 1534 5095 ὁμοφυῶν
1558 5029 1788 5082 ἀντιπα-

197 5105 449 5176 ραθέσει.
496 5107 636 5160 Ἀλλ’
667 5110 962 5166 ἀκόλουθον
992 5113 1128 5184 πρὸς
1156 5115 1218 5170 τὸ
1253 5117 1354 5186 τῆς
1387 5119 1626 5189 ἱστορίας
1657 5121 1784 5192 ἑξῆς

193 5198 360 5250 ἰέναι.

270 5291 410 5360 Φησὶ
442 5291 572 5362 γὰρ,
603 5293 677 5356 ὡς
717 5295 923 5367 ⁴ὲθίμως
952 5300 1072 5353 κατ’
1103 5300 1347 5374 εὕσημόν
1385 5322 1508 5360 τινα
1533 5309 1644 5363 τῶν
1669 5313 1784 5382 ἐορσ

187 5380 307 5434 τῶν
341 5387 666 5452 προσάγοντι
706 5387 774 5440 τὰ
800 5388 971 5460 δῶρα,
1012 5395 1040 5445 ὁ
1086 5395 1237 5466 παρά
1277 5395 1386 5451 τῶν
1417 5401 1781 5471 συμφυλετῶν

183 5474 264 5527 δι’
299 5477 550 5528 ἀτεκνίαν
597 5478 859 5551 ὲπετρίϐη
900 5482 1224 5556 ὁνειδισμός.
1271 5491 1394 5544 Οὐκ
1430 5491 1640 5558 ἔξεστί
1679 5514 1780 5552 σοι

183 5563 338 5635 γάρ,
379 5568 542 5634 φησι,
585 5575 1016 5642 προσενεγκεῖν
1057 5579 1130 5632 τὰ
1171 5578 1328 5648 δῶρὰ
1366 5599 1522 5650 σου,
1570 5594 1777 5645 καθότι

184 5655 437 5724 σπέρμα
473 5661 582 5712 οὐκ
621 5663 919 5733 ἐποίησας
960 5669 1031 5724 ἐν
1081 5671 1351 5745 Ἰσραήλ.
1401 5678 1534 5734 Τινὰ
1573 5682 1630 5737 δὲ
1668 5685 1775 5738 τῶν

183 5750 576 5824 ἀντιγράφων,
601 5757 723 5811 Οὐκ
757 5759 964 5824 ἔξεστί
988 5779 1087 5820 σοι
1113 5766 1321 5837 πρώτῳ
1349 5768 1471 5842 [ἄλ.
1509 5776 1770 5852 πρῶτον],

183 5859 443 5918 sup-.273:
515 5855 968 5921 προσενεγκεῖν.
1031 5859 1188 5927 Εἱκός
1245 5863 1375 5933 γοῦν
1442 5869 1606 5927 αὑτὸν
1677 5873 1768 5929 ire

475 5941 738 6006 ΓΑτιιοι..
797 5946 910 6012 GR.
959 5950 1023 6015 C.

1913 1993 1998 2051 Sit
2053 2015 2164 2052 men
2214 2000 2545 2056 abundauua
2582 2007 2820 2060 universo
2867 2009 3060 2077 populo
3090 2049 3104 2074 ,
3145 2027 3208 2064 oc
3254 2014 3494 2067 remissio

1911 2105 2025 2144 mea
2059 2091 2282 2146 Domino
2329 2096 2436 2149 ."eo
2485 2113 2617 2152 meo.
2661 2099 2790 2156 \‘ide
2831 2102 3058 2171 justitia:
3089 2105 3279 2176 legalis
3312 2109 3494 2162 excel-

1913 2183 2156 2240 letttiam.
2207 2185 2341 2240 γηιρ
2387 2193 2754 2260 ι-ικιιιευὶιιιυιιι
2789 2197 3160 2263 apostolorum
3195 2199 3496 2254 institutio-

1912 2290 2036 2330 nem
2071 2284 2330 2346 praeclare
2365 2282 2701 2347 exltiltilaltt,
2754 2302 2847 2340 seu
2907 2297 2960 2341 ut
3016 2289 3208 2357 loquar
3261 2291 3491 2358 melius,

1915 2379 2251 2438 superatam.
2284 2373 2367 2426 Su
2404 2392 2515 2428 mea
2547 2379 2876 2432 abundantia
2910 2387 3052 2434 omni
3079 2383 3292 2453 papula.
3322 2384 3492 2447 Nihil,

1912 2461 2124 2531 inquit,
2175 2463 2230 2518 in
2287 2471 2612 2523 necesSarhs
2650 2474 2808 2525 t'ttlvtta
2864 2473 3195 2543 superﬂuum
3246 2477 3340 2533 sit.
3371 2479 3494 2535 'l‘oti

1913 2555 2110 2623 populo
2147 2559 2423 2626 prOposita
2459 2561 2592 2627 sint,
2621 2578 2741 2632 qua:
2768 2574 2906 2620 urtra
2941 2571 3312 2624 necessarium
3338 2587 3492 2628 usum

1913 2645 2210 2716 abundant.
2247 2649 2567 2706 Communis
2602 2659 2878 2711 UIIin'lhlS
2905 2659 3065 2714 cedat
3094 2676 3211 2716 mea
3237 2663 3496 2718 substan-

1913 2740 2006 2792 tia.
2043 2738 2090 2812 Ο
2151 2741 2366 2812 plenam
2428 2745 2640 2813 justitia
2695 2761 2932 2804 mentem
2985 2749 3398 2824 judiciumque!
3447 2759 3493 2811 ί)

1913 2823 2131 2895 divitias
2169 2833 2581 2893 inviolabilibus
2608 2841 2879 2898 thesauris
2933 2823 3306 2913 importatas:
3345 2861 3494 2905 tanto

1911 2937 2140 2980 excessu
2175 2928 2472 2996 prmcelluit
2507 2947 2695 2988 eorum
2733 2936 2904 2992 virtus
2930 2938 2999 2994 ab
3021 2943 3274 2997 exordio.
3303 2947 3409 3000 Sed
3438 2958 3491 3002 et

1912 3015 2017 3071 alia
2064 3032 2252 3074 eorum
2293 3021 2510 3079 virtutis
2552 3025 2876 3095 excellentia
2913 3046 2980 3086 ex
3012 3039 3371 3105 sequentibus
3400 3058 3492 3094 Oa—

1915 3108 2174 3165 tenditur.
2202 3111 2497 3184 Postquam
2526 3117 2672 3172 enim
2705 3119 2846 3176 intra
2883 3123 3004 3194 ejus
3034 3129 3180 3196 quod
3215 3130 3486 3188 suﬂiceret

1915 3208 2110 3267 metas,
2149 3203 2372 3260 divitias
2401 3217 2791 3266 contraxerant
2818 3252 2834 3278 ,
2867 3213 3108 3285 legitima
3136 3222 3340 3287 omnia,
3377 3235 3489 3281 tum

1905 3308 2026 3362 quae
2059 3296 2125 3349 ad
2162 3299 2503 3367 ueomenias,
2531 3310 2645 3356 tum
2676 3321 2798 3374 quae
2823 3309 2891 3362 ad
2925 3311 3175 3378 donaria,
3205 3318 3490 3374 victimas-

1903 3402 2007 3456 que
2041 3405 2137 3458 pro
2169 3393 2432 3459 peccatis,
2469 3410 2530 3448 ac
2582 3402 2897 3467 corporales
2935 3402 3287 3464 lustrationes
3315 3455 3330 3476 ,
3363 3429 3488 3481 spe-

1901 3481 2124 3534 ctabant
2151 3524 2165 3548 ,
2207 3483 2272 3538 de
2325 3489 2630 3542 substantia
2675 3493 2880 3561 reliqua
2909 3537 2924 3559 ,
2961 3502 3343 3560 univerSnrum
3376 3508 3484 3563 Deo

1901 3571 2200 3630 oﬂerebant
2257 3593 2271 3631 :
2327 3575 2392 3628 Et
2445 3581 2686 3635 remissio
2746 3602 2859 3640 utea
2915 3588 3144 3648 Domino
3205 3596 3314 3652 Deo
3348 3617 3482 3657 meo.

1900 3663 2287 3731 Quamobrem,
2322 3671 2517 3725 nedum
2552 3674 2605 3726 in
2639 3675 2690 3729 id
2719 3681 2865 3746 quod
2902 3685 3038 3738 satis
3071 3698 3245 3753 esset,
3287 3695 3381 3746 sed
3419 3708 3478 3749 ut

1900 3765 1954 3810 et
1983 3758 2080 3826 ipsi
2113 3759 2439 3827 indigerent,
2476 3765 2644 3820 divisa
2672 3782 2859 3825 eorum
2893 3777 3121 3833 cedebat
3153 3785 3480 3846 substantia.

1902 3846 2006 3903 Sed
2044 3861 2098 3905 et
2134 3852 2285 3919 illud,
2318 3857 2472 3922 Apud
2491 3875 2546 3913 se
2579 3861 2780 3928 dicem,
2818 3867 3033 3926 eximite
3059 3875 3342 3944 cujusdam
3373 3885 3483 3938 vir-

1903 3940 2030 3994 tutis
2083 3957 2168 3997 res
2213 3957 2296 3998 est
2345 3965 2358 4000 :
2397 3961 2598 4017 praeter
2643 3957 2790 4010 enim
2829 3940 3232 4023 cordatisslmas
3279 3976 3482 4030 mentis

1898 4031 2206 4098 consilium,
2244 4037 2406 4090 etiam
2438 4039 2556 4107 ejus
2579 4043 2668 4111 qui
2703 4046 2841 4100 dixit
2866 4050 3084 4108 virtutis
3106 4064 3479 4124 praestantiam

1897 4126 2155 4181 ostendit.
2200 4128 2406 4198 Quippe
2448 4132 2562 4187 haec
2599 4135 2793 4204 agebat
2824 4176 2841 4201 ,
2893 4156 2999 4196 non
3039 4144 3094 4200 in
3130 4149 3270 4206 alios
3305 4156 3479 4224 respi-

1895 4217 2066 4280 ciens,
2099 4231 2191 4274 aut
2221 4224 2365 4276 velut
2395 4227 2660 4295 exemplis
2684 4231 2808 4286 ullis
2831 4249 3067 4294 mentem
3101 4217 3477 4318 adhibuisset;

1897 4309 1991 4363 sed
2029 4311 2142 4379 ipse
2178 4328 2272 4382 per
2307 4331 2368 4370 se
2400 4317 2676 4388 inventor,
2711 4325 2911 4383 bonum
2947 4332 3281 4403 adimplebat
3310 4357 3328 4394 :
3374 4309 3477 4398 tte:

1895 4414 2000 4468 que
2029 4406 2433 4474 antiquioribus
2463 4411 2810 4472 documentis
2864 4421 3181 4497 legibusque
3230 4434 3296 4486 ad
3333 4449 3473 4504 pra:-

1895 4491 2105 4547 clarum
2139 4498 2274 4551 adeo
2310 4499 2521 4556 facinus
2556 4509 2964 4578 manuducitur,
3001 4491 3108 4570 sed.
3131 4521 3246 4589 ipse
3273 4491 3475 4583 bonum

1826 4607 1868 4661 ι)
1899 4583 2114 4640 inchoat
2142 4603 2305 4677 opus,
2335 4607 2398 4646 ac
2429 4595 2654 4664 reliquis
2688 4601 2945 4673 deinceps
2975 4583 3255 4677 legislator
3284 4619 3353 4672 ab
3386 4636 3475 4673 ar—

1897 4674 2042 4728 tione
2096 4675 2347 4734 eﬂicitur.
2408 4680 2540 4737 Vide
2594 4699 2651 4740 ut
2691 4690 2744 4744 hi
2791 4696 2984 4750 merito
3012 4674 3182 4768 juSIis
3221 4710 3475 4766 omnibmt

1893 4767 2135 4834 potiores
2163 4770 2336 4826 habiti
2375 4775 2503 4832 sint.
2536 4776 2666 4834 Dico
2701 4795 2884 4838 autem
2922 4767 3119 4846 met-ito
3144 4835 3159 4859 ,
3194 4813 3299 4854 non
3327 4774 3470 4873 quod

1891 4869 2102 4930 spectat
2133 4866 2199 4917 ad
2247 4873 2573 4925 sacramenti
2609 4875 2834 4944 donum,
2883 4891 2900 4951 ι
2933 4897 3157 4955 superat
3201 4866 3472 4949 enim'be-

1890 4953 2068 5007 nelicii
2106 4959 2430 5026 magnitudo
2466 4966 2888 5026 retributionem
2936 4953 3237 5052 operum),
3275 4988 3370 5042 sed
3413 5000 3470 5045 ut

1888 5046 2011 5114 quis
2039 5055 2250 5103 tantum
2282 5067 2405 5107 cum
2438 5057 2734 5126 gentilibus
2797 5066 2914 5121 suis
2957 5046 3466 5152 hominesconipa-

1887 5143 2109 5195 raverit.
2147 5143 2440 5202 Enimvero
2477 5165 2910 5215 consentaneum
2957 5174 3073 5231 est,
3111 5182 3170 5223 ut
3219 5187 3339 5240 quae
3372 5143 3464 5230 lai-

1884 5233 2052 5286 storia
2083 5235 2341 5307 deinceps
2370 5241 2530 5298 habet
2553 5261 2968 5319 prosequamur.

1955 5328 2045 5380 Ait
2075 5327 2260 5398 itaque
2283 5371 2300 5395 ,
2335 5344 2392 5387 ut
2429 5335 2628 5393 illustri
2661 5348 2896 5411 quadam
2929 5350 3248 5414 celebritate
3273 5400 3288 5425 ,
3321 5361 3458 5420 dona

1881 5433 1946 5472 ex
1978 5435 2127 5476 more
2153 5419 2424 5494 offerenti,
2457 5432 2794 5492 contribules
2825 5441 2908 5495 sui
2951 5446 3295 5506 sterilitatem
3330 5468 3457 5523 pro-

1881 5511 1982 5565 bro
2015 5513 2335 5582 objecerint.
2375 5518 2498 5575 Non
2537 5525 2683 5579 enim
2710 5570 2723 5593 ,
2752 5529 2949 5600 inquit,
2983 5535 3106 5592 licet
3134 5542 3249 5604 tibi,
3290 5511 3344 5598 ui
3373 5546 3458 5616 of-

1880 5601 2020 5668 feras
2049 5613 2141 5657 tua
2179 5606 2340 5672 dona,
2373 5624 2433 5662 eo
2465 5613 2607 5679 quod
2634 5631 2736 5670 non
2775 5617 2961 5688 feceris
2983 5640 3154 5680 semen
3180 5601 3244 5682 ini
3264 5601 3455 5685 Israel.

1876 5695 2050 5751 Porro
2092 5698 2294 5755 habent
2340 5704 2585 5760 nonnulli
2627 5709 2888 5767 codices:
2937 5713 3064 5770 Non
3101 5718 3226 5774 licet
3279 5723 3370 5775 tibi
3403 5736 3457 5776 nt

1875 5791 2076 5856 primus
2125 5792 2336 5860 o/feroe.
2378 5795 2698 5857 Verosimilc
2731 5803 2914 5874 itaque
2952 5808 3202 5867 videatur
3256 5813 3456 5881 virum,

1878 5892 2062 5954 utpote.
2082 5883 2311 5958 justum,
2346 5902 2408 5946 ac
2452 5891 2649 5966 duplici
2700 5896 3042 5956 honestatum
3094 5903 3450 5977 ingenuitate,

3061 5996 3138 6056 -ὶαὶ
