4166 6440
277 410 380 475 389

1060 407 1142 467 ΙΝ
1188 406 1290 466 SS.
1337 404 1693 466 DEIPARE
1734 401 2324 463 CONCEPTIONEM
2363 402 2458 461 ET
2500 400 2670 461 NAT.

3390 396 3523 460 1390

244 513 653 589 despcctionem
728 514 1002 580 ostendit;
1062 514 1258 567 nedum
1322 511 1440 579 ejus
1511 509 1889 580 temporibus,
1954 523 2076 561 cum
2143 507 2228 561 vel
2294 506 2628 562 modicarum
2696 520 2760 561 ac
2831 504 3194 577 legitimarmu
3257 508 3522 564 virtutum

236 608 551 678 adimplctio
590 608 751 662 ardua
781 615 897 662 erat
918 646 931 669 ,
971 620 1035 659 ac
1064 603 1341 659 dillicilis?

312 702 425 756 Kal.
484 701 769 772 παρείσθω
829 699 960 763 νῦν,
1019 698 1087 752 τὰ
1137 697 1280 751 κατά
1328 696 1420 749 τὸν
1476 694 1832 766 πατριάρχην
1866 703 1907 759 Α

250 795 532 866 Ἀϐραάμ.
592 792 1005 867 ’Υπεξῃρῆσθαι
1047 792 1157 863 γὰρ
1198 790 1276 860 τῷ
1309 806 1369 842 τε
1417 789 1593 859 χρόνῳ
1624 788 1720 841 καὶ
1752 785 1830 857 τῷ

239 891 345 960 τῆς
415 886 766 957 δικαιοσύνης
817 884 1179 956 ἁνεστηκὸτι,
1226 884 1302 947 ὡς
1337 882 1446 936 τῶν
1493 882 1683 947 πάλαι,
1735 882 1832 934 καὶ

236 981 434 1036 τούτου
465 980 669 1044 δόξειεν
698 980 764 1033 ἄν
791 995 936 1031 τισι·
963 977 1103 1046 πλὴν
1138 977 1187 1028 εί
1216 976 1310 1029 καὶ
1327 974 1508 1029 ταῦτά·
1528 991 1615 1038 τις
1641 972 1832 1040 ἀντεξ-

243 1074 465 1137 ετάζειν
522 1070 790 1141 βούλοιτο,
853 1068 1057 1140 πολλὴν
1115 1067 1181 1122 ἂν
1236 1068 1336 1139 τὴν
1404 1068 1682 1139 ὑπεροχὴν
1723 1065 1835 1119 τῶν

242 1163 632 1235 προκειμένων
652 1161 963 1231 κατόψοιτο.
994 1159 1220 1231 Ἑκείνῳ
1248 1159 1349 1230 μὲν
1381 1158 1512 1230 γὰρ,
1544 1159 1579 1228 ἦ
1610 1175 1668 1211 τε
1698 1174 1833 1228 μετ-

248 1254 592 1316 ανάστασις,
660 1254 757 1306 καὶ
795 1254 828 1322 ή
867 1253 925 1303 ἐν
954 1248 1037 1315 οἷς
1070 1249 1137 1304 ἂν
1179 1250 1575 1321 παροικήσειεν
1625 1248 1835 1320 ἐρρήθη

242 1348 354 1418 γῆ·
391 1345 471 1398 ἔτι
525 1345 634 1415 μὴν
656 1383 671 1407 ,
702 1345 798 1397 καὶ
829 1346 863 1413 ἡ
910 1345 1009 1414 τῆς
1042 1341 1302 1405 ἀπαιδίας
1351 1342 1446 1395 καὶ
1495 1340 1839 1411 στειρώσεως

243 1440 349 1509 τῆς
370 1439 588 1509 Σάρρας
606 1435 784 1504 λύσις,
809 1435 915 1489 ὑπὸ
939 1433 1034 1487 τοῦ
1052 1433 1322 1504 ἀψευδοῦς
1349 1433 1800 1504 προεπήγγελται
1820 1448 1835 1462 ο

246 1529 394 1598 ἅπερ
423 1529 488 1599 δὴ
519 1528 771 1598 κατέχων
797 1525 1114 1597 ὑποσχέσει,
1142 1525 1253 1596 τὴν⁸
1275 1524 1375 1595 μὲν
1399 1525 1594 1579 ἐλπίδα
1619 1525 1837 1596 ἔτρεφε,

244 1623 352 1691 τὴν
383 1620 441 1673 δέ
469 1620 700 1690 γνώμην
740 1619 880 1691 πρὸς
914 1617 1015 1689 τὴν
1047 1615 1117 1670 δι’
1151 1618 1426 1687 αἰτήσεως
1462 1616 1836 1687 ἐψυχαγώγει.

247 1711 320 1764 Τί
377 1710 487 1781 γὰρ
544 1711 610 1762 ἂν
670 1709 1039 1779 εὐθυμότερον
1089 1707 1193 1778 τῆς
1240 1708 1593 1779 ὑποσχέσεως
1644 1708 1839 1779 ὀφθείη

246 1802 411 1857 Θεοῦ.
461 1802 519 1854 '0
556 1801 638 1865 δὲ,
671 1800 1097 1868 ἀνεπαγγέλτως
1133 1798 1235 1868 μὲν
1281 1800 1434 1871 παρὰ
1480 1797 1576 1851 τοῦ
1610 1796 1841 1852 δυνατοῦ

252 1896 437 1949 πάντα
475 1895 545 1949 τά
590 1894 665 1966 μὴ
709 1893 913 1947 δυνατά
956 1892 1356 1963 περαιοῦσθαι,
1402 1891 1499 1943 καὶ⁴
1538 1890 1638 1962 τὴν
1681 1890 1843 1960 φύσιν

253 1984 801 2058 μεταρυθμίζεσθαι,
856 1982 1191 2048 πιστεύσας,
1230 1981 1365 2052 πρὸς
1413 1982 1596 2052 ἀφανῆ
1646 1980 1704 2034 δὲ
1745 1979 1843 2052 τὴν

253 2079 426 2132 αὐτοῦ
452 2078 799 2150 προμήθειαν
831 2075 903 2129 τά
924 2075 1023 2144 τῆς
1052 2074 1269 2138 ἐλπίδος
1305 2073 1545 2147 ἐρείσας,
1579 2072 1724 2127 οὕτω
1748 2072 1844 2126 καὶ
1875 2073 1916 2127 Β

254 2169 359 2240 τὴν
384 2169 491 2222 τῶν
533 2166 754 2220 οἰκείων
791 2166 1110 2230 διάστασιν,
1157 2166 1255 2218 καὶ
1284 2164 1383 2235 τὴν
1428 2163 1669 2233 ἔμμονον
1706 2163 1845 2234 πρὸς

252 2260 422 2314 αὐτὸν
452 2258 521 2311 δι’
574 2256 872 2324 ἐντεύξεως
906 2260 1144 2312 ποιεῖται
1182 2256 1430 2329 ὁμιλίαν..
1474 2256 1586 2310 Καὶ
1623 2259 1652 2310 ὁ
1708 2257 1844 2326 μὲν,

251 2354 559 2421 τεκμήριον
610 2350 713 2419 τῆς
758 2366 818 2402 τε
870 2349 1256 2420 κατασχέσεως
1302 2350 1401 2419 τῆς
1444 2349 1582 2419 γῆς,
1620 2348 1847 2418 καὶτῆς

256 2442 358 2494 τοῦ
423 2441 618 2509 γένους
665 2439 960 2502 ἐπιδόσεως
1006 2439 1176 2492 δεῖται
1225 2438 1343 2510 [καὶ
1376 2441 1483 2509 ὅτῳ
1538 2439 1726 2509 τρόπῳ
1779 2438 1847 2492 τὰ

255 2534 711 2602 ἐπαγγελλόμενα
740 2531 1083 2602 πληρωθεῖεν
1115 2530 1455 2602 ἐξαιτεῖται]·
1488 2533 1516 2585 ὁ
1546 2532 1621 2595 δέ,
1659 2531 1849 2602 ὥσπερ

257 2630 321 2680 ἐν
348 2629 414 2698 τῇ
446 2627 576 2697 εὐχῇ
599 2626 659 2678 τὸ
687 2624 1084 2688 ἀνενδοίαστον,
1113 2622 1257 2677 οὔτω
1290 2624 1383 2677 καὶ
1415 2626 1473 2677 ἐν
1518 2623 1595 2693 τῷ
1621 2625 1701 2686 είς
1748 2624 1847 2675 ἐπ-

258 2723 429 2792 ήκοον
445 2720 829 2791 ἀνενεχθῆναι,
858 2720 955 2773 καὶ
984 2720 1078 2772 ὑπ’
1106 2718 1346 2787 ἀγγέλου
1374 2719 1466 2772 τὸν
1495 2719 1658 2793 τὸκον
1686 2718 1851 2785 εῖαγ-

259 2815 583 2883 γελισθῆναι
609 2854 624 2877 ,
664 2814 764 2883 οὐχ
796 2813 872 2873 ώς
911 2813 976 2866 ἂν
1020 2810 1218 2880 ἐκϐαίη
1250 2809 1312 2863 τὸ
1358 2810 1852 2879 εὐαγγελιζόμενον

260 2909 527 2970 αἰτεῖται,
561 2905 686 2957 οὐδέ
722 2921 786 2972 γε
813 2904 884 2956 τά
907 2902 1173 2974 δηλοῦντα
1210 2904 1414 2973 σημεῖα
1459 2906 1558 2972 τῆς
1598 2901 1854 2953 ἀσθενού-

265 3014 373 3067 σης
403 2996 619 3065 φύσεως
653 2991 753 3066 τὴν
783 2997 949 3059 ἴασιν,
995 2995 1270 3062 ἐπιζητεῖ.
1319 2994 1406 3056 Ὠς
1435 2992 1544 3063 γὰρ
1576 2992 1853 3063 πλήρωμα

260 3090 327 3142 τὶ)
381 3090 609 3159 μήνυμα
658 3087 949 3157 κατασχὼν
1000 3086 1096 3139 τοῦ
1132 3084 1389 3155 καθαρῶς
1431 3083 1668 3155 ὀφθῆναι
1707 3090 1856 3155 μόνῳ

259 3182 411 3252 θεῷ,
446 3183 537 3234 καὶ
570 3182 705 3251 μετά
736 3183 833 3252 τὴν
862 3181 959 3233 τοῦ
1003 3181 1165 3233 τόκου
1201 3180 1578 3250 πληροφορίαν
1608 3178 1720 3249 [γρ.
1756 3178 1855 3246 τῆς

263 3274 676 3347 πληροφορίας]
739 3271 1170 3343 κατεστοχάζετο
1226 3274 1449 3344 σημεῖα.
1527 3271 1687 3324 Ἀλλά
1746 3269 1857 3338 γὰρ

264 3371 367 3423 καὶ
388 3369 447 3421 τὸ
474 3372 571 3440 τῆς
602 3368 809 3432 θυσίας,
848 3367 1084 3420 ἐνταῦθα
1119 3364 1596 3436 προσκαλούμενον
1657 3364 1849 3428 ἐξετα-

267 3461 469 3532 σθῆναι
503 3459 830 3530 παρὰδοξον,
866 3459 1055 3512 ἐατέον
1076 3475 1088 3489 ·
1128 3459 1277 3522 ὅπως
1302 3460 1400 3527 μὲν
1429 3459 1635 3520 ἐκεῖνος
1679 3473 1845 3528 προσ-

260 3553 459 3620 τάξει,
511 3554 980 3623 αὑτοπροαέρετος
1018 3552 1075 3603 δέ
1120 3546 1273 3614 οὗτος
1343 3550 1707 3621 ἱερούργησε·
1766 3549 1859 3601 καὶ

268 3647 541 3717 μονογενῆ
586 3647 685 3715 μὲν
708 3686 722 3709 ,
770 3645 996 3714 κυρίως,
1041 3635 1200 3706 οὗτος
1223 3658 1240 3675 ·
1276 3644 1482 3705 ἐκεῖνος
1519 3642 1575 3694 δὲ
1597 3681 1612 3705 ,
1651 3640 1729 3710 τῷ
1758 3643 1859 3712 τῆς

266 3737 609 3806 ἐπαγγελίας
648 3737 793 3804 λόγῳ
813 3752 825 3764 ·
860 3737 957 3789 καὶ
988 3737 1069 3789 ὅτι
1101 3733 1384 3805 προσάξας
1415 3734 1513 3804 μὲν
1541 3735 1772 3797 ἐκεῖνος,
1799 3733 1859 3785 τὸ

268 3831 473 3900 ἱερεῖον
502 3828 916 3898 ἀντικομίζεται
937 3844 950 3858 ο
977 3822 1131 3891 οὗτος
1160 3826 1217 3879 δὲ
1245 3825 1325 3897 τῷ
1347 3826 1461 3878 ὄντι
1489 3824 1858 3894 καθιερώσας,

265 3922 659 3985 ὡλοκαύτωσε,
701 3921 796 3974 καὶ
837 3920 1076 3983 ἀποδοὺς
1110 3919 1415 3990 ἀνήνεγκε·
1451 3918 1548 3971 καὶ
1584 3919 1857 3988 πατριάρ-

267 4032 374 4086 χην
405 4015 504 4085 μὲν
531 4015 697 4078 αὐτὸς
728 4014 936 4083 φυλῶν,
965 4014 1061 4067 καὶ
1089 4012 1299 4066 δίκαιον
1324 4029 1339 4043 ο
1379 4013 1591 4083 μητέρα
1615 4010 1671 4064 δέ
1703 4004 1855 4074 οὗτος

270 4108 443 4171 Θεοῦ,
511 4109 607 4161 καὶ
675 4107 1028 4176 δικαιοτάτην
1108 4106 1466 4176 πατριαρχῶν
1533 4104 1852 4157 Δέσποιναν.

273 4200 541 4267 Κρείττον
572 4198 715 4268 γὰρ,
754 4199 814 4249 ού
851 4199 950 4267 τῆς
995 4198 1315 4268 παρούσης,
1349 4195 1484 4248 ἀλλά
1527 4194 1622 4247 καὶ
1674 4193 1855 4263 πάσης

267 4290 755 4360 ἀντιπαραθέσεως
793 4290 854 4342 τὸ
898 4289 1230 4359 ἐγχείρημα.
1278 4288 1441 4359 Ὁρᾷς
1465 4288 1625 4339 ὁποῖα
1656 4285 1726 4339 τά
1757 4283 1854 4337 τοῦ

264 4382 482 4433 δικαίου
515 4380 709 4433 τούτου
741 4379 1023 4451 παρήλασε
1058 4380 1532 4449 πλεονεκτήματα.

2010 692 2286 763 Missaque
2351 692 2404 745 in
2483 692 2902 763 praesentiarum
2961 698 3126 747 sunto
3202 692 3529 760 νοιιίιιι-ιιιιο

1938 786 2173 840 Abrahae
2205 786 2468 854 prmclare
2493 793 2665 856 gesta.
2693 782 2957 838 Videatur
2980 786 3195 855 quidem
3227 785 3526 850 nonnullis,

1935 896 2057 934 cum
2106 878 2417 947 antiquiore
2463 895 2578 933 mro
2602 919 2617 943 ,
2660 888 2774 933 tum
2801 878 3031 946 justitite
3066 881 3413 948 praestantia,
3449 882 3529 933 uti

1939 973 2220 1028 veteribus
2260 971 2406 1036 aliis,
2438 972 2512 1025 ita
2536 980 2590 1025 et
2624 974 2740 1027 viro
2775 973 2930 1027 nobis
2955 974 3254 1043 prOposito,
3285 974 3530 1042 potiores

1942 1064 2119 1132 l‘erre;
2175 1074 2233 1118 ut
2269 1074 2448 1118 tamen
2506 1065 2632 1135 quis
2687 1080 2752 1117 ex
2810 1067 3041 1120 adverso
3083 1080 3414 1132 componere
3471 1067 3529 1121 in

1940 1156 2180 1210 animum
2240 1156 2501 1221 inducat,
2565 1156 2795 1210 multum
2859 1174 3044 1211 rerum
3118 1160 3528 1228 propositarum

1937 1263 2221 1304 excessum
2258 1249 2611 1318 perspexerit.
2644 1247 2779 1303 Nam
2804 1249 2877 1303 illi
2904 1250 3146 1320 quidem,
3176 1267 3300 1306 cum
3332 1253 3533 1322 migra-

1942 1342 2020 1395 tio
2052 1380 2068 1407 ,
2101 1350 2213 1395 tum
2252 1351 2394 1396 terra
2430 1357 2534 1411 qua
2568 1340 2784 1396 futurus
2833 1352 2955 1397 erat
3006 1342 3231 1407 accola,
3272 1345 3530 1413 przedicta

1944 1433 2161 1500 fuerat;
2216 1434 2309 1488 sed
2345 1443 2401 1489 et
2446 1434 2627 1488 futura
2664 1433 3077 1489 iul'ecunditatis
3122 1449 3185 1490 ac
3230 1436 3534 1489 sterilitatis

1943 1526 2091 1583 Sara:
2123 1526 2342 1591 solutio,
2363 1527 2581 1581 veracis
2610 1524 2706 1581 Dei
2736 1528 2959 1582 oraculo
2980 1530 3344 1598 praenuntiata
3370 1541 3488 1586 erat
3516 1547 3530 1595 ;

1942 1636 2117 1692 eaque
2151 1622 2198 1676 is
2232 1620 2597 1691 promissione
2633 1632 2855 1685 tenens,
2903 1630 2957 1675 et
2989 1636 3140 1691 spem
3172 1623 3378 1687 alebat,
3409 1623 3529 1678 auio

1947 1727 2203 1783 mumque
2230 1727 2326 1783 per
2354 1713 2659 1767 orationem
2687 1712 2777 1767 illa
2812 1712 3147 1770 oblectabat.
3184 1713 3326 1781 Quid
3359 1716 3529 1781 enim,

1952 1818 2111 1874 rogo,
2141 1804 2322 1857 divina
2371 1805 2736 1874 promissione
2764 1804 3057 1875 jucundius
3105 1807 3276 1863 videri
3322 1811 3534 1879 queat?

1945 1896 2189 1951 Joachitn
2217 1909 2349 1951 vero
2370 1935 2385 1961 ,
2428 1896 2576 1951 nulla
2606 1897 2674 1951 ab
2711 1912 2778 1952 eo
2810 1908 3033 1968 accepta
3066 1901 3450 1968 promissione,
3481 1902 3533 1957 ei

1948 1989 2304 2044 commodans
2366 1988 2571 2054 tidem,
2625 1989 2718 2059 qui
2785 1990 3218 2060 impossibilihus
3275 1994 3530 2054 omnibus

1946 2084 2152 2139 exitum
2182 2083 2314 2137 dare
2335 2124 2350 2149 ,
2379 2098 2442 2138 ac
2473 2093 2725 2139 naturam
2766 2096 2946 2155 potest
2979 2086 3318 2154 reformare;
3351 2104 3535 2158 spem-

1947 2194 2053 2248 que
2088 2192 2243 2232 suam
2291 2177 2343 2232 iu
2388 2177 2600 2232 occulta
2634 2178 2753 2249 ejus
2796 2179 3135 2249 providentia
3184 2180 3395 2235 ﬁrmam
3436 2182 3535 2237 ha-

1948 2271 2104 2335 bens,
2138 2285 2259 2325 cum
2293 2285 2351 2325 se
2383 2286 2413 2325 a
2444 2270 2764 2326 domesticis
2803 2271 3105 2341 abstrahit,
3142 2282 3253 2328 tum
3281 2289 3538 2344 perseve-

1950 2363 2089 2416 ranti
2139 2360 2540 2431 supplicatione
2590 2363 2645 2417 in
2683 2361 2881 2417 divinis
2926 2362 3218 2433 colloquiis
3270 2367 3403 2431 agit.
3457 2365 3536 2419 Ac

1949 2451 2223 2505 Abraham
2258 2451 2474 2519 quidem
2526 2452 2897 2507 necessarium
2934 2453 3098 2507 habet
3126 2453 3375 2523 signum,
3410 2470 3535 2509 cum

1954 2541 2149 2596 futurae
2174 2542 2542 2611 possessionis
2577 2550 2735 2596 terra:
2760 2584 2773 2608 ,
2808 2552 2920 2597 tum
2958 2544 3234 2615 augmenti
3272 2547 3490 2615 generis
3516 2588 3533 2613 ,

1953 2642 2015 2683 ac
2047 2628 2265 2682 modum
2301 2644 2407 2699 quo
2437 2629 2632 2684 divina:
2664 2633 3055 2699 promissiones
3087 2633 3372 2703 implenda:
3403 2635 3537 2702 sint,

1953 2721 2229 2790 exquirit;
2259 2720 2505 2776 Joachim
2542 2738 2707 2786 vero,
2758 2726 2835 2778 uti
2874 2722 3155 2780 indubiam
3191 2727 3242 2781 in
3287 2729 3539 2783 oratione

1953 2823 2191 2869 mentem
2237 2815 2586 2879 oetenderat,
2639 2819 2709 2871 ita
2746 2826 2800 2871 et
2847 2817 2936 2871 ubi
2976 2816 3171 2873 fuisset
3210 2821 3539 2888 exauditus,

1956 2905 2270 2975 bonumque
2302 2907 2370 2961 ab
2398 2907 2593 2977 angelo
2609 2908 2919 2963 «nasciturte
2955 2911 3124 2979 prolis
3157 2911 3407 2965 nuntium
3446 2929 3537 2968 ac-
3622 2982 3623 2985 η

1958 2998 2232 3067 cepisset,
2280 2998 2701 3069 haudquaquam
2752 3009 2812 3055 ut
2868 3000 3062 3057 faustae
3108 3006 3540 3062 annuntiationis

1959 3088 2105 3144 illius
2133 3100 2363 3146 eVentus
2392 3092 2463 3146 sit
2490 3091 2777 3150 habiturus
2801 3133 2815 3159 ,
2848 3104 3024 3165 rogat,
3068 3110 3166 3150 nec
3203 3112 3331 3151 vero
3362 3097 3538 3167 signa,

1958 3181 2157 3249 quibus
2177 3180 2360 3237 futura
2383 3194 2594 3239 natura:
2623 3186 2838 3242 sanatio
2868 3188 2941 3242 sit
2970 3187 3323 3257 declaranda,
3350 3193 3539 3259 exqui-

1961 3274 2053 3329 rit.
2090 3272 2250 3329 Velut
2282 3277 2427 3329 enim
2463 3292 2577 3331 rem
2602 3277 2715 3344 jam
2757 3279 3105 3348 adimpletam
3140 3280 3368 3345 habens,
3399 3285 3540 3351 quod

1960 3377 2149 3437 aperte
2179 3366 2277 3421 soli
2312 3367 2419 3422 Deo
2443 3369 2619 3424 visum
2647 3381 2815 3436 esset,
2836 3371 3198 3441 signiﬁcatum
3228 3385 3394 3438 esset,
3420 3392 3540 3429 cum

1958 3468 2106 3513 certa
2140 3456 2332 3512 futurae
2361 3460 2529 3528 prolis
2552 3462 2926 3530 persuasione,
2957 3464 3111 3532 signa
3142 3479 3361 3534 quoque
3384 3464 3539 3534 plane

1955 3550 2316 3619 conjectabat.
2359 3553 2463 3606 Sed
2504 3561 2560 3607 et
2606 3554 2939 3609 admiranda}
2987 3556 3131 3612 illius
3162 3560 3395 3613 \ictiune
3437 3560 3539 3613 huc

1958 3640 2058 3695 loci
2092 3642 2326 3696 accitum
2362 3656 2617 3711 examen,
2650 3648 3015 3700 omntendum
3071 3648 3143 3701 sit
3178 3667 3190 3703 :
3232 3660 3290 3703 ut
3322 3650 3539 3719 quidem

1956 3730 2271 3794 Abraham,
2326 3729 2511 3786 divina
2564 3730 2855 3800 jussione,
2898 3731 3145 3787 Joachim
3205 3748 3387 3789 autem
3442 3752 3538 3789 sua

1959 3821 2075 3890 ipse
2110 3830 2327 3892 sponte,
2362 3822 2756 3878 sacriﬁcaverit
2785 3842 2799 3891 ;
2831 3835 2993 3895 atque
3025 3824 3113 3879 hic
3150 3825 3390 3896 quidem,
3426 3828 3538 3881 uni-

1964 3926 2157 3982 genam
2206 3911 2453 3968 absolute
2485 3912 2688 3982 prolem
2711 3954 2728 3981 ,
2780 3913 2869 3969 ille
2900 3915 3203 3979 duntaxat,
3240 3916 3423 3969 habita
3460 3931 3537 3968 ra-

1964 3999 2111 4054 tione
2159 4001 2540 4071 promissionis
2574 4025 2585 4058 :
2639 4012 2696 4057 ut
2747 4004 2878 4058 item
2913 4003 3003 4058 ille
3034 4020 3158 4058 cum
3210 4006 3538 4062 obtulisset.

1961 4095 2237 4148 victimam
2267 4093 2547 4161 retulerit,
2584 4095 2672 4149 hic
2704 4104 2924 4161 autem,
2957 4112 3149 4152 revera
3191 4099 3538 4154 sacriﬁcave-

1960 4186 2067 4247 rit,
2100 4185 2443 4256 reddensqne
2482 4201 2545 4241 ac
2597 4188 2855 4243 addicens
2895 4188 3040 4255 Deo,
3078 4191 3127 4243 in
3163 4192 3539 4247 holocaustum

1958 4278 2223 4334 obtulerit
2256 4293 2270 4331 :
2308 4295 2373 4333 ac
2422 4279 2512 4335 ille
2551 4280 2806 4349 quidem,
2851 4282 3088 4337 tribuum
3130 4286 3538 4353 patriarcham;

1959 4372 2049 4427 hic
2079 4379 2284 4437 autem,
2323 4371 2416 4427 Dei
2450 4383 2755 4443 parentem,
2800 4389 2863 4430 ac
2895 4377 3328 4445 patriarcharum
3379 4378 3544 4431 meri-

271 4477 547 4531 tissimam
582 4474 891 4529 Dominam.
948 4474 1116 4528 l‘lane
1144 4474 1287 4529 enim
1315 4511 1330 4536 ,
1370 4475 1564 4527 nedum
1598 4471 1851 4542 praesenti
1894 4470 2034 4532 hac,
2106 4466 2201 4524 sed
2266 4476 2323 4523 et
2354 4469 2500 4523 omni
2537 4474 2760 4524 omnino
2791 4472 3199 4540 comparatione
3235 4483 3441 4528 tantum
3477 4476 3543 4528 il-

270 4567 368 4622 lud
406 4569 616 4623 facinus
652 4567 828 4636 majus
890 4569 1140 4622 exsistat.
1215 4567 1381 4621 Vides
1418 4574 1637 4636 quanta:
1698 4564 1831 4635 justi
1901 4564 2062 4635 hujus
2122 4564 2493 4633 praerogativa:
2553 4564 2867 4635 eximiaque
2927 4575 3253 4620 ornamenta
3317 4570 3543 4639 praecel-

270 4663 415 4716 lant.

344 4750 451 4804 Θέα
486 4749 551 4820 δὴ
586 4751 680 4803 καὶ
707 4751 805 4822 τὴν
855 4752 915 4804 ἐν
941 4754 1004 4822 τῇ
1035 4752 1228 4823 ἐρήμῳ
1255 4750 1558 4822 διατριϐὴν,
1591 4751 1687 4804 καὶ
1712 4749 1853 4821 ὑπὲρ

2029 4749 2165 4804 Vide
2198 4763 2361 4818 porro
2418 4747 2534 4816 ejus
2569 4750 2621 4803 in
2662 4748 2878 4803 deserto
2915 4766 3142 4816 moram,
3193 4766 3256 4806 ac
3284 4753 3542 4822 majorem

264 4843 375 4914 τὴν
406 4843 571 4913 φύσιν
598 4843 917 4914 καρτερίαν,
956 4845 1021 4912 ἢν
1052 4842 1351 4912 ἀγγελικὴν
1385 4841 1648 4911 προσήκει
1677 4839 1860 4908 λέγειν

262 4935 572 5005 διαγωγὴν,
631 4934 706 4998 ὡς
753 4934 879 5005 ξένη
930 4935 1029 4987 καὶ
1082 4934 1495 5003 ἀκατάλληλος,
1533 4933 1601 5003 τῇ
1650 4947 1707 4983 τε
1748 4929 1857 4983 τῶν

266 5029 619 5101 πραγμάτων
670 5030 763 5082 καὶ
810 5028 987 5097 λόγων
1025 5028 1485 5101 ἀντιπαραθέσει,
1525 5026 1854 5095 καθέστηκε.

264 5121 697 5188 Τεσσαράκοντα
726 5121 836 5191 γὰρ
866 5119 1079 5190 ἡμέρας
1114 5123 1207 5173 καὶ
1227 5120 1428 5182 νύκτας
1452 5117 1642 5172 τοῦτον
1671 5116 1856 5171 ἀσιτον

260 5212 625 5267 διατελοῦντα
652 5254 666 5277 ,
698 5211 1187 5283 προσκαρτερῆσαί
1220 5228 1387 5282 φησιν
1435 5213 1467 5281 ἡ
1502 5209 1711 5281 ἱστορία
1786 5212 1853 5280 τῇ

259 5307 475 5375 δεήσει,
509 5306 643 5375 μῦνῃ
672 5306 737 5375 τῇ
768 5306 843 5368 εὶς
891 5304 1025 5357 Θεὸν
1055 5304 1231 5357 ἐλπίδι
1279 5303 1636 5373 τρεφόμενον.
1685 5300 1855 5367 ‘Erij-

262 5411 500 5451 στεισσε
568 5397 677 5466 γὰρ
722 5394 943 5465 ἡμέρας
976 5396 1317 5461 καὶνύκτας
1360 5392 1811 5462 τεσσαράκοντα
1838 5434 1852 5458 ,

259 5490 509 5558 λέγων·
541 5492 622 5543 Οὐ
672 5488 1087 5557 καταϐήσομαι
1132 5486 1252 5559 [ἄλ.
1304 5484 1677 5557 ἀναϐήσομαι]
1717 5486 1857 5540 οὔτε

257 5579 665 5647 ἐπλβρωτόν,
700 5581 837 5633 οὔτε
871 5579 969 5632 ἐπὶ
995 5581 1200 5631 ποτόν.
1242 5577 1414 5641 Τοῦτο
1449 5577 1558 5630 τῶν
1596 5578 1694 5648 μὲν
1728 5577 1855 5648 παρ’

256 5675 408 5742 ἡμῖν
457 5672 985 5743 ἀγωνιστικωτέρων
1034 5672 1185 5732 τισὶ,
1227 5670 1555 5740 παράδοξον·
1604 5671 1715 5721 τισὶ
1764 5670 1854 5733 δὲ,

257 5763 366 5815 καὶ
429 5762 714 5831 ἀμήχανον
780 5762 1064 5831 ἀνεκρίθη.
1115 5760 1285 5831 ’Υπὲρ
1342 5760 1450 5829 γὰρ
1508 5758 1857 5830 ἀνθρωπίνην

263 5853 432 5925 ἰσχὺν
482 5854 542 5907 τὸ
592 5853 941 5925 κατόρθιοιμασ
992 5856 1085 5909 τοῦ
1123 5856 1219 5925 τῆς
1264 5852 1479 5921 φύπως
1534 5852 1700 5923 μόνου
1756 5855 1857 5923 Δη-

1963 4855 2125 4910 quam
2168 4857 2263 4911 pro
2294 4841 2527 4895 humana
2575 4844 2781 4895 ratione
2826 4846 3290 4911 perseverantiam
3336 4846 3541 4915 (quam

1962 4934 2119 5003 plane
2147 4934 2446 5004 angelicam
2482 4935 2603 4988 vita:
2658 4935 2925 4990 rationem
2979 4938 3174 4992 merito
3217 4939 3542 5012 dicamus),

1960 5032 2019 5077 ut.
2055 5038 2191 5078 nova
2242 5039 2304 5079 ac
2350 5024 2631 5089 insolens,
2677 5040 2857 5079 rerum
2892 5027 3097 5095 pariter
3144 5031 3544 5101 verborumque

1966 5118 2398 5188 comparatione,
2433 5119 2717 5174 elfulserit.
2770 5120 2857 5173 Ait
2893 5121 3091 5191 quippe
3140 5123 3214 5177 rei
3258 5135 3422 5193 gestte
3464 5127 3545 5178 hi-

1965 5212 2169 5274 storia,
2218 5212 2576 5282 quadraginta
2636 5212 2753 5265 dies
2817 5227 2882 5266 ac
2940 5215 3300 5284 quadraginta
3354 5229 3543 5271 noctes

1959 5302 2201 5371 jejunum
2232 5318 2609 5371 perseverasse
2640 5305 2692 5357 in
2720 5305 2985 5367 oratione,
3014 5321 3136 5360 cum
3174 5307 3388 5360 interim
3416 5324 3540 5379 spes

1965 5396 2017 5449 iu
2040 5394 2204 5450 Deum
2225 5395 2336 5449 sula
2359 5396 2549 5449 aieret.
2575 5394 2846 5465 Jejunavit
2875 5399 3140 5467 siquidem
3182 5400 3540 5470 quadraginta

1954 5485 2064 5538 dies
2101 5502 2161 5538 ac
2199 5495 2401 5550 noctes,
2437 5486 2651 5539 dicens:
2688 5483 2809 5540 Non
2839 5488 3151 5540 descendam
3190 5488 3267 5543 vel
3298 5501 3350 5541 ut
3386 5506 3543 5543 man-

1955 5577 2161 5642 ducent,
2196 5578 2272 5631 vel
2318 5589 2370 5631 ut
2420 5578 2615 5631 bibunt.
2656 5580 2885 5646 Quidam
2925 5584 3061 5649 apud
3099 5597 3199 5635 nos
3232 5582 3536 5650 plusculum

1956 5671 2314 5732 contentiusi,
2349 5671 2488 5724 haud
2531 5672 2662 5725 satis
2705 5673 2904 5727 habere
2945 5674 3102 5727 Iidem
3131 5717 3143 5738 ,
3184 5692 3294 5729 rem
3341 5679 3535 5730 existi-

1960 5769 2143 5824 mant;
2200 5762 2417 5830 quidam
2471 5779 2597 5817 vero
2628 5768 2787 5818 etiam
2838 5767 3226 5834 itnpossihilem
3266 5766 3531 5835 judicant.

1962 5850 2092 5906 Nam
2138 5854 2300 5911 vincit
2340 5856 2548 5913 iacimus
2594 5858 2886 5913 humanam
2920 5861 3174 5921 virtutem
3223 5880 3234 5915 :
3273 5862 3387 5919 colo
3437 5880 3529 5920 na-
