4166 6440
265 383 402 451 i303

1082 397 1165 459 IN
1206 398 1309 460 SS.
1353 394 1705 457 DEIPAR/E
1742 394 2325 455 CONCEPTIONEM
2364 394 2459 455 ET
2499 394 2673 460 NAT.

3393 382 3545 462 ηοξ

258 509 369 563 τῶν
395 508 533 563 δλων
565 510 878 582 ἀναπέμπει
907 512 1062 583 Θεῷ,
1107 513 1246 568 ἀλλὰ
1281 513 1556 582 ἀτάραχόν
1585 528 1706 564 τινα
1751 509 1846 562 καὶ

1950 509 2189 581 quietum
2224 522 2289 563 ac
2334 518 2601 564 remotum
2630 524 2658 561 a
2696 508 2869 564 turbis
2902 515 3095 578 petens
3132 508 3274 565 horti
3309 511 3523 579 locum,

259 603 709 675 ἀπερικτύπητον
772 607 865 660 τὸν
924 608 1018 660 τοῦ
1073 607 1407 679 παραδείσου
1461 602 1844 658 καταλαϐοῦσα

260 694 465 765 χῶρον,
521 697 579 748 ὲν
628 696 804 769 τούτῳ
857 698 1109 769 καθάπερ
1160 699 1514 768 ὰνυπονοήτῳ
1565 695 1841 765 ταμιείῳ,

259 785 509 854 κρυφίως
556 788 760 860 ταύτην
798 788 1109 859 ὀδυνωμένη
1140 789 1477 859 προῦτεινεν.
1526 788 1845 857 Ἐγκάρδιον

260 879 374 948 γὰρ
403 880 497 933 καὶ
519 880 767 946 πλείονος
806 883 1070 953 δεομένην
1097 882 1453 952 ἐκμελετῶσα
1476 882 1568 935 τοῦ
1607 882 1800 952 χρόνου
1826 920 1840 944 ,

258 971 363 1022 οὐκ
391 971 468 1033 είς
491 972 724 1042 φανερὸν
757 974 989 1043 προάγει
1015 977 1129 1037 τοῖς
1150 973 1491 1037 ὀνειδίζουσι.
1520 972 1707 1043 Μέθην
1736 972 1845 1042 γὰρ

256 1062 339 1123 ὡς
364 1064 456 1114 καὶ
488 1065 586 1130 τῆς
612 1065 881 1135 προτέρας
914 1067 1148 1135 Ἀννης,
1193 1065 1226 1135 ἢ
1269 1064 1626 1134 βαττολογίας
1673 1063 1846 1132 αὐτῆς

257 1154 725 1223 κατεψηφίσαντο.
785 1157 850 1211 Ei
896 1155 1002 1225 γὰρ
1045 1157 1319 1225 εὐκαίρως
1368 1155 1736 1226 ἱλασκομὲνης
1786 1154 1847 1206 τὸ

256 1245 437 1310 Θείον,
459 1246 851 1317 κωμῳδοῦντες
881 1248 1074 1319 πρώην
1100 1247 1453 1318 ὲπέμὸαινον,
1480 1247 1636 1309 τίνας
1658 1246 1757 1299 οὐκ
1780 1244 1846 1299 ἂν

258 1340 397 1407 πρὸς
426 1340 524 1410 τὴν
551 1340 796 1411 ἀσυνήθη
848 1342 1172 1412 παρεδρὶαν,
1214 1339 1701 1411 πληκτικωτέρους
1741 1342 1845 1391 ἐπ-

256 1432 482 1500 αφῆκαν
500 1433 627 1495 τοὺς
655 1432 880 1502 λόγους;
910 1433 1115 1486 Τούτου
1144 1434 1208 1503 δὴ
1231 1433 1392 1502 χάριν
1418 1431 1709 1504 οὖτάὑτὴ,
1730 1430 1845 1484 οὔθ’

255 1524 287 1573 ὁ
320 1524 698 1595 μεγαλόψυχος
740 1526 1016 1595 Ὶωακεὶμ,
1050 1526 1107 1577 ὲν
1130 1526 1207 1595 τῷ
1238 1527 1351 1594 ναῷ
1383 1526 1843 1597 προσδραμόντες,

256 1614 427 1683 ἄμφω
464 1616 531 1667 τά
565 1617 666 1683 τῆς
700 1618 866 1687 εὐχῆς
894 1619 1265 1681 ἀποδιδόασιν,
1314 1618 1714 1687 εὐπρόσδεκτον
1740 1618 1847 1687 ἄρα

256 1705 357 1756 καὶ
385 1704 662 1776 ἀνεπαχθῆ
708 1707 931 1776 ταύτην,
980 1705 1058 1773 τῷ
1090 1705 1457 1775 σχολαιοτέρῳ
1496 1704 1593 1757 καὶ⁸
1633 1703 1846 1774 ἠσυχίῳ

256 1797 391 1865 *ςένή
404 1796 588 1849 σεσθαι
623 1796 975 1865 καθηκόντως
1004 1797 1301 1867 οἰηθέντες·
1329 1799 1360 1867 ἡ
1394 1797 1450 1848 δὲ
1475 1797 1540 1865 δὴ
1569 1794 1844 1865 ἁρμοδιω-

255 1888 395 1955 τέρα
435 1904 491 1938 τε
523 1887 671 1939 αίτία
714 1890 807 1941 καὶ
848 1889 1230 1959 ἀτφαλεστέρα
1256 1929 1269 1951 ,
1306 1889 1531 1959 τοιαύτη
1578 1889 1660 1950 τίς
1700 1888 1847 1940 ἐστιν

254 1980 336 2043 ὡς
358 1982 466 2051 ἄρα
491 1981 787 2052 πρύδρομοι
815 1984 907 2035 καὶ
934 1986 1197 2053 κήρυκες,
1224 1983 1302 2052 τῷ
1323 2001 1383 2036 τε
1416 1982 1725 2051 πράγματι,
1755 1982 1849 2034 καὶ

254 2076 325 2143 τῇ
355 2075 699 2145 προσηγορίᾳ
722 2080 819 2144 τῆς
843 2077 1063 2144 χάριτος
1083 2076 1257 2135 ὄντεςο
1302 2076 1557 2143 Ἰωακεὶμ
1590 2075 1687 2143 μὲν
1715 2074 1845 2142 γάρ,

252 2166 683 2234 ἀποκει’μενος’
720 2167 887 2221 Ἀννα
910 2167 999 2231 δὲ,
1031 2166 1196 2235 γάρις
1225 2166 1642 2238 ἑρμηνευομένη
1685 2166 1850 2218 κεκύ-

258 2272 458 2323 ρωται,
486 2256 553 2308 δι’
581 2258 791 2311 ἑαυτῶν
812 2261 903 2313 τὸν
935 2260 1350 2330 ἁπερίγραπτον
1387 2260 1557 2328 αὐτῆς
1586 2262 1643 2313 ὲν
1673 2260 1847 2330 τούτῳ

254 2348 655 2417 καθυφαίνουσι
699 2352 1038 2421 πλατυσμόν’
1078 2351 1169 2405 τοῦ
1198 2352 1303 2405 νεὼ
1334 2352 1436 2422 μὲν
1472 2351 1843 2421 ὑπεξιστάμε-

252 2456 361 2492 νοι·
393 2441 449 2492 ἐν
480 2445 643 2495 παντὶ
669 2443 751 2507 δὲ,
782 2444 876 2497 τὸν
898 2445 1004 2498 τῶν
1026 2446 1165 2499 ὅλων
1188 2446 1552 2516 ἐξιλεούμενοι
1582 2445 1843 2517 Ποιητήν.

252 2530 370 2589 Καὶ
398 2526 551 2596 οὗτος
585 2533 705 2602 μὲν,
737 2536 765 2587 ό
794 2535 923 2608 περὶ
959 2537 1167 2590 τούτων
1195 2537 1369 2604 λόγος.

345 2624 401 2677 Ὀ
434 2625 490 2678 δὲ
513 2628 609 2695 τῆς
634 2628 820 2697 εὐχῆς,
851 2630 925 2693 ὡς
951 2630 1228 2697 ἀξιόλογος
1257 2629 1593 2700 ἀμφοτέροις
1622 2630 1843 2701 προτεί-

251 2734 406 2770 νεται
428 2720 440 2772 ί
481 2721 706 2773 Πάντων
736 2723 845 2791 γάρ
869 2722 979 2775 τῶι
1001 2722 1093 2775 τοῦ
1115 2722 1250 2774 Θεοῦ
1277 2722 1444 2791 μεγα)
1456 2724 1843 2793 ουργημάτων,

250 2802 333 2862 ὧν
358 2827 416 2862 τε
461 2814 525 2863 ὲκ
574 2814 649 2882 μὴ
687 2813 860 2866 δντων
894 2815 1223 2882 παρήγαγε,
1272 2814 1365 2866 καὶ
1407 2808 1482 2867 ὧν
1524 2814 1845 2883 παραδόξως

249 2903 672 2973 ἐκαινοτόμησε.
704 2906 803 2968 τὰς
829 2908 935 2958 τῶν
961 2908 1302 2976 πραγμάτων
1333 2906 1845 2976 μεταπλαττόμηνος

252 2993 453 3061 φύσεις
478 3034 493 3058 ,
554 2997 870 3066 ἐκφέρεται.
905 2998 1092 3059 Οὕτως
1124 3001 1180 3051 αἱ
1220 2998 1330 3049 τῶν
1360 2997 1586 3051 δικαίων
1619 2998 1847 3069 εὐεργε-

252 3086 372 3138 σίαι
410 3088 807 3158 προφέρονται·
835 3089 1006 3152 οὕτως
1055 3088 1295 3161 Ἀδραέοκ
1338 3089 1433 3143 καὶ
1468 3090 1674 3161 Σάρραθ
1704 3090 1844 3143 οὕτω

249 3180 327 3232 τά
372 3180 514 3232 κατά
544 3180 644 3251 τὴν
678 3182 895 3245 Ἀνναν,
942 3182 1038 3235 καὶ
1074 3182 1329 3253 Σαμουὴλ
1375 3184 1688 3253 παράγεται
1730 3184 1845 3246 τοῖς

250 3270 489 3333 δικαίοις
510 3311 526 3336 ,
559 3273 623 3323 ἐκ
658 3272 758 3341 τῆς
798 3272 908 3325 τῶν
941 3271 1144 3343 ὁμοίων
1176 3273 1560 3344 εὐχαριστίας,
1587 3271 1686 3342 τὴν
1722 3270 1846 3342 ἴσην

250 3360 661 3430 ὲξαιτουμένοις
715 3364 897 3433 χάριν,
947 3362 1153 3416 πλείονί
1204 3380 1261 3415 τε
1311 3363 1410 3417 καὶ
1454 3362 1846 3433 σπουδαιοτέρᾳ

251 3452 623 3522 προσεδρείᾳ,
672 3453 765 3506 τοῦ
823 3453 1166 3524 καταλλὴλου
1209 3454 1284 3525 μὴ
1338 3455 1595 3507 ἐκπεσεῖν
1648 3452 1844 3522 ἐπιζη-

250 3542 432 3602 τοῦσι.
477 3545 539 3598 Ἡ
584 3544 640 3597 δὲ
682 3544 819 3615 μετὰ
866 3545 1039 3599 ταῦτα
1072 3546 1169 3617 τῆς
1218 3546 1496 3617 μακαρίας
1542 3547 1741 3617 Ἀννης
1787 3548 1845 3598 ἐν

249 3636 339 3706 τῷ
377 3637 691 3707 παραδείσῳ
738 3638 1060 3709 προσευχὴ,
1108 3646 1241 3713 nam
1293 3638 1394 3707 μὲν
1426 3638 1486 3691 τὸ
1524 3637 1805 3709 διεστηκὸς
1828 3678 1844 3703 ο

252 3729 398 3781 πολὺ
429 3730 486 3783 δὲ
530 3730 593 3783 τὸ
620 3731 923 3802 εύεπήκοον
954 3735 1020 3803 τῇ
1052 3731 1257 3803 ψυχικῇ
1298 3732 1522 3803 διήνυσε
1558 3731 1845 3803 συντριϐῇ.

251 3824 396 3877 Οὐδὲ
426 3827 533 3895 γάρ
563 3825 744 3894 λόγοις
768 3828 863 3881 καὶ
907 3828 1143 3898 νοήμασι
1174 3828 1411 3897 δεήσεως
1447 3826 1843 3897 ἀπεχρήσατο,

250 3917 375 3971 ἀλλ’
423 3916 547 3986 ὕψει
594 3917 999 3985 ταπεινώσεως,
1042 3919 1141 3990 τὴν
1174 3918 1383 3973 οἰκείαν
1421 3918 1520 3990 μὲν
1570 3918 1847 3974 εὐτέλειαν

252 4010 745 4082 κατολοφυρομένη
776 4011 1117 4083 διωμολόγει·
1143 4014 1242 4084 τῆς
1266 4013 1323 4066 δὲ
1357 4012 1591 4076 κτίσεως
1622 4014 1843 4083 ἁπάσης

254 4102 461 4173 ἑαυτὴν
492 4103 784 4169 ὑποθεῖσα,
814 4105 884 4159 τὰ
925 4105 1047 4160 κατ’
1086 4100 1227 4170 εἶδος
1259 4106 1558 4176 μετέχοντα
1601 4108 1702 4178 τῆς
1751 4106 1847 4161 τοῦ

255 4192 546 4255 κτίσαντος
566 4193 839 4263 εὐλογίας,
866 4194 1086 4265 διεξῄει.
1124 4196 1401 4258 Τοιούτοις
1428 4196 1538 4267 γάρ
1568 4198 1663 4251 καὶ
1690 4197 1848 4269 ἤθεσι

256 4284 360 4338 καὶ
409 4284 629 4352 λόγοις,
683 4287 717 4357 η
770 4284 863 4338 τοῦ
919 4286 1267 4357 Δημιουργοῦ
1328 4286 1848 4360 πολυεύσπλαγχνος

254 4374 533 4431 ἐπινεύειν
554 4374 767 4444 πέφυκε
798 4374 1113 4446 κηδεμονία·
1140 4378 1234 4430 καὶ
1270 4377 1473 4447 μᾶλλόν
1502 4396 1567 4446 γε
1599 4379 1846 4446 τούτοις,

256 4468 295 4539 ἢ
343 4470 452 4531 τοῖς
492 4470 613 4521 κατ’
652 4467 849 4539 ἰδίωμα
889 4473 1343 4539 προφερομένοις.
1390 4471 1491 4524 Διὰ
1519 4471 1709 4536 τοῦτο,
1739 4474 1849 4526 τῶν

1946 604 2000 655 iu
2036 617 2118 665 eo,
2162 601 2308 655 velut
2354 601 2485 656 nihil
2532 615 2785 669 suspecto
2820 602 3104 664 cubiculo.
3154 603 3368 659 occulte
3400 620 3522 658 eam

1946 704 2138 749 maesta
2183 695 2366 749 animo
2406 694 2709 763 praetendit.
2743 694 2877 749 Cum
2919 697 3064 750 enim
3112 698 3279 751 corde
3328 712 3528 752 conce-

1946 796 2090 856 ptam
2153 801 2216 841 ac
2274 787 2545 856 longiores
2600 788 2889 841 habentem
2938 803 3157 854 moras,
3220 791 3525 843 oralionem

1947 878 2319 941 meditaretur,
2344 878 2519 931 noluit
2544 878 2596 931 in
2621 879 2891 948 publicum
2922 879 3236 933 illusoribus‘
3258 879 3524 950 proferre.

1946 970 2110 1025 Plane
2162 970 2306 1025 enim
2369 970 2651 1025 ebrietatis
2702 972 3091 1036 damnassent,
3152 973 3228 1026 uti
3288 975 3523 1042 priorem

1946 1063 2158 1116 Annam
2181 1101 2195 1125 ,
2226 1071 2317 1115 aut
2348 1050 2681 1131 garrulitatis
2719 1062 2957 1117 insulsae.
2993 1062 3110 1130 Qui
3136 1066 3304 1128 enim,
3335 1080 3527 1132 oppor-

1950 1166 2078 1212 tune
2117 1155 2287 1210 Deum
2322 1156 2579 1225 placanti,
2616 1158 2688 1209 ita
2729 1169 2906 1224 nuper
2939 1156 3227 1212 illudentes
3269 1157 3526 1211 insultas-

1948 1259 2101 1311 sent,
2135 1250 2224 1317 qui
2266 1263 2373 1301 non
2405 1248 2670 1317 gravioris
2705 1247 3095 1317 increpationis
3125 1249 3311 1311 verba,
3347 1250 3413 1303 ad
3447 1248 3529 1301 in-

1947 1350 2156 1394 suetam
2184 1339 2326 1393 illam
2351 1340 2748 1403 assiduitatem,
2771 1339 3030 1409 jactaturi
3056 1340 3275 1395 essent?
3303 1340 3529 1405 Idcirco,

1950 1448 2049 1488 nec
2090 1434 2237 1502 ipsa,
2275 1447 2372 1487 nec
2412 1432 2773 1500 magnanimis
2818 1430 3063 1487 Joacliizn
3090 1474 3105 1498 ,
3152 1434 3219 1488 ad
3273 1434 3530 1503 templum

1948 1532 2314 1590 accurrentes,
2338 1523 2635 1577 orationem
2662 1522 2769 1577 Deo
2793 1524 3128 1589 obtulerunt,
3156 1541 3319 1595 quam
3346 1525 3533 1595 utique

1949 1625 2224 1682 acceptam
2261 1627 2325 1667 ac
2364 1627 2394 1665 a
2431 1612 2675 1669 molestia
2708 1614 2930 1669 liberam
2961 1654 2977 1679 ,
3008 1629 3036 1667 a
3065 1615 3247 1684 quiete
3284 1630 3349 1670 ac
3380 1617 3491 1671 otio
3513 1657 3530 1681 ,

1952 1704 2144 1759 merito
2170 1705 2498 1772 captabant:
2528 1720 2643 1769 seu,
2678 1713 2735 1759 ut
2766 1721 3066 1776 congruam
3114 1706 3290 1776 magis
3317 1722 3381 1762 ac
3408 1722 3534 1762 cer-

1953 1795 2073 1849 tiori
2107 1793 2289 1847 nixam
2316 1795 2544 1848 veritate
2585 1809 2809 1849 causam
2844 1796 3093 1861 edicam;
3124 1806 3184 1851 ut
3209 1796 3300 1867 qui
3341 1812 3400 1851 re
3436 1812 3533 1865 pa-

1882 1868 1920 1926 Β
1954 1888 2085 1941 riter
2117 1901 2183 1941 ac
2227 1886 2460 1940 nominis
2491 1886 2851 1957 appellatione
2875 1926 2891 1953 ,
2928 1888 3116 1957 gratim
3168 1902 3535 1957 prtecursores

1952 1994 2016 2033 ac
2040 1992 2316 2048 praecones
2357 1976 2533 2032 forent
2571 1977 2835 2044 (Joachim
2866 1981 3032 2043 enim,
3081 1982 3366 2047 repositum
3389 1980 3531 2049 (18).

1951 2070 2163 2124 Annam
2232 2085 2401 2134 vero,
2450 2072 2710 2138 gratiam,
2754 2072 2949 2139 expani
3001 2072 3224 2141 liquet).
3276 2070 3380 2139 Ipsi
3441 2088 3534 2140 per

1951 2180 2049 2228 se,
2096 2165 2212 2233 ejus
2268 2163 2321 2216 in
2380 2162 2483 2217 hoc
2542 2163 3069 2232 incircumscriptam
3121 2165 3530 2232 amplitudinem

1951 2254 2293 2324 significant;
2321 2255 2411 2323 qui
2438 2254 2657 2323 quidem
2680 2268 2709 2307 a
2740 2254 2936 2324 templo
2966 2254 3251 2320 excedant,
3274 2255 3532 2323 onmique

1950 2348 2069 2402 loco
2126 2349 2503 2401 universorum
2555 2348 2845 2403 Auctorem
2908 2347 3142 2417 placent.
3200 2350 3377 2417 Atque
3419 2349 3533 2403 haec

1951 2441 2170 2506 quidem
2201 2439 2282 2495 sic
2305 2440 2444 2494 dicta
2474 2439 2727 2495 habeant.

2019 2630 2165 2697 Quas
2194 2644 2321 2683 vero
2351 2630 2512 2683 ambo
2542 2628 2776 2682 fundunt
2806 2642 3026 2697 preces,
3067 2644 3229 2698 quam
3258 2629 3532 2700 praeclare

1949 2737 2013 2778 ac
2051 2721 2322 2791 egregiae!
2358 2720 2427 2775 lis
2464 2721 2608 2775 enim
2638 2736 2888 2774 universa
2926 2720 3016 2775 Dei
3054 2723 3345 2791 magniﬁca
3366 2736 3529 2793 opera

1948 2817 2249 2885 proferunt,
2288 2815 2333 2869 si
2371 2830 2475 2883 qua
2522 2813 2603 2867 vel
2655 2813 2911 2884 produxit
2950 2830 3013 2867 ex
3051 2815 3220 2867 nihilo
3244 2857 3256 2873 ,
3290 2814 3373 2870 vel
3425 2814 3531 2867 mi-

1948 2908 2193 2963 rabiliter
2225 2906 2595 2961 transmutatis
2620 2920 2797 2960 rerum
2826 2907 3036 2960 naturis
3061 2945 3075 2968 ,
3104 2903 3405 2959 innovavit.
3442 2902 3535 2959 Sic

1947 3001 2245 3062 Abraham,
2278 3014 2357 3053 ste
2388 2996 2602 3064 Suram,
2624 3000 2705 3051 sic
2731 2997 2941 3051 Annam
2969 3013 3184 3066 quoque
3208 3012 3270 3052 ac
3305 2996 3534 3052 Samue-
3611 3035 3619 3049 .

1948 3096 2076 3161 lem,
2102 3094 2355 3163 producit
2384 3092 2654 3159 jnstorum
2690 3092 2816 3145 illitd
2851 3107 2967 3160 par,
3002 3108 3172 3161 caque
3203 3091 3535 3162 gratitudine

1950 3186 2148 3241 similia
2182 3199 2518 3254 prosequens
2542 3224 2556 3248 ,
2599 3198 2784 3252 parem
2821 3184 2921 3238 sibi
2982 3186 3211 3255 gratiam
3248 3185 3493 3254 deposcit
3517 3224 3533 3245 ,

1951 3276 2379 3347 impensiorique
2410 3276 2593 3330 studio
2643 3290 2706 3331 ac
2744 3276 3068 3331 assiduitate
3093 3318 3108 3341 ,
3144 3287 3204 3331 ut
3235 3293 3302 3332 ne
3357 3280 3423 3331 ab
3468 3291 3534 3332 eo

1948 3370 2091 3439 quod
2122 3383 2423 3437 congruum
2454 3378 2559 3432 est,
2586 3369 2833 3434 excidat,
2866 3370 3165 3424 contendit.
3200 3371 3371 3436 Quam
3407 3381 3535 3423 vero

1949 3460 2105 3515 beata
2136 3460 2291 3513 Anna
2329 3461 2671 3526 postmodum
2714 3461 2766 3513 in
2821 3463 2981 3515 horto
3018 3462 3318 3515 orationem
3365 3462 3536 3525 fudit,

1950 3551 2177 3607 multum
2229 3553 2347 3619 ejus
2387 3566 2416 3606 a
2461 3552 2684 3623 reliquis
2724 3553 3015 3608 discrimen
3069 3553 3270 3620 habet;
3310 3554 3537 3607 multant

1949 3647 2067 3714 ejus
2114 3660 2182 3699 ex
2228 3645 2556 3699 contritione
2598 3645 2764 3698 animi
2816 3646 3283 3700 exaudihilitatem
3337 3645 3537 3702 effecit.

1951 3736 2062 3791 Nec
2085 3738 2230 3791 enim
2258 3737 2439 3791 verbis
2470 3736 2753 3807 sensisque
2776 3739 3037 3791 orationis
3063 3737 3392 3793 abutendum
3417 3753 3539 3793 cre-

1952 3831 2120 3895 didit;
2156 3831 2248 3885 sed
2282 3830 2390 3885 alta
2424 3830 2751 3895 humilitate,
2794 3848 2949 3886 suam
2989 3831 3204 3902 quidem
3251 3830 3538 3894 vilitatem,

1950 3922 2186 3991 graviter
2219 3921 2433 3992 lugens,
2468 3922 2863 3988 confitebatur,
2904 3938 2969 3977 ac
3000 3938 3057 3977 se
3083 3925 3352 3977 universis
3384 3938 3541 3977 crea-

1953 4015 2022 4069 tis
2059 4015 2373 4069 inferiorem
2421 4013 2736 4079 demittens,
2778 4029 2865 4069 res
2899 4028 2994 4068 eas
3036 4029 3158 4083 quae
3208 4013 3541 4069 benedictio-

1952 4122 2073 4161 nem
2124 4106 2364 4161 auctoris
2401 4118 2704 4161 consecutat
2751 4116 2968 4170 essent,
3010 4120 3265 4160 sermone
3314 4120 3541 4174 percur-

1956 4200 2127 4255 rebat.
2157 4199 2379 4254 Talibus
2411 4199 2556 4254 enim
2590 4200 2830 4255 moribus
2863 4202 3065 4267 pariter
3087 4199 3541 4268 sermonibusque

1954 4292 2460 4347 misericordissima
2506 4291 2785 4347 Creatoris
2818 4292 2909 4346 Dei
2943 4292 3316 4361 providentia,
3353 4291 3541 4345 lubens

1954 4387 2178 4451 annuit;
2212 4400 2276 4441 ac
2301 4386 2460 4454 plane
2488 4386 2554 4441 iis
2584 4385 2776 4455 magis,
2805 4399 2967 4453 quam
2997 4386 3247 4453 precibus
3283 4400 3379 4454 per
3408 4400 3536 4454 pro-

1954 4477 2239 4547 prietatem
2268 4476 2512 4546 prolatis.
2555 4475 2949 4542 Quamobrem,
2983 4476 3153 4544 inquit
3188 4476 3427 4543 prudens
3472 4491 3539 4530 ac

258 4562 486 4613 πάντων
516 4560 761 4631 γενητῶν
782 4561 1125 4632 ἀχρειοτέρα,
1152 4563 1339 4632 φησὶν,
1367 4563 1400 4633 ἡ
1432 4565 1691 4638 σώφρων,
1716 4565 1846 4634 ἐγὼ,

1954 4576 2100 4623 casta
2134 4568 2331 4622 femina
2354 4609 2367 4633 ,
2407 4569 2649 4622 inutilior
2672 4582 2791 4623 sum
2836 4568 3105 4622 universis
3144 4567 3381 4629 creatis,
3416 4580 3540 4621 cum

254 4651 339 4712 ὡς
382 4651 601 4703 πάντων
642 4650 763 4720 μὲν,
808 4651 885 4721 τῷ
931 4650 1010 4722 σῷ
1053 4652 1583 4724 καθυπουργούντων
1613 4658 1848 4728 προστά-

256 4760 460 4811 γματι,
487 4745 735 4796 Δέσποτα
758 4783 773 4807 ,
801 4745 904 4814 τῆς
930 4744 1186 4816 τοιαύτης
1214 4745 1270 4799 δὲ
1308 4746 1588 4815 εὐλογίας,
1624 4751 1720 4803 καὶ
1750 4750 1849 4819 χά-

262 4850 417 4904 ριτος
446 4836 787 4905 ἐστερημένη
826 4835 1117 4904 καθάπαξ,
1153 4837 1347 4902 ἀναξία
1382 4840 1483 4908 τῆς
1529 4835 1629 4893 τοῦ
1657 4842 1849 4909 γένους

258 4928 564 5000 εὐκληρίας
582 4944 597 4958 ο
633 4929 857 4999 γόνιμον
884 4932 992 4999 γάρ
1026 4946 1129 4995 σοι,
1160 4932 1254 4983 καὶ
1279 4931 1459 4998 τοῦτο,
1485 4934 1579 4986 καὶ
1607 4933 1684 5004 τῷ
1711 4935 1851 5007 πρά-

259 5034 442 5087 γματι
476 5018 537 5071 τὸ
570 5019 856 5090 διεστηκὸς
909 5021 1241 5090 παρίστησιο
1286 5022 1416 5092 ξένη
1465 5024 1563 5094 τῆς
1601 5027 1710 5077 τῶν
1754 5043 1851 5078 πο-

260 5114 501 5167 λυειδῶν
543 5114 698 5180 ζώων
741 5117 1028 5187 εὐφορίας·
1063 5118 1158 5170 καὶ
1185 5117 1322 5171 αὑτὰ
1349 5119 1459 5188 γὰρ
1482 5160 1497 5183 ,
1525 5121 1626 5191 τῆς
1664 5121 1855 5192 ὁμοίας

266 5206 598 5276 κατείληχεν
629 5207 900 5275 εὐλογίας.
934 5210 1247 5280 Πολυφόρος
1275 5212 1307 5280 ὴ
1332 5212 1402 5280 γῆ
1430 5251 1445 5274 ,
1471 5210 1569 5282 τὴν
1594 5213 1857 5281 ἀφθονίαν

264 5299 538 5367 διηνεκῶς
591 5302 734 5354 κατὰ
780 5302 842 5354 τὸ
894 5303 985 5356 σὺν
1041 5304 1440 5372 ἐπικομίζουσα
1488 5305 1851 5375 πρόσταγμαο

264 5390 682 5461 καρποφοροῦσι
722 5393 1019 5463 λειμῶνες·
1056 5397 1150 5448 καὶ
1193 5396 1261 5448 τά
1310 5397 1487 5468 εὐειδῆ
1529 5397 1637 5451 τῶν
1674 5402 1856 5467 φυτῶν

348 5544 459 5613 (l8)
508 5545 751 5620 Joat‘ltt'm
800 5550 1107 5616 rcpoiitnm.
1168 5550 1425 5618 Ἰωακεὶμ
1467 5550 1848 5620 ἀποκείμενος.

266 5616 509 5683 ldipsnm
554 5618 767 5689 videtur
808 5634 970 5689 atque
1009 5620 1341 5688 Epiphanius
1382 5616 1523 5674 orat.
1572 5620 1647 5675 De
1672 5616 1850 5675 laudi-

268 5690 375 5761 ίνιις
403 5696 605 5761 sanctae
636 5686 815 5742 Maria:
835 5731 849 5752 ,
883 5686 1021 5741 'cnm
1044 5686 1239 5757 et‘ipse
1264 5760 1269 5761 ν
1299 5692 1556 5761 Ἰωακεῖμ
1596 5694 1848 5759 exponit,

266 5758 565 5825 ἐτοιμασξα
616 5761 822 5829 Κυρίου
845 5778 857 5789 ·
892 5764 1213 5828 pra'pttratio
1246 5760 1455 5814 Domini
1484 5758 1684 5830 {quod
1708 5803 1721 5824 ,
1768 5764 1843 5814 in-

269 5832 419 5897 quit.
448 5844 509 5882 ex
541 5846 598 5883 cu
628 5842 985 5901 prwpnmtum
1028 5832 1089 5888 sit
1128 5832 1343 5889 Domini
1370 5835 1638 5902 templum,
1674 5850 1850 5904 nempe

1958 4661 2085 4726 illa,
2137 4659 2404 4725 Domine,
2456 4666 2725 4729 praecepto
2766 4667 2857 4712 tuo
2902 4659 3286 4722 subserviant,
3334 4672 3397 4711 ac
3443 4672 3544 4727 ego

1956 4768 2185 4824 prorsus
2215 4754 2422 4822 privata
2453 4753 2555 4806 sim
2592 4751 2971 4807 benedictione
3002 4750 3266 4818 ejusmodi
3308 4764 3372 4804 ac
3414 4764 3541 4819 gra-

1959 4847 2063 4908 tia,
2121 4844 2339 4915 indigna
2379 4844 2595 4910 generis
2643 4842 2938 4910 felicitate;
2992 4856 3116 4895 nam
3158 4849 3213 4895 et.
3265 4840 3392 4894 illnd
3442 4841 3539 4894 tibi

1959 4937 2244 4992 fecundum
2275 4947 2385 5000 est,
2423 4951 2591 5003 reque
2620 4936 2732 5003 ipsa
2751 4977 2765 5003 ,
2793 4944 2851 4989 ut
2880 4936 2947 4988 ab
2977 4949 3042 4989 eo
3078 4934 3234 5003 longe
3265 4933 3494 4987 habeam
3524 4973 3540 4995 ,

1958 5030 2198 5082 ostendit
2227 5048 2239 5082 :
2284 5028 2455 5081 aliena
2490 5043 2519 5081 a
2555 5027 2967 5097 multigenorum
3009 5026 3322 5080 animalium
3354 5025 3540 5079 fecunc

1957 5123 2163 5188 ditate;
2204 5137 2325 5174 nam
2358 5132 2415 5174 et
2463 5122 2547 5174 illa
2588 5120 2834 5174 eamdem
2874 5130 3162 5174 consecuta
3204 5126 3331 5171 sunt
3377 5120 3541 5172 bene

1955 5214 2269 5266 dictionem.
2303 5211 2471 5267 Terra
2507 5210 2767 5280 frugifera
2800 5220 2904 5275 est,
2932 5225 3179 5279 qumpro
3212 5210 3287 5264 tui
3325 5210 3535 5265 ratione

1958 5306 2219 5368 mandati,
2263 5304 2442 5374 fruges
2476 5306 2671 5357 uberes
2708 5318 2979 5371 nunquam
3030 5317 3134 5355 non
3166 5301 3324 5355 ferat.
3376 5301 3534 5355 Prata

1958 5398 2192 5452 fructum
2239 5397 2498 5465 afferunt;
2544 5400 2638 5451 sed
2680 5407 2734 5451 et
2778 5396 3022 5467 speciosa
3070 5395 3375 5466 plantarum
3409 5409 3537 5465 ger-

1969 5549 2150 5622 Virgo.
2194 5552 2250 5605 lit
2289 5552 2467 5606 Indice
2515 5551 2957 5639 liihlicoﬂrntim
2984 5638 2997 5639 ί
3026 5549 3374 5639 Jelioiachin,
3408 5549 3537 5605 Joa—

1960 5642 2085 5693 cliin
2111 5682 2124 5703 ,
2154 5640 2368 5693 Domini
2403 5643 2746 5706 prttparatio,
2784 5638 2932 5705 sive,
2972 5638 3186 5693 Domini
3216 5638 3470 5704 ﬁrmitas.
3510 5656 3529 5692 ι

1961 5712 2066 5765 Sed
2100 5714 2199 5766 hoc
2229 5712 2523 5764 secundum
2554 5711 2727 5781 magis
2750 5721 2832 5765 est
2858 5713 3006 5764 notio
3033 5726 3177 5764 vocis
3201 5718 3416 5795 ονρητιν
3443 5726 3536 5763 cn-

1953 5800 2041 5869 jus
2073 5812 2196 5857 nota
2234 5801 2388 5857 radix
2421 5816 2482 5856 ac
2520 5800 2861 5870 significatio,
2898 5816 3003 5857 non
3050 5800 3121 5855 ita
3156 5812 3377 5870 prioris.
