4166 6440
242 364 372 431 1357

1039 369 1124 432 IN
1165 344 1268 433 Ss.
1310 372 1662 433 0131mm:
1700 372 2279 432 coxenmoxm
2316 372 2415 431 ET
2456 370 2625 431 NA’I‘.

3346 368 3481 433 1398

240 481 304 532 δι’
338 476 666 549 ἀσύγκριτον
708 474 908 549 ἀρετὴν
950 477 1043 529 καὶ⁷
1077 477 1525 547 ὑπερϐάλλουσαν
1569 478 1809 548 καθαρό-

1922 490 1974 528 ac
2022 476 2372 531 excellentem
2421 476 2751 546 puritatem,
2799 474 3202 545 inexplicabilis
3247 492 3484 535 novatur

238 588 393 639 τητα.
412 571 859 641 ηάνερμήνευτος
873 572 1277 639 καινοτομεῖται
1294 570 1508 638 κύησις.
1546 570 1810 625 Ἐνταῦθα

234 661 465 729 ἄγγελος
518 664 615 732 τῆς
675 661 785 714 τῶν
822 660 1029 713 ὠδίνων
1079 658 1401 731 λυτρώσεως
1444 662 1619 732 κῆρυξ
1653 678 1665 692 ·
1696 663 1813 715 ἐκεῖ

235 752 595 825 ἀρχάγγελος,
613 754 709 823 τῆς
728 752 1042 825 ὑπερφυοῦς
1066 753 1379 826 συλλήψεως
1396 754 1809 825 εὐαγγελιστής.

321 843 387 897 Ἦ
422 843 480 896 δὲ
503 844 568 915 δὴ
606 843 714 898 τῶν
781 845 1064 915 παρόντων
1114 846 1451 916 εὐαγγελίων
1494 848 1809 918 ὑπόσχεσις,

234 934 563 1005 τρανότερον
611 934 679 988 τὰ
724 936 847 989 κατ’
886 936 1107 1009 ἐκείνην
1158 937 1590 1009 προανεκήρυξε.
1618 941 1815 1005 Λαλη·

237 1025 486 1096 θήσεται
510 1026 617 1099 γὰρ
640 1026 789 1084 πᾶσι
821 1029 889 1082 τὰ
918 1029 1021 1083 τοῦ
1048 1030 1229 1085 τόκου
1250 1045 1388 1095 σου,
1415 1032 1602 1101 φησὶν,
1621 1034 1649 1085 ό
1683 1049 1814 1104 προ-

240 1116 461 1187 μηνύων
493 1120 559 1187 τῇ
599 1118 790 1190 'Aw'n.
826 1119 1208 1191 Λαληθήσεται
1232 1123 1325 1174 καὶ
1355 1121 1768 1193 κηρυχθήσεται
1794 1140 1808 1154 °

235 1204 339 1258 οὐκ
374 1205 465 1259 ἐπὶ
502 1203 607 1275 γῆς
642 1207 823 1277 μόνον,
868 1208 1006 1262 ἀλλά
1034 1210 1127 1263 καὶ
1159 1211 1219 1262 ἐν
1275 1210 1525 1281 οὐρανοῖς
1550 1228 1564 1243 ·
1604 1214 1704 1266 οὐκ
1728 1213 1814 1266 ἐπ’

237 1297 608 1367 ἀνθρωπίναις
638 1299 850 1363 ἀκοαῖς.
892 1300 1030 1355 ἀλλά
1068 1303 1161 1355 καὶ
1196 1301 1368 1366 θείαις
1410 1304 1811 1375 ἐνηχηθήσεται

237 1389 481 1458 νοήσεσι,
508 1390 630 1443 τίνα
662 1390 727 1461 δὴ
751 1391 819 1445 τὰ
857 1391 1273 1463 λαληθησόμενα
1323 1396 1452 1465 περὶ
1475 1395 1663 1449 αὑτοῦ.
1703 1396 1813 1451 Καὶ

239 1481 433 1533 σκόπει
465 1481 613 1544 ὅπως
637 1483 666 1534 ό
713 1482 878 1535 Δασὶδ
910 1482 1082 1537 ταῦτα
1136 1485 1595 1557 πωανεφὼνησεν
1620 1502 1631 1514 ·
1665 1487 1813 1552 ὅπως

236 1570 316 1632 ὡς
366 1573 666 1642 γενομένην
718 1572 818 1643 τῂν
853 1574 961 1627 τῶν
1011 1575 1312 1644 μελλόντων
1369 1578 1813 1649 προανεκήρυξεν

235 1661 486 1726 ἔκϐασιν,
526 1664 622 1735 τήν
653 1663 760 1717 τῶν
796 1666 1068 1737 ἐσομένων
1126 1668 1498 1739 ἀπαραίτητον
1524 1668 1831 1739 ἀλήθειαν,“

235 1746 321 1801 τῶ
373 1751 722 1801 παοωγττκότι
771 1752 1115 1801 mummium:
1159 1757 1356 1801 νοόνω-
1394 1701 1835 1801 Δρδηέηηνηιίνηί

232 1746 321 1817 τῷ
373 1751 722 1819 παρῳχηκότι
771 1752 1115 1823 διασημάνας
1159 1757 1356 1826 χρόνῳ.
1393 1757 1813 1830 Δεδοεασμένα

1913 578 2226 637 conceptus.
2295 566 2414 633 llic,
2487 567 2709 639 angelus
2746 567 3139 638 redemptionis
3209 574 3481 640 puerperii

1913 673 2128 727 praeco;
2184 658 2312 723 illic,
2342 657 2701 729 archangelus
2749 658 3081 714 admirandae
3114 664 3483 731 conceptionis

1915 748 2126 806 faustus
2151 750 2397 805 nuntius.

1984 838 2153 894 Porro
2177 840 2522 910 praesentium
2547 841 2865 912 pollicitatio
2892 842 3201 899 nuntiorum
3224 883 3240 909 ,
3284 844 3365 899 cla
3376 846 3485 901 rius

1913 945 2035 1001 qua:
2064 933 2130 985 ad
2160 931 2303 985 illam
2334 942 2585 1002 spectant
2641 934 3047 1003 pranuntiavit.
3085 933 3479 992 Prcdicabitur

1914 1023 2080 1087 enim,
2145 1024 2314 1093 inquit
2362 1025 2698 1092 praanuntius
2748 1025 2993 1096 angelus,
3039 1027 3295 1081 universis
3360 1037 3482 1083 tuus

1913 1124 2118 1185 partus.
2151 1114 2634 1179 l’raedicabiturac
2663 1115 3046 1185 celebrabitur,
3090 1134 3191 1175 nec
3246 1119 3299 1173 in
3338 1129 3481 1175 terra

1915 1206 2110 1270 solum,
2165 1222 2351 1264 verum
2391 1210 2554 1264 etiam
2591 1209 2643 1263 in
2679 1209 2834 1264 ctrlis
2866 1226 2880 1263 :
2924 1224 3023 1265 nec
3061 1220 3271 1265 tantum
3300 1213 3353 1267 in
3385 1228 3485 1267 au-

1916 1298 2063 1353 ribus
2104 1298 2399 1366 hominum,
2426 1299 2519 1353 sed
2550 1310 2601 1354 et
2622 1300 2820 1356 divinis
2846 1300 3184 1357 insonabitur
3208 1304 3480 1370 sensibus,

1914 1405 2160 1461 qna'nam
2178 1390 2286 1445 sint
2303 1398 2450 1444 tanta
2487 1390 2573 1444 illa
2596 1392 2661 1446 de
2684 1407 2749 1446 eo
2775 1393 3118 1462 praedicanda
3148 1402 3329 1465 partu.
3355 1395 3485 1451 Per-

1914 1482 2059 1550 spice
2085 1495 2233 1545 vero,
2265 1490 2322 1534 ut
2365 1481 2480 1537 lucc
2519 1481 2687 1537 David
2714 1482 3054 1552 pmdixerit;
3087 1491 3147 1538 ut
3176 1484 3323 1539 velut
3349 1484 3480 1554 quid

1915 1583 2121 1640 gestum
2160 1572 2605 1642 praenuntiavcrit
2631 1573 2934 1628 futurorum
2969 1582 3247 1640 eventum,
3287 1574 3487 1631 infalli-

1916 1665 2074 1717 bilem
2107 1664 2409 1720 futurorum
2435 1667 2717 1723 veritatem
2751 1668 3027 1738 praeterito
3050 1678 3295 1740 tempore
3334 1670 3479 1725 desi-

1916 1770 2103 1825 gnans.
2135 1755 2377 1811 Gloriosa
2409 1758 2548 1812 enim
2575 1760 2715 1813 dicta
2738 1769 2859 1814 sunt
2885 1761 3039 1826 dele,
3064 1761 3263 1832 inquit,
3299 1763 3484 1817 civitas

240 1815 376 1907 περὶ
426 1815 695 1911 quievi-trp
726 1815 1017 1912 Manilia,
1052 1815 1318 1915 uvidi-.1th
1344 1848 1452 1903 τοῦ
1488 1815 1674 1905 Θεόῦ..
1713 1854 1810 1905 Δε-
1832 1826 1835 1843 κ

1922 1847 2013 1901 Dei
2037 1849 2098 1901 ¹³.
2125 1846 2370 1903 Gloriosa
2387 1864 2549 1921 super
2564 1865 2803 1919 omnem,
2821 1866 2939 1923 qua:
2957 1852 3210 1918 refertur,
3233 1854 3459 1925 gloriam
3472 1895 3487 1909 .

234 1930 543 2001 δοξασμένα
590 1933 731 2005 ὑπὲρ
774 1938 956 1989 πᾶσαν
1012 1938 1384 2009 διηγουμένην
1424 1940 1605 2006 δόξαν.
1653 1945 1812 1999 Δεδοο

1911 1939 2180 2006 Gloriosa,
2229 1941 2485 2013 supernis
2541 1943 2885 1999 virtutibus:
2946 1945 3121 2013 pretio
3184 1945 3370 2000 habita
3427 1961 3492 2001 ac

241 2020 489 2093 ξασμένα
533 2027 653 2089 ταῖς
693 2028 955 2082 ἀνωτάτω
1000 2030 1298 2100 δυνάμεσι*
1338 2036 1686 2105 τετιμημένα
1721 2037 1813 2091 καὶ

1922 2034 2117 2102 cupita.
2141 2035 2542 2104 congeneribus
2580 2035 2890 2091 hominibus
2931 2055 2946 2090 :
2983 2036 3364 2109 desiderabilia
3393 2053 3488 2107 pa-

237 2115 473 2183 ποθητά,
511 2120 624 2182 τοῖς
648 2120 974 2189 ὁμογενέσιν
1003 2123 1330 2197 ἀνθρὼποις’
1363 2125 1681 2198 ἐπιθυμητὰ
1713 2145 1813 2181 πα-

234 2207 576 2279 τριάρχαιςο
646 2214 819 2267 σεπτά
874 2215 1284 2288 προπάτορσινο
1346 2221 1677 2293 ἀνάγραπτα
1722 2224 1817 2276 καὶ

238 2298 480 2368 ζητητέα
510 2303 835 2371 προφήταις.
870 2306 966 2359 Διά
994 2305 1164 2360 ταῦτα
1201 2310 1353 2363 πᾶσα
1380 2312 1555 2376 κτίσις
1586 2312 1815 2384 εὐφραί-

238 2405 416 2443 νεται·
454 2390 664 2456 τούτοις
697 2394 987 2463 ἀγγελικαὶ
1020 2399 1331 2469 συνήδονται
1363 2404 1618 2474 στρατιαί
1642 2421 1656 2435 ο
1691 2405 1818 2459 τού·

237 2496 356 2543 τοις
388 2479 417 2532 ό
469 2481 689 2552 σύμπας
722 2486 1076 2557 ἐπιωραῖζεται
1116 2490 1354 2562 κόσμος’
1391 2493 1601 2559 τούτοις
1643 2496 1818 2568 σήμε-

244 2590 342 2644 ρον
366 2576 397 2645 ἠ
416 2578 661 2646 γηγενῶν
683 2580 1048 2648 ἐπαγάλλεται
1070 2584 1231 2653 φύσις
1248 2586 1417 2640 ταῦτα
1438 2587 1817 2659 δοξολογοῦσα,

239 2666 347 2736 τὴν
371 2668 685 2738 προεόρτιον
708 2673 831 2740 ἀγει
864 2673 965 2744 τῆς
1001 2675 1265 2747 μεγίστης
1317 2681 1595 2751 σωτηρίας
1676 2702 1819 2740 παν-

239 2752 445 2824 ήγυριν
471 2771 486 2786 ο
516 2756 721 2827 ταύτην
752 2764 1291 2832 προπεριπτύσσεται
1311 2783 1325 2795 ·
1357 2767 1476 2839 τὴν,
1507 2770 1573 2824 δι’
1617 2765 1686 2844 ἧς
1722 2774 1822 2845 τῆς

239 2845 933 2924 τελειοτάτης-τετύχηκεν
971 2855 1365 2922 ἀγαλλιάσεως.
1401 2860 1574 2915 Τοῦτο
1615 2866 1721 2935 γάρ
1760 2866 1821 2921 τὸ

240 2938 540 3029 γενέθλιον,
597 2944 696 3014 τὴν
756 2946 928 3015 αὐτῆς
975 2948 1334 3023 ἀναγέννησιν
1374 2957 1819 3029 προανιφώνησε.

243 3028 442 3120 Τοῦτο,
473 3032 571 3103 τὴν
603 3036 666 3089 ἐκ
715 3036 926 3109 πλάνης
958 3040 1258 3111 ἀνάκλησιν
1310 3045 1407 3097 καὶ
1461 3028 1822 3120 παλαιότητος

1916 2118 2167 2177 triarchis
2204 2140 2217 2175 :
2254 2122 2562 2177 veneranda
2598 2124 2872 2191 prioribus
2922 2125 3165 2195 patribus
3201 2144 3214 2180 :
3254 2128 3483 2196 perscri-

1916 2222 2002 2281 pta
2035 2226 2102 2267 ac
2131 2212 2444 2283 vestiganda
2479 2214 2776 2283 prophetis.
2833 2212 3063 2281 Propter
3092 2216 3205 2271 haec
3237 2216 3488 2272 laetantur

1916 2302 2165 2360 universa
2186 2314 2369 2358 creata
2404 2320 2418 2357 :
2446 2305 2787 2374 congaudent
2810 2306 2895 2361 his
2912 2307 3182 2363 exercitus
3208 2308 3437 2378 angelici
3472 2326 3485 2363 :

1916 2392 2001 2447 his
2031 2406 2138 2447 una
2192 2392 2458 2461 gloriatur
2518 2396 2752 2450 mundus
2803 2398 3090 2453 universus
3150 2398 3284 2453 :his
3331 2398 3492 2453 hodie

1918 2481 2155 2539 exsultat
2184 2484 2579 2555 terrigenarum
2612 2501 2784 2554 genus
2820 2504 2833 2543 :
2867 2487 2981 2542 hate
3015 2485 3266 2555 laudans,
3301 2490 3493 2545 salutis

1919 2590 2166 2629 maxima:
2198 2576 2535 2643 pervigilium
2573 2578 2685 2648 agit
2719 2596 2733 2632 :
2766 2579 2869 2633 hoc
2894 2578 3227 2648 praesalntat,
3256 2596 3365 2650 quo
3391 2581 3491 2635 ab-

1919 2665 2301 2723 solutissimam
2328 2668 2587 2737 consequi
2613 2670 2809 2723 meruit
2828 2668 3265 2724 exsultationem.
3285 2670 3493 2741 Quippe

1923 2758 2161 2814 natalitia
2198 2758 2311 2813 haec
2355 2758 2645 2813 humanam
2679 2761 3108 2829 praenuntiarunt
3132 2764 3497 2832 regeneratio-

1919 2864 2067 2905 nem.
2111 2848 2233 2905 Haec
2282 2851 2678 2905 revocatiouem
2724 2850 2793 2905 ab
2827 2866 3035 2917 errore,
3097 2866 3161 2906 ac
3206 2853 3491 2908 vetustatis

1892 2944 2156 3019 .luturain
2190 2943 2585 3013 prtesignarunt
2614 2942 3070 2997 instaurationem
3110 2960 3124 2996 :
3171 2944 3307 3005 bam,
3338 2944 3491 3011 igno-

1898 3032 2145 3087 ‘rationis
2170 3040 2373 3088 nostrae
2400 3029 2936 3097 inlecunditatem,in
2971 3033 3217 3089 scientia}
3249 3034 3344 3088 Dei
3378 3032 3494 3089 fru-

244 3110 409 3186 αὖθις
456 3126 764 3182 ἀνάπλασιν
827 3132 1247 3206 προδιεκήρυξε.
1312 3136 1524 3204 Τοῦτο,
1575 3140 1674 3212 τὴν
1714 3110 1823 3209 ’τῆς

1922 3134 2052 3182 :tum
2086 3137 2463 3198 promoturant
2494 3128 2857 3182 ostenderunt
2882 3142 2898 3195 ;
2931 3127 3066 3192 haec,
3091 3127 3155 3180 ad
3182 3126 3494 3196 ingressum

243 3216 527 3281 ἀγνωσίας
553 3218 721 3290 αὐτῆς
758 3193 982 3291 ἀγονίαν
1142 3193 1441 3299 ἀκαρπίαν,
1480 3193 1559 3293 είς
1592 3193 1826 3302 όὲογζοῷἶ

1922 3193 2103 3289 gratia;
2165 3218 2268 3272 iter
2326 3218 2487 3274 nobis
2536 3218 2826 3286 fecerunt;
2861 3193 2996 3282 haec,
3059 3193 3268 3274 salutis
3311 3229 3496 3290 portas

245 3305 375 3368 σίας
404 3310 781 3381 καρποφορίαν
802 3313 1078 3367 ἐπιδοῦναι
1106 3319 1452 3388 προεμήνυσε
1480 3335 1495 3350 ο
1520 3320 1695 3385 τοῦτο,
1728 3322 1828 3388 τάς

1922 3319 2399 3380 praeaperueruut:
2447 3310 2585 3379 lucc,
2635 3309 3071 3367 reconciliationi
3141 3309 3497 3366 fundamenta

246 3395 393 3465 πρὸς
432 3398 532 3469 την
586 3402 745 3473 χάριν
781 3404 916 3475 αὐτῇ
962 3405 1293 3477 ὡδοποίησεν
1339 3409 1609 3473 εἰσόδουςσ
1644 3416 1824 3481 τοῦτο,

243 3491 355 3551 τὰς
387 3491 483 3559 τῆς
511 3492 782 3564 σωτηρίας
818 3496 992 3569 πύλας
1016 3499 1346 3570 προανέῳξε”
1379 3502 1557 3568 τοῦτο,
1579 3505 1660 3567 είς
1690 3523 1825 3560 κατ-

247 3579 496 3648 αλλαγάς
538 3584 921 3655 προτέθειταιο
961 3588 1140 3655 τοῦτο,
1190 3593 1271 3655 είς
1314 3594 1593 3661 μεσιτείαν
1642 3596 1830 3665 παρεί-

246 3668 485 3737 ληπται·
519 3671 605 3725 διὰ
648 3673 826 3739 τοῦτο,
872 3675 965 3729 νῦν
1004 3680 1053 3730 οἱ
1096 3678 1191 3732 τοῦ
1229 3678 1423 3748 γένους
1454 3683 1829 3755 παρρησιαζό-

249 3760 400 3833 μεθα
459 3766 790 3836 συμμέτοχοι
839 3786 852 3800 ·
922 3770 1009 3823 διὰ
1059 3770 1256 3837 τοῦτο,
1331 3774 1430 3844 τῆς
1490 3776 1827 3847 οίκειοτέρας

250 3854 664 3923 μετειλήφαμεν
694 3858 937 3921 στάσεως
963 3876 976 3889 ο
1005 3859 1090 3913 διὰ
1144 3861 1241 3931 τὴν
1293 3863 1697 3934 ἀποκυηθείσαν
1727 3882 1827 3917 πα-

249 3943 440 4009 στάδα,
476 3946 533 3999 ἐν
590 3946 668 4017 τῷ
726 3946 985 4019 βασιλικῷ
1035 3951 1500 4022 κατελογίσθημεν
1545 3954 1824 4024 νυμφὼνι’

246 4032 345 4085 διὰ
371 4036 461 4087 τδν
498 4036 593 4089 νῦν
633 4038 980 4109 παραχθέντα
1033 4040 1417 4111 λαμπρότερόν
1450 4060 1506 4096 τε
1548 4043 1684 4114 ὁμοῦ
1738 4046 1829 4098 καὶ

246 4125 695 4199 εὖρυχωρὰτερον
723 4132 970 4203 οὐρανὸν,
991 4132 1088 4203 τὴν
1118 4134 1366 4203 οὐράνιον
1398 4137 1830 4207 ἐπεγραψάμεθα

245 4214 533 4287 διαγωγήν
559 4234 574 4251 ο
608 4218 694 4272 διὰ
716 4220 815 4288 τῆς
846 4221 1140 4289 συγγενοῦς
1171 4221 1441 4291 εὐλογίας,
1476 4225 1573 4296 τῆς
1595 4224 1827 4295 εὐαγγε-

248 4305 419 4375 λικῆς
442 4307 848 4378 ἐναπολαύομεν
881 4308 1171 4380 θυμηδίας.

342 4397 481 4451 Ἀλλ’
506 4392 551 4452 ὦ
582 4400 679 4469 τῆς
704 4400 985 4472 παρούσης
1010 4402 1102 4455 καὶ
1134 4402 1231 4472 τῆς
1262 4403 1527 4475 ἐσομένης
1555 4406 1826 4477 εὐφροσύ-

1919 3396 2066 3468 iacta
2118 3393 2343 3448 luerunt
2392 3412 2406 3448 :
2458 3395 2607 3461 haec,
2656 3396 2724 3452 ad
2774 3397 3168 3453 mediationem
3220 3403 3502 3464 assumpta

1910 3495 2039 3543 sunt
2080 3504 2093 3540 :
2138 3500 2238 3556 per
2266 3500 2331 3540 ea
2356 3501 2532 3551 nunc,
2564 3486 2661 3557 qui
2696 3489 2946 3560 ejusdem
2974 3503 3170 3544 sumus
3195 3484 3498 3556 participes

1928 3578 2163 3647 generis,
2193 3576 2442 3631 liduciam
2492 3578 2754 3631 habemus
2786 3594 2800 3631 :
2839 3590 2935 3647 per
2967 3590 3053 3640 ea,
3111 3576 3499 3645 eongruentio-

1931 3685 2044 3724 rem
2073 3669 2376 3739 recepimus
2406 3676 2607 3723 statum
2636 3688 2649 3724 :
2682 3682 2780 3740 per
2805 3669 3009 3723 editum
3042 3667 3145 3721 luci
3174 3668 3497 3731 thalamum,

1930 3762 2203 3834 regalibus
2232 3760 2434 3830 nuptiis
2460 3760 2673 3815 accensi
2713 3775 2937 3814 sumus:
2975 3774 3071 3829 per
3108 3758 3307 3813 malum
3346 3758 3499 3823 illud,

1931 3854 2070 3924 quod
2098 3868 2241 3908 nunc
2271 3849 2605 3921 Splendidius
2638 3851 2845 3920 pariter
2897 3865 2961 3904 ac
3018 3850 3273 3919 capacius
3298 3850 3499 3918 produ-

1932 3954 2074 3997 ctum
2102 3942 2221 4009 fuit,
2248 3940 2526 3995 cmlestem
2568 3938 2689 3992 vine
2726 3938 2987 3992 rationem
3019 3938 3314 3994 ascivimus
3358 3956 3373 3992 :
3408 3954 3505 4008 per

1932 4044 2212 4103 cognatam
2265 4031 2694 4090 benedictionem
2758 4030 3069 4102 evangelica
3135 4031 3375 4101 potimnr
3417 4030 3504 4100 ju-

1932 4127 2223 4182 eunditate.

2004 4403 2082 4457 'l‘u
2115 4419 2241 4458 vero
2274 4402 2551 4472 praesentis
2579 4399 2783 4470 pariter
2804 4414 2868 4454 ac
2905 4399 3099 4454 futurae
3132 4398 3339 4455 iretitize
3378 4415 3509 4455 eon-

246 4506 357 4559 νης
384 4491 641 4562 πρόξενεί
672 4486 716 4546 ὧ
751 4494 845 4547 καὶ
871 4494 1184 4566 παρρησίας
1226 4494 1319 4547 καὶ
1352 4495 1519 4565 τιμῆς
1577 4496 1831 4564 σεμνολό-

1936 4496 2204 4557 t-iliatrix;
2237 4494 2443 4549 fiduciae
2487 4493 2656 4547 totius
2699 4492 3033 4562 honorisque
3092 4492 3391 4563 gloriatio;
3427 4502 3505 4556 tn,

247 4599 412 4651 γημα
440 4598 452 4611 ·
489 4584 552 4636 σὺ
583 4585 679 4653 τῆς
703 4584 842 4654 ὑπὲρ
864 4584 973 4637 τῶν
1004 4585 1112 4638 σῶν
1152 4586 1518 4658 πανηγύρεων
1572 4587 1827 4658 εὐωχίας,

244 4673 358 4743 τὴν
403 4675 664 4729 ἀνωτάτω
711 4676 1033 4730 πανδαισίαν
1076 4678 1338 4749 ἀμείψαιο
1365 4694 1377 4706 ·
1436 4681 1500 4733 σὺ
1555 4678 1648 4733 τοῦ
1690 4681 1831 4753 ὑπὲρ

184 4804 192 4810 ς
244 4764 369 4819 τῶν
396 4767 653 4820 τοιούτων
706 4767 1007 4839 προθύμου,
1058 4771 1155 4835 τὰς
1185 4768 1426 4840 μεγάλας
1454 4771 1831 4842 ἀντεισφέροις

136 4904 143 4907 .
243 4859 461 4929 δωρεὰς
487 4860 763 4930 κόσμησον
786 4862 861 4925 ὡς
883 4865 946 4933 τῇ
992 4862 1245 4934 αἰσθητῇ,
1277 4864 1370 4917 καὶ
1402 4867 1467 4934 τῇ
1499 4865 1659 4936 νοητῇ
1690 4882 1832 4933 φαι-

242 4950 496 5022 δρότητι,
560 4952 661 5021 τὴν
713 4953 993 5023 παροῦσαν
1049 4955 1362 5025 ὁμήγυριν·
1420 4955 1689 5026 ῥύθμισον
1732 4954 1831 5025 τὴν

246 5044 780 5115 συγκεκροτημένην
808 5044 1094 5117 θειοτέρως
1123 5045 1483 5117 χοροστασίαν
1508 5065 1519 5077 ο
1568 5046 1833 5117 ἐνήχησον

232 5132 397 5203 αὐτῇ
435 5134 772 5203 ἐναρμόνιον,
807 5135 900 5187 καὶ
922 5136 1018 5205 τῆς
1046 5135 1153 5187 τῶν
1182 5134 1548 5205 ἑορταζόντων
1576 5136 1633 5187 ἐν
1662 5135 1827 5205 ούρα-

244 5223 782 5291 νοζςκάγαλλιάσεως
841 5226 1037 5295 μέλοςο
1096 5225 1242 5278 ἔπιδε
1286 5226 1421 5295 πρὸς
1460 5226 1558 5296 τὴν
1601 5226 1830 5279 ἑκάστου

246 5312 525 5367 διάνοιαν·
568 5315 759 5368 έτασον
805 5317 867 5369 τὸ
919 5317 1011 5370 τοῦ
1068 5318 1234 5369 πόθου
1291 5316 1574 5387 διάπυρον,
1629 5318 1833 5387 καὶτῷ

245 5405 507 5470 ἐτάζοντι
553 5408 621 5461 τὰ
671 5407 764 5461 τοῖ
802 5409 1101 5474 συνειδότος
1156 5411 1395 5482 ἄρρητα,
1451 5408 1834 5473 καθυπόδειξον
1874 5404 1877 5405 ⁷

245 5496 418 5551 τοῦτο
470 5502 747 5573 Δεσπότῃ’
807 5503 1082 5572 πρότεινον
1148 5502 1218 5555 τὰ
1267 5502 1369 5572 τῆς
1404 5500 1698 5566 διαθέσεως
1756 5500 1834 5571 τῷ

260 5592 812 5663 ἁνακεκαλυμμένως
845 5594 1147 5667 καθορῶντι
1184 5595 1251 5651 τὰ
1286 5594 1517 5667 κρύφια.
1567 5588 1687 5649 Εἶδε
1724 5594 1825 5665 μὲν

344 5770 387 5796 ’³
430 5769 569 5826 l‘s'al.
598 5786 815 5835 MIHI,
838 5771 888 5825 ὖ.

1935 4593 2174 4659 inquam,
2214 4602 2310 4657 pro
2353 4596 2563 4640 tuarum
2595 4584 2844 4640 convivio
2876 4584 3276 4646 celebritatnm,
3313 4599 3505 4653 supcr-

1938 4696 2034 4733 uas
2067 4676 2376 4747 rependeris
2428 4675 2651 4745 epulas;
2691 4683 3042 4744 nostramque
3077 4673 3223 4728 illam
3256 4689 3353 4745 pro
3382 4683 3506 4729 tan-

1937 4773 2005 4827 tis
2047 4770 2152 4825 luis
2202 4770 2439 4831 dotibus,
2484 4768 2846 4833 alacritatem,
2885 4769 3101 4838 magnis
3139 4765 3506 4823 cumulaveris

1938 4861 2270 4916 muneribus.
2304 4858 2449 4913 Orna
2491 4867 2809 4927 prmsentem
2841 4868 3190 4923 conventum,
3225 4859 3303 4913 uti
3335 4859 3505 4914 sensi-

1937 4949 2051 5011 bili,
2087 4949 2157 5002 ita
2186 4956 2238 5001 et
2267 4947 2492 5016 spiritali
2518 4946 2699 5002 laetitia
2732 4964 2746 5001 :
2782 4962 3047 5017 compone
3074 4962 3320 5003 coactam
3358 4948 3496 5002 divi-

1937 5041 2083 5094 nitus
2125 5040 2377 5093 (boream
2434 5058 2447 5094 :
2497 5041 2544 5095 ei
2605 5040 2791 5094 insoua
2855 5042 3182 5096 concinnum
3221 5042 3410 5105 melos,
3442 5056 3507 5097 ac

1937 5129 2310 5183 exsultationis
2344 5145 2553 5192 eorum,
2585 5129 2674 5198 qui
2736 5131 2788 5184 in
2844 5131 2998 5185 mdis
3048 5130 3337 5201 epulantur
3375 5149 3388 5185 :
3426 5146 3511 5186 re-

1936 5222 2082 5290 spice
2116 5220 2167 5274 in
2212 5219 2469 5290 cujusque
2496 5232 2765 5289 mentem;
2801 5234 3045 5277 scrutare
3084 5238 3373 5277 accensum
3417 5224 3509 5276 de-

1936 5313 2215 5376 siderium,
2273 5312 2511 5380 illudque
2564 5314 2826 5368 scrutanti
2881 5316 3228 5369 conscientia:
3280 5330 3503 5376 arcana.

1936 5404 2128 5457 blande
2149 5402 2414 5456 ostende:
2474 5403 2521 5457 ei
2554 5402 2891 5460 affectionem
2955 5405 3109 5471 oll‘cr,
3161 5406 3253 5473 qui
3297 5406 3505 5459 orcnlta

1937 5496 2224 5551 manifeste
2272 5496 2436 5549 videt.
2468 5493 2630 5549 Plane
2660 5496 2826 5559 videt,
2872 5496 2947 5549 nti
2982 5496 3230 5564 cognitor
3263 5494 3507 5548 invisibi-

1936 5594 2066 5649 lium
2131 5593 2395 5662 omnium,
2428 5578 2620 5663 atque
2666 5601 2879 5648 tttorum
2937 5589 2989 5645 in
3042 5601 3092 5646 te
3145 5588 3504 5654 laudatorum,
