  <div class='ocr_page' id='page_1' title='image "/cluster/home/n/w/nwhite01/storage/ocr_20150623/100/nnc1.0046980229/700.png"; bbox 0 0 4166 6440; ppageno 0'>
   <div class='ocr_carea' id='block_1_1' title="bbox 261 373 398 437">
    <p class='ocr_par' dir='ltr' id='par_1_1' title="bbox 261 373 398 437">
     <span class='ocr_line' id='line_1_1' title="bbox 261 373 398 437; baseline 0.015 -2"><span class='ocrx_word' id='word_1_1' title='bbox 261 373 398 437; x_wconf 66' lang='grc'><strong>1405</strong></span> 
     </span>
    </p>
   </div>
   <div class='ocr_carea' id='block_1_2' title="bbox 1207 383 2507 450">
    <p class='ocr_par' dir='ltr' id='par_1_2' title="bbox 1207 383 2507 450">
     <span class='ocr_line' id='line_1_2' title="bbox 1207 383 2507 450; baseline 0.005 -8"><span class='ocrx_word' id='word_1_2' title='bbox 1207 383 1288 443; x_wconf 84' lang='grc' dir='ltr'><strong>ΙΝ</strong></span> <span class='ocrx_word' id='word_1_3' title='bbox 1328 385 1432 445; x_wconf 85' lang='lat' dir='ltr'><strong>SS.</strong></span> <span class='ocrx_word' id='word_1_4' title='bbox 1475 385 1737 445; x_wconf 65' lang='lat' dir='ltr'><strong>MARIE</strong></span> <span class='ocrx_word' id='word_1_5' title='bbox 1780 386 2507 450; x_wconf 58' lang='lat' dir='ltr'><strong>PRxESl‘INTATIONEM.</strong></span> 
     </span>
    </p>
   </div>
   <div class='ocr_carea' id='block_1_3' title="bbox 3365 382 3501 446">
    <p class='ocr_par' dir='ltr' id='par_1_3' title="bbox 3365 382 3501 446">
     <span class='ocr_line' id='line_1_3' title="bbox 3365 382 3501 446; baseline 0.007 -1"><span class='ocrx_word' id='word_1_6' title='bbox 3365 382 3501 446; x_wconf 71' lang='grc'><strong>1406</strong></span> 
     </span>
    </p>
   </div>
   <div class='ocr_carea' id='block_1_4' title="bbox 340 487 1820 570">
    <p class='ocr_par' dir='ltr' id='par_1_4' title="bbox 340 487 1820 566">
     <span class='ocr_line' id='line_1_4' title="bbox 340 487 1820 566; baseline 0.006 -25"><span class='ocrx_word' id='word_1_7' title='bbox 340 488 495 541; x_wconf 78' lang='grc' dir='ltr'>Ἐπεὶ</span> <span class='ocrx_word' id='word_1_8' title='bbox 524 487 630 559; x_wconf 81' lang='grc' dir='ltr'>γὰρ</span> <span class='ocrx_word' id='word_1_9' title='bbox 660 487 867 543; x_wconf 79' lang='grc' dir='ltr'>ἀνωθεν</span> <span class='ocrx_word' id='word_1_10' title='bbox 920 490 1057 559; x_wconf 81' lang='grc' dir='ltr'>ἡμῖν</span> <span class='ocrx_word' id='word_1_11' title='bbox 1103 492 1403 565; x_wconf 80' lang='grc' dir='ltr'>εἰσφρήσας</span> <span class='ocrx_word' id='word_1_12' title='bbox 1440 498 1468 550; x_wconf 94' lang='lat'><strong>6</strong></span> <span class='ocrx_word' id='word_1_13' title='bbox 1514 497 1609 550; x_wconf 82' lang='grc' dir='ltr'>τοῦ</span> <span class='ocrx_word' id='word_1_14' title='bbox 1658 497 1820 566; x_wconf 81' lang='grc' dir='ltr'>ὄφεως</span> 
     </span>
    </p>
   </div>
   <div class='ocr_carea' id='block_1_5' title="bbox 1920 487 3496 570">
    <p class='ocr_par' dir='ltr' id='par_1_5' title="bbox 2006 498 3496 570">
     <span class='ocr_line' id='line_1_5' title="bbox 2006 498 3496 570; baseline 0.001 -18"><span class='ocrx_word' id='word_1_15' title='bbox 2006 500 2139 566; x_wconf 83' lang='lat' dir='ltr'><strong>Quia</strong></span> <span class='ocrx_word' id='word_1_16' title='bbox 2157 502 2297 554; x_wconf 87' lang='lat' dir='ltr'><strong>enim</strong></span> <span class='ocrx_word' id='word_1_17' title='bbox 2333 518 2358 553; x_wconf 77' lang='grc' dir='ltr'><strong>ιι</strong></span> <span class='ocrx_word' id='word_1_18' title='bbox 2383 499 2646 570; x_wconf 88' lang='lat' dir='ltr'><strong>principio</strong></span> <span class='ocrx_word' id='word_1_19' title='bbox 2676 498 2981 569; x_wconf 83' lang='lat' dir='ltr'><strong>irrumpens</strong></span> <span class='ocrx_word' id='word_1_20' title='bbox 3032 499 3296 567; x_wconf 85' lang='lat' dir='ltr'><strong>serpentis</strong></span> <span class='ocrx_word' id='word_1_21' title='bbox 3325 502 3496 564; x_wconf 87' lang='lat' dir='ltr'><strong>virus,</strong></span> 
     </span>
    </p>
   </div>
   <div class='ocr_carea' id='block_1_6' title="bbox 256 581 1829 660">
    <p class='ocr_par' dir='ltr' id='par_1_6' title="bbox 256 581 1829 660">
     <span class='ocr_line' id='line_1_6' title="bbox 256 581 1829 660; baseline 0.006 -26"><span class='ocrx_word' id='word_1_22' title='bbox 256 581 358 645; x_wconf 78' lang='grc' dir='ltr'>ἰὸς,</span> <span class='ocrx_word' id='word_1_23' title='bbox 390 583 720 654; x_wconf 83' lang='grc' dir='ltr'>ὑποσμύχων</span> <span class='ocrx_word' id='word_1_24' title='bbox 740 601 798 638; x_wconf 89' lang='grc' dir='ltr'><strong>τε</strong></span> <span class='ocrx_word' id='word_1_25' title='bbox 826 584 975 639; x_wconf 77' lang='grc' dir='ltr'>ἔνδον</span> <span class='ocrx_word' id='word_1_26' title='bbox 1005 588 1355 643; x_wconf 83' lang='grc' dir='ltr'>κατεδαπάνα</span> <span class='ocrx_word' id='word_1_27' title='bbox 1383 590 1443 642; x_wconf 78' lang='grc' dir='ltr'>τὸ</span> <span class='ocrx_word' id='word_1_28' title='bbox 1464 591 1639 657; x_wconf 76' lang='grc' dir='ltr'>γένος’</span> <span class='ocrx_word' id='word_1_29' title='bbox 1664 608 1718 641; x_wconf 83' lang='lat' dir='ltr'><strong>vs</strong></span> <span class='ocrx_word' id='word_1_30' title='bbox 1729 590 1829 660; x_wconf 82' lang='grc' dir='ltr'><strong>μό-</strong></span> 
     </span>
    </p>
   </div>
   <div class='ocr_carea' id='block_1_7' title="bbox 256 673 1830 769">
    <p class='ocr_par' dir='ltr' id='par_1_7' title="bbox 256 673 1830 769">
     <span class='ocr_line' id='line_1_7' title="bbox 256 673 1830 769; baseline 0.007 -44"><span class='ocrx_word' id='word_1_31' title='bbox 256 690 419 769; x_wconf 77' lang='grc' dir='ltr'>μενος</span> <span class='ocrx_word' id='word_1_32' title='bbox 447 673 503 727; x_wconf 84' lang='grc' dir='ltr'><strong>δὲ</strong></span> <span class='ocrx_word' id='word_1_33' title='bbox 533 674 621 728; x_wconf 76' lang='grc' dir='ltr'><strong>ἀεὶ</strong></span> <span class='ocrx_word' id='word_1_34' title='bbox 976 678 1201 742; x_wconf 74' lang='grc' dir='ltr'>ἕκαστα,</span> <span class='ocrx_word' id='word_1_35' title='bbox 1251 680 1351 733; x_wconf 89' lang='grc' dir='ltr'><strong>ούκ</strong></span> <span class='ocrx_word' id='word_1_36' title='bbox 1398 680 1477 734; x_wconf 77' lang='grc' dir='ltr'>ἔτι</span> <span class='ocrx_word' id='word_1_37' title='bbox 1521 682 1619 751; x_wconf 84' lang='grc' dir='ltr'><strong>τῆς</strong></span> <span class='ocrx_word' id='word_1_38' title='bbox 1658 682 1830 769; x_wconf 70' lang='grc' dir='ltr'>νομῆς</span> 
     </span>
    </p>
   </div>
   <div class='ocr_carea' id='block_1_8' title="bbox 251 762 1830 844">
    <p class='ocr_par' dir='ltr' id='par_1_8' title="bbox 251 762 1830 844">
     <span class='ocr_line' id='line_1_8' title="bbox 251 762 1830 844; baseline 0.007 -30"><span class='ocrx_word' id='word_1_39' title='bbox 251 762 607 826; x_wconf 82' lang='grc' dir='ltr'>ἁνεκόπτετο,</span> <span class='ocrx_word' id='word_1_40' title='bbox 658 765 769 818; x_wconf 72' lang='grc' dir='ltr'>οὐδ’</span> <span class='ocrx_word' id='word_1_41' title='bbox 805 766 1144 840; x_wconf 74' lang='grc' dir='ltr'>ἀλεξιτήριον</span> <span class='ocrx_word' id='word_1_42' title='bbox 1178 771 1470 841; x_wconf 83' lang='grc' dir='ltr'>φάρμακον</span> <span class='ocrx_word' id='word_1_43' title='bbox 1509 762 1830 844; x_wconf 79' lang='grc' dir='ltr'>ἀποσμῆχον</span> 
     </span>
    </p>
   </div>
   <div class='ocr_carea' id='block_1_9' title="bbox 250 852 1829 929">
    <p class='ocr_par' dir='ltr' id='par_1_9' title="bbox 250 852 1829 929">
     <span class='ocr_line' id='line_1_9' title="bbox 250 852 1829 929; baseline 0.008 -26"><span class='ocrx_word' id='word_1_44' title='bbox 250 852 446 906; x_wconf 80' lang='grc' dir='ltr'>τοῦτον</span> <span class='ocrx_word' id='word_1_45' title='bbox 470 855 745 908; x_wconf 72' lang='grc' dir='ltr'><strong>ἐδείκνυτο</strong></span> <span class='ocrx_word' id='word_1_46' title='bbox 763 874 777 888; x_wconf 73' lang='grc' dir='ltr'><strong><em>ο</em></strong></span> <span class='ocrx_word' id='word_1_47' title='bbox 806 858 920 910; x_wconf 85' lang='grc' dir='ltr'>ἀλλ’</span> <span class='ocrx_word' id='word_1_48' title='bbox 950 860 1159 929; x_wconf 83' lang='grc' dir='ltr'>ὁμοίως</span> <span class='ocrx_word' id='word_1_49' title='bbox 1193 852 1438 929; x_wconf 68' lang='grc' dir='ltr'>ἀπαντας</span> <span class='ocrx_word' id='word_1_50' title='bbox 1470 863 1546 926; x_wconf 84' lang='grc' dir='ltr'>ὡς</span> <span class='ocrx_word' id='word_1_51' title='bbox 1595 862 1829 916; x_wconf 74' lang='grc' dir='ltr'>ὓπουλον</span> 
     </span>
    </p>
   </div>
   <div class='ocr_carea' id='block_1_10' title="bbox 247 927 1828 1032">
    <p class='ocr_par' dir='ltr' id='par_1_10' title="bbox 247 927 1828 1032">
     <span class='ocr_line' id='line_1_10' title="bbox 247 927 1828 1032; baseline 0.006 -36"><span class='ocrx_word' id='word_1_52' title='bbox 247 945 548 1032; x_wconf 59' lang='grc' dir='ltr'>τιτραύμα</span> <span class='ocrx_word' id='word_1_53' title='bbox 598 927 1028 1018; x_wconf 66' lang='grc' dir='ltr'>ὲνὸιαδυόμενοςζ</span> <span class='ocrx_word' id='word_1_54' title='bbox 1078 927 1209 1016; x_wconf 62' lang='grc' dir='ltr'>τούς</span> <span class='ocrx_word' id='word_1_55' title='bbox 1247 942 1828 1032; x_wconf 73' lang='grc' dir='ltr'>ὑπογιγνωσκομένουξ</span> 
     </span>
    </p>
   </div>
   <div class='ocr_carea' id='block_1_11' title="bbox 251 1031 1829 1114">
    <p class='ocr_par' dir='ltr' id='par_1_11' title="bbox 251 1031 1829 1114">
     <span class='ocr_line' id='line_1_11' title="bbox 251 1031 1829 1114; baseline 0.006 -24"><span class='ocrx_word' id='word_1_56' title='bbox 251 1036 427 1107; x_wconf 70' lang='grc' dir='ltr'><strong>[Μαι.</strong></span> <span class='ocrx_word' id='word_1_57' title='bbox 473 1038 963 1113; x_wconf 77' lang='grc' dir='ltr'>ύπογιγνομὲνους]</span> <span class='ocrx_word' id='word_1_58' title='bbox 1002 1031 1457 1114; x_wconf 63' lang='grc' dir='ltr'>κατελυμαίύετω</span> <span class='ocrx_word' id='word_1_59' title='bbox 1485 1046 1685 1099; x_wconf 72' lang='grc' dir='ltr'>Τοῦτον</span> <span class='ocrx_word' id='word_1_60' title='bbox 1724 1046 1829 1099; x_wconf 87' lang='grc' dir='ltr'>τοί-</span> 
     </span>
    </p>
   </div>
   <div class='ocr_carea' id='block_1_12' title="bbox 248 1120 1849 1214">
    <p class='ocr_par' dir='ltr' id='par_1_12' title="bbox 248 1120 1849 1214">
     <span class='ocr_line' id='line_1_12' title="bbox 248 1120 1849 1214; baseline 0.005 -33"><span class='ocrx_word' id='word_1_61' title='bbox 248 1146 348 1182; x_wconf 87' lang='grc' dir='ltr'><strong>νυν</strong></span> <span class='ocrx_word' id='word_1_62' title='bbox 399 1131 428 1183; x_wconf 98' lang='lat'><strong>6</strong></span> <span class='ocrx_word' id='word_1_63' title='bbox 480 1132 822 1201; x_wconf 77' lang='grc' dir='ltr'>Δημιουργὸς</span> <span class='ocrx_word' id='word_1_64' title='bbox 872 1133 1063 1204; x_wconf 74' lang='grc' dir='ltr'>ἐξᾶραι</span> <span class='ocrx_word' id='word_1_65' title='bbox 1110 1135 1411 1214; x_wconf 51' lang='grc' dir='ltr'><strong>βουληθεὶς,ι</strong></span> <span class='ocrx_word' id='word_1_66' title='bbox 1473 1138 1567 1191; x_wconf 69' lang='grc' dir='ltr'><strong>καὶ</strong></span> <span class='ocrx_word' id='word_1_67' title='bbox 1634 1120 1849 1190; x_wconf 69' lang='grc' dir='ltr'>ὲάυτοῦτ</span> 
     </span>
    </p>
   </div>
   <div class='ocr_carea' id='block_1_13' title="bbox 248 1220 1828 1298">
    <p class='ocr_par' dir='ltr' id='par_1_13' title="bbox 248 1220 1828 1298">
     <span class='ocr_line' id='line_1_13' title="bbox 248 1220 1828 1298; baseline 0.006 -27"><span class='ocrx_word' id='word_1_68' title='bbox 248 1220 357 1288; x_wconf 78' lang='grc' dir='ltr'><strong>μὲν</strong></span> <span class='ocrx_word' id='word_1_69' title='bbox 407 1220 505 1291; x_wconf 77' lang='grc' dir='ltr'>τὴν</span> <span class='ocrx_word' id='word_1_70' title='bbox 540 1221 893 1289; x_wconf 74' lang='grc' dir='ltr'><strong>δυναστείαν,</strong></span> <span class='ocrx_word' id='word_1_71' title='bbox 950 1224 1043 1277; x_wconf 84' lang='grc' dir='ltr'>τοῦ</span> <span class='ocrx_word' id='word_1_72' title='bbox 1099 1227 1460 1297; x_wconf 81' lang='grc' dir='ltr'>τετρωμένου.</span> <span class='ocrx_word' id='word_1_73' title='bbox 1486 1227 1543 1281; x_wconf 82' lang='grc' dir='ltr'><strong>δὲ</strong></span> <span class='ocrx_word' id='word_1_74' title='bbox 1603 1226 1701 1298; x_wconf 81' lang='grc' dir='ltr'>τὴν</span> <span class='ocrx_word' id='word_1_75' title='bbox 1750 1229 1828 1280; x_wconf 84' lang='grc' dir='ltr'>ἰα-</span> 
     </span>
    </p>
   </div>
   <div class='ocr_carea' id='block_1_14' title="bbox 242 1312 1815 1395">
    <p class='ocr_par' dir='ltr' id='par_1_14' title="bbox 242 1312 1815 1395">
     <span class='ocr_line' id='line_1_14' title="bbox 242 1312 1815 1395; baseline 0.004 -31"><span class='ocrx_word' id='word_1_76' title='bbox 242 1312 435 1384; x_wconf 85' lang='grc' dir='ltr'>τρείαν</span> <span class='ocrx_word' id='word_1_77' title='bbox 469 1314 835 1379; x_wconf 80' lang='grc' dir='ltr'>ἐνδείξασθαι,</span> <span class='ocrx_word' id='word_1_78' title='bbox 875 1318 1179 1385; x_wconf 78' lang='grc' dir='ltr'>μηχανᾶται</span> <span class='ocrx_word' id='word_1_79' title='bbox 1236 1318 1379 1395; x_wconf 51' lang='lat' dir='ltr'><strong>stur}</strong></span> <span class='ocrx_word' id='word_1_80' title='bbox 1414 1316 1507 1371; x_wconf 75' lang='grc' dir='ltr'>τοῦ</span> <span class='ocrx_word' id='word_1_81' title='bbox 1564 1317 1815 1390; x_wconf 81' lang='grc' dir='ltr'>τρώσαν-</span> 
     </span>
    </p>
   </div>
   <div class='ocr_carea' id='block_1_15' title="bbox 246 1406 1826 1479">
    <p class='ocr_par' dir='ltr' id='par_1_15' title="bbox 246 1406 1826 1479">
     <span class='ocr_line' id='line_1_15' title="bbox 246 1406 1826 1479; baseline 0.003 -20"><span class='ocrx_word' id='word_1_82' title='bbox 246 1421 343 1468; x_wconf 76' lang='grc' dir='ltr'><strong>τος</strong></span> <span class='ocrx_word' id='word_1_83' title='bbox 370 1406 462 1459; x_wconf 78' lang='grc' dir='ltr'><strong>τὸν</strong></span> <span class='ocrx_word' id='word_1_84' title='bbox 487 1407 739 1477; x_wconf 87' lang='grc' dir='ltr'>κείμενον</span> <span class='ocrx_word' id='word_1_85' title='bbox 769 1408 1093 1479; x_wconf 78' lang='grc' dir='ltr'>ἀναστῆσαι,</span> <span class='ocrx_word' id='word_1_86' title='bbox 1124 1409 1219 1463; x_wconf 82' lang='grc' dir='ltr'>καὶ</span> <span class='ocrx_word' id='word_1_87' title='bbox 1251 1409 1400 1479; x_wconf 84' lang='grc' dir='ltr'>αύτῷ</span> <span class='ocrx_word' id='word_1_88' title='bbox 1426 1410 1493 1462; x_wconf 76' lang='grc' dir='ltr'>τὰ</span> <span class='ocrx_word' id='word_1_89' title='bbox 1532 1410 1630 1478; x_wconf 86' lang='grc' dir='ltr'><strong>τῆς</strong></span> <span class='ocrx_word' id='word_1_90' title='bbox 1666 1410 1826 1479; x_wconf 81' lang='grc' dir='ltr'><strong>νίκης</strong></span> 
     </span>
    </p>
   </div>
   <div class='ocr_carea' id='block_1_16' title="bbox 245 1498 1825 1569">
    <p class='ocr_par' dir='ltr' id='par_1_16' title="bbox 245 1498 1825 1569">
     <span class='ocr_line' id='line_1_16' title="bbox 245 1498 1825 1569; baseline 0.001 -20"><span class='ocrx_word' id='word_1_91' title='bbox 245 1498 663 1568; x_wconf 81' lang='grc' dir='ltr'>κατεγχειιρίσαι</span> <span class='ocrx_word' id='word_1_92' title='bbox 685 1513 698 1526; x_wconf 91' lang='grc'><strong>·</strong></span> <span class='ocrx_word' id='word_1_93' title='bbox 724 1498 1000 1569; x_wconf 22' lang='grc' dir='ltr'>,λαμπρὸν</span> <span class='ocrx_word' id='word_1_94' title='bbox 1029 1498 1278 1552; x_wconf 75' lang='grc' dir='ltr'>ἐντεῦθεν</span> <span class='ocrx_word' id='word_1_95' title='bbox 1314 1498 1375 1552; x_wconf 82' lang='grc' dir='ltr'><strong>τὸ</strong></span> <span class='ocrx_word' id='word_1_96' title='bbox 1417 1499 1701 1569; x_wconf 68' lang='grc' dir='ltr'>τρόπαιον,</span> <span class='ocrx_word' id='word_1_97' title='bbox 1731 1500 1825 1551; x_wconf 77' lang='grc' dir='ltr'>καὶ</span> 
     </span>
    </p>
   </div>
   <div class='ocr_carea' id='block_1_17' title="bbox 239 1563 1823 1660">
    <p class='ocr_par' dir='ltr' id='par_1_17' title="bbox 239 1563 1823 1660">
     <span class='ocr_line' id='line_1_17' title="bbox 239 1563 1823 1660; baseline 0.003 -24"><span class='ocrx_word' id='word_1_98' title='bbox 239 1584 347 1655; x_wconf 80' lang='grc' dir='ltr'>τὴν</span> <span class='ocrx_word' id='word_1_99' title='bbox 519 1563 841 1657; x_wconf 65' lang='grc' dir='ltr'>φθείραντος</span> <span class='ocrx_word' id='word_1_100' title='bbox 871 1563 1043 1660; x_wconf 81' lang='grc' dir='ltr'>ἧτταν</span> <span class='ocrx_word' id='word_1_101' title='bbox 1089 1563 1473 1658; x_wconf 77' lang='grc' dir='ltr'>δημοσιεύεται</span> <span class='ocrx_word' id='word_1_102' title='bbox 1505 1587 1675 1660; x_wconf 64' lang='grc' dir='ltr'><strong>[Μαι.</strong></span> <span class='ocrx_word' id='word_1_103' title='bbox 1725 1588 1823 1659; x_wconf 84' lang='grc' dir='ltr'><strong>δη-</strong></span> 
     </span>
    </p>
   </div>
   <div class='ocr_carea' id='block_1_18' title="bbox 244 1676 1820 1756">
    <p class='ocr_par' dir='ltr' id='par_1_18' title="bbox 244 1676 1820 1756">
     <span class='ocr_line' id='line_1_18' title="bbox 244 1676 1820 1756; baseline 0.003 -27"><span class='ocrx_word' id='word_1_104' title='bbox 244 1676 575 1749; x_wconf 77' lang='grc' dir='ltr'>μοσιεύων].</span> <span class='ocrx_word' id='word_1_105' title='bbox 609 1679 779 1733; x_wconf 81' lang='grc' dir='ltr'>Τοῦτο</span> <span class='ocrx_word' id='word_1_106' title='bbox 832 1680 889 1733; x_wconf 77' lang='grc' dir='ltr'><strong>δὲ</strong></span> <span class='ocrx_word' id='word_1_107' title='bbox 921 1682 1020 1751; x_wconf 84' lang='grc' dir='ltr'>οὐχ</span> <span class='ocrx_word' id='word_1_108' title='bbox 1059 1682 1261 1752; x_wconf 79' lang='grc' dir='ltr'><strong>ἑτέρως</strong></span> <span class='ocrx_word' id='word_1_109' title='bbox 1294 1681 1575 1756; x_wconf 79' lang='grc' dir='ltr'>ἐκδαίνειν</span> <span class='ocrx_word' id='word_1_110' title='bbox 1623 1677 1734 1734; x_wconf 73' lang='grc' dir='ltr'>οἷόν</span> <span class='ocrx_word' id='word_1_111' title='bbox 1762 1696 1820 1733; x_wconf 84' lang='grc' dir='ltr'><strong>τε</strong></span> 
     </span>
    </p>
   </div>
   <div class='ocr_carea' id='block_1_19' title="bbox 235 1760 1821 1846">
    <p class='ocr_par' dir='ltr' id='par_1_19' title="bbox 235 1760 1821 1846">
     <span class='ocr_line' id='line_1_19' title="bbox 235 1760 1821 1846; baseline 0.002 -24"><span class='ocrx_word' id='word_1_112' title='bbox 235 1766 335 1840; x_wconf 77' lang='grc' dir='ltr'><strong>ἦν,</strong></span> <span class='ocrx_word' id='word_1_113' title='bbox 365 1773 413 1824; x_wconf 81' lang='grc' dir='ltr'><strong>εἰ</strong></span> <span class='ocrx_word' id='word_1_114' title='bbox 446 1772 521 1842; x_wconf 80' lang='grc' dir='ltr'>μὴ</span> <span class='ocrx_word' id='word_1_115' title='bbox 550 1771 648 1842; x_wconf 80' lang='grc' dir='ltr'>τὴν</span> <span class='ocrx_word' id='word_1_116' title='bbox 692 1772 785 1825; x_wconf 82' lang='grc' dir='ltr'>τοῦ</span> <span class='ocrx_word' id='word_1_117' title='bbox 817 1760 1169 1844; x_wconf 53' lang='grc' dir='ltr'>νενοσηκότος</span> <span class='ocrx_word' id='word_1_118' title='bbox 1196 1776 1291 1827; x_wconf 79' lang='grc' dir='ltr'>τὺν</span> <span class='ocrx_word' id='word_1_119' title='bbox 1320 1774 1506 1846; x_wconf 82' lang='grc' dir='ltr'>ἰατρὸν</span> <span class='ocrx_word' id='word_1_120' title='bbox 1550 1773 1821 1827; x_wconf 64' lang='grc' dir='ltr'>ὑποδύντα</span> 
     </span>
    </p>
   </div>
   <div class='ocr_carea' id='block_1_20' title="bbox 241 1951 1815 2026">
    <p class='ocr_par' dir='ltr' id='par_1_20' title="bbox 241 1951 1815 2026">
     <span class='ocr_line' id='line_1_20' title="bbox 241 1951 1815 2026; baseline 0.004 -24"><span class='ocrx_word' id='word_1_121' title='bbox 241 1952 596 2021; x_wconf 77' lang='grc' dir='ltr'>μαινόμενον,</span> <span class='ocrx_word' id='word_1_122' title='bbox 635 1951 701 2005; x_wconf 83' lang='grc' dir='ltr'><strong>ἵν’</strong></span> <span class='ocrx_word' id='word_1_123' title='bbox 733 1954 790 2006; x_wconf 83' lang='grc' dir='ltr'>ὲν</span> <span class='ocrx_word' id='word_1_124' title='bbox 818 1952 895 2023; x_wconf 81' lang='grc' dir='ltr'><strong>τῷ</strong></span> <span class='ocrx_word' id='word_1_125' title='bbox 921 1954 1143 2025; x_wconf 80' lang='grc' dir='ltr'>συνήθει</span> <span class='ocrx_word' id='word_1_126' title='bbox 1178 1955 1544 2026; x_wconf 80' lang='grc' dir='ltr'>προσδραμὸν,</span> <span class='ocrx_word' id='word_1_127' title='bbox 1586 1954 1662 2023; x_wconf 85' lang='grc' dir='ltr'>τῷ</span> <span class='ocrx_word' id='word_1_128' title='bbox 1692 1955 1815 2010; x_wconf 79' lang='grc' dir='ltr'>ἀδο-</span> 
     </span>
    </p>
   </div>
   <div class='ocr_carea' id='block_1_21' title="bbox 235 2044 1815 2117">
    <p class='ocr_par' dir='ltr' id='par_1_21' title="bbox 235 2044 1815 2117">
     <span class='ocr_line' id='line_1_21' title="bbox 235 2044 1815 2117; baseline 0.003 -22"><span class='ocrx_word' id='word_1_129' title='bbox 235 2045 395 2113; x_wconf 81' lang='grc' dir='ltr'>κήτῳ</span> <span class='ocrx_word' id='word_1_130' title='bbox 428 2044 733 2116; x_wconf 74' lang='grc' dir='ltr'><strong>προσπέσῃ,</strong></span> <span class='ocrx_word' id='word_1_131' title='bbox 770 2045 863 2097; x_wconf 72' lang='grc' dir='ltr'><strong>καὶ</strong></span> <span class='ocrx_word' id='word_1_132' title='bbox 909 2044 1052 2097; x_wconf 74' lang='grc' dir='ltr'>οὕτω</span> <span class='ocrx_word' id='word_1_133' title='bbox 1092 2046 1161 2098; x_wconf 78' lang='grc' dir='ltr'><strong>τά</strong></span> <span class='ocrx_word' id='word_1_134' title='bbox 1190 2046 1291 2115; x_wconf 73' lang='grc' dir='ltr'>τῆς</span> <span class='ocrx_word' id='word_1_135' title='bbox 1330 2048 1488 2099; x_wconf 83' lang='grc' dir='ltr'>νόσου</span> <span class='ocrx_word' id='word_1_136' title='bbox 1522 2048 1651 2117; x_wconf 74' lang='grc' dir='ltr'>ῥᾷον</span> <span class='ocrx_word' id='word_1_137' title='bbox 1680 2047 1815 2099; x_wconf 88' lang='grc' dir='ltr'>ἀπο-</span> 
     </span>
    </p>
   </div>
   <div class='ocr_carea' id='block_1_22' title="bbox 236 2133 1817 2208">
    <p class='ocr_par' dir='ltr' id='par_1_22' title="bbox 236 2133 1817 2208">
     <span class='ocr_line' id='line_1_22' title="bbox 236 2133 1817 2208; baseline 0.002 -22"><span class='ocrx_word' id='word_1_138' title='bbox 236 2133 453 2204; x_wconf 77' lang='grc' dir='ltr'>παυθῇ,</span> <span class='ocrx_word' id='word_1_139' title='bbox 501 2133 596 2187; x_wconf 80' lang='grc' dir='ltr'>τοῦ</span> <span class='ocrx_word' id='word_1_140' title='bbox 644 2134 816 2188; x_wconf 82' lang='grc' dir='ltr'>αἰτίου</span> <span class='ocrx_word' id='word_1_141' title='bbox 851 2135 1056 2206; x_wconf 72' lang='grc' dir='ltr'>ταύτης</span> <span class='ocrx_word' id='word_1_142' title='bbox 1099 2138 1179 2200; x_wconf 89' lang='grc' dir='ltr'><strong>εἰς</strong></span> <span class='ocrx_word' id='word_1_143' title='bbox 1228 2136 1459 2190; x_wconf 82' lang='grc' dir='ltr'>καθόλου</span> <span class='ocrx_word' id='word_1_144' title='bbox 1512 2138 1817 2208; x_wconf 76' lang='grc' dir='ltr'>ἀδυναμίαν</span> 
     </span>
    </p>
   </div>
   <div class='ocr_carea' id='block_1_23' title="bbox 233 2228 1816 2301">
    <p class='ocr_par' dir='ltr' id='par_1_23' title="bbox 233 2228 1816 2301">
     <span class='ocr_line' id='line_1_23' title="bbox 233 2228 1816 2301; baseline 0.003 -23"><span class='ocrx_word' id='word_1_145' title='bbox 233 2228 615 2296; x_wconf 73' lang='grc' dir='ltr'>χωρήσαντος.</span> <span class='ocrx_word' id='word_1_146' title='bbox 660 2229 813 2283; x_wconf 81' lang='grc' dir='ltr'>Ἑπεί</span> <span class='ocrx_word' id='word_1_147' title='bbox 841 2229 898 2281; x_wconf 79' lang='grc' dir='ltr'><strong>δὲ</strong></span> <span class='ocrx_word' id='word_1_148' title='bbox 928 2228 1100 2282; x_wconf 81' lang='grc' dir='ltr'>ταῦτα</span> <span class='ocrx_word' id='word_1_149' title='bbox 1129 2230 1304 2294; x_wconf 68' lang='grc' dir='ltr'>οὕτως</span> <span class='ocrx_word' id='word_1_150' title='bbox 1336 2230 1682 2301; x_wconf 81' lang='grc' dir='ltr'>ᾠκονομήθη,</span> <span class='ocrx_word' id='word_1_151' title='bbox 1711 2230 1816 2284; x_wconf 81' lang='grc' dir='ltr'>ἔδει</span> 
     </span>
    </p>
   </div>
   <div class='ocr_carea' id='block_1_24' title="bbox 233 2315 1816 2393">
    <p class='ocr_par' dir='ltr' id='par_1_24' title="bbox 233 2315 1816 2393">
     <span class='ocr_line' id='line_1_24' title="bbox 233 2315 1816 2393; baseline 0.001 -22"><span class='ocrx_word' id='word_1_152' title='bbox 233 2319 299 2371; x_wconf 78' lang='grc' dir='ltr'><strong>δὲ</strong></span> <span class='ocrx_word' id='word_1_153' title='bbox 327 2320 383 2385; x_wconf 74' lang='grc' dir='ltr'>ἐξ</span> <span class='ocrx_word' id='word_1_154' title='bbox 409 2315 475 2391; x_wconf 82' lang='grc' dir='ltr'>ἦς</span> <span class='ocrx_word' id='word_1_155' title='bbox 504 2321 742 2391; x_wconf 77' lang='grc' dir='ltr'>ἀρχῆθεν</span> <span class='ocrx_word' id='word_1_156' title='bbox 766 2322 825 2374; x_wconf 73' lang='grc' dir='ltr'>τὸ</span> <span class='ocrx_word' id='word_1_157' title='bbox 848 2323 1021 2375; x_wconf 79' lang='grc' dir='ltr'>δεινὸν</span> <span class='ocrx_word' id='word_1_158' title='bbox 1047 2322 1281 2393; x_wconf 80' lang='grc' dir='ltr'><strong>ὡρμήθη</strong></span> <span class='ocrx_word' id='word_1_159' title='bbox 1310 2322 1490 2391; x_wconf 74' lang='grc' dir='ltr'>ῥίζης,</span> <span class='ocrx_word' id='word_1_160' title='bbox 1523 2324 1587 2375; x_wconf 81' lang='grc' dir='ltr'><strong>ἐκ</strong></span> <span class='ocrx_word' id='word_1_161' title='bbox 1613 2322 1816 2391; x_wconf 79' lang='grc' dir='ltr'><strong>ταύτης</strong></span> 
     </span>
    </p>
   </div>
   <div class='ocr_carea' id='block_1_25' title="bbox 232 2402 1816 2485">
    <p class='ocr_par' dir='ltr' id='par_1_25' title="bbox 232 2402 1816 2485">
     <span class='ocr_line' id='line_1_25' title="bbox 232 2402 1816 2485; baseline 0.002 -23"><span class='ocrx_word' id='word_1_162' title='bbox 232 2410 341 2480; x_wconf 78' lang='grc' dir='ltr'><strong>τὴν</strong></span> <span class='ocrx_word' id='word_1_163' title='bbox 374 2412 614 2483; x_wconf 79' lang='grc' dir='ltr'>ἰατρείαν</span> <span class='ocrx_word' id='word_1_164' title='bbox 644 2414 1085 2483; x_wconf 65' lang='grc' dir='ltr'>ἀναϐλαστῆσαν</span> <span class='ocrx_word' id='word_1_165' title='bbox 1130 2414 1225 2466; x_wconf 70' lang='grc' dir='ltr'><strong>καὶ</strong></span> <span class='ocrx_word' id='word_1_166' title='bbox 1248 2413 1315 2466; x_wconf 82' lang='grc' dir='ltr'><strong>δι’</strong></span> <span class='ocrx_word' id='word_1_167' title='bbox 1348 2402 1422 2485; x_wconf 71' lang='grc' dir='ltr'><strong>ἧς.</strong></span> <span class='ocrx_word' id='word_1_168' title='bbox 1452 2412 1572 2467; x_wconf 69' lang='grc' dir='ltr'>ὁδοῦ</span> <span class='ocrx_word' id='word_1_169' title='bbox 1602 2414 1739 2483; x_wconf 63' lang='grc' dir='ltr'>προς</span> <span class='ocrx_word' id='word_1_170' title='bbox 1756 2413 1816 2465; x_wconf 72' lang='grc' dir='ltr'>τὸ</span> 
     </span>
    </p>
   </div>
   <div class='ocr_carea' id='block_1_26' title="bbox 232 2496 1815 2578">
    <p class='ocr_par' dir='ltr' id='par_1_26' title="bbox 232 2496 1815 2578">
     <span class='ocr_line' id='line_1_26' title="bbox 232 2496 1815 2578; baseline 0 -22"><span class='ocrx_word' id='word_1_171' title='bbox 232 2502 401 2571; x_wconf 78' lang='grc' dir='ltr'>γένος</span> <span class='ocrx_word' id='word_1_172' title='bbox 441 2505 696 2574; x_wconf 75' lang='grc' dir='ltr'><strong>εἰσήχθη,</strong></span> <span class='ocrx_word' id='word_1_173' title='bbox 748 2504 838 2557; x_wconf 75' lang='grc' dir='ltr'><strong>διὰ</strong></span> <span class='ocrx_word' id='word_1_174' title='bbox 879 2505 1086 2577; x_wconf 87' lang='grc' dir='ltr'>ταύτης</span> <span class='ocrx_word' id='word_1_175' title='bbox 1120 2496 1484 2577; x_wconf 62' lang='grc' dir='ltr'>ἐξελαθῆναιοδ</span> <span class='ocrx_word' id='word_1_176' title='bbox 1509 2510 1543 2577; x_wconf 81' lang='grc' dir='ltr'>ἡ</span> <span class='ocrx_word' id='word_1_177' title='bbox 1584 2508 1640 2561; x_wconf 79' lang='grc' dir='ltr'><strong>δὲ</strong></span> 
     </span>
    </p>
   </div>
   <div class='ocr_carea' id='block_1_27' title="bbox 232 2594 1818 2666">
    <p class='ocr_par' dir='ltr' id='par_1_27' title="bbox 232 2594 1818 2666">
     <span class='ocr_line' id='line_1_27' title="bbox 232 2594 1818 2666; baseline 0.001 -18"><span class='ocrx_word' id='word_1_178' title='bbox 232 2594 520 2662; x_wconf 82' lang='grc' dir='ltr'>γυναικῶν</span> <span class='ocrx_word' id='word_1_179' title='bbox 564 2594 790 2649; x_wconf 70' lang='grc' dir='ltr'>εὐκολία</span> <span class='ocrx_word' id='word_1_180' title='bbox 810 2600 835 2661; x_wconf 89' lang='grc'>,’</span> <span class='ocrx_word' id='word_1_181' title='bbox 868 2597 968 2649; x_wconf 72' lang='grc' dir='ltr'><strong>οὐκ</strong></span> <span class='ocrx_word' id='word_1_182' title='bbox 1027 2597 1284 2664; x_wconf 72' lang='grc' dir='ltr'>ἀσφαλῶς</span> <span class='ocrx_word' id='word_1_183' title='bbox 1332 2597 1432 2666; x_wconf 73' lang='grc' dir='ltr'><strong>τὴν</strong></span> <span class='ocrx_word' id='word_1_184' title='bbox 1478 2597 1680 2649; x_wconf 76' lang='grc' dir='ltr'>εἴσοδον</span> <span class='ocrx_word' id='word_1_185' title='bbox 1728 2597 1818 2663; x_wconf 79' lang='grc' dir='ltr'><strong>ἐξ·-</strong></span> 
     </span>
    </p>
   </div>
   <div class='ocr_carea' id='block_1_28' title="bbox 234 2684 1818 2768">
    <p class='ocr_par' dir='ltr' id='par_1_28' title="bbox 234 2684 1818 2759">
     <span class='ocr_line' id='line_1_28' title="bbox 234 2684 1818 2759; baseline 0.001 -18"><span class='ocrx_word' id='word_1_186' title='bbox 234 2687 524 2754; x_wconf 77' lang='grc' dir='ltr'>ανοίξασα,</span> <span class='ocrx_word' id='word_1_187' title='bbox 560 2688 727 2759; x_wconf 79' lang='grc' dir='ltr'>ἑαυτῇ</span> <span class='ocrx_word' id='word_1_188' title='bbox 764 2706 819 2741; x_wconf 85' lang='grc' dir='ltr'><strong>τε</strong></span> <span class='ocrx_word' id='word_1_189' title='bbox 861 2692 955 2740; x_wconf 60' lang='grc' dir='ltr'><strong>καὶ⁸</strong></span> <span class='ocrx_word' id='word_1_190' title='bbox 981 2688 1060 2757; x_wconf 82' lang='grc' dir='ltr'><strong>τῷ</strong></span> <span class='ocrx_word' id='word_1_191' title='bbox 1111 2690 1333 2759; x_wconf 81' lang='grc' dir='ltr'>οἰκείῳ,</span> <span class='ocrx_word' id='word_1_192' title='bbox 1362 2688 1456 2742; x_wconf 74' lang='grc' dir='ltr'><strong>καὶ</strong></span> <span class='ocrx_word' id='word_1_193' title='bbox 1492 2691 1602 2754; x_wconf 83' lang='grc' dir='ltr'>τοῖς</span> <span class='ocrx_word' id='word_1_194' title='bbox 1630 2684 1818 2743; x_wconf 75' lang='grc' dir='ltr'>ἔπειτα</span> 
     </span>
    </p>
   </div>
   <div class='ocr_carea' id='block_1_29' title="bbox 234 2776 1820 2859">
    <p class='ocr_par' dir='ltr' id='par_1_29' title="bbox 234 2776 1820 2859">
     <span class='ocr_line' id='line_1_29' title="bbox 234 2776 1820 2859; baseline 0.003 -32"><span class='ocrx_word' id='word_1_195' title='bbox 234 2776 344 2845; x_wconf 77' lang='grc' dir='ltr'>τὴν</span> <span class='ocrx_word' id='word_1_196' title='bbox 366 2776 543 2846; x_wconf 76' lang='grc' dir='ltr'>λύμην</span> <span class='ocrx_word' id='word_1_197' title='bbox 588 2777 1021 2859; x_wconf 70' lang='grc' dir='ltr'>διασκεδάσασα·</span> <span class='ocrx_word' id='word_1_198' title='bbox 1075 2778 1169 2831; x_wconf 77' lang='grc' dir='ltr'><strong>καὶ</strong></span> <span class='ocrx_word' id='word_1_199' title='bbox 1215 2778 1490 2859; x_wconf 11' lang='grc' dir='ltr'><strong>δὴγετοῦτο</strong></span> <span class='ocrx_word' id='word_1_200' title='bbox 1550 2795 1820 2859; x_wconf 62' lang='grc' dir='ltr'>πραγμαν</span> 
     </span>
    </p>
   </div>
   <div class='ocr_carea' id='block_1_30' title="bbox 238 2854 1820 2938">
    <p class='ocr_par' dir='ltr' id='par_1_30' title="bbox 238 2854 1820 2938">
     <span class='ocr_line' id='line_1_30' title="bbox 238 2854 1820 2938; baseline 0.002 -18"><span class='ocrx_word' id='word_1_201' title='bbox 238 2868 481 2922; x_wconf 86' lang='grc' dir='ltr'>τεύεται.</span> <span class='ocrx_word' id='word_1_202' title='bbox 523 2868 663 2920; x_wconf 80' lang='grc' dir='ltr'>Ἀλλ’</span> <span class='ocrx_word' id='word_1_203' title='bbox 687 2854 872 2938; x_wconf 65' lang='grc' dir='ltr'>ἐπειδὴ</span> <span class='ocrx_word' id='word_1_204' title='bbox 902 2868 1065 2936; x_wconf 73' lang='grc' dir='ltr'>ἐγγὺς</span> <span class='ocrx_word' id='word_1_205' title='bbox 1095 2858 1363 2938; x_wconf 52' lang='grc' dir='ltr'>ἐγενόμην</span> <span class='ocrx_word' id='word_1_206' title='bbox 1391 2870 1490 2938; x_wconf 82' lang='grc' dir='ltr'>τῆς</span> <span class='ocrx_word' id='word_1_207' title='bbox 1514 2870 1820 2933; x_wconf 78' lang='grc' dir='ltr'>ὑποθέσεως</span> 
     </span>
    </p>
   </div>
   <div class='ocr_carea' id='block_1_31' title="bbox 238 2943 1821 3029">
    <p class='ocr_par' dir='ltr' id='par_1_31' title="bbox 238 2943 1821 3029">
     <span class='ocr_line' id='line_1_31' title="bbox 238 2943 1821 3029; baseline 0.004 -23"><span class='ocrx_word' id='word_1_208' title='bbox 238 2943 527 3027; x_wconf 46' lang='grc' dir='ltr'>ἀμηᾶανίᾳ</span> <span class='ocrx_word' id='word_1_209' title='bbox 554 2956 647 3007; x_wconf 77' lang='grc' dir='ltr'>τοῦ</span> <span class='ocrx_word' id='word_1_210' title='bbox 686 2955 1013 3025; x_wconf 67' lang='grc' dir='ltr'>πράγματος</span> <span class='ocrx_word' id='word_1_211' title='bbox 1044 2957 1138 3009; x_wconf 82' lang='grc' dir='ltr'><strong>τὸν</strong></span> <span class='ocrx_word' id='word_1_212' title='bbox 1173 2958 1329 3025; x_wconf 76' lang='grc' dir='ltr'>λόγον</span> <span class='ocrx_word' id='word_1_213' title='bbox 1360 2959 1692 3029; x_wconf 78' lang='grc' dir='ltr'>κατέχομαι,</span> <span class='ocrx_word' id='word_1_214' title='bbox 1727 2960 1821 3013; x_wconf 73' lang='grc' dir='ltr'><strong>καὶ</strong></span> 
     </span>
    </p>
   </div>
   <div class='ocr_carea' id='block_1_32' title="bbox 237 3044 1820 3120">
    <p class='ocr_par' dir='ltr' id='par_1_32' title="bbox 237 3044 1820 3120">
     <span class='ocr_line' id='line_1_32' title="bbox 237 3044 1820 3120; baseline 0.002 -20"><span class='ocrx_word' id='word_1_215' title='bbox 237 3044 327 3115; x_wconf 82' lang='grc' dir='ltr'><strong>τῷ</strong></span> <span class='ocrx_word' id='word_1_216' title='bbox 355 3046 573 3115; x_wconf 82' lang='grc' dir='ltr'>μεγέθει</span> <span class='ocrx_word' id='word_1_217' title='bbox 619 3047 711 3099; x_wconf 81' lang='grc' dir='ltr'><strong>τοῦ</strong></span> <span class='ocrx_word' id='word_1_218' title='bbox 768 3047 1047 3117; x_wconf 74' lang='grc' dir='ltr'>θαύματος</span> <span class='ocrx_word' id='word_1_219' title='bbox 1098 3049 1197 3117; x_wconf 76' lang='grc' dir='ltr'><strong>τὴν</strong></span> <span class='ocrx_word' id='word_1_220' title='bbox 1227 3049 1467 3103; x_wconf 58' lang='grc' dir='ltr'>δίινοιαν</span> <span class='ocrx_word' id='word_1_221' title='bbox 1508 3052 1820 3120; x_wconf 75' lang='grc' dir='ltr'>καταπλήτ-</span> 
     </span>
    </p>
   </div>
   <div class='ocr_carea' id='block_1_33' title="bbox 243 3137 1818 3212">
    <p class='ocr_par' dir='ltr' id='par_1_33' title="bbox 243 3137 1818 3212">
     <span class='ocr_line' id='line_1_33' title="bbox 243 3137 1818 3212; baseline 0 -21"><span class='ocrx_word' id='word_1_222' title='bbox 243 3155 411 3208; x_wconf 82' lang='grc' dir='ltr'>τομαι</span> <span class='ocrx_word' id='word_1_223' title='bbox 442 3137 622 3209; x_wconf 64' lang='grc' dir='ltr'>[Μαι.</span> <span class='ocrx_word' id='word_1_224' title='bbox 665 3138 997 3210; x_wconf 50' lang='lat' dir='ltr'><strong>emam],</strong></span> <span class='ocrx_word' id='word_1_225' title='bbox 1038 3139 1186 3202; x_wconf 83' lang='grc' dir='ltr'>ξένον</span> <span class='ocrx_word' id='word_1_226' title='bbox 1208 3140 1351 3208; x_wconf 85' lang='grc' dir='ltr'>ὁρῶν</span> <span class='ocrx_word' id='word_1_227' title='bbox 1377 3140 1470 3192; x_wconf 71' lang='grc' dir='ltr'>καὶ</span> <span class='ocrx_word' id='word_1_228' title='bbox 1515 3140 1818 3212; x_wconf 73' lang='grc' dir='ltr'>παράδοξον</span> 
     </span>
    </p>
   </div>
   <div class='ocr_carea' id='block_1_34' title="bbox 242 3228 1820 3301">
    <p class='ocr_par' dir='ltr' id='par_1_34' title="bbox 242 3228 1820 3301">
     <span class='ocr_line' id='line_1_34' title="bbox 242 3228 1820 3301; baseline 0.002 -20"><span class='ocrx_word' id='word_1_229' title='bbox 242 3230 343 3282; x_wconf 68' lang='grc' dir='ltr'>ἐπὶ</span> <span class='ocrx_word' id='word_1_230' title='bbox 379 3230 481 3299; x_wconf 78' lang='grc' dir='ltr'><strong>γῆς</strong></span> <span class='ocrx_word' id='word_1_231' title='bbox 531 3230 857 3299; x_wconf 82' lang='grc' dir='ltr'>τελούμενον</span> <span class='ocrx_word' id='word_1_232' title='bbox 900 3228 1219 3300; x_wconf 77' lang='grc' dir='ltr'>μυστήριδν,</span> <span class='ocrx_word' id='word_1_233' title='bbox 1256 3230 1346 3282; x_wconf 73' lang='grc' dir='ltr'><strong>καὶ</strong></span> <span class='ocrx_word' id='word_1_234' title='bbox 1383 3230 1411 3283; x_wconf 82' lang='grc' dir='ltr'><strong>ὃ</strong></span> <span class='ocrx_word' id='word_1_235' title='bbox 1449 3230 1556 3301; x_wconf 77' lang='grc' dir='ltr'><strong>πρὸ</strong></span> <span class='ocrx_word' id='word_1_236' title='bbox 1599 3231 1820 3285; x_wconf 74' lang='grc' dir='ltr'>πάντων</span> 
     </span>
    </p>
   </div>
   <div class='ocr_carea' id='block_1_35' title="bbox 242 3319 1882 3401">
    <p class='ocr_par' dir='ltr' id='par_1_35' title="bbox 242 3319 1882 3401">
     <span class='ocr_line' id='line_1_35' title="bbox 242 3319 1882 3401; baseline 0.001 -28"><span class='ocrx_word' id='word_1_237' title='bbox 242 3319 461 3373; x_wconf 77' lang='grc' dir='ltr'>αἰώνων</span> <span class='ocrx_word' id='word_1_238' title='bbox 505 3322 760 3399; x_wconf 66' lang='grc' dir='ltr'>ἀρρήτως</span> <span class='ocrx_word' id='word_1_239' title='bbox 796 3320 1111 3391; x_wconf 76' lang='grc' dir='ltr'>ὲπηγγέλθὴ</span> <span class='ocrx_word' id='word_1_240' title='bbox 1156 3322 1445 3401; x_wconf 80' lang='grc' dir='ltr'>σωτήριον,</span> <span class='ocrx_word' id='word_1_241' title='bbox 1492 3322 1612 3373; x_wconf 77' lang='grc' dir='ltr'>νυνὶ</span> <span class='ocrx_word' id='word_1_242' title='bbox 1652 3322 1823 3392; x_wconf 80' lang='grc' dir='ltr'>πέρας</span> <span class='ocrx_word' id='word_1_243' title='bbox 1872 3362 1882 3383; x_wconf 84' lang='lat'><strong>,</strong></span> 
     </span>
    </p>
   </div>
   <div class='ocr_carea' id='block_1_36' title="bbox 240 3409 1819 3482">
    <p class='ocr_par' dir='ltr' id='par_1_36' title="bbox 240 3409 1819 3482">
     <span class='ocr_line' id='line_1_36' title="bbox 240 3409 1819 3482; baseline 0.001 -20"><span class='ocrx_word' id='word_1_244' title='bbox 240 3409 646 3480; x_wconf 69' lang='grc' dir='ltr'>εἰσδεχόμενον.</span> <span class='ocrx_word' id='word_1_245' title='bbox 688 3410 860 3463; x_wconf 76' lang='grc' dir='ltr'>Τοῦτο</span> <span class='ocrx_word' id='word_1_246' title='bbox 891 3410 1094 3480; x_wconf 81' lang='grc' dir='ltr'>δηλαδὴ</span> <span class='ocrx_word' id='word_1_247' title='bbox 1124 3410 1229 3463; x_wconf 84' lang='grc' dir='ltr'><strong>τῶν</strong></span> <span class='ocrx_word' id='word_1_248' title='bbox 1262 3411 1361 3479; x_wconf 79' lang='grc' dir='ltr'>τὴν</span> <span class='ocrx_word' id='word_1_249' title='bbox 1414 3410 1690 3482; x_wconf 78' lang='grc' dir='ltr'>Παρθένον</span> <span class='ocrx_word' id='word_1_250' title='bbox 1728 3428 1819 3463; x_wconf 87' lang='grc' dir='ltr'>τε-</span> 
     </span>
    </p>
   </div>
   <div class='ocr_carea' id='block_1_37' title="bbox 242 3498 1817 3571">
    <p class='ocr_par' dir='ltr' id='par_1_37' title="bbox 242 3498 1817 3571">
     <span class='ocr_line' id='line_1_37' title="bbox 242 3498 1817 3571; baseline -0.002 -18"><span class='ocrx_word' id='word_1_251' title='bbox 242 3500 457 3553; x_wconf 70' lang='grc' dir='ltr'>κόντων</span> <span class='ocrx_word' id='word_1_252' title='bbox 498 3500 869 3570; x_wconf 82' lang='grc' dir='ltr'>ἀνῳκίσμενον</span> <span class='ocrx_word' id='word_1_253' title='bbox 900 3498 1241 3571; x_wconf 74' lang='grc' dir='ltr'>[ἐγκώμιον]</span> <span class='ocrx_word' id='word_1_254' title='bbox 1270 3514 1283 3528; x_wconf 93' lang='grc'><strong>·</strong></span> <span class='ocrx_word' id='word_1_255' title='bbox 1310 3498 1468 3551; x_wconf 74' lang='grc' dir='ltr'>τοῦτο</span> <span class='ocrx_word' id='word_1_256' title='bbox 1515 3501 1817 3570; x_wconf 80' lang='grc' dir='ltr'>προοίμιον,</span> 
     </span>
    </p>
   </div>
   <div class='ocr_carea' id='block_1_38' title="bbox 243 3590 1816 3661">
    <p class='ocr_par' dir='ltr' id='par_1_38' title="bbox 243 3590 1816 3661">
     <span class='ocr_line' id='line_1_38' title="bbox 243 3590 1816 3661; baseline -0.001 -16"><span class='ocrx_word' id='word_1_257' title='bbox 243 3591 431 3645; x_wconf 72' lang='grc' dir='ltr'>πᾶσαν</span> <span class='ocrx_word' id='word_1_258' title='bbox 459 3590 723 3658; x_wconf 55' lang='grc' dir='ltr'>ἐκφεύγοι)</span> <span class='ocrx_word' id='word_1_259' title='bbox 754 3590 930 3656; x_wconf 71' lang='grc' dir='ltr'>λόγων</span> <span class='ocrx_word' id='word_1_260' title='bbox 967 3590 1229 3644; x_wconf 79' lang='grc' dir='ltr'>ἐπίδοσιν.</span> <span class='ocrx_word' id='word_1_261' title='bbox 1266 3590 1453 3661; x_wconf 57' lang='grc' dir='ltr'>Τούτῳ</span> <span class='ocrx_word' id='word_1_262' title='bbox 1492 3592 1816 3660; x_wconf 73' lang='grc' dir='ltr'>προσϐαλὼν</span> 
     </span>
    </p>
   </div>
   <div class='ocr_carea' id='block_1_39' title="bbox 244 3675 1820 3747">
    <p class='ocr_par' dir='ltr' id='par_1_39' title="bbox 244 3675 1820 3747">
     <span class='ocr_line' id='line_1_39' title="bbox 244 3675 1820 3747; baseline 0.004 -21"><span class='ocrx_word' id='word_1_263' title='bbox 244 3676 353 3745; x_wconf 82' lang='grc' dir='ltr'><strong>μὲν</strong></span> <span class='ocrx_word' id='word_1_264' title='bbox 391 3676 418 3728; x_wconf 92' lang='lat'><strong>6</strong></span> <span class='ocrx_word' id='word_1_265' title='bbox 464 3675 621 3739; x_wconf 71' lang='grc' dir='ltr'>νοῦς,</span> <span class='ocrx_word' id='word_1_266' title='bbox 659 3678 760 3730; x_wconf 80' lang='grc' dir='ltr'><strong>οὐκ</strong></span> <span class='ocrx_word' id='word_1_267' title='bbox 812 3677 1177 3747; x_wconf 74' lang='grc' dir='ltr'>ὲξασθενήσας</span> <span class='ocrx_word' id='word_1_268' title='bbox 1222 3678 1278 3730; x_wconf 76' lang='grc' dir='ltr'>δὲ</span> <span class='ocrx_word' id='word_1_269' title='bbox 1321 3679 1427 3731; x_wconf 89' lang='grc' dir='ltr'><strong>τῶν</strong></span> <span class='ocrx_word' id='word_1_270' title='bbox 1472 3681 1687 3733; x_wconf 84' lang='grc' dir='ltr'>οἰκείων</span> <span class='ocrx_word' id='word_1_271' title='bbox 1734 3681 1820 3744; x_wconf 78' lang='grc' dir='ltr'><strong>ἐξ·</strong></span> 
     </span>
    </p>
   </div>
   <div class='ocr_carea' id='block_1_40' title="bbox 240 3768 1822 3845">
    <p class='ocr_par' dir='ltr' id='par_1_40' title="bbox 240 3768 1822 3845">
     <span class='ocr_line' id='line_1_40' title="bbox 240 3768 1822 3845; baseline 0.003 -21"><span class='ocrx_word' id='word_1_272' title='bbox 240 3772 464 3842; x_wconf 66' lang='grc' dir='ltr'>ἕστηκε.</span> <span class='ocrx_word' id='word_1_273' title='bbox 509 3773 721 3826; x_wconf 76' lang='grc' dir='ltr'>Σκοποῦ</span> <span class='ocrx_word' id='word_1_274' title='bbox 762 3772 871 3844; x_wconf 74' lang='grc' dir='ltr'><strong>γὰρ</strong></span> <span class='ocrx_word' id='word_1_275' title='bbox 918 3774 1066 3837; x_wconf 82' lang='grc' dir='ltr'>ὅστις</span> <span class='ocrx_word' id='word_1_276' title='bbox 1121 3772 1185 3826; x_wconf 70' lang='grc' dir='ltr'><strong>ἃ)</strong></span> <span class='ocrx_word' id='word_1_277' title='bbox 1224 3768 1275 3825; x_wconf 79' lang='grc' dir='ltr'><strong>εἴ</strong></span> <span class='ocrx_word' id='word_1_278' title='bbox 1307 3773 1335 3824; x_wconf 85' lang='lat'><strong>6</strong></span> <span class='ocrx_word' id='word_1_279' title='bbox 1394 3774 1567 3828; x_wconf 79' lang='grc' dir='ltr'>ταῦτα</span> <span class='ocrx_word' id='word_1_280' title='bbox 1613 3776 1822 3845; x_wconf 80' lang='grc' dir='ltr'>διερευ-</span> 
     </span>
    </p>
   </div>
   <div class='ocr_carea' id='block_1_41' title="bbox 237 3862 1822 3946">
    <p class='ocr_par' dir='ltr' id='par_1_41' title="bbox 237 3862 1822 3946">
     <span class='ocr_line' id='line_1_41' title="bbox 237 3862 1822 3946; baseline 0.003 -30"><span class='ocrx_word' id='word_1_281' title='bbox 237 3862 508 3932; x_wconf 81' lang='grc' dir='ltr'>νώμενος,</span> <span class='ocrx_word' id='word_1_282' title='bbox 542 3863 728 3933; x_wconf 75' lang='grc' dir='ltr'>ἡλίκον</span> <span class='ocrx_word' id='word_1_283' title='bbox 755 3864 1006 3917; x_wconf 75' lang='grc' dir='ltr'>ἐντεῦθεν</span> <span class='ocrx_word' id='word_1_284' title='bbox 1032 3865 1274 3934; x_wconf 76' lang='grc' dir='ltr'>ἀνεφάνη</span> <span class='ocrx_word' id='word_1_285' title='bbox 1308 3865 1367 3917; x_wconf 74' lang='grc' dir='ltr'>τὸ</span> <span class='ocrx_word' id='word_1_286' title='bbox 1396 3866 1602 3946; x_wconf 76' lang='grc' dir='ltr'>θαῦμα.</span> <span class='ocrx_word' id='word_1_287' title='bbox 1630 3868 1822 3920; x_wconf 83' lang='grc' dir='ltr'>Φιλαν-</span> 
     </span>
    </p>
   </div>
   <div class='ocr_carea' id='block_1_42' title="bbox 239 3955 1817 4031">
    <p class='ocr_par' dir='ltr' id='par_1_42' title="bbox 239 3955 1817 4031">
     <span class='ocr_line' id='line_1_42' title="bbox 239 3955 1817 4031; baseline 0.003 -23"><span class='ocrx_word' id='word_1_288' title='bbox 239 3955 463 4026; x_wconf 71' lang='grc' dir='ltr'>θρωπία</span> <span class='ocrx_word' id='word_1_289' title='bbox 510 3956 647 4028; x_wconf 78' lang='grc' dir='ltr'>μόνῃ</span> <span class='ocrx_word' id='word_1_290' title='bbox 680 3957 745 4009; x_wconf 83' lang='grc' dir='ltr'>ὲκ</span> <span class='ocrx_word' id='word_1_291' title='bbox 774 3957 849 4026; x_wconf 84' lang='grc' dir='ltr'>μὴ</span> <span class='ocrx_word' id='word_1_292' title='bbox 877 3955 1049 4009; x_wconf 73' lang='grc' dir='ltr'>ὄντων</span> <span class='ocrx_word' id='word_1_293' title='bbox 1086 3957 1190 4009; x_wconf 77' lang='grc' dir='ltr'>ύπὸ</span> <span class='ocrx_word' id='word_1_294' title='bbox 1225 3957 1320 4010; x_wconf 75' lang='grc' dir='ltr'>τοῦ</span> <span class='ocrx_word' id='word_1_295' title='bbox 1371 3959 1610 4011; x_wconf 79' lang='grc' dir='ltr'>πλάστου</span> <span class='ocrx_word' id='word_1_296' title='bbox 1670 3976 1817 4031; x_wconf 82' lang='grc' dir='ltr'>παρ-</span> 
     </span>
    </p>
   </div>
   <div class='ocr_carea' id='block_1_43' title="bbox 236 4047 1821 4133">
    <p class='ocr_par' dir='ltr' id='par_1_43' title="bbox 236 4047 1821 4133">
     <span class='ocr_line' id='line_1_43' title="bbox 236 4047 1821 4133; baseline 0.003 -34"><span class='ocrx_word' id='word_1_297' title='bbox 236 4047 386 4118; x_wconf 80' lang='grc' dir='ltr'><strong>ήχθη</strong></span> <span class='ocrx_word' id='word_1_298' title='bbox 396 4064 513 4116; x_wconf 88' lang='grc' dir='ltr'>μεν·</span> <span class='ocrx_word' id='word_1_299' title='bbox 532 4049 614 4133; x_wconf 42' lang='grc' dir='ltr'>ἔειπ’</span> <span class='ocrx_word' id='word_1_300' title='bbox 640 4048 823 4117; x_wconf 73' lang='grc' dir='ltr'>ἔργοις</span> <span class='ocrx_word' id='word_1_301' title='bbox 844 4050 1067 4114; x_wconf 76' lang='grc' dir='ltr'>ἀγαθοῖς</span> <span class='ocrx_word' id='word_1_302' title='bbox 1084 4049 1175 4101; x_wconf 76' lang='grc' dir='ltr'>τὸν</span> <span class='ocrx_word' id='word_1_303' title='bbox 1188 4050 1519 4120; x_wconf 72' lang='grc' dir='ltr'>παράδεισον</span> <span class='ocrx_word' id='word_1_304' title='bbox 1545 4056 1821 4106; x_wconf 81' lang='grc' dir='ltr'>κατοικεῖν</span> 
     </span>
    </p>
   </div>
   <div class='ocr_carea' id='block_1_44' title="bbox 239 4140 1821 4214">
    <p class='ocr_par' dir='ltr' id='par_1_44' title="bbox 239 4140 1821 4214">
     <span class='ocr_line' id='line_1_44' title="bbox 239 4140 1821 4214; baseline 0.004 -22"><span class='ocrx_word' id='word_1_305' title='bbox 239 4142 697 4211; x_wconf 73' lang='grc' dir='ltr'>προσετάγημεν·</span> <span class='ocrx_word' id='word_1_306' title='bbox 732 4141 831 4210; x_wconf 79' lang='grc' dir='ltr'><strong>τὴν</strong></span> <span class='ocrx_word' id='word_1_307' title='bbox 862 4140 1081 4210; x_wconf 71' lang='grc' dir='ltr'>ἐντολὴν</span> <span class='ocrx_word' id='word_1_308' title='bbox 1120 4142 1437 4213; x_wconf 75' lang='grc' dir='ltr'>ἀϐουλήτως</span> <span class='ocrx_word' id='word_1_309' title='bbox 1476 4144 1821 4214; x_wconf 74' lang='grc' dir='ltr'>ἀπεκρουσέι-</span> 
     </span>
    </p>
   </div>
   <div class='ocr_carea' id='block_1_45' title="bbox 241 4228 1855 4305">
    <p class='ocr_par' dir='ltr' id='par_1_45' title="bbox 241 4228 1855 4305">
     <span class='ocr_line' id='line_1_45' title="bbox 241 4228 1855 4305; baseline 0.004 -26"><span class='ocrx_word' id='word_1_310' title='bbox 241 4228 387 4298; x_wconf 84' lang='grc' dir='ltr'>μεθα</span> <span class='ocrx_word' id='word_1_311' title='bbox 406 4246 421 4260; x_wconf 78' lang='grc' dir='ltr'><strong><em>ο</em></strong></span> <span class='ocrx_word' id='word_1_312' title='bbox 453 4228 683 4282; x_wconf 77' lang='grc' dir='ltr'>θάνατον</span> <span class='ocrx_word' id='word_1_313' title='bbox 713 4232 780 4297; x_wconf 79' lang='grc' dir='ltr'><strong>τῇ</strong></span> <span class='ocrx_word' id='word_1_314' title='bbox 813 4230 1127 4300; x_wconf 78' lang='grc' dir='ltr'>προαιρέσει</span> <span class='ocrx_word' id='word_1_315' title='bbox 1154 4232 1618 4302; x_wconf 80' lang='grc' dir='ltr'>ὲπεσπασάμεθα·</span> <span class='ocrx_word' id='word_1_316' title='bbox 1650 4236 1819 4304; x_wconf 75' lang='grc' dir='ltr'>ἐπηγ-</span> <span class='ocrx_word' id='word_1_317' title='bbox 1846 4288 1855 4305; x_wconf 57' lang='grc'><strong>,</strong></span> 
     </span>
    </p>
   </div>
   <div class='ocr_carea' id='block_1_46' title="bbox 235 4311 1820 4394">
    <p class='ocr_par' dir='ltr' id='par_1_46' title="bbox 235 4311 1820 4394">
     <span class='ocr_line' id='line_1_46' title="bbox 235 4311 1820 4394; baseline 0.003 -21"><span class='ocrx_word' id='word_1_318' title='bbox 235 4319 411 4389; x_wconf 63' lang='grc' dir='ltr'>’,νέλθη</span> <span class='ocrx_word' id='word_1_319' title='bbox 441 4320 591 4389; x_wconf 77' lang='grc' dir='ltr'>παρᾶ</span> <span class='ocrx_word' id='word_1_320' title='bbox 618 4320 710 4372; x_wconf 76' lang='grc' dir='ltr'>τοῦ</span> <span class='ocrx_word' id='word_1_321' title='bbox 739 4321 1021 4383; x_wconf 84' lang='grc' dir='ltr'>κτίσαντος</span> <span class='ocrx_word' id='word_1_322' title='bbox 1049 4311 1355 4393; x_wconf 69' lang='grc' dir='ltr'>ἐλευθερία,</span> <span class='ocrx_word' id='word_1_323' title='bbox 1380 4324 1474 4377; x_wconf 72' lang='grc' dir='ltr'><strong>καὶ</strong></span> <span class='ocrx_word' id='word_1_324' title='bbox 1496 4323 1559 4376; x_wconf 78' lang='grc' dir='ltr'>τὸ</span> <span class='ocrx_word' id='word_1_325' title='bbox 1585 4326 1820 4394; x_wconf 76' lang='grc' dir='ltr'>πρᾶγμα</span> 
     </span>
    </p>
   </div>
   <div class='ocr_carea' id='block_1_47' title="bbox 195 4413 1814 4498">
    <p class='ocr_par' dir='ltr' id='par_1_47' title="bbox 195 4413 1814 4498">
     <span class='ocr_line' id='line_1_47' title="bbox 195 4413 1814 4498; baseline 0.001 -32"><span class='ocrx_word' id='word_1_326' title='bbox 195 4413 466 4481; x_wconf 74' lang='grc' dir='ltr'>,ἔμελλε,</span> <span class='ocrx_word' id='word_1_327' title='bbox 513 4414 607 4465; x_wconf 78' lang='lat' dir='ltr'><strong>xui.</strong></span> <span class='ocrx_word' id='word_1_328' title='bbox 648 4415 675 4465; x_wconf 91' lang='lat'><strong>6</strong></span> <span class='ocrx_word' id='word_1_329' title='bbox 721 4413 909 4483; x_wconf 76' lang='grc' dir='ltr'>χρόνος</span> <span class='ocrx_word' id='word_1_330' title='bbox 962 4414 1087 4475; x_wconf 84' lang='grc' dir='ltr'>τοὺς</span> <span class='ocrx_word' id='word_1_331' title='bbox 1126 4414 1471 4498; x_wconf 64' lang='grc' dir='ltr'>ἐπιτηδείους</span> <span class='ocrx_word' id='word_1_332' title='bbox 1519 4414 1814 4484; x_wconf 84' lang='grc' dir='ltr'>ἀνηρεύνα.</span> 
     </span>
    </p>
   </div>
   <div class='ocr_carea' id='block_1_48' title="bbox 1935 591 3500 660">
    <p class='ocr_par' dir='ltr' id='par_1_48' title="bbox 1935 591 3500 660">
     <span class='ocr_line' id='line_1_48' title="bbox 1935 591 3500 660; baseline 0.001 -15"><span class='ocrx_word' id='word_1_333' title='bbox 1935 607 1998 646; x_wconf 92' lang='lat' dir='ltr'><strong>ac</strong></span> <span class='ocrx_word' id='word_1_334' title='bbox 2021 593 2164 648; x_wconf 89' lang='lat' dir='ltr'><strong>intus</strong></span> <span class='ocrx_word' id='word_1_335' title='bbox 2193 592 2428 655; x_wconf 73' lang='lat' dir='ltr'><strong>latitans,</strong></span> <span class='ocrx_word' id='word_1_336' title='bbox 2453 594 2744 645; x_wconf 90' lang='lat' dir='ltr'><strong>humanum</strong></span> <span class='ocrx_word' id='word_1_337' title='bbox 2766 591 3118 645; x_wconf 75' lang='lat' dir='ltr'><strong>consumebat</strong></span> <span class='ocrx_word' id='word_1_338' title='bbox 3153 604 3321 660; x_wconf 87' lang='lat' dir='ltr'><strong>genus</strong></span> <span class='ocrx_word' id='word_1_339' title='bbox 3345 607 3360 656; x_wconf 91' lang='lat'><strong>;</strong></span> <span class='ocrx_word' id='word_1_340' title='bbox 3383 593 3500 646; x_wconf 84' lang='lat' dir='ltr'><strong>sin-</strong></span> 
     </span>
    </p>
   </div>
   <div class='ocr_carea' id='block_1_49' title="bbox 1932 682 3495 754">
    <p class='ocr_par' dir='ltr' id='par_1_49' title="bbox 1932 682 3495 754">
     <span class='ocr_line' id='line_1_49' title="bbox 1932 682 3495 754; baseline 0.003 -19"><span class='ocrx_word' id='word_1_341' title='bbox 1932 683 2192 754; x_wconf 81' lang='lat' dir='ltr'><strong>gulnsque</strong></span> <span class='ocrx_word' id='word_1_342' title='bbox 2238 700 2452 751; x_wconf 83' lang='lat' dir='ltr'><strong>semper</strong></span> <span class='ocrx_word' id='word_1_343' title='bbox 2505 685 2821 753; x_wconf 84' lang='lat' dir='ltr'><strong>depascens,</strong></span> <span class='ocrx_word' id='word_1_344' title='bbox 2879 682 3104 737; x_wconf 84' lang='lat' dir='ltr'><strong>necdum</strong></span> <span class='ocrx_word' id='word_1_345' title='bbox 3158 698 3188 737; x_wconf 89' lang='lat' dir='ltr'><strong>a</strong></span> <span class='ocrx_word' id='word_1_346' title='bbox 3248 683 3495 750; x_wconf 86' lang='lat' dir='ltr'><strong>pastione</strong></span> 
     </span>
    </p>
   </div>
   <div class='ocr_carea' id='block_1_50' title="bbox 1934 771 3494 842">
    <p class='ocr_par' dir='ltr' id='par_1_50' title="bbox 1934 771 3494 842">
     <span class='ocr_line' id='line_1_50' title="bbox 1934 771 3494 842; baseline -0.001 -14"><span class='ocrx_word' id='word_1_347' title='bbox 1934 774 2339 842; x_wconf 86' lang='lat' dir='ltr'><strong>prohibebatur,</strong></span> <span class='ocrx_word' id='word_1_348' title='bbox 2364 790 2461 829; x_wconf 90' lang='lat' dir='ltr'><strong>nec</strong></span> <span class='ocrx_word' id='word_1_349' title='bbox 2490 783 2921 841; x_wconf 69' lang='lat' dir='ltr'><strong>praesentaneum</strong></span> <span class='ocrx_word' id='word_1_350' title='bbox 2948 772 3110 827; x_wconf 88' lang='lat' dir='ltr'><strong>ullum</strong></span> <span class='ocrx_word' id='word_1_351' title='bbox 3168 771 3494 835; x_wconf 88' lang='lat' dir='ltr'><strong>remedium,</strong></span> 
     </span>
    </p>
   </div>
   <div class='ocr_carea' id='block_1_51' title="bbox 1933 862 3500 941">
    <p class='ocr_par' dir='ltr' id='par_1_51' title="bbox 1933 862 3500 941">
     <span class='ocr_line' id='line_1_51' title="bbox 1933 862 3500 941; baseline -0.001 -22"><span class='ocrx_word' id='word_1_352' title='bbox 1933 866 2005 919; x_wconf 91' lang='lat' dir='ltr'><strong>illi</strong></span> <span class='ocrx_word' id='word_1_353' title='bbox 2036 866 2350 927; x_wconf 78' lang='lat' dir='ltr'><strong>exterendo,</strong></span> <span class='ocrx_word' id='word_1_354' title='bbox 2403 866 2824 932; x_wconf 82' lang='lat' dir='ltr'><strong>ostendebatur;</strong></span> <span class='ocrx_word' id='word_1_355' title='bbox 2884 863 2977 939; x_wconf 73' lang='lat' dir='ltr'><strong>sed</strong></span> <span class='ocrx_word' id='word_1_356' title='bbox 3026 862 3185 916; x_wconf 83' lang='lat' dir='ltr'><strong>simili</strong></span> <span class='ocrx_word' id='word_1_357' title='bbox 3228 863 3500 941; x_wconf 77' lang='lat' dir='ltr'><strong>subjectos</strong></span> 
     </span>
    </p>
   </div>
   <div class='ocr_carea' id='block_1_52' title="bbox 1931 954 3499 1025">
    <p class='ocr_par' dir='ltr' id='par_1_52' title="bbox 1931 954 3499 1025">
     <span class='ocr_line' id='line_1_52' title="bbox 1931 954 3499 1025; baseline -0.004 -12"><span class='ocrx_word' id='word_1_358' title='bbox 1931 973 2119 1013; x_wconf 88' lang='lat' dir='ltr'><strong>omnes</strong></span> <span class='ocrx_word' id='word_1_359' title='bbox 2146 959 2377 1021; x_wconf 87' lang='lat' dir='ltr'><strong>ratione,</strong></span> <span class='ocrx_word' id='word_1_360' title='bbox 2403 958 2598 1012; x_wconf 87' lang='lat' dir='ltr'><strong>occulti</strong></span> <span class='ocrx_word' id='word_1_361' title='bbox 2620 955 2884 1011; x_wconf 86' lang='lat' dir='ltr'><strong>&#39;vulneris</strong></span> <span class='ocrx_word' id='word_1_362' title='bbox 2931 955 3124 1019; x_wconf 91' lang='lat' dir='ltr'><strong>instar,</strong></span> <span class='ocrx_word' id='word_1_363' title='bbox 3168 954 3273 1008; x_wconf 91' lang='lat' dir='ltr'><strong>ima</strong></span> <span class='ocrx_word' id='word_1_364' title='bbox 3307 969 3499 1025; x_wconf 88' lang='lat' dir='ltr'><strong>perva-</strong></span> 
     </span>
    </p>
   </div>
   <div class='ocr_carea' id='block_1_53' title="bbox 1931 1025 3493 1117">
    <p class='ocr_par' dir='ltr' id='par_1_53' title="bbox 1931 1025 3493 1117">
     <span class='ocr_line' id='line_1_53' title="bbox 1931 1025 3493 1117; baseline -0.001 -14"><span class='ocrx_word' id='word_1_365' title='bbox 1931 1050 2083 1115; x_wconf 91' lang='lat' dir='ltr'><strong>dens,</strong></span> <span class='ocrx_word' id='word_1_366' title='bbox 2109 1025 2367 1104; x_wconf 64' lang='lat' dir='ltr'><strong>vitiabat:</strong></span> <span class='ocrx_word' id='word_1_367' title='bbox 2402 1049 2590 1104; x_wconf 87' lang='lat' dir='ltr'><strong>volens</strong></span> <span class='ocrx_word' id='word_1_368' title='bbox 2638 1051 2818 1117; x_wconf 80' lang='lat' dir='ltr'><strong>itaque</strong></span> <span class='ocrx_word' id='word_1_369' title='bbox 2849 1063 3029 1103; x_wconf 90' lang='lat' dir='ltr'><strong>rerum</strong></span> <span class='ocrx_word' id='word_1_370' title='bbox 3060 1047 3326 1103; x_wconf 87' lang='lat' dir='ltr'><strong>Conditor</strong></span> <span class='ocrx_word' id='word_1_371' title='bbox 3364 1045 3493 1101; x_wconf 91' lang='lat' dir='ltr'><strong>illud</strong></span> 
     </span>
    </p>
   </div>
   <div class='ocr_carea' id='block_1_54' title="bbox 1932 1139 3496 1211">
    <p class='ocr_par' dir='ltr' id='par_1_54' title="bbox 1932 1139 3496 1211">
     <span class='ocr_line' id='line_1_54' title="bbox 1932 1139 3496 1211; baseline -0.002 -18"><span class='ocrx_word' id='word_1_372' title='bbox 1932 1139 2118 1195; x_wconf 89' lang='lat' dir='ltr'><strong>tollere</strong></span> <span class='ocrx_word' id='word_1_373' title='bbox 2149 1150 2309 1210; x_wconf 90' lang='lat' dir='ltr'><strong>atque</strong></span> <span class='ocrx_word' id='word_1_374' title='bbox 2341 1153 2451 1195; x_wconf 88' lang='lat' dir='ltr'><strong>tum</strong></span> <span class='ocrx_word' id='word_1_375' title='bbox 2488 1141 2782 1211; x_wconf 84' lang='lat' dir='ltr'><strong>potentiam</strong></span> <span class='ocrx_word' id='word_1_376' title='bbox 2825 1155 3000 1204; x_wconf 88' lang='lat' dir='ltr'><strong>suam,</strong></span> <span class='ocrx_word' id='word_1_377' title='bbox 3042 1149 3155 1194; x_wconf 92' lang='lat' dir='ltr'><strong>tum</strong></span> <span class='ocrx_word' id='word_1_378' title='bbox 3203 1139 3371 1195; x_wconf 85' lang='lat' dir='ltr'><strong>saucii</strong></span> <span class='ocrx_word' id='word_1_379' title='bbox 3408 1154 3496 1193; x_wconf 85' lang='lat' dir='ltr'><strong>sa-</strong></span> 
     </span>
    </p>
   </div>
   <div class='ocr_carea' id='block_1_55' title="bbox 1902 1224 3495 1297">
    <p class='ocr_par' dir='ltr' id='par_1_55' title="bbox 1902 1224 3495 1297">
     <span class='ocr_line' id='line_1_55' title="bbox 1902 1224 3495 1297; baseline -0.004 -15"><span class='ocrx_word' id='word_1_380' title='bbox 1902 1230 2202 1283; x_wconf 39' lang='lat' dir='ltr'><strong>‘nationem</strong></span> <span class='ocrx_word' id='word_1_381' title='bbox 2230 1230 2507 1293; x_wconf 83' lang='lat' dir='ltr'><strong>exhibere,</strong></span> <span class='ocrx_word' id='word_1_382' title='bbox 2543 1230 2593 1283; x_wconf 91' lang='lat' dir='ltr'><strong>id</strong></span> <span class='ocrx_word' id='word_1_383' title='bbox 2624 1228 2842 1282; x_wconf 87' lang='lat' dir='ltr'><strong>molitur</strong></span> <span class='ocrx_word' id='word_1_384' title='bbox 2893 1235 2952 1280; x_wconf 92' lang='lat' dir='ltr'><strong>ut</strong></span> <span class='ocrx_word' id='word_1_385' title='bbox 2999 1226 3265 1297; x_wconf 79' lang='lat' dir='ltr'><strong>iacentem</strong></span> <span class='ocrx_word' id='word_1_386' title='bbox 3301 1224 3495 1278; x_wconf 86' lang='lat' dir='ltr'><strong>adver-</strong></span> 
     </span>
    </p>
   </div>
   <div class='ocr_carea' id='block_1_56' title="bbox 1928 1314 3495 1389">
    <p class='ocr_par' dir='ltr' id='par_1_56' title="bbox 1928 1314 3495 1389">
     <span class='ocr_line' id='line_1_56' title="bbox 1928 1314 3495 1389; baseline -0.004 -13"><span class='ocrx_word' id='word_1_387' title='bbox 1928 1336 2022 1376; x_wconf 93' lang='lat' dir='ltr'><strong>sus</strong></span> <span class='ocrx_word' id='word_1_388' title='bbox 2054 1320 2410 1389; x_wconf 83' lang='lat' dir='ltr'><strong>sauciatorem</strong></span> <span class='ocrx_word' id='word_1_389' title='bbox 2437 1322 2674 1389; x_wconf 60' lang='lat' dir='ltr'><strong>erigens;</strong></span> <span class='ocrx_word' id='word_1_390' title='bbox 2703 1321 2751 1375; x_wconf 90' lang='lat' dir='ltr'><strong>ei</strong></span> <span class='ocrx_word' id='word_1_391' title='bbox 2782 1318 3060 1374; x_wconf 80' lang='lat' dir='ltr'><strong>victoriam</strong></span> <span class='ocrx_word' id='word_1_392' title='bbox 3103 1318 3323 1371; x_wconf 84' lang='lat' dir='ltr'><strong>tribuat.</strong></span> <span class='ocrx_word' id='word_1_393' title='bbox 3358 1314 3495 1369; x_wconf 83' lang='lat' dir='ltr'><strong>Hinc</strong></span> 
     </span>
    </p>
   </div>
   <div class='ocr_carea' id='block_1_57' title="bbox 1927 1387 3495 1482">
    <p class='ocr_par' dir='ltr' id='par_1_57' title="bbox 1927 1387 3495 1482">
     <span class='ocr_line' id='line_1_57' title="bbox 1927 1387 3495 1482; baseline -0.006 -15"><span class='ocrx_word' id='word_1_394' title='bbox 1927 1428 2056 1482; x_wconf 85' lang='lat' dir='ltr'><strong>ergo</strong></span> <span class='ocrx_word' id='word_1_395' title='bbox 2096 1387 2293 1467; x_wconf 91' lang='lat' dir='ltr'><strong>Iillustri</strong></span> <span class='ocrx_word' id='word_1_396' title='bbox 2348 1387 2619 1479; x_wconf 74' lang='lat' dir='ltr'><strong>trophaeo,</strong></span> <span class='ocrx_word' id='word_1_397' title='bbox 2675 1410 2911 1464; x_wconf 85' lang='lat' dir='ltr'><strong>auctoris</strong></span> <span class='ocrx_word' id='word_1_398' title='bbox 2957 1407 3205 1462; x_wconf 90' lang='lat' dir='ltr'><strong>interitus</strong></span> <span class='ocrx_word' id='word_1_399' title='bbox 3261 1403 3495 1460; x_wconf 83' lang='lat' dir='ltr'><strong>traducit</strong></span> 
     </span>
    </p>
   </div>
   <div class='ocr_carea' id='block_1_58' title="bbox 1928 1497 3491 1572">
    <p class='ocr_par' dir='ltr' id='par_1_58' title="bbox 1928 1497 3491 1572">
     <span class='ocr_line' id='line_1_58' title="bbox 1928 1497 3491 1572; baseline -0.006 -14"><span class='ocrx_word' id='word_1_400' title='bbox 1928 1505 2233 1559; x_wconf 75' lang='lat' dir='ltr'><strong>victoriam.</strong></span> <span class='ocrx_word' id='word_1_401' title='bbox 2266 1504 2319 1557; x_wconf 80' lang='lat' dir='ltr'><strong>ltl</strong></span> <span class='ocrx_word' id='word_1_402' title='bbox 2361 1518 2523 1572; x_wconf 90' lang='lat' dir='ltr'><strong>porro</strong></span> <span class='ocrx_word' id='word_1_403' title='bbox 2556 1502 2697 1556; x_wconf 89' lang='lat' dir='ltr'><strong>haud</strong></span> <span class='ocrx_word' id='word_1_404' title='bbox 2729 1501 2832 1554; x_wconf 87' lang='lat' dir='ltr'><strong>alia</strong></span> <span class='ocrx_word' id='word_1_405' title='bbox 2866 1501 3076 1554; x_wconf 88' lang='lat' dir='ltr'><strong>ratione</strong></span> <span class='ocrx_word' id='word_1_406' title='bbox 3115 1497 3228 1551; x_wconf 81' lang='lat' dir='ltr'><strong>ﬁeri</strong></span> <span class='ocrx_word' id='word_1_407' title='bbox 3261 1502 3491 1567; x_wconf 89' lang='lat' dir='ltr'><strong>poterat,</strong></span> 
     </span>
    </p>
   </div>
   <div class='ocr_carea' id='block_1_59' title="bbox 1926 1588 3489 1663">
    <p class='ocr_par' dir='ltr' id='par_1_59' title="bbox 1926 1588 3489 1663">
     <span class='ocr_line' id='line_1_59' title="bbox 1926 1588 3489 1663; baseline -0.004 -18"><span class='ocrx_word' id='word_1_408' title='bbox 1926 1609 2085 1663; x_wconf 88' lang='lat' dir='ltr'><strong>quam</strong></span> <span class='ocrx_word' id='word_1_409' title='bbox 2146 1602 2204 1647; x_wconf 90' lang='lat' dir='ltr'><strong>ut</strong></span> <span class='ocrx_word' id='word_1_410' title='bbox 2263 1594 2502 1646; x_wconf 78' lang='lat' dir='ltr'><strong>medicus</strong></span> <span class='ocrx_word' id='word_1_411' title='bbox 2554 1590 2865 1661; x_wconf 63' lang='lat' dir='ltr'><strong>aegrotantis</strong></span> <span class='ocrx_word' id='word_1_412' title='bbox 2920 1588 3147 1642; x_wconf 86' lang='lat' dir='ltr'><strong>iudueus</strong></span> <span class='ocrx_word' id='word_1_413' title='bbox 3218 1597 3489 1652; x_wconf 91' lang='lat' dir='ltr'><strong>naturam,</strong></span> 
     </span>
    </p>
   </div>
   <div class='ocr_carea' id='block_1_60' title="bbox 1925 1678 3492 1751">
    <p class='ocr_par' dir='ltr' id='par_1_60' title="bbox 1925 1678 3492 1751">
     <span class='ocr_line' id='line_1_60' title="bbox 1925 1678 3492 1751; baseline -0.003 -14"><span class='ocrx_word' id='word_1_414' title='bbox 1925 1682 2121 1737; x_wconf 90' lang='lat' dir='ltr'><strong>blando</strong></span> <span class='ocrx_word' id='word_1_415' title='bbox 2149 1682 2408 1751; x_wconf 85' lang='lat' dir='ltr'><strong>ejusmodi</strong></span> <span class='ocrx_word' id='word_1_416' title='bbox 2452 1683 2636 1736; x_wconf 87' lang='lat' dir='ltr'><strong>habitu</strong></span> <span class='ocrx_word' id='word_1_417' title='bbox 2661 1723 2677 1749; x_wconf 90' lang='lat'><strong>,</strong></span> <span class='ocrx_word' id='word_1_418' title='bbox 2727 1681 2869 1749; x_wconf 94' lang='lat' dir='ltr'><strong>quod</strong></span> <span class='ocrx_word' id='word_1_419' title='bbox 2911 1689 3027 1733; x_wconf 87' lang='lat' dir='ltr'><strong>erat</strong></span> <span class='ocrx_word' id='word_1_420' title='bbox 3057 1679 3303 1733; x_wconf 90' lang='lat' dir='ltr'><strong>vitiatum</strong></span> <span class='ocrx_word' id='word_1_421' title='bbox 3337 1678 3403 1732; x_wconf 86' lang='lat' dir='ltr'><strong>ad</strong></span> <span class='ocrx_word' id='word_1_422' title='bbox 3432 1691 3492 1732; x_wconf 84' lang='lat' dir='ltr'><strong>se</strong></span> 
     </span>
    </p>
   </div>
   <div class='ocr_carea' id='block_1_61' title="bbox 1927 1771 3493 1843">
    <p class='ocr_par' dir='ltr' id='par_1_61' title="bbox 1927 1771 3493 1843">
     <span class='ocr_line' id='line_1_61' title="bbox 1927 1771 3493 1843; baseline -0.001 -17"><span class='ocrx_word' id='word_1_423' title='bbox 1927 1774 2199 1840; x_wconf 89' lang='lat' dir='ltr'><strong>traheret;</strong></span> <span class='ocrx_word' id='word_1_424' title='bbox 2234 1782 2290 1826; x_wconf 89' lang='lat' dir='ltr'><strong>ut</strong></span> <span class='ocrx_word' id='word_1_425' title='bbox 2320 1784 2631 1841; x_wconf 88' lang='lat' dir='ltr'><strong>comparato</strong></span> <span class='ocrx_word' id='word_1_426' title='bbox 2665 1788 2767 1827; x_wconf 90' lang='lat' dir='ltr'><strong>usu</strong></span> <span class='ocrx_word' id='word_1_427' title='bbox 2800 1785 3143 1843; x_wconf 89' lang='lat' dir='ltr'><strong>congressus,</strong></span> <span class='ocrx_word' id='word_1_428' title='bbox 3184 1771 3493 1839; x_wconf 88' lang='lat' dir='ltr'><strong>inopinatus</strong></span> 
     </span>
    </p>
   </div>
   <div class='ocr_carea' id='block_1_62' title="bbox 153 1858 1820 1933">
    <p class='ocr_par' dir='ltr' id='par_1_62' title="bbox 153 1858 1819 1933">
     <span class='ocr_line' id='line_1_62' title="bbox 153 1858 1819 1933; baseline 0.001 -20"><span class='ocrx_word' id='word_1_429' title='bbox 153 1883 157 1886; x_wconf 56' lang='lat'><strong>~</strong></span> <span class='ocrx_word' id='word_1_430' title='bbox 237 1858 441 1928; x_wconf 83' lang='grc' dir='ltr'>φύσιν,</span> <span class='ocrx_word' id='word_1_431' title='bbox 491 1859 642 1931; x_wconf 73' lang='grc' dir='ltr'>ἠπίῳ</span> <span class='ocrx_word' id='word_1_432' title='bbox 664 1860 743 1931; x_wconf 82' lang='grc' dir='ltr'>τῷ</span> <span class='ocrx_word' id='word_1_433' title='bbox 789 1862 1031 1932; x_wconf 82' lang='grc' dir='ltr'>σχήματι</span> <span class='ocrx_word' id='word_1_434' title='bbox 1078 1863 1215 1933; x_wconf 75' lang='grc' dir='ltr'>πρὸς</span> <span class='ocrx_word' id='word_1_435' title='bbox 1246 1863 1439 1917; x_wconf 77' lang='grc' dir='ltr'>ἑαυτὸν</span> <span class='ocrx_word' id='word_1_436' title='bbox 1466 1863 1699 1930; x_wconf 77' lang='grc' dir='ltr'>ἕλξοι“τὸ</span> <span class='ocrx_word' id='word_1_437' title='bbox 1724 1862 1819 1916; x_wconf 85' lang='grc' dir='ltr'>λὺ-</span> 
     </span>
    </p>
   </div>
   <div class='ocr_carea' id='block_1_63' title="bbox 1920 1858 3488 1933">
    <p class='ocr_par' dir='ltr' id='par_1_63' title="bbox 1926 1860 3488 1933">
     <span class='ocr_line' id='line_1_63' title="bbox 1926 1860 3488 1933; baseline -0.002 -16"><span class='ocrx_word' id='word_1_438' title='bbox 1926 1866 2186 1931; x_wconf 90' lang='lat' dir='ltr'><strong>irrueret;</strong></span> <span class='ocrx_word' id='word_1_439' title='bbox 2258 1872 2420 1933; x_wconf 88' lang='lat' dir='ltr'><strong>atque</strong></span> <span class='ocrx_word' id='word_1_440' title='bbox 2490 1865 2591 1919; x_wconf 90' lang='lat' dir='ltr'><strong>hoc</strong></span> <span class='ocrx_word' id='word_1_441' title='bbox 2653 1864 2843 1929; x_wconf 91' lang='lat' dir='ltr'><strong>modo,</strong></span> <span class='ocrx_word' id='word_1_442' title='bbox 2905 1863 3075 1916; x_wconf 89' lang='lat' dir='ltr'><strong>morbi</strong></span> <span class='ocrx_word' id='word_1_443' title='bbox 3150 1875 3313 1916; x_wconf 90' lang='lat' dir='ltr'><strong>causa</strong></span> <span class='ocrx_word' id='word_1_444' title='bbox 3380 1860 3488 1914; x_wconf 83' lang='lat' dir='ltr'><strong>vim</strong></span> 
     </span>
    </p>
   </div>
   <div class='ocr_carea' id='block_1_64' title="bbox 1920 1951 3491 2023">
    <p class='ocr_par' dir='ltr' id='par_1_64' title="bbox 1920 1951 3491 2023">
     <span class='ocr_line' id='line_1_64' title="bbox 1920 1951 3491 2023; baseline -0.003 -12"><span class='ocrx_word' id='word_1_445' title='bbox 1920 1970 2132 2011; x_wconf 82' lang='lat' dir='ltr'><strong>omnem</strong></span> <span class='ocrx_word' id='word_1_446' title='bbox 2156 1956 2454 2021; x_wconf 88' lang='lat' dir='ltr'><strong>amittcutc,</strong></span> <span class='ocrx_word' id='word_1_447' title='bbox 2478 1954 2591 2023; x_wconf 88' lang='lat' dir='ltr'><strong>ejus</strong></span> <span class='ocrx_word' id='word_1_448' title='bbox 2613 1955 2820 2010; x_wconf 85' lang='lat' dir='ltr'><strong>curatio</strong></span> <span class='ocrx_word' id='word_1_449' title='bbox 2844 1953 3053 2008; x_wconf 84' lang='lat' dir='ltr'><strong>facilior</strong></span> <span class='ocrx_word' id='word_1_450' title='bbox 3073 1962 3240 2008; x_wconf 83' lang='lat' dir='ltr'><strong>esset.</strong></span> <span class='ocrx_word' id='word_1_451' title='bbox 3262 1951 3491 2017; x_wconf 88' lang='lat' dir='ltr'><strong>Quando</strong></span> 
     </span>
    </p>
   </div>
   <div class='ocr_carea' id='block_1_65' title="bbox 1924 2042 3491 2117">
    <p class='ocr_par' dir='ltr' id='par_1_65' title="bbox 1924 2042 3491 2117">
     <span class='ocr_line' id='line_1_65' title="bbox 1924 2042 3491 2117; baseline -0.004 -16"><span class='ocrx_word' id='word_1_452' title='bbox 1924 2058 2100 2101; x_wconf 85' lang='lat' dir='ltr'><strong>autem</strong></span> <span class='ocrx_word' id='word_1_453' title='bbox 2140 2049 2255 2101; x_wconf 69' lang='lat' dir='ltr'><strong>haec</strong></span> <span class='ocrx_word' id='word_1_454' title='bbox 2296 2050 2367 2117; x_wconf 82' lang='lat' dir='ltr'><strong>ita</strong></span> <span class='ocrx_word' id='word_1_455' title='bbox 2413 2047 2623 2100; x_wconf 79' lang='lat' dir='ltr'><strong>fuerant</strong></span> <span class='ocrx_word' id='word_1_456' title='bbox 2663 2047 2898 2115; x_wconf 88' lang='lat' dir='ltr'><strong>provisa,</strong></span> <span class='ocrx_word' id='word_1_457' title='bbox 2932 2060 3134 2115; x_wconf 83' lang='lat' dir='ltr'><strong>parque</strong></span> <span class='ocrx_word' id='word_1_458' title='bbox 3160 2053 3304 2108; x_wconf 81' lang='lat' dir='ltr'><strong>erat,</strong></span> <span class='ocrx_word' id='word_1_459' title='bbox 3332 2051 3392 2096; x_wconf 90' lang='lat' dir='ltr'><strong>ut</strong></span> <span class='ocrx_word' id='word_1_460' title='bbox 3422 2042 3491 2095; x_wconf 89' lang='lat' dir='ltr'><strong>ab</strong></span> 
     </span>
    </p>
   </div>
   <div class='ocr_carea' id='block_1_66' title="bbox 1921 2133 3485 2206">
    <p class='ocr_par' dir='ltr' id='par_1_66' title="bbox 1921 2133 3485 2206">
     <span class='ocr_line' id='line_1_66' title="bbox 1921 2133 3485 2206; baseline -0.005 -15"><span class='ocrx_word' id='word_1_461' title='bbox 1921 2137 2106 2191; x_wconf 87' lang='lat' dir='ltr'><strong>eadem</strong></span> <span class='ocrx_word' id='word_1_462' title='bbox 2134 2138 2246 2206; x_wconf 87' lang='lat' dir='ltr'><strong>ipsa</strong></span> <span class='ocrx_word' id='word_1_463' title='bbox 2275 2136 2457 2192; x_wconf 85' lang='lat' dir='ltr'><strong>radice</strong></span> <span class='ocrx_word' id='word_1_464' title='bbox 2484 2152 2549 2190; x_wconf 78' lang='lat' dir='ltr'><strong>ex</strong></span> <span class='ocrx_word' id='word_1_465' title='bbox 2586 2151 2689 2206; x_wconf 91' lang='lat' dir='ltr'><strong>qua</strong></span> <span class='ocrx_word' id='word_1_466' title='bbox 2720 2136 2918 2190; x_wconf 91' lang='lat' dir='ltr'><strong>malum</strong></span> <span class='ocrx_word' id='word_1_467' title='bbox 2951 2150 2979 2188; x_wconf 92' lang='lat' dir='ltr'><strong>a</strong></span> <span class='ocrx_word' id='word_1_468' title='bbox 3012 2133 3275 2204; x_wconf 91' lang='lat' dir='ltr'><strong>principio</strong></span> <span class='ocrx_word' id='word_1_469' title='bbox 3307 2142 3485 2187; x_wconf 89' lang='lat' dir='ltr'><strong>ortum</strong></span> 
     </span>
    </p>
   </div>
   <div class='ocr_carea' id='block_1_67' title="bbox 1920 2220 3487 2296">
    <p class='ocr_par' dir='ltr' id='par_1_67' title="bbox 1920 2220 3487 2296">
     <span class='ocr_line' id='line_1_67' title="bbox 1920 2220 3487 2296; baseline -0.004 -17"><span class='ocrx_word' id='word_1_470' title='bbox 1920 2235 2057 2289; x_wconf 87' lang='lat' dir='ltr'><strong>erat,</strong></span> <span class='ocrx_word' id='word_1_471' title='bbox 2091 2227 2376 2281; x_wconf 81' lang='lat' dir='ltr'><strong>medicatio</strong></span> <span class='ocrx_word' id='word_1_472' title='bbox 2425 2241 2639 2296; x_wconf 88' lang='lat' dir='ltr'><strong>quoque</strong></span> <span class='ocrx_word' id='word_1_473' title='bbox 2684 2227 3042 2295; x_wconf 88' lang='lat' dir='ltr'><strong>germinaret;</strong></span> <span class='ocrx_word' id='word_1_474' title='bbox 3082 2234 3245 2293; x_wconf 90' lang='lat' dir='ltr'><strong>utque</strong></span> <span class='ocrx_word' id='word_1_475' title='bbox 3298 2220 3487 2276; x_wconf 85' lang='lat' dir='ltr'><strong>eadem</strong></span> 
     </span>
    </p>
   </div>
   <div class='ocr_carea' id='block_1_68' title="bbox 1922 2314 3487 2385">
    <p class='ocr_par' dir='ltr' id='par_1_68' title="bbox 1922 2314 3487 2385">
     <span class='ocr_line' id='line_1_68' title="bbox 1922 2314 3487 2385; baseline -0.001 -21"><span class='ocrx_word' id='word_1_476' title='bbox 1922 2314 2210 2382; x_wconf 83' lang='lat' dir='ltr'><strong>pelleretur</strong></span> <span class='ocrx_word' id='word_1_477' title='bbox 2242 2315 2361 2379; x_wconf 87' lang='lat' dir='ltr'><strong>via,</strong></span> <span class='ocrx_word' id='word_1_478' title='bbox 2396 2331 2499 2385; x_wconf 86' lang='lat' dir='ltr'><strong>qua</strong></span> <span class='ocrx_word' id='word_1_479' title='bbox 2556 2317 2605 2367; x_wconf 91' lang='lat' dir='ltr'><strong>in</strong></span> <span class='ocrx_word' id='word_1_480' title='bbox 2649 2314 2921 2368; x_wconf 87' lang='lat' dir='ltr'><strong>hominum</strong></span> <span class='ocrx_word' id='word_1_481' title='bbox 2963 2329 3128 2381; x_wconf 83' lang='lat' dir='ltr'><strong>genus</strong></span> <span class='ocrx_word' id='word_1_482' title='bbox 3181 2314 3487 2377; x_wconf 88' lang='lat' dir='ltr'><strong>invaserat;</strong></span> 
     </span>
    </p>
   </div>
   <div class='ocr_carea' id='block_1_69' title="bbox 1922 2404 3491 2485">
    <p class='ocr_par' dir='ltr' id='par_1_69' title="bbox 1922 2404 3491 2485">
     <span class='ocr_line' id='line_1_69' title="bbox 1922 2404 3491 2485; baseline 0.002 -29"><span class='ocrx_word' id='word_1_483' title='bbox 1922 2420 1951 2457; x_wconf 88' lang='lat' dir='ltr'><strong>a</strong></span> <span class='ocrx_word' id='word_1_484' title='bbox 1983 2404 2225 2459; x_wconf 88' lang='lat' dir='ltr'><strong>muliebri</strong></span> <span class='ocrx_word' id='word_1_485' title='bbox 2252 2406 2502 2459; x_wconf 86' lang='lat' dir='ltr'><strong>nimirum</strong></span> <span class='ocrx_word' id='word_1_486' title='bbox 2534 2406 2789 2485; x_wconf 61' lang='lat' dir='ltr'><strong>facilitate</strong></span> <span class='ocrx_word' id='word_1_487' title='bbox 2811 2446 2826 2469; x_wconf 95' lang='lat'><strong>,</strong></span> <span class='ocrx_word' id='word_1_488' title='bbox 2856 2421 2975 2474; x_wconf 66' lang='lat' dir='ltr'><strong>quae</strong></span> <span class='ocrx_word' id='word_1_489' title='bbox 2999 2407 3213 2460; x_wconf 87' lang='lat' dir='ltr'><strong>incaute</strong></span> <span class='ocrx_word' id='word_1_490' title='bbox 3239 2406 3491 2474; x_wconf 87' lang='lat' dir='ltr'><strong>aperiens</strong></span> 
     </span>
    </p>
   </div>
   <div class='ocr_carea' id='block_1_70' title="bbox 1922 2495 3491 2578">
    <p class='ocr_par' dir='ltr' id='par_1_70' title="bbox 1922 2495 3491 2578">
     <span class='ocr_line' id='line_1_70' title="bbox 1922 2495 3491 2578; baseline 0.001 -31"><span class='ocrx_word' id='word_1_491' title='bbox 1922 2495 2123 2548; x_wconf 88' lang='lat' dir='ltr'><strong>aditum</strong></span> <span class='ocrx_word' id='word_1_492' title='bbox 2146 2537 2159 2561; x_wconf 95' lang='lat'><strong>,</strong></span> <span class='ocrx_word' id='word_1_493' title='bbox 2186 2495 2287 2549; x_wconf 85' lang='lat' dir='ltr'><strong>sibi</strong></span> <span class='ocrx_word' id='word_1_494' title='bbox 2323 2499 2548 2565; x_wconf 88' lang='lat' dir='ltr'><strong>pariter,</strong></span> <span class='ocrx_word' id='word_1_495' title='bbox 2580 2498 2824 2578; x_wconf 65' lang='lat' dir='ltr'><strong>viroque,</strong></span> <span class='ocrx_word' id='word_1_496' title='bbox 2858 2509 3014 2566; x_wconf 88' lang='lat' dir='ltr'><strong>atque</strong></span> <span class='ocrx_word' id='word_1_497' title='bbox 3048 2496 3278 2566; x_wconf 83' lang='lat' dir='ltr'><strong>posteris</strong></span> <span class='ocrx_word' id='word_1_498' title='bbox 3308 2496 3491 2563; x_wconf 89' lang='lat' dir='ltr'><strong>perni-</strong></span> 
     </span>
    </p>
   </div>
   <div class='ocr_carea' id='block_1_71' title="bbox 1920 2587 3490 2654">
    <p class='ocr_par' dir='ltr' id='par_1_71' title="bbox 1920 2587 3490 2654">
     <span class='ocr_line' id='line_1_71' title="bbox 1920 2587 3490 2654; baseline -0.001 -13"><span class='ocrx_word' id='word_1_499' title='bbox 1920 2587 2057 2642; x_wconf 82' lang='lat' dir='ltr'><strong>ciem</strong></span> <span class='ocrx_word' id='word_1_500' title='bbox 2098 2587 2380 2641; x_wconf 78' lang='lat' dir='ltr'><strong>ascivisset</strong></span> <span class='ocrx_word' id='word_1_501' title='bbox 2418 2606 2430 2641; x_wconf 93' lang='lat'><strong>:</strong></span> <span class='ocrx_word' id='word_1_502' title='bbox 2470 2589 2548 2642; x_wconf 86' lang='lat' dir='ltr'><strong>sic</strong></span> <span class='ocrx_word' id='word_1_503' title='bbox 2595 2589 2815 2641; x_wconf 88' lang='lat' dir='ltr'><strong>omnino</strong></span> <span class='ocrx_word' id='word_1_504' title='bbox 2859 2603 2945 2642; x_wconf 89' lang='lat' dir='ltr'><strong>res</strong></span> <span class='ocrx_word' id='word_1_505' title='bbox 2994 2587 3198 2641; x_wconf 84' lang='lat' dir='ltr'><strong>habuit.</strong></span> <span class='ocrx_word' id='word_1_506' title='bbox 3254 2587 3490 2654; x_wconf 85' lang='lat' dir='ltr'><strong>Atenim,</strong></span> 
     </span>
    </p>
   </div>
   <div class='ocr_carea' id='block_1_72' title="bbox 1892 2675 3493 2753">
    <p class='ocr_par' dir='ltr' id='par_1_72' title="bbox 1892 2675 3493 2753">
     <span class='ocr_line' id='line_1_72' title="bbox 1892 2675 3493 2753; baseline 0 -23"><span class='ocrx_word' id='word_1_507' title='bbox 1892 2678 2138 2746; x_wconf 83' lang='lat' dir='ltr'><strong>.pr0pior</strong></span> <span class='ocrx_word' id='word_1_508' title='bbox 2160 2676 2268 2743; x_wconf 91' lang='lat' dir='ltr'><strong>jam</strong></span> <span class='ocrx_word' id='word_1_509' title='bbox 2300 2688 2615 2745; x_wconf 88' lang='lat' dir='ltr'><strong>argmneuto</strong></span> <span class='ocrx_word' id='word_1_510' title='bbox 2641 2678 2834 2745; x_wconf 79' lang='lat' dir='ltr'><strong>factus,</strong></span> <span class='ocrx_word' id='word_1_511' title='bbox 2861 2688 3047 2753; x_wconf 77' lang='lat' dir='ltr'><strong>teneor</strong></span> <span class='ocrx_word' id='word_1_512' title='bbox 3074 2678 3148 2731; x_wconf 90' lang='lat' dir='ltr'><strong>rei</strong></span> <span class='ocrx_word' id='word_1_513' title='bbox 3182 2675 3493 2731; x_wconf 73' lang='lat' dir='ltr'><strong>diliicultate</strong></span> 
     </span>
    </p>
   </div>
   <div class='ocr_carea' id='block_1_73' title="bbox 1923 2767 3493 2838">
    <p class='ocr_par' dir='ltr' id='par_1_73' title="bbox 1923 2767 3493 2838">
     <span class='ocr_line' id='line_1_73' title="bbox 1923 2767 3493 2838; baseline 0.003 -20"><span class='ocrx_word' id='word_1_514' title='bbox 1923 2778 1981 2820; x_wconf 90' lang='lat' dir='ltr'><strong>ut</strong></span> <span class='ocrx_word' id='word_1_515' title='bbox 2014 2782 2081 2821; x_wconf 92' lang='lat' dir='ltr'><strong>ne</strong></span> <span class='ocrx_word' id='word_1_516' title='bbox 2112 2767 2318 2821; x_wconf 82' lang='lat' dir='ltr'><strong>valeam</strong></span> <span class='ocrx_word' id='word_1_517' title='bbox 2371 2768 2553 2836; x_wconf 82' lang='lat' dir='ltr'><strong>loqui;</strong></span> <span class='ocrx_word' id='word_1_518' title='bbox 2597 2783 2800 2838; x_wconf 88' lang='lat' dir='ltr'><strong>proque</strong></span> <span class='ocrx_word' id='word_1_519' title='bbox 2837 2768 3079 2823; x_wconf 87' lang='lat' dir='ltr'><strong>miraculi</strong></span> <span class='ocrx_word' id='word_1_520' title='bbox 3125 2768 3493 2836; x_wconf 80' lang='lat' dir='ltr'><strong>magnitudine</strong></span> 
     </span>
    </p>
   </div>
   <div class='ocr_carea' id='block_1_74' title="bbox 1922 2859 3489 2931">
    <p class='ocr_par' dir='ltr' id='par_1_74' title="bbox 1922 2859 3489 2931">
     <span class='ocr_line' id='line_1_74' title="bbox 1922 2859 3489 2931; baseline 0.003 -21"><span class='ocrx_word' id='word_1_521' title='bbox 1922 2859 2101 2911; x_wconf 87' lang='lat' dir='ltr'><strong>animo</strong></span> <span class='ocrx_word' id='word_1_522' title='bbox 2130 2859 2409 2927; x_wconf 90' lang='lat' dir='ltr'><strong>percellor,</strong></span> <span class='ocrx_word' id='word_1_523' title='bbox 2441 2862 2531 2929; x_wconf 86' lang='lat' dir='ltr'><strong>qui</strong></span> <span class='ocrx_word' id='word_1_524' title='bbox 2561 2876 2755 2915; x_wconf 90' lang='lat' dir='ltr'><strong>novum</strong></span> <span class='ocrx_word' id='word_1_525' title='bbox 2786 2875 2849 2915; x_wconf 89' lang='lat' dir='ltr'><strong>ac</strong></span> <span class='ocrx_word' id='word_1_526' title='bbox 2898 2860 3146 2915; x_wconf 90' lang='lat' dir='ltr'><strong>mirabile</strong></span> <span class='ocrx_word' id='word_1_527' title='bbox 3175 2860 3489 2931; x_wconf 82' lang='lat' dir='ltr'><strong>mysterium</strong></span> 
     </span>
    </p>
   </div>
   <div class='ocr_carea' id='block_1_75' title="bbox 1925 2947 3494 3020">
    <p class='ocr_par' dir='ltr' id='par_1_75' title="bbox 1925 2947 3494 3020">
     <span class='ocr_line' id='line_1_75' title="bbox 1925 2947 3494 3020; baseline 0.003 -20"><span class='ocrx_word' id='word_1_528' title='bbox 1925 2949 1974 3001; x_wconf 92' lang='lat' dir='ltr'><strong>iu</strong></span> <span class='ocrx_word' id='word_1_529' title='bbox 2010 2948 2171 3001; x_wconf 86' lang='lat' dir='ltr'><strong>terris</strong></span> <span class='ocrx_word' id='word_1_530' title='bbox 2196 2947 2402 3001; x_wconf 85' lang='lat' dir='ltr'><strong>videam</strong></span> <span class='ocrx_word' id='word_1_531' title='bbox 2435 2951 2824 3013; x_wconf 87' lang='lat' dir='ltr'><strong>consummari,</strong></span> <span class='ocrx_word' id='word_1_532' title='bbox 2860 2965 2923 3006; x_wconf 87' lang='lat' dir='ltr'><strong>ac</strong></span> <span class='ocrx_word' id='word_1_533' title='bbox 2965 2951 3107 3020; x_wconf 90' lang='lat' dir='ltr'><strong>quod</strong></span> <span class='ocrx_word' id='word_1_534' title='bbox 3144 2961 3269 3004; x_wconf 90' lang='lat' dir='ltr'><strong>ante</strong></span> <span class='ocrx_word' id='word_1_535' title='bbox 3297 2950 3494 3004; x_wconf 63' lang='lat' dir='ltr'><strong>saecula</strong></span> 
     </span>
    </p>
   </div>
   <div class='ocr_carea' id='block_1_76' title="bbox 1920 3041 3491 3109">
    <p class='ocr_par' dir='ltr' id='par_1_76' title="bbox 1920 3041 3491 3109">
     <span class='ocr_line' id='line_1_76' title="bbox 1920 3041 3491 3109; baseline 0.003 -18"><span class='ocrx_word' id='word_1_536' title='bbox 1920 3041 2097 3093; x_wconf 87' lang='lat' dir='ltr'><strong>omnia</strong></span> <span class='ocrx_word' id='word_1_537' title='bbox 2127 3056 2323 3096; x_wconf 87' lang='lat' dir='ltr'><strong>arcane</strong></span> <span class='ocrx_word' id='word_1_538' title='bbox 2349 3044 2669 3109; x_wconf 86' lang='lat' dir='ltr'><strong>promissum</strong></span> <span class='ocrx_word' id='word_1_539' title='bbox 2694 3052 2830 3107; x_wconf 89' lang='lat' dir='ltr'><strong>erat,</strong></span> <span class='ocrx_word' id='word_1_540' title='bbox 2854 3042 3145 3097; x_wconf 81' lang='lat' dir='ltr'><strong>salutarem</strong></span> <span class='ocrx_word' id='word_1_541' title='bbox 3169 3058 3309 3095; x_wconf 88' lang='lat' dir='ltr'><strong>nunc</strong></span> <span class='ocrx_word' id='word_1_542' title='bbox 3334 3042 3491 3096; x_wconf 83' lang='lat' dir='ltr'><strong>ﬁnem</strong></span> 
     </span>
    </p>
   </div>
   <div class='ocr_carea' id='block_1_77' title="bbox 1922 3128 3489 3202">
    <p class='ocr_par' dir='ltr' id='par_1_77' title="bbox 1922 3128 3489 3202">
     <span class='ocr_line' id='line_1_77' title="bbox 1922 3128 3489 3202; baseline 0.003 -21"><span class='ocrx_word' id='word_1_543' title='bbox 1922 3129 2166 3198; x_wconf 87' lang='lat' dir='ltr'><strong>adipisci.</strong></span> <span class='ocrx_word' id='word_1_544' title='bbox 2202 3128 2315 3184; x_wconf 81' lang='lat' dir='ltr'><strong>Hoc</strong></span> <span class='ocrx_word' id='word_1_545' title='bbox 2355 3131 2483 3185; x_wconf 92' lang='lat' dir='ltr'><strong>illud</strong></span> <span class='ocrx_word' id='word_1_546' title='bbox 2517 3142 2797 3202; x_wconf 90' lang='lat' dir='ltr'><strong>parentum</strong></span> <span class='ocrx_word' id='word_1_547' title='bbox 2830 3133 3063 3202; x_wconf 80' lang='lat' dir='ltr'><strong>Virginis</strong></span> <span class='ocrx_word' id='word_1_548' title='bbox 3101 3133 3434 3202; x_wconf 75' lang='lat' dir='ltr'><strong>privilegium</strong></span> <span class='ocrx_word' id='word_1_549' title='bbox 3472 3148 3489 3186; x_wconf 93' lang='lat'><strong>:</strong></span> 
     </span>
    </p>
   </div>
   <div class='ocr_carea' id='block_1_78' title="bbox 1924 3221 3494 3291">
    <p class='ocr_par' dir='ltr' id='par_1_78' title="bbox 1924 3221 3494 3291">
     <span class='ocr_line' id='line_1_78' title="bbox 1924 3221 3494 3291; baseline 0.002 -18"><span class='ocrx_word' id='word_1_550' title='bbox 1924 3222 2039 3274; x_wconf 71' lang='lat' dir='ltr'><strong>haec</strong></span> <span class='ocrx_word' id='word_1_551' title='bbox 2084 3221 2269 3285; x_wconf 91' lang='lat' dir='ltr'><strong>initia,</strong></span> <span class='ocrx_word' id='word_1_552' title='bbox 2313 3238 2528 3277; x_wconf 91' lang='lat' dir='ltr'><strong>omnem</strong></span> <span class='ocrx_word' id='word_1_553' title='bbox 2566 3238 2874 3278; x_wconf 89' lang='lat' dir='ltr'><strong>sermonum</strong></span> <span class='ocrx_word' id='word_1_554' title='bbox 2928 3224 3201 3279; x_wconf 88' lang='lat' dir='ltr'><strong>vincentia</strong></span> <span class='ocrx_word' id='word_1_555' title='bbox 3240 3224 3494 3291; x_wconf 88' lang='lat' dir='ltr'><strong>amplitu-</strong></span> 
     </span>
    </p>
   </div>
   <div class='ocr_carea' id='block_1_79' title="bbox 1922 3311 3494 3380">
    <p class='ocr_par' dir='ltr' id='par_1_79' title="bbox 1922 3311 3494 3380">
     <span class='ocr_line' id='line_1_79' title="bbox 1922 3311 3494 3380; baseline 0.004 -17"><span class='ocrx_word' id='word_1_556' title='bbox 1922 3311 2120 3366; x_wconf 86' lang='lat' dir='ltr'><strong>dinem.</strong></span> <span class='ocrx_word' id='word_1_557' title='bbox 2174 3313 2307 3369; x_wconf 91' lang='lat' dir='ltr'><strong>lluic</strong></span> <span class='ocrx_word' id='word_1_558' title='bbox 2354 3315 2565 3369; x_wconf 89' lang='lat' dir='ltr'><strong>animus</strong></span> <span class='ocrx_word' id='word_1_559' title='bbox 2618 3316 2925 3380; x_wconf 88' lang='lat' dir='ltr'><strong>intendens,</strong></span> <span class='ocrx_word' id='word_1_560' title='bbox 2979 3316 3079 3371; x_wconf 80' lang='lat' dir='ltr'><strong>nisi</strong></span> <span class='ocrx_word' id='word_1_561' title='bbox 3133 3326 3216 3371; x_wconf 88' lang='lat' dir='ltr'><strong>est</strong></span> <span class='ocrx_word' id='word_1_562' title='bbox 3268 3316 3494 3371; x_wconf 85' lang='lat' dir='ltr'><strong>debilior</strong></span> 
     </span>
    </p>
   </div>
   <div class='ocr_carea' id='block_1_80' title="bbox 1922 3401 3492 3476">
    <p class='ocr_par' dir='ltr' id='par_1_80' title="bbox 1922 3401 3492 3476">
     <span class='ocr_line' id='line_1_80' title="bbox 1922 3401 3492 3476; baseline 0.006 -23"><span class='ocrx_word' id='word_1_563' title='bbox 1922 3401 2167 3470; x_wconf 78' lang='lat' dir='ltr'><strong>ellectus,</strong></span> <span class='ocrx_word' id='word_1_564' title='bbox 2204 3418 2233 3456; x_wconf 88' lang='lat' dir='ltr'><strong>a</strong></span> <span class='ocrx_word' id='word_1_565' title='bbox 2265 3408 2496 3473; x_wconf 85' lang='lat' dir='ltr'><strong>propriis</strong></span> <span class='ocrx_word' id='word_1_566' title='bbox 2533 3408 2787 3462; x_wconf 79' lang='lat' dir='ltr'><strong>excessit.</strong></span> <span class='ocrx_word' id='word_1_567' title='bbox 2815 3407 3111 3463; x_wconf 89' lang='lat' dir='ltr'><strong>Considera</strong></span> <span class='ocrx_word' id='word_1_568' title='bbox 3138 3408 3304 3470; x_wconf 87' lang='lat' dir='ltr'><strong>enim,</strong></span> <span class='ocrx_word' id='word_1_569' title='bbox 3339 3406 3492 3476; x_wconf 88' lang='lat' dir='ltr'><strong>quis-</strong></span> 
     </span>
    </p>
   </div>
   <div class='ocr_carea' id='block_1_81' title="bbox 1921 3493 3493 3571">
    <p class='ocr_par' dir='ltr' id='par_1_81' title="bbox 1921 3493 3493 3571">
     <span class='ocr_line' id='line_1_81' title="bbox 1921 3493 3493 3571; baseline 0.008 -29"><span class='ocrx_word' id='word_1_570' title='bbox 1921 3495 2042 3560; x_wconf 91' lang='lat' dir='ltr'><strong>quis</strong></span> <span class='ocrx_word' id='word_1_571' title='bbox 2080 3508 2138 3549; x_wconf 88' lang='lat' dir='ltr'><strong>es</strong></span> <span class='ocrx_word' id='word_1_572' title='bbox 2174 3498 2263 3566; x_wconf 91' lang='lat' dir='ltr'><strong>qui</strong></span> <span class='ocrx_word' id='word_1_573' title='bbox 2302 3493 2419 3551; x_wconf 80' lang='lat' dir='ltr'><strong>ista‘</strong></span> <span class='ocrx_word' id='word_1_574' title='bbox 2435 3501 2717 3563; x_wconf 83' lang='lat' dir='ltr'><strong>scrutaris,</strong></span> <span class='ocrx_word' id='word_1_575' title='bbox 2750 3515 2911 3569; x_wconf 90' lang='lat' dir='ltr'><strong>quam</strong></span> <span class='ocrx_word' id='word_1_576' title='bbox 2948 3500 3072 3555; x_wconf 92' lang='lat' dir='ltr'><strong>inde</strong></span> <span class='ocrx_word' id='word_1_577' title='bbox 3108 3516 3357 3571; x_wconf 87' lang='lat' dir='ltr'><strong>magnum</strong></span> <span class='ocrx_word' id='word_1_578' title='bbox 3390 3501 3493 3555; x_wconf 82' lang='lat' dir='ltr'><strong>nti-</strong></span> 
     </span>
    </p>
   </div>
   <div class='ocr_carea' id='block_1_82' title="bbox 1923 3586 3488 3660">
    <p class='ocr_par' dir='ltr' id='par_1_82' title="bbox 1923 3586 3488 3660">
     <span class='ocr_line' id='line_1_82' title="bbox 1923 3586 3488 3660; baseline 0.006 -24"><span class='ocrx_word' id='word_1_579' title='bbox 1923 3586 2159 3638; x_wconf 85' lang='lat' dir='ltr'><strong>raculum</strong></span> <span class='ocrx_word' id='word_1_580' title='bbox 2199 3587 2388 3641; x_wconf 82' lang='lat' dir='ltr'><strong>eluxit.</strong></span> <span class='ocrx_word' id='word_1_581' title='bbox 2441 3589 2565 3643; x_wconf 87' lang='lat' dir='ltr'><strong>Sola</strong></span> <span class='ocrx_word' id='word_1_582' title='bbox 2616 3590 2946 3659; x_wconf 80' lang='lat' dir='ltr'><strong>benignitate</strong></span> <span class='ocrx_word' id='word_1_583' title='bbox 2994 3606 3023 3643; x_wconf 85' lang='lat' dir='ltr'><strong>a</strong></span> <span class='ocrx_word' id='word_1_584' title='bbox 3066 3591 3173 3645; x_wconf 91' lang='lat' dir='ltr'><strong>Deo</strong></span> <span class='ocrx_word' id='word_1_585' title='bbox 3209 3592 3383 3660; x_wconf 88' lang='lat' dir='ltr'><strong>plaste</strong></span> <span class='ocrx_word' id='word_1_586' title='bbox 3422 3606 3488 3645; x_wconf 78' lang='lat' dir='ltr'><strong>ex</strong></span> 
     </span>
    </p>
   </div>
   <div class='ocr_carea' id='block_1_83' title="bbox 1926 3676 3493 3750">
    <p class='ocr_par' dir='ltr' id='par_1_83' title="bbox 1926 3676 3493 3750">
     <span class='ocr_line' id='line_1_83' title="bbox 1926 3676 3493 3750; baseline 0.006 -23"><span class='ocrx_word' id='word_1_587' title='bbox 1926 3676 2091 3729; x_wconf 89' lang='lat' dir='ltr'><strong>nihilo</strong></span> <span class='ocrx_word' id='word_1_588' title='bbox 2122 3677 2370 3744; x_wconf 88' lang='lat' dir='ltr'><strong>producti</strong></span> <span class='ocrx_word' id='word_1_589' title='bbox 2418 3678 2694 3734; x_wconf 80' lang='lat' dir='ltr'><strong>fueramus</strong></span> <span class='ocrx_word' id='word_1_590' title='bbox 2723 3697 2736 3734; x_wconf 92' lang='lat'><strong>:</strong></span> <span class='ocrx_word' id='word_1_591' title='bbox 2766 3679 2976 3748; x_wconf 88' lang='lat' dir='ltr'><strong>jussum</strong></span> <span class='ocrx_word' id='word_1_592' title='bbox 3009 3689 3126 3734; x_wconf 88' lang='lat' dir='ltr'><strong>erat</strong></span> <span class='ocrx_word' id='word_1_593' title='bbox 3162 3682 3211 3733; x_wconf 92' lang='lat' dir='ltr'><strong>in</strong></span> <span class='ocrx_word' id='word_1_594' title='bbox 3239 3682 3493 3750; x_wconf 82' lang='lat' dir='ltr'><strong>Operibus</strong></span> 
     </span>
    </p>
   </div>
   <div class='ocr_carea' id='block_1_84' title="bbox 1923 3766 3492 3841">
    <p class='ocr_par' dir='ltr' id='par_1_84' title="bbox 1923 3766 3492 3841">
     <span class='ocr_line' id='line_1_84' title="bbox 1923 3766 3492 3841; baseline 0.004 -22"><span class='ocrx_word' id='word_1_595' title='bbox 1923 3766 2077 3820; x_wconf 90' lang='lat' dir='ltr'><strong>bouis</strong></span> <span class='ocrx_word' id='word_1_596' title='bbox 2113 3770 2417 3837; x_wconf 87' lang='lat' dir='ltr'><strong>paradisum</strong></span> <span class='ocrx_word' id='word_1_597' title='bbox 2451 3770 2630 3824; x_wconf 89' lang='lat' dir='ltr'><strong>colere</strong></span> <span class='ocrx_word' id='word_1_598' title='bbox 2658 3787 2671 3823; x_wconf 89' lang='lat'><strong>:</strong></span> <span class='ocrx_word' id='word_1_599' title='bbox 2698 3781 3023 3839; x_wconf 62' lang='lat' dir='ltr'><strong>praeceptum</strong></span> <span class='ocrx_word' id='word_1_600' title='bbox 3057 3770 3377 3841; x_wconf 88' lang='lat' dir='ltr'><strong>insipienter</strong></span> <span class='ocrx_word' id='word_1_601' title='bbox 3407 3787 3492 3827; x_wconf 85' lang='lat' dir='ltr'><strong>re-</strong></span> 
     </span>
    </p>
   </div>
   <div class='ocr_carea' id='block_1_85' title="bbox 1922 3856 3488 3928">
    <p class='ocr_par' dir='ltr' id='par_1_85' title="bbox 1922 3856 3488 3928">
     <span class='ocr_line' id='line_1_85' title="bbox 1922 3856 3488 3928; baseline 0.003 -19"><span class='ocrx_word' id='word_1_602' title='bbox 1922 3856 2198 3927; x_wconf 89' lang='lat' dir='ltr'><strong>pellentes,</strong></span> <span class='ocrx_word' id='word_1_603' title='bbox 2231 3868 2459 3913; x_wconf 88' lang='lat' dir='ltr'><strong>mortem</strong></span> <span class='ocrx_word' id='word_1_604' title='bbox 2501 3868 2685 3914; x_wconf 88' lang='lat' dir='ltr'><strong>nostra</strong></span> <span class='ocrx_word' id='word_1_605' title='bbox 2732 3859 2830 3928; x_wconf 90' lang='lat' dir='ltr'><strong>ipsi</strong></span> <span class='ocrx_word' id='word_1_606' title='bbox 2879 3859 3154 3913; x_wconf 90' lang='lat' dir='ltr'><strong>voluntate</strong></span> <span class='ocrx_word' id='word_1_607' title='bbox 3184 3869 3488 3913; x_wconf 71' lang='lat' dir='ltr'><strong>attraxera-</strong></span> 
     </span>
    </p>
   </div>
   <div class='ocr_carea' id='block_1_86' title="bbox 1924 3949 3489 4020">
    <p class='ocr_par' dir='ltr' id='par_1_86' title="bbox 1924 3949 3489 4020">
     <span class='ocr_line' id='line_1_86' title="bbox 1924 3949 3489 4020; baseline 0.003 -19"><span class='ocrx_word' id='word_1_608' title='bbox 1924 3962 2043 4002; x_wconf 92' lang='lat' dir='ltr'><strong>mus</strong></span> <span class='ocrx_word' id='word_1_609' title='bbox 2081 3971 2092 4003; x_wconf 90' lang='lat'>:</span> <span class='ocrx_word' id='word_1_610' title='bbox 2119 3949 2343 4004; x_wconf 84' lang='lat' dir='ltr'><strong>Creator</strong></span> <span class='ocrx_word' id='word_1_611' title='bbox 2370 3949 2675 4020; x_wconf 80' lang='lat' dir='ltr'><strong>libertatem</strong></span> <span class='ocrx_word' id='word_1_612' title='bbox 2705 3950 2975 4018; x_wconf 88' lang='lat' dir='ltr'><strong>pollicitus</strong></span> <span class='ocrx_word' id='word_1_613' title='bbox 3003 3961 3117 4015; x_wconf 90' lang='lat' dir='ltr'><strong>est;</strong></span> <span class='ocrx_word' id='word_1_614' title='bbox 3151 3961 3374 4019; x_wconf 90' lang='lat' dir='ltr'><strong>eratque</strong></span> <span class='ocrx_word' id='word_1_615' title='bbox 3404 3965 3489 4007; x_wconf 86' lang='lat' dir='ltr'><strong>res</strong></span> 
     </span>
    </p>
   </div>
   <div class='ocr_carea' id='block_1_87' title="bbox 1926 4037 3485 4114">
    <p class='ocr_par' dir='ltr' id='par_1_87' title="bbox 1926 4037 3485 4114">
     <span class='ocr_line' id='line_1_87' title="bbox 1926 4037 3485 4114; baseline 0.004 -24"><span class='ocrx_word' id='word_1_616' title='bbox 1926 4037 2125 4114; x_wconf 71' lang='lat' dir='ltr'><strong>futura,</strong></span> <span class='ocrx_word' id='word_1_617' title='bbox 2158 4055 2220 4093; x_wconf 85' lang='lat' dir='ltr'><strong>ac</strong></span> <span class='ocrx_word' id='word_1_618' title='bbox 2246 4049 2457 4108; x_wconf 89' lang='lat' dir='ltr'><strong>tempus</strong></span> <span class='ocrx_word' id='word_1_619' title='bbox 2488 4052 2581 4093; x_wconf 90' lang='lat' dir='ltr'><strong>eos</strong></span> <span class='ocrx_word' id='word_1_620' title='bbox 2627 4042 2925 4109; x_wconf 62' lang='lat' dir='ltr'><strong>qua&#39;rebat,</strong></span> <span class='ocrx_word' id='word_1_621' title='bbox 2960 4040 3050 4109; x_wconf 90' lang='lat' dir='ltr'><strong>qui</strong></span> <span class='ocrx_word' id='word_1_622' title='bbox 3083 4040 3256 4094; x_wconf 84' lang='lat' dir='ltr'><strong>idonei</strong></span> <span class='ocrx_word' id='word_1_623' title='bbox 3284 4051 3485 4096; x_wconf 88' lang='lat' dir='ltr'><strong>essent.</strong></span> 
     </span>
    </p>
   </div>
   <div class='ocr_carea' id='block_1_88' title="bbox 1921 4130 3485 4200">
    <p class='ocr_par' dir='ltr' id='par_1_88' title="bbox 1921 4130 3485 4200">
     <span class='ocr_line' id='line_1_88' title="bbox 1921 4130 3485 4200; baseline 0.001 -16"><span class='ocrx_word' id='word_1_624' title='bbox 1921 4130 2269 4185; x_wconf 60' lang='lat' dir='ltr'><strong>Praeteribant</strong></span> <span class='ocrx_word' id='word_1_625' title='bbox 2291 4138 2511 4196; x_wconf 63' lang='lat' dir='ltr'><strong>aetates;</strong></span> <span class='ocrx_word' id='word_1_626' title='bbox 2533 4131 2687 4200; x_wconf 86' lang='lat' dir='ltr'><strong>juges</strong></span> <span class='ocrx_word' id='word_1_627' title='bbox 2712 4130 3485 4200; x_wconf 66' lang='lat' dir='ltr'><strong>prophetiae-subjiciebautur;</strong></span> 
     </span>
    </p>
   </div>
   <div class='ocr_carea' id='block_1_89' title="bbox 1878 4209 3488 4296">
    <p class='ocr_par' dir='ltr' id='par_1_89' title="bbox 1878 4209 3488 4296">
     <span class='ocr_line' id='line_1_89' title="bbox 1878 4209 3488 4296; baseline 0 -18"><span class='ocrx_word' id='word_1_628' title='bbox 1878 4209 1894 4240; x_wconf 76' lang='grc'><strong>⁷</strong></span> <span class='ocrx_word' id='word_1_629' title='bbox 1924 4227 1974 4278; x_wconf 91' lang='lat' dir='ltr'><strong>in</strong></span> <span class='ocrx_word' id='word_1_630' title='bbox 2021 4241 2117 4296; x_wconf 85' lang='lat' dir='ltr'><strong>spe</strong></span> <span class='ocrx_word' id='word_1_631' title='bbox 2165 4234 2320 4279; x_wconf 87' lang='lat' dir='ltr'><strong>erant</strong></span> <span class='ocrx_word' id='word_1_632' title='bbox 2368 4226 2799 4294; x_wconf 85' lang='lat' dir='ltr'><strong>patriarcharum</strong></span> <span class='ocrx_word' id='word_1_633' title='bbox 2849 4224 3089 4279; x_wconf 89' lang='lat' dir='ltr'><strong>omnium</strong></span> <span class='ocrx_word' id='word_1_634' title='bbox 3128 4240 3191 4278; x_wconf 89' lang='lat' dir='ltr'><strong>ac</strong></span> <span class='ocrx_word' id='word_1_635' title='bbox 3218 4223 3488 4294; x_wconf 89' lang='lat' dir='ltr'><strong>justorum</strong></span> 
     </span>
    </p>
   </div>
   <div class='ocr_carea' id='block_1_90' title="bbox 1920 4307 3485 4385">
    <p class='ocr_par' dir='ltr' id='par_1_90' title="bbox 1920 4307 3485 4385">
     <span class='ocr_line' id='line_1_90' title="bbox 1920 4307 3485 4385; baseline -0.002 -15"><span class='ocrx_word' id='word_1_636' title='bbox 1920 4330 2007 4371; x_wconf 85' lang='lat' dir='ltr'><strong>res</strong></span> <span class='ocrx_word' id='word_1_637' title='bbox 2040 4307 2244 4385; x_wconf 72' lang='lat' dir='ltr'><strong>po&#39;sitm.</strong></span> <span class='ocrx_word' id='word_1_638' title='bbox 2292 4317 2566 4370; x_wconf 86' lang='lat' dir='ltr'><strong>Abraham</strong></span> <span class='ocrx_word' id='word_1_639' title='bbox 2604 4315 2953 4384; x_wconf 69' lang='lat' dir='ltr'><strong>praeterierat,</strong></span> <span class='ocrx_word' id='word_1_640' title='bbox 2995 4313 3220 4384; x_wconf 76' lang='lat' dir='ltr'><strong>ejusque</strong></span> <span class='ocrx_word' id='word_1_641' title='bbox 3254 4315 3485 4383; x_wconf 89' lang='lat' dir='ltr'><strong>posteri,</strong></span> 
     </span>
    </p>
   </div>
   <div class='ocr_carea' id='block_1_91' title="bbox 1919 4404 3487 4476">
    <p class='ocr_par' dir='ltr' id='par_1_91' title="bbox 1919 4404 3487 4476">
     <span class='ocr_line' id='line_1_91' title="bbox 1919 4404 3487 4476; baseline -0.005 -13"><span class='ocrx_word' id='word_1_642' title='bbox 1919 4423 2039 4463; x_wconf 90' lang='lat' dir='ltr'><strong>cum</strong></span> <span class='ocrx_word' id='word_1_643' title='bbox 2057 4407 2161 4461; x_wconf 90' lang='lat' dir='ltr'><strong>diei</strong></span> <span class='ocrx_word' id='word_1_644' title='bbox 2184 4406 2322 4462; x_wconf 87' lang='lat' dir='ltr'><strong>illius</strong></span> <span class='ocrx_word' id='word_1_645' title='bbox 2349 4415 2744 4459; x_wconf 86' lang='lat' dir='ltr'><strong>sacramentum</strong></span> <span class='ocrx_word' id='word_1_646' title='bbox 2777 4405 2827 4458; x_wconf 93' lang='lat' dir='ltr'><strong>iu</strong></span> <span class='ocrx_word' id='word_1_647' title='bbox 2852 4404 3098 4476; x_wconf 71' lang='lat' dir='ltr'><strong>symbolis</strong></span> <span class='ocrx_word' id='word_1_648' title='bbox 3123 4404 3487 4467; x_wconf 88' lang='lat' dir='ltr'><strong>didiscissent,</strong></span> 
     </span>
    </p>
   </div>
   <div class='ocr_carea' id='block_1_92' title="bbox 238 4495 1820 4587">
    <p class='ocr_par' dir='ltr' id='par_1_92' title="bbox 238 4495 1817 4584">
     <span class='ocr_line' id='line_1_92' title="bbox 238 4495 1817 4584; baseline -0.001 -26"><span class='ocrx_word' id='word_1_649' title='bbox 238 4504 590 4584; x_wconf 61' lang='grc' dir='ltr'>Παρετρεχον</span> <span class='ocrx_word' id='word_1_650' title='bbox 645 4504 700 4556; x_wconf 77' lang='grc' dir='ltr'>αἱ</span> <span class='ocrx_word' id='word_1_651' title='bbox 760 4504 977 4570; x_wconf 79' lang='grc' dir='ltr'>γενεαί·</span> <span class='ocrx_word' id='word_1_652' title='bbox 1044 4505 1100 4557; x_wconf 87' lang='grc' dir='ltr'><strong>αἰ</strong></span> <span class='ocrx_word' id='word_1_653' title='bbox 1166 4495 1497 4575; x_wconf 80' lang='grc' dir='ltr'>προφητεῖαι</span> <span class='ocrx_word' id='word_1_654' title='bbox 1574 4507 1817 4574; x_wconf 82' lang='grc' dir='ltr'>συνεχεῖς</span> 
     </span>
    </p>
   </div>
   <div class='ocr_carea' id='block_1_93' title="bbox 1920 4495 3484 4587">
    <p class='ocr_par' dir='ltr' id='par_1_93' title="bbox 1922 4495 3484 4567">
     <span class='ocr_line' id='line_1_93' title="bbox 1922 4495 3484 4567; baseline -0.002 -15"><span class='ocrx_word' id='word_1_655' title='bbox 1922 4508 2081 4567; x_wconf 89' lang='lat' dir='ltr'><strong>atque</strong></span> <span class='ocrx_word' id='word_1_656' title='bbox 2131 4498 2327 4552; x_wconf 88' lang='lat' dir='ltr'><strong>animis</strong></span> <span class='ocrx_word' id='word_1_657' title='bbox 2378 4498 2443 4549; x_wconf 90' lang='lat' dir='ltr'><strong>ad</strong></span> <span class='ocrx_word' id='word_1_658' title='bbox 2480 4495 2675 4550; x_wconf 72' lang='lat' dir='ltr'><strong>futura:</strong></span> <span class='ocrx_word' id='word_1_659' title='bbox 2733 4496 2810 4549; x_wconf 88' lang='lat' dir='ltr'><strong>rei</strong></span> <span class='ocrx_word' id='word_1_660' title='bbox 2852 4498 3125 4549; x_wconf 87' lang='lat' dir='ltr'><strong>’eventum</strong></span> <span class='ocrx_word' id='word_1_661' title='bbox 3192 4496 3484 4549; x_wconf 87' lang='lat' dir='ltr'><strong>inhiareut.</strong></span> 
     </span>
    </p>
   </div>
   <div class='ocr_carea' id='block_1_94' title="bbox 239 4585 1813 4664">
    <p class='ocr_par' dir='ltr' id='par_1_94' title="bbox 239 4585 1813 4664">
     <span class='ocr_line' id='line_1_94' title="bbox 239 4585 1813 4664; baseline -0.001 -17"><span class='ocrx_word' id='word_1_662' title='bbox 239 4593 639 4647; x_wconf 64' lang='grc' dir='ltr'>κατεϐάλλοεντο</span> <span class='ocrx_word' id='word_1_663' title='bbox 664 4609 677 4622; x_wconf 75' lang='grc' dir='ltr'><strong><em>ο</em></strong></span> <span class='ocrx_word' id='word_1_664' title='bbox 727 4594 784 4644; x_wconf 85' lang='grc' dir='ltr'>ὲν</span> <span class='ocrx_word' id='word_1_665' title='bbox 829 4592 1040 4645; x_wconf 81' lang='grc' dir='ltr'>ἐλπίσιν</span> <span class='ocrx_word' id='word_1_666' title='bbox 1094 4588 1161 4663; x_wconf 72' lang='grc' dir='ltr'>ἦν</span> <span class='ocrx_word' id='word_1_667' title='bbox 1190 4594 1255 4646; x_wconf 80' lang='grc' dir='ltr'>τὰ</span> <span class='ocrx_word' id='word_1_668' title='bbox 1286 4594 1395 4646; x_wconf 88' lang='grc' dir='ltr'><strong>τῶν</strong></span> <span class='ocrx_word' id='word_1_669' title='bbox 1422 4585 1813 4664; x_wconf 77' lang='grc' dir='ltr'>’πατριαρχῶν,</span> 
     </span>
    </p>
   </div>
   <div class='ocr_carea' id='block_1_95' title="bbox 236 4686 1815 4757">
    <p class='ocr_par' dir='ltr' id='par_1_95' title="bbox 236 4686 1815 4757">
     <span class='ocr_line' id='line_1_95' title="bbox 236 4686 1815 4757; baseline -0.003 -16"><span class='ocrx_word' id='word_1_670' title='bbox 236 4688 337 4741; x_wconf 72' lang='grc' dir='ltr'><strong>καὶ</strong></span> <span class='ocrx_word' id='word_1_671' title='bbox 368 4688 587 4739; x_wconf 65' lang='grc' dir='ltr'>πάντων</span> <span class='ocrx_word' id='word_1_672' title='bbox 617 4686 861 4740; x_wconf 83' lang='grc' dir='ltr'>δικαίων.</span> <span class='ocrx_word' id='word_1_673' title='bbox 931 4686 1183 4757; x_wconf 68' lang='grc' dir='ltr'>Ἀϐραὰμ</span> <span class='ocrx_word' id='word_1_674' title='bbox 1242 4686 1588 4756; x_wconf 82' lang='grc' dir='ltr'>παρέδραμε,</span> <span class='ocrx_word' id='word_1_675' title='bbox 1639 4686 1736 4740; x_wconf 77' lang='grc' dir='ltr'>καὶ</span> <span class='ocrx_word' id='word_1_676' title='bbox 1765 4686 1815 4738; x_wconf 84' lang='grc' dir='ltr'><strong>οί</strong></span> 
     </span>
    </p>
   </div>
   <div class='ocr_carea' id='block_1_96' title="bbox 243 4760 1810 4868">
    <p class='ocr_par' dir='ltr' id='par_1_96' title="bbox 243 4760 1810 4868">
     <span class='ocr_line' id='line_1_96' title="bbox 243 4760 1810 4868; baseline 0.001 -39"><span class='ocrx_word' id='word_1_677' title='bbox 243 4779 367 4868; x_wconf 46' lang='grc' dir='ltr'>μῖετ⁹</span> <span class='ocrx_word' id='word_1_678' title='bbox 400 4778 603 4831; x_wconf 77' lang='grc' dir='ltr'>ἐκεῖνον</span> <span class='ocrx_word' id='word_1_679' title='bbox 629 4780 685 4830; x_wconf 83' lang='grc' dir='ltr'>ὲν</span> <span class='ocrx_word' id='word_1_680' title='bbox 702 4760 1001 4846; x_wconf 63' lang='grc' dir='ltr'>’συμόολοις</span> <span class='ocrx_word' id='word_1_681' title='bbox 1030 4778 1097 4829; x_wconf 71' lang='grc' dir='ltr'><strong>τὰ</strong></span> <span class='ocrx_word' id='word_1_682' title='bbox 1118 4779 1218 4850; x_wconf 33' lang='grc' dir='ltr'>,τῆς</span> <span class='ocrx_word' id='word_1_683' title='bbox 1240 4777 1453 4847; x_wconf 81' lang='grc' dir='ltr'>ἡμέρας</span> <span class='ocrx_word' id='word_1_684' title='bbox 1489 4778 1810 4847; x_wconf 81' lang='grc' dir='ltr'>μυηθέντες,</span> 
     </span>
    </p>
   </div>
   <div class='ocr_carea' id='block_1_97' title="bbox 239 4866 1821 4937">
    <p class='ocr_par' dir='ltr' id='par_1_97' title="bbox 239 4866 1821 4937">
     <span class='ocr_line' id='line_1_97' title="bbox 239 4866 1821 4937; baseline 0 -16"><span class='ocrx_word' id='word_1_685' title='bbox 239 4866 343 4921; x_wconf 71' lang='grc' dir='ltr'><strong>καὶ</strong></span> <span class='ocrx_word' id='word_1_686' title='bbox 394 4868 529 4937; x_wconf 59' lang='lat'>1:96;</span> <span class='ocrx_word' id='word_1_687' title='bbox 576 4868 678 4937; x_wconf 79' lang='grc' dir='ltr'><strong>τὴν</strong></span> <span class='ocrx_word' id='word_1_688' title='bbox 732 4868 957 4919; x_wconf 79' lang='grc' dir='ltr'>ἔκϐασιν</span> <span class='ocrx_word' id='word_1_689' title='bbox 1006 4866 1097 4918; x_wconf 84' lang='grc' dir='ltr'>τοῦ</span> <span class='ocrx_word' id='word_1_690' title='bbox 1158 4867 1444 4934; x_wconf 71' lang='grc' dir='ltr'>μέλλοντος</span> <span class='ocrx_word' id='word_1_691' title='bbox 1499 4868 1821 4937; x_wconf 77' lang='grc' dir='ltr'>κεχηνότες.·</span> 
     </span>
    </p>
   </div>
   <div class='ocr_carea' id='block_1_98' title="bbox 238 4956 1812 5025">
    <p class='ocr_par' dir='ltr' id='par_1_98' title="bbox 238 4956 1812 5025">
     <span class='ocr_line' id='line_1_98' title="bbox 238 4956 1812 5025; baseline -0.002 -13"><span class='ocrx_word' id='word_1_692' title='bbox 238 4958 485 5025; x_wconf 74' lang='grc' dir='ltr'>Μωῦσῆς</span> <span class='ocrx_word' id='word_1_693' title='bbox 522 4960 550 5009; x_wconf 92' lang='lat'><strong>6</strong></span> <span class='ocrx_word' id='word_1_694' title='bbox 592 4957 879 5019; x_wconf 75' lang='grc' dir='ltr'>θεσπέσιος</span> <span class='ocrx_word' id='word_1_695' title='bbox 917 4956 1175 5025; x_wconf 68' lang='grc' dir='ltr'>ἐμφανῶς</span> <span class='ocrx_word' id='word_1_696' title='bbox 1205 4957 1285 5017; x_wconf 88' lang='grc' dir='ltr'><strong>εἰς</strong></span> <span class='ocrx_word' id='word_1_697' title='bbox 1314 4957 1440 5019; x_wconf 69' lang='grc' dir='ltr'>τοὺς</span> <span class='ocrx_word' id='word_1_698' title='bbox 1476 4957 1680 5018; x_wconf 77' lang='grc' dir='ltr'>τύπους</span> <span class='ocrx_word' id='word_1_699' title='bbox 1721 4957 1812 5009; x_wconf 77' lang='grc' dir='ltr'>τοῦ</span> 
     </span>
    </p>
   </div>
   <div class='ocr_carea' id='block_1_99' title="bbox 240 5046 1813 5129">
    <p class='ocr_par' dir='ltr' id='par_1_99' title="bbox 240 5046 1813 5129">
     <span class='ocr_line' id='line_1_99' title="bbox 240 5046 1813 5129; baseline 0.001 -30"><span class='ocrx_word' id='word_1_700' title='bbox 240 5048 549 5118; x_wconf 76' lang='grc' dir='ltr'>μυστηρίου</span> <span class='ocrx_word' id='word_1_701' title='bbox 581 5048 822 5125; x_wconf 77' lang='grc' dir='ltr'>θεωρῶν.</span> <span class='ocrx_word' id='word_1_702' title='bbox 857 5048 952 5101; x_wconf 69' lang='grc' dir='ltr'>καὶ</span> <span class='ocrx_word' id='word_1_703' title='bbox 985 5047 1054 5129; x_wconf 63' lang='grc' dir='ltr'>τάξ</span> <span class='ocrx_word' id='word_1_704' title='bbox 1082 5051 1185 5123; x_wconf 72' lang='grc' dir='ltr'>τῆς</span> <span class='ocrx_word' id='word_1_705' title='bbox 1212 5046 1475 5115; x_wconf 76' lang='grc' dir='ltr'>ἀληθείας</span> <span class='ocrx_word' id='word_1_706' title='bbox 1508 5048 1813 5110; x_wconf 80' lang='grc' dir='ltr'>κατανοῶν,</span> 
     </span>
    </p>
   </div>
   <div class='ocr_carea' id='block_1_100' title="bbox 236 5136 1814 5210">
    <p class='ocr_par' dir='ltr' id='par_1_100' title="bbox 236 5136 1814 5210">
     <span class='ocr_line' id='line_1_100' title="bbox 236 5136 1814 5210; baseline 0.001 -19"><span class='ocrx_word' id='word_1_707' title='bbox 236 5139 418 5191; x_wconf 66' lang='grc' dir='ltr'>ἐδόκει</span> <span class='ocrx_word' id='word_1_708' title='bbox 444 5140 578 5209; x_wconf 80' lang='grc' dir='ltr'>πρὸς</span> <span class='ocrx_word' id='word_1_709' title='bbox 603 5138 778 5210; x_wconf 81' lang='grc' dir='ltr'>ἐαυτῷ</span> <span class='ocrx_word' id='word_1_710' title='bbox 799 5139 1137 5209; x_wconf 73' lang='grc' dir='ltr'>πληροῦσθαι</span> <span class='ocrx_word' id='word_1_711' title='bbox 1164 5140 1230 5192; x_wconf 71' lang='grc' dir='ltr'>τὰ</span> <span class='ocrx_word' id='word_1_712' title='bbox 1254 5136 1685 5209; x_wconf 59' lang='grc' dir='ltr'>προὸῃῖούμενα.</span> <span class='ocrx_word' id='word_1_713' title='bbox 1728 5140 1814 5193; x_wconf 75' lang='grc' dir='ltr'><strong>ἶΕν</strong></span> 
     </span>
    </p>
   </div>
   <div class='ocr_carea' id='block_1_101' title="bbox 234 5231 1813 5301">
    <p class='ocr_par' dir='ltr' id='par_1_101' title="bbox 234 5231 1813 5301">
     <span class='ocr_line' id='line_1_101' title="bbox 234 5231 1813 5301; baseline 0.001 -19"><span class='ocrx_word' id='word_1_714' title='bbox 234 5233 311 5299; x_wconf 81' lang='grc' dir='ltr'>τῇ</span> <span class='ocrx_word' id='word_1_715' title='bbox 343 5232 535 5301; x_wconf 74' lang='grc' dir='ltr'>ἐρήμῳ</span> <span class='ocrx_word' id='word_1_716' title='bbox 560 5234 590 5299; x_wconf 82' lang='grc' dir='ltr'><strong>ἡ</strong></span> <span class='ocrx_word' id='word_1_717' title='bbox 616 5232 789 5295; x_wconf 77' lang='grc' dir='ltr'>ἐλπίς.</span> <span class='ocrx_word' id='word_1_718' title='bbox 833 5234 921 5286; x_wconf 77' lang='grc' dir='ltr'>Ἐν</span> <span class='ocrx_word' id='word_1_719' title='bbox 949 5236 1058 5295; x_wconf 86' lang='grc' dir='ltr'>τοῖς</span> <span class='ocrx_word' id='word_1_720' title='bbox 1085 5233 1195 5284; x_wconf 89' lang='grc' dir='ltr'><strong>τῶν</strong></span> <span class='ocrx_word' id='word_1_721' title='bbox 1226 5233 1429 5301; x_wconf 80' lang='grc' dir='ltr'>κριτῶν</span> <span class='ocrx_word' id='word_1_722' title='bbox 1459 5231 1813 5300; x_wconf 79' lang='grc' dir='ltr'>δημαγωγοῖς</span> 
     </span>
    </p>
   </div>
   <div class='ocr_carea' id='block_1_102' title="bbox 234 5321 1811 5393">
    <p class='ocr_par' dir='ltr' id='par_1_102' title="bbox 234 5321 1811 5393">
     <span class='ocr_line' id='line_1_102' title="bbox 234 5321 1811 5393; baseline 0.001 -21"><span class='ocrx_word' id='word_1_723' title='bbox 234 5326 275 5391; x_wconf 79' lang='grc' dir='ltr'>ἡ</span> <span class='ocrx_word' id='word_1_724' title='bbox 311 5322 627 5390; x_wconf 74' lang='grc' dir='ltr'>προσδοκία.</span> <span class='ocrx_word' id='word_1_725' title='bbox 678 5323 931 5393; x_wconf 76' lang='grc' dir='ltr'>Σαμουὴλ</span> <span class='ocrx_word' id='word_1_726' title='bbox 966 5323 1385 5393; x_wconf 75' lang='grc' dir='ltr'>ἐχρηματίζετο.</span> <span class='ocrx_word' id='word_1_727' title='bbox 1434 5321 1597 5374; x_wconf 73' lang='grc' dir='ltr'>Δαϐὶδ</span> <span class='ocrx_word' id='word_1_728' title='bbox 1649 5324 1811 5389; x_wconf 72' lang='grc' dir='ltr'>ἐγγυς</span> 
     </span>
    </p>
   </div>
   <div class='ocr_carea' id='block_1_103' title="bbox 233 5399 1811 5484">
    <p class='ocr_par' dir='ltr' id='par_1_103' title="bbox 233 5399 1811 5484">
     <span class='ocr_line' id='line_1_103' title="bbox 233 5399 1811 5484; baseline 0 -19"><span class='ocrx_word' id='word_1_729' title='bbox 233 5410 341 5482; x_wconf 78' lang='grc' dir='ltr'><strong>τὴν</strong></span> <span class='ocrx_word' id='word_1_730' title='bbox 374 5413 583 5484; x_wconf 71' lang='grc' dir='ltr'>ἡμέραν</span> <span class='ocrx_word' id='word_1_731' title='bbox 606 5414 924 5482; x_wconf 83' lang='grc' dir='ltr'>ἁναφωνῶν,</span> <span class='ocrx_word' id='word_1_732' title='bbox 957 5417 1060 5467; x_wconf 83' lang='grc' dir='ltr'><strong>ἀπε</strong></span> <span class='ocrx_word' id='word_1_733' title='bbox 1073 5415 1338 5484; x_wconf 71' lang='grc' dir='ltr'>μάκρυνε.</span> <span class='ocrx_word' id='word_1_734' title='bbox 1362 5413 1481 5466; x_wconf 86' lang='grc' dir='ltr'>Τῶν</span> <span class='ocrx_word' id='word_1_735' title='bbox 1509 5399 1811 5483; x_wconf 54' lang='grc' dir='ltr'>προφητῶν</span> 
     </span>
    </p>
   </div>
   <div class='ocr_carea' id='block_1_104' title="bbox 231 5484 1807 5577">
    <p class='ocr_par' dir='ltr' id='par_1_104' title="bbox 231 5484 1807 5577">
     <span class='ocr_line' id='line_1_104' title="bbox 231 5484 1807 5577; baseline 0.001 -21"><span class='ocrx_word' id='word_1_736' title='bbox 231 5504 269 5556; x_wconf 85' lang='lat'><strong>6</strong></span> <span class='ocrx_word' id='word_1_737' title='bbox 304 5503 458 5573; x_wconf 79' lang='grc' dir='ltr'>χορὸς</span> <span class='ocrx_word' id='word_1_738' title='bbox 502 5503 838 5577; x_wconf 79' lang='grc' dir='ltr'>διαπρυσίως</span> <span class='ocrx_word' id='word_1_739' title='bbox 878 5484 1166 5577; x_wconf 45' lang='grc' dir='ltr'>ὲκήρθττεθ,</span> <span class='ocrx_word' id='word_1_740' title='bbox 1203 5504 1295 5558; x_wconf 76' lang='grc' dir='ltr'><strong>καὶ</strong></span> <span class='ocrx_word' id='word_1_741' title='bbox 1325 5505 1417 5557; x_wconf 72' lang='grc' dir='ltr'>ἐπὶ</span> <span class='ocrx_word' id='word_1_742' title='bbox 1446 5504 1638 5573; x_wconf 84' lang='grc' dir='ltr'>θύραις</span> <span class='ocrx_word' id='word_1_743' title='bbox 1671 5501 1807 5557; x_wconf 79' lang='grc' dir='ltr'>εἶναι</span> 
     </span>
    </p>
   </div>
   <div class='ocr_carea' id='block_1_105' title="bbox 317 5634 1807 5713">
    <p class='ocr_par' dir='ltr' id='par_1_105' title="bbox 317 5634 1807 5713">
     <span class='ocr_line' id='line_1_105' title="bbox 317 5634 1807 5713; baseline 0.007 -22"><span class='ocrx_word' id='word_1_744' title='bbox 317 5634 430 5713; x_wconf 60' lang='lat'><strong>1&#39;20)</strong></span> <span class='ocrx_word' id='word_1_745' title='bbox 610 5641 796 5695; x_wconf 78' lang='lat' dir='ltr'><strong>iisdem</strong></span> <span class='ocrx_word' id='word_1_746' title='bbox 855 5644 957 5713; x_wconf 81' lang='lat' dir='ltr'><strong>orti</strong></span> <span class='ocrx_word' id='word_1_747' title='bbox 1002 5644 1310 5713; x_wconf 69' lang='lat' dir='ltr'><strong>majoribus.</strong></span> <span class='ocrx_word' id='word_1_748' title='bbox 1354 5646 1511 5713; x_wconf 82' lang='lat' dir='ltr'><strong>Atqui</strong></span> <span class='ocrx_word' id='word_1_749' title='bbox 1554 5646 1690 5700; x_wconf 73' lang='lat' dir='ltr'><strong>alter</strong></span> <span class='ocrx_word' id='word_1_750' title='bbox 1743 5660 1807 5701; x_wconf 72' lang='lat' dir='ltr'><strong>ex</strong></span> 
     </span>
    </p>
   </div>
   <div class='ocr_carea' id='block_1_106' title="bbox 237 5708 1813 5776">
    <p class='ocr_par' dir='ltr' id='par_1_106' title="bbox 237 5708 1813 5776">
     <span class='ocr_line' id='line_1_106' title="bbox 237 5708 1813 5776; baseline 0.008 -17"><span class='ocrx_word' id='word_1_751' title='bbox 237 5708 392 5776; x_wconf 82' lang='lat' dir='ltr'><strong>regia</strong></span> <span class='ocrx_word' id='word_1_752' title='bbox 437 5708 577 5763; x_wconf 80' lang='lat' dir='ltr'><strong>tribu</strong></span> <span class='ocrx_word' id='word_1_753' title='bbox 638 5721 789 5775; x_wconf 87' lang='lat' dir='ltr'><strong>erat,</strong></span> <span class='ocrx_word' id='word_1_754' title='bbox 839 5712 975 5766; x_wconf 79' lang='lat' dir='ltr'><strong>alter</strong></span> <span class='ocrx_word' id='word_1_755' title='bbox 1024 5708 1099 5766; x_wconf 36' lang='lat' dir='ltr'><strong>ex’</strong></span> <span class='ocrx_word' id='word_1_756' title='bbox 1140 5708 1496 5775; x_wconf 82' lang='lat' dir='ltr'><strong>sacerdotali,</strong></span> <span class='ocrx_word' id='word_1_757' title='bbox 1540 5728 1595 5768; x_wconf 90' lang='lat' dir='ltr'><strong>ut</strong></span> <span class='ocrx_word' id='word_1_758' title='bbox 1652 5716 1813 5771; x_wconf 81' lang='lat' dir='ltr'><strong>habet</strong></span> 
     </span>
    </p>
   </div>
   <div class='ocr_carea' id='block_1_107' title="bbox 238 5778 1807 5853">
    <p class='ocr_par' dir='ltr' id='par_1_107' title="bbox 238 5778 1807 5853">
     <span class='ocr_line' id='line_1_107' title="bbox 238 5778 1807 5853; baseline 0.006 -21"><span class='ocrx_word' id='word_1_759' title='bbox 238 5778 511 5846; x_wconf 83' lang='lat' dir='ltr'><strong>reccptior</strong></span> <span class='ocrx_word' id='word_1_760' title='bbox 564 5780 808 5838; x_wconf 86' lang='lat' dir='ltr'><strong>historia.</strong></span> <span class='ocrx_word' id='word_1_761' title='bbox 855 5783 1019 5838; x_wconf 83' lang='lat' dir='ltr'><strong>Erant</strong></span> <span class='ocrx_word' id='word_1_762' title='bbox 1055 5784 1214 5842; x_wconf 79' lang='lat' dir='ltr'><strong>iidem</strong></span> <span class='ocrx_word' id='word_1_763' title='bbox 1256 5786 1605 5842; x_wconf 87' lang='lat' dir='ltr'><strong>nihilominus</strong></span> <span class='ocrx_word' id='word_1_764' title='bbox 1646 5786 1807 5853; x_wconf 66' lang='grc' dir='ltr'>ιιιηξοο</span> 
     </span>
    </p>
   </div>
   <div class='ocr_carea' id='block_1_108' title="bbox 1927 4588 3482 4664">
    <p class='ocr_par' dir='ltr' id='par_1_108' title="bbox 1927 4588 3482 4664">
     <span class='ocr_line' id='line_1_108' title="bbox 1927 4588 3482 4664; baseline -0.002 -18"><span class='ocrx_word' id='word_1_765' title='bbox 1927 4592 2131 4664; x_wconf 82' lang='lat' dir='ltr'><strong>Moyses</strong></span> <span class='ocrx_word' id='word_1_766' title='bbox 2161 4592 2249 4664; x_wconf 80' lang='lat' dir='ltr'><strong>ille</strong></span> <span class='ocrx_word' id='word_1_767' title='bbox 2282 4589 2611 4645; x_wconf 82' lang='lat' dir='ltr'><strong>admirabilis</strong></span> <span class='ocrx_word' id='word_1_768' title='bbox 2636 4590 2688 4643; x_wconf 90' lang='lat' dir='ltr'><strong>in</strong></span> <span class='ocrx_word' id='word_1_769' title='bbox 2728 4588 2966 4660; x_wconf 77' lang='lat' dir='ltr'><strong>mysterii</strong></span> <span class='ocrx_word' id='word_1_770' title='bbox 3009 4588 3208 4658; x_wconf 73' lang='lat' dir='ltr'><strong>figuras</strong></span> <span class='ocrx_word' id='word_1_771' title='bbox 3239 4588 3482 4657; x_wconf 88' lang='lat' dir='ltr'><strong>intuens,</strong></span> 
     </span>
    </p>
   </div>
   <div class='ocr_carea' id='block_1_109' title="bbox 1922 4660 3486 4748">
    <p class='ocr_par' dir='ltr' id='par_1_109' title="bbox 1922 4660 3486 4748">
     <span class='ocr_line' id='line_1_109' title="bbox 1922 4660 3486 4748; baseline -0.003 -11"><span class='ocrx_word' id='word_1_772' title='bbox 1922 4699 1985 4737; x_wconf 89' lang='lat' dir='ltr'><strong>ac</strong></span> <span class='ocrx_word' id='word_1_773' title='bbox 2012 4660 2313 4736; x_wconf 25' lang='lat' dir='ltr'><strong>iveritaiem</strong></span> <span class='ocrx_word' id='word_1_774' title='bbox 2370 4680 2733 4748; x_wconf 88' lang='lat' dir='ltr'><strong>perspiciens,</strong></span> <span class='ocrx_word' id='word_1_775' title='bbox 2790 4680 2927 4747; x_wconf 87' lang='lat' dir='ltr'><strong>apud</strong></span> <span class='ocrx_word' id='word_1_776' title='bbox 2964 4693 3057 4743; x_wconf 85' lang='lat' dir='ltr'><strong>se,</strong></span> <span class='ocrx_word' id='word_1_777' title='bbox 3098 4694 3162 4733; x_wconf 89' lang='lat' dir='ltr'><strong>ac</strong></span> <span class='ocrx_word' id='word_1_778' title='bbox 3194 4688 3351 4732; x_wconf 64' lang='lat' dir='ltr'><strong>relate</strong></span> <span class='ocrx_word' id='word_1_779' title='bbox 3390 4695 3486 4734; x_wconf 89' lang='lat' dir='ltr'><strong>sua</strong></span> 
     </span>
    </p>
   </div>
   <div class='ocr_carea' id='block_1_110' title="bbox 1924 4771 3483 4844">
    <p class='ocr_par' dir='ltr' id='par_1_110' title="bbox 1924 4771 3483 4844">
     <span class='ocr_line' id='line_1_110' title="bbox 1924 4771 3483 4844; baseline -0.004 -15"><span class='ocrx_word' id='word_1_780' title='bbox 1924 4775 2193 4844; x_wconf 88' lang='lat' dir='ltr'><strong>impletum</strong></span> <span class='ocrx_word' id='word_1_781' title='bbox 2230 4772 2293 4826; x_wconf 94' lang='lat' dir='ltr'><strong>iri</strong></span> <span class='ocrx_word' id='word_1_782' title='bbox 2323 4772 2703 4826; x_wconf 77' lang='lat' dir='ltr'><strong>existimabat:</strong></span> <span class='ocrx_word' id='word_1_783' title='bbox 2748 4780 2863 4825; x_wconf 89' lang='lat' dir='ltr'><strong>erat</strong></span> <span class='ocrx_word' id='word_1_784' title='bbox 2898 4786 3019 4841; x_wconf 86' lang='lat' dir='ltr'><strong>spes</strong></span> <span class='ocrx_word' id='word_1_785' title='bbox 3050 4771 3102 4825; x_wconf 92' lang='lat' dir='ltr'><strong>iu</strong></span> <span class='ocrx_word' id='word_1_786' title='bbox 3146 4772 3360 4826; x_wconf 76' lang='lat' dir='ltr'><strong>deserto</strong></span> <span class='ocrx_word' id='word_1_787' title='bbox 3389 4789 3403 4825; x_wconf 90' lang='lat'><strong><em>:</em></strong></span> <span class='ocrx_word' id='word_1_788' title='bbox 3432 4772 3483 4824; x_wconf 93' lang='lat' dir='ltr'><strong>in</strong></span> 
     </span>
    </p>
   </div>
   <div class='ocr_carea' id='block_1_111' title="bbox 1912 4863 3485 4939">
    <p class='ocr_par' dir='ltr' id='par_1_111' title="bbox 1912 4863 3485 4939">
     <span class='ocr_line' id='line_1_111' title="bbox 1912 4863 3485 4939; baseline -0.003 -17"><span class='ocrx_word' id='word_1_789' title='bbox 1912 4869 2183 4939; x_wconf 78' lang='lat' dir='ltr'><strong>judieibns</strong></span> <span class='ocrx_word' id='word_1_790' title='bbox 2233 4866 2411 4935; x_wconf 91' lang='lat' dir='ltr'><strong>populi</strong></span> <span class='ocrx_word' id='word_1_791' title='bbox 2460 4866 2763 4921; x_wconf 87' lang='lat' dir='ltr'><strong>rectoribus</strong></span> <span class='ocrx_word' id='word_1_792' title='bbox 2819 4866 3151 4934; x_wconf 70' lang='lat' dir='ltr'><strong>exspectatio</strong></span> <span class='ocrx_word' id='word_1_793' title='bbox 3192 4881 3206 4918; x_wconf 90' lang='lat'><strong>:</strong></span> <span class='ocrx_word' id='word_1_794' title='bbox 3268 4863 3485 4918; x_wconf 86' lang='lat' dir='ltr'><strong>Samuel</strong></span> 
     </span>
    </p>
   </div>
   <div class='ocr_carea' id='block_1_112' title="bbox 1916 4953 3485 5025">
    <p class='ocr_par' dir='ltr' id='par_1_112' title="bbox 1916 4953 3485 5025">
     <span class='ocr_line' id='line_1_112' title="bbox 1916 4953 3485 5025; baseline -0.003 -14"><span class='ocrx_word' id='word_1_795' title='bbox 1916 4973 2228 5025; x_wconf 86' lang='lat' dir='ltr'><strong>responsum</strong></span> <span class='ocrx_word' id='word_1_796' title='bbox 2275 4957 2615 5025; x_wconf 75' lang='lat' dir='ltr'><strong>accipiebat.-</strong></span> <span class='ocrx_word' id='word_1_797' title='bbox 2652 4956 2815 5008; x_wconf 81' lang='lat' dir='ltr'><strong>David</strong></span> <span class='ocrx_word' id='word_1_798' title='bbox 2850 4956 3198 5024; x_wconf 87' lang='lat' dir='ltr'><strong>propinquam</strong></span> <span class='ocrx_word' id='word_1_799' title='bbox 3247 4953 3485 5008; x_wconf 85' lang='lat' dir='ltr'><strong>clamans</strong></span> 
     </span>
    </p>
   </div>
   <div class='ocr_carea' id='block_1_113' title="bbox 1916 5046 3484 5115">
    <p class='ocr_par' dir='ltr' id='par_1_113' title="bbox 1916 5046 3484 5115">
     <span class='ocr_line' id='line_1_113' title="bbox 1916 5046 3484 5115; baseline -0.001 -14"><span class='ocrx_word' id='word_1_800' title='bbox 1916 5050 2089 5111; x_wconf 86' lang='lat' dir='ltr'><strong>diem,</strong></span> <span class='ocrx_word' id='word_1_801' title='bbox 2140 5049 2353 5115; x_wconf 81' lang='lat' dir='ltr'><strong>longius</strong></span> <span class='ocrx_word' id='word_1_802' title='bbox 2407 5048 2803 5101; x_wconf 80' lang='lat' dir='ltr'><strong>submovebat:</strong></span> <span class='ocrx_word' id='word_1_803' title='bbox 2862 5048 3240 5115; x_wconf 86' lang='lat' dir='ltr'><strong>prophetarum</strong></span> <span class='ocrx_word' id='word_1_804' title='bbox 3287 5046 3484 5099; x_wconf 90' lang='lat' dir='ltr'><strong>chorus</strong></span> 
     </span>
    </p>
   </div>
   <div class='ocr_carea' id='block_1_114' title="bbox 1918 5136 3482 5208">
    <p class='ocr_par' dir='ltr' id='par_1_114' title="bbox 1918 5136 3482 5208">
     <span class='ocr_line' id='line_1_114' title="bbox 1918 5136 3482 5208; baseline -0.003 -15"><span class='ocrx_word' id='word_1_805' title='bbox 1918 5140 2059 5193; x_wconf 81' lang='lat' dir='ltr'><strong>clara</strong></span> <span class='ocrx_word' id='word_1_806' title='bbox 2088 5136 2416 5208; x_wconf 64' lang='lat' dir='ltr'><strong>praedicabat</strong></span> <span class='ocrx_word' id='word_1_807' title='bbox 2455 5152 2697 5201; x_wconf 64' lang='lat' dir='ltr'><strong>vo«-c,4ac</strong></span> <span class='ocrx_word' id='word_1_808' title='bbox 2723 5136 2997 5191; x_wconf 89' lang='lat' dir='ltr'><strong>Christum</strong></span> <span class='ocrx_word' id='word_1_809' title='bbox 3031 5151 3194 5204; x_wconf 87' lang='lat' dir='ltr'><strong>prope</strong></span> <span class='ocrx_word' id='word_1_810' title='bbox 3230 5137 3282 5190; x_wconf 91' lang='lat' dir='ltr'><strong>in</strong></span> <span class='ocrx_word' id='word_1_811' title='bbox 3305 5136 3482 5204; x_wconf 83' lang='lat' dir='ltr'><strong>jauuis</strong></span> 
     </span>
    </p>
   </div>
   <div class='ocr_carea' id='block_1_115' title="bbox 1917 5230 3479 5298">
    <p class='ocr_par' dir='ltr' id='par_1_115' title="bbox 1917 5230 3479 5298">
     <span class='ocr_line' id='line_1_115' title="bbox 1917 5230 3479 5298; baseline -0.002 -14"><span class='ocrx_word' id='word_1_812' title='bbox 1917 5232 2289 5284; x_wconf 86' lang='lat' dir='ltr'><strong>annuntiabat.</strong></span> <span class='ocrx_word' id='word_1_813' title='bbox 2308 5230 2573 5284; x_wconf 73' lang='lat' dir='ltr'><strong>Cmterum</strong></span> <span class='ocrx_word' id='word_1_814' title='bbox 2594 5245 2783 5284; x_wconf 78' lang='lat' dir='ltr'><strong>omnes</strong></span> <span class='ocrx_word' id='word_1_815' title='bbox 2802 5245 2894 5298; x_wconf 90' lang='lat' dir='ltr'><strong>spe</strong></span> <span class='ocrx_word' id='word_1_816' title='bbox 2920 5230 3180 5290; x_wconf 81' lang='lat' dir='ltr'><strong>frustrati,</strong></span> <span class='ocrx_word' id='word_1_817' title='bbox 3200 5230 3479 5292; x_wconf 83' lang='lat' dir='ltr'><strong>abierunt;</strong></span> 
     </span>
    </p>
   </div>
   <div class='ocr_carea' id='block_1_116' title="bbox 1915 5318 3480 5389">
    <p class='ocr_par' dir='ltr' id='par_1_116' title="bbox 1915 5318 3480 5389">
     <span class='ocr_line' id='line_1_116' title="bbox 1915 5318 3480 5389; baseline 0 -17"><span class='ocrx_word' id='word_1_818' title='bbox 1915 5325 2055 5389; x_wconf 88' lang='lat' dir='ltr'><strong>quod</strong></span> <span class='ocrx_word' id='word_1_819' title='bbox 2098 5322 2349 5374; x_wconf 88' lang='lat' dir='ltr'><strong>nimirum</strong></span> <span class='ocrx_word' id='word_1_820' title='bbox 2391 5329 2603 5387; x_wconf 88' lang='lat' dir='ltr'><strong>tempus</strong></span> <span class='ocrx_word' id='word_1_821' title='bbox 2633 5318 2885 5373; x_wconf 82' lang='lat' dir='ltr'><strong>deﬁceret</strong></span> <span class='ocrx_word' id='word_1_822' title='bbox 2916 5334 3036 5373; x_wconf 87' lang='lat' dir='ltr'><strong>cum</strong></span> <span class='ocrx_word' id='word_1_823' title='bbox 3086 5320 3150 5372; x_wconf 88' lang='lat' dir='ltr'><strong>iis</strong></span> <span class='ocrx_word' id='word_1_824' title='bbox 3204 5318 3293 5387; x_wconf 89' lang='lat' dir='ltr'><strong>qui</strong></span> <span class='ocrx_word' id='word_1_825' title='bbox 3336 5319 3480 5388; x_wconf 82' lang='lat' dir='ltr'><strong>tligui</strong></span> 
     </span>
    </p>
   </div>
   <div class='ocr_carea' id='block_1_117' title="bbox 1913 5411 3483 5481">
    <p class='ocr_par' dir='ltr' id='par_1_117' title="bbox 1913 5411 3483 5481">
     <span class='ocr_line' id='line_1_117' title="bbox 1913 5411 3483 5481; baseline -0.002 -16"><span class='ocrx_word' id='word_1_826' title='bbox 1913 5423 2087 5465; x_wconf 87' lang='lat' dir='ltr'><strong>erant.</strong></span> <span class='ocrx_word' id='word_1_827' title='bbox 2123 5411 2288 5467; x_wconf 87' lang='lat' dir='ltr'><strong>Porro</strong></span> <span class='ocrx_word' id='word_1_828' title='bbox 2323 5412 2526 5465; x_wconf 78' lang='lat' dir='ltr'><strong>invenit</strong></span> <span class='ocrx_word' id='word_1_829' title='bbox 2550 5412 2651 5467; x_wconf 87' lang='lat' dir='ltr'><strong>sibi</strong></span> <span class='ocrx_word' id='word_1_830' title='bbox 2680 5427 2947 5481; x_wconf 87' lang='lat' dir='ltr'><strong>congruos</strong></span> <span class='ocrx_word' id='word_1_831' title='bbox 2977 5411 3161 5464; x_wconf 86' lang='lat' dir='ltr'><strong>iisdem</strong></span> <span class='ocrx_word' id='word_1_832' title='bbox 3194 5422 3483 5479; x_wconf 84' lang='lat' dir='ltr'><strong>prognatos</strong></span> 
     </span>
    </p>
   </div>
   <div class='ocr_carea' id='block_1_118' title="bbox 1914 5502 3480 5574">
    <p class='ocr_par' dir='ltr' id='par_1_118' title="bbox 1914 5502 3480 5574">
     <span class='ocr_line' id='line_1_118' title="bbox 1914 5502 3480 5574; baseline -0.004 -16"><span class='ocrx_word' id='word_1_833' title='bbox 1914 5504 2208 5572; x_wconf 89' lang='lat' dir='ltr'><strong>majoribus</strong></span> <span class='ocrx_word' id='word_1_834' title='bbox 2235 5504 2369 5574; x_wconf 66' lang='grc' dir='ltr'><strong>(ΞΟ).</strong></span> <span class='ocrx_word' id='word_1_835' title='bbox 2423 5513 2582 5573; x_wconf 83' lang='lat' dir='ltr'><strong>atque</strong></span> <span class='ocrx_word' id='word_1_836' title='bbox 2622 5505 2673 5557; x_wconf 90' lang='lat' dir='ltr'><strong>in</strong></span> <span class='ocrx_word' id='word_1_837' title='bbox 2737 5519 2857 5558; x_wconf 90' lang='lat' dir='ltr'><strong>eum</strong></span> <span class='ocrx_word' id='word_1_838' title='bbox 2907 5502 3063 5555; x_wconf 83' lang='lat' dir='ltr'><strong>linem</strong></span> <span class='ocrx_word' id='word_1_839' title='bbox 3112 5516 3138 5553; x_wconf 91' lang='lat' dir='ltr'><strong>a</strong></span> <span class='ocrx_word' id='word_1_840' title='bbox 3179 5515 3356 5555; x_wconf 91' lang='lat' dir='ltr'><strong>rerum</strong></span> <span class='ocrx_word' id='word_1_841' title='bbox 3389 5516 3480 5553; x_wconf 86' lang='lat' dir='ltr'><strong>att-</strong></span> 
     </span>
    </p>
   </div>
   <div class='ocr_carea' id='block_1_119' title="bbox 1920 5641 3477 5715">
    <p class='ocr_par' dir='ltr' id='par_1_119' title="bbox 1920 5641 3477 5715">
     <span class='ocr_line' id='line_1_119' title="bbox 1920 5641 3477 5715; baseline -0.003 -17"><span class='ocrx_word' id='word_1_842' title='bbox 1920 5661 2027 5709; x_wconf 88' lang='lat' dir='ltr'><strong>rcs,</strong></span> <span class='ocrx_word' id='word_1_843' title='bbox 2064 5660 2127 5701; x_wconf 87' lang='lat' dir='ltr'><strong>ac</strong></span> <span class='ocrx_word' id='word_1_844' title='bbox 2152 5645 2456 5715; x_wconf 64' lang='lat' dir='ltr'><strong>conjuncta:</strong></span> <span class='ocrx_word' id='word_1_845' title='bbox 2498 5645 2746 5707; x_wconf 67' lang='lat' dir='ltr'><strong>familiae,</strong></span> <span class='ocrx_word' id='word_1_846' title='bbox 2780 5658 2843 5698; x_wconf 90' lang='lat' dir='ltr'><strong>eo</strong></span> <span class='ocrx_word' id='word_1_847' title='bbox 2872 5644 3012 5713; x_wconf 89' lang='lat' dir='ltr'><strong>quod</strong></span> <span class='ocrx_word' id='word_1_848' title='bbox 3046 5644 3216 5698; x_wconf 89' lang='lat' dir='ltr'><strong>tribus</strong></span> <span class='ocrx_word' id='word_1_849' title='bbox 3257 5641 3398 5713; x_wconf 78' lang='lat' dir='ltr'><strong>regia</strong></span> <span class='ocrx_word' id='word_1_850' title='bbox 3428 5650 3477 5694; x_wconf 79' lang='lat' dir='ltr'><strong>et</strong></span> 
     </span>
    </p>
   </div>
   <div class='ocr_carea' id='block_1_120' title="bbox 1918 5715 3185 5785">
    <p class='ocr_par' dir='ltr' id='par_1_120' title="bbox 1918 5715 3185 5785">
     <span class='ocr_line' id='line_1_120' title="bbox 1918 5715 3185 5785; baseline -0.004 -13"><span class='ocrx_word' id='word_1_851' title='bbox 1918 5716 2268 5772; x_wconf 73' lang='lat' dir='ltr'><strong>sacerdOtalis</strong></span> <span class='ocrx_word' id='word_1_852' title='bbox 2297 5715 2405 5781; x_wconf 87' lang='lat' dir='ltr'><strong>iam</strong></span> <span class='ocrx_word' id='word_1_853' title='bbox 2433 5716 2558 5773; x_wconf 89' lang='lat' dir='ltr'><strong>olint</strong></span> <span class='ocrx_word' id='word_1_854' title='bbox 2590 5715 2836 5785; x_wconf 90' lang='lat' dir='ltr'><strong>conjugia</strong></span> <span class='ocrx_word' id='word_1_855' title='bbox 2877 5715 3185 5771; x_wconf 87' lang='lat' dir='ltr'><strong>miscerent.</strong></span> 
     </span>
    </p>
   </div>
  </div>
