4166 6440
705 339 728 400 ι
744 336 838 400 ίΟἹ

1829 329 2147 392 GEORGII
2190 326 2787 387 NICOMEDIENSIS

3850 325 3985 388 uos

700 459 852 503 ctore
881 451 1096 514 paratos
1119 461 1132 511 ;
1158 441 1419 507 Joachim,
1451 439 1691 510 inquam,
1723 456 1785 496 ac
1812 442 2057 507 Annam;
2088 453 2276 509 paren-

2387 436 2480 491 τὺν
2524 435 2761 507 Χριστὸν
2815 432 3148 505 κατεμήνυε.
3203 434 3414 497 Πάντες
3459 433 3573 488 τῶν
3603 432 3987 489 ἐλπισθέντων

704 550 787 592 tes
816 536 953 604 ejus,
982 549 1100 604 quae
1126 532 1541 604 promissionum
1573 531 1694 586 linis
1728 531 2066 586 conciliatrix
2106 528 2267 583 l'oret.

704 626 795 692 Hi,
850 627 1024 697 prima
1074 626 1141 677 ad
1189 637 1322 692 opus
1378 629 1811 693 prmstruxerunt
1861 619 2271 690 prmdictionum

645 740 648 789 ς
705 720 905 774 initia:
948 718 1023 782 hi,
1073 724 1505 785 exspectatorum
1558 713 1794 768 radicem
1855 710 2266 779 germinaruut:

648 836 655 857 :
705 810 796 874 hi,
850 807 1241 879 promissorum
1295 803 1704 858 fundamentum
1757 802 2045 871 iecerunt:
2088 815 2151 856 ex
2191 800 2276 855 his

703 898 858 951 nobis
914 898 1137 951 emersit
1194 894 1445 949 sanitatis
1506 894 1857 962 myrotheca:
1900 904 1963 943 ex
2007 890 2125 954 bis,
2156 898 2273 942 orta

702 986 903 1057 prodiit
930 986 1125 1039 laatitia:
1148 984 1488 1038 conciliatrix
1517 1000 1530 1036 :
1557 998 1621 1037 cx
1648 984 1753 1045 his,
1780 980 2074 1048 praeierunt
2093 977 2269 1048 gaudii

706 1076 953 1146 pignora.
1002 1072 1065 1126 lli
1098 1074 1276 1142 itaque
1305 1074 1372 1126 ob
1416 1072 1768 1149 excellentem
1801 1067 2078 1131 virtutem,
2111 1080 2273 1133 supra

704 1182 893 1224 omnes
930 1166 1043 1221 noti
1093 1165 1229 1220 ﬁunt
1269 1164 1378 1218 Deo
1410 1161 1686 1227 Creatori;
1723 1169 1782 1214 ut
1814 1160 1905 1228 qui
1946 1158 2177 1228 praesciti
2212 1171 2276 1211 ac

704 1260 952 1315 destinati
1006 1259 1059 1314 in
1116 1255 1495 1327 mysteriorum
1548 1253 1855 1308 divinorum
1915 1248 2277 1304 ministerium

703 1359 879 1408 erant.
912 1348 1271 1416 Quamobrem
1304 1346 1446 1400 viam
1478 1358 1695 1401 omnem
1720 1341 2098 1397 mandatorum
2133 1340 2281 1395 ince-

705 1443 912 1506 dentes,
947 1440 1012 1493 ad
1042 1452 1311 1493 summum
1343 1442 1634 1491 evaserunt
1666 1432 2017 1502 perfectionis
2050 1431 2278 1499 apicem,

704 1533 912 1601 solique
946 1545 1007 1584 ea
1055 1538 1184 1584 sunt
1226 1528 1501 1582 consecuti
1530 1565 1544 1586 .
1575 1538 1693 1594 quae
1738 1539 1767 1577 a
1807 1522 2005 1578 sarculo
2063 1520 2279 1589 plurimi

703 1625 1007 1693 cupierunt.
1071 1620 1384 1689 Quanquam
1444 1617 1587 1671 enim
1643 1630 1931 1671 commune
2005 1614 2280 1668 hominum

705 1729 875 1784 genus
906 1712 1154 1767 etl'ectum
1198 1719 1280 1764 est
1315 1707 1584 1777 particeps
1614 1747 1629 1773 ,
1665 1706 1723 1760 bi
1776 1716 1954 1759 tamen
1982 1705 2179 1758 eximia
2220 1716 2283 1757 ac

2375 526 2746 594 ἀποτυχόντες
2791 524 3132 594 ἀπέδραμον,
3181 525 3482 596 ἐπειδήπερ
3538 526 3571 579 ὁ
3626 524 3835 595 χρόνος
3893 526 3986 578 σὺν

2374 619 2487 681 τοῖς
2516 616 2692 681 ἀξίοις
2734 616 3137 687 ἀπελίμπανεν.
3186 608 3331 687 Εὗρε
3358 615 3425 687 δὴ
3455 618 3585 680 τοὺς
3631 617 3890 678 οἰκείους
3927 618 3989 670 ἑκ

2374 708 2484 761 τῶν
2509 706 2691 759 αὐτῶν
2721 706 3085 779 ὡρμημένους
3104 748 3120 773 ,
3147 706 3243 759 καὶ
3283 706 3417 777 πρὸς
3446 704 3613 758 τοῦτο
3639 705 3725 774 τῷ
3759 705 3979 776 κτίστῃ

2376 798 2881 869 εὐτρεπισμένους·
2946 799 3204 868 Ἰωακείμ
3248 816 3395 869 φημι
3428 800 3529 854 καὶ
3582 803 3803 867 ’ᾼνναν
3858 804 3987 865 τοὺς

2376 888 2475 958 τὴν
2497 890 2676 942 αἰτίαν
2705 890 2799 942 τοῦ
2828 889 3016 953 τέλους
3044 889 3156 943 τῶν
3187 891 3541 961 μηνυθέντων
3571 893 3983 955 ἀποτεκόντας.

2378 974 2539 1033 Οὗτοι
2584 980 2655 1033 τὰ
2698 980 2811 1033 τῶν
2860 982 3223 1052 προρρήσεων
3262 984 3342 1046 εἱς
3368 982 3532 1053 ἔργον
3605 984 3987 1038 κατεϐἀλοντο

2379 1072 2675 1142 προοίμια·
2742 1066 2888 1126 οὗτοι
2948 1074 3059 1125 τῶν
3114 1075 3609 1143 προσδοκηθέντων
3662 1076 3773 1144 τὴν
3827 1077 3985 1147 ῥίζαν

2380 1162 2722 1231 ὲᾶλάστησαν
2742 1180 2756 1193 ·
2784 1156 2933 1217 οὗτοι
2962 1164 3073 1217 τῶν
3100 1165 3553 1234 ἑπηγγελθέντων
3588 1168 3685 1221 τὸν
3726 1169 3984 1238 θεμέλιον

2381 1251 2729 1321 κατέπηξανο
2778 1253 2845 1307 ὲκ
2890 1252 3098 1307 τούτων
3128 1256 3262 1324 ἡμῖν
3310 1258 3344 1326 ἠ
3378 1257 3480 1325 τῆς
3512 1258 3777 1326 ίατρείας
3816 1277 3986 1328 μυρο-

2382 1343 2524 1412 θήκη
2574 1346 2991 1417 κατεσκευάσθη
3013 1361 3027 1375 ⁸
3075 1349 3140 1399 ὲκ
3170 1348 3382 1401 τούτων
3424 1350 3457 1419 ή
3494 1348 3601 1420 τῆς
3630 1351 3989 1420 εὐφροσύνης

2382 1435 2719 1487 ἀνατέταλκε
2771 1435 3074 1508 πρόξενοςο
3136 1438 3203 1490 ἐκ
3253 1438 3461 1491 τούτων
3520 1440 3592 1493 τὰ
3638 1441 3749 1509 τῆς
3814 1446 3989 1510 χαρᾶς

2383 1525 2830 1596 προωδοποίησεν
2870 1527 3127 1598 ἐνέχυρα.
3163 1520 3325 1581 Οὗτοι
3369 1529 3553 1583 τοίνυν
3588 1531 3663 1584 δι’
3702 1532 3987 1600 ὑπερϐάλ-

2383 1610 2580 1666 λουσαν
2636 1614 2863 1684 ἀρετὴν,
2914 1616 3067 1685 παρὰ
3102 1618 3315 1681 πάντας
3343 1619 3624 1689 γνώριμοι
3651 1620 3736 1690 τῷ
3776 1623 3985 1692 κτίστῃ

2386 1703 2767 1767 καθίστανται,
2807 1705 2987 1759 καίτοι
3038 1708 3485 1776 προγνωσθὼτες
3529 1712 3631 1763 καὶ
3662 1711 3989 1781 δρισθέντες

706 1781 959 1868 peculiari
996 1798 1151 1852 laude
1187 1794 1749 1851 claruerunt.Etenim
1785 1794 1876 1862 qui
1909 1807 1999 1848 res
2020 1794 2276 1846 maximas

2390 1795 2471 1856 εἰς
2510 1793 2671 1848 θείων
2717 1797 3035 1865 μυστηρίων
3073 1798 3440 1869 λειτουργίαν.
3496 1801 3595 1854 Διὸ
3638 1806 3840 1856 πᾶσαν
3878 1804 3988 1857 ὁδὸν

704 1903 930 1962 gerunt,
966 1892 1221 1962 majorem
1259 1889 1327 1943 ab
1378 1890 1455 1943 eis
1508 1888 1776 1956 recipiunt
1810 1885 2059 1955 gloriam,
2116 1899 2277 1953 quam

703 1996 932 2051 quorum
970 1981 1071 2033 illa:
1099 1994 1265 2034 causa
1311 1986 1570 2047 geruntur
1601 1997 1616 2033 :
1648 1984 1903 2045 tantoque
1939 1977 1991 2031 id
2023 1976 2273 2045 amplius,

703 2082 908 2141 quanto
957 2073 1212 2126 facinoris
1268 2070 1608 2126 necessitudo
1649 2070 1884 2133 maxima
1918 2076 2274 2123 monstratur.

704 2163 805 2219 llic
833 2171 1011 2218 autem
1039 2163 1172 2217 nihil
1203 2163 1431 2216 vicinius
1463 2177 1526 2216 ac
1557 2170 1841 2229 cognatum
1882 2160 2055 2230 magis
2087 2159 2278 2212 existi-

706 2255 838 2308 mari
863 2263 1044 2324 queat,
1074 2254 1156 2311 iis.
1184 2269 1303 2323 qua:
1329 2254 1608 2322 patrandis
1642 2251 1978 2306 mirabilibus
2016 2252 2068 2303 in
2098 2248 2275 2303 media

704 2354 975 2415 assumpta
1026 2342 1265 2399 luerunt.
1322 2343 1436 2398 Sibi
1473 2343 1669 2412 quippe
1719 2342 1951 2397 Verbum
1988 2355 2057 2394 ex
2084 2354 2275 2395 eorum

704 2450 883 2490 massa
942 2434 1341 2489 tabernaculum
1386 2447 1703 2498 exstruens,
1757 2448 1821 2487 ex
1872 2433 2058 2487 eodem
2099 2431 2277 2485 altiori

703 2539 866 2593 supra
899 2525 1231 2579 intellectum
1263 2523 1495 2587 ratione,
1525 2524 1772 2577 humanas
1810 2530 2016 2575 natum
2043 2534 2275 2575 massam

704 2617 1019 2685 assumpsit,
1074 2630 1267 2670 novam
1320 2629 1574 2685 prorsus,
1608 2628 1728 2669 cum
1757 2613 2025 2667 actionem
2063 2612 2278 2681 dispen-

703 2724 855 2773 sans,
892 2720 1002 2763 tum
1028 2710 1294 2778 cogitatus
1320 2710 1619 2762 inventum.

2382 1884 2601 1954 ἐντολῆς
2637 1883 2977 1954 βαδίσαντες,
3018 1888 3155 1957 πρὸς
3194 1889 3474 1960 ακρότητα
3506 1898 3607 1961 της
3636 1894 3987 1963 τελειότητος

2380 1976 2757 2046 κατήντησαν,
2811 1978 2905 2029 καὶ
2958 1978 3110 2047 μόκοι
3158 1981 3269 2031 τῶν
3320 1981 3598 2045 ’τλείσῑοις
3659 1983 3721 2049 εξ
3791 1985 3987 2048 αἰῶνος

2379 2062 2840 2133 ἐπιθυμουμένων
2889 2064 3175 2135 ἐπέτυχον.
3241 2067 3304 2118 Εἰ
3368 2067 3477 2136 γὰρ
3532 2069 3633 2121 καὶ
3689 2070 3755 2121 τὸ
3812 2069 3988 2122 κοινὸν

2379 2156 2559 2208 αὐτῶν
2584 2158 2686 2223 της
2727 2157 2945 2224 φύσεως
2983 2158 3331 2228 μετείληφεν,
3358 2160 3474 2213 ἀλλ’
3518 2161 3819 2231 ἐξαίρετον
3846 2158 3988 2217 οὗτοι

2377 2245 2439 2298 τὸ
2465 2245 2620 2308 κλέος
2640 2247 2963 2315 ἠνέγκαντο.
2996 2250 3105 2302 Καὶ
3132 2250 3241 2320 γὰρ
3269 2250 3319 2303 δι
3346 2245 3433 2305 ’ὧν
3457 2254 3525 2306 τά
3560 2254 3813 2323 μέγιστα
3849 2272 3986 2309 κατ·

2380 2334 2668 2407 ορθοῦνται
2714 2337 2820 2392 τῶν
2881 2340 3250 2410 πραγμάτων,
3300 2344 3456 2396 aii-sl.
3507 2346 3746 2413 μείζονα
3782 2347 3899 2399 τῶν
3927 2347 3990 2399 δι’

2382 2426 2477 2487 οὓς
2539 2427 2880 2490 τελειοῦται.
2932 2431 3030 2501 τὴν
3088 2432 3247 2497 δόξςν
3335 2435 3495 2503 ἱλῆφέ
3530 2454 3581 2489 ηι.
3687 2439 3792 2490 καὶ
3849 2442 3991 2507 τόσῳ

2387 2517 2611 2587 μᾶλλον,
2634 2522 2758 2571 οσον
2801 2518 2863 2572 τὸ
2911 2521 3351 2591 κατορθούμενον
3385 2526 3447 2578 τὸ
3498 2529 3857 2584 οἰκειότατον
3904 2530 3990 2581 ὲν-

2383 2608 2677 2664 δείκνυται.
2724 2610 2989 2667 Ἐνταῦθα
3018 2612 3073 2665 δὲ
3110 2614 3212 2666 οὐκ
3249 2613 3316 2667 ἂν
3348 2614 3522 2685 [.llaz.
3558 2620 3674 2670 oga‘
3706 2619 3825 2690 ἂν]
3859 2622 3990 2672 ὑπο-

2387 2699 2647 2769 πτευθείη
2675 2701 2778 2771 ⁸τὴν
2826 2702 3105 2771 ἐγγύτητα
3152 2704 3317 2758 πλέον
3353 2708 3683 2777 φερόμενον,
3719 2711 3843 2761 τῶν
3893 2711 3991 2762 ὅσα

702 2803 814 2861 τοῖς
849 2801 1172 2871 παραδόξοις
1205 2800 1312 2852 τῶν
1376 2800 1671 2871 δρωμένων
1739 2799 1875 2870 πρὸς
1920 2797 2200 2869 μεσιτείαν
2258 2794 2649 2865 παρείληπται.
2709 2794 2816 2849 Τοῦ
2864 2794 2974 2865 γὰρ
3030 2797 3212 2850 αὒτῶν
3281 2800 3605 2871 φυράματος
3646 2803 3842 2871 ἑαυτῷ
3876 2803 3973 2874 τὴν

706 2892 911 2962 σκηνὴν
939 2894 966 2944 ὁ
997 2893 1168 2959 Λόγος
1201 2892 1550 2963 δειμάμενος,
1576 2897 1641 2946 ἐκ
1668 2893 1871 2962 ταύτης
1894 2891 2037 2961 ὑπὲρ
2099 2888 2225 2943 νοῦν
2252 2889 2315 2943 τὸ
2352 2887 2696 2960 ἀνθρώπινον
2734 2887 2926 2957 εἴληφε
2977 2888 3227 2961 φύραμα,
3260 2890 3421 2961 ξένην
3461 2893 3640 2964 πάντη
3711 2895 3990 2947 διοικονιο.

706 2986 976 3059 μούμενος
1000 2988 1091 3040 καὶ
1116 2988 1316 3058 πρᾶξιν
1342 2990 1435 3041 καὶ
1464 2989 1667 3059 νόησιν.

777 3080 867 3135 Sic
893 3082 1092 3148 itaque,
1118 3082 1363 3149 hancque
1387 3083 1436 3133 in
1467 3081 1705 3143 modum,
1732 3094 1851 3148 quas
1878 3079 2133 3148 praclara
2161 3094 2284 3149 ges-

2460 3076 2617 3129 Οῦτω
2648 3076 2768 3146 μὲν,
2800 3078 2943 3131 οὕτω
2973 3077 3041 3130 τὰ
3068 3079 3174 3130 τῶν
3207 3078 3391 3130 καλῶν
3419 3077 3760 3142 διανύοντες,
3806 3083 3983 3134 ἀπαι-

707 3171 928 3232 sisseut,
969 3172 1274 3225 sterilitatis
1309 3173 1521 3225 ratione
1548 3171 1916 3234 declarantur,
1945 3186 2008 3225 ac
2034 3172 2276 3226 orbitatis

2382 3166 2471 3236 δίᾳ
2513 3167 2686 3219 ταῦτα
2738 3168 3217 3237 καταμηνύονταιο
3256 3171 3350 3223 καὶ
3399 3171 3751 3241 στειρώσεως
3808 3175 3978 3243 νοσή-

708 3263 934 3327 morbo,
965 3262 1172 3315 occulta
1200 3278 1384 3315 eorum
1419 3263 1633 3316 virtutis
1676 3270 1964 3330 augmenta
1997 3261 2281 3329 publican-

708 3362 818 3406 tur.
855 3351 987 3405 Cum
1027 3355 1169 3405 enim
1216 3352 1467 3420 legitima:
1495 3353 1933 3414 consuetudines.
1978 3354 2282 3405 numerosi-

709 3453 819 3497 tate
858 3444 1022 3511 prolis
1058 3444 1309 3512 pietatem
1347 3444 1739 3505 decernerent,
1769 3454 2086 3511 certumque
2117 3443 2281 3497 bene—

708 3534 962 3588 dictionis
996 3544 1395 3601 argnmentutn,
1434 3543 1642 3587 natura:
1672 3534 1972 3588 ubertatem
1999 3533 2279 3599 haberent,

708 3640 776 3680 ex
807 3640 870 3680 ea
899 3626 1109 3680 abunde
1138 3627 1433 3680 hostiarum
1462 3626 1949 3694 acceptabilitatem
1993 3626 2061 3679 ad
2105 3627 2283 3695 propi-

711 3719 986 3771 tiatiuucm
1030 3720 1361 3773 censebant:
1406 3718 1568 3788 idque
1612 3719 1805 3787 opinor
1860 3717 2002 3772 haud
2046 3718 2219 3772 aliene
2251 3732 2281 3771 a

712 3810 919 3862 ratione
954 3809 1085 3876 (2l),
1115 3820 1273 3863 autve
1299 3808 1641 3862 olferentium
1672 3823 1869 3861 crassa;
1899 3808 2066 3861 menti
2103 3807 2281 3863 minus

708 3913 962 3969 congrue.
1008 3898 1141 3963 Quia
1191 3901 1334 3954 enim
1368 3899 1487 3968 ejus
1528 3900 1625 3952 aevi
1674 3898 1921 3953 homines
1958 3898 2281 3952 addictiores

708 3993 1020 4059 corporeis,
1057 4001 1343 4059 augmento
1381 3993 1582 4047 carnali
1638 3992 1775 4046 bona
1822 3990 1988 4044 animi
2021 4001 2281 4061 contege-

711 4084 861 4148 bant,
891 4098 951 4137 ac
982 4084 1292 4137 nberiorum
1320 4085 1710 4139 charismatum
1765 4082 2001 4152 Spiritus
2037 4083 2275 4151 hospites

709 4183 885 4237 erant,
911 4189 975 4228 ex
1003 4176 1067 4227 iis
1096 4185 1344 4242 acceptas
1366 4176 1610 4229 victimas
1635 4188 1700 4228 ac
1727 4184 1854 4227 vota
1879 4172 2276 4242 conjectabant.

709 4264 844 4320 Cum
875 4280 1003 4334 ergo
1033 4266 1124 4334 qui
1154 4268 1357 4320 umbra:
1386 4266 1760 4321 deserviebant
1792 4265 1866 4318 ita
1900 4264 2137 4319 moribus
2164 4275 2277 4319 sta-

712 4366 880 4409 tutum
917 4358 1196 4422 haberent,
1224 4357 1400 4411 oblata
1432 4372 1460 4410 a
1480 4357 1645 4426 justis
1674 4358 1836 4421 dona,
1867 4370 1933 4412 eo
1961 4359 2102 4425 quod
2130 4358 2280 4426 prole

710 4456 981 4509 carerent,
1026 4463 1131 4501 non
1179 4448 1543 4511 admiserunt;
1580 4447 1914 4517 illegitimum
1946 4448 2276 4502 arbitrantes

712 4538 847 4589 utin
881 4538 962 4591 cis
1013 4538 1271 4591 hactenus
1299 4538 1630 4591 obtinentem
1681 4550 1743 4590 ac
1790 4543 2057 4590 servatam
2102 4537 2275 4608 legum

707 4628 1066 4682 Stabilitatem
1095 4628 1481 4682 convellerent.

786 4716 979 4772 Verum
1025 4734 1129 4772 non
1152 4719 1327 4771 desint
1354 4719 1441 4786 qui
1474 4720 1594 4773 inde
1636 4720 1991 4787 quaestionem
2025 4720 2275 4775 studeant

713 4824 945 4876 movere,
986 4825 1050 4864 ac
1098 4810 1282 4863 dicant
1312 4827 1326 4862 :
1355 4809 1630 4879 Siquidem
1678 4811 1743 4863 ad
1781 4814 1883 4865 hoc
1925 4812 2080 4864 electi
2124 4823 2277 4867 erant

709 4899 1030 4952 castissima:
1076 4898 1307 4969 Virginis
1334 4910 1615 4968 parentes,
1652 4916 1908 4969 quorsum
1941 4902 2022 4955 eis
2045 4902 2109 4955 ad
2153 4903 2278 4958 illud

712 5005 881 5055 usque
911 5000 1122 5059 tempus
1146 4992 1363 5046 occlusa
1397 5001 1711 5045 manserunt
1740 4990 2086 5045 fecunditatis
2119 4994 2277 5055 dona,

712 5080 1105 5153 plurimamque
1151 5091 1364 5135 aetatem
1409 5083 1555 5151 prole
1587 5093 1834 5138 carentes
1862 5096 2119 5154 egerunt;
2157 5101 2276 5137 cum

715 5183 971 5243 praeterea
1003 5183 1144 5228 esset
1178 5174 1618 5242 praedestinatum
1650 5183 1707 5229 ut
1741 5176 1983 5245 mysterii
2018 5176 2278 5230 exhibitio

785 5296 895 5365 (ει)
930 5295 1085 5349 "and
1129 5297 1297 5349 aliene
1331 5315 1360 5348 (ι
1396 5308 1618 5351 ratione.
1659 5297 1909 5351 Doctrina
1954 5300 2068 5353 haec
2102 5300 2277 5354 minus

711 5382 1008 5421 consonare
1043 5369 1286 5419 videatur
1323 5368 1479 5421 dictis
1503 5383 1531 5420 a
1562 5367 1796 5430 Georgio
1829 5369 1971 5421 inter
2000 5370 2275 5437 explicau-

714 5440 837 5490 dam
858 5437 1133 5488 historiam
1154 5446 1353 5489 sanctae
1370 5437 1631 5501 Mariae,nt
1647 5439 1890 5492 dicebam
1918 5440 2095 5496 modo.
2121 5442 2276 5492 milti-

714 5522 818 5574 que
847 5508 1090 5559 nonnihil
1127 5509 1298 5559 reddit
1333 5521 1660 5573 suspectati),
1702 5508 1897 5561 Leonis
1926 5510 2104 5561 Allatii
2141 5526 2273 5563 cou-

713 5578 1003 5643 jectnram.
1054 5592 1119 5629 ac
1150 5578 1579 5631 lldt'llICOtllt'Um
1622 5581 1668 5631 ei
1710 5580 2154 5643 inscribentimu,
2188 5581 2275 5646 qui

721 5647 879 5697 sciant
939 5647 1365 5713 antiquariorum
1419 5648 1730 5700 facilitatem
1793 5650 2129 5715 pret'ligetttlis
2186 5658 2276 5701 aut

720 5716 1035 5784 ampliaudis
1064 5718 1251 5782 titulis,
1279 5718 1473 5786 unique
1498 5732 1647 5772 certo
1674 5734 1735 5771 ac
1770 5717 2043 5773 fantosiori
2069 5720 2271 5773 .lUClUl'l

2385 3276 2517 3329 ματι
2540 3259 2609 3311 τὰ
2634 3260 2732 3328 τῆς
2764 3261 2962 3328 ἀρετὴς
2989 3260 3169 3313 αὐτῶν
3197 3262 3551 3331 κρυπτόμενα
3579 3263 3643 3331 δη
3657 3263 3989 3325 μοσιεύεται

2381 3348 2851 3418 πλεονεκτήματα.
2902 3353 3011 3403 Γων
3059 3352 3169 3422 γὰρ
3206 3352 3408 3421 ιο.μων
3468 3353 3561 3406 τοῦ
3597 3355 3777 3415 νόμον
3818 3372 3990 3423 προσ-

2380 3440 2589 3504 τάξεων
2638 3442 2703 3509 τῇ
2750 3440 3003 3509 εὐτεκνίᾳ
3055 3442 3362 3510 κρινουσῶν
3403 3442 3501 3511 τὴν
3531 3442 3860 3508 εὐσέϐειαν,
3899 3446 3991 3498 καὶ

2380 3530 2685 3600 τεκμήριον
2736 3531 2965 3599 ἀψευδὲς
3005 3532 3258 3599 εὐλογίας
3296 3534 3395 3602 τὴν
3444 3533 3710 3602 εὐθηνίαν
3741 3535 3855 3603 τῆς
3894 3538 3993 3605 φά-

2383 3637 2522 3683 σεως
2571 3620 2961 3691 λογιζομένων,
3015 3623 3075 3686 ἐξ
3118 3624 3291 3692 αὐτῆς
3334 3623 3428 3677 τοῦ
3456 3625 3837 3695 ὲξιλάσματος
3880 3629 3989 3681 τῶν

2382 3711 2588 3765 θυσιῶν
2635 3712 2924 3781 ἐπέκρινον
2956 3714 3016 3765 τὸ
3054 3714 3295 3770 δεκτέον.
3345 3716 3508 3769 Οὐδὲν
3540 3716 3759 3784 ἀλόγως
3802 3715 3989 3786 οἶμαι,

2380 3802 2503 3855 οὐδὲ
2559 3803 2661 3872 τῆς
2722 3804 2830 3856 τῶν
2890 3805 3247 3874 προαγόντων
3306 3807 3619 3876 παχύτητος
3688 3809 3990 3881 ἀλλότριον

2382 3894 2778 3961 θεσπιξουσῶν.
2840 3895 3060 3967 Ἐπειδὴ
3107 3900 3217 3970 γὰρ
3266 3900 3731 3971 σωματικώτερον
3766 3906 3821 3955 οἱ
3866 3906 3989 3957 τότε

2382 3985 2677 4050 διέκειντο,
2729 3990 2794 4059 τῇ
2845 3992 2945 4058 τῆς
2999 3991 3205 4061 σαρκὸς
3257 3991 3495 4043 ἐπιδόσει
3543 3994 3612 4043 τὰ
3660 3994 3765 4061 τῆς
3800 3994 3988 4064 ψυχῆς

2383 4077 2853 4144 συγκαλύπτοντες
2885 4081 3066 4147 ἀγαθά
3084 4096 3097 4109 ·
3129 4081 3269 4147 ξένοι
3296 4099 3353 4134 τε
3388 4083 3493 4135 τ’ὦν
3521 4082 3616 4135 τοῦ
3646 4085 3795 4138 Πισεύ
3805 4103 3981 4152 ματος

2380 4167 2620 4238 δαψιλῶν
2663 4171 3023 4242 χαρισμάτων
3074 4173 3464 4241 τυγχάνοντες,
3511 4174 3574 4226 τὺ
3603 4176 3984 4230 εὖαπῆεκτσν

2381 4264 2447 4316 ὲκ
2469 4261 2675 4315 τούτων
2710 4263 3192 4331 κατεστοχὰζοντο.
3236 4262 3405 4317 Τοῦτο
3443 4265 3626 4317 τοίνυν
3654 4269 3707 4318 οἱ
3742 4270 3812 4335 τῇ
3848 4271 3984 4337 σκιᾷ

2379 4353 2726 4417 δουλεύοντες
2772 4354 2832 4407 τὸ
2884 4354 3004 4416 ἔθος
3053 4355 3406 4423 κατέχοντες,
3462 4356 3762 4421 ἁπαιδείας
3815 4362 3982 4413 ἕνεκα

2383 4444 2494 4498 τῶν
2521 4444 2769 4507 δικαίων,
2799 4444 2865 4496 τὰ
2890 4446 3281 4513 προσαγόμενα
3313 4448 3372 4498 οὐ
3404 4446 3764 4515 προσήκει-ατο
3792 4449 3976 4518 δῶρα,

2381 4537 2482 4589 οὐκ
2497 4536 2720 4606 ἔννομον
2736 4531 2873 4589 εἶναι
2897 4535 3219 4604 νομίσαντες
3235 4537 3293 4588 ἐν
3306 4536 3515 4599 τούτοις
3537 4538 3833 4589 ἀνακινεῖν
3863 4541 3972 4592 τῶν

2384 4630 2564 4699 νόμων
2595 4627 2656 4681 τὸ
2679 4629 2962 4697 στάσιμον,
2996 4630 3091 4681 καὶ
3122 4628 3314 4698 μέχρις
3345 4629 3569 4680 ἐκείνων
3603 4630 3976 4699 τηρούμενον.

2464 4718 2605 4773 Ἀλλ’
2627 4720 2775 4782 εἰκὸς
2800 4719 3037 4789 ἀπορίαν
3060 4719 3201 4779 τινὲς
3222 4720 3353 4789 ἡμῖν
3376 4717 3628 4770 ἐντεῦθεν
3653 4722 3980 4787 ἐπεισάγειν

2383 4815 2753 4883 πειράσονται.
2809 4814 2869 4866 Et
2920 4814 3027 4881 γάρ
3064 4817 3142 4877 είς
3171 4813 3330 4866 τοῦτο
3364 4814 3555 4882 ἐτυχον
3595 4809 3743 4890 εἶναι
3779 4818 3979 4879 ἐξειλε-

2379 4906 2576 4975 γμὲνοι
2609 4906 2909 4974 φάσκοντες
2936 4907 2985 4958 οἱ
3018 4909 3113 4975 τῆς
3150 4907 3426 4972 πανάγνου
3467 4908 3826 4975 γεννήτορες,
3865 4908 3978 4969 re};

2376 4998 2558 5059 αὐτοῖς
2584 4997 2777 5066 μέχρις
2804 4997 3013 5049 ἐκείνου
3038 4997 3105 5048 τὰ
3126 4996 3221 5058 τῆς
3248 4996 3596 5055 παιδοποιῖας
3633 4996 3975 5064 ἀπεκ>.ε;;θτ,

2380 5085 2714 5157 χπλρίσματα,
2744 5086 2837 5138 καὶ
2868 5085 3053 5152 ἄγονοι
3088 5085 3146 5137 τὸ
3173 5088 3425 5137 πλεῖστον
3456 5087 3545 5137 τοῦ
3580 5085 3701 5154 βίου
3736 5088 3972 5154 διήνυον*

2374 5178 2472 5229 καὶ
2505 5176 2639 5246 πρὸς
2685 5175 2854 5249 [Μαι.
2896 5178 2953 5228 ἐν
2982 5175 3138 5247 πρὸς]
3176 5177 3385 5239 τούτοις
3419 5176 3487 5227 τὰ
3515 5177 3609 5228 τοῦ
3644 5182 3970 5247 μυστηρόυ

2386 5309 2646 5355 tractatus
2690 5301 2927 5368 ejusdem
2962 5303 3265 5369 argumenti
3307 5300 3632 5353 tribuendis.
3670 5298 3880 5353 Verum
3917 5313 3970 5353 ut

2384 5371 2603 5438 Georgii
2663 5372 2855 5433 nostri,
2890 5382 2983 5423 aut
3016 5372 3154 5423 alius
3179 5371 3247 5422 sit
3292 5372 3404 5422 hmc
3447 5372 3657 5425 oratio.
3700 5370 3970 5423 lttmletm

2387 5452 2538 5495 certe
2578 5449 2661 5493 est
2700 5456 2762 5493 ac
2794 5442 3015 5501 tllSt‘l‘lzt,
3055 5442 3323 5508 dignaque
3363 5450 3416 5491 ut
3445 5439 3584 5508 juris
3620 5442 3821 5507 pubitci
3859 5446 3966 5496 Im,

2385 5527 2448 5562 ac
2497 5521 2827 5577 proponatur
2857 5511 2935 5563 uti
2987 5511 3104 5562 aliae
3155 5509 3412 5578 Georgii,
3472 5508 3655 5561 Marite
3691 5525 3971 5579 οηιιριδρῖει·

2385 5581 2777 5644 laudatoribus,
2811 5596 2873 5633 ex
2915 5595 3016 5647 qua
3066 5580 3307 5641 dis-cant,
3342 5580 3536 5632 nedum
3576 5589 3637 5630 ut
3676 5594 3969 5632 CSQI’Ct'JLi

2383 5651 2650 5732 calamum
2677 5690 2690 5711 ,
2738 5664 2921 5731 verum
2958 5650 3120 5704 etiam
3159 5650 3210 5703 in
3252 5664 3359 5718 quo
3392 5658 3708 5713 exerceant,
3759 5660 3815 5703 ιιι
3862 5651 3967 5715 3;...

2383 5736 2576 5790 smptus
2608 5736 2810 5773 ιιιοιιιιι.
