4166 6440
250 388 385 451 1413

1208 383 1288 443 ΙΝ
1331 384 1434 444 SS.
1476 377 1740 442 MARIE
1776 368 2510 434 PRESENTATIONEM.

3358 363 3493 429 illi

246 499 345 569 λῆς
392 494 611 564 ἁπάσης
653 491 1193 563 ὲκτραγῳδούμενος.
1246 493 1319 546 Σὺ
1359 491 1583 554 δυνατὸς
1634 488 1821 542 τοῦτον

1940 480 2044 549 gice
2070 476 2349 530 illudente.
2388 475 2544 528 Potes
2567 474 2678 543 ipse
2703 471 2830 527 illud
2859 471 3093 528 auferre.
3118 471 3280 530 Vales
3311 479 3493 534 otian-

245 591 464 659 ἐξᾶραι·
496 588 561 640 σὺ
589 588 771 649 ἱκανὸς
795 587 894 655 τὴν
918 586 1019 655 τῆς
1041 587 1255 655 φύσεως
1279 585 1476 655 ἀργίαν
1504 585 1583 645 εἰς
1610 598 1820 651 καρπο-

247 680 449 751 φορίαν
478 677 882 750 ὲξευτρεπίσαι.
914 677 1006 730 Διὸ
1030 677 1163 748 πρὸς
1196 676 1254 729 σὲ
1294 673 1486 727 τοῦτον
1512 673 1698 734 ἁπλῶς
1734 672 1825 725 τὸν

248 772 375 825 γοῦν
413 771 807 840 ἐνστησάμενοι
827 811 841 833 ,
870 769 968 839 οὐχ
997 752 1198 840 ἑτέρως
1241 766 1563 837 ἐκκλίνομεν
1583 806 1596 829 ,
1633 766 1825 835 μέχρις

249 864 318 916 ἂν
344 864 452 917 τῶν
478 863 818 934 αἰτουμένων
858 861 919 914 τὸ
951 863 1124 931 πέρας
1153 860 1482 929 κατίδοιμεν·
1519 859 1594 928 μὴ
1626 856 1825 926 βραδύ-

248 972 365 1006 νειν
390 955 499 1022 γὰρ
529 954 689 1021 ἴσμεν
724 952 813 1005 τὸν
843 954 900 1003 ὲν
927 954 1040 1014 τοῖς
1066 950 1244 1012 ἄλλοις
1270 949 1480 1025 ταχέως
1507 938 1824 1018 προφθὰντα

248 1046 351 1110 τὰς
379 1046 645 1112 αἰτήσεις.

325 1138 475 1211 Αὕτη
504 1136 614 1189 τῶν
640 1136 865 1189 δικαίων
912 1138 946 1204 ἡ
982 1133 1183 1201 δέησις,
1224 1133 1287 1186 τὸ
1320 1131 1607 1203 εἱλικρινὲς
1645 1131 1827 1186 αὐτῶν

249 1226 614 1296 τεκμηριῶσα
644 1229 742 1296 τῆς
773 1226 1029 1287 πίστεως*
1053 1225 1147 1277 καὶ
1172 1221 1250 1286 οἷς
1278 1222 1709 1296 appositam“.
1737 1224 1830 1295 ἐρ-

257 1318 436 1389 ρήοηι
480 1318 542 1369 τὸ
590 1319 648 1369 ὲν
698 1319 810 1379 τοῖς
880 1316 1061 1378 ἄλλοις
1099 1316 1384 1387 εὐδόκιμον
1430 1315 1824 1387 προφαίνουσα.

254 1409 427 1461 Τοῦτο
454 1409 549 1476 τῆς
581 1408 723 1461 κατὰ
748 1408 809 1460 τὸ
841 1407 1071 1478 κρύφιον
1102 1408 1281 1461 αὐτῶν
1312 1407 1593 1470 εὐσεϐείας
1620 1406 1828 1477 προχᾶ-

262 1517 469 1571 ραγμα.
516 1502 626 1553 Καὶ
661 1499 771 1570 γὰρ
799 1501 832 1569 ή
875 1498 983 1552 τῶν
1020 1498 1194 1567 λόγων
1229 1497 1486 1567 πρόοδος,
1531 1498 1631 1568 τὴν
1664 1497 1723 1562 ἐξ
1754 1490 1829 1551 ὧν

256 1592 497 1662 προῆλθε
548 1590 893 1661 καταμηνύει
927 1591 1189 1644 διάθεσιν.
1243 1592 1304 1643 ’Λ
1339 1590 1447 1662 γὰρ
1481 1590 1626 1643 ἔνδον
1669 1590 1831 1661 ἐκρύ-

254 1697 422 1733 πτετο
455 1681 529 1750 μὴ
548 1680 853 1750 δηλούμενα
894 1681 1218 1749 πράγματα,
1249 1679 1405 1733 τοῦτο
1424 1676 1575 1749 [Leg.
1598 1677 1828 1749 τούτωνῖ

261 1771 506 1841 σύμὸολα
536 1771 901 1841 προαγόμενοι
924 1773 971 1824 oi
1003 1771 1152 1863 λόγοι
1181 1770 1554 1824 καθίστανται·
1587 1772 1682 1824 καὶ
1705 1768 1830 1832 νοῦς

263 1822 363 1931 με
388 1822 665 1930 sua...
695 1822 1132 1931 ὲέφέρειζλάγᾉὲ
1162 1822 1240 1927 es,
1276 1822 1587 1932 amoma;
1622 1822 1688 1914 ica
1722 1822 1827 1913 παὶ
1860 1822 1901 1893 β

259 1952 480 2022 θήματα
506 1953 886 2020 καταγγέλλει.
922 1952 1033 2005 Καὶ
1058 1954 1125 2006 τά
1157 1952 1255 2022 μὲν
1282 1951 1470 2021 ἄδηλα,
1524 1953 1657 2022 δῆλα
1699 1951 1829 2006 καθ-

263 2041 466 2111 ίστησι,
501 2042 608 2094 τῶν
643 2043 1030 2112 πραττομένων
1052 2043 1110 2095 δὲ
1146 2043 1243 2105 τὰς
1281 2044 1455 2115 ἀρχὰς
1487 2044 1825 2114 ὑποτίθησιν.

261 2130 418 2184 Οὕτω
445 2120 624 2183 τοίνυν
650 2132 757 2184 τῶν
785 2132 1009 2185 δικαίων
1038 2135 1071 2203 ή
1100 2132 1281 2203 δέησις
1313 2136 1390 2196 είς
1422 2133 1582 2202 ἔργον
1613 2133 1828 2204 ἠνύετο.

260 2221 356 2273 Διὸ
392 2222 762 2293 χρηματισμῷ
789 2222 849 2274 τὸ
874 2222 1067 2292 μέλλον
1101 2223 1522 2293 κατεμηνύοντο.
1557 2224 1620 2276 Ὢ
1645 2241 1831 2295 παρα-

258 2310 414 2378 δόξου
453 2312 767 2382 ἐπιτυχίαςί
815 2315 878 2365 Ὢ
923 2314 1090 2385 εὐχῆς
1118 2315 1242 2378 τοὺς
1280 2315 1545 2385 οὐρανοὺς
1581 2313 1833 2385 διασχοῦ-

264 2421 390 2475 σης,
426 2406 520 2457 καὶ¹
560 2405 695 2475 πρὸς
726 2406 874 2474 αὐτῷ
905 2405 982 2475 τῷ
1022 2405 1195 2477 θρόνῳ
1238 2406 1336 2476 τῆς
1367 2405 1520 2475 δόξης
1561 2424 1832 2477 προσανα-

264 2494 510 2562 πτάσηςί
568 2495 631 2545 Ὢ
672 2494 882 2561 ἀλόγων
925 2493 1113 2564 [Μαι.
1148 2492 1324 2560 λόγων
1355 2491 1505 2564 τῶν]
1548 2493 1654 2545 τῶν
1693 2493 1831 2563 ὑπὲρ

262 2588 421 2655 λόγον
441 2586 865 2656 ἀνυμνησάντων
883 2584 945 2638 τὸ
969 2584 1224 2654 μέγεθοςί
1262 2584 1481 2656 Ἐπειδὴ
1502 2585 1557 2636 δὲ
1582 2586 1641 2636 τὸ
1664 2601 1834 2654 μηνυ-

266 2678 360 2733 θὲν
398 2668 575 2743 ὼςόν,
613 2680 663 2748 η’
694 2676 1182 2749 μήτηρ-λαϐοῦσα,
1230 2676 1289 2729 τὸ
1315 2676 1712 2747 τεχθησόμενον
1758 2675 1835 2747 τῷ

264 2768 387 2838 Θεῷ
418 2768 673 2838 ἁφιεροῦν
692 2810 705 2828 ,
734 2767 826 2819 καὶ
854 2742 910 2819 ἐξ
940 2766 1053 2833 ναῷ
1074 2752 1423 2819 ἀνατίθεσθαι
1459 2767 1798 2837 ὑπισχνεῖται
1818 2782 1831 2795 ·

268 2860 335 2912 Τί
369 2860 544 2921 τοῦτο,
573 2853 619 2912 ὦ
653 2860 847 2921 Ἀννα,
881 2859 1090 2927 εἴποιμι
1120 2858 1185 2910 ἂν
1217 2858 1352 2929 πρὸς
1384 2858 1621 2926 ταύτην;
1649 2858 1713 2908 Τί
1743 2854 1835 2910 τοῦ

270 2950 557 3021 μέλλοντος
588 2950 908 3021 προτρέχεις
934 2950 1030 3013 τῆς
1068 2949 1332 3019 προόδου;
1374 2949 1434 3001 Τί
1462 2951 1527 3019 τῇ
1560 2946 1840 3019 προθυμίᾳ

269 3043 604 3109 προςθάνεις
635 3044 695 3094 τὸ
729 3043 1159 3112 κηρυττόμενον;
1201 3042 1259 3093 Ττ
1304 3041 1366 3095 τὸ
1412 3042 1581 3111 μήπω
1613 3040 1840 3109 γενόμε-

1934 578 2039 622 tem
2074 576 2321 620 naturam
2359 566 2410 619 in
2442 562 2725 618 fecundam
2760 564 3016 617 mutando
3059 574 3262 631 aptaret
3298 565 3500 630 Quam-

1926 660 2113 714 obrem
2139 656 2492 711 eatnomnino
2511 695 2524 718 ,
2570 663 2621 709 te
2652 664 2832 708 ceram
2861 664 3092 707 mentem
3118 668 3496 724 proponentes,

1929 766 2033 805 non
2076 750 2233 803 aliter
2263 748 2628 813 deﬂectimus,
2671 746 2843 800 donec
2872 748 3187 814 petitionum
3218 749 3380 801 linem
3422 748 3500 802 vi-

1927 841 2172 894 deamus.
2212 840 2429 893 Scimus
2473 838 2617 910 epim
2676 837 2791 892 fore
2827 847 2885 891 ut
2921 852 3025 891 non
3060 839 3261 905 tardes,
3308 840 3399 910 qui
3446 840 3498 893 in

1930 932 2048 988 aliis
2082 935 2190 987 cito
2214 910 2490 986 orationes
2520 944 2773 999 occupes.
2808 948 2826 980 ι
3454 963 3463 971 .
3494 938 3500 952 ·

1903 1122 1911 1131 ’
2002 1122 2125 1176 "me
2152 1120 2416 1188 iustorum
2445 1116 2640 1178 oratio,
2672 1116 2935 1170 sinceram
2968 1130 3153 1170 eorum
3186 1115 3343 1170 [idem
3376 1130 3500 1185 per-

1931 1215 2117 1283 spieue
2161 1211 2435 1273 indicans,
2470 1222 2688 1277 quaque
2722 1206 2977 1260 exaudita
3010 1206 3131 1270 fuit,
3162 1206 3413 1274 probatos
3448 1207 3501 1261 in

1930 1305 2051 1358 aliis
2098 1300 2619 1357 mores.declarans.
2675 1299 2798 1351 lizcc
2836 1296 3074 1365 pietatis,
3110 1311 3268 1365 quam
3306 1298 3359 1349 in
3407 1313 3501 1351 oc-

1931 1390 2076 1447 culto
2119 1389 2403 1454 colebant,
2453 1373 2696 1457 quadam
2744 1386 2889 1438 velut
2930 1386 3254 1454 designatio.
3300 1386 3507 1455 Quippe

1932 1480 2064 1535 foris
2090 1480 2403 1548 deprompta
2444 1478 2640 1541 verba,
2689 1476 3118 1544 depromentium
3160 1474 3501 1531 affectionem

1881 1590 1891 1601 '
1931 1571 2256 1643 signiﬁcant.
2297 1569 2428 1635 Quae
2459 1569 2606 1621 enim
2643 1568 2785 1620 intus
2818 1566 3029 1626 occulta
3072 1566 3411 1634 tegebantur,
3442 1582 3502 1619 ea

1935 1666 2217 1721 verborum
2252 1661 2513 1732 symbolis
2535 1660 2586 1713 in
2616 1659 2790 1729 palam
2822 1668 3050 1728 aguntur
3076 1676 3090 1712 :
3117 1673 3181 1712 ac
3208 1672 3368 1712 mens
3387 1658 3505 1725 qui-

1933 1732 2069 1811 dem,
2089 1771 2391 1811 sermonem
2424 1752 2608 1819 eliert;
2665 1766 2845 1806 sermo
2893 1761 3075 1805 autem
3134 1751 3298 1804 animi
3340 1748 3506 1805 aﬂ'ec-

1933 1850 2139 1904 tionum
2189 1847 2409 1901 nuntius
2471 1845 2706 1907 exsistit,
2743 1859 2805 1897 ac
2834 1858 2895 1897 ea
2931 1857 3051 1909 qua:
3088 1841 3319 1896 obscura
3350 1848 3507 1894 erant

1931 1942 2215 2012 perspicua
2246 1938 2392 2001 facit,
2425 1937 2807 2004 actionumque
2831 1934 3093 2003 principia
3124 1935 3382 1989 ostendit.
3416 1934 3507 1989 Sic

1930 2046 2059 2100 ergo
2085 2030 2361 2100 justorum
2387 2020 2563 2082 ora'tio
2593 2040 2757 2095 opere
2800 2025 3173 2094 complebatur
3202 2042 3215 2079 :
3251 2024 3507 2094 quocirca

1933 2119 2171 2173 futurum
2212 2119 2289 2173 rei
2323 2126 2572 2172 eventum
2619 2115 2840 2170 oraequ
2882 2116 3163 2170 docentur.
3210 2116 3254 2171 0
3288 2115 3509 2171 mirabi-

1936 2210 2038 2264 lem
2068 2207 2441 2277 adeptioneml
2481 2204 2525 2260 Ο
2572 2206 2934 2275 precationem
2977 2206 3146 2261 CtBIOS
3189 2220 3508 2274 supergres-

1937 2316 2077 2365 sam,
2107 2313 2335 2368 quaeque
2364 2298 2427 2352 ad
2461 2299 2633 2366 ipsum
2679 2301 2930 2350 thronum
2961 2298 3144 2366 gloriae
3168 2297 3432 2352 evolavit!
3463 2297 3508 2352 0

1935 2406 2236 2452 sermones,
2289 2389 2485 2458 quibus
2535 2403 2724 2443 eorum
2777 2388 2990 2442 laudata
3045 2398 3126 2442 est
3173 2390 3507 2456 magnitudo,

1935 2498 2057 2551 qua:
2104 2489 2229 2533 sunt
2260 2479 2465 2548 majora
2516 2476 2974 2543 sermonelQuod
3017 2494 3146 2533 vero
3191 2479 3383 2533 futurae
3432 2482 3509 2535 rei

1940 2574 2220 2633 nuntium,
2277 2580 2533 2640 tanquam
2571 2572 2678 2640 jam
2736 2581 2912 2634 esset,
2962 2582 3134 2626 mater
3188 2572 3507 2639 accepisset,

1940 2667 2269 2721 nascituram
2302 2666 2505 2733 prolem
2534 2663 2640 2717 Deo
2670 2678 2728 2718 se
2752 2674 3214 2728 consecraturam,
3258 2672 3422 2730 atque
3456 2664 3509 2717 in

1942 2758 2141 2826 templo
2174 2757 2479 2811 oblaturam
2535 2755 2837 2825 pollicetur.
2879 2755 3017 2821 Quid
3074 2756 3198 2819 hoc,
3246 2770 3279 2809 o
3331 2757 3508 2821 Anna,

1941 2848 2169 2902 dixerim
2202 2846 2269 2901 ad
2302 2845 2463 2900 eam?
2496 2843 2560 2900 Ut
2591 2845 2719 2913 quid
2748 2844 2943 2899 futurae
2969 2845 3042 2899 rei
3068 2847 3342 2914 processui
3376 2861 3515 2915 prae-

1941 2939 2150 2994 curris?
2201 2938 2469 3004 Quorsum
2520 2938 2803 2990 alacritate
2863 2938 3027 2990 animi
3082 2939 3224 3006 quod
3279 2938 3515 2991 edicitur

1944 3030 2243 3099 przevenis?
2285 3028 2649 3095 Quamobrem
2698 3026 2841 3096 quod
2898 3027 3128 3081 necdum
3180 3041 3360 3083 ortum
3396 3040 3511 3095 est,

270 3152 359 3186 νον
390 3134 507 3204 Θεῷ
541 3135 725 3203 ςςέρειν
752 3131 1163 3207 κατεπαγγέλλῃ
1186 3131 1266 3198 ὡς
1292 3134 1510 3204 ινχερσὶ
1546 3132 1840 3202 κατεχόμε-

1943 3120 2135 3176 offerre
2161 3122 2269 3176 Deo
2290 3119 2583 3189 promittis,
2614 3128 2869 3190 tanquam
2891 3119 2944 3172 in
2973 3120 3219 3173 manilius
3250 3121 3516 3174 haberes?

271 3243 382 3279 νον.
414 3226 539 3278 Δέον
578 3226 669 3278 τὸν
701 3226 799 3295 τῆς
830 3226 1017 3288 ὠδῖνος
1049 3225 1239 3295 καιρὸν
1270 3224 1660 3292 ἀναμείνασαν,
1704 3222 1840 3275 οὕτω

1946 3211 2052 3266 Par
2080 3223 2290 3267 eratut
2336 3220 2649 3280 exspectato
2697 3220 2884 3281 partus
2935 3220 3174 3279 tempore
3204 3212 3281 3264 sic
3320 3226 3517 3267 nnnms

270 3317 445 3386 δῶρον
493 3316 569 3386 τῷ
620 3316 677 3380 ἐξ
726 3318 896 3386 αὐτῆς
929 3316 1008 3386 τῷ
1036 3315 1289 3370 δεδωκότι
1326 3312 1842 3384 προσανατίθεσθαι.

273 3407 409 3458 Δέον
445 3406 522 3473 τῷ
548 3405 642 3458 τοῦ
678 3406 873 3477 ἀδήλου
923 3408 1121 3476 πέρατι
1156 3402 1644 3474 συστοχαζομένην,
1675 3403 1750 3471 μὴ
1779 3404 1843 3471 τῇ

279 3496 1034 3568 προκηρύξει“διαμαρτάνειν
1080 3495 1190 3548 τῶν
1238 3495 1603 3563 ὑποσχέσεων.
1648 3492 1711 3547 Ὃ
1746 3492 1845 3562 τῆς

282 3587 396 3637 τῶν
422 3586 645 3642 δικαίων
668 3586 899 3649 πίστεως
925 3586 937 3637 l
969 3587 1032 3637 Ὢ
1058 3585 1263 3655 μητρὸς
1296 3582 1670 3655 μεγαλοψύχου
1700 3582 1844 3650 γνὼ-

280 3693 453 3746 ρισμα
479 3679 491 3728 ι
526 3677 641 3728 Οὐκ
668 3675 1075 3745 ἀμφισϐητήσει
1104 3676 1165 3727 τὸ
1202 3674 1395 3744 μέλλον
1422 3673 1755 3744 συνέκρινεν·
1783 3670 1845 3724 οὐ

272 3766 561 3838 smn-mg,
591 3767 650 3820 τὶ,
677 3768 947 3837 κηρυχθέν
977 3765 1395 3843 [ἀνεϐάλλετο]·
1427 3766 1488 3820 ού
1518 3766 1617 3837 τὴν
1648 3763 1848 3834 ἑαυτῆς

276 3857 573 3926 κατενόησε
628 3846 820 3928 μέχριέ
865 3856 1073 3909 ἐκείνου
1119 3855 1491 3927 ἀνεπιτήδειον
1544 3856 1733 3923 φύσινο
1784 3852 1845 3906 οὐ

274 3948 567 4019 δυσχερείᾳ
609 3947 704 4000 τοῦ
732 3948 1031 4019 ἀσυνήθους
1070 3947 1203 4017 πρὸς
1234 3946 1542 4015 ἀντιλογίαν
1573 3945 1807 4015 κατέστη
1828 3959 1843 3974 ο

274 4042 339 4094 ού
372 4041 447 4111 τῷ
474 4041 555 4111 μὴ
582 4038 789 4109 δυνατῷ
815 4038 1022 4109 ἀγωνίᾳ
1045 4038 1141 4109 τὴν
1158 4037 1336 4108 ψυχὴν
1358 4035 1703 4107 περιέϐαλεν.
1733 4034 1847 4088 Οὐκ

273 4132 557 4201 ἠπόρησεν
594 4132 652 4182 ἐν
699 4131 863 4199 ἑαυτῇ
906 4127 1258 4198 λογιζομένη,
1288 4127 1363 4190 ὡς
1408 4125 1567 4178 εἴωθε
1604 4126 1716 4188 τοῖς
1751 4125 1846 4179 ἀλ-

272 4222 430 4286 λοις;
464 4214 611 4289 Ἀρα
645 4219 721 4289 μὴ
757 4219 837 4281 είς
865 4217 1081 4285 ἀπάτην
1108 4215 1175 4269 τὰ
1206 4213 1301 4267 τοῦ
1342 4213 1591 4284 χρησμοῦ
1635 4213 1845 4283 ἀποϐή-

276 4329 462 4375 σοιτος
496 4308 641 4381 Ἀρα
684 4311 759 4380 μὴ
801 4311 834 4379 ή
864 4309 1051 4381 χρονία
1086 4308 1370 4379 στείρωσις
1399 4308 1510 4370 τοῖς
1544 4309 1639 4374 τῆς
1671 4308 1845 4373 ἑπαγ-

273 4402 465 4473 γελίας
518 4402 880 4469 ύπαντήσειεν
914 4394 1099 4467 ςἈρα
1155 4398 1229 4467 μὴ
1286 4396 1383 4467 τῆς
1421 4394 1777 4465 ψυχαγωγίας
1818 4396 1848 4447 ό

1947 3303 2092 3371 quod
2126 3310 2273 3357 esset
2313 3289 2564 3367 editura;
2585 3302 2756 3355 datori
2798 3300 3038 3355 oll'erret.
3072 3300 3174 3354 Par
3201 3311 3317 3356 erat
3345 3311 3402 3355 ut
3431 3302 3517 3355 in-

1948 3397 2082 3450 certi
2129 3406 2357 3450 eventns
2402 3396 2562 3449 linem
2603 3395 2934 3457 observans.
2971 3396 3381 3466 haudquaquam
3424 3412 3519 3450 vo-

1954 3500 2087 3541 vens
2138 3486 2401 3539 violanda:
2436 3486 2816 3555 promissionis
2842 3486 3137 3554 periculum
3191 3488 3513 3543 incurreret.

1947 3576 1991 3633 0
2020 3575 2288 3644 justorum
2320 3578 2514 3631 (idem!
2549 3576 2593 3633 0
2620 3578 2976 3644 magnanima:
3004 3579 3197 3633 Matris
3228 3580 3513 3635 indiciuml

1947 3666 2101 3738 Nulla
2131 3666 2409 3722 dubietate
2450 3667 2688 3729 futurum
2718 3669 3088 3737 comparavit,
3121 3669 3374 3739 nullaque
3410 3671 3518 3725 haz-

1947 3758 2203 3813 sitatione
2249 3760 2387 3827 quod
2433 3768 2549 3814 erat
2597 3760 2903 3823 nuntiatum
2957 3759 3071 3813 fore
3104 3760 3332 3814 distulit.
3373 3760 3516 3815 Nihil

1949 3848 2183 3918 ineptam
2219 3849 2479 3904 hactenus
2511 3858 2755 3903 naturam
2785 3850 3171 3905 consideravit.
3220 3849 3515 3921 Haudqua-

1948 3954 2111 4010 quam
2154 3942 2380 3996 insuetae
2410 3944 2484 3995 rei
2531 3941 2843 3996 diliicultate
2880 3942 3081 3997 moveri
3111 3957 3171 3997 se
3200 3943 3268 3998 ad
3295 3954 3516 3999 contra-

1948 4034 2237 4089 dicendum
2287 4036 2431 4090 sivit.
2475 4035 2897 4106 llaudqnaquam
2934 4051 3032 4106 pro
3062 4038 3139 4092 rei
3174 4041 3518 4109 impossibili-

1949 4131 2057 4179 tate
2095 4128 2333 4179 animum
2368 4126 2629 4180 anxietati
2681 4126 2847 4182 dedit.
2898 4126 3015 4181 Non
3052 4128 3323 4184 dubitavit
3374 4132 3516 4199 apud

1948 4230 2006 4272 se
2035 4217 2307 4285 cogitans,
2342 4217 2417 4270 uti
2445 4219 2730 4271 consuevit
2758 4215 3006 4273 accidere
3029 4217 3150 4272 aliis
3180 4236 3193 4271 :
3227 4219 3366 4273 Num
3394 4235 3517 4274 ora-

1949 4306 2125 4363 culum
2164 4308 2217 4361 in
2256 4307 2621 4377 deceptionem
2658 4307 2850 4361 cedet?
2887 4307 3024 4362 Num
3067 4309 3318 4378 diuturna
3353 4313 3515 4366 sturi-

1949 4398 2074 4453 litas
2096 4398 2437 4468 promissioni
2468 4399 2739 4453 incurret?
2771 4398 2909 4455 Num
2935 4400 3025 4469 qui
3059 4403 3310 4469 apparuit
3334 4418 3399 4458 eo
3426 4419 3515 4458 ve-

275 4493 469 4561 ιξανεὶς
491 4493 728 4562 κομίζων
750 4486 882 4562 ἧκεν
902 4491 1193 4559 εὐαγγέλια
1215 4508 1229 4555 ;
1263 4490 1394 4543 Ἰδοὺ
1417 4489 1485 4542 τά
1506 4489 1605 4558 τῆς
1628 4487 1840 4557 ἡλικίας

1948 4490 2046 4555 nit,
2092 4500 2149 4544 ut
2196 4489 2457 4545 mulceret
2497 4490 2726 4546 nuntio?
2758 4491 2898 4545 Ecce
2925 4490 3039 4560 jam
3077 4491 3329 4547 deﬂoruit
3360 4505 3514 4549 aetas.

273 4585 620 4656 παρήόησεν.
656 4586 812 4659 λιδοὺ
860 4586 919 4638 τὸ
968 4583 1067 4659 τῆς
1108 4582 1292 4653 ἀκμῆς
1346 4581 1713 4651 ἀνθηρότατον
1764 4577 1847 4654 ,τῷ

273 4651 458 4750 χρόνίμ
490 4651 835 4748 μαραίνεται.
873 4676 1009 4731 Ἰδοὺ
1028 4651 1101 4727 τὸ
1143 4651 1256 4727 τῶν
1288 4659 1463 4743 μελῶν
1495 4651 1848 4742 ἰσχυρότατον

276 4770 417 4839 πρὸς
441 4770 657 4823 ἔκλυσιν
683 4769 983 4838 ἐπείγεται.
1014 4766 1087 4819 Τὸ
1109 4766 1205 4819 τοῦ
1261 4764 1375 4835 βίου
1413 4763 1667 4816 πλεῖστον
1702 4776 1846 4830 παρ-

275 4861 537 4931 έδραμεν.
575 4861 632 4911 '0
670 4862 782 4923 τοῖς
832 4862 998 4912 πᾶσιν
1035 4856 1214 4929 [Μαι.
1247 4852 1473 4925 παισὶν]
1514 4851 1847 4920 ἐπαγγέλλε-

278 4951 408 5005 σθαι
436 4949 865 5023 [ιε9.ὲπαγάλλ.
890 4947 1360 5023 ]παρασκευάζων
1394 4945 1583 5017 καιρὸς
1608 4943 1848 5013 ὑποφεύ-

274 5058 391 5108 γει.
438 5019 503 5094 ἶΙΙ
534 5019 650 5110 -τῆς
685 5019 1025 5103 παιδοποιίας
1049 5019 1193 5109 χαρὰ
1233 5040 1291 5090 ὲν
1322 5038 1629 5109 προοιμίοις
1656 5034 1719 5088 τὸ
1748 5050 1848 5086 πο-

279 5133 461 5187 Θιινδν
487 5133 639 5203 φέρει
659 5133 793 5203 πρὸς
809 5132 886 5203 τῷ
903 5134 1049 5203 γήρᾳ
1062 5132 1155 5193 τάς
1177 5129 1511 5199 ἐπικαρπίας
1534 5126 1848 5191 ἐλπίζουσα.

275 5224 352 5277 Τί
387 5224 521 5295 πρὸς
555 5225 646 5295 τὴν
669 5225 874 5293 δέησιν,
908 5222 1002 5275 καὶ
1026 5225 1122 5293 τὴν
1150 5214 1485 5288 ἐπαγγελίαν
1513 5217 1846 5287 ὲπασχολοῦ-

280 5332 387 5387 μαι
415 5332 430 5380 ;
456 5316 625 5392 ρύδὲν
651 5315 889 5367 τοιοῦτον
931 5316 965 5386 ή
1000 5315 1165 5366 ’Δννα
1186 5312 1261 5392 τῷ
1291 5309 1533 5380 λογισμῷ
1560 5325 1850 5379 παρεμπε-

280 5405 402 5456 σεῖν
434 5388 830 5475 συνεχωρησεν·
862 5404 977 5457 ἀλλ’
1005 5403 1138 5474 ὁμοῦ
1164 5388 1326 5456 τε’τά
1362 5401 1458 5469 τῆς
1493 5399 1655 5469 εὐχῆς
1716 5416 1849 5453 κατ⁶

276 5495 573 5559 εϐἀλλετο,
622 5496 717 5548 καὶ
776 5496 875 5566 τήν
904 5496 1186 5561 ὲπίτευξιν
1237 5492 1441 5562 ταύτης
1499 5492 1578 5562 τῷ
1633 5491 1852 5560 ὀφθέντι

280 5587 661 5657 κατεμηνύθη,
718 5590 813 5641 καὶ
862 5590 935 5651 ὡς
992 5589 1091 5659 ἤδη
1144 5586 1444 5657 κατέχουσα
1506 5584 1567 5636 τὸ
1630 5584 1855 5656 προσδο-

281 5678 556 5748 κώμενον,
607 5682 671 5749 τῇ
725 5680 929 5750 σφοδρᾷ
951 5678 1227 5749 προθυμία
1274 5677 1350 5748 τῷ
1366 5676 1478 5746 ναῷ
1499 5675 1655 5729 τοῦτο
1688 5692 1855 5746 προσ-

280 5770 445 5836 άγειν
514 5768 790 5838 ἠπείγετο.
844 5770 938 5833 Τίς
998 5770 1063 5822 ἂν
1106 5769 1259 5838 λόγος
1304 5769 1364 5820 τὸ
1440 5768 1537 5838 τῆς
1616 5767 1852 5829 πίστεως

1951 4580 2087 4636 Ecce
2130 4579 2243 4650 jam
2295 4580 2709 4637 ﬂorentissimus
2738 4582 2891 4651 vigor
2938 4591 3179 4651 tempore
3228 4587 3514 4641 emarcuit.

1949 4670 2226 4740 Ecce'jam
2256 4672 2619 4726 membrorum
2661 4673 2986 4742 praecipuum
3017 4674 3180 4728 robur
3226 4676 3294 4729 ad
3324 4676 3519 4732 debili-

1953 4770 2113 4818 tatem
2160 4764 2350 4819 tendit.
2383 4762 2612 4817 hlaxima
2642 4764 2764 4818 vita:
2794 4779 2920 4833 pars
2947 4767 3175 4821 decursa
3206 4778 3308 4823 est.
3350 4769 3518 4826 Tem-

1948 4870 2067 4924 pus,
2103 4871 2215 4925 quo
2265 4854 2508 4925 prolibus
2561 4856 2681 4923 quis
2725 4857 2917 4913 lubens
2960 4857 3290 4927 adgaudeat,
3345 4862 3522 4931 iisque

1949 4946 2169 5015 gestiat,
2204 4945 2469 5015 subfugit.
2500 4946 2734 5002 Edendaa
2762 4948 2927 5016 prolis
2958 4950 3210 5017 gaudium
3236 4950 3521 5007 desidera-

1951 5034 2057 5089 bile
2083 5035 2209 5103 quid
2235 5035 2432 5104 primis
2459 5038 2619 5092 annis
2649 5036 2825 5102 affert,
2852 5038 3087 5093 fructum
3116 5055 3339 5110 sperans
3369 5046 3522 5113 gravi

1950 5126 2102 5183 senio
2130 5134 2309 5181 aetate.
2342 5123 2411 5180 Ut
2441 5128 2567 5197 quid
2594 5129 2826 5188 orationi
2862 5144 2927 5184 ac
2950 5132 3293 5199 promissioni
3327 5134 3523 5189 immo-

1952 5231 2041 5270 ror
2060 5216 2084 5270 ἲ
2106 5215 2249 5270 Nihil
2276 5218 2430 5272 Anna
2453 5217 2716 5286 ejusmodi
2744 5220 2925 5273 animo
2958 5221 3197 5275 incidere
3226 5223 3518 5291 permisit:

1950 5309 2191 5379 quinimo
2218 5320 2274 5363 ut
2302 5326 2424 5364 mox
2459 5319 2675 5377 precata
2714 5320 2857 5366 esset
2890 5351 2905 5376 ,
2939 5320 3101 5381 atque
3130 5314 3199 5367 ab
3227 5327 3524 5384 apparente

1951 5402 2142 5471 angelo
2164 5416 2404 5471 prosperi
2434 5416 2719 5457 successus
2763 5404 3013 5457 nuntium
3043 5407 3364 5473 accepisset,
3399 5408 3520 5462 vcl-

1952 5505 2009 5549 nt
2032 5495 2144 5561 jam
2176 5507 2379 5550 teneret
2408 5503 2773 5564 exspectatam
2806 5496 3034 5564 prolem,
3086 5498 3385 5555 vehementi
3410 5500 3523 5555 ala-

1952 5588 2144 5639 critate
2178 5584 2397 5641 festinat
2447 5585 2498 5637 in
2536 5584 2733 5651 templo
2783 5584 3000 5639 offerre.
3040 5586 3295 5652 Quaenam
3344 5592 3521 5643 oratio

1954 5691 2237 5731 accensam
2283 5678 2427 5730 illam
2463 5676 2620 5731 Iidem
2658 5676 2876 5732 laudare
2916 5676 3180 5742 sulliciat,
3226 5696 3318 5748 per
3359 5696 3522 5749 quam

1955 5770 2063 5823 voti
2091 5783 2308 5837 compos
2341 5766 2531 5823 ciiecta
2559 5767 2677 5823 est?
2709 5784 2804 5838 per
2833 5784 2993 5838 quam
3023 5770 3155 5826 nihil
3179 5772 3389 5827 animus
3421 5774 3518 5825 duv
