4166 6440
244 419 377 488 liii

1204 423 1290 490 IN
1327 428 1433 490 ss.
1473 428 1680 491 DEIP.
1722 383 2171 493 INGRESSUM
2219 435 2294 494 IN
2335 434 2559 497 mur.

3388 445 3525 516 1‘22

241 538 500 609 αἴσθησις
541 537 920 608 λαμϐάνουσα,
970 537 1079 592 τῶν
1129 539 1374 610 ὑστέρων
1408 541 1806 610 ἐμφαινομένωε

1937 543 2352 599 delectationem
2412 531 2601 618 capit;
2654 548 2706 603 itt
2743 550 2828 606 his
2875 561 3220 617 autctn,cutn
3279 559 3522 627 priorum

245 631 341 701 aiax
371 629 575 699 ὁμοίως
595 630 695 701 τὴν
722 630 1069 704 τερπνότητα
1098 630 1314 700 δέχεται
1344 649 1358 663 ·
1393 633 1486 685 ἐπὶ
1510 631 1567 684 δὲ
1603 632 1830 697 τούτων,
1854 692 1857 693 ν

239 721 351 773 τῶν
377 719 706 787 φθασάντων
740 720 839 791 μὲν
861 723 894 791 ἡ
929 720 1127 773 εὐωδία
1148 720 1452 791 παρέμεινε
1478 737 1493 752 ⁸
1516 721 1625 773 τῶν
1648 723 1833 775 ἐπιόνο

233 826 349 863 των
371 809 449 873 δὲ,
475 808 676 879 μείζων
700 812 733 881 ἡ
760 810 946 879 ἔφεσις
975 810 1305 879 ἐπιγίνεταιο
1329 811 1491 864 κάκεῖ
1520 811 1622 881 μὲν
1651 813 1684 880 ἡ
1712 811 1829 876 θέα,

243 903 776 973 συμμαραινόμενον
806 904 917 975 ἔχει
944 904 1022 974 τῷ
1055 905 1232 975 χρόνῳ
1250 905 1310 958 τὸ
1332 904 1528 969 κάλλος
1549 922 1561 935 ·
1596 905 1833 959 ἐνταῦθα

233 989 372 1063 δὲ,ὴ
404 995 734 1063 εὐπρέπεια,
766 993 1184 1058 διαιωνῖζουσαν
1233 996 1391 1066 φέρει
1434 1000 1499 1066 τῇ
1554 997 1701 1068 ψυχῇ
1733 998 1830 1069 τὴν

232 1085 569 1142 ἀπόλαυσιν.
606 1089 715 1141 Καὶ
736 1087 928 1160 ὥσπερ
961 1089 1052 1142 ἐπὶ
1082 1087 1372 1158 βασιλείων
1400 1091 1688 1160 προαύλων
1713 1093 1833 1144 ἐπι-

231 1179 450 1233 ϐαίνειν
484 1181 768 1250 τυχόντες,
801 1182 902 1251 τὴν
933 1181 1081 1234 ἑνδον
1108 1181 1259 1234 Οέσιν
1280 1184 1393 1245 τοῖς
1422 1182 1526 1248 ἔξω
1554 1200 1828 1236 καταστοο

228 1271 494 1342 χάζονται
583 1274 678 1326 καὶ
710 1273 746 1327 ἀ
779 1276 840 1344 τῇ
873 1275 1125 1344 αἰσθήσει
1162 1275 1264 1327 οὐκ
1312 1273 1557 1345 ἔκριναν,
1587 1275 1824 1344 τεκμαίο

227 1381 422 1435 ρονται
469 1364 548 1434 τῷ
583 1365 691 1435 νῷ,
746 1365 841 1418 καὶ
897 1366 1293 1436 ὐπεραίρονται
1323 1383 1335 1397 ·
1394 1368 1558 1420 ταύτὸ
1607 1368 1702 1420 καὶ
1734 1369 1827 1421 ἐπὶ

224 1454 343 1506 τῶν
385 1456 744 1524 προπυλαίων
773 1456 883 1511 τῶν
940 1459 1239 1528 ἐγκωμίων
1272 1458 1572 1529 συμϐαῖνον
1612 1459 1824 1513 δείκνυ-

225 1563 345 1600 ται.
391 1547 513 1600 Ἐπὶ
551 1549 770 1602 πάντων
798 1549 921 1618 μὲν,
958 1549 1032 1612 ὡς
1063 1546 1215 1620 οἶμαι
1236 1591 1250 1616 ,
1284 1552 1382 1620 οὐχ
1413 1552 1615 1621 ἥκιστα
1640 1552 1697 1605 δὲ
1728 1554 1823 1606 καὶ

231 1639 332 1691 ἐπὶ
359 1637 565 1691 τούτων
611 1639 959 1711 κριθήσεται.
1015 1642 1109 1705 El;
1143 1641 1276 1711 ὕψος
1317 1644 1417 1714 μὲν
1449 1643 1559 1714 γάρ
1600 1644 1824 1716 ἐξῆρται

231 1724 306 1776 τὰ
336 1725 602 1796 προοίμια
633 1743 645 1754 ⁸
677 1727 908 1798 λαμπρά
939 1729 996 1783 δὲ
1031 1731 1096 1784 ὲκ
1131 1731 1337 1784 τούτων
1369 1732 1472 1801 τῆς
1514 1734 1824 1799 ὐποοέσεως

223 1818 604 1888 ὲπικόσμησις
653 1822 928 1889 φαίνεται,
983 1823 1244 1887 πλείστας
1296 1826 1497 1896 ἔχουσα
1545 1826 1676 1899 δόξῃ
1731 1827 1824 1880 καὶ

221 1908 414 1977 κάλλει
436 1911 807 1980 διαφερούσας
829 1912 929 1977 τάς
953 1913 1247 1978 ἐπιδόσεις.

300 2021 592 2092 Πρόκειται
625 2021 756 2092 γοῦν
788 2027 924 2094 ἡμῖν
978 2028 1174 2099 μικρὸν
1197 2028 1383 2100 διᾶραι
1413 2031 1553 2102 πρὸς
1580 2032 1679 2102 τὴν
1708 2032 1820 2084 εἶσι

219 2110 346 2164 οδον
375 2111 435 2163 τὸ
465 2112 643 2182 όμμα,
672 2115 767 2168 καὶ
798 2114 897 2185 τὴν
920 2119 1312 2190 κρυπτομένην
1338 2119 1413 2184 ῶς
1437 2123 1659 2190 ἐφικτὸν
1686 2140 1821 2176 κατ-

217 2203 492 2257 οπτεῦσαι
532 2205 868 2275 εὐπρέπειαν
900 2224 914 2237 ο
975 2209 1203 2280 καὶγὰρ
1235 2213 1416 2265 πᾶσαν
1441 2211 1602 2285 [Μαι.
1631 2225 1684 2268 et
1708 2214 1816 2277 Sir,

217 2297 274 2348 εί
303 2294 399 2349 καὶ
429 2297 611 2348 πᾶσαν
648 2296 669 2370 ]
728 2300 1063 2371 φαιδρότητα
1109 2302 1470 2376 ἀνιπορῆσαι
1504 2307 1814 2377 ἀμήχανον.

215 2387 360 2459 Φέρε
412 2388 477 2458 δὴ
534 2389 832 2462 προδῶμεν
881 2393 960 2463 τῷ
1002 2393 1148 2466 λόγῳ
1190 2397 1329 2468 πρὸς
1377 2397 1438 2449 τὸ
1496 2397 1814 2469 ἐνδότερον,

217 2482 569 2551 χειραγωγὸν
635 2483 988 2553 προάγουσαν
1048 2487 1220 2557 αὐτὴν
1267 2488 1367 2558 τὴν
1403 2487 1650 2557 βασιλίδα
1679 2507 1814 2545 κατ-

217 2570 460 2640 έχοντες.
509 2571 653 2624 Ἀλλ’
683 2573 794 2643 ὁρῶ
828 2573 923 2626 νῦν
962 2576 1103 2643 φωτὶ
1130 2576 1346 2647 ἀπείρῳ
1380 2579 1480 2649 τὴν
1505 2581 1816 2653 πανήγυριν

215 2679 435 2717 καταστ
445 2664 824 2734 ραπτομένην,
855 2665 950 2720 καὶ
969 2667 1407 2739 καταλάμπομαι
1421 2671 1520 2740 τὴν
1547 2671 1810 2736 διάνοιαν,

218 2758 320 2809 καὶ
352 2758 581 2828 σκιρτᾷν
615 2775 706 2828 μοι
727 2759 929 2822 ιπεισι,
970 2760 1065 2813 καὶ
1110 2760 1324 2830 μεγάλα
1357 2760 1705 2834 φαντάζομαι
1744 2763 1813 2817 τὰ

217 2850 322 2902 νῦν
351 2849 772 2918 ἐπιτελούμενα,
833 2851 1102 2919 ἀγγέλους
1135 2869 1194 2905 τε
1238 2853 1676 2923 συγχορεύοντας
1708 2873 1808 2910 και

214 2938 422 3002 τανοῶ,
458 2942 552 2992 καὶ
577 2939 702 3005 ξένα
742 2942 941 3007 πάντα,
1001 2943 1096 2996 καὶ
1138 2944 1236 3013 τῆς
1270 2945 1516 3014 οὐρανῶν
1555 2948 1810 3013 εὐταξίας

215 3031 317 3082 καὶ
373 3031 672 3099 εὐκοσμίας
735 3032 884 3096 ἄξια.
945 3033 1137 3086 Ἔνθεν
1196 3052 1285 3105 μοι
1319 3035 1467 3089 δοκεῖ
1502 3038 1675 3108 αὐτῆς
1723 3041 1802 3103 είς

219 3123 393 3190 μέσον
419 3123 514 3192 τῆς
543 3125 953 3194 ἐπαινουμένης
995 3127 1096 3196 τὴν
1129 3127 1290 3200 χάριν
1343 3130 1673 3197 ὲπινοστεῖν,
1710 3133 1807 3186 καὶ

1939 645 2250 700 perseverat
2319 637 2707 703 suaveolettliu,
2769 649 2881 693 tum
2937 643 3302 711 sequentium,
3349 646 3525 716 major

1937 724 2210 792 cupiditas
2266 730 2493 782 accedit.
2553 731 2629 782 Ac
2667 729 2774 784 illic
2804 732 3019 800 quidem
3059 743 3344 805 aspectus,
3381 748 3520 792 tem-

1936 815 2056 884 pori
2137 819 2586 872 commuricntem
2662 820 3116 890 pulchritudinem
3181 826 3378 894 habet;
3433 828 3523 885 hic

1933 917 2137 972 autem,
2187 919 2506 977 perpetuam
2563 911 2729 966 decor
2782 912 2995 967 confert
3036 917 3230 971 anima:
3280 919 3520 972 delecta-

1935 1000 2157 1053 tionem.
2211 1002 2389 1070 Atque
2448 1011 2504 1056 ut
2554 1003 2611 1066 ii,
2649 1004 2845 1070 quibus
2917 1007 3080 1075 regite
3134 1010 3390 1084 veSIibttla
3433 1001 3535 1065 in-l

1933 1094 2082 1162 gredi
2142 1093 2314 1158 licuit,
2348 1096 2620 1148 interttatn
2675 1099 3126 1168 compositionem
3158 1102 3227 1153 ab
3277 1104 3515 1157 exterio-

1935 1187 2085 1241 ribus
2136 1186 2477 1255 conjectant;
2504 1205 2734 1260 qua-que
2767 1208 2927 1245 sensu
2981 1194 3211 1246 tniuitne.
3253 1194 3520 1251 discreve-

1928 1287 2077 1342 l'llnl,
2131 1287 2310 1333 mente
2336 1279 2650 1343 observant,
2677 1294 2838 1352 alque
2873 1299 3124 1352 magnum
3171 1286 3370 1361 aliquid
3395 1289 3518 1342 inde

1928 1369 2215 1437 cogitant:
2265 1370 2317 1423 id
2390 1372 2563 1438 ipsum
2629 1375 2850 1428 omnino
2898 1366 3089 1446 primis
3141 1379 3513 1434 encomiorum

1929 1459 2207 1528 prtclttdiis
2229 1464 2450 1517 evenire
2468 1466 2890 1534 ostenditur;ac
2918 1470 3136 1538 quidem
3168 1473 3217 1524 in
3240 1473 3511 1538 omnibus,
3615 1484 3617 1486 ‘

1929 1561 2092 1621 puto;
2121 1553 2260 1608 haud
2287 1570 2476 1624 parum
2512 1571 2641 1611 vero
2669 1573 2734 1613 ex
2779 1560 2897 1614 istis
2925 1544 3094 1615 videri
3147 1564 3338 1632 possit.
3370 1564 3513 1620 Sane

1929 1646 2076 1698 enim
2109 1646 2342 1702 sublime
2367 1649 2542 1703 ductis
2565 1650 2833 1706 orationis
2856 1653 3119 1720 exordiis,
3157 1653 3404 1724 plurimis
3455 1671 3514 1712 se
3572 1677 3575 1692 τ

1927 1737 2086 1790 exiis
2116 1737 2431 1806 splendidus
2452 1743 2756 1811 argumenti
2785 1755 3031 1809 ornatus,
3073 1745 3242 1815 gloria
3301 1762 3364 1802 ac
3421 1750 3512 1804 de-

1932 1843 2060 1882 mre
2147 1830 2379 1884 diversis
2444 1834 2737 1888 crementis
2804 1846 3090 1904 praestans,
3152 1851 3217 1893 ac
3279 1839 3519 1894 eximius

1850 1911 1894 1969 Β
1925 1922 2125 1991 prodit.

1994 2035 2161 2092 Nobis
2199 2039 2378 2108 itaque
2408 2041 2746 2109 propositum
2781 2051 2887 2109 est,
2919 2054 2975 2098 ttt
3005 2044 3072 2100 ad
3112 2044 3206 2101 Dei
3272 2046 3512 2107 Gcnitri-

1922 2128 2002 2180 cis
2030 2127 2353 2182 hodiernum
2391 2132 2692 2199 ingressum
2728 2133 3001 2188 tantillum
3051 2137 3242 2193 oculos
3284 2142 3508 2196 diduca-

1923 2234 2065 2286 ntus,
2099 2234 2163 2274 ac
2193 2233 2455 2287 quantum
2491 2221 2725 2288 licuerit,
2752 2224 3022 2279 occultam
3051 2227 3507 2296 pulchritudinem

1920 2311 2242 2368 obtueamur
2267 2331 2282 2380 ;
2304 2314 2501 2384 quippe
2533 2318 2718 2384 nequit
2745 2317 2882 2384 ﬁeri,
2911 2329 2967 2373 ut
3002 2328 3168 2375 totam
3202 2337 3402 2392 quanta
3425 2341 3504 2380 est

1920 2405 2161 2461 laetitiam
2219 2408 2516 2462 videamus.
2575 2409 2669 2462 Eia
2731 2412 2895 2480 igitur
2957 2413 3026 2467 ad
3082 2415 3345 2474 interiora
3381 2434 3505 2489 pm-

1919 2498 2116 2566 gressi,
2176 2499 2498 2563 ductricem,
2531 2497 2794 2571 Reginam
2851 2501 3020 2573 ipsam
3055 2519 3382 2575 praeeuntem
3423 2524 3505 2569 tc-

1921 2601 2167 2642 neamus.
2204 2586 2516 2656 Enimvero,
2546 2591 2810 2646 immensa
2843 2607 2988 2648 nunc
3036 2595 3154 2651 luce
3184 2598 3339 2654 video
3398 2604 3503 2655 cir-

1919 2679 2222 2734 t'ttntfusaut
2266 2682 2603 2738 celebritatis
2655 2682 2874 2751 faciem,
2904 2700 2968 2741 ac
3004 2700 3182 2744 mente
3242 2691 3499 2757 illustror,
3585 2734 3589 2738 -

1915 2777 2168 2843 subitque
2216 2777 2456 2829 animum
2499 2785 2557 2830 ut
2588 2785 2732 2832 totus
2778 2780 3042 2847 gestiam;
3079 2799 3400 2855 magnaque,
3435 2807 3497 2846 ea

1913 2881 2035 2934 qua:
2074 2867 2425 2922 celebrantur
2460 2870 2752 2939 imaginor,
2791 2873 3016 2942 parique
3045 2879 3265 2946 angelos
3303 2883 3501 2949 gaudio

1913 2959 2139 3012 choreas
2166 2971 2410 3029 agentes,
2437 2976 2502 3015 ac
2557 2979 2691 3017 nova
2722 2966 2928 3028 omnia,
2983 2969 3300 3042 cmlestique
3342 2988 3493 3029 com-

1913 3053 2182 3122 pesitiune
2209 3070 2274 3108 ac
2307 3056 2503 3110 decore
2527 3056 2686 3124 digna
2751 3060 3058 3118 considero.
3092 3061 3229 3118 llinc
3281 3082 3494 3125 rursum

1913 3142 2095 3196 \idere
2117 3145 2300 3197 videor
2319 3146 2510 3214 ipsius,
2529 3161 2654 3215 qua:
2682 3147 3248 3221 laudandaittcnntbit,
3264 3160 3462 3215 retleun

213 3211 401 3264 πάντα
426 3213 669 3283 πληροῦν
710 3215 1056 3286 εὐφροσύνης
1107 3216 1199 3269 τὸν
1232 3218 1512 3288 σύλλογον,
1559 3220 1658 3284 τὰς
1701 3222 1806 3276 δω-

230 3305 358 3326 _-l._
406 3306 536 3326 1A,-lsl
580 3325 585 3326 ,
634 3324 811 3326 -ᾉ-.,
862 3309 873 3326 Ι
936 3325 943 3326 ,
1008 3325 1019 3326 κ
1158 3313 1172 3326 ι
1211 3311 1225 3326 ι
1312 3314 1336 3326 η
1449 3311 1460 3326 σ
1627 3313 1669 3326 ιι
1738 3315 1781 3326 ,Α

1914 3245 2018 3289 tem
2046 3239 2098 3290 itt
2136 3241 2371 3293 medium
2397 3241 2650 3310 gratiam,
2677 3253 2990 3312 cmtutnqtte
3021 3249 3332 3308 universum
3347 3254 3492 3326 larga

221 3305 359 3375 ρεάς
397 3306 648 3374 ἀφθόνως
672 3309 1113 3378 προσνέμουσαν.
1146 3311 1237 3363 Διὸ
1275 3314 1340 3382 τῇ
1369 3311 1576 3365 τούτων
1623 3313 1805 3368 ἑλπίδι

213 3397 607 3468 προσέχοντες,
636 3399 1076 3471 συνεισέλθωμεν
1094 3400 1360 3468 ἅπαντες,
1375 3403 1437 3456 τὸ
1456 3404 1804 3475 ὀφειλόμενον

215 3492 459 3557 ἀποδοὺς
487 3493 720 3556 ἕκαστος
749 3507 765 3522 ⁶
807 3495 836 3546 ό
862 3493 1060 3562 λέγων,
1091 3495 1216 3559 τοὺς
1246 3495 1437 3564 λόγους
1459 3513 1474 3528 ο
1503 3495 1604 3566 τὴν
1634 3498 1802 3569 ἀκοὴν

212 3585 474 3649 συνετῶς,
499 3587 527 3638 ό
557 3586 771 3639 ἀκούων
806 3602 818 3616 ·
855 3588 884 3639 ὁ
936 3585 1226 3650 διακονῶν,
1277 3589 1378 3658 τὴν
1429 3587 1798 3659 ἐκπλήρωσιν,

210 3677 312 3729 καὶ
343 3677 520 3730 πάντα
574 3669 648 3730 ὧν
678 3678 710 3746 ἡ
737 3677 837 3746 τῆς
867 3675 1059 3746 χρείας
1085 3675 1318 3742 έκτισις,
1343 3680 1410 3750 τῇ
1439 3679 1632 3750 εἰσόδῳ
1667 3697 1800 3750 προ-

211 3767 504 3838 τρέπεται.
549 3769 922 3837 Ἦγείσθωσαν
960 3763 1138 3834 οὖνοὶ
1176 3768 1348 3839 λόγοι,
1381 3771 1449 3824 τά
1481 3770 1610 3842 ἑξῆς
1663 3772 1800 3841 πρὸς

211 3862 444 3924 ἑαυτοὺς
476 3861 822 3928 συνάγοντες.

289 4090 429 4160 Ἤδη
465 4087 568 4154 μὲν
599 4084 693 4141 οὖν
725 4087 775 4140 oi
805 4087 906 4158 τὴν
951 4086 1231 4160 Παρθένον
1272 4089 1542 4156 τεκόντες,
1573 4091 1667 4143 ἐπὶ
1702 4091 1794 4144 τοῦ

210 4184 346 4241 ναοῦ
378 4189 499 4248 ταῖς
528 4185 724 4259 θύραις
750 4186 957 4254 ταύτην
992 4186 1292 4257 προσῆγον,
1329 4186 1581 4255 ἀγγέλων
1609 4187 1795 4258 κύκλῳ

203 4278 683 4351 δορυςορούντων,
731 4278 826 4330 καὶ
858 4277 1048 4331 πασῶν
1076 4278 1466 4347 ύπερκοσμίων
1509 4279 1795 4350 δυνάμεων

205 4368 645 4442 συγχαιρουσῶν.
684 4369 748 4423 Ei
785 4368 896 4441 γάρ
939 4369 1035 4423 καὶ
1088 4369 1180 4422 τὸν
1207 4370 1521 4441 ἀπόρρητον
1565 4371 1792 4440 ἠγνόουν

200 4463 304 4519 τοῦ
362 4462 666 4534 μυστηρίου
719 4461 948 4533 τρόπον,
1004 4460 1123 4513 ἀλλ’
1151 4460 1229 4524 ὼς
1280 4459 1481 4525 δοῦλοι,
1516 4462 1791 4516 Δεσπότου

205 4551 536 4623 προστάξει,
563 4555 630 4624 τῇ
661 4551 866 4622 ταύτης
926 4550 1141 4652 προόδῳ
1191 4551 1631 4652 καθυπηρέτρυν.
1681 4552 1790 4652 Kc}
1820 4597 1866 4652 Β

202 4643 434 4716 πρῶτον
465 4645 588 4715 μὲν,
652 4644 822 4714 αὐτὴν
861 4642 1159 4697 κατενόουν
1215 4641 1454 4712 ὁρῶντες
1496 4642 1574 4706 ὡς
1602 4642 1788 4715 νοεραὶ

205 4735 408 4806 φύσεις
437 4736 610 4800 ὄντες,
646 4734 840 4799 σκεῦος
864 4733 1046 4805 τίμιον
1069 4733 1278 4806 ἀρετῶν
1309 4729 1507 4798 οὖσαν,
1541 4734 1790 4806 σύμϐολα

196 4845 267 4893 τε
288 4829 385 4896 τῆς
407 4828 687 4900 ἀκηράτου
705 4815 1406 4898 καθαρότητοςφέρουσαν,
1430 4827 1610 4880 καὶτὸ
1627 4827 1788 4898 σῶμα

198 4920 587 4991 ἀνῳκισμένον
640 4921 738 4991 τῆς
783 4919 893 4974 τῶν
936 4918 1127 4973 παθῶν
1177 4918 1462 4989 ἐπιμιξίας
1513 4919 1782 4990 ἔχουσαν·

196 5013 398 5066 ἔπειτα
419 5013 511 5079 δὲ,
538 5016 638 5066 οὐκ
663 5011 1019 5074 ἀπειθοῦντες
1034 5013 1100 5081 τῇ
1124 5009 1399 5078 κελεύσει,
1418 5010 1517 5082 τὴν
1539 5010 1783 5082 λειτουρ-

192 5105 329 5174 γίαν
353 5105 646 5175 ἐπλήρουν.
680 5105 813 5157 Τότε
843 5103 909 5175 δὴ
939 5103 1223 5173 λαμπάδες
1264 5104 1444 5171 φωτὸς
1494 5104 1594 5175 τὴν
1652 5105 1768 5157 εῐσ-

192 5195 323 5250 οδον
351 5194 802 5265 κατεφσίδρυνον,
833 5195 928 5247 καὶ
969 5195 1148 5246 πάντα
1179 5193 1281 5246 ὅσα
1313 5191 1390 5262 τῷ
1419 5193 1532 5262 ναῷ
1571 5193 1778 5264 περιεί-

191 5289 396 5352 ληπτο,
422 5286 558 5357 πρὸς
593 5286 826 5355 εὐωχίαν
871 5286 1185 5355 ἐτρέποντο,
1225 5284 1426 5346 αὐτῶν,
1460 5281 1636 5353 οἶμαι,
1667 5283 1776 5336 τῶν

191 5376 429 5448 ἀψύχων
466 5379 577 5438 τοῖς
613 5375 868 5444 ἀγγέλοις
894 5375 1297 5445 συνηδομένων.
1322 5375 1415 5426 Διὸ
1454 5375 1620 5444 κάμοὶ
1643 5391 1776 5443 συγ-

187 5469 449 5541 χορεύειν
481 5467 692 5531 τούτοις
742 5467 1119 5538 προσγίνεται,
1152 5467 1394 5536 μεγάλην
1425 5483 1485 5520 τε
1518 5468 1593 5531 ὡς
1632 5486 1776 5539 παρ-

190 5565 312 5617 όντι
358 5562 482 5614 τότε
538 5561 726 5628 φωνὴν
765 5559 1097 5631 ἀπορρῆξαι,
1129 5561 1223 5612 καὶ
1260 5558 1453 5629 βοῆσαι
1508 5560 1646 5630 πρὸς
1690 5560 1780 5613 τὸν

189 5653 328 5707 ναὸν
361 5666 375 5682 ⁶
420 5649 833 5717 Ἐπεισέρχεται
888 5650 990 5720 ἥδη
1017 5665 1031 5680 ⁸
1070 5652 1164 5701 καὶ
1219 5649 1548 5720 προσφόρως
1603 5650 1776 5721 ῥηθή-

192 5759 354 5797 σεται
387 5758 402 5774 ο
437 5742 715 5796 Πλάτυνον
745 5743 841 5806 τὰς
871 5741 1152 5807 ἐπαύλεις,
1192 5740 1430 5813 λέγοντι,
1465 5743 1602 5814 πρὸς
1640 5745 1774 5796 ὐπο-

264 5899 310 5931 “
354 5898 455 5952 Isa.
487 5915 591 5963 t.tv,
620 5897 670 5951 2.

1910 3345 2192 3384 munerum
2247 3332 2649 3399 distributiune,
2691 3337 2875 3391 laetitia
2932 3339 3261 3412 intplctttetn.
3293 3345 3486 3413 Quatu-

1907 3422 2096 3476 obrctn
2149 3425 2216 3477 iis
2265 3441 2362 3494 spe
2389 3440 2541 3483 certa
2568 3432 2806 3488 animum
2833 3437 3184 3502 adhibentes.
3223 3457 3328 3512 una
3370 3457 3490 3497 ont-

1906 3530 2002 3568 nes
2027 3515 2414 3584 ingrediantur,
2443 3529 2503 3574 ut
2521 3524 2754 3592 quisque
2781 3535 2958 3583 tamen
2991 3531 3231 3586 debitum
3259 3530 3486 3592 oﬂerat:

1907 3617 2116 3670 orator,
2171 3622 2500 3677 sermones;
2563 3616 2885 3682 prudentem
2941 3622 3184 3676 auditum
3231 3627 3486 3692 auditor;

1909 3698 2179 3763 minister,
2209 3713 2398 3755 eorum
2428 3716 2552 3772 qua
2575 3706 2726 3776 jussa
2785 3708 2988 3765 fuerint
3020 3714 3482 3786 adimpletioncm.

1904 3788 2264 3860 universaque
2343 3808 2574 3861 quorum
2629 3803 2992 3858 necessariam
3062 3792 3485 3876 persohttionetn

1901 3879 2176 3949 ingressus
2208 3893 2410 3936 monet.
2435 3882 2685 3942 Praemt
2744 3905 2874 3960 ergo
2935 3908 3238 3965 sermones,
3273 3914 3339 3956 ac
3360 3902 3486 3957 reli-

1900 3985 2003 4039 qua
2024 3970 2090 4025 ad
2118 3985 2180 4026 se
2209 3973 2486 4044 colligant.

1967 4083 2086 4138 Jaut
2113 4087 2296 4179 itaque
2351 4101 2605 4160 parentes
2647 4095 2908 4169 Virginis,
2945 4102 3176 4170 puellam
3201 4105 3480 4179 Virginem

1897 4191 1995 4246 pro
2023 4178 2209 4249 templi
2243 4180 2449 4237 foribus
2478 4183 2800 4256 oﬂerebanl,
2825 4192 3253 4267 circumquaque
3273 4178 3481 4271 siipan-

1899 4267 2042 4324 tibus
2105 4271 2332 4338 angelis,
2375 4276 2748 4348 universisque
2801 4290 3257 4351 supramundattis
3297 4267 3479 4350 Virtu-

1897 4359 2040 4415 tibus
2064 4361 2484 4433 gratulantibus.
2525 4367 2843 4441 Quanquam
2878 4380 3024 4432 enim
3053 4382 3478 4442 nesciebant»-

1893 4467 2091 4508 canum
2123 4459 2451 4512 sacramenti
2485 4462 2724 4526 modum,
2751 4473 2810 4518 ut
2843 4469 2985 4524 servi
3021 4479 3224 4541 tamen,
3250 4474 3475 4544 iubente

1895 4544 2149 4613 Domino,
2181 4550 2457 4617 processul
2489 4551 2888 4611 ministrabant.
2908 4559 2987 4614 Ac
3021 4563 3197 4632 primo
3228 4569 3469 4638 quidem.

1893 4651 1994 4694 ceu
2056 4637 2313 4709 Spiritus
2344 4641 2691 4709 exsistentes,
2753 4650 3052 4717 pretiosum
3091 4667 3189 4713 vas
3211 4637 3468 4717 virtutum

1889 4731 2079 4786 intenti
2124 4733 2562 4801 considerabant,
2589 4753 2708 4807 quae
2739 4750 2795 4796 et
2852 4741 3176 4818 incorruptae
3222 4755 3470 4822 puritatis

1887 4821 2129 4892 symbola
2157 4835 2372 4893 gereret
2401 4842 2706 4898 corpusque
2731 4845 2761 4883 a
2785 4832 3040 4891 vitiorum
3090 4821 3468 4902 commistione

1886 4923 2156 4967 secretum
2193 4914 2453 4983 haberet;
2503 4930 2725 4989 tumque
2758 4922 2852 4978 Dei
2924 4940 3194 4998 praecepto
3217 4946 3468 5002 gerentes

1887 5017 2116 5068 moretn,
2149 5005 2510 5063 ministerium
2541 5010 2855 5078 implebant.
2890 5014 3040 5073 Tunc
3063 5021 3220 5088 plane
3257 5025 3465 5097 lampa—

1887 5098 1980 5150 des
2012 5096 2145 5150 lucis
2170 5097 2472 5166 ingressum
2513 5102 2872 5171 illustrabant,
2914 5110 3275 5182 universaque
3310 5096 3461 5172 tem-

1889 5189 1960 5256 pli
1988 5190 2192 5244 ambitu
2239 5201 2515 5259 contenta,
2552 5195 2616 5247 ad
2657 5195 2857 5253 laetltite
2916 5204 3103 5271 epulas
3136 5205 3462 5274 invitabant,

1888 5283 2020 5348 ipsis
2054 5291 2183 5351 puto
2215 5284 2526 5342 inanimatis
2557 5290 2738 5352 rebus,
2766 5294 3042 5347 communi
3083 5311 3207 5351 cum
3255 5301 3461 5369 angelis

1880 5375 2076 5443 gaudio
2130 5375 2545 5442 exsultantibus.
2603 5379 2967 5447 Quamobrem
3043 5390 3170 5442 mihi
3243 5406 3459 5464 quoqua

1883 5469 2116 5536 tripudio
2154 5467 2441 5523 laetandum
2477 5474 2644 5536 subit,
2685 5491 2751 5528 ac
2792 5479 2933 5531 velut
2959 5479 3008 5533 id
3031 5484 3285 5553 temporis
3318 5500 3456 5552 pm~

1877 5574 2003 5612 sens
2053 5575 2252 5626 essem,
2314 5579 2558 5629 magnam
2633 5564 2831 5621 ctl'erre
2899 5585 3106 5637 vocem,
3173 5587 3337 5646 atque
3386 5582 3453 5633 ad

1878 5652 2133 5718 templum
2191 5653 2428 5706 clamare
2484 5674 2497 5708 :
2553 5655 2667 5710 Jatn
2730 5659 3067 5728 ingreditur,
3121 5667 3455 5739 proiudeque

1874 5758 2108 5814 congrue
2124 5746 2332 5806 dicatur
2359 5764 2371 5800 :
2402 5745 2573 5804 Dilata
2598 5751 2796 5806 cubilia
2834 5762 2922 5808 tua
2951 5753 3017 5822 ¹⁸,
3046 5768 3103 5813 ut
3126 5775 3246 5815 eam
3273 5761 3454 5819 susci-
