4166 6440
235 366 361 426 1440

1184 360 1264 420 IN
1309 362 1412 420 SS.
1455 363 1650 421 DElP.
1695 363 2142 427 INGRESSUM
2181 364 2262 424 IN
2302 362 2526 423 TEMP.

3355 363 3494 427 1450

228 479 429 548 πλῆρες
467 473 717 547 δακρύων
761 470 999 544 συνεχῶς
1031 473 1089 527 τὸ
1115 473 1268 543 δμμα
1305 474 1541 544 διαῖρον·
1584 474 1678 527 καὶ
1710 474 1807 526 σὺν

1918 473 2235 537 extendens,
2294 488 2356 526 ac
2410 469 2749 525 miserabiles
2813 469 3165 541 oppletosque
3237 473 3495 547 lacrymis

228 568 493 640 κλαυθμῷ
522 567 725 638 γοερὰν
755 566 854 637 τὴν
895 567 1082 642 φωνὴν
1120 566 1432 633 ὲκπέμπον,
1468 566 1559 618 καὶ
1579 565 1679 631 τὴν
1713 581 1804 615 τε-

227 661 359 714 κοῦσ
373 679 429 712 1v
464 657 935 729 ἀνακαλούμενον,
963 659 1022 709 τὸ
1052 657 1224 720 πάθος
1257 656 1572 726 δημοσιεύει
1593 672 1606 685 ·
1635 656 1664 708 ὃ
1687 656 1807 718 δέος

226 753 464 809 ἀπειλῶν
499 754 559 805 οὐ
613 750 1008 820 κατεσίγησεν’
1049 749 1173 804 οὐδὲ
1221 749 1330 804 τῶν
1379 748 1690 819 πολυτίμων
1739 746 1805 800 ἄν

224 865 306 912 τις
335 846 591 918 διδόμενα
638 843 773 916 Heg.
802 823 1121 915 διδόμενος]
1175 841 1245 894 τὰ
1269 841 1533 895 κάλλιστα
1565 856 1805 909 κατεμα-

225 938 448 991 λάκισεν
469 953 481 966 ·
516 936 607 989 ἀεὶ
642 929 698 989 δὲ
729 935 826 988 τοῦ
855 934 1191 1004 ζητουμένου
1222 933 1503 1003 ἐχόμενον,
1543 934 1680 1002 πρὸς
1710 931 1804 984 οὑ-

223 1031 308 1086 δὲν
336 1031 444 1083 τῶν
477 1029 913 1098 προτεινομένων
956 1026 1346 1096 ἐπιστρέφεται
1371 1044 1383 1057 ·
1421 1025 1478 1078 ἓν
1510 1025 1664 1088 εἰδὼς
1693 1025 1804 1076 τῶν

230 1127 561 1195 συνεχόντων
595 1125 838 1195 ἀνιαρῶν
895 1127 1210 1194 φάρμακον,
1243 1121 1305 1174 τὸ
1335 1115 1495 1180 αὖθις
1547 1121 1666 1180 τοῖς
1699 1135 1804 1185 μηο

224 1216 421 1287 τρῲοις
454 1218 751 1288 ἑπιφυῆναι
773 1217 1125 1287 σπλάγχνοις.
1161 1213 1312 1282 Αὕτη
1331 1214 1386 1266 δὲ
1411 1207 1503 1265 οὖν
1527 1213 1560 1282 ἡ
1587 1209 1803 1279 καθαρά

225 1311 424 1375 παντὸς
485 1312 650 1382 ἤθους
691 1310 789 1364 xui.
846 1311 1051 1373 πάθους
1089 1307 1472 1385 ἀνθρωπίνου,
1529 1306 1804 1368 ἀνάλωτος

227 1401 362 1458 οὖσα
393 1405 627 1468 τούτοις,
663 1405 757 1457 καὶ
791 1403 1102 1474 ὑψηλοτέρα
1147 1401 1246 1471 τῆς
1275 1401 1522 1468 ἀνάγκης
1572 1399 1672 1466 τῆς
1704 1396 1804 1467 φύ-

226 1514 383 1560 σεως,
438 1497 613 1550 οὐδενὶ
669 1495 878 1550 τούτων
926 1495 1026 1564 τῆς
1052 1493 1248 1564 ἡδονῆς
1283 1492 1622 1561 ἀπείραστον
1678 1490 1802 1544 νοῦν

224 1589 518 1658 ὑπεκλάπη
541 1606 553 1619 ·
591 1589 770 1642 καίτοι
805 1589 904 1658 τῆς
947 1586 1286 1649 διαστάσεως
1325 1584 1546 1655 χρονίας
1575 1599 1805 1650 γεγενη-

225 1683 413 1752 μένης,
449 1681 570 1734 οὺδὲ
611 1680 745 1752 πρὸς
773 1679 986 1750 ταύτην
1015 1677 1236 1750 ἠνιάθη.
1269 1679 1366 1740 Τίς
1393 1676 1516 1740 νοῦς
1547 1673 1805 1744 καθαρώ-

223 1789 384 1835 τατος
419 1772 558 1842 πρὸς
604 1771 873 1841 τοσαύτην
924 1769 1190 1840 ἐλήλακεν
1217 1767 1486 1820 ἀπάθειαν
1515 1767 1572 1818 ὲν
1597 1762 1802 1817 τελειό-

1914 568 2106 623 oculos
2141 566 2401 620 continue
2435 564 2677 618 intentos
2699 577 2762 617 ac
2781 573 2998 633 apertos
3031 563 3260 628 habens,
3293 579 3356 620 ac
3373 584 3493 622 cum

1915 658 2040 713 lletu
2083 675 2268 714 vocem
2301 657 2583 724 lugubrem
2617 655 2908 719 emittens,
2952 673 3016 711 ac
3061 666 3294 713 matrem
3340 675 3497 715 revo-

1913 764 2060 822 cans,
2102 749 2276 817 palam
2309 749 2549 802 dolorem
2583 747 2764 817 prodit
2803 761 2817 800 :
2865 762 3028 814 quem
3080 765 3177 804 nec
3224 749 3496 804 minarum

1912 841 2312 910 conipeseuerit
2345 842 2528 898 timor.
2563 855 2664 895 nec
2694 839 2909 911 largitio
2946 839 3051 894 ulla
3102 842 3488 910 pulcherrima-

1914 948 2034 986 rum
2071 948 2134 986 ac
2154 932 2385 1001 ingentis
2409 934 2566 1001 pretii
2593 948 2772 986 rerum
2800 932 3091 987 emollierit
3118 950 3131 986 :
3158 935 3286 1002 quin
3312 934 3498 1002 potius

1915 1027 1984 1079 ita
2017 1035 2100 1079 cst
2134 1035 2504 1094 comparatus,
2532 1034 2591 1079 ut
2636 1041 2856 1095 semper
2891 1026 3124 1096 qumsito
3160 1027 3394 1090 haerens,
3427 1028 3494 1079 ad

1914 1117 2049 1170 nihil
2082 1132 2270 1171 eorum
2305 1132 2364 1171 se
2396 1125 2700 1179 convertat,
2727 1131 2846 1185 qua:
2887 1117 3243 1176 demulcendo
3273 1125 3502 1187 praeten-

1915 1209 2154 1269 duntur;
2189 1208 2279 1276 qui
2324 1222 2515 1262 eorum
2551 1223 2677 1276 quae
2740 1206 2966 1262 molesm
3017 1206 3258 1264 alliciunt
3299 1223 3364 1262 ac
3414 1218 3501 1261 tc-

1918 1309 2072 1365 nent,
2118 1301 2335 1354 unicum
2391 1300 2518 1353 illud
2575 1299 2876 1354 remedium
2923 1298 3086 1364 sciat,
3148 1306 3208 1355 ut
3241 1301 3505 1354 maternis

1913 1407 2131 1447 rursum
2168 1391 2470 1446 visceribus
2497 1393 2858 1446 adhaerescet.
2896 1390 3021 1445 llzec
3050 1401 3258 1455 autem,
3294 1390 3362 1444 ab
3401 1391 3492 1443 hu-

1914 1499 2078 1539 mana
2103 1485 2248 1538 omni
2283 1483 2677 1538 consuetudine
2706 1497 2768 1535 ac
2801 1482 3088 1536 aliectione
3114 1482 3338 1547 munda,
3365 1481 3501 1535 nihil

1915 1578 1983 1633 iis
2015 1585 2178 1642 tacta,
2231 1591 2296 1632 ac
2335 1583 2546 1631 natura:
2581 1575 2910 1644 necessitate
2939 1573 3244 1640 suhliiuior,
3267 1575 3360 1628 ita
3404 1575 3500 1629 ha-

1915 1667 2054 1732 buit,
2083 1677 2144 1722 ut
2177 1682 2364 1722 eorum
2410 1665 2578 1733 nullo,
2628 1666 2946 1736 inexpertus
2996 1666 3337 1737 voluptatum
3382 1669 3501 1722 ani-

1915 1773 2038 1814 mus
2063 1758 2465 1813 subduceretur
2505 1777 2520 1812 :
2550 1773 2614 1812 ac
2641 1773 2955 1828 quanquam
2995 1759 3252 1814 diuturna
3288 1759 3386 1814 l'uit
3413 1775 3502 1815 εο-

223 1880 371 1932 τητι,
405 1863 525 1916 οἵαν
556 1864 614 1916 ὲν
648 1862 941 1932 νηπιότητι
973 1859 1116 1928 αὕτη
1157 1860 1190 1930 ἠ
1225 1856 1565 1919 πανάσπιλος
1592 1855 1803 1908 ἐπεδεί-

1918 1854 2145 1925 iunctio.
2176 1854 2311 1918 nihil
2380 1863 2562 1908 tamen
2595 1868 2716 1908 eam
2758 1853 2990 1908 moleste
3042 1853 3183 1908 tulit.
3231 1853 3368 1920 Quis
3415 1851 3503 1908 vel

224 1955 353 2022 ξατο
378 1972 392 2021 ς
422 1954 558 2009 Ποία
588 1954 758 2025 ψυχὴ,
787 1953 872 2018 τίς
902 1953 1162 2023 λογισμὸς
1185 1992 1200 2016 ,
1233 1950 1361 2004 ποία
1389 1951 1599 2004 διάνοια
1637 1949 1809 2011 οὕτως

224 2051 282 2102 ὲν
317 2050 478 2118 γήρει
521 2049 587 2117 τῇ
612 2046 721 2099 τῶν
749 2044 934 2101 καλῶν
959 2044 1160 2113 ἐκλογῇ
1191 2042 1251 2095 τὸ
1273 2044 1453 2113 χεῖρον
1481 2039 1808 2102 ἀπεδάλετο,

221 2141 299 2205 ὡς
339 2143 398 2194 ὲν
429 2140 644 2210 νεότητι
675 2136 848 2208 aii-.11;
881 2138 1015 2209 πρὸς
1053 2135 1160 2208 γάρ
1188 2136 1249 2188 τὺ
1279 2133 1581 2205 ἀκρότατον
1607 2131 1814 2184 τούτων

222 2234 565 2303 ἀπήντησεν.

1911 1947 2239 2017 purissimus
2287 1946 2541 2011 animus,
2602 1945 2785 2001 adulta
2839 1945 2950 2014 jam
3003 1961 3068 2002 ac
3119 1957 3500 2004 consummata

1915 2047 2096 2102 aetate.
2150 2039 2216 2092 ad
2255 2048 2460 2093 tantam
2518 2040 2697 2094 evasit
2735 2037 3083 2094 aﬂ'ectionum
3143 2038 3500 2103 vacuitatem,

1917 2137 2177 2201 quantam
2241 2130 2356 2186 luec
2410 2131 2713 2201 impolluta,
2769 2131 2884 2201 ipsa
2927 2131 3161 2186 iniantili
3212 2130 3501 2188 ostendit?

1919 2224 2050 2290 Quae
2083 2225 2264 2278 anima
2286 2263 2302 2288 ,
2334 2239 2455 2293 quae
2507 2224 2646 2278 ratio
2667 2265 2683 2291 ,
2711 2239 2900 2294 quaeve
2927 2239 3082 2282 mens
3105 2226 3371 2293 εἰσεπινί
3408 2239 3500 2279 se-

227 2336 441 2379 nectute
462 2325 689 2381 honesta
723 2322 952 2391 eligens,
978 2319 1120 2389 quod
1146 2317 1388 2373 deterius
1424 2325 1570 2371 esset
1593 2313 1812 2385 ahjecit,
1853 2316 1931 2371 uti
1958 2316 2074 2373 haec
2105 2317 2282 2387 prima
2339 2317 2671 2388 iuventute?
2732 2314 3022 2384 Nimirum,
3052 2320 3121 2373 ad
3153 2320 3346 2375 horum
3366 2334 3502 2377 eva-

222 2426 370 2473 serat
399 2429 670 2467 sunnnnm
703 2414 981 2466 verticem.

308 2508 465 2578 Ἐμοὶ
484 2507 539 2560 δὲ
576 2506 636 2560 οὐ
667 2506 860 2559 τούτου
889 2508 1047 2574 μόνον
1074 2502 1239 2556 ’ἑνεκα
1262 2496 1805 2571 ὕπερεκπλήττεσθαι

226 2602 538 2674 συμϐαίνει,
597 2598 738 2654 ἀλλὰ
774 2598 869 2653 καὶ
904 2596 1000 2649 τοῦ
1053 2597 1208 2666 ἀκμῇ
1245 2594 1501 2666 σώματος
1554 2592 1655 2665 τὴν
1701 2591 1809 2646 τῶν

224 2697 407 2752 ἀΰλων
443 2694 605 2761 φύσιν
634 2691 954 2763 ὑπεραίρειν
993 2689 1091 2760 τὴν
1123 2689 1477 2759 καθαρότητα
1529 2687 1626 2760 τῆς
1669 2705 1809 2743 παν-

222 2787 460 2858 αμώμου
481 2786 719 2856 Μαρίας.
751 2784 840 2853 Τῷ
868 2783 976 2855 γὰρ
991 2783 1230 2854 προῖόντι
1255 2782 1352 2851 τῆς
1383 2782 1599 2852 ἡλικίας
1624 2781 1685 2834 οὗ
1715 2780 1811 2848 μέ-

224 2879 490 2949 γατοῦτο
520 2877 738 2947 κριθείη
790 2874 867 2944 τῷ
918 2874 1206 2944 μυστηρίῳ
1260 2872 1808 2941 συγκαλυπτόμενον.

223 2974 340 3026 Καὶ
362 2972 417 3023 τί
452 2971 530 3024 δεῖ
564 2969 735 3039 μόνης
757 2966 961 3037 ταύτης
989 2965 1050 3018 τὸ
1077 2965 1476 3036 ἀνεπίστροφον
1508 2963 1652 3035 πρὸς,
1677 2965 1806 3026 τοὺς

223 3065 464 3128 οἰκείους
499 3061 826 3134 θαυμάζειν,
857 3060 991 3113 ὁπότ
1009 3060 1022 3077 ’
1045 3060 1110 3112 ἂν
1135 3061 1227 3111 καὶ
1275 3059 1402 3119 τοὺς
1421 3057 1591 3125 αὐτῆς
1615 3056 1807 3126 γεννή-

1984 2502 2117 2559 Mihi
2150 2515 2334 2560 autem
2359 2520 2466 2561 non
2500 2521 2565 2563 ea
2601 2516 2815 2563 tantum
2842 2516 3054 2565 ratione
3085 2524 3248 2579 supra
3282 2511 3502 2564 modum

1913 2597 2194 2662 admirari
2227 2613 2293 2654 ac
2316 2608 2538 2666 stupere
2557 2602 2726 2666 suLit,
2748 2618 2934 2658 verum
2957 2604 3124 2658 etiam
3145 2605 3507 2674 quod.primo

1914 2690 2094 2744 aetatis
2124 2688 2281 2754 ﬂore,
2308 2706 2372 2746 ac
2411 2692 2636 2760 rigente
2659 2709 2917 2763 corpore,
2955 2693 3126 2764 ipsam
3185 2697 3504 2767 incorpore-

1914 2797 2099 2845 oruni,
2130 2799 2192 2837 ac
2229 2785 2358 2838 nulli
2393 2795 2777 2841 concretorum
2815 2790 3078 2854 materiae,
3102 2799 3384 2858 naturam,
3415 2793 3504 2847 in-

1918 2875 2353 2931 temeratissiinaz
2384 2877 2568 2933 Maria:
2625 2879 2834 2945 puritas
2881 2891 3186 2949 superaret.
3233 2881 3502 2941 Processu

1922 2983 2157 3037 namque
2181 2970 2379 3034 aitatis,
2403 2971 2546 3024 haud
2570 2971 2862 3026 admodum
2882 2988 3138 3043 maguum
3155 2973 3208 3026 id
3227 2973 3500 3037 videatur,

1922 3061 2235 3117 obnubente
2273 3064 2554 3133 mysterio.
2591 3064 2727 3130 Quid
2762 3079 2894 3120 vero
2924 3067 3089 3120 etiam
3126 3065 3313 3120 mirari
3340 3081 3505 3137 opor-

223 3175 391 3228 τορας
453 3159 509 3210 ἐν
575 3155 753 3225 τούτῳ
811 3150 1254 3223 μεγαλυνθέντας
1286 3147 1541 3218 ὀρῶμεν;
1577 3148 1652 3200 Οὐ
1692 3147 1802 3214 γὰρ

1922 3161 2053 3216 teat,
2110 3165 2169 3207 ut
2221 3169 2283 3208 ea
2322 3155 2434 3209 sola
2492 3156 2625 3210 nihil
2678 3172 2737 3213 se
2772 3159 2843 3212 ad
2892 3168 3151 3227 cognatos
3206 3163 3500 3223 averterit;

222 3250 335 3304 055‘
366 3249 520 3302 αὐτοὶ
549 3248 684 3318 πρὶς
714 3249 810 3315 τὴν
837 3244 930 3297 τοῦ
967 3243 1224 3311 φιλτάτου
1268 3241 1553 3294 διάστασιν
1580 3238 1806 3308 ιὴγανά-

226 3359 461 3410 κτησαν,
494 3341 616 3395 οὐδὲ
645 3337 714 3392 τά
745 3337 988 3408 πατρικά
1015 3333 1450 3404 συνεκινήθησαν
1489 3331 1772 3401 σπλάγχνα
1793 3348 1806 3361 ·

222 3435 349 3488 οὐδὲ
375 3435 451 3502 τῲ
471 3434 680 3502 κέντρῳ
707 3433 804 3500 τῆς
835 3429 1052 3496 φύσεως
1072 3425 1520 3496 κατετρώθησαν,
1553 3424 1647 3478 καὶ
1671 3423 1810 3493 πρὸς

221 3529 326 3598 τὴν
361 3526 525 3579 παῖδα
551 3523 712 3578 πάλιν
740 3524 907 3578 ἀναστ
923 3521 1210 3594 ραφέντες,
1240 3519 1319 3589 τῷ
1351 3518 1574 3588 συνήθει
1604 3517 1810 3588 ταύτην

225 3619 668 3692 περιεπτύξαντο
693 3615 861 3688 πόθῳ.

303 3904 379 3955 Οὐ
439 3901 700 3972 ῥημάτιον
734 3896 796 3951 τὸ
839 3894 936 3967 ἡδὺ
972 3894 1067 3949 καὶ
1119 3890 1503 3963 δυσάρθρωτον
1553 3892 1632 3953 εἰς
1675 3890 1810 3961 μνή-

229 4011 340 4064 μην
387 3993 561 4054 ἐλθὸν,
611 3991 705 4042 τὸν
754 3988 1017 4056 λογισμὸν
1059 3985 1242 4047 αὐτοῖς
1291 3981 1678 4053 συνετάραξεν.
1733 3981 1807 4034 Οὐ

225 4090 360 4149 (θέας
420 4087 514 4138 καὶ
574 4081 861 4153 διατριϐῆς
916 4079 1012 4134 καὶ
1073 4077 1300 4138 κάλλους
1362 4075 1712 4137 ἀνατύπωσις
1754 4076 1812 4126 ὲν

223 4179 306 4248 νῷ
346 4175 872 4247 ὅιαζωγραιξηθὲντα
903 4213 918 4234 ,
979 4172 1072 4225 an
1105 4173 1162 4224 ὲν
1204 4168 1505 4222 ἀπολαύσει
1547 4167 1812 4236 πρότερον

223 4273 400 4336 εντα,
465 4269 822 4340 σφοδρότερον
876 4265 1072 4328 αὐτοὺς
1143 4261 1356 4331 ἡνίασε.
1419 4262 1530 4314 Καὶ
1589 4259 1698 4330 γὰρ
1750 4259 1811 4312 οὐ

229 4367 310 4435 μὴ
370 4364 432 4416 τὸ
478 4361 919 4433 προσγενόμενον
969 4357 1211 4424 ἀγαθὸν,
1259 4354 1334 4418 ὡς
1392 4354 1454 4407 τὸ
1512 4350 1813 4424 ἀφαιρεθὲν

224 4459 292 4510 τὸ
325 4456 572 4523 λυπηρὸν
607 4453 783 4523 φέρει.
817 4450 892 4502 Τὸ
919 4449 1028 4518 γὰρ
1079 4448 1154 4516 μὴ
1182 4448 1239 4497 ἐν
1285 4445 1451 4516 πείρᾳ
1491 4443 1806 4514 γενόμενον,

1919 3248 2137 3315 quando
2182 3259 2236 3300 et
2268 3248 2438 3314 ipsius
2464 3259 2804 3316 parentesea
2839 3259 2994 3320 parte
3023 3252 3250 3319 gloriam
3276 3255 3504 3322 adeptus

1901 3336 2330 3407 conSpicimus?
2358 3336 2492 3391 Nam
2521 3353 2591 3394 ne
2630 3338 2705 3392 illi
2729 3338 2948 3409 quidem
2986 3340 3295 3397 charissimi
3325 3341 3503 3412 pigno-

1915 3429 1996 3483 ris
2046 3429 2438 3497 seiunctionem
2480 3431 2766 3486 molestius
2823 3431 3174 3488 habuerunt:
3205 3443 3370 3491 autve
3404 3451 3500 3502 pa-

1918 3531 2068 3576 terna
2107 3522 2316 3576 viscera
2376 3537 2443 3577 eo
2494 3533 2767 3578 commota
2820 3534 2950 3578 sunt
2989 3541 3004 3579 :
3046 3534 3140 3580 aut
3185 3525 3259 3579 illi
3294 3535 3500 3585 natura:

1917 3614 2141 3671 Slintulo
2212 3615 2500 3677 vulnerati.
2557 3631 2883 3686 rursumque
2937 3617 3003 3670 ad
3065 3617 3302 3687 puellam
3344 3628 3500 3673 ..eon=

1919 3708 2087 3774 versi,
2124 3709 2266 3777 quod
2323 3709 2491 3763 moris
2525 3718 2667 3774 erat,
2720 3724 2839 3765 eam
2887 3709 3159 3767 desiderio
3197 3712 3496 3781 amplexati

1913 3807 2062 3854 sunt.

1993 3892 2140 3946 Nihil
2169 3893 2460 3950 verborum
2490 3895 2719 3950 necdum
2743 3896 2879 3950 satis
2909 3895 3289 3951 distinctorum
3321 3897 3496 3951 dulcia

1916 3984 2313 4041 balbutimenta
2363 3988 2417 4040 in
2454 3987 2773 4042 memoriam
2832 3999 3104 4054 revocata,
3145 4003 3334 4043 eorum
3366 4006 3500 4045 con-

1920 4078 2210 4132 turbarunt
2243 4077 2456 4134 animos
2483 4096 2497 4131 :
2530 4094 2636 4132 non
2674 4091 2945 4147 aspectus.
2975 4095 3269 4150 morerque,
3301 4097 3362 4136 ac
3384 4097 3503 4150 spe-

1917 4169 2021 4224 ciei
2072 4168 2388 4224 informatio
2454 4180 2634 4224 inelite
2690 4171 2925 4232 haerens,
2966 4173 3313 4243 obiectaque,
3354 4174 3501 4229 velut

1919 4277 2107 4316 eorum
2169 4277 2399 4330 quorum
2459 4264 2611 4331 prius
2665 4273 2944 4330 compotes
2981 4263 3236 4333 fuissent,
3282 4268 3503 4336 gravius

1917 4353 2283 4408 contristavil.
2322 4352 2509 4422 Neque
2535 4354 2679 4408 enim
2726 4355 2950 4423 perinde
2993 4356 3279 4410 molestum
3314 4369 3372 4412 ut
3404 4361 3500 4413 ho-

1925 4462 2054 4498 num
2083 4459 2191 4499 non
2216 4445 2461 4512 accedat,
2498 4454 2660 4515 atque
2714 4456 2772 4499 ut
2804 4446 2933 4500 illud
2979 4447 3282 4502 auferatur.
3333 4447 3503 4518 Cujus

225 4553 290 4602 ἐν
322 4547 590 4617 ἐπιθυμίᾳ
618 4546 716 4614 τὴν
744 4543 936 4611 κτῆσιν
967 4541 1080 4609 ἔχει
1101 4556 1114 4567 ο
1150 4535 1238 4605 τῷ,
1257 4537 1314 4589 δὲ
1349 4538 1564 4605 τυχόντι
1591 4539 1648 4589 ὲν
1677 4538 1808 4588 ἀπο⁴

1924 4538 2070 4591 enim
2110 4537 2490 4605 experimento
2544 4546 2761 4607 gustum
2809 4552 2931 4596 .non
2992 4536 3414 4607 fecimus,'ejus
3440 4543 3501 4596 in

223 4640 417 4693 λαὺσει
469 4635 757 4704 γενέσθαι,
811 4635 909 4685 σὺν
953 4633 1019 4699 τῇ
1053 4627 1294 4698 ἀποϐολῇ
1340 4626 1401 4680 τὸ
1431 4627 1810 4696 ἀλγεινότερον

228 4732 486 4802 προξενεῖ
505 4745 518 4759 ·
545 4730 638 4780 καί
673 4727 930 4796 μάλιστα,
950 4715 1024 4776 ὧν
1055 4723 1186 4792 ἡμῖν
1218 4719 1344 4788 περὶ
1365 4716 1557 4770 πολλοῦ
1588 4719 1621 4787 ὴ
1649 4734 1812 4786 φρον-

225 4828 318 4888 τὶς
346 4823 676 4889 καθέστηκε,
700 4819 909 4872 τούτων
928 4820 990 4870 ὲκ
1012 4816 1387 4886 περιουσίαςή
1412 4812 1619 4883 ἀθυμία
1646 4812 1813 4865 ἀπόν-

227 4938 342 4972 των
377 4916 754 4988 προσγίνεται.

307 5102 466 5165 Εἰκὸς
499 5100 592 5154 οὖν
647 5100 695 5151 εί
729 5098 864 5168 πρὸς
905 5095 1065 5149 τοῦτο
1099 5092 1479 5163 ἐδυσχέραινον
1511 5091 1560 5142 οῖ
1590 5090 1810 5152 δίκαιοι,

220 5198 463 5267 θάτερον
517 5192 694 5246 αὐτῶν
723 5189 799 5260 τῷ
833 5189 1006 5259 ἑτέρῳ
1043 5186 1266 5240 τοιῶσδε
1307 5169 1704 5255 προσομιλεῖν·
1749 5180 1814 5232 Τί

222 5298 268 5362 ἠ
290 5291 398 5343 τῶν
426 5286 635 5340 πολλῶν
660 5285 898 5354 δεήσεων
924 5283 1057 5349 ἡμῖν
1091 5281 1425 5347 συνήνεγκεν
1453 5275 1724 5348 ἐπιμονῆς
1749 5273 1814 5324 Τί

232 5383 345 5436 τῶν
360 5377 793 5450 μονιμωτέρωνὴ
820 5373 912 5427 τοῦ
933 5371 1068 5424 Θεοῦ
1093 5368 1564 5440 ὲγκατ[αλ]έλοιπε
1591 5366 1770 5435 δωρεά
1796 5383 1811 5432 ;

226 5475 374 5543 Τίςὴ
400 5474 494 5542 τῆς
512 5472 699 5532 ὠδῖνος
714 5468 899 5536 ὄνησις
922 5483 936 5526 ς
956 5465 1099 5533 Τίςη
1121 5462 1217 5531 τῆς
1241 5460 1425 5524 παιδὸς
1449 5459 1774 5528 παραμυθία
1799 5476 1812 5523 ;

227 5564 320 5617 Τὰ
338 5563 437 5631 τῆς
465 5559 810 5627 τεκνογονίας
853 5557 1188 5627 χαρίσματα,
1225 5553 1324 5606 οὐκ
1353 5553 1411 5604 ὲν
1449 5554 1568 5614 ταῖς
1594 5552 1776 5604 ὠδῖσιν
1799 5591 1812 5612 ,

229 5653 355 5707 ἀλλ’
387 5655 444 5705 ἐν
470 5655 594 5712 ταῖς
621 5650 863 5720 ἡλικίαις
921 5648 1020 5716 τὴν
1053 5647 1350 5698 ἀπόλαυσιν
1377 5644 1511 5712 ἔχει’
1553 5644 1731 5695 πόνων
1754 5659 1813 5693 τε

230 5745 586 5815 παράκλησις
613 5745 670 5794 ὲν
693 5739 870 5810 καιρῷ
895 5740 1130 5806 γίνεται,
1151 5739 1244 5790 καὶ
1267 5735 1586 5808 προσδοκίας
1607 5735 1815 5805 ἐκπλή-

227 5855 439 5915 ρωσις,
489 5837 583 5888 καὶ
635 5834 850 5903 διαδοχὴ
903 5834 998 5900 τῆς
1037 5833 1141 5884 τῶν
1175 5831 1505 5897 ἐνεγκόντων
1556 5827 1806 5897 εὐλογίας

603 5932 867 5993 Ρλῑιιοι.
909 5933 1023 5988 (in.
1059 5928 1128 5989 C.

1920 4631 2216 4701 cupiditate
2247 4631 2520 4699 possessio
2550 4640 2633 4684 est
2671 4649 2684 4684 :
2721 4632 2770 4684 id
2821 4642 3002 4685 autem
3036 4647 3144 4702 quo
3172 4632 3283 4700 jam
3321 4637 3500 4702 potie-

1921 4725 2135 4788 bantur,
2174 4740 2300 4780 cum
2337 4725 2629 4781 amissione
2661 4728 2893 4794 amplius
2939 4728 3067 4795 quid
3118 4726 3184 4781 ad
3225 4727 3502 4782 tristitiam

1922 4819 2222 4885 importat:
2259 4835 2319 4872 ac
2370 4820 2625 4882 Iitaxime,
2661 4820 2727 4875 iis
2782 4821 3099 4875 absentibus
3136 4836 3366 4890 quorum
3400 4821 3504 4876 fuit

1925 4912 2220 4979 impensior
2251 4928 2403 4978 cura,
2447 4915 2603 4984 longe
2663 4915 2820 4968 nobis
2872 4913 3084 4970 auctior
3114 4915 3374 4972 mmsiitia
3408 4930 3500 4970 ac-

1922 5003 2085 5056 cedit.
2222 5058 2234 5066 _

2003 5093 2141 5146 \"ero
2169 5108 2403 5164 namque
2437 5095 2614 5149 simile
2645 5105 2751 5158 est.
2796 5105 2854 5150 ut
2887 5096 3019 5164 justi
3048 5098 3324 5153 molestius
3347 5099 3504 5154 tulis-

1923 5194 2065 5251 sent,
2119 5185 2171 5237 in
2230 5186 2345 5240 haec
2403 5188 2512 5241 lere
2559 5188 2720 5240 verba
2774 5198 3014 5243 mutuum
3046 5205 3106 5244 se
3145 5191 3498 5257 allocuturos,

1924 5279 2061 5342 Quid
2121 5278 2399 5331 enimvero
2460 5279 2690 5332 contulit
2733 5281 2905 5346 nobis,
2954 5283 3245 5335 multarum
3273 5283 3360 5334 illa
3384 5298 3505 5337 ora-

1928 5372 2130 5423 tionum
2169 5372 2508 5426 constantia?
2557 5372 2699 5439 Quid
2742 5375 2830 5428 Dei
2867 5389 3068 5428 munus
3108 5375 3356 5428 stabilius
3412 5392 3498 5430 re.

1930 5463 2126 5532 liquit?
2163 5465 2301 5528 Quid
2331 5474 2518 5533 partus
2556 5465 2730 5533 juvit?
2768 5463 3024 5531 Quianam
3058 5466 3224 5535 prolis
3253 5469 3505 5521 consola-

1929 5556 2047 5609 tio?
2081 5556 2451 5612 Fecunditatis
2479 5559 2642 5620 dona,
2681 5575 2787 5612 non
2821 5561 2870 5613 in
2895 5569 3072 5628 partu,
3113 5559 3206 5614 sed
3237 5560 3290 5614 in
3325 5563 3502 5614 aetati-

1929 5648 2029 5702 hus
2061 5649 2294 5702 fructum
2322 5650 2520 5705 habent
2558 5670 2570 5705 :
2604 5652 2957 5720 laborumque
2991 5650 3239 5706 levamen
3262 5665 3503 5720 congruo

1934 5751 2176 5809 tempore
2213 5742 2451 5807 exsistit,
2485 5758 2550 5796 ac
2571 5742 2991 5810 exspectationis
3019 5741 3294 5812 impletio;
3328 5757 3502 5810 eoque

1929 5831 2323 5886 benedictionis
2351 5846 2634 5902 parentum
2665 5844 3009 5903 exspectatur
3030 5834 3304 5893 successio
3344 5851 3355 5887 :
3395 5847 3499 5886 no-

3041 5927 3120 5991 [ιϐ
