4166 6440
245 357 378 423 1453

1198 351 1279 416 IN
1319 355 1421 416 ss.
1464 352 1666 416 DEIP.
1709 352 2154 415 INGRESSUM
2193 351 2275 416 IN
2314 314 2541 418 Isne.

3373 367 3513 437 1454

240 469 497 542 στηρίων,
520 466 616 522 καὶ
641 469 840 538 μᾶλλον
863 471 923 523 τὸ
946 469 1254 540 ἁμάρτημα
1271 472 1384 532 τοῖς
1411 469 1632 533 εἰδόσιν,
1655 470 1688 542 ἢ
1708 473 1809 534 τοῖς

1927 471 2044 538 ejtts
2096 472 2373 542 mysteriis
2406 472 2709 530 oblectatus
2741 483 2854 541 est;
2888 479 3170 550 magisque
3200 485 3507 548 scientibus

236 567 493 638 ἀγνοοῦσι
549 565 846 635 λογίζεται.
905 565 1130 630 Συνάξω
1189 565 1398 634 ταύτην
1428 568 1486 618 ἐν
1541 564 1618 635 τῷ
1650 564 1811 636 ἱερῷ·

235 663 370 718 ἀλλὰ
397 662 683 726 στασιάζει
712 661 822 715 τῶν
859 661 1136 715 Ἰουδαίων
1158 660 1218 714 τὸ
1248 660 1470 732 πλῆθος,
1503 661 1599 714 καὶ
1624 659 1817 730 βοηθὸν
1866 731 1870 736 ι

235 755 332 824 τῆς
365 752 576 816 οἰκείας
609 751 838 823 γνώμης
889 753 1257 824 προϐάλλεται
1303 753 1404 824 τὴν
1441 752 1811 824 παρανομίαν.

248 847 459 914 Ἀγνοεῖ
481 844 574 899 τού
613 845 936 917 πράγματος
961 847 1055 900 τὸν
1081 847 1283 918 τρόπον
1310 864 1322 878 ·
1355 848 1458 900 οὐκ
1478 843 1585 900 οἶδε
1614 848 1710 914 τῆς
1737 846 1817 899 οῖ-

236 939 495 1009 ιιονομίας
522 938 583 990 τὸ
621 940 924 1008 μυστήριον
945 954 959 967 °
989 940 1089 992 οὐκ
1125 939 1268 1005 ἔγνω
1313 942 1412 1010 τῆς
1446 938 1726 1010 Παρθένου
1757 940 1817 992 τὸ

233 1031 376 1102 ὑπὲρ
394 1031 555 1098 φύσιν
575 1030 990 1102 καθαρώτατον
1018 1031 1245 1101 ἄπειρός
1274 1033 1390 1084 ἐστι
1412 1032 1506 1083 τοῦ
1538 1030 1815 1084 πανασπί-

233 1122 325 1176 λου
349 1122 552 1194 ταύτης
581 1125 936 1194 φρονήματος
956 1139 971 1154 ⁸
1003 1124 1097 1178 καὶ
1120 1125 1208 1178 διὰ
1226 1124 1407 1189 τοῦτο,
1440 1124 1539 1194 τὴν
1565 1122 1815 1178 ἐντεῦθεν

232 1217 409 1286 αὐτῆς
451 1216 770 1270 ἐπισπεύδει
810 1217 1012 1286 ἄφιξιν.
1046 1218 1177 1271 Δέον
1207 1218 1648 1286 προκινδυνεύειν
1680 1216 1815 1270 ταύ-

233 1326 355 1379 της,
384 1308 461 1373 ὼς
509 1308 579 1361 τὰ
611 1307 705 1363 τοῦ
745 1311 1077 1380 πράγματος
1111 1311 1467 1380 μεμυημένον
1518 1310 1656 1379 ἐμέ·
1713 1310 1814 1380 ἐμὲ

233 1400 565 1471 προτεθῆναι
594 1403 676 1464 εἰς
700 1401 928 1454 θάνατον
954 1401 1101 1472 ἥπερ
1121 1403 1325 1472 ταύτην
1357 1403 1433 1466 ώς
1466 1401 1655 1472 ἔτυχεν
1677 1403 1814 1455 ἁπο-

232 1491 436 1557 δοῦναι,
469 1494 564 1546 καὶ
591 1493 713 1547 κατ’
744 1492 983 1564 ἐμαυτοῦ
1007 1494 1069 1548 τὸ
1100 1493 1255 1547 Θεῖον
1286 1493 1606 1564 παροξῦναι.
1652 1493 1812 1548 Ἀλλὰ

231 1583 349 1646 δέος
379 1583 456 1655 μὴ
508 1585 603 1638 καὶ
647 1583 842 1638 τούτου
897 1585 1173 1655 τυχόντος,
1227 1585 1447 1649 ἀνάξιαι
1483 1586 1604 1639 κατ’
1640 1586 1810 1657 αὐτῆς

232 1673 604 1740 ἑξοπλισθεῖεν
641 1679 847 1747 χεῖρες,
880 1678 1096 1731 καὶτοῦ
1151 1675 1493 1749 παναμώμου
1530 1677 1815 1748 προσψαύ-

233 1783 380 1819 σειεν
403 1766 676 1837 σώματος,
702 1768 795 1820 καὶ
821 1767 912 1839 βίᾳ
935 1767 1096 1822 τοῦτο
1143 1768 1238 1822 τοῦ
1276 1767 1407 1822 ναοῦ
1441 1769 1772 1841 ἐξωθήσαιεν
1795 1787 1809 1801 ο

1920 579 2083 632 quant
2162 564 2541 634 ignorantibus
2603 569 2900 637 imputatur
2959 575 3189 632 crimen.
3242 576 3378 634 Num
3450 586 3503 636 in

1936 654 2192 723 templum
2241 657 2544 724 recipiam?
2580 658 2649 712 At
2676 670 2829 714 versa
2862 662 2913 715 in
2965 666 3289 724 seditionem
3323 671 3502 730 dudm-

1929 759 2084 799 ornm
2118 745 2428 813 multitudo,
2485 751 2750 821 propositi
2785 753 2953 810 animi
3008 758 3352 830 adjutricem,
3405 765 3503 818 iui-

1918 839 2182 908 qnitatetn
2255 855 2319 895 ac
2364 843 2541 897 scelus
2604 846 2910 914 prmtendit.
2971 847 3189 917 Ignorat
3254 855 3329 909 rei
3385 870 3498 910 mo-

1917 930 2047 985 dum
2115 953 2128 986 :
2191 934 2362 987 nescit
2419 934 2836 1005 dispensationis
2915 943 3232 1014 mysterium
3286 966 3300 1002 :
3354 963 3504 1007 surn-

1920 1037 2062 1076 mam
2148 1021 2383 1094 Virginis
2449 1040 2512 1080 ac
2592 1037 2782 1081 natura
2864 1033 3126 1100 majorem
3207 1038 3497 1103 puritatem

1921 1127 2029 1166 non
2087 1113 2236 1167 novit
2282 1132 2295 1168 :
2343 1113 2489 1169 nullo
2528 1118 2907 1186 experimento
2953 1124 3497 1183 intemeratisSimum

1917 1203 2036 1270 ejus
2062 1217 2278 1259 sensum
2321 1209 2603 1276 pernovit;
2632 1223 2806 1279 eoque
2841 1224 2997 1284 urget
3019 1230 3137 1270 eam
3172 1220 3297 1275 hinc
3321 1225 3500 1285 educi.

1921 1294 2153 1351 Pra‘stat
2181 1313 2279 1367 pro
2309 1316 2371 1354 ea
2412 1303 2565 1358 adire
2586 1304 2916 1373 periculum,
2957 1311 3135 1381 utqui
3183 1314 3264 1368 rei
3296 1316 3500 1370 verita-

1922 1398 2030 1442 tem
2062 1392 2255 1446 doctus
2280 1393 2381 1448 sim
2427 1411 2440 1446 :
2496 1404 2554 1448 ut
2582 1398 2770 1451 mortis
2803 1401 2982 1466 potius
3031 1404 3256 1460 subeam
3301 1406 3498 1472 aleam,

1919 1491 2081 1546 quam
2116 1489 2175 1534 ut
2207 1489 2413 1536 temere
2449 1482 2593 1537 illam
2638 1485 2885 1552 reddam,
2928 1502 3091 1560 atque
3125 1495 3177 1548 in
3242 1499 3329 1552 me
3357 1499 3500 1553 divi-

1919 1585 2048 1624 num
2081 1587 2366 1641 provocem
2416 1575 2648 1633 Numen.
2715 1578 2912 1636 Verum
2965 1581 3268 1652 periculum
3292 1601 3397 1657 est,
3433 1609 3502 1647 ne

1919 1661 1965 1714 si
1986 1662 2157 1716 etiam
2185 1664 2256 1718 ita
2290 1665 2403 1730 fiat,
2432 1669 2713 1725 scelerata:
2737 1671 2788 1725 itt
2825 1685 2946 1727 eam
2972 1688 3257 1732 armentur
3281 1691 3514 1744 manus,"

1921 1765 2227 1824 corpusque
2267 1758 2836 1817 immaculatissimum
2891 1765 3171 1834 invadant,
3204 1781 3367 1842 atque
3391 1776 3440 1827 vi
3467 1792 3498 1829 e

233 1857 312 1927 μὴ
345 1856 827 1928 βέϐηλωστόματα
874 1858 1227 1931 ὑδριστικοὺς
1258 1860 1356 1913 ἐπὶ
1405 1860 1575 1932 αὐτὴν
1607 1862 1809 1933 ἀφήσει

1917 1846 2118 1916 templo
2148 1845 2368 1915 ejiciant
2399 1865 2526 1917 :ne,
2547 1855 2792 1922 inquam,
2824 1857 3050 1924 profana
3082 1872 3177 1914 ora
3203 1861 3495 1930 injurinsos

231 1945 446 2015 λόγους,
471 1949 565 2002 καὶ
586 1948 646 2000 τὺ
671 1948 996 2021 ἀνύϐριστον
1029 1951 1205 2004 ἐκεῖνο
1233 1951 1689 2022 διαλοιδορήσειεν
1712 1951 1814 2024 θη·-

236 2040 539 2110 σιύρισμα.
583 2059 601 2092 ο

309 2149 328 2180 ι
354 2130 446 2193 Τίς
469 2130 526 2183 δὲ
559 2132 652 2186 καὶ
683 2131 1075 2203 ύποδεξόμενος
1100 2133 1306 2206 ταύτην
1338 2133 1643 2207 ἀνθρώπων
1670 2152 1684 2202 ;
1717 2132 1814 2197 Τίς

234 2220 417 2282 have;
451 2221 600 2276 ἔνδον
625 2224 831 2296 ταύτην
869 2226 980 2279 τῶν
1015 2226 1235 2279 οἰκείων
1266 2225 1478 2292 εὶσάξαι
1512 2226 1812 2298 σκηνωμά-

232 2331 343 2367 των
367 2332 382 2381 ς
410 2317 570 2370 Ποῖον
599 2320 915 2390 οἰκητήριον
959 2319 1164 2389 ταύτην
1198 2320 1664 2390 ἁστενοχωρήτως
1695 2322 1810 2373 εἰσ-

231 2402 467 2470 δέξοιτο,
520 2399 589 2478 ἧς
638 2409 668 2460 6
717 2408 1178 2478 ύπερθαύμαστος
1226 2405 1381 2474 οὗτος
1417 2410 1540 2474 ναὸς
1571 2414 1633 2463 οὐ
1667 2411 1813 2481 ρᾴως

237 2497 332 2568 τὴν
365 2498 648 2570 διατριδὴν
680 2500 974 2568 ὑποστέγει
996 2515 1009 2530 ’
1035 2496 1105 2572 ἦς
1136 2500 1199 2554 τὸ
1227 2501 1619 2573 καθαρώτατον
1649 2504 1813 2557 σεϐά-

232 2587 414 2655 ζεται’
449 2585 516 2662 ἦς
566 2593 635 2645 τὰ
672 2592 940 2662 μεγαλεῖα
977 2591 1280 2662 θαυμάζει⁸
1326 2588 1395 2665 ἦς
1423 2594 1811 2666 ύπερεκπλὴτ-

231 2698 386 2736 τεται
419 2683 487 2736 τὰ
519 2682 801 2754 παράδοξα
831 2701 846 2750 ;
876 2686 1033 2738 Ποῖαι
1065 2687 1246 2756 χεῖρες
1285 2683 1458 2756 ταύτῃ
1491 2685 1813 2756 καθυπουρ-

232 2776 480 2844 γήσαιεν,
532 2771 566 2850 ᾗ
622 2777 1048 2848 ἐλειτούργησαν
1102 2777 1360 2846 ἄγγελοι·
1424 2781 1491 2847 ἢν
1549 2775 1813 2849 διῄτησαν

232 2865 515 2936 ἀσώματοι
537 2885 553 2932 ;
575 2867 670 2931 Τίς
687 2867 1095 2941 τοσαύτηςεμσ.
1124 2868 1352 2942 ταύτης]
1389 2869 1812 2940 ἐνοπτρίσασθαι

233 2958 429 3022 κάλλος
459 2959 819 3030 ἐξισχύσειεν,
895 2962 955 3014 τὸ
969 2961 1065 3015 τοῦ
1091 2962 1228 3016 Θεοῦ
1247 2963 1607 3033 ἐπιτέρπεται
1626 2964 1806 3035 ὄμμα,

232 3044 302 3120 ἧς
331 3053 397 3120 τῇ
453 3052 790 3123 καθαρότητι
841 3053 1208 3121 ἐπαγάλλεται
1277 3048 1346 3125 ἧς
1393 3056 1460 3125 τῇ
1514 3054 1811 3126 ὡραιότητι

231 3139 529 3211 ὡραΐζεται
558 3160 572 3208 ;
624 3143 720 3207 Τίς
778 3144 981 3211 ἐπαξία
1025 3143 1232 3216 ταύτης
1261 3143 1561 3246 ὀφθήσεται
1590 3147 1774 3246 lepos-lt
1794 3188 1808 3208 .
1841 3189 1883 3246 ο

232 3231 305 3301 ἢν
351 3234 379 3285 6
415 3233 510 3285 τοῦ
546 3233 682 3287 Θεοῦ
741 3235 918 3304 Λόγος
967 3236 1335 3307 ἐνεφόρησεν,
1370 3237 1494 3308 ἥνή
1541 3237 1697 3309 χάρις
1728 3240 1811 3291 ὲν-

231 3322 491 3390 tum“,
527 3327 621 3379 καὶ
638 3331 887 3397 ταμιεῖον
919 3327 1028 3382 τῶν
1053 3328 1247 3381 ἐνδεῶν
1273 3330 1680 3395 κατεσκεύασε;
1718 3331 1811 3382 Τί-

237 3431 328 3477 νες
382 3416 642 3469 ἁπάντων
698 3417 902 3471 τούτων
948 3419 1224 3489 εὑρεθεῖεν
1267 3419 1502 3486 ἐπάξιοι,
1543 3422 1690 3483 ὅπως
1747 3422 1812 3475 ἂν

238 3506 315 3576 μὴ
349 3507 427 3576 τῷ
461 3507 666 3579 ἀναξίῳ
687 3509 1084 3582 καθυϐρισθείη
1129 3511 1284 3582 ήτοῦ
1325 3511 1459 3566 Θεοῦ
1492 3530 1811 3583 παρακατα-

235 3596 377 3666 θήκη
405 3616 418 3662 ;
450 3616 468 3648 ι

305 3688 489 3742 Ταῦτα
517 3688 699 3743 τοίνυν
742 3691 772 3744 6
821 3690 1099 3763 Ζαχαρίας
1135 3691 1411 3759 διενοεῖτο,
1446 3689 1523 3756 ὡς
1554 3694 1810 3764 τρανότε-

233 3798 329 3850 ρον
379 3783 446 3835 τὰ
500 3782 600 3852 τῆς
650 3783 927 3854 Παρθένου
968 3784 1312 3855 καταμαθὼν
1375 3786 1668 3854 μυστήρια.
1700 3787 1808 3839 Καὶ

233 3873 344 3924 ἔδει
376 3874 590 3936 πάντως
626 3871 768 3927 οὕτω
798 3875 926 3944 περὶ
951 3874 1156 3927 τούτων
1175 3874 1560 3945 διανοούμενον
1592 3875 1803 3930 ἐπαπο-

235 3967 370 4034 ρεῖν.
409 3966 472 4019 Εἰ
498 3961 590 4018 οὖν
627 3959 802 4030 οὗτος,
845 3969 925 4029 εἰς
978 3965 1234 4018 τοσοῦτον
1253 3963 1383 4036 ἦλθε
1415 3968 1807 4040 καταπλήξεως

231 4056 441 4127 θαῦμα,
481 4057 559 4111 ἔτι
611 4059 709 4130 τὴν
756 4060 931 4129 ἀρχὴν
976 4058 1070 4112 τοῦ
1106 4061 1413 4129 μυστηρίου
1476 4062 1801 4132 μυούμενος,

232 4149 351 4210 πῶς
379 4148 446 4201 ἂν
479 4151 637 4219 ἡμεῖς
679 4151 754 4221 μὴ
790 4152 1174 4222 ἐκπ).αγῶμεν,
1203 4152 1263 4204 τὸ
1283 4153 1434 4216 τέλος
1458 4154 1649 4206 τούτου
1675 4172 1804 4207 κατ-

231 4240 466 4309 έχοντες,
497 4243 592 4295 καὶ
624 4243 719 4294 σὺν
767 4244 910 4314 χαρᾷ
957 4244 1050 4296 καὶ
1083 4243 1264 4313 πόθῳ,
1298 4243 1397 4314 τὴν
1432 4243 1500 4296 δι’
1534 4239 1597 4316 ἦς
1628 4247 1800 4315 ἐπρά-

230 4332 336 4402 χθη
391 4333 930 4403 ἁνευφημήσαιμενς
973 4332 1096 4394 Πῶς
1155 4333 1231 4403 μὴ
1272 4332 1483 4404 μεγάλῃ
1516 4337 1581 4404 τῇ
1649 4336 1798 4403 φωνῇ

227 4425 296 4475 τὰ
323 4425 585 4494 μεγαλεῖα
609 4425 812 4495 ταύτης
849 4425 1328 4496 ἀνακηρύξαιμενς
1359 4426 1480 4489 Πῶς
1519 4425 1596 4496 μὴ
1625 4427 1800 4493 λόγοις

1916 1935 1971 1990 in
2002 1951 2122 1992 eam
2146 1937 2363 2006 jactent
2413 1957 2715 2010 sermones,
2756 1959 3088 2020 sacrumque
3134 1953 3283 2008 illum
3315 1973 3378 2011 ac
3416 1959 3497 2011 in-

1916 2029 2228 2086 violabilem
2262 2036 2602 2103 thesaurum,
2642 2042 2969 2098 contumelia
2999 2043 3256 2103 aﬂiciant.
3307 2067 3326 2101 ι

1994 2139 2015 2174 ι
2055 2120 2188 2188 Quis
2235 2138 2365 2179 vero
2401 2126 2564 2181 etiam
2622 2129 2900 2185 hominum
2939 2146 3060 2188 eam
3103 2137 3179 2191 sit
3208 2152 3493 2208 susceptu-

1918 2215 2054 2270 rus?
2089 2215 2223 2283 Quis
2253 2218 2453 2273 habeat
2485 2220 2643 2287 satis,
2680 2231 2737 2275 ιιι
2763 2223 2816 2276 itt
2848 2236 2947 2280 sua
2978 2240 3098 2282 eam
3141 2229 3492 2288 tabernacula

1916 2305 2136 2358 inducat
2149 2305 2172 2358 l
2187 2305 2340 2372 Quod
2357 2309 2492 2362 satis
2507 2323 2677 2378 capax
2695 2312 3028 2370 domicilium
3049 2318 3125 2372 illi
3148 2319 3490 2390 recipiendae.

1916 2394 2071 2464 cujus
2095 2411 2199 2450 non
2225 2396 2384 2454 facile
2414 2399 2828 2458 adrnirationem
2856 2407 3080 2464 vincens
3105 2411 3358 2482 templum
3390 2416 3494 2470 hoc

1917 2501 2100 2542 moras
2133 2488 2299 2558 tegit;
2331 2490 2486 2560 cujus
2522 2504 2800 2548 reveretur
2828 2511 3096 2555 summam
3129 2505 3486 2574 munditiem;

1916 2580 2072 2647 cujus
2096 2581 2362 2648 magnalia
2393 2584 2656 2655 miratur;
2682 2588 2835 2659 cujus
2857 2602 2994 2647 nova
3019 2608 3083 2649 ac
3107 2594 3323 2652 insolita
3342 2608 3494 2656 suin-

1917 2683 2138 2739 mupere
2161 2674 2381 2741 stupet?
2413 2674 2673 2741 Quaenam
2727 2695 2916 2738 manus
2945 2685 2996 2739 ei
3029 2688 3488 2762 ministraverint,

1919 2761 2004 2815 cui
2029 2763 2206 2832 angeli
2248 2766 2658 2836 ministrarunt;
2692 2773 2780 2826 cui
2807 2774 3110 2846 incorporei
3135 2781 3210 2835 illi
3238 2799 3495 2858 corroga-

1919 2856 2384 2910 runtannonam?
2449 2858 2584 2924 Quis
2622 2863 2739 2931 ejus
2780 2874 2986 2924 tantam
3031 2856 3493 2940 pulchritudinem

1916 2942 2129 2999 obtueri
2171 2946 2388 3012 valebit,
2422 2964 2541 3018 quae
2590 2950 2682 3008 Dei
2714 2955 2890 3024 ipsum
2945 2963 3168 3018 oculum
3222 2969 3491 3041 delectat;

1915 3035 2070 3103 cujus
2113 3040 2349 3107 puritate
2403 3041 2658 3112 laetatur;
2687 3047 2843 3116 cujus
2896 3053 3001 3108 sibi
3043 3058 3227 3125 specie
3274 3035 3495 3130 placetl

1917 3127 2211 3193 Quiscibus
2230 3146 2294 3186 ea
2323 3133 2516 3204 dignus
2532 3148 2811 3209 appareat,
2834 3155 2996 3212 quam
3021 3147 3112 3202 Dei
3133 3127 3366 3207 Verbum
3401 3172 3493 3210 sa-

1920 3218 2110 3286 tiavit;
2139 3237 2302 3291 quam
2325 3226 2549 3295 replevit
2568 3231 2767 3299 gratia,
2793 3250 2857 3290 ac
2879 3241 3155 3306 egentium
3176 3256 3318 3312 penu
3341 3247 3493 3302 locn-

1915 3309 2035 3400 ples
2062 3309 2228 3365 fecit?
2249 3312 2480 3380 Quinam
2505 3319 2590 3372 his
2620 3323 2893 3390 universis
2924 3328 3069 3398 digni
3096 3309 3410 3400 accurrant,
3437 3345 3495 3392 ut

1915 3414 1982 3451 ne
2019 3398 2109 3454 Dei
2145 3403 2681 3475 depositumindigna
2708 3417 3032 3484 exceptione
3065 3417 3266 3491 injuria
3292 3398 3493 3481 allicia-

1917 3498 2040 3549 lur?
2077 3517 2096 3549 ι

1983 3679 2109 3737 Haec
2167 3684 2353 3754 itaque
2387 3685 2690 3746 Zacharias
2729 3705 2911 3752 mente
2961 3700 3220 3770 agitabat,
3277 3716 3335 3761 ut
3391 3711 3486 3779 qui

1912 3774 2172 3844 mysteria
2200 3776 2437 3846 Virginis
2459 3779 2723 3848 liquidius
2754 3797 2978 3841 noverat
3006 3807 3018 3841 :
3049 3790 3235 3862 sicque
3260 3774 3486 3853 omnino

1910 3868 2201 3932 agitantem
2226 3869 2548 3925 addubitare
2577 3888 2858 3930 necessum
2882 3890 3019 3935 erat.
3051 3882 3332 3955 Siquidem
3357 3895 3487 3959 ergo

1910 3955 2018 4018 illc,
2055 3972 2176 4011 cum
2208 3959 2472 4015 Itattenus
2501 3967 2743 4031 mysterii
2781 3968 2994 4024 initium
3033 3975 3285 4042 primitus
3316 3955 3485 4036 doce-

1910 4055 2083 4110 retur,
2109 4051 2258 4116 gravi
2285 4051 2420 4103 adeo
2459 4053 2818 4113 admiratione
2846 4059 3075 4118 allectus
3116 4080 3219 4132 εει,
3251 4073 3342 4138 qui
3377 4091 3482 4128 non

1907 4138 2009 4205 ipsi
2044 4150 2264 4207 stupore
2302 4143 2632 4211 repleamur,
2667 4151 2756 4216 qui
2796 4148 2914 4217 ejus
2960 4164 3240 4213 teneamus
3295 4161 3480 4229 linem,

1905 4243 2136 4298 emtique
2172 4234 2368 4300 gaudio
2419 4250 2481 4288 ac
2514 4237 2785 4295 desiderio
2835 4242 3140 4313 laudemus,
3186 4259 3282 4319 per
3314 4271 3480 4324 quam

1906 4325 2032 4378 illud
2061 4325 2362 4379 exhibitum
2394 4329 2521 4383 est?
2553 4328 2654 4396 Qui
2690 4348 2795 4394 non
2847 4336 2968 4404 ejus
3028 4345 3296 4411 magnalia
3358 4365 3477 4405 ma-

1904 4419 2102 4487 gnilica
2135 4433 2267 4472 voce
2297 4420 2688 4488 pradicemus?
2712 4419 2914 4490 Quidni
2939 4435 3204 4490 encomiis
3232 4441 3478 4496 celebre-

227 4511 435 4580 ταύτην
468 4514 952 4583 ἐγκωμιάσαιμεν·
985 4517 1032 4566 εί
1075 4515 1168 4567 καὶ
1199 4515 1399 4578 παντὸς
1439 4515 1667 4584 δύναμις
1705 4518 1797 4582 ἐγ-

1913 4511 2062 4564 mus?
2083 4525 2394 4580 quanquam
2423 4513 2604 4567 omnis
2625 4518 2856 4571 encontii
2911 4521 2991 4574 vis
3022 4525 3348 4585 imbecillior
3369 4549 3476 4600 est,

230 4602 440 4670 κωμίον
473 4593 606 4672 πρὸς
634 4604 733 4673 τὴν
764 4603 970 4657 τούτων
1002 4604 1279 4671 ἐξασθενεῖ
1328 4606 1658 4673 διάγνωσιν;
1693 4608 1801 4660 Καὶ

224 4693 278 4744 τί
303 4692 385 4744 δεῖ
421 4695 549 4763 περὶ
583 4694 876 4764 ἐγκωμίων
905 4695 1073 4748 ταῦτα
1110 4696 1312 4764 λέγειν,
1343 4697 1493 4749 ὁπότ’
1517 4699 1584 4750 ἂν
1618 4701 1645 4752 ὁ
1673 4701 1796 4762 νοῦς

224 4784 388 4845 αὐτὸς
419 4786 512 4836 καὶ
542 4785 575 4854 ἡ
601 4784 808 4838 διάνοια
841 4785 1053 4848 τούτοις
1077 4788 1307 4856 ἡττᾶται
1332 4805 1347 4850 ;
1389 4786 1450 4841 '0
1481 4789 1590 4859 γὰρ
1643 4790 1799 4857 λόγος

223 4875 604 4945 ἁμυδροτέραν
631 4879 758 4948 περὶ
795 4877 969 4930 ταῦτα
1000 4878 1095 4948 τὴν
1133 4880 1394 4950 εὐπορίαν
1431 4879 1563 4950 ἔχει.
1603 4883 1664 4932 "A
1690 4882 1799 4952 γὰρ

223 4971 253 5020 6
287 4967 410 5031 νοῦς
437 4968 694 5031 πολλάκις
716 4971 1051 5038 ὲφευρίσκει,
1077 4970 1247 5023 ταῦτα
1275 4972 1502 5040 φράζειν
1520 4965 1674 5035 οὗτος
1699 4975 1798 5027 οὐκ

222 5059 493 5130 ἐξισχύει·
531 5063 625 5114 καὶ
681 5061 829 5114 ἔστιν
876 5063 1008 5132 ὁρᾷν
1039 5062 1186 5115 ἔνδον
1221 5063 1343 5133 μὲν,
1374 5065 1436 5115 τὸ
1488 5065 1671 5135 θαῦμα
1699 5067 1796 5134 τῆς

225 5153 507 5222 Παρθένου
527 5155 891 5223 ἐπαιρόμενον
918 5169 934 5186 ο
969 5155 1072 5218 ἔξω
1099 5155 1179 5220 δὲ,
1207 5155 1285 5224 τῷ
1307 5156 1496 5225 ἀπόρῳ
1525 5173 1796 5227 κατασμι-

224 5247 580 5316 κρυνόμενον.
614 5246 754 5313 Ἐγὼ
776 5247 885 5316 γάρ
902 5249 1060 5299 τοῦτο
1090 5249 1218 5318 περὶ
1243 5247 1410 5300 αὐτοῦ
1436 5250 1662 5318 πάσχων
1685 5250 1793 5310 ἀεὶ,

221 5337 559 5408 ἀμαρτύρως
599 5338 691 5389 τὶν
727 5338 883 5406 λόγον
917 5339 1250 5407 εἰσδέχομαι,
1279 5339 1494 5392 οἴκοθεν
1523 5340 1703 5410 ἐαυτῷ
1733 5341 1793 5392 τὸ

221 5429 416 5482 πιστὸν
447 5429 822 5499 ποριζόμενος.
871 5430 1007 5482 Ἀλλ’
1038 5430 1182 5482 οὕτω
1215 5431 1313 5500 μὲν
1357 5431 1566 5483 τούτων
1612 5431 1794 5499 διομο-

221 5520 588 5591 λογηθὲντων,
619 5522 754 5591 αὐτῇ
790 5523 865 5584 ὡς
900 5523 1075 5574 πάντα
1115 5522 1308 5592 εἰδυῖα,
1339 5522 1439 5592 τὴν
1460 5523 1588 5593 περὶ
1616 5522 1793 5574 αὐτῶν

223 5611 646 5683 καταλείψωμεν
701 5613 952 5678 ἐξέτασιν
975 5627 987 5639 ’
1021 5615 1118 5666 καὶ
1154 5613 1229 5684 μὴ
1285 5616 1394 5676 τοῖς
1447 5614 1650 5681 λόγοις,
1684 5617 1793 5676 τοῖς

231 5706 457 5776 θῦήμιτι
491 5705 568 5769 δὲ,
601 5707 696 5775 τὴν
725 5708 883 5777 χάριν
915 5706 1310 5775 ἁντιμετρῆσαι
1340 5708 1672 5778 αἰτήσωμεν.

306 5797 469 5862 ’Δῖο.).“,
489 5789 533 5849 ὦ
553 5796 800 5864 Θεοτόκε,
828 5798 884 5850 τὸ
906 5797 1283 5869 ὑπερπόθητον
1315 5799 1483 5869 ὖνομα
1509 5818 1520 5829 ·
1541 5799 1598 5851 τὸ
1618 5798 1789 5870 βραχὺ

1906 4618 2066 4671 quant
2106 4611 2247 4655 utea
2278 4602 2558 4657 declarare
2578 4608 2775 4674 possit.
2817 4611 2895 4665 Ae
2927 4627 3075 4678 vero,
3109 4621 3237 4687 quid
3269 4627 3334 4678 de
3359 4626 3478 4679 latt-

1905 4695 2062 4748 dibus
2095 4694 2210 4748 btec
2247 4695 2476 4749 dicenda
2511 4698 2641 4764 sint,
2673 4714 2796 4752 cum
2832 4717 2982 4760 mens
3023 4707 3136 4777 ipsa
3191 4728 3252 4768 ac
3315 4717 3476 4770 intel-

1905 4786 2080 4841 lectus
2109 4787 2213 4840 illis
2245 4787 2530 4842 vincatur?
2561 4788 2698 4845 Nam
2727 4797 2997 4851 sermonis
3025 4801 3220 4857 ex‘iliur
3247 4805 3298 4858 in
3328 4808 3476 4875 ejus-

1904 4879 2045 4932 modi
2090 4877 2317 4933 facultas
2371 4888 2477 4935 est.
2529 4880 2684 4951 Saepe
2722 4885 2867 4939 enim
2921 4889 3199 4946 intellectu
3251 4898 3470 4956 inventa

1902 4969 2016 5037 ipse
2042 4968 2215 5036 eloqui
2251 4973 2356 5023 neu
2372 4973 2514 5025 valet
2536 4988 2550 5024 :
2571 4973 2863 5043 videasque
2880 4979 3024 5034 intus
3049 4984 3230 5040 animo
3269 4997 3474 5058 grands

1899 5074 1963 5113 ac
2000 5056 2346 5126 magniﬁcum
2398 5059 2719 5116 miraculum
2777 5066 3046 5138 Virginis;
3107 5056 3469 5151 extra—vero,

1897 5150 2042 5204 fandi
2074 5151 2250 5220 inopia
2304 5151 2640 5219 depressum.
2693 5154 2905 5225 Quique
2954 5173 3057 5229 ego
3115 5165 3166 5220 id
3211 5150 3470 5230 continue

1899 5242 2166 5305 sentiam,
2218 5240 2363 5296 nullo
2414 5250 2551 5298 teste
2608 5260 2917 5304 sermonem
2951 5256 3175 5325 recipio,
3201 5274 3231 5312 a
3260 5276 3345 5317 me
3367 5264 3470 5319 ha-

1897 5337 2032 5389 bens
2060 5350 2122 5388 ac
2151 5349 2217 5388 ex
2259 5335 2490 5403 propriis
2537 5339 2681 5405 quod
2719 5353 2928 5397 astruat
2981 5345 3162 5403 ﬁdem.
3196 5350 3466 5411 Caeterum

1900 5429 1983 5482 bis
2020 5429 2093 5482 ila
2153 5428 2328 5497 palam
2379 5427 2748 5499 habentibus,
2807 5435 3022 5503 ipsimet
3071 5437 3275 5512 Virgini
3321 5447 3466 5503 velut

1901 5526 2142 5575 Otttttittm
2175 5536 2380 5590 gnartn.
2408 5530 2465 5573 ιιι
2500 5536 2562 5574 ea
2591 5523 2702 5592 ipsa
2735 5528 3009 5595 exquirat,
3045 5532 3457 5603 relinquamus:

1901 5628 2000 5666 nec
2037 5613 2206 5681 ipsam
2242 5612 2453 5678 verbis,
2484 5615 2576 5668 sed
2602 5615 2777 5670 sensis
2814 5617 2980 5673 animi
3005 5623 3232 5689 gratiam
3267 5642 3458 5697 repen-

1896 5706 2022 5758 dere
2050 5719 2355 5772 poscamus.

1971 5790 2098 5864 Sed,
2131 5811 2164 5851 0
2201 5796 2448 5868 Deipara,
2493 5813 2652 5869 supra
2688 5802 2906 5858 modum
2956 5805 3312 5867 desiderabile
3363 5827 3462 5867 ne-
