4166 6440
151 383 287 447 M73

971 378 1044 437 ΙΝ
1093 378 1193 436 SS.
1240 374 1547 436 MARIAM
1587 373 2114 436 ASSISTENTEM
2154 378 2405 451 CRUCI,
2443 379 2603 440 ETC.

3282 382 3420 448 14'”

148 495 355 566 σομένη
394 492 785 563 τιτρώσκομαι.
837 488 946 544 Καί
983 506 1074 561 μοι
1103 488 1486 541 ποθεινότατον
1536 481 1604 557 ἦν
1636 485 1731 539 καὶ
1762 533 1766 543 .

1848 484 2042 539 viscera
2076 485 2294 556 gravius
2323 487 2596 557 discerpta
2628 487 2821 545 vulnus
2845 488 3068 545 habent.
3099 489 3262 547 Plane
3287 507 3419 549 vero

150 587 523 661 μετριώτερον
568 581 677 636 τῶν
731 580 1082 651 κατεχουσῶν
1134 581 1356 641 ὀδυνῶν.
1402 580 1454 633 εἴ
1501 594 1563 646 γε
1614 577 1735 632 κατ’

149 679 323 748 αὐτῆς
372 676 662 746 ἐχώρησαν
701 676 751 727 οἱ
789 670 911 745 ἧλοι
939 689 951 702 ·
990 673 1044 726 et
1074 690 1135 741 γε
1170 674 1269 735 τὰς
1299 673 1397 734 σὰς
1430 669 1647 740 σφαγὰς
1678 669 1737 720 ὲν

150 777 268 835 τοῖς
326 771 483 840 ἐμοῖς
552 768 895 838 ἀνεδεξάμην
948 765 1210 837 μέλεσινο
1258 767 1308 818 εἱ
1358 763 1469 838 τῶν
1528 754 1739 833 μυρίων

150 863 493 935 ἐμπαιγμῶν
527 861 623 914 καὶ
659 860 963 929 μαστίγων.
994 858 1106 927 ἐγὼ
1134 860 1253 920 ταῖς
1278 856 1502 928 ὕϐρεσιν
1529 853 1740 926 ἠτιμώ-

151 955 288 1025 θην
369 957 417 1006 ει
468 952 590 1006 ἀντὶ
643 953 901 1021 φιλτάτου
948 950 1161 1003 ’τέκνου
1231 947 1501 1033 μητρικαι
1559 949 1739 1033 χεῖρες

162 1024 707 1117 ἐτραυματίξιθπιςσαν.
738 1042 901 1096 Ἀλλά
924 1042 1083 1095 τοῦτο
1113 1042 1213 1110 μὲν
1238 1041 1338 1110 οὑχ
1365 1024 1476 1092 οἶόν
1507 1038 1565 1091 τέ
1597 1024 1737 1103 ἔστι,

162 1138 260 1192 σού
303 1138 464 1210 μόνου
488 1137 549 1190 τὸ
585 1136 726 1207 ὑπὲρ
754 1139 968 1189 πάντων
1002 1133 1400 1204 ἀναδεχομένου
1435 1130 1609 1194 πάθος
1641 1128 1737 1183 τοῦ

160 1226 326 1294 μόνου
360 1224 733 1295 Δημιουργοῧ,
784 1225 877 1277 καὶ
927 1223 1014 1277 διὰ
1060 1223 1218 1291 τούτο
1266 1222 1738 1294 παραγενομένου.

167 1317 312 1384 Ἐγὼ
359 1317 415 1371 δὲ
459 1317 510 1371 τί
561 1316 759 1383 πάθω;
812 1316 930 1379 πῶς
983 1319 1045 1369 τὸ
1097 1315 1328 1386 φρικτὸν
1381 1307 1741 1384 ὑπενέγκοι’μι

152 1408 316 1461 τοῦτο
341 1408 569 1477 θέαμα;
632 1407 749 1472 πῶς
800 1407 999 1477 τιμίοις
1033 1406 1232 1475 αἵμασι
1293 1403 1741 1477 προαιμαχθέντα

157 1499 272 1567 μὶψ
318 1499 481 1559 νῶτα,
546 1498 986 1570 ἐρυθραινόμενα
1034 1497 1090 1550 δὲ
1141 1496 1238 1551 νῦν
1294 1496 1430 1567 μέλη
1490 1495 1738 1566 θεωμένη

150 1591 469 1660 διαρκέσω;
502 1591 618 1653 πῶς
652 1591 859 1644 κατίδω
891 1590 1056 1643 πάλιν
1083 1590 1421 1660 φωτοποιοίις
1463 1588 1742 1658 μύσαντας

150 1684 508 1753 ὁφθαλμούς;
563 1684 680 1747 πῶς
708 1684 963 1751 γλῶσσαν
996 1685 1091 1736 καὶ
1122 1683 1274 1753 χείλη
1323 1662 1647 1754 μελξρῤυτὲ,
1673 1681 1742 1736 τὰ

153 1776 427 1845 πρότερον
455 1778 685 1847 νεκροὺς
737 1774 1117 1838 διανιστῶντα,
1150 1775 1240 1826 καὶ
1294 1774 1547 1843 δαίμοσιν
1578 1756 1742 1842 ἔγκε-

1840 576 2359 632 dcsideratissimum
2397 578 2732 646 habuissem,
2769 593 2832 634 ac
2867 580 3052 635 mitius
3088 595 3199 651 pra:
3223 581 3422 639 dolori-

1837 667 1938 721 bus
1981 670 2071 739 qui
2122 679 2332 750 tenent,
2378 680 2437 723 ut
2469 670 2526 722 in
2571 684 2659 725 me
2703 671 2840 724 clavi
2903 683 3325 742 penetrassent:
3364 686 3423 729 ιιι

1839 772 1957 814 tuos
2012 761 2292 815 cruciatus
2358 762 2687 830 recepissem
2742 764 2794 817 in
2848 763 3108 820 memb'ris
3158 768 3331 833 meis;
3367 776 3424 820 ιιι

1840 850 2333 906 innumerabilibus
2388 853 2639 907 ludibriis
2692 870 2755 909 ae
2807 855 3169 923 verberibus,
3220 859 3423 927 quibus

1839 957 1935 1013 per
1970 958 2238 999 summam
2281 942 2537 1012 injuriam
2573 944 2800 1001 allectus
2847 946 3021 1013 fuisti,
3062 948 3420 1003 dehonestala

1839 1049 2053 1102 essem;
2089 1045 2147 1088 ut
2182 1050 2281 1104 pro
2315 1036 2641 1091 charissima
2690 1025 2861 1119 prole,
2913 1045 3201 1095 maternas!
3230 1054 3425 1095 manus

1840 1125 2399 1181 vulnerataaessent.
2443 1125 2736 1182 Enimvero
2773 1131 3029 1198 nequibat
3069 1131 3151 1186 sic
3195 1131 3422 1192 habere.

1841 1232 1962 1272 cum
2015 1227 2071 1272 ιιι
2118 1218 2265 1273 solus
2306 1234 2402 1299 pro
2459 1222 2712 1275 omnibus
2762 1232 2993 1276 mortem
3066 1218 3425 1293 stfseepturns

1841 1324 2010 1374 esses,
2054 1310 2146 1379 qui
2196 1310 2345 1365 solus
2387 1309 2617 1366 Creator
2666 1326 2812 1378 cras,
2860 1328 3092 1380 eamque
3118 1314 3188 1368 ob
3219 1329 3332 1368 rem
3371 1318 3423 1368 in

1843 1404 2102 1457 mundum
2143 1407 2410 1459 venisses.
2464 1402 2578 1474 Ego
2644 1413 2823 1460 autem
2881 1406 3013 1475 quid
3060 1406 3261 1477 agam?
3308 1408 3426 1474 Qua

1846 1494 2058 1549 ratiOne
2097 1494 2429 1549 horrendum
2466 1496 2986 1566 hucspectaculum
3037 1498 3250 1553 feram?
3276 1501 3425 1567 Quo-

1844 1587 2005 1641 modo
2030 1586 2244 1653 -videns,
2273 1600 2398 1642 ante
2420 1590 2636 1656 quidem
2667 1591 2910 1658 pretioso
2937 1590 3200 1659 sanguine
3229 1607 3427 1645 cruen-

1846 1688 2015 1733 tatum
2070 1680 2329 1745 dorsum,
2389 1694 2533 1734 nunc
2580 1691 2762 1734 autem
2822 1681 3095 1735 rubricata
3146 1684 3424 1746 membra,

1846 1769 2185 1824 sustineam?
2233 1770 2519 1837 Quomodo
2591 1769 2787 1824 iterum
2839 1771 3050 1833 oculos,
3106 1772 3297 1843 mundi
3345 1771 3428 1824 ln-

150 1867 464 1938 λευύμενα,
517 1868 620 1923 κᾶν
659 1868 811 1940 ἀτρὸς
844 1867 1025 1936 ὀλίγον
1076 1865 1489 1938 ἐφησυχάζοντα
1547 1866 1739 1921 θεάσο-

1848 1847 2030 1921 mina.
2094 1864 2316 1919 clausos
2380 1862 2686 1933 aspiciam?
2733 1863 3015 1930 Quomodo
3072 1863 3315 1930 linguam
3360 1878 3426 1917 ae

156 1975 365 2029 μευ)

238 2256 256 2290 ι
295 2236 435 2289 Ἅλλ*
478 2236 655 2299 ἄπιθι,
708 2236 973 2296 Δέσποτα.
1018 2236 1116 2309 τὴν
1177 2238 1487 2310 ἀπόρρητον
1537 2236 1744 2306 ταύτην

154 2328 474 2398 οἰκονομίαν
508 2327 833 2399 πληριτισων·
860 2327 1040 2394 ἄπιθι,
1066 2329 1234 2383 καλοῦ
1268 2328 1469 2391 παντὸς
1500 2327 1745 2399 ὑπερπό-

157 2419 324 2490 υητον
354 2422 579 2485 Τέκνον,
598 2423 662 2491 τῇ
698 2420 1054 2491 προσηκούσῃ
1079 2420 1548 2490 δοξασθησόμενος
1585 2420 1742 2488 τιμῇ.

158 2512 279 2564 Ούκ
307 2513 385 2564 ἔτι
417 2511 527 2581 γάρ
586 2527 642 2563 σε
676 2510 1010 2579 σωματικῶς
1051 2511 1112 2563 τὸ
1141 2510 1273 2581 ἐμὸν
1298 2511 1745 2581 περιπτύσσομαι

159 2602 537 2672 καλλωπισμα
567 2619 581 2633 ·
618 2605 675 2654 ὲν
701 2603 809 2672 γὰρ
839 2601 1006 2673 θεῖκῷ
1035 2618 1131 2654 σου
1168 2601 1347 2672 θρόνῳ
1374 2601 1472 2671 τὴν
1504 2598 1745 2669 προσλη-

160 2693 396 2762 φθεῖσα-ι
458 2692 814 2755 ἁναϐιϐάσεις
868 2693 1055 2761 φύσιν.
1118 2692 1318 2747 θύκέτι
1372 2692 1530 2760 σῶμα
1582 2690 1746 2762 χερσὶ

164 2782 455 2853 μητρῲαις
491 2784 902 2853 κατακοσμήσω
928 2800 940 2813 ·
969 2786 1048 2846 εἰς
1079 2783 1187 2853 γάρ
1214 2784 1311 2852 τὴν
1336 2782 1542 2835 οἰκείαν
1577 2782 1747 2836 ἀπαί-

166 2889 284 2943 ρεις
322 2874 501 2940 δόξαν,
539 2874 567 2925 ὁ
607 2876 704 2945 τῆς
742 2877 967 2945 πρώτης
1010 2876 1085 2945 μὴ
1118 2875 1413 2945 χωρισθεὶς
1468 2876 1648 2943 δόξης.
1683 2875 1745 2927 Εἰ

160 2965 278 3033 γὰρ
302 2968 396 3018 καὶ
423 2965 624 3028 θεῖκῶς
672 2966 747 3028 ὡς
800 2966 1041 3037 τεκούσῃ
1076 2966 1448 3038 συμπαρείης,
1478 2965 1595 3020 ἀλλ’
1647 2967 1745 3036 οὐχ

157 3056 241 3119 ὼς
260 3056 322 3109 τὸ
353 3057 623 3128 πρότερον
647 3071 661 3086 ⁸
687 3056 786 3127 οὐχ
812 3056 984 3120 οὕτως
1013 3057 1152 3110 ὥστε
1176 3073 1229 3108 σε
1257 3057 1743 3128 περιπτύσσεσθαι·

158 3147 310 3224 ὥστε
346 3165 439 3204 σου
476 3150 575 3219 τῆς
605 3150 869 3218 γλυκείας
902 3150 1167 3219 διηνεκῶς
1198 3149 1561 3203 ὲναπολαύειν
1590 3149 1739 3211 θέας’

160 3240 308 3293 ὥστε
358 3257 451 3294 σου
503 3244 617 3305 τοῖς
660 3244 1001 3313 σωματικοῖς
1041 3241 1438 3313 ὲνωραῖζεσθαι
1500 3240 1743 3295 κάλλεσι.

160 3333 279 3387 Καὶ
316 3332 477 3386 τοῦτο
509 3334 610 3404 μὲν
639 3333 767 3404 ἐμοὶ
807 3334 910 3403 τῆς
942 3333 1204 3387 ἀνωτάτω
1234 3331 1396 3404 δόξης
1425 3333 1520 3386 καὶ
1548 3334 1747 3404 εὐφρο-

164 3426 336 3495 σύνης
373 3426 658 3497 πρόξενον,
693 3425 752 3478 τὸ
803 3424 900 3495 τὴν
934 3425 1191 3479 ἁπάντων
1229 3424 1320 3477 διά
1351 3424 1559 3488 πάθους
1602 3426 1749 3477 οἰκο-

160 3519 472 3588 νομήσαντι
525 3518 828 3590 σωτηρίαν,
866 3518 947 3595 εἷς
997 3534 1057 3571 τε
1100 3518 1191 3570 τὸν
1236 3520 1435 3571 οἰκεῖον
1465 3517 1656 3589 θρόνον
1691 3518 1750 3570 τὸ

163 3611 519 3680 προσληφθὲν
598 3610 1001 3664 ἀναϐιϐάσαντι
1063 3610 1315 3680 φύραμα,
1379 3610 1618 3663 συνεῖναί
1668 3627 1751 3665 σοι

163 3702 398 3772 νοητῶς,
446 3702 541 3758 καὶ
594 3703 949 3775 προσομιλεῖν
987 3703 1284 3766 διαπαντός
1312 3720 1326 3733 '
1386 3704 1644 3774 στένομαι
1692 3703 1750 3757 δὲ

164 3795 266 3849 καὶ
292 3795 435 3848 οὕτω
468 3797 535 3849 τὰ
560 3796 868 3867 σπλάγχνα,
902 3796 1243 3867 ὀδυνώμενόν
1265 3814 1321 3849 σε
1354 3798 1447 3850 καὶ
1468 3798 1751 3868 πάσχοντα

165 3886 338 3956 σαρκὶ
371 3887 687 3959 καθορῶσα,
709 3888 926 3960 μυρίοις
953 3905 1013 3941 τε
1045 3888 1153 3941 τῶν
1180 3888 1448 3943 συνόντων
1481 3890 1575 3941 καὶ
1610 3906 1750 3960 παρ·

164 3978 360 4031 ιόντων
414 3980 743 4051 βαλλόμενον
779 3983 890 4045 τοῖς
928 3980 1160 4033 ὀνείδεσι
1191 3998 1204 4012 υ
1262 3981 1356 4034 καὶ
1381 3979 1475 4045 οὓς
1513 3980 1621 4034 εδει
1650 3980 1752 4050 τῆς

168 4072 419 4142 μεγάλης
448 4072 774 4127 ’ἀπόνασθαι
812 4072 1166 4144 κηδεμονίας,
1223 4075 1367 4141 σφᾶς
1413 4073 1641 4135 ἑαυτοὺς
1671 4074 1751 4137 εἰς

161 4166 232 4217 τὸ
250 4165 349 4235 τῆς
379 4165 659 4229 ἀπωλείας
698 4149 977 4237 βάραθρον
1005 4164 1404 4228 συνωθοῦντας.
1441 4165 1580 4217 Ἀλλ’
1605 4158 1751 4218 οὗτοι

169 4260 295 4329 μὲν,
331 4258 507 4329 οὕτως
560 4258 774 4329 αἱρέσει
822 4260 888 4329 τῇ
932 4258 1211 4329 μιαιφόνῳ
1268 4257 1639 4312 διατίθενται·
1686 4259 1751 4313 σὺ

161 4326 249 4415 δὲ,
291 4326 525 4419 φθέγξαι
560 4326 713 4421 τι-τῇ
766 4326 953 4421 Μητρλ
991 4326 1411 4421 συντακτήριον,
1464 4352 1492 4405 ὁ
1523 4352 1752 4420 μηδενὸς

1844 1954 2102 2011 mellillna
2145 1955 2309 2020 labia,
2362 1956 2561 2025 quibus
2606 1969 2777 2024 nuper
2817 1954 3125 2009 suscitabas
3155 1965 3427 2019 IIIOI'IIIOS,

1847 2062 1910 2101 ac
1941 2048 2281 2102 themonibus
2327 2047 2767 2116 imperabas,,\°el
2797 2050 2862 2102 ad
2898 2048 3170 2101 modicum
3207 2048 3426 2101 silentia

1846 2141 2095 2195 Videant?
2137 2159 2156 2192 ι
2194 2155 2202 2162 ‘

1922 2249 1942 2285 ι
1986 2234 2087 2287 Abi
2140 2232 2536 2300 nihilominus,
2585 2232 2845 2298 Domine,
2900 2230 3233 2287 ineﬂ'abilem
3288 2232 3431 2291 hanc

1850 2327 2315 2399 dispensationem
2362 2326 2686 2395 impleturus
2732 2343 2746 2378 :
2785 2325 2894 2389 abi,
2928 2325 3072 2378 bono
3105 2325 3251 2378 otnni
3290 2324 3437 2378 desi-

1848 2419 2140 2473 derabilior
2176 2416 2301 2478 Fili,
2350 2430 2405 2469 ut
2441 2432 2744 2486 congruum
2781 2418 2877 2471 tibi
2924 2417 3185 2470 honorem
3234 2430 3433 2471 conse-

1849 2510 2053 2579 quaris.
2090 2505 2203 2570 Nec
2237 2508 2378 2561 cnim
2426 2508 2539 2577 jam
2576 2519 2625 2563 te
2655 2508 2890 2577 amplius
2919 2506 3279 2574 corporaliter
3309 2521 3429 2561 sum

1851 2594 2216 2671 amplexatura
2247 2602 2409 2654 decus
2441 2602 2621 2654 meum
2656 2616 2668 2652 :
2706 2614 2870 2668 quam
2907 2598 3055 2652 enim
3083 2598 3432 2667 assumpsisti

1850 2704 2149 2755 naturam,
2205 2691 2387 2745 divina
2446 2699 2535 2743 tua
2582 2690 2712 2744 sede
2765 2689 3053 2744 sublimem
3105 2689 3430 2744 collocatam

1851 2785 2034 2839 habes.
2070 2784 2185 2838 Non
2200 2782 2309 2851 jam
2330 2782 2562 2851 amplius
2589 2792 2957 2836 maternarum
2978 2780 3154 2836 ollicio
3176 2796 3431 2837 manuum

1848 2887 2103 2931 ornatura
2143 2893 2261 2931 smn
2292 2891 2490 2945 corpus
2519 2886 2668 2930 tuum
2697 2894 2711 2942 ;
2747 2876 2948 2947 quippe
2986 2877 3169 2955 elevas
3198 2877 3266 2930 ad
3302 2891 3433 2943 pro-

1850 2971 2019 3037 priam
2050 2969 2296 3038 gloriam,
2333 2970 2422 3037 qui
2454 2984 2481 3021 a
2517 2969 2688 3038 prima
2727 2970 2898 3039 gloria
2936 2984 3213 3037 nunquam
3252 2984 3433 3023 reces-

1850 3062 1985 3115 sisti.
2015 3062 2334 3130 Quanquam
2368 3062 2513 3115 enim
2542 3062 2761 3116 deitatis
2792 3062 3078 3130 prazscntia
3110 3076 3231 3113 cum
3262 3060 3434 3115 Matre

1851 3163 2173 3207 versaturus
2207 3152 2298 3212 sis,
2348 3166 2451 3204 non
2484 3161 2663 3205 tamen
2701 3161 2759 3205 ut
2792 3152 2954 3220 olim;
2989 3169 3093 3206 non
3122 3153 3193 3206 ita
3223 3160 3279 3206 ιιι
3314 3168 3434 3206 ιιιιι-

1853 3244 2128 3313 plexetur;
2161 3252 2220 3297 ut
2254 3242 2397 3298 dulci
2446 3253 2540 3298 tuo
2574 3252 2797 3313 aspectu
2846 3243 3049 3314 jugitcr
3088 3245 3431 3315 perfruatur;

1852 3342 1909 3388 ut
1934 3349 2198 3404 corporeo
2230 3345 2321 3389 tuo
2364 3335 2562 3389 decore
2598 3334 2918 3391 delectetur.
2959 3335 3037 3389 Ac
3065 3337 3309 3405 qnidem,
3342 3346 3435 3391 su-

1852 3440 2050 3495 prema:
2103 3426 2232 3480 mihi
2286 3426 2472 3496 gloria:
2499 3441 2563 3480 ac
2599 3426 2805 3481 laetitia:
2834 3442 3000 3482 causa
3031 3428 3125 3494 sit,
3160 3439 3220 3483 ut
3253 3440 3432 3485 tecum

1852 3518 2033 3571 animo
2066 3533 2275 3582 verser,
2312 3528 2471 3587 teque
2520 3520 2780 3574 continue
2814 3520 3085 3589 alloquar,
3142 3528 3317 3575 morte
3345 3533 3433 3577 :ua

1854 3610 2237 3681 universorum
2294 3612 2455 3665 saluti
2497 3612 2723 3681 provide
2776 3613 3175 3681 consulentem,
3228 3630 3436 3669 assum-

1855 3708 2109 3771 ptamque
2142 3704 2587 3772 conspersionem
2625 3704 2679 3757 in
2712 3703 2896 3758 sedem
2951 3707 3230 3773 propriam
3263 3707 3437 3761 suble-

1823 3806 2067 3863 ,vantem
2100 3812 2114 3849 :
2151 3805 2511 3850 tenet-tamen
2536 3797 2811 3866 angustia,
2846 3812 2909 3851 ac
2943 3807 3160 3867 tnrqnet
3196 3799 3433 3867 viscera,

1853 3903 1972 3955 qua:
2010 3887 2282 3941 dolentem
2316 3897 2366 3942 te
2396 3902 2460 3942 ac
2490 3889 2808 3943 morientem
2864 3890 3146 3958 aspiciam,
3182 3890 3436 3947 inmune-

1855 3979 2232 4048 rabilibusque
2261 3980 2558 4053 astantium
2590 3980 2735 4035 cruci
2764 4020 2778 4045 ,
2811 3995 2871 4034 ae
2895 3983 3292 4036 transeuntium
3340 3998 3437 4053 op-

1854 4070 2407 4141 probriisappetitum
2438 4049 2457 4125 ἕ
2488 4086 2690 4140 eosque
2714 4072 2952 4136 demum,
2978 4087 3118 4141 quos
3161 4083 3307 4127 tanta
3345 4049 3436 4130 illa

1856 4160 2196 4229 providentia
2252 4150 2542 4230 opo'rtebat
2599 4160 2853 4215 meliores
2894 4160 3037 4225 fieri,
3078 4162 3223 4230 ipsos
3268 4177 3347 4227 se,
3380 4163 3434 4217 in

1859 4252 2185 4321 perditionis
2235 4253 2578 4318 barathrum,
2613 4254 2827 4307 videam
2870 4253 3224 4322 impellentes.
3256 4254 3435 4309 Caete-

1860 4361 1975 4398 rum
2009 4344 2081 4397 illi
2111 4345 2190 4399 sic
2221 4346 2450 4410 habent;
2471 4362 2568 4416 pro
2593 4360 2652 4400 ea
2680 4346 2977 4404 voluntate.
3009 4362 3113 4414 qna
3147 4348 3199 4401 in
3232 4348 3436 4403 ca‘dem

161 4443 282 4496 τῶν
310 4439 487 4497 δντιιιιῖ
515 4442 977 4513 ἀπολειπόμενος·
1012 4442 1245 4511 φθέγξαι
1288 4443 1465 4511 γλυκὺ
1495 4445 1586 4497 καὶ
1619 4446 1766 4507 ζωοη

1858 4437 2197 4491 bacchantur
2232 4455 2243 4489 :
2279 4446 2331 4491 tu
2392 4454 2518 4491 vero
2590 4423 2796 4506 aliquid
2856 4438 3009 4493 Matri
3045 4440 3287 4510 loquere,
3318 4441 3437 4497 vale

164 4533 417 4603 πάροχον
452 4532 603 4596 ἔπος,
642 4533 710 4585 ἶν’
744 4532 925 4602 ἔχοιμι
987 4534 1082 4585 καὶ
1124 4533 1258 4587 αὐτὸ
1282 4533 1375 4587 τοῦ
1410 4536 1548 4603 μετὰ
1581 4535 1751 4588 ταῦτα

1858 4528 2063 4591 dicens,
2106 4530 2193 4596 qni
2225 4544 2252 4580 a
2288 4529 2431 4581 nulla
2479 4545 2536 4583 re
2564 4531 2763 4585 absens
2809 4530 2943 4600 agis.
3001 4530 3247 4601 Loquere
3277 4533 3463 4589 dulce"

164 4622 369 4693 καιροῦ
400 4626 804 4694 παρηγόρημα.
845 4621 1044 4677 Διάθου
1078 4622 1147 4677 τά
1178 4622 1422 4693 περὶτῆς
1456 4624 1749 4694 τεκούσης,

165 4715 199 4766 ὁ
236 4715 333 4767 σὺν
355 4713 431 4781 τῷ
451 4714 643 4783 κόσμῳ
670 4729 764 4765 σου
788 4712 953 4766 παντὶ
1000 4713 1095 4766 καὶ
1120 4712 1326 4783 ταύτην
1354 4712 1749 4784 διακυϐερνῶν.

168 4809 312 4862 Εἰπὲ
374 4806 532 4874 λόγον
567 4806 785 4876 ἥδιστον
836 4808 934 4876 μὲν
977 4806 1312 4876 ἀκουσθῆναι
1356 4805 1451 4861 νῦν
1483 4845 1497 4872 ,
1537 4806 1754 4877 βέϐαιον

165 4896 244 4953 δὲ*
273 4898 687 4969 κατασχεθῆναι
715 4897 1003 4969 διηνεκῶς.
1045 4916 1063 4950 ι
1427 4906 1445 4919 “

248 5072 407 5127 Οὕτω
428 5073 784 5144 δριμυτάτοις
820 5074 1157 5146 βαλλομένην
1184 5076 1283 5147 τῆς
1328 5075 1546 5145 φύσεως
1575 5077 1753 5149 βέλεσι

168 5164 278 5233 τὴν
331 5165 469 5217 ἰδίαν
502 5166 530 5217 ὁ
570 5166 854 5236 Δεσπότης
903 5166 1139 5221 κατιδὼν
1182 5169 1430 5240 Μητέρα,
1473 5170 1570 5223 καὶ
1602 5170 1665 5224 τὸ
1698 5171 1756 5225 ὲν
1788 5183 1801 5202 ⁸
1835 5177 1844 5189 '

171 5257 381 5327 καρδίᾳ
412 5256 618 5339 ταύτης
676 5257 807 5321 ἴσως
849 5257 950 5328 τῷι
981 5260 1346 5332 προαγομένῳ
1401 5260 1487 5313 διὰ
1532 5261 1758 5331 χειλέων

171 5350 451 5417 ἐξετάζων
490 5346 626 5421 πῦρ,
660 5349 922 5421 ποθεινὴν
970 5352 1165 5423 ἀφίησι
1205 5354 1411 5423 φωνὴν,
1454 5356 1519 5425 τῇ
1556 5357 1756 5426 ὲνηχήο

174 5457 263 5494 σει
300 5439 505 5509 μᾶλλον
533 5440 596 5493 τὸ
615 5429 1008 5510 ἀνακτηττικὺν,
1042 5442 1074 5510 ἦ
1106 5443 1217 5505 τοῖς
1242 5442 1560 5513 λεγομένοις
1596 5444 1757 5515 ἔχουο

176 5551 303 5587 σαν.
337 5533 509 5586 Τοῦτο
536 5533 644 5604 γὰρ
669 5529 736 5605 ἦν
772 5534 911 5604 αὐτῇ
938 5534 999 5587 τὸ
1023 5533 1759 5607 καταθυμὶωςὲπιξητούμε-

172 5644 291 5690 νον,
347 5627 408 5679 τὸ
442 5626 535 5679 καὶ
583 5625 829 5697 φθογγῆς
884 5625 976 5679 τοῦ
1026 5625 1280 5693 φιλτάτου
1334 5628 1758 5699 προφερομένης

172 5718 348 5788 ψιλῆς
379 5717 785 5772 ἀντιλαϐέσθαι.
835 5717 898 5770 Ἦ
921 5717 975 5771 δὲ
1006 5717 1179 5787 φωνὴ,
1218 5718 1441 5790 τοιαύτη
1476 5736 1558 5783 τις
1585 5722 1758 5790 ὑπῆρ-

174 5827 297 5883 χεν,
352 5810 425 5873 ὼς
455 5811 515 5863 ἑν
561 5808 787 5879 βραχέσι
841 5809 1054 5862 ᾶπαντα
1096 5808 1474 5879 διατιθεμένου
1517 5810 1758 5864 καθυποσ

1857 4636 1918 4673 ac
1946 4619 2105 4673 vitale
2137 4622 2386 4684 verbum,
2414 4630 2471 4674 ut
2500 4621 2663 4675 futuri
2699 4623 2954 4691 deinceps
3015 4627 3272 4691 temporis
3301 4641 3439 4696 qua-

1858 4713 2123 4783 lecunqttc
2176 4712 2302 4789 illud
2355 4714 2605 4767 solatimn
2660 4714 2910 4768 habeam.
2970 4712 3197 4772 Testare
3235 4719 3299 4773 tle
3348 4730 3437 4774 tua

1857 4804 2053 4868 Matre,
2115 4805 2205 4874 qui
2248 4800 2371 4859 eam
2426 4820 2641 4875 quoque
2687 4807 2761 4859 uti
2804 4809 3061 4861 mundum
3126 4810 3435 4865 universum

1780 4902 1787 4915 '
1857 4897 2145 4963 gubernes.
2180 4898 2273 4950 llic
2303 4912 2633 4960 sermonem.
2681 4915 2822 4953 nunc
2853 4900 3069 4968 quidem
3102 4902 3288 4957 auditu
3314 4904 3437 4957 dul-

1860 4989 2175 5055 cissimum;
2229 4991 2443 5043 lirmum
2497 5007 2563 5044 an
2593 5004 2769 5061 em_ut
2805 5001 3065 5061 perpetuo
3099 5003 3359 5057 teneatur.
3413 5014 3432 5048 ι

1934 5063 2085 5134 llnnc
2116 5083 2332 5135 modum
2362 5080 2638 5147 Dominus,
2671 5053 3027 5139 amarissimis
3059 5094 3262 5141 natura:
3286 5086 3440 5155 jacu-

1858 5172 1925 5227 lis
1975 5174 2273 5227 sauciatam
2331 5174 2554 5229 Matrem
2603 5186 2909 5245 aspectans,
2973 5178 3261 5248 ignemque
3316 5180 3439 5235 imis

1859 5265 2174 5334 pra'eordiis
2205 5281 2519 5333 accensum,
2544 5268 2758 5337 qualem
2790 5269 2920 5323 foris
2956 5268 3095 5323 labia
3118 5272 3434 5339 prodebant,

1861 5362 2137 5432 scrutans‘,
2163 5359 2571 5413 desiderabilem
2599 5362 2798 5414 emittit
2831 5376 3041 5421 vocem.
3076 5375 3210 5415 sono
3242 5364 3440 5432 ntagis,

1833 5465 2021 5518 ,qnam
2068 5430 2352 5505 ve‘rhornm
2404 5461 2615 5503 textura
2664 5467 2913 5521 recreare
2964 5452 3270 5507 habentem.
3328 5454 3439 5509 llam

1862 5544 2005 5594 enim
2048 5543 2284 5611 enpienti
2344 5547 2525 5596 animo
2566 5544 2864 5612 qaa'rebat,
2901 5554 2954 5597 nt
2998 5544 3077 5596 vel
3113 5548 3266 5599 nume
3317 5558 3438 5600 tan-

1846 5643 1971 5701 tum
2008 5635 2151 5689 vocis
2185 5650 2397 5700 sonum,
2432 5636 2737 5704 proferente
2772 5638 3170 5703 ainantiSsimo,
3203 5643 3435 5697 amliret.

1864 5720 1985 5775 llaec
2012 5734 2190 5777 autem
2254 5723 2375 5778 talis
2422 5736 2562 5789 erat,
2617 5737 2673 5780 ut
2718 5728 2901 5794 paucis
2959 5732 3208 5784 testantis
3255 5734 3439 5791 ontnia

1866 5814 2148 5871 indicaret.
2186 5815 2416 5883 Mulier,
2470 5835 2583 5871 erce
2608 5858 2622 5884 ,
2654 5819 2863 5889 inquit,
2897 5818 3043 5888 ﬁlms
3075 5832 3191 5877 .‘ztus
3227 5843 3243 5878 :
3280 5827 3440 5884 nimi-
