  <div class='ocr_page' id='page_1' title='image "/cluster/home/n/w/nwhite01/storage/ocr_20150623/100/nnc1.0046980229/735.png"; bbox 0 0 4166 6440; ppageno 0'>
   <div class='ocr_carea' id='block_1_1' title="bbox 697 371 834 443">
    <p class='ocr_par' dir='ltr' id='par_1_1' title="bbox 697 371 834 443">
     <span class='ocr_line' id='line_1_1' title="bbox 697 371 834 443; baseline -0.007 -5"><span class='ocrx_word' id='word_1_1' title='bbox 697 371 834 443; x_wconf 75' lang='grc'><strong>1475</strong></span> 
     </span>
    </p>
   </div>
   <div class='ocr_carea' id='block_1_2' title="bbox 1828 362 2791 428">
    <p class='ocr_par' dir='ltr' id='par_1_2' title="bbox 1828 362 2791 428">
     <span class='ocr_line' id='line_1_2' title="bbox 1828 362 2791 428; baseline -0.002 -2"><span class='ocrx_word' id='word_1_2' title='bbox 1828 364 2152 428; x_wconf 78' lang='lat' dir='ltr'><strong>GEORGII</strong></span> <span class='ocrx_word' id='word_1_3' title='bbox 2194 362 2791 426; x_wconf 78' lang='lat' dir='ltr'><strong>NICOMEDIENSIS</strong></span> 
     </span>
    </p>
   </div>
   <div class='ocr_carea' id='block_1_3' title="bbox 3849 364 3978 428">
    <p class='ocr_par' dir='ltr' id='par_1_3' title="bbox 3849 364 3978 428">
     <span class='ocr_line' id='line_1_3' title="bbox 3849 364 3978 428; baseline 0.016 -2"><span class='ocrx_word' id='word_1_4' title='bbox 3849 364 3978 428; x_wconf 68' lang='lat'><strong>“76</strong></span> 
     </span>
    </p>
   </div>
   <div class='ocr_carea' id='block_1_4' title="bbox 703 475 2266 550">
    <p class='ocr_par' dir='ltr' id='par_1_4' title="bbox 703 479 2266 549">
     <span class='ocr_line' id='line_1_4' title="bbox 703 479 2266 549; baseline -0.008 -7"><span class='ocrx_word' id='word_1_5' title='bbox 703 504 821 542; x_wconf 87' lang='lat' dir='ltr'><strong>rum</strong></span> <span class='ocrx_word' id='word_1_6' title='bbox 868 485 1255 540; x_wconf 86' lang='lat' dir='ltr'><strong>commendans</strong></span> <span class='ocrx_word' id='word_1_7' title='bbox 1301 495 1419 535; x_wconf 83' lang='lat' dir='ltr'><strong>eam</strong></span> <span class='ocrx_word' id='word_1_8' title='bbox 1462 479 1744 549; x_wconf 88' lang='lat' dir='ltr'><strong>discipulo.</strong></span> <span class='ocrx_word' id='word_1_9' title='bbox 1781 481 1861 534; x_wconf 91' lang='lat' dir='ltr'><strong>&#39;l‘u</strong></span> <span class='ocrx_word' id='word_1_10' title='bbox 1895 497 2024 535; x_wconf 88' lang='lat' dir='ltr'><strong>vero</strong></span> <span class='ocrx_word' id='word_1_11' title='bbox 2059 494 2266 533; x_wconf 81' lang='lat' dir='ltr'><strong>rursum</strong></span> 
     </span>
    </p>
   </div>
   <div class='ocr_carea' id='block_1_5' title="bbox 2369 475 3976 550">
    <p class='ocr_par' dir='ltr' id='par_1_5' title="bbox 2381 475 3976 550">
     <span class='ocr_line' id='line_1_5' title="bbox 2381 475 3976 550; baseline 0.001 -22"><span class='ocrx_word' id='word_1_12' title='bbox 2381 477 2626 548; x_wconf 66' lang='grc' dir='ltr'>φαίνεινε</span> <span class='ocrx_word' id='word_1_13' title='bbox 2672 477 2882 541; x_wconf 79' lang='grc' dir='ltr'>Γύναι,</span> <span class='ocrx_word' id='word_1_14' title='bbox 2913 475 3067 538; x_wconf 69' lang='grc' dir='ltr'>ἰδοὺ,</span> <span class='ocrx_word' id='word_1_15' title='bbox 3121 477 3277 547; x_wconf 54' lang='grc' dir='ltr'>φησι,</span> <span class='ocrx_word' id='word_1_16' title='bbox 3309 475 3488 543; x_wconf 79' lang='grc' dir='ltr'>όιιὶός</span> <span class='ocrx_word' id='word_1_17' title='bbox 3526 492 3682 542; x_wconf 78' lang='grc' dir='ltr'>σου,</span> <span class='ocrx_word' id='word_1_18' title='bbox 3743 477 3834 548; x_wconf 81' lang='grc' dir='ltr'><strong>τῷ</strong></span> <span class='ocrx_word' id='word_1_19' title='bbox 3881 499 3976 550; x_wconf 73' lang='grc' dir='ltr'>μα-</span> 
     </span>
    </p>
   </div>
   <div class='ocr_carea' id='block_1_6' title="bbox 702 571 2277 641">
    <p class='ocr_par' dir='ltr' id='par_1_6' title="bbox 702 571 2277 641">
     <span class='ocr_line' id='line_1_6' title="bbox 702 571 2277 641; baseline -0.004 -11"><span class='ocrx_word' id='word_1_20' title='bbox 702 575 989 630; x_wconf 84' lang='lat' dir='ltr'><strong>eonsidera</strong></span> <span class='ocrx_word' id='word_1_21' title='bbox 1060 582 1266 626; x_wconf 71' lang='lat' dir='ltr'><strong>naturae</strong></span> <span class='ocrx_word' id='word_1_22' title='bbox 1298 573 1348 625; x_wconf 92' lang='lat' dir='ltr'><strong>in</strong></span> <span class='ocrx_word' id='word_1_23' title='bbox 1378 587 1440 624; x_wconf 89' lang='lat' dir='ltr'><strong>ea</strong></span> <span class='ocrx_word' id='word_1_24' title='bbox 1471 571 1649 641; x_wconf 89' lang='lat' dir='ltr'><strong>ignem</strong></span> <span class='ocrx_word' id='word_1_25' title='bbox 1681 572 2054 626; x_wconf 77' lang='lat' dir='ltr'><strong>vehementius</strong></span> <span class='ocrx_word' id='word_1_26' title='bbox 2084 586 2277 625; x_wconf 89' lang='lat' dir='ltr'><strong>accen-</strong></span> 
     </span>
    </p>
   </div>
   <div class='ocr_carea' id='block_1_7' title="bbox 698 665 2274 731">
    <p class='ocr_par' dir='ltr' id='par_1_7' title="bbox 698 665 2274 731">
     <span class='ocr_line' id='line_1_7' title="bbox 698 665 2274 731; baseline -0.001 -11"><span class='ocrx_word' id='word_1_27' title='bbox 698 683 818 721; x_wconf 88' lang='lat' dir='ltr'><strong>sum</strong></span> <span class='ocrx_word' id='word_1_28' title='bbox 850 708 864 731; x_wconf 89' lang='lat'><strong>,</strong></span> <span class='ocrx_word' id='word_1_29' title='bbox 899 666 1323 720; x_wconf 89' lang='lat' dir='ltr'><strong>incontinentem</strong></span> <span class='ocrx_word' id='word_1_30' title='bbox 1352 667 1617 720; x_wconf 89' lang='lat' dir='ltr'><strong>viscerum</strong></span> <span class='ocrx_word' id='word_1_31' title='bbox 1652 666 1942 720; x_wconf 79' lang='lat' dir='ltr'><strong>excitatam</strong></span> <span class='ocrx_word' id='word_1_32' title='bbox 1975 665 2274 719; x_wconf 82' lang='lat' dir='ltr'><strong>ﬂammam.</strong></span> 
     </span>
    </p>
   </div>
   <div class='ocr_carea' id='block_1_8' title="bbox 697 755 2277 825">
    <p class='ocr_par' dir='ltr' id='par_1_8' title="bbox 697 755 2277 825">
     <span class='ocr_line' id='line_1_8' title="bbox 697 755 2277 825; baseline -0.002 -13"><span class='ocrx_word' id='word_1_33' title='bbox 697 757 936 812; x_wconf 82' lang='lat' dir='ltr'><strong>Dieendo</strong></span> <span class='ocrx_word' id='word_1_34' title='bbox 987 757 1173 820; x_wconf 91' lang='lat' dir='ltr'><strong>enim,</strong></span> <span class='ocrx_word' id='word_1_35' title='bbox 1235 756 1445 825; x_wconf 73' lang='lat' dir='ltr'><strong>ﬁlium,</strong></span> <span class='ocrx_word' id='word_1_36' title='bbox 1496 756 1550 810; x_wconf 86' lang='lat' dir='ltr'><strong>in</strong></span> <span class='ocrx_word' id='word_1_37' title='bbox 1624 757 1940 811; x_wconf 84' lang='lat' dir='ltr'><strong>memoriam</strong></span> <span class='ocrx_word' id='word_1_38' title='bbox 1999 755 2277 812; x_wconf 74' lang='lat' dir='ltr'><strong>revocavit</strong></span> 
     </span>
    </p>
   </div>
   <div class='ocr_carea' id='block_1_9' title="bbox 701 849 2274 925">
    <p class='ocr_par' dir='ltr' id='par_1_9' title="bbox 701 849 2274 925">
     <span class='ocr_line' id='line_1_9' title="bbox 701 849 2274 925; baseline 0.005 -21"><span class='ocrx_word' id='word_1_39' title='bbox 701 866 898 904; x_wconf 90' lang='lat' dir='ltr'><strong>novum</strong></span> <span class='ocrx_word' id='word_1_40' title='bbox 966 867 1030 904; x_wconf 91' lang='lat' dir='ltr'><strong>ac</strong></span> <span class='ocrx_word' id='word_1_41' title='bbox 1081 849 1412 905; x_wconf 77' lang='lat' dir='ltr'><strong>ineffabilem</strong></span> <span class='ocrx_word' id='word_1_42' title='bbox 1452 860 1718 919; x_wconf 88' lang='lat' dir='ltr'><strong>partum:</strong></span> <span class='ocrx_word' id='word_1_43' title='bbox 1761 853 1954 906; x_wconf 77' lang='lat' dir='ltr'><strong>“animo</strong></span> <span class='ocrx_word' id='word_1_44' title='bbox 2004 857 2274 925; x_wconf 79' lang='lat' dir='ltr'><strong>suggessit</strong></span> 
     </span>
    </p>
   </div>
   <div class='ocr_carea' id='block_1_10' title="bbox 697 940 2272 1011">
    <p class='ocr_par' dir='ltr' id='par_1_10' title="bbox 697 940 2272 1011">
     <span class='ocr_line' id='line_1_10' title="bbox 697 940 2272 1011; baseline 0.003 -18"><span class='ocrx_word' id='word_1_45' title='bbox 697 940 948 994; x_wconf 82' lang='lat' dir='ltr'><strong>mirabile</strong></span> <span class='ocrx_word' id='word_1_46' title='bbox 982 942 1236 1010; x_wconf 87' lang='lat' dir='ltr'><strong>philtrum</strong></span> <span class='ocrx_word' id='word_1_47' title='bbox 1257 979 1275 1005; x_wconf 93' lang='lat'><strong>,</strong></span> <span class='ocrx_word' id='word_1_48' title='bbox 1309 941 1594 995; x_wconf 84' lang='lat' dir='ltr'><strong>amabilem</strong></span> <span class='ocrx_word' id='word_1_49' title='bbox 1626 943 2092 997; x_wconf 81' lang='lat' dir='ltr'><strong>conversationem</strong></span> <span class='ocrx_word' id='word_1_50' title='bbox 2115 983 2131 1011; x_wconf 95' lang='lat'><strong>,</strong></span> <span class='ocrx_word' id='word_1_51' title='bbox 2157 961 2272 998; x_wconf 91' lang='lat' dir='ltr'><strong>ma-</strong></span> 
     </span>
    </p>
   </div>
   <div class='ocr_carea' id='block_1_11' title="bbox 694 1031 2272 1103">
    <p class='ocr_par' dir='ltr' id='par_1_11' title="bbox 694 1031 2272 1103">
     <span class='ocr_line' id='line_1_11' title="bbox 694 1031 2272 1103; baseline 0.004 -20"><span class='ocrx_word' id='word_1_52' title='bbox 694 1031 870 1100; x_wconf 88' lang='lat' dir='ltr'><strong>jorem</strong></span> <span class='ocrx_word' id='word_1_53' title='bbox 915 1033 1118 1086; x_wconf 90' lang='lat' dir='ltr'><strong>luctum</strong></span> <span class='ocrx_word' id='word_1_54' title='bbox 1157 1047 1319 1100; x_wconf 80' lang='lat' dir='ltr'><strong>quam</strong></span> <span class='ocrx_word' id='word_1_55' title='bbox 1358 1043 1416 1086; x_wconf 91' lang='lat' dir='ltr'><strong>ut</strong></span> <span class='ocrx_word' id='word_1_56' title='bbox 1445 1033 1653 1087; x_wconf 85' lang='lat' dir='ltr'><strong>ratione</strong></span> <span class='ocrx_word' id='word_1_57' title='bbox 1681 1033 1892 1103; x_wconf 87' lang='lat' dir='ltr'><strong>concipi</strong></span> <span class='ocrx_word' id='word_1_58' title='bbox 1921 1046 2103 1103; x_wconf 83' lang='lat' dir='ltr'><strong>queat.</strong></span> <span class='ocrx_word' id='word_1_59' title='bbox 2136 1034 2272 1091; x_wconf 84' lang='lat' dir='ltr'><strong>Pro-</strong></span> 
     </span>
    </p>
   </div>
   <div class='ocr_carea' id='block_1_12' title="bbox 696 1120 2269 1189">
    <p class='ocr_par' dir='ltr' id='par_1_12' title="bbox 696 1120 2269 1189">
     <span class='ocr_line' id='line_1_12' title="bbox 696 1120 2269 1189; baseline 0.004 -15"><span class='ocrx_word' id='word_1_60' title='bbox 696 1122 826 1175; x_wconf 88' lang='lat' dir='ltr'><strong>didit</strong></span> <span class='ocrx_word' id='word_1_61' title='bbox 863 1121 991 1174; x_wconf 89' lang='lat' dir='ltr'><strong>item</strong></span> <span class='ocrx_word' id='word_1_62' title='bbox 1023 1121 1218 1175; x_wconf 85' lang='lat' dir='ltr'><strong>blanda</strong></span> <span class='ocrx_word' id='word_1_63' title='bbox 1247 1120 1370 1175; x_wconf 87' lang='lat' dir='ltr'><strong>Filii</strong></span> <span class='ocrx_word' id='word_1_64' title='bbox 1397 1122 1462 1174; x_wconf 88' lang='lat' dir='ltr'><strong>ad</strong></span> <span class='ocrx_word' id='word_1_65' title='bbox 1495 1122 1717 1175; x_wconf 80' lang='lat' dir='ltr'><strong>Matrem</strong></span> <span class='ocrx_word' id='word_1_66' title='bbox 1752 1124 1945 1189; x_wconf 85' lang='lat' dir='ltr'><strong>verba;</strong></span> <span class='ocrx_word' id='word_1_67' title='bbox 1983 1125 2269 1180; x_wconf 87' lang='lat' dir='ltr'><strong>sublimem</strong></span> 
     </span>
    </p>
   </div>
   <div class='ocr_carea' id='block_1_13' title="bbox 696 1212 2269 1281">
    <p class='ocr_par' dir='ltr' id='par_1_13' title="bbox 696 1212 2269 1281">
     <span class='ocr_line' id='line_1_13' title="bbox 696 1212 2269 1281; baseline 0.003 -15"><span class='ocrx_word' id='word_1_68' title='bbox 696 1213 843 1266; x_wconf 84' lang='lat' dir='ltr'><strong>illaut</strong></span> <span class='ocrx_word' id='word_1_69' title='bbox 895 1227 960 1266; x_wconf 89' lang='lat' dir='ltr'><strong>ac</strong></span> <span class='ocrx_word' id='word_1_70' title='bbox 1007 1212 1313 1267; x_wconf 82' lang='lat' dir='ltr'><strong>mirabilem</strong></span> <span class='ocrx_word' id='word_1_71' title='bbox 1384 1212 1814 1280; x_wconf 82' lang='lat' dir='ltr'><strong>subjectionem;</strong></span> <span class='ocrx_word' id='word_1_72' title='bbox 1866 1215 1982 1281; x_wconf 80' lang='lat' dir='ltr'><strong>ejus</strong></span> <span class='ocrx_word' id='word_1_73' title='bbox 2033 1218 2099 1270; x_wconf 90' lang='lat' dir='ltr'><strong>ad</strong></span> <span class='ocrx_word' id='word_1_74' title='bbox 2145 1231 2269 1272; x_wconf 82' lang='lat' dir='ltr'><strong>eunt</strong></span> 
     </span>
    </p>
   </div>
   <div class='ocr_carea' id='block_1_14' title="bbox 695 1303 2270 1377">
    <p class='ocr_par' dir='ltr' id='par_1_14' title="bbox 695 1303 2270 1377">
     <span class='ocr_line' id='line_1_14' title="bbox 695 1303 2270 1377; baseline 0.003 -19"><span class='ocrx_word' id='word_1_75' title='bbox 695 1305 1110 1377; x_wconf 87' lang='lat' dir='ltr'><strong>gloriationem;</strong></span> <span class='ocrx_word' id='word_1_76' title='bbox 1176 1303 1566 1359; x_wconf 79' lang='lat' dir='ltr'><strong>desiderabiles</strong></span> <span class='ocrx_word' id='word_1_77' title='bbox 1615 1320 1677 1359; x_wconf 88' lang='lat' dir='ltr'><strong>ac</strong></span> <span class='ocrx_word' id='word_1_78' title='bbox 1733 1305 2017 1361; x_wconf 73' lang='lat' dir='ltr'><strong>honestate</strong></span> <span class='ocrx_word' id='word_1_79' title='bbox 2083 1305 2270 1374; x_wconf 86' lang='lat' dir='ltr'><strong>plenos</strong></span> 
     </span>
    </p>
   </div>
   <div class='ocr_carea' id='block_1_15' title="bbox 697 1395 2270 1469">
    <p class='ocr_par' dir='ltr' id='par_1_15' title="bbox 697 1395 2270 1469">
     <span class='ocr_line' id='line_1_15' title="bbox 697 1395 2270 1469; baseline 0.001 -17"><span class='ocrx_word' id='word_1_80' title='bbox 697 1414 1059 1469; x_wconf 82' lang='lat' dir='ltr'><strong>congressus;</strong></span> <span class='ocrx_word' id='word_1_81' title='bbox 1092 1413 1156 1450; x_wconf 92' lang='lat' dir='ltr'><strong>ac</strong></span> <span class='ocrx_word' id='word_1_82' title='bbox 1181 1397 1396 1450; x_wconf 91' lang='lat' dir='ltr'><strong>demum</strong></span> <span class='ocrx_word' id='word_1_83' title='bbox 1433 1395 1570 1462; x_wconf 79' lang='lat' dir='ltr'><strong>fore,</strong></span> <span class='ocrx_word' id='word_1_84' title='bbox 1603 1407 1663 1451; x_wconf 92' lang='lat' dir='ltr'><strong>ut</strong></span> <span class='ocrx_word' id='word_1_85' title='bbox 1693 1399 1728 1452; x_wconf 93' lang='lat' dir='ltr'><strong>ii</strong></span> <span class='ocrx_word' id='word_1_86' title='bbox 1760 1399 2014 1467; x_wconf 83' lang='lat' dir='ltr'><strong>deinceps</strong></span> <span class='ocrx_word' id='word_1_87' title='bbox 2060 1414 2270 1453; x_wconf 84' lang='lat' dir='ltr'><strong>sermo-</strong></span> 
     </span>
    </p>
   </div>
   <div class='ocr_carea' id='block_1_16' title="bbox 695 1489 2268 1558">
    <p class='ocr_par' dir='ltr' id='par_1_16' title="bbox 695 1489 2268 1558">
     <span class='ocr_line' id='line_1_16' title="bbox 695 1489 2268 1558; baseline 0 -15"><span class='ocrx_word' id='word_1_88' title='bbox 695 1503 795 1543; x_wconf 88' lang='lat' dir='ltr'><strong>nes</strong></span> <span class='ocrx_word' id='word_1_89' title='bbox 853 1489 1074 1542; x_wconf 90' lang='lat' dir='ltr'><strong>minime</strong></span> <span class='ocrx_word' id='word_1_90' title='bbox 1117 1490 1470 1558; x_wconf 85' lang='lat' dir='ltr'><strong>congruerint</strong></span> <span class='ocrx_word' id='word_1_91' title='bbox 1505 1505 1518 1541; x_wconf 87' lang='lat'>:</span> <span class='ocrx_word' id='word_1_92' title='bbox 1555 1499 1614 1543; x_wconf 91' lang='lat' dir='ltr'><strong>ut</strong></span> <span class='ocrx_word' id='word_1_93' title='bbox 1660 1490 1885 1543; x_wconf 90' lang='lat' dir='ltr'><strong>minime</strong></span> <span class='ocrx_word' id='word_1_94' title='bbox 1934 1490 2004 1543; x_wconf 86' lang='lat' dir='ltr'><strong>sit</strong></span> <span class='ocrx_word' id='word_1_95' title='bbox 2047 1505 2170 1543; x_wconf 91' lang='lat' dir='ltr'><strong>cum</strong></span> <span class='ocrx_word' id='word_1_96' title='bbox 2204 1505 2268 1544; x_wconf 85' lang='lat' dir='ltr'><strong>ea</strong></span> 
     </span>
    </p>
   </div>
   <div class='ocr_carea' id='block_1_17' title="bbox 693 1583 2264 1654">
    <p class='ocr_par' dir='ltr' id='par_1_17' title="bbox 693 1583 2264 1654">
     <span class='ocr_line' id='line_1_17' title="bbox 693 1583 2264 1654; baseline 0.003 -19"><span class='ocrx_word' id='word_1_97' title='bbox 693 1583 898 1654; x_wconf 89' lang='lat' dir='ltr'><strong>jugiter</strong></span> <span class='ocrx_word' id='word_1_98' title='bbox 930 1584 983 1638; x_wconf 90' lang='lat' dir='ltr'><strong>in</strong></span> <span class='ocrx_word' id='word_1_99' title='bbox 1019 1599 1204 1648; x_wconf 87' lang='lat' dir='ltr'><strong>carne,</strong></span> <span class='ocrx_word' id='word_1_100' title='bbox 1237 1585 1312 1638; x_wconf 92' lang='lat' dir='ltr'><strong>uti</strong></span> <span class='ocrx_word' id='word_1_101' title='bbox 1347 1585 1516 1652; x_wconf 90' lang='lat' dir='ltr'><strong>prius,</strong></span> <span class='ocrx_word' id='word_1_102' title='bbox 1544 1584 1883 1652; x_wconf 86' lang='lat' dir='ltr'><strong>postmodum</strong></span> <span class='ocrx_word' id='word_1_103' title='bbox 1915 1596 2264 1653; x_wconf 88' lang='lat' dir='ltr'><strong>versaturus;</strong></span> 
     </span>
    </p>
   </div>
   <div class='ocr_carea' id='block_1_18' title="bbox 695 1676 2263 1748">
    <p class='ocr_par' dir='ltr' id='par_1_18' title="bbox 695 1676 2263 1748">
     <span class='ocr_line' id='line_1_18' title="bbox 695 1676 2263 1748; baseline 0.002 -17"><span class='ocrx_word' id='word_1_104' title='bbox 695 1678 894 1746; x_wconf 87' lang='lat' dir='ltr'><strong>quippe</strong></span> <span class='ocrx_word' id='word_1_105' title='bbox 949 1677 1039 1744; x_wconf 88' lang='lat' dir='ltr'><strong>qui</strong></span> <span class='ocrx_word' id='word_1_106' title='bbox 1086 1677 1150 1729; x_wconf 90' lang='lat' dir='ltr'><strong>ad</strong></span> <span class='ocrx_word' id='word_1_107' title='bbox 1203 1676 1430 1745; x_wconf 82' lang='lat' dir='ltr'><strong>gloriam</strong></span> <span class='ocrx_word' id='word_1_108' title='bbox 1497 1692 1647 1731; x_wconf 87' lang='lat' dir='ltr'><strong>suam</strong></span> <span class='ocrx_word' id='word_1_109' title='bbox 1708 1678 1937 1731; x_wconf 82' lang='lat' dir='ltr'><strong>festinus</strong></span> <span class='ocrx_word' id='word_1_110' title='bbox 1997 1688 2263 1748; x_wconf 80' lang='lat' dir='ltr'><strong>pergeret.</strong></span> 
     </span>
    </p>
   </div>
   <div class='ocr_carea' id='block_1_19' title="bbox 695 1766 2263 1838">
    <p class='ocr_par' dir='ltr' id='par_1_19' title="bbox 695 1766 2263 1838">
     <span class='ocr_line' id='line_1_19' title="bbox 695 1766 2263 1838; baseline 0.002 -16"><span class='ocrx_word' id='word_1_111' title='bbox 695 1766 832 1822; x_wconf 83' lang='lat' dir='ltr'><strong>Ecce</strong></span> <span class='ocrx_word' id='word_1_112' title='bbox 882 1769 1027 1835; x_wconf 80' lang='lat' dir='ltr'><strong>ﬁlius</strong></span> <span class='ocrx_word' id='word_1_113' title='bbox 1088 1777 1233 1822; x_wconf 74' lang='lat' dir='ltr'><strong>tuus.</strong></span> <span class='ocrx_word' id='word_1_114' title='bbox 1293 1768 1460 1822; x_wconf 88' lang='lat' dir='ltr'><strong>Scitis</strong></span> <span class='ocrx_word' id='word_1_115' title='bbox 1495 1769 1585 1838; x_wconf 94' lang='lat' dir='ltr'><strong>qui</strong></span> <span class='ocrx_word' id='word_1_116' title='bbox 1635 1784 1748 1823; x_wconf 88' lang='lat' dir='ltr'><strong>rem</strong></span> <span class='ocrx_word' id='word_1_117' title='bbox 1808 1785 1905 1824; x_wconf 74' lang='lat' dir='ltr'><strong>usu</strong></span> <span class='ocrx_word' id='word_1_118' title='bbox 1980 1772 2263 1837; x_wconf 84' lang='lat' dir='ltr'><strong>didicistis,</strong></span> 
     </span>
    </p>
   </div>
   <div class='ocr_carea' id='block_1_20' title="bbox 2379 571 3982 641">
    <p class='ocr_par' dir='ltr' id='par_1_20' title="bbox 2379 571 3982 641">
     <span class='ocr_line' id='line_1_20' title="bbox 2379 571 3982 641; baseline -0.001 -18"><span class='ocrx_word' id='word_1_119' title='bbox 2379 571 2518 641; x_wconf 77' lang='grc' dir='ltr'>θητῇ</span> <span class='ocrx_word' id='word_1_120' title='bbox 2549 572 2757 640; x_wconf 86' lang='grc' dir='ltr'>ταύτην</span> <span class='ocrx_word' id='word_1_121' title='bbox 2800 571 3258 639; x_wconf 69' lang='grc' dir='ltr'>παρατιθέμενος.</span> <span class='ocrx_word' id='word_1_122' title='bbox 3325 571 3489 623; x_wconf 79' lang='grc' dir='ltr'>Ἀλλά</span> <span class='ocrx_word' id='word_1_123' title='bbox 3553 572 3761 624; x_wconf 82' lang='grc' dir='ltr'>σκόπει</span> <span class='ocrx_word' id='word_1_124' title='bbox 3815 571 3982 625; x_wconf 75' lang='grc' dir='ltr'>πάλιν</span> 
     </span>
    </p>
   </div>
   <div class='ocr_carea' id='block_1_21' title="bbox 2375 659 3983 730">
    <p class='ocr_par' dir='ltr' id='par_1_21' title="bbox 2375 659 3983 730">
     <span class='ocr_line' id='line_1_21' title="bbox 2375 659 3983 730; baseline -0.001 -18"><span class='ocrx_word' id='word_1_125' title='bbox 2375 661 2438 713; x_wconf 75' lang='grc' dir='ltr'>τὸ</span> <span class='ocrx_word' id='word_1_126' title='bbox 2485 660 2588 729; x_wconf 82' lang='grc' dir='ltr'><strong>τῆς</strong></span> <span class='ocrx_word' id='word_1_127' title='bbox 2631 659 2848 728; x_wconf 83' lang='grc' dir='ltr'>φύσεως</span> <span class='ocrx_word' id='word_1_128' title='bbox 2893 659 3067 722; x_wconf 74' lang='grc' dir='ltr'>αὐτῆς</span> <span class='ocrx_word' id='word_1_129' title='bbox 3119 659 3482 730; x_wconf 79' lang='grc' dir='ltr'>σφοδρότερον</span> <span class='ocrx_word' id='word_1_130' title='bbox 3527 660 3983 729; x_wconf 77' lang='grc' dir='ltr'>διαναπτόμενον</span> 
     </span>
    </p>
   </div>
   <div class='ocr_carea' id='block_1_22' title="bbox 2377 751 3978 824">
    <p class='ocr_par' dir='ltr' id='par_1_22' title="bbox 2377 751 3978 824">
     <span class='ocr_line' id='line_1_22' title="bbox 2377 751 3978 824; baseline -0.001 -18"><span class='ocrx_word' id='word_1_131' title='bbox 2377 751 2526 824; x_wconf 86' lang='grc' dir='ltr'><strong>πῦρ·</strong></span> <span class='ocrx_word' id='word_1_132' title='bbox 2585 753 2963 821; x_wconf 78' lang='grc' dir='ltr'><strong>ἀκατάσχετον</strong></span> <span class='ocrx_word' id='word_1_133' title='bbox 3005 752 3109 822; x_wconf 77' lang='grc' dir='ltr'><strong>τὴν</strong></span> <span class='ocrx_word' id='word_1_134' title='bbox 3148 751 3259 805; x_wconf 89' lang='grc' dir='ltr'><strong>τῶν</strong></span> <span class='ocrx_word' id='word_1_135' title='bbox 3293 751 3633 821; x_wconf 79' lang='grc' dir='ltr'><strong>σπλάγχνων</strong></span> <span class='ocrx_word' id='word_1_136' title='bbox 3668 754 3978 824; x_wconf 60' lang='grc' dir='ltr'>ἀναῤῥιπιυ</span> 
     </span>
    </p>
   </div>
   <div class='ocr_carea' id='block_1_23' title="bbox 2378 843 3975 916">
    <p class='ocr_par' dir='ltr' id='par_1_23' title="bbox 2378 843 3975 916">
     <span class='ocr_line' id='line_1_23' title="bbox 2378 843 3975 916; baseline 0.001 -19"><span class='ocrx_word' id='word_1_137' title='bbox 2378 843 2601 898; x_wconf 77' lang='grc' dir='ltr'><strong>σθεῖσαν</strong></span> <span class='ocrx_word' id='word_1_138' title='bbox 2631 845 2826 913; x_wconf 86' lang='grc' dir='ltr'>φλόγα.</span> <span class='ocrx_word' id='word_1_139' title='bbox 2871 845 3013 897; x_wconf 64' lang='lat' dir='ltr'><strong>Tibr-</strong></span> <span class='ocrx_word' id='word_1_140' title='bbox 3069 844 3179 913; x_wconf 75' lang='grc' dir='ltr'><strong>γὰρ</strong></span> <span class='ocrx_word' id='word_1_141' title='bbox 3223 844 3414 908; x_wconf 78' lang='grc' dir='ltr'>εἰπὼν,</span> <span class='ocrx_word' id='word_1_142' title='bbox 3453 846 3751 916; x_wconf 67' lang='grc' dir='ltr'>ὑπέμνησε</span> <span class='ocrx_word' id='word_1_143' title='bbox 3822 846 3975 906; x_wconf 75' lang='grc' dir='ltr'>ξένου</span> 
     </span>
    </p>
   </div>
   <div class='ocr_carea' id='block_1_24' title="bbox 2376 936 3975 1009">
    <p class='ocr_par' dir='ltr' id='par_1_24' title="bbox 2376 936 3975 1009">
     <span class='ocr_line' id='line_1_24' title="bbox 2376 936 3975 1009; baseline -0.001 -21"><span class='ocrx_word' id='word_1_144' title='bbox 2376 936 2472 988; x_wconf 75' lang='grc' dir='ltr'>καὶ</span> <span class='ocrx_word' id='word_1_145' title='bbox 2546 936 2867 1009; x_wconf 72' lang='grc' dir='ltr'>ἀπορρήτου</span> <span class='ocrx_word' id='word_1_146' title='bbox 2931 937 3194 988; x_wconf 83' lang='grc' dir='ltr'>τοκετοῦ·</span> <span class='ocrx_word' id='word_1_147' title='bbox 3275 937 3594 1006; x_wconf 80' lang='grc' dir='ltr'>ὑπέμνησεν</span> <span class='ocrx_word' id='word_1_148' title='bbox 3679 939 3975 1007; x_wconf 70' lang='grc' dir='ltr'>ὑπερφυὲς</span> 
     </span>
    </p>
   </div>
   <div class='ocr_carea' id='block_1_25' title="bbox 2374 1027 3977 1099">
    <p class='ocr_par' dir='ltr' id='par_1_25' title="bbox 2374 1027 3977 1099">
     <span class='ocr_line' id='line_1_25' title="bbox 2374 1027 3977 1099; baseline 0.002 -20"><span class='ocrx_word' id='word_1_149' title='bbox 2374 1028 2600 1099; x_wconf 79' lang='grc' dir='ltr'><strong>φίλτρον</strong></span> <span class='ocrx_word' id='word_1_150' title='bbox 2629 1043 2642 1057; x_wconf 87' lang='grc'>⁶</span> <span class='ocrx_word' id='word_1_151' title='bbox 2703 1029 2990 1099; x_wconf 76' lang='grc' dir='ltr'>διατριϐὴν</span> <span class='ocrx_word' id='word_1_152' title='bbox 3027 1027 3368 1096; x_wconf 68' lang='grc' dir='ltr'>ἐπέραστον·</span> <span class='ocrx_word' id='word_1_153' title='bbox 3409 1029 3604 1092; x_wconf 86' lang='grc' dir='ltr'>πένθος</span> <span class='ocrx_word' id='word_1_154' title='bbox 3661 1031 3977 1097; x_wconf 69' lang='grc' dir='ltr'>ἀκατανόη·</span> 
     </span>
    </p>
   </div>
   <div class='ocr_carea' id='block_1_26' title="bbox 2371 1119 3976 1192">
    <p class='ocr_par' dir='ltr' id='par_1_26' title="bbox 2371 1119 3976 1192">
     <span class='ocr_line' id='line_1_26' title="bbox 2371 1119 3976 1192; baseline 0.001 -20"><span class='ocrx_word' id='word_1_155' title='bbox 2371 1135 2484 1173; x_wconf 87' lang='grc' dir='ltr'>τον.</span> <span class='ocrx_word' id='word_1_156' title='bbox 2531 1119 2800 1189; x_wconf 83' lang='grc' dir='ltr'>Ἀνέφηνε</span> <span class='ocrx_word' id='word_1_157' title='bbox 2839 1123 2907 1173; x_wconf 91' lang='grc' dir='ltr'><strong>τά</strong></span> <span class='ocrx_word' id='word_1_158' title='bbox 2943 1121 3020 1183; x_wconf 86' lang='grc' dir='ltr'>ὼς</span> <span class='ocrx_word' id='word_1_159' title='bbox 3068 1120 3198 1172; x_wconf 86' lang='grc' dir='ltr'>Υίοῦ</span> <span class='ocrx_word' id='word_1_160' title='bbox 3254 1121 3394 1192; x_wconf 82' lang='grc' dir='ltr'>πρὸς</span> <span class='ocrx_word' id='word_1_161' title='bbox 3438 1123 3674 1192; x_wconf 81' lang='grc' dir='ltr'>Μητέρα</span> <span class='ocrx_word' id='word_1_162' title='bbox 3706 1124 3976 1192; x_wconf 75' lang='grc' dir='ltr'>χαρίεντα</span> 
     </span>
    </p>
   </div>
   <div class='ocr_carea' id='block_1_27' title="bbox 2377 1209 3977 1281">
    <p class='ocr_par' dir='ltr' id='par_1_27' title="bbox 2377 1209 3977 1281">
     <span class='ocr_line' id='line_1_27' title="bbox 2377 1209 3977 1281; baseline -0.018 8"><span class='ocrx_word' id='word_1_163' title='bbox 2377 1211 2620 1280; x_wconf 65' lang='grc' dir='ltr'><strong>ῥήματα*</strong></span> <span class='ocrx_word' id='word_1_164' title='bbox 2665 1209 2764 1280; x_wconf 74' lang='grc' dir='ltr'><strong>τὴν</strong></span> <span class='ocrx_word' id='word_1_165' title='bbox 2794 1209 3008 1279; x_wconf 67' lang='grc' dir='ltr'>ὑψηλὴν</span> <span class='ocrx_word' id='word_1_166' title='bbox 3054 1211 3147 1264; x_wconf 71' lang='grc' dir='ltr'><strong>καὶ</strong></span> <span class='ocrx_word' id='word_1_167' title='bbox 3188 1210 3494 1280; x_wconf 74' lang='grc' dir='ltr'>παράδοξον</span> <span class='ocrx_word' id='word_1_168' title='bbox 3533 1213 3839 1281; x_wconf 71' lang='grc' dir='ltr'>ὑποταγὴν</span> <span class='ocrx_word' id='word_1_169' title='bbox 3869 1231 3883 1242; x_wconf 89' lang='grc'><strong>·</strong></span> <span class='ocrx_word' id='word_1_170' title='bbox 3923 1217 3977 1266; x_wconf 60' lang='grc' dir='ltr'>τὴ</span> 
     </span>
    </p>
   </div>
   <div class='ocr_carea' id='block_1_28' title="bbox 2372 1304 3976 1375">
    <p class='ocr_par' dir='ltr' id='par_1_28' title="bbox 2372 1304 3976 1375">
     <span class='ocr_line' id='line_1_28' title="bbox 2372 1304 3976 1375; baseline 0.001 -20"><span class='ocrx_word' id='word_1_171' title='bbox 2372 1304 2508 1373; x_wconf 79' lang='grc' dir='ltr'>πρὸς</span> <span class='ocrx_word' id='word_1_172' title='bbox 2541 1304 2707 1357; x_wconf 76' lang='grc' dir='ltr'>αὑτὸν</span> <span class='ocrx_word' id='word_1_173' title='bbox 2745 1305 2919 1374; x_wconf 78' lang='grc' dir='ltr'>αὐτῆς</span> <span class='ocrx_word' id='word_1_174' title='bbox 2954 1305 3393 1375; x_wconf 70' lang='grc' dir='ltr'>ἐγκαλλιίηιισμα</span> <span class='ocrx_word' id='word_1_175' title='bbox 3413 1319 3429 1333; x_wconf 74' lang='grc'><strong>⁸</strong></span> <span class='ocrx_word' id='word_1_176' title='bbox 3459 1305 3557 1368; x_wconf 78' lang='grc' dir='ltr'>τὰς</span> <span class='ocrx_word' id='word_1_177' title='bbox 3582 1307 3861 1366; x_wconf 51' lang='lat' dir='ltr'><strong>manu;</strong></span> <span class='ocrx_word' id='word_1_178' title='bbox 3887 1307 3976 1357; x_wconf 61' lang='grc' dir='ltr'>κιὶ</span> 
     </span>
    </p>
   </div>
   <div class='ocr_carea' id='block_1_29' title="bbox 2371 1397 3971 1468">
    <p class='ocr_par' dir='ltr' id='par_1_29' title="bbox 2371 1397 3971 1468">
     <span class='ocr_line' id='line_1_29' title="bbox 2371 1397 3971 1468; baseline 0.001 -19"><span class='ocrx_word' id='word_1_179' title='bbox 2371 1397 2687 1466; x_wconf 80' lang='grc' dir='ltr'><strong>αἰδεσίμους</strong></span> <span class='ocrx_word' id='word_1_180' title='bbox 2711 1398 3074 1468; x_wconf 69' lang='grc' dir='ltr'>περιπλοκὰς,</span> <span class='ocrx_word' id='word_1_181' title='bbox 3111 1399 3206 1452; x_wconf 75' lang='grc' dir='ltr'>καὶ</span> <span class='ocrx_word' id='word_1_182' title='bbox 3233 1399 3318 1451; x_wconf 84' lang='grc' dir='ltr'><strong>ὅτι</strong></span> <span class='ocrx_word' id='word_1_183' title='bbox 3345 1397 3562 1460; x_wconf 81' lang='grc' dir='ltr'><strong>τούτοις</strong></span> <span class='ocrx_word' id='word_1_184' title='bbox 3591 1398 3794 1450; x_wconf 78' lang='grc' dir='ltr'>οὐκέτι</span> <span class='ocrx_word' id='word_1_185' title='bbox 3831 1415 3971 1450; x_wconf 84' lang='grc' dir='ltr'>κατ-</span> 
     </span>
    </p>
   </div>
   <div class='ocr_carea' id='block_1_30' title="bbox 2375 1487 3978 1558">
    <p class='ocr_par' dir='ltr' id='par_1_30' title="bbox 2375 1487 3978 1558">
     <span class='ocr_line' id='line_1_30' title="bbox 2375 1487 3978 1558; baseline 0.001 -19"><span class='ocrx_word' id='word_1_186' title='bbox 2375 1487 2622 1557; x_wconf 82' lang='grc' dir='ltr'>αλλήλως</span> <span class='ocrx_word' id='word_1_187' title='bbox 2685 1489 3062 1558; x_wconf 77' lang='grc' dir='ltr'>ἀποχρήσεται</span> <span class='ocrx_word' id='word_1_188' title='bbox 3111 1491 3225 1551; x_wconf 85' lang='grc' dir='ltr'>τοῖς</span> <span class='ocrx_word' id='word_1_189' title='bbox 3271 1489 3455 1557; x_wconf 80' lang='grc' dir='ltr'>λόγοις</span> <span class='ocrx_word' id='word_1_190' title='bbox 3488 1504 3502 1518; x_wconf 89' lang='grc'><strong>·</strong></span> <span class='ocrx_word' id='word_1_191' title='bbox 3557 1488 3754 1541; x_wconf 81' lang='grc' dir='ltr'>οὐκέθ’</span> <span class='ocrx_word' id='word_1_192' title='bbox 3794 1489 3878 1550; x_wconf 87' lang='grc' dir='ltr'><strong>ῶς</strong></span> <span class='ocrx_word' id='word_1_193' title='bbox 3923 1507 3978 1541; x_wconf 87' lang='grc' dir='ltr'><strong>τε</strong></span> 
     </span>
    </p>
   </div>
   <div class='ocr_carea' id='block_1_31' title="bbox 2370 1578 3979 1651">
    <p class='ocr_par' dir='ltr' id='par_1_31' title="bbox 2370 1578 3979 1651">
     <span class='ocr_line' id='line_1_31' title="bbox 2370 1578 3979 1651; baseline 0.001 -20"><span class='ocrx_word' id='word_1_194' title='bbox 2370 1579 2639 1649; x_wconf 82' lang='grc' dir='ltr'>πρότερον</span> <span class='ocrx_word' id='word_1_195' title='bbox 2659 1580 2797 1650; x_wconf 77' lang='grc' dir='ltr'>αὐτῇ</span> <span class='ocrx_word' id='word_1_196' title='bbox 2825 1578 3100 1651; x_wconf 79' lang='grc' dir='ltr'>διηνεκῶς</span> <span class='ocrx_word' id='word_1_197' title='bbox 3119 1581 3493 1651; x_wconf 85' lang='grc' dir='ltr'>συνδιατρίψει</span> <span class='ocrx_word' id='word_1_198' title='bbox 3519 1583 3693 1651; x_wconf 86' lang='grc' dir='ltr'>σαρκί</span> <span class='ocrx_word' id='word_1_199' title='bbox 3716 1598 3731 1612; x_wconf 84' lang='lat'><strong><em>°</em></strong></span> <span class='ocrx_word' id='word_1_200' title='bbox 3759 1585 3851 1644; x_wconf 87' lang='grc' dir='ltr'><strong>είς</strong></span> <span class='ocrx_word' id='word_1_201' title='bbox 3874 1584 3979 1650; x_wconf 69' lang='grc' dir='ltr'><strong>γάρ</strong></span> 
     </span>
    </p>
   </div>
   <div class='ocr_carea' id='block_1_32' title="bbox 2367 1668 3974 1741">
    <p class='ocr_par' dir='ltr' id='par_1_32' title="bbox 2367 1668 3974 1741">
     <span class='ocr_line' id='line_1_32' title="bbox 2367 1668 3974 1741; baseline 0.003 -21"><span class='ocrx_word' id='word_1_202' title='bbox 2367 1668 2468 1738; x_wconf 80' lang='grc' dir='ltr'><strong>τὴν</strong></span> <span class='ocrx_word' id='word_1_203' title='bbox 2528 1670 2740 1724; x_wconf 81' lang='grc' dir='ltr'><strong>οἰκείαν</strong></span> <span class='ocrx_word' id='word_1_204' title='bbox 2781 1670 3281 1741; x_wconf 70' lang='grc' dir='ltr'>δόξαν.ὴπείγετο.</span> <span class='ocrx_word' id='word_1_205' title='bbox 3323 1672 3482 1726; x_wconf 82' lang='grc' dir='ltr'>Ἰδοὺ</span> <span class='ocrx_word' id='word_1_206' title='bbox 3537 1675 3571 1724; x_wconf 85' lang='grc' dir='ltr'><strong>ό</strong></span> <span class='ocrx_word' id='word_1_207' title='bbox 3630 1673 3778 1736; x_wconf 74' lang='grc' dir='ltr'>υἱός</span> <span class='ocrx_word' id='word_1_208' title='bbox 3835 1687 3974 1726; x_wconf 81' lang='grc' dir='ltr'>σου.</span> 
     </span>
    </p>
   </div>
   <div class='ocr_carea' id='block_1_33' title="bbox 2374 1759 3976 1833">
    <p class='ocr_par' dir='ltr' id='par_1_33' title="bbox 2374 1759 3976 1833">
     <span class='ocr_line' id='line_1_33' title="bbox 2374 1759 3976 1833; baseline 0.001 -21"><span class='ocrx_word' id='word_1_209' title='bbox 2374 1759 2537 1826; x_wconf 86' lang='grc' dir='ltr'>Ἰστε,</span> <span class='ocrx_word' id='word_1_210' title='bbox 2573 1763 2626 1814; x_wconf 88' lang='grc' dir='ltr'><strong>οί</strong></span> <span class='ocrx_word' id='word_1_211' title='bbox 2657 1763 2946 1833; x_wconf 80' lang='grc' dir='ltr'><strong>πράγματι</strong></span> <span class='ocrx_word' id='word_1_212' title='bbox 2981 1763 3405 1833; x_wconf 83' lang='grc' dir='ltr'><strong>πεπειραμένοι,</strong></span> <span class='ocrx_word' id='word_1_213' title='bbox 3450 1764 3579 1816; x_wconf 84' lang='grc' dir='ltr'>ὅσον</span> <span class='ocrx_word' id='word_1_214' title='bbox 3623 1763 3891 1831; x_wconf 75' lang='grc' dir='ltr'>ἰσχύουσι</span> <span class='ocrx_word' id='word_1_215' title='bbox 3922 1765 3976 1816; x_wconf 90' lang='grc' dir='ltr'><strong>αἱ</strong></span> 
     </span>
    </p>
   </div>
   <div class='ocr_carea' id='block_1_34' title="bbox 690 1833 2266 1931">
    <p class='ocr_par' dir='ltr' id='par_1_34' title="bbox 690 1833 2263 1931">
     <span class='ocr_line' id='line_1_34' title="bbox 690 1833 2263 1931; baseline 0.004 -21"><span class='ocrx_word' id='word_1_216' title='bbox 690 1874 852 1928; x_wconf 90' lang='lat' dir='ltr'><strong>quam</strong></span> <span class='ocrx_word' id='word_1_217' title='bbox 882 1833 1382 1914; x_wconf 77' lang='lat' dir='ltr'><strong>commendationes</strong></span> <span class='ocrx_word' id='word_1_218' title='bbox 1407 1833 1671 1929; x_wconf 76' lang='lat' dir='ltr'><strong>ejusmodi</strong></span> <span class='ocrx_word' id='word_1_219' title='bbox 1705 1863 1771 1916; x_wconf 89' lang='lat' dir='ltr'><strong>ab</strong></span> <span class='ocrx_word' id='word_1_220' title='bbox 1799 1862 1863 1915; x_wconf 85' lang='lat' dir='ltr'><strong>iis</strong></span> <span class='ocrx_word' id='word_1_221' title='bbox 1889 1863 1978 1931; x_wconf 93' lang='lat' dir='ltr'><strong>qui</strong></span> <span class='ocrx_word' id='word_1_222' title='bbox 2013 1833 2263 1931; x_wconf 74' lang='lat' dir='ltr'><strong>migrant,</strong></span> 
     </span>
    </p>
   </div>
   <div class='ocr_carea' id='block_1_35' title="bbox 2369 1833 3973 1931">
    <p class='ocr_par' dir='ltr' id='par_1_35' title="bbox 2370 1853 3973 1928">
     <span class='ocr_line' id='line_1_35' title="bbox 2370 1853 3973 1928; baseline 0.003 -23"><span class='ocrx_word' id='word_1_223' title='bbox 2370 1853 2617 1906; x_wconf 78' lang='grc' dir='ltr'>τοιαῦται</span> <span class='ocrx_word' id='word_1_224' title='bbox 2648 1854 2979 1908; x_wconf 79' lang='grc' dir='ltr'><strong>καθικέσθαι</strong></span> <span class='ocrx_word' id='word_1_225' title='bbox 3013 1855 3501 1926; x_wconf 63' lang='grc' dir='ltr'>παμκαταθῆκαι,</span> <span class='ocrx_word' id='word_1_226' title='bbox 3540 1859 3708 1928; x_wconf 87' lang='grc' dir='ltr'><strong>παρά</strong></span> <span class='ocrx_word' id='word_1_227' title='bbox 3735 1874 3800 1909; x_wconf 84' lang='grc' dir='ltr'><strong>τε</strong></span> <span class='ocrx_word' id='word_1_228' title='bbox 3831 1859 3973 1910; x_wconf 79' lang='grc' dir='ltr'>ἀπο-</span> 
     </span>
    </p>
   </div>
   <div class='ocr_carea' id='block_1_36' title="bbox 692 1952 2266 2023">
    <p class='ocr_par' dir='ltr' id='par_1_36' title="bbox 692 1952 2266 2023">
     <span class='ocr_line' id='line_1_36' title="bbox 692 1952 2266 2023; baseline 0.003 -19"><span class='ocrx_word' id='word_1_229' title='bbox 692 1966 757 2006; x_wconf 92' lang='lat' dir='ltr'><strong>ac</strong></span> <span class='ocrx_word' id='word_1_230' title='bbox 809 1952 948 2004; x_wconf 82' lang='lat' dir='ltr'><strong>vivis</strong></span> <span class='ocrx_word' id='word_1_231' title='bbox 998 1952 1304 2015; x_wconf 81' lang='lat' dir='ltr'><strong>excedunt,</strong></span> <span class='ocrx_word' id='word_1_232' title='bbox 1378 1953 1745 2022; x_wconf 88' lang='lat' dir='ltr'><strong>perstringere</strong></span> <span class='ocrx_word' id='word_1_233' title='bbox 1806 1953 2052 2020; x_wconf 82' lang='lat' dir='ltr'><strong>valeant;</strong></span> <span class='ocrx_word' id='word_1_234' title='bbox 2103 1969 2266 2023; x_wconf 85' lang='lat' dir='ltr'><strong>quam</strong></span> 
     </span>
    </p>
   </div>
   <div class='ocr_carea' id='block_1_37' title="bbox 691 2044 2265 2116">
    <p class='ocr_par' dir='ltr' id='par_1_37' title="bbox 691 2044 2265 2116">
     <span class='ocr_line' id='line_1_37' title="bbox 691 2044 2265 2116; baseline 0.004 -19"><span class='ocrx_word' id='word_1_235' title='bbox 691 2053 1070 2099; x_wconf 88' lang='lat' dir='ltr'><strong>commoveaut</strong></span> <span class='ocrx_word' id='word_1_236' title='bbox 1093 2044 1333 2110; x_wconf 83' lang='lat' dir='ltr'><strong>viscera;</strong></span> <span class='ocrx_word' id='word_1_237' title='bbox 1367 2055 1626 2113; x_wconf 90' lang='lat' dir='ltr'><strong>quantum</strong></span> <span class='ocrx_word' id='word_1_238' title='bbox 1665 2061 1974 2111; x_wconf 66' lang='lat' dir='ltr'><strong>maerorem,</strong></span> <span class='ocrx_word' id='word_1_239' title='bbox 2005 2057 2265 2116; x_wconf 85' lang='lat' dir='ltr'><strong>quantum</strong></span> 
     </span>
    </p>
   </div>
   <div class='ocr_carea' id='block_1_38' title="bbox 694 2134 2268 2210">
    <p class='ocr_par' dir='ltr' id='par_1_38' title="bbox 694 2134 2268 2210">
     <span class='ocr_line' id='line_1_38' title="bbox 694 2134 2268 2210; baseline 0.005 -22"><span class='ocrx_word' id='word_1_240' title='bbox 694 2134 937 2188; x_wconf 85' lang='lat' dir='ltr'><strong>dolorem</strong></span> <span class='ocrx_word' id='word_1_241' title='bbox 970 2136 1202 2203; x_wconf 85' lang='lat' dir='ltr'><strong>pariant.</strong></span> <span class='ocrx_word' id='word_1_242' title='bbox 1239 2135 1372 2189; x_wconf 85' lang='lat' dir='ltr'><strong>Eum</strong></span> <span class='ocrx_word' id='word_1_243' title='bbox 1407 2137 1549 2190; x_wconf 90' lang='lat' dir='ltr'><strong>enim</strong></span> <span class='ocrx_word' id='word_1_244' title='bbox 1581 2152 1742 2206; x_wconf 88' lang='lat' dir='ltr'><strong>quem</strong></span> <span class='ocrx_word' id='word_1_245' title='bbox 1769 2139 1896 2193; x_wconf 91' lang='lat' dir='ltr'><strong>olim</strong></span> <span class='ocrx_word' id='word_1_246' title='bbox 1929 2155 2114 2195; x_wconf 88' lang='lat' dir='ltr'><strong>amore</strong></span> <span class='ocrx_word' id='word_1_247' title='bbox 2142 2157 2268 2210; x_wconf 83' lang='lat' dir='ltr'><strong>pro-</strong></span> 
     </span>
    </p>
   </div>
   <div class='ocr_carea' id='block_1_39' title="bbox 694 2227 2263 2299">
    <p class='ocr_par' dir='ltr' id='par_1_39' title="bbox 694 2227 2263 2299">
     <span class='ocr_line' id='line_1_39' title="bbox 694 2227 2263 2299; baseline 0.004 -19"><span class='ocrx_word' id='word_1_248' title='bbox 694 2227 1062 2296; x_wconf 89' lang='lat' dir='ltr'><strong>sequebantur</strong></span> <span class='ocrx_word' id='word_1_249' title='bbox 1086 2265 1101 2292; x_wconf 95' lang='lat'><strong>,</strong></span> <span class='ocrx_word' id='word_1_250' title='bbox 1156 2243 1219 2281; x_wconf 91' lang='lat' dir='ltr'><strong>ac</strong></span> <span class='ocrx_word' id='word_1_251' title='bbox 1257 2243 1490 2297; x_wconf 91' lang='lat' dir='ltr'><strong>quocum</strong></span> <span class='ocrx_word' id='word_1_252' title='bbox 1525 2229 1733 2299; x_wconf 75' lang='lat' dir='ltr'><strong>jugiter‘</strong></span> <span class='ocrx_word' id='word_1_253' title='bbox 1781 2233 2263 2297; x_wconf 80' lang='lat' dir='ltr'><strong>conversabautur,</strong></span> 
     </span>
    </p>
   </div>
   <div class='ocr_carea' id='block_1_40' title="bbox 695 2319 2266 2391">
    <p class='ocr_par' dir='ltr' id='par_1_40' title="bbox 695 2319 2266 2391">
     <span class='ocr_line' id='line_1_40' title="bbox 695 2319 2266 2391; baseline 0.003 -18"><span class='ocrx_word' id='word_1_254' title='bbox 695 2324 904 2374; x_wconf 70' lang='lat' dir='ltr'><strong>insueto</strong></span> <span class='ocrx_word' id='word_1_255' title='bbox 941 2319 1163 2380; x_wconf 87' lang='lat' dir='ltr'><strong>bominc</strong></span> <span class='ocrx_word' id='word_1_256' title='bbox 1207 2328 1577 2385; x_wconf 86' lang='lat' dir='ltr'><strong>commutant;</strong></span> <span class='ocrx_word' id='word_1_257' title='bbox 1613 2319 2070 2391; x_wconf 86' lang='lat' dir='ltr'><strong>denuntiaturque</strong></span> <span class='ocrx_word' id='word_1_258' title='bbox 2115 2322 2266 2378; x_wconf 87' lang='lat' dir='ltr'><strong>abire</strong></span> 
     </span>
    </p>
   </div>
   <div class='ocr_carea' id='block_1_41' title="bbox 691 2411 2263 2485">
    <p class='ocr_par' dir='ltr' id='par_1_41' title="bbox 691 2411 2263 2485">
     <span class='ocr_line' id='line_1_41' title="bbox 691 2411 2263 2485; baseline 0.001 -19"><span class='ocrx_word' id='word_1_259' title='bbox 691 2427 817 2466; x_wconf 90' lang='lat' dir='ltr'><strong>eum</strong></span> <span class='ocrx_word' id='word_1_260' title='bbox 847 2411 937 2482; x_wconf 89' lang='lat' dir='ltr'><strong>qui</strong></span> <span class='ocrx_word' id='word_1_261' title='bbox 982 2427 1077 2482; x_wconf 90' lang='lat' dir='ltr'><strong>per</strong></span> <span class='ocrx_word' id='word_1_262' title='bbox 1112 2413 1292 2465; x_wconf 89' lang='lat' dir='ltr'><strong>omnia</strong></span> <span class='ocrx_word' id='word_1_263' title='bbox 1321 2421 1481 2466; x_wconf 90' lang='lat' dir='ltr'><strong>notus</strong></span> <span class='ocrx_word' id='word_1_264' title='bbox 1527 2423 1670 2475; x_wconf 83' lang='lat' dir='ltr'><strong>erat,</strong></span> <span class='ocrx_word' id='word_1_265' title='bbox 1701 2427 1764 2467; x_wconf 81' lang='lat' dir='ltr'><strong>ac</strong></span> <span class='ocrx_word' id='word_1_266' title='bbox 1793 2428 1979 2467; x_wconf 89' lang='lat' dir='ltr'><strong>curam</strong></span> <span class='ocrx_word' id='word_1_267' title='bbox 2019 2414 2263 2485; x_wconf 75' lang='lat' dir='ltr'><strong>gerebat,</strong></span> 
     </span>
    </p>
   </div>
   <div class='ocr_carea' id='block_1_42' title="bbox 690 2501 2262 2575">
    <p class='ocr_par' dir='ltr' id='par_1_42' title="bbox 690 2501 2262 2575">
     <span class='ocr_line' id='line_1_42' title="bbox 690 2501 2262 2575; baseline 0.003 -19"><span class='ocrx_word' id='word_1_268' title='bbox 690 2515 923 2572; x_wconf 88' lang='lat' dir='ltr'><strong>eumque</strong></span> <span class='ocrx_word' id='word_1_269' title='bbox 957 2513 1155 2571; x_wconf 69' lang='lat' dir='ltr'><strong>praesto</strong></span> <span class='ocrx_word' id='word_1_270' title='bbox 1194 2501 1330 2567; x_wconf 79' lang='lat' dir='ltr'><strong>fore,</strong></span> <span class='ocrx_word' id='word_1_271' title='bbox 1365 2503 1456 2572; x_wconf 88' lang='lat' dir='ltr'><strong>qui</strong></span> <span class='ocrx_word' id='word_1_272' title='bbox 1498 2504 1552 2557; x_wconf 91' lang='lat' dir='ltr'><strong>in</strong></span> <span class='ocrx_word' id='word_1_273' title='bbox 1588 2503 1860 2573; x_wconf 82' lang='lat' dir='ltr'><strong>plerisque</strong></span> <span class='ocrx_word' id='word_1_274' title='bbox 1911 2505 2126 2575; x_wconf 82' lang='lat' dir='ltr'><strong>ignotus</strong></span> <span class='ocrx_word' id='word_1_275' title='bbox 2158 2515 2262 2560; x_wconf 89' lang='lat' dir='ltr'><strong>est.</strong></span> 
     </span>
    </p>
   </div>
   <div class='ocr_carea' id='block_1_43' title="bbox 767 2590 2261 2663">
    <p class='ocr_par' dir='ltr' id='par_1_43' title="bbox 767 2590 2261 2663">
     <span class='ocr_line' id='line_1_43' title="bbox 767 2590 2261 2663; baseline 0.005 -21"><span class='ocrx_word' id='word_1_276' title='bbox 767 2610 786 2642; x_wconf 79' lang='grc' dir='ltr'><strong>ι</strong></span> <span class='ocrx_word' id='word_1_277' title='bbox 832 2590 969 2645; x_wconf 76' lang='lat' dir='ltr'><strong>Ecce</strong></span> <span class='ocrx_word' id='word_1_278' title='bbox 1020 2593 1162 2661; x_wconf 80' lang='lat' dir='ltr'><strong>ﬁlius</strong></span> <span class='ocrx_word' id='word_1_279' title='bbox 1226 2603 1370 2646; x_wconf 80' lang='lat' dir='ltr'><strong>tuus.</strong></span> <span class='ocrx_word' id='word_1_280' title='bbox 1414 2592 1496 2647; x_wconf 78' lang='lat' dir='ltr'><strong>Me</strong></span> <span class='ocrx_word' id='word_1_281' title='bbox 1530 2594 1781 2661; x_wconf 84' lang='lat' dir='ltr'><strong>quidem,</strong></span> <span class='ocrx_word' id='word_1_282' title='bbox 1830 2594 2023 2663; x_wconf 87' lang='lat' dir='ltr'><strong>inquit,</strong></span> <span class='ocrx_word' id='word_1_283' title='bbox 2077 2595 2261 2658; x_wconf 85' lang='lat' dir='ltr'><strong>habes,</strong></span> 
     </span>
    </p>
   </div>
   <div class='ocr_carea' id='block_1_44' title="bbox 690 2684 2264 2755">
    <p class='ocr_par' dir='ltr' id='par_1_44' title="bbox 690 2684 2264 2755">
     <span class='ocr_line' id='line_1_44' title="bbox 690 2684 2264 2755; baseline 0.004 -21"><span class='ocrx_word' id='word_1_284' title='bbox 690 2685 781 2752; x_wconf 78' lang='lat' dir='ltr'><strong>qui</strong></span> <span class='ocrx_word' id='word_1_285' title='bbox 815 2685 1101 2753; x_wconf 70' lang='lat' dir='ltr'><strong>praesentia</strong></span> <span class='ocrx_word' id='word_1_286' title='bbox 1126 2685 1343 2738; x_wconf 88' lang='lat' dir='ltr'><strong>deitatis</strong></span> <span class='ocrx_word' id='word_1_287' title='bbox 1370 2684 1563 2748; x_wconf 88' lang='lat' dir='ltr'><strong>adsim,</strong></span> <span class='ocrx_word' id='word_1_288' title='bbox 1592 2686 1795 2755; x_wconf 86' lang='lat' dir='ltr'><strong>tibique</strong></span> <span class='ocrx_word' id='word_1_289' title='bbox 1819 2693 1878 2739; x_wconf 87' lang='lat' dir='ltr'><strong>ut</strong></span> <span class='ocrx_word' id='word_1_290' title='bbox 1901 2685 2056 2740; x_wconf 75' lang='lat' dir='ltr'><strong>Matri</strong></span> <span class='ocrx_word' id='word_1_291' title='bbox 2079 2701 2264 2741; x_wconf 87' lang='lat' dir='ltr'><strong>curam</strong></span> 
     </span>
    </p>
   </div>
   <div class='ocr_carea' id='block_1_45' title="bbox 693 2776 2266 2847">
    <p class='ocr_par' dir='ltr' id='par_1_45' title="bbox 693 2776 2266 2847">
     <span class='ocr_line' id='line_1_45' title="bbox 693 2776 2266 2847; baseline 0.002 -18"><span class='ocrx_word' id='word_1_292' title='bbox 693 2777 1011 2843; x_wconf 80' lang='lat' dir='ltr'><strong>adhibeam;</strong></span> <span class='ocrx_word' id='word_1_293' title='bbox 1079 2776 1245 2830; x_wconf 88' lang='lat' dir='ltr'><strong>habes</strong></span> <span class='ocrx_word' id='word_1_294' title='bbox 1316 2776 1670 2832; x_wconf 80' lang='lat' dir='ltr'><strong>nihilominus</strong></span> <span class='ocrx_word' id='word_1_295' title='bbox 1738 2777 1993 2833; x_wconf 86' lang='lat' dir='ltr'><strong>dilectum</strong></span> <span class='ocrx_word' id='word_1_296' title='bbox 2051 2791 2266 2847; x_wconf 80' lang='lat' dir='ltr'><strong>quoque</strong></span> 
     </span>
    </p>
   </div>
   <div class='ocr_carea' id='block_1_46' title="bbox 693 2867 2264 2938">
    <p class='ocr_par' dir='ltr' id='par_1_46' title="bbox 693 2867 2264 2938">
     <span class='ocr_line' id='line_1_46' title="bbox 693 2867 2264 2938; baseline 0.001 -17"><span class='ocrx_word' id='word_1_297' title='bbox 693 2868 1040 2937; x_wconf 79' lang='lat' dir='ltr'><strong>discipulum,</strong></span> <span class='ocrx_word' id='word_1_298' title='bbox 1077 2867 1166 2935; x_wconf 91' lang='lat' dir='ltr'><strong>qui</strong></span> <span class='ocrx_word' id='word_1_299' title='bbox 1208 2867 1384 2922; x_wconf 76' lang='lat' dir='ltr'><strong>lilialis</strong></span> <span class='ocrx_word' id='word_1_300' title='bbox 1415 2868 1467 2921; x_wconf 91' lang='lat' dir='ltr'><strong>in</strong></span> <span class='ocrx_word' id='word_1_301' title='bbox 1511 2877 1564 2923; x_wconf 82' lang='lat' dir='ltr'><strong>te</strong></span> <span class='ocrx_word' id='word_1_302' title='bbox 1603 2868 1818 2938; x_wconf 85' lang='lat' dir='ltr'><strong>pietatis</strong></span> <span class='ocrx_word' id='word_1_303' title='bbox 1863 2867 2034 2923; x_wconf 80' lang='lat' dir='ltr'><strong>oﬂicia</strong></span> <span class='ocrx_word' id='word_1_304' title='bbox 2082 2870 2264 2923; x_wconf 89' lang='lat' dir='ltr'><strong>omnia</strong></span> 
     </span>
    </p>
   </div>
   <div class='ocr_carea' id='block_1_47' title="bbox 691 2957 2264 3029">
    <p class='ocr_par' dir='ltr' id='par_1_47' title="bbox 691 2957 2264 3029">
     <span class='ocr_line' id='line_1_47' title="bbox 691 2957 2264 3029; baseline 0.001 -16"><span class='ocrx_word' id='word_1_305' title='bbox 691 2957 1013 3026; x_wconf 79' lang='lat' dir='ltr'><strong>impleturus</strong></span> <span class='ocrx_word' id='word_1_306' title='bbox 1041 2960 1148 3021; x_wconf 87' lang='lat' dir='ltr'><strong>sit;</strong></span> <span class='ocrx_word' id='word_1_307' title='bbox 1183 2960 1276 3027; x_wconf 88' lang='lat' dir='ltr'><strong>qui</strong></span> <span class='ocrx_word' id='word_1_308' title='bbox 1305 2958 1540 3012; x_wconf 91' lang='lat' dir='ltr'><strong>debitam</strong></span> <span class='ocrx_word' id='word_1_309' title='bbox 1571 2959 1796 3028; x_wconf 88' lang='lat' dir='ltr'><strong>gratiam</strong></span> <span class='ocrx_word' id='word_1_310' title='bbox 1826 2960 1902 3012; x_wconf 87' lang='lat' dir='ltr'><strong>uti</strong></span> <span class='ocrx_word' id='word_1_311' title='bbox 1931 2961 2147 3029; x_wconf 89' lang='lat' dir='ltr'><strong>parenti</strong></span> <span class='ocrx_word' id='word_1_312' title='bbox 2179 2975 2264 3016; x_wconf 86' lang='lat' dir='ltr'><strong>re-</strong></span> 
     </span>
    </p>
   </div>
   <div class='ocr_carea' id='block_1_48' title="bbox 694 3049 2262 3120">
    <p class='ocr_par' dir='ltr' id='par_1_48' title="bbox 694 3049 2262 3120">
     <span class='ocr_line' id='line_1_48' title="bbox 694 3049 2262 3120; baseline 0.003 -17"><span class='ocrx_word' id='word_1_313' title='bbox 694 3050 914 3104; x_wconf 81' lang='lat' dir='ltr'><strong>tribuat.</strong></span> <span class='ocrx_word' id='word_1_314' title='bbox 937 3049 994 3102; x_wconf 86' lang='lat' dir='ltr'><strong>lu</strong></span> <span class='ocrx_word' id='word_1_315' title='bbox 1018 3066 1139 3104; x_wconf 88' lang='lat' dir='ltr'><strong>eum</strong></span> <span class='ocrx_word' id='word_1_316' title='bbox 1161 3065 1260 3120; x_wconf 92' lang='lat' dir='ltr'><strong>pro</strong></span> <span class='ocrx_word' id='word_1_317' title='bbox 1277 3051 1546 3120; x_wconf 87' lang='lat' dir='ltr'><strong>corporali</strong></span> <span class='ocrx_word' id='word_1_318' title='bbox 1571 3065 1688 3105; x_wconf 89' lang='lat' dir='ltr'><strong>mea</strong></span> <span class='ocrx_word' id='word_1_319' title='bbox 1711 3051 1997 3119; x_wconf 72' lang='lat' dir='ltr'><strong>praesentia</strong></span> <span class='ocrx_word' id='word_1_320' title='bbox 2025 3053 2262 3118; x_wconf 87' lang='lat' dir='ltr'><strong>intuens,</strong></span> 
     </span>
    </p>
   </div>
   <div class='ocr_carea' id='block_1_49' title="bbox 695 3140 2336 3228">
    <p class='ocr_par' dir='ltr' id='par_1_49' title="bbox 695 3140 2336 3228">
     <span class='ocr_line' id='line_1_49' title="bbox 695 3140 2336 3228; baseline 0.004 -34"><span class='ocrx_word' id='word_1_321' title='bbox 695 3140 1064 3194; x_wconf 88' lang='lat' dir='ltr'><strong>intolerabiles</strong></span> <span class='ocrx_word' id='word_1_322' title='bbox 1099 3149 1220 3194; x_wconf 91' lang='lat' dir='ltr'><strong>tuos</strong></span> <span class='ocrx_word' id='word_1_323' title='bbox 1265 3155 1526 3195; x_wconf 72' lang='lat' dir='ltr'><strong>mmrores</strong></span> <span class='ocrx_word' id='word_1_324' title='bbox 1572 3141 1772 3197; x_wconf 79' lang='lat' dir='ltr'><strong>solare.</strong></span> <span class='ocrx_word' id='word_1_325' title='bbox 1818 3141 2086 3197; x_wconf 90' lang='lat' dir='ltr'><strong>Diriorum</strong></span> <span class='ocrx_word' id='word_1_326' title='bbox 2116 3145 2268 3200; x_wconf 88' lang='lat' dir='ltr'><strong>dolo-</strong></span> <span class='ocrx_word' id='word_1_327' title='bbox 2291 3169 2336 3228; x_wconf 70' lang='grc' dir='ltr'>ο</span> 
     </span>
    </p>
   </div>
   <div class='ocr_carea' id='block_1_50' title="bbox 697 3233 2268 3305">
    <p class='ocr_par' dir='ltr' id='par_1_50' title="bbox 697 3233 2268 3305">
     <span class='ocr_line' id='line_1_50' title="bbox 697 3233 2268 3305; baseline 0.004 -21"><span class='ocrx_word' id='word_1_328' title='bbox 697 3248 815 3284; x_wconf 91' lang='lat' dir='ltr'><strong>rum</strong></span> <span class='ocrx_word' id='word_1_329' title='bbox 850 3243 1056 3302; x_wconf 88' lang='lat' dir='ltr'><strong>partem</strong></span> <span class='ocrx_word' id='word_1_330' title='bbox 1101 3233 1392 3286; x_wconf 80' lang='lat' dir='ltr'><strong>maximam</strong></span> <span class='ocrx_word' id='word_1_331' title='bbox 1431 3233 1558 3286; x_wconf 73' lang='lat' dir='ltr'><strong>sed:</strong></span> <span class='ocrx_word' id='word_1_332' title='bbox 1595 3249 1611 3289; x_wconf 84' lang='lat'><strong><em>:</em></strong></span> <span class='ocrx_word' id='word_1_333' title='bbox 1644 3234 2024 3305; x_wconf 83' lang='lat' dir='ltr'><strong>gravissimam</strong></span> <span class='ocrx_word' id='word_1_334' title='bbox 2059 3245 2268 3290; x_wconf 71' lang='lat' dir='ltr'><strong>natura:</strong></span> 
     </span>
    </p>
   </div>
   <div class='ocr_carea' id='block_1_51' title="bbox 697 3322 2270 3395">
    <p class='ocr_par' dir='ltr' id='par_1_51' title="bbox 697 3322 2270 3395">
     <span class='ocr_line' id='line_1_51' title="bbox 697 3322 2270 3395; baseline 0.003 -18"><span class='ocrx_word' id='word_1_335' title='bbox 697 3322 978 3377; x_wconf 88' lang='lat' dir='ltr'><strong>tristitiam</strong></span> <span class='ocrx_word' id='word_1_336' title='bbox 1034 3323 1279 3377; x_wconf 70' lang='lat' dir='ltr'><strong>beneﬁt-ii</strong></span> <span class='ocrx_word' id='word_1_337' title='bbox 1310 3325 1684 3394; x_wconf 85' lang='lat' dir='ltr'><strong>magnitudine</strong></span> <span class='ocrx_word' id='word_1_338' title='bbox 1717 3326 1856 3380; x_wconf 87' lang='lat' dir='ltr'><strong>leva.</strong></span> <span class='ocrx_word' id='word_1_339' title='bbox 1886 3326 2146 3395; x_wconf 81' lang='lat' dir='ltr'><strong>Equidem</strong></span> <span class='ocrx_word' id='word_1_340' title='bbox 2179 3341 2270 3381; x_wconf 88' lang='lat' dir='ltr'><strong>se-</strong></span> 
     </span>
    </p>
   </div>
   <div class='ocr_carea' id='block_1_52' title="bbox 696 3415 2265 3487">
    <p class='ocr_par' dir='ltr' id='par_1_52' title="bbox 696 3415 2265 3487">
     <span class='ocr_line' id='line_1_52' title="bbox 696 3415 2265 3487; baseline 0.001 -19"><span class='ocrx_word' id='word_1_341' title='bbox 696 3416 840 3469; x_wconf 84' lang='lat' dir='ltr'><strong>cat-is</strong></span> <span class='ocrx_word' id='word_1_342' title='bbox 887 3415 1089 3481; x_wconf 88' lang='lat' dir='ltr'><strong>animo,</strong></span> <span class='ocrx_word' id='word_1_343' title='bbox 1136 3417 1384 3486; x_wconf 88' lang='lat' dir='ltr'><strong>ignisque</strong></span> <span class='ocrx_word' id='word_1_344' title='bbox 1421 3417 1710 3471; x_wconf 85' lang='lat' dir='ltr'><strong>violentior</strong></span> <span class='ocrx_word' id='word_1_345' title='bbox 1753 3418 1995 3487; x_wconf 88' lang='lat' dir='ltr'><strong>depascit</strong></span> <span class='ocrx_word' id='word_1_346' title='bbox 2034 3419 2265 3484; x_wconf 85' lang='lat' dir='ltr'><strong>viscera,</strong></span> 
     </span>
    </p>
   </div>
   <div class='ocr_carea' id='block_1_53' title="bbox 699 3505 2269 3563">
    <p class='ocr_par' dir='ltr' id='par_1_53' title="bbox 699 3505 2269 3563">
     <span class='ocr_line' id='line_1_53' title="bbox 699 3505 2269 3563; baseline 0.001 -2"><span class='ocrx_word' id='word_1_347' title='bbox 699 3523 762 3562; x_wconf 90' lang='lat' dir='ltr'><strong>ac</strong></span> <span class='ocrx_word' id='word_1_348' title='bbox 795 3507 912 3562; x_wconf 91' lang='lat' dir='ltr'><strong>diro</strong></span> <span class='ocrx_word' id='word_1_349' title='bbox 947 3509 1171 3561; x_wconf 90' lang='lat' dir='ltr'><strong>vulnere</strong></span> <span class='ocrx_word' id='word_1_350' title='bbox 1202 3509 1488 3562; x_wconf 87' lang='lat' dir='ltr'><strong>saueiaris.</strong></span> <span class='ocrx_word' id='word_1_351' title='bbox 1537 3505 1646 3563; x_wconf 80' lang='lat' dir='ltr'><strong>Nec</strong></span> <span class='ocrx_word' id='word_1_352' title='bbox 1692 3508 1837 3563; x_wconf 92' lang='lat' dir='ltr'><strong>enim</strong></span> <span class='ocrx_word' id='word_1_353' title='bbox 1873 3508 2118 3563; x_wconf 90' lang='lat' dir='ltr'><strong>naturale</strong></span> <span class='ocrx_word' id='word_1_354' title='bbox 2149 3519 2269 3563; x_wconf 87' lang='lat' dir='ltr'><strong>tan-</strong></span> 
     </span>
    </p>
   </div>
   <div class='ocr_carea' id='block_1_54' title="bbox 698 3599 2266 3669">
    <p class='ocr_par' dir='ltr' id='par_1_54' title="bbox 698 3599 2266 3669">
     <span class='ocr_line' id='line_1_54' title="bbox 698 3599 2266 3669; baseline 0 -16"><span class='ocrx_word' id='word_1_355' title='bbox 698 3608 833 3665; x_wconf 77' lang='lat' dir='ltr'><strong>tum,</strong></span> <span class='ocrx_word' id='word_1_356' title='bbox 863 3599 955 3652; x_wconf 88' lang='lat' dir='ltr'><strong>sed</strong></span> <span class='ocrx_word' id='word_1_357' title='bbox 993 3609 1049 3654; x_wconf 91' lang='lat' dir='ltr'><strong>ct</strong></span> <span class='ocrx_word' id='word_1_358' title='bbox 1081 3600 1313 3653; x_wconf 88' lang='lat' dir='ltr'><strong>naturali</strong></span> <span class='ocrx_word' id='word_1_359' title='bbox 1344 3600 1522 3669; x_wconf 83' lang='lat' dir='ltr'><strong>majus</strong></span> <span class='ocrx_word' id='word_1_360' title='bbox 1567 3609 1675 3663; x_wconf 83' lang='lat' dir='ltr'><strong>est,</strong></span> <span class='ocrx_word' id='word_1_361' title='bbox 1719 3600 2086 3669; x_wconf 78' lang='lat' dir='ltr'><strong>eximiumque</strong></span> <span class='ocrx_word' id='word_1_362' title='bbox 2117 3610 2266 3653; x_wconf 89' lang='lat' dir='ltr'><strong>tuum</strong></span> 
     </span>
    </p>
   </div>
   <div class='ocr_carea' id='block_1_55' title="bbox 700 3689 2269 3761">
    <p class='ocr_par' dir='ltr' id='par_1_55' title="bbox 700 3689 2269 3761">
     <span class='ocr_line' id='line_1_55' title="bbox 700 3689 2269 3761; baseline 0.001 -18"><span class='ocrx_word' id='word_1_363' title='bbox 700 3689 755 3744; x_wconf 89' lang='lat' dir='ltr'><strong>in</strong></span> <span class='ocrx_word' id='word_1_364' title='bbox 795 3706 878 3744; x_wconf 89' lang='lat' dir='ltr'><strong>me</strong></span> <span class='ocrx_word' id='word_1_365' title='bbox 910 3693 1273 3756; x_wconf 88' lang='lat' dir='ltr'><strong>desiderium;</strong></span> <span class='ocrx_word' id='word_1_366' title='bbox 1314 3706 1415 3746; x_wconf 90' lang='lat' dir='ltr'><strong>nec</strong></span> <span class='ocrx_word' id='word_1_367' title='bbox 1460 3692 1576 3745; x_wconf 84' lang='lat' dir='ltr'><strong>ﬁeri</strong></span> <span class='ocrx_word' id='word_1_368' title='bbox 1610 3700 1786 3761; x_wconf 83' lang='lat' dir='ltr'><strong>potest</strong></span> <span class='ocrx_word' id='word_1_369' title='bbox 1815 3701 1873 3745; x_wconf 92' lang='lat' dir='ltr'><strong>ut</strong></span> <span class='ocrx_word' id='word_1_370' title='bbox 1903 3691 2269 3745; x_wconf 88' lang='lat' dir='ltr'><strong>insensibilior</strong></span> 
     </span>
    </p>
   </div>
   <div class='ocr_carea' id='block_1_56' title="bbox 697 3782 2263 3851">
    <p class='ocr_par' dir='ltr' id='par_1_56' title="bbox 697 3782 2263 3851">
     <span class='ocr_line' id='line_1_56' title="bbox 697 3782 2263 3851; baseline -0.001 -15"><span class='ocrx_word' id='word_1_371' title='bbox 697 3782 950 3836; x_wconf 73' lang='lat' dir='ltr'><strong>videaris.</strong></span> <span class='ocrx_word' id='word_1_372' title='bbox 977 3783 1194 3851; x_wconf 85' lang='lat' dir='ltr'><strong>Aliquid</strong></span> <span class='ocrx_word' id='word_1_373' title='bbox 1221 3782 1567 3837; x_wconf 88' lang='lat' dir='ltr'><strong>nihilominus</strong></span> <span class='ocrx_word' id='word_1_374' title='bbox 1595 3783 1764 3835; x_wconf 92' lang='lat' dir='ltr'><strong>dolori</strong></span> <span class='ocrx_word' id='word_1_375' title='bbox 1789 3782 2263 3848; x_wconf 88' lang='lat' dir='ltr'><strong>substrahendum,</strong></span> 
     </span>
    </p>
   </div>
   <div class='ocr_carea' id='block_1_57' title="bbox 695 3870 2267 3938">
    <p class='ocr_par' dir='ltr' id='par_1_57' title="bbox 695 3870 2267 3938">
     <span class='ocr_line' id='line_1_57' title="bbox 695 3870 2267 3938; baseline -0.001 -15"><span class='ocrx_word' id='word_1_376' title='bbox 695 3887 814 3924; x_wconf 83' lang='lat' dir='ltr'><strong>cum</strong></span> <span class='ocrx_word' id='word_1_377' title='bbox 848 3872 923 3925; x_wconf 87' lang='lat' dir='ltr'><strong>sis</strong></span> <span class='ocrx_word' id='word_1_378' title='bbox 959 3871 1126 3924; x_wconf 80' lang='lat' dir='ltr'><strong>Mater</strong></span> <span class='ocrx_word' id='word_1_379' title='bbox 1162 3886 1301 3938; x_wconf 86' lang='lat' dir='ltr'><strong>mea,</strong></span> <span class='ocrx_word' id='word_1_380' title='bbox 1333 3888 1432 3926; x_wconf 85' lang='lat' dir='ltr'><strong>nec</strong></span> <span class='ocrx_word' id='word_1_381' title='bbox 1473 3882 1523 3924; x_wconf 90' lang='lat' dir='ltr'><strong>te</strong></span> <span class='ocrx_word' id='word_1_382' title='bbox 1565 3871 1746 3925; x_wconf 86' lang='lat' dir='ltr'><strong>arcani</strong></span> <span class='ocrx_word' id='word_1_383' title='bbox 1779 3870 1989 3924; x_wconf 87' lang='lat' dir='ltr'><strong>consilii</strong></span> <span class='ocrx_word' id='word_1_384' title='bbox 2024 3871 2161 3925; x_wconf 90' lang='lat' dir='ltr'><strong>ratio</strong></span> <span class='ocrx_word' id='word_1_385' title='bbox 2187 3871 2267 3922; x_wconf 83' lang='lat' dir='ltr'><strong>la-</strong></span> 
     </span>
    </p>
   </div>
   <div class='ocr_carea' id='block_1_58' title="bbox 696 3961 2270 4031">
    <p class='ocr_par' dir='ltr' id='par_1_58' title="bbox 696 3961 2270 4031">
     <span class='ocr_line' id='line_1_58' title="bbox 696 3961 2270 4031; baseline -0.001 -17"><span class='ocrx_word' id='word_1_386' title='bbox 696 3971 827 4015; x_wconf 85' lang='lat' dir='ltr'><strong>teat.</strong></span> <span class='ocrx_word' id='word_1_387' title='bbox 859 3962 1135 4030; x_wconf 84' lang='lat' dir='ltr'><strong>Ejusmodi</strong></span> <span class='ocrx_word' id='word_1_388' title='bbox 1187 3979 1418 4030; x_wconf 84' lang='lat' dir='ltr'><strong>namque</strong></span> <span class='ocrx_word' id='word_1_389' title='bbox 1460 3961 1822 4031; x_wconf 83' lang='lat' dir='ltr'><strong>passionibus,</strong></span> <span class='ocrx_word' id='word_1_390' title='bbox 1872 3976 2049 4013; x_wconf 89' lang='lat' dir='ltr'><strong>mores</strong></span> <span class='ocrx_word' id='word_1_391' title='bbox 2082 3976 2109 4012; x_wconf 88' lang='lat' dir='ltr'><strong>a</strong></span> <span class='ocrx_word' id='word_1_392' title='bbox 2143 3975 2270 4029; x_wconf 87' lang='lat' dir='ltr'><strong>pas-</strong></span> 
     </span>
    </p>
   </div>
   <div class='ocr_carea' id='block_1_59' title="bbox 697 4053 2268 4123">
    <p class='ocr_par' dir='ltr' id='par_1_59' title="bbox 697 4053 2268 4123">
     <span class='ocr_line' id='line_1_59' title="bbox 697 4053 2268 4123; baseline -0.003 -14"><span class='ocrx_word' id='word_1_393' title='bbox 697 4056 939 4109; x_wconf 83' lang='lat' dir='ltr'><strong>sionibus</strong></span> <span class='ocrx_word' id='word_1_394' title='bbox 1014 4057 1214 4109; x_wconf 88' lang='lat' dir='ltr'><strong>liberos</strong></span> <span class='ocrx_word' id='word_1_395' title='bbox 1289 4054 1547 4123; x_wconf 81' lang='lat' dir='ltr'><strong>ﬁgmento</strong></span> <span class='ocrx_word' id='word_1_396' title='bbox 1620 4055 1900 4108; x_wconf 87' lang='lat' dir='ltr'><strong>concilio:</strong></span> <span class='ocrx_word' id='word_1_397' title='bbox 1957 4053 2159 4122; x_wconf 85' lang='lat' dir='ltr'><strong>placuit</strong></span> <span class='ocrx_word' id='word_1_398' title='bbox 2210 4063 2268 4106; x_wconf 91' lang='lat' dir='ltr'><strong>ut</strong></span> 
     </span>
    </p>
   </div>
   <div class='ocr_carea' id='block_1_60' title="bbox 694 4145 2267 4214">
    <p class='ocr_par' dir='ltr' id='par_1_60' title="bbox 694 4145 2267 4214">
     <span class='ocr_line' id='line_1_60' title="bbox 694 4145 2267 4214; baseline 0.001 -16"><span class='ocrx_word' id='word_1_399' title='bbox 694 4145 894 4199; x_wconf 84' lang='lat' dir='ltr'><strong>talibus</strong></span> <span class='ocrx_word' id='word_1_400' title='bbox 949 4146 1291 4214; x_wconf 79' lang='lat' dir='ltr'><strong>ignominiis,</strong></span> <span class='ocrx_word' id='word_1_401' title='bbox 1343 4147 1634 4198; x_wconf 82' lang='lat' dir='ltr'><strong>humanum</strong></span> <span class='ocrx_word' id='word_1_402' title='bbox 1684 4158 1854 4213; x_wconf 86' lang='lat' dir='ltr'><strong>genus</strong></span> <span class='ocrx_word' id='word_1_403' title='bbox 1913 4145 2267 4213; x_wconf 81' lang='lat' dir='ltr'><strong>ignotuiniose</strong></span> 
     </span>
    </p>
   </div>
   <div class='ocr_carea' id='block_1_61' title="bbox 696 4235 2265 4304">
    <p class='ocr_par' dir='ltr' id='par_1_61' title="bbox 696 4235 2265 4304">
     <span class='ocr_line' id='line_1_61' title="bbox 696 4235 2265 4304; baseline -0.001 -14"><span class='ocrx_word' id='word_1_404' title='bbox 696 4239 963 4301; x_wconf 79' lang='lat' dir='ltr'><strong>habitum,</strong></span> <span class='ocrx_word' id='word_1_405' title='bbox 1019 4238 1223 4292; x_wconf 82' lang='lat' dir='ltr'><strong>honore</strong></span> <span class='ocrx_word' id='word_1_406' title='bbox 1275 4250 1547 4304; x_wconf 80' lang='lat' dir='ltr'><strong>augerem.</strong></span> <span class='ocrx_word' id='word_1_407' title='bbox 1597 4235 1690 4289; x_wconf 73' lang='lat' dir='ltr'><strong>lla:</strong></span> <span class='ocrx_word' id='word_1_408' title='bbox 1742 4236 1974 4304; x_wconf 65' lang='lat' dir='ltr'><strong>injuriae,</strong></span> <span class='ocrx_word' id='word_1_409' title='bbox 2032 4237 2265 4289; x_wconf 79' lang='lat' dir='ltr'><strong>maxima</strong></span> 
     </span>
    </p>
   </div>
   <div class='ocr_carea' id='block_1_62' title="bbox 691 4327 2266 4400">
    <p class='ocr_par' dir='ltr' id='par_1_62' title="bbox 691 4327 2266 4400">
     <span class='ocr_line' id='line_1_62' title="bbox 691 4327 2266 4400; baseline -0.001 -18"><span class='ocrx_word' id='word_1_410' title='bbox 691 4333 939 4400; x_wconf 68' lang='lat' dir='ltr'><strong>qua-dam</strong></span> <span class='ocrx_word' id='word_1_411' title='bbox 980 4347 1045 4383; x_wconf 90' lang='lat' dir='ltr'><strong>ac</strong></span> <span class='ocrx_word' id='word_1_412' title='bbox 1078 4329 1336 4398; x_wconf 65' lang='lat' dir='ltr'><strong>prmclara</strong></span> <span class='ocrx_word' id='word_1_413' title='bbox 1373 4342 1488 4382; x_wconf 84' lang='lat' dir='ltr'><strong>mea</strong></span> <span class='ocrx_word' id='word_1_414' title='bbox 1541 4328 1714 4396; x_wconf 86' lang='lat' dir='ltr'><strong>gloria</strong></span> <span class='ocrx_word' id='word_1_415' title='bbox 1756 4340 1907 4392; x_wconf 85' lang='lat' dir='ltr'><strong>sunt,</strong></span> <span class='ocrx_word' id='word_1_416' title='bbox 1955 4327 2044 4394; x_wconf 89' lang='lat' dir='ltr'><strong>qui</strong></span> <span class='ocrx_word' id='word_1_417' title='bbox 2093 4329 2266 4396; x_wconf 89' lang='lat' dir='ltr'><strong>patior</strong></span> 
     </span>
    </p>
   </div>
   <div class='ocr_carea' id='block_1_63' title="bbox 691 4419 2264 4489">
    <p class='ocr_par' dir='ltr' id='par_1_63' title="bbox 691 4419 2264 4489">
     <span class='ocr_line' id='line_1_63' title="bbox 691 4419 2264 4489; baseline -0.003 -13"><span class='ocrx_word' id='word_1_418' title='bbox 691 4439 885 4487; x_wconf 80' lang='lat' dir='ltr'><strong>carne,</strong></span> <span class='ocrx_word' id='word_1_419' title='bbox 924 4433 1134 4475; x_wconf 87' lang='lat' dir='ltr'><strong>tuorum</strong></span> <span class='ocrx_word' id='word_1_420' title='bbox 1165 4433 1344 4474; x_wconf 90' lang='lat' dir='ltr'><strong>autem</strong></span> <span class='ocrx_word' id='word_1_421' title='bbox 1371 4420 1695 4489; x_wconf 82' lang='lat' dir='ltr'><strong>magualium</strong></span> <span class='ocrx_word' id='word_1_422' title='bbox 1727 4419 2026 4474; x_wconf 84' lang='lat' dir='ltr'><strong>declaratio</strong></span> <span class='ocrx_word' id='word_1_423' title='bbox 2042 4435 2104 4472; x_wconf 91' lang='lat' dir='ltr'><strong>ac</strong></span> <span class='ocrx_word' id='word_1_424' title='bbox 2133 4435 2264 4487; x_wconf 74' lang='lat' dir='ltr'><strong>prae-</strong></span> 
     </span>
    </p>
   </div>
   <div class='ocr_carea' id='block_1_64' title="bbox 2369 1944 3972 2018">
    <p class='ocr_par' dir='ltr' id='par_1_64' title="bbox 2369 1944 3972 2018">
     <span class='ocr_line' id='line_1_64' title="bbox 2369 1944 3972 2018; baseline 0.002 -21"><span class='ocrx_word' id='word_1_425' title='bbox 2369 1944 2712 2015; x_wconf 83' lang='grc' dir='ltr'>δημούντων,</span> <span class='ocrx_word' id='word_1_426' title='bbox 2746 1946 2840 2000; x_wconf 78' lang='grc' dir='ltr'>καὶ</span> <span class='ocrx_word' id='word_1_427' title='bbox 2877 1947 2987 1999; x_wconf 87' lang='grc' dir='ltr'><strong>τῶν</strong></span> <span class='ocrx_word' id='word_1_428' title='bbox 3014 1947 3116 2018; x_wconf 75' lang='grc' dir='ltr'>τὴν</span> <span class='ocrx_word' id='word_1_429' title='bbox 3149 1947 3432 2018; x_wconf 79' lang='grc' dir='ltr'>παροῦσαν</span> <span class='ocrx_word' id='word_1_430' title='bbox 3475 1949 3624 2018; x_wconf 76' lang='grc' dir='ltr'>ζωὴν</span> <span class='ocrx_word' id='word_1_431' title='bbox 3692 1966 3972 2018; x_wconf 81' lang='grc' dir='ltr'>μεταμει-</span> 
     </span>
    </p>
   </div>
   <div class='ocr_carea' id='block_1_65' title="bbox 2371 2036 3972 2111">
    <p class='ocr_par' dir='ltr' id='par_1_65' title="bbox 2371 2036 3972 2111">
     <span class='ocr_line' id='line_1_65' title="bbox 2371 2036 3972 2111; baseline 0.002 -22"><span class='ocrx_word' id='word_1_432' title='bbox 2371 2036 2576 2090; x_wconf 76' lang='grc' dir='ltr'>ϐόντων</span> <span class='ocrx_word' id='word_1_433' title='bbox 2603 2038 2891 2109; x_wconf 84' lang='grc' dir='ltr'>γινόμεναι</span> <span class='ocrx_word' id='word_1_434' title='bbox 2916 2054 2932 2070; x_wconf 77' lang='grc' dir='ltr'><strong><em>ο</em></strong></span> <span class='ocrx_word' id='word_1_435' title='bbox 2951 2040 3070 2093; x_wconf 83' lang='grc' dir='ltr'>οίαν</span> <span class='ocrx_word' id='word_1_436' title='bbox 3085 2039 3185 2111; x_wconf 82' lang='grc' dir='ltr'>τὴν</span> <span class='ocrx_word' id='word_1_437' title='bbox 3209 2039 3320 2092; x_wconf 84' lang='grc' dir='ltr'><strong>τῶν</strong></span> <span class='ocrx_word' id='word_1_438' title='bbox 3336 2040 3674 2110; x_wconf 81' lang='grc' dir='ltr'>σπλάγχνων</span> <span class='ocrx_word' id='word_1_439' title='bbox 3694 2043 3720 2091; x_wconf 81' lang='grc' dir='ltr'>ὲ</span> <span class='ocrx_word' id='word_1_440' title='bbox 3731 2041 3972 2109; x_wconf 74' lang='grc' dir='ltr'>μποιοῦ-</span> 
     </span>
    </p>
   </div>
   <div class='ocr_carea' id='block_1_66' title="bbox 2371 2129 3970 2203">
    <p class='ocr_par' dir='ltr' id='par_1_66' title="bbox 2371 2129 3970 2203">
     <span class='ocr_line' id='line_1_66' title="bbox 2371 2129 3970 2203; baseline 0.005 -24"><span class='ocrx_word' id='word_1_441' title='bbox 2371 2145 2425 2180; x_wconf 92' lang='grc' dir='ltr'>σι</span> <span class='ocrx_word' id='word_1_442' title='bbox 2452 2129 2671 2198; x_wconf 81' lang='grc' dir='ltr'>κίνησιν</span> <span class='ocrx_word' id='word_1_443' title='bbox 2694 2143 2709 2160; x_wconf 83' lang='grc'><em>’</em></span> <span class='ocrx_word' id='word_1_444' title='bbox 2752 2130 2951 2201; x_wconf 78' lang='grc' dir='ltr'>ἡλίκην</span> <span class='ocrx_word' id='word_1_445' title='bbox 2980 2131 3080 2201; x_wconf 82' lang='grc' dir='ltr'><strong>τὴν</strong></span> <span class='ocrx_word' id='word_1_446' title='bbox 3124 2132 3367 2195; x_wconf 89' lang='grc' dir='ltr'>ἀγωνίαν</span> <span class='ocrx_word' id='word_1_447' title='bbox 3388 2147 3400 2161; x_wconf 92' lang='grc'><strong>·</strong></span> <span class='ocrx_word' id='word_1_448' title='bbox 3445 2134 3582 2202; x_wconf 83' lang='grc' dir='ltr'>ὅσην</span> <span class='ocrx_word' id='word_1_449' title='bbox 3611 2133 3721 2203; x_wconf 76' lang='grc' dir='ltr'>τὴν</span> <span class='ocrx_word' id='word_1_450' title='bbox 3745 2133 3970 2202; x_wconf 78' lang='grc' dir='ltr'>ὀδύνην.</span> 
     </span>
    </p>
   </div>
   <div class='ocr_carea' id='block_1_67' title="bbox 2383 2219 3974 2293">
    <p class='ocr_par' dir='ltr' id='par_1_67' title="bbox 2383 2219 3974 2293">
     <span class='ocr_line' id='line_1_67' title="bbox 2383 2219 3974 2293; baseline 0.003 -21"><span class='ocrx_word' id='word_1_451' title='bbox 2383 2219 2529 2273; x_wconf 80' lang='grc' dir='ltr'>’Δντὶ</span> <span class='ocrx_word' id='word_1_452' title='bbox 2567 2221 2677 2292; x_wconf 84' lang='grc' dir='ltr'><strong>γὰρ</strong></span> <span class='ocrx_word' id='word_1_453' title='bbox 2701 2221 2797 2276; x_wconf 79' lang='grc' dir='ltr'>τού</span> <span class='ocrx_word' id='word_1_454' title='bbox 2833 2221 3099 2293; x_wconf 82' lang='grc' dir='ltr'>διηνεκῶς</span> <span class='ocrx_word' id='word_1_455' title='bbox 3139 2223 3238 2276; x_wconf 77' lang='grc' dir='ltr'>καὶ</span> <span class='ocrx_word' id='word_1_456' title='bbox 3267 2223 3603 2293; x_wconf 81' lang='grc' dir='ltr'>φιλουμένου</span> <span class='ocrx_word' id='word_1_457' title='bbox 3641 2226 3748 2276; x_wconf 80' lang='grc' dir='ltr'>καὶ</span> <span class='ocrx_word' id='word_1_458' title='bbox 3781 2225 3974 2276; x_wconf 77' lang='grc' dir='ltr'>συνόν-</span> 
     </span>
    </p>
   </div>
   <div class='ocr_carea' id='block_1_68' title="bbox 2367 2312 3973 2386">
    <p class='ocr_par' dir='ltr' id='par_1_68' title="bbox 2367 2312 3973 2386">
     <span class='ocr_line' id='line_1_68' title="bbox 2367 2312 3973 2386; baseline 0.001 -21"><span class='ocrx_word' id='word_1_459' title='bbox 2367 2327 2481 2378; x_wconf 86' lang='grc' dir='ltr'><strong>τος,</strong></span> <span class='ocrx_word' id='word_1_460' title='bbox 2519 2312 2613 2366; x_wconf 84' lang='grc' dir='ltr'><strong>τδν</strong></span> <span class='ocrx_word' id='word_1_461' title='bbox 2636 2315 2890 2386; x_wconf 79' lang='grc' dir='ltr'><strong>ἀσυνήθη</strong></span> <span class='ocrx_word' id='word_1_462' title='bbox 2921 2315 3389 2369; x_wconf 83' lang='grc' dir='ltr'>καταλλάττονται</span> <span class='ocrx_word' id='word_1_463' title='bbox 3413 2331 3428 2346; x_wconf 89' lang='grc'><strong>·</strong></span> <span class='ocrx_word' id='word_1_464' title='bbox 3463 2317 3560 2369; x_wconf 73' lang='grc' dir='ltr'>καὶ</span> <span class='ocrx_word' id='word_1_465' title='bbox 3585 2316 3825 2368; x_wconf 81' lang='grc' dir='ltr'>ἀπιέναι</span> <span class='ocrx_word' id='word_1_466' title='bbox 3874 2315 3973 2385; x_wconf 74' lang='grc' dir='ltr'>μὶν</span> 
     </span>
    </p>
   </div>
   <div class='ocr_carea' id='block_1_69' title="bbox 2367 2405 3972 2480">
    <p class='ocr_par' dir='ltr' id='par_1_69' title="bbox 2367 2405 3972 2480">
     <span class='ocr_line' id='line_1_69' title="bbox 2367 2405 3972 2480; baseline 0.001 -21"><span class='ocrx_word' id='word_1_467' title='bbox 2367 2405 2460 2459; x_wconf 79' lang='grc' dir='ltr'><strong>τὸν</strong></span> <span class='ocrx_word' id='word_1_468' title='bbox 2506 2406 2649 2461; x_wconf 86' lang='grc' dir='ltr'><strong>κατά</strong></span> <span class='ocrx_word' id='word_1_469' title='bbox 2677 2407 2860 2461; x_wconf 85' lang='grc' dir='ltr'>πάντα</span> <span class='ocrx_word' id='word_1_470' title='bbox 2908 2407 3188 2479; x_wconf 84' lang='grc' dir='ltr'>γνώριμον</span> <span class='ocrx_word' id='word_1_471' title='bbox 3220 2409 3317 2463; x_wconf 73' lang='grc' dir='ltr'>καὶ</span> <span class='ocrx_word' id='word_1_472' title='bbox 3354 2408 3636 2480; x_wconf 83' lang='grc' dir='ltr'>κηδεμόνα</span> <span class='ocrx_word' id='word_1_473' title='bbox 3663 2448 3680 2472; x_wconf 87' lang='grc'><strong>,</strong></span> <span class='ocrx_word' id='word_1_474' title='bbox 3718 2411 3972 2461; x_wconf 74' lang='grc' dir='ltr'>συνεῖναι</span> 
     </span>
    </p>
   </div>
   <div class='ocr_carea' id='block_1_70' title="bbox 2365 2496 3966 2571">
    <p class='ocr_par' dir='ltr' id='par_1_70' title="bbox 2365 2496 3966 2571">
     <span class='ocr_line' id='line_1_70' title="bbox 2365 2496 3966 2571; baseline 0.002 -23"><span class='ocrx_word' id='word_1_475' title='bbox 2365 2496 2423 2548; x_wconf 82' lang='grc' dir='ltr'>δὲ</span> <span class='ocrx_word' id='word_1_476' title='bbox 2450 2499 2536 2551; x_wconf 71' lang='grc' dir='ltr'><strong>τὸν</strong></span> <span class='ocrx_word' id='word_1_477' title='bbox 2575 2499 2633 2550; x_wconf 80' lang='grc' dir='ltr'>ὲν</span> <span class='ocrx_word' id='word_1_478' title='bbox 2671 2500 2785 2562; x_wconf 79' lang='grc' dir='ltr'>τοῖς</span> <span class='ocrx_word' id='word_1_479' title='bbox 2816 2499 3059 2553; x_wconf 79' lang='grc' dir='ltr'>πλείοσιν</span> <span class='ocrx_word' id='word_1_480' title='bbox 3088 2499 3460 2570; x_wconf 77' lang='grc' dir='ltr'>ἀγνοούμενον</span> <span class='ocrx_word' id='word_1_481' title='bbox 3492 2501 3966 2571; x_wconf 75' lang='grc' dir='ltr'>παρεγγυῶνται.</span> 
     </span>
    </p>
   </div>
   <div class='ocr_carea' id='block_1_71' title="bbox 2441 2589 3972 2662">
    <p class='ocr_par' dir='ltr' id='par_1_71' title="bbox 2441 2589 3972 2662">
     <span class='ocr_line' id='line_1_71' title="bbox 2441 2589 3972 2662; baseline 0.002 -22"><span class='ocrx_word' id='word_1_482' title='bbox 2441 2606 2464 2640; x_wconf 73' lang='grc' dir='ltr'><strong>ι</strong></span> <span class='ocrx_word' id='word_1_483' title='bbox 2506 2589 2664 2643; x_wconf 82' lang='grc' dir='ltr'>Ἰδοὺ</span> <span class='ocrx_word' id='word_1_484' title='bbox 2691 2593 2725 2644; x_wconf 83' lang='grc' dir='ltr'><em>ὁ</em></span> <span class='ocrx_word' id='word_1_485' title='bbox 2759 2591 2892 2657; x_wconf 82' lang='grc' dir='ltr'>υἱός</span> <span class='ocrx_word' id='word_1_486' title='bbox 2920 2608 3057 2646; x_wconf 87' lang='grc' dir='ltr'>σου.</span> <span class='ocrx_word' id='word_1_487' title='bbox 3093 2593 3280 2662; x_wconf 83' lang='grc' dir='ltr'>Ἔχεις</span> <span class='ocrx_word' id='word_1_488' title='bbox 3337 2592 3457 2662; x_wconf 78' lang='grc' dir='ltr'>μὲν,</span> <span class='ocrx_word' id='word_1_489' title='bbox 3488 2593 3686 2662; x_wconf 67' lang='grc' dir='ltr'>φησιν,</span> <span class='ocrx_word' id='word_1_490' title='bbox 3722 2591 3828 2661; x_wconf 77' lang='grc' dir='ltr'><strong>ἐμὲ</strong></span> <span class='ocrx_word' id='word_1_491' title='bbox 3859 2591 3972 2643; x_wconf 80' lang='grc' dir='ltr'>θεῖ-</span> 
     </span>
    </p>
   </div>
   <div class='ocr_carea' id='block_1_72' title="bbox 2367 2679 3966 2754">
    <p class='ocr_par' dir='ltr' id='par_1_72' title="bbox 2367 2679 3966 2754">
     <span class='ocr_line' id='line_1_72' title="bbox 2367 2679 3966 2754; baseline 0.002 -21"><span class='ocrx_word' id='word_1_492' title='bbox 2367 2679 2480 2742; x_wconf 82' lang='grc' dir='ltr'><strong>κῶς</strong></span> <span class='ocrx_word' id='word_1_493' title='bbox 2528 2682 2892 2751; x_wconf 77' lang='grc' dir='ltr'>συμπαρόντα</span> <span class='ocrx_word' id='word_1_494' title='bbox 2943 2699 3001 2735; x_wconf 84' lang='grc' dir='ltr'><strong>τε</strong></span> <span class='ocrx_word' id='word_1_495' title='bbox 3072 2684 3165 2736; x_wconf 77' lang='grc' dir='ltr'><strong>καὶ</strong></span> <span class='ocrx_word' id='word_1_496' title='bbox 3212 2683 3291 2746; x_wconf 82' lang='grc' dir='ltr'>ὡς</span> <span class='ocrx_word' id='word_1_497' title='bbox 3339 2683 3549 2737; x_wconf 79' lang='grc' dir='ltr'>οἰκείαν</span> <span class='ocrx_word' id='word_1_498' title='bbox 3609 2685 3966 2754; x_wconf 80' lang='grc' dir='ltr'>περιέποντα</span> 
     </span>
    </p>
   </div>
   <div class='ocr_carea' id='block_1_73' title="bbox 2366 2773 3966 2846">
    <p class='ocr_par' dir='ltr' id='par_1_73' title="bbox 2366 2773 3966 2846">
     <span class='ocr_line' id='line_1_73' title="bbox 2366 2773 3966 2846; baseline 0 -19"><span class='ocrx_word' id='word_1_499' title='bbox 2366 2773 2601 2845; x_wconf 81' lang='grc' dir='ltr'>Μητέρα</span> <span class='ocrx_word' id='word_1_500' title='bbox 2629 2791 2642 2802; x_wconf 89' lang='grc'><strong>·</strong></span> <span class='ocrx_word' id='word_1_501' title='bbox 2680 2773 2824 2844; x_wconf 77' lang='grc' dir='ltr'>ἔχεις</span> <span class='ocrx_word' id='word_1_502' title='bbox 2875 2775 2932 2828; x_wconf 76' lang='grc' dir='ltr'>δὲ</span> <span class='ocrx_word' id='word_1_503' title='bbox 2962 2777 3056 2828; x_wconf 74' lang='grc' dir='ltr'><strong>καὶ</strong></span> <span class='ocrx_word' id='word_1_504' title='bbox 3107 2776 3200 2830; x_wconf 78' lang='grc' dir='ltr'>τὸν</span> <span class='ocrx_word' id='word_1_505' title='bbox 3249 2775 3612 2846; x_wconf 75' lang='grc' dir='ltr'>ἠγαπημένον</span> <span class='ocrx_word' id='word_1_506' title='bbox 3669 2775 3966 2846; x_wconf 75' lang='grc' dir='ltr'>μαθητὴν,</span> 
     </span>
    </p>
   </div>
   <div class='ocr_carea' id='block_1_74' title="bbox 2363 2866 3968 2939">
    <p class='ocr_par' dir='ltr' id='par_1_74' title="bbox 2363 2866 3968 2939">
     <span class='ocr_line' id='line_1_74' title="bbox 2363 2866 3968 2939; baseline 0 -19"><span class='ocrx_word' id='word_1_507' title='bbox 2363 2866 2436 2920; x_wconf 81' lang='grc' dir='ltr'><strong>τά</strong></span> <span class='ocrx_word' id='word_1_508' title='bbox 2484 2866 2597 2920; x_wconf 86' lang='grc' dir='ltr'><strong>τῶν</strong></span> <span class='ocrx_word' id='word_1_509' title='bbox 2654 2867 2789 2922; x_wconf 86' lang='grc' dir='ltr'>υίῶν</span> <span class='ocrx_word' id='word_1_510' title='bbox 2839 2867 3268 2939; x_wconf 81' lang='grc' dir='ltr'>ἀναπληροῦντά</span> <span class='ocrx_word' id='word_1_511' title='bbox 3323 2886 3406 2922; x_wconf 90' lang='grc' dir='ltr'><strong>σοι</strong></span> <span class='ocrx_word' id='word_1_512' title='bbox 3444 2870 3668 2922; x_wconf 80' lang='grc' dir='ltr'>πάντα·</span> <span class='ocrx_word' id='word_1_513' title='bbox 3723 2869 3833 2937; x_wconf 74' lang='grc' dir='ltr'><strong>τὴν</strong></span> <span class='ocrx_word' id='word_1_514' title='bbox 3887 2871 3968 2931; x_wconf 84' lang='grc' dir='ltr'><strong>είς</strong></span> 
     </span>
    </p>
   </div>
   <div class='ocr_carea' id='block_1_75' title="bbox 2366 2959 3971 3031">
    <p class='ocr_par' dir='ltr' id='par_1_75' title="bbox 2366 2959 3971 3031">
     <span class='ocr_line' id='line_1_75' title="bbox 2366 2959 3971 3031; baseline 0.002 -20"><span class='ocrx_word' id='word_1_515' title='bbox 2366 2959 2562 3028; x_wconf 80' lang='grc' dir='ltr'>γονέας</span> <span class='ocrx_word' id='word_1_516' title='bbox 2591 2959 2816 3030; x_wconf 82' lang='grc' dir='ltr'>ὀφειλὴν</span> <span class='ocrx_word' id='word_1_517' title='bbox 2846 2961 3187 3014; x_wconf 81' lang='grc' dir='ltr'>ἀποδιδόντα.</span> <span class='ocrx_word' id='word_1_518' title='bbox 3237 2960 3441 3014; x_wconf 84' lang='grc' dir='ltr'>Τοῦτον</span> <span class='ocrx_word' id='word_1_519' title='bbox 3473 2962 3597 3014; x_wconf 78' lang='grc' dir='ltr'>ἀντὶ</span> <span class='ocrx_word' id='word_1_520' title='bbox 3631 2960 3741 3030; x_wconf 77' lang='grc' dir='ltr'>τῆς</span> <span class='ocrx_word' id='word_1_521' title='bbox 3781 2978 3971 3031; x_wconf 82' lang='grc' dir='ltr'>σωμα-</span> 
     </span>
    </p>
   </div>
   <div class='ocr_carea' id='block_1_76' title="bbox 2365 3051 3968 3123">
    <p class='ocr_par' dir='ltr' id='par_1_76' title="bbox 2365 3051 3968 3123">
     <span class='ocr_line' id='line_1_76' title="bbox 2365 3051 3968 3123; baseline 0.002 -21"><span class='ocrx_word' id='word_1_522' title='bbox 2365 3053 2528 3120; x_wconf 76' lang='grc' dir='ltr'>τικῆς</span> <span class='ocrx_word' id='word_1_523' title='bbox 2559 3067 2662 3119; x_wconf 85' lang='grc' dir='ltr'><strong>μου</strong></span> <span class='ocrx_word' id='word_1_524' title='bbox 2690 3052 2998 3122; x_wconf 81' lang='grc' dir='ltr'>παρουσίας</span> <span class='ocrx_word' id='word_1_525' title='bbox 3026 3051 3438 3123; x_wconf 77' lang='grc' dir='ltr'>ἀναθεωροῦσα,</span> <span class='ocrx_word' id='word_1_526' title='bbox 3467 3053 3567 3116; x_wconf 77' lang='grc' dir='ltr'><strong>τάς</strong></span> <span class='ocrx_word' id='word_1_527' title='bbox 3585 3054 3968 3116; x_wconf 78' lang='grc' dir='ltr'>ἀνυποίστους</span> 
     </span>
    </p>
   </div>
   <div class='ocr_carea' id='block_1_77' title="bbox 2367 3139 3974 3215">
    <p class='ocr_par' dir='ltr' id='par_1_77' title="bbox 2367 3139 3974 3215">
     <span class='ocr_line' id='line_1_77' title="bbox 2367 3139 3974 3215; baseline 0.002 -21"><span class='ocrx_word' id='word_1_528' title='bbox 2367 3139 2667 3211; x_wconf 80' lang='grc' dir='ltr'>ἀλγηδόνας</span> <span class='ocrx_word' id='word_1_529' title='bbox 2714 3143 3050 3215; x_wconf 81' lang='grc' dir='ltr'>παρηγόρει.</span> <span class='ocrx_word' id='word_1_530' title='bbox 3087 3143 3236 3197; x_wconf 78' lang='grc' dir='ltr'>Παῦε</span> <span class='ocrx_word' id='word_1_531' title='bbox 3269 3144 3380 3198; x_wconf 90' lang='grc' dir='ltr'><strong>τῶν</strong></span> <span class='ocrx_word' id='word_1_532' title='bbox 3417 3144 3814 3214; x_wconf 75' lang='grc' dir='ltr'>σφοδροτέρων</span> <span class='ocrx_word' id='word_1_533' title='bbox 3850 3147 3974 3200; x_wconf 76' lang='grc' dir='ltr'>ὀδυο</span> 
     </span>
    </p>
   </div>
   <div class='ocr_carea' id='block_1_78' title="bbox 2372 3230 3972 3304">
    <p class='ocr_par' dir='ltr' id='par_1_78' title="bbox 2372 3230 3972 3304">
     <span class='ocr_line' id='line_1_78' title="bbox 2372 3230 3972 3304; baseline 0.002 -20"><span class='ocrx_word' id='word_1_534' title='bbox 2372 3230 2481 3284; x_wconf 89' lang='grc' dir='ltr'><strong>νῶν</strong></span> <span class='ocrx_word' id='word_1_535' title='bbox 2509 3232 2573 3284; x_wconf 81' lang='grc' dir='ltr'><strong>τὸ</strong></span> <span class='ocrx_word' id='word_1_536' title='bbox 2603 3232 2860 3286; x_wconf 76' lang='grc' dir='ltr'>πλεῖστον</span> <span class='ocrx_word' id='word_1_537' title='bbox 2891 3247 2906 3262; x_wconf 87' lang='grc'>⁶</span> <span class='ocrx_word' id='word_1_538' title='bbox 2936 3232 3164 3304; x_wconf 76' lang='grc' dir='ltr'>κούφιζε</span> <span class='ocrx_word' id='word_1_539' title='bbox 3215 3237 3315 3302; x_wconf 84' lang='grc' dir='ltr'>τὴν</span> <span class='ocrx_word' id='word_1_540' title='bbox 3359 3234 3673 3304; x_wconf 84' lang='grc' dir='ltr'>βαρυτάτην</span> <span class='ocrx_word' id='word_1_541' title='bbox 3732 3235 3840 3303; x_wconf 79' lang='grc' dir='ltr'><strong>τῆς</strong></span> <span class='ocrx_word' id='word_1_542' title='bbox 3871 3235 3972 3303; x_wconf 81' lang='grc' dir='ltr'>φύ-</span> 
     </span>
    </p>
   </div>
   <div class='ocr_carea' id='block_1_79' title="bbox 2372 3324 3970 3399">
    <p class='ocr_par' dir='ltr' id='par_1_79' title="bbox 2372 3324 3970 3399">
     <span class='ocr_line' id='line_1_79' title="bbox 2372 3324 3970 3399; baseline 0.002 -23"><span class='ocrx_word' id='word_1_543' title='bbox 2372 3340 2510 3387; x_wconf 85' lang='grc' dir='ltr'>σεως</span> <span class='ocrx_word' id='word_1_544' title='bbox 2552 3324 2819 3394; x_wconf 85' lang='grc' dir='ltr'>ἀθυμίαν,</span> <span class='ocrx_word' id='word_1_545' title='bbox 2851 3325 2931 3396; x_wconf 83' lang='grc' dir='ltr'>τῷ</span> <span class='ocrx_word' id='word_1_546' title='bbox 2976 3326 3077 3393; x_wconf 86' lang='grc' dir='ltr'><strong>τῆς</strong></span> <span class='ocrx_word' id='word_1_547' title='bbox 3126 3327 3449 3396; x_wconf 80' lang='grc' dir='ltr'>εὐεργεσίας</span> <span class='ocrx_word' id='word_1_548' title='bbox 3472 3325 3724 3396; x_wconf 85' lang='grc' dir='ltr'>μεγέθει.</span> <span class='ocrx_word' id='word_1_549' title='bbox 3771 3328 3970 3399; x_wconf 77' lang='grc' dir='ltr'>Τὲμνῃ</span> 
     </span>
    </p>
   </div>
   <div class='ocr_carea' id='block_1_80' title="bbox 2373 3415 3970 3488">
    <p class='ocr_par' dir='ltr' id='par_1_80' title="bbox 2373 3415 3970 3488">
     <span class='ocr_line' id='line_1_80' title="bbox 2373 3415 3970 3488; baseline 0.002 -20"><span class='ocrx_word' id='word_1_550' title='bbox 2373 3415 2474 3485; x_wconf 82' lang='grc' dir='ltr'>μὲν</span> <span class='ocrx_word' id='word_1_551' title='bbox 2505 3415 2597 3469; x_wconf 79' lang='grc' dir='ltr'><strong>καὶ</strong></span> <span class='ocrx_word' id='word_1_552' title='bbox 2627 3417 2895 3486; x_wconf 75' lang='grc' dir='ltr'>διαφλέγῃ</span> <span class='ocrx_word' id='word_1_553' title='bbox 2942 3418 3012 3471; x_wconf 72' lang='grc' dir='ltr'><strong>τὰ</strong></span> <span class='ocrx_word' id='word_1_554' title='bbox 3047 3418 3363 3486; x_wconf 82' lang='grc' dir='ltr'>σπλάγχνα,</span> <span class='ocrx_word' id='word_1_555' title='bbox 3391 3419 3484 3470; x_wconf 75' lang='grc' dir='ltr'>καὶ</span> <span class='ocrx_word' id='word_1_556' title='bbox 3511 3419 3970 3488; x_wconf 78' lang='grc' dir='ltr'>ἀνυπερὸλὴτως</span> 
     </span>
    </p>
   </div>
   <div class='ocr_carea' id='block_1_81' title="bbox 2371 3508 3965 3582">
    <p class='ocr_par' dir='ltr' id='par_1_81' title="bbox 2371 3508 3965 3582">
     <span class='ocr_line' id='line_1_81' title="bbox 2371 3508 3965 3582; baseline 0.001 -21"><span class='ocrx_word' id='word_1_557' title='bbox 2371 3508 2470 3578; x_wconf 79' lang='grc' dir='ltr'>τὴν</span> <span class='ocrx_word' id='word_1_558' title='bbox 2500 3509 2726 3578; x_wconf 77' lang='grc' dir='ltr'>καρδίαν</span> <span class='ocrx_word' id='word_1_559' title='bbox 2759 3510 3062 3582; x_wconf 80' lang='grc' dir='ltr'>τιτρώσκῃ.</span> <span class='ocrx_word' id='word_1_560' title='bbox 3110 3512 3185 3563; x_wconf 80' lang='grc' dir='ltr'><strong>Οὐ</strong></span> <span class='ocrx_word' id='word_1_561' title='bbox 3215 3511 3324 3580; x_wconf 73' lang='grc' dir='ltr'><strong>γὰρ</strong></span> <span class='ocrx_word' id='word_1_562' title='bbox 3374 3509 3516 3564; x_wconf 85' lang='grc' dir='ltr'><strong>κατά</strong></span> <span class='ocrx_word' id='word_1_563' title='bbox 3563 3510 3738 3579; x_wconf 85' lang='grc' dir='ltr'>φύσιν</span> <span class='ocrx_word' id='word_1_564' title='bbox 3773 3512 3965 3581; x_wconf 73' lang='grc' dir='ltr'>μόνον,</span> 
     </span>
    </p>
   </div>
   <div class='ocr_carea' id='block_1_82' title="bbox 2368 3600 3963 3674">
    <p class='ocr_par' dir='ltr' id='par_1_82' title="bbox 2368 3600 3963 3674">
     <span class='ocr_line' id='line_1_82' title="bbox 2368 3600 3963 3674; baseline 0.001 -21"><span class='ocrx_word' id='word_1_565' title='bbox 2368 3600 2506 3654; x_wconf 86' lang='grc' dir='ltr'><strong>ἀλλά</strong></span> <span class='ocrx_word' id='word_1_566' title='bbox 2537 3605 2630 3656; x_wconf 79' lang='grc' dir='ltr'><strong>καὶ</strong></span> <span class='ocrx_word' id='word_1_567' title='bbox 2671 3604 2956 3672; x_wconf 76' lang='grc' dir='ltr'>ὑπερφυὴς</span> <span class='ocrx_word' id='word_1_568' title='bbox 2982 3607 3010 3657; x_wconf 82' lang='grc' dir='ltr'><strong>ὁ</strong></span> <span class='ocrx_word' id='word_1_569' title='bbox 3035 3603 3174 3674; x_wconf 76' lang='grc' dir='ltr'>πρὸς</span> <span class='ocrx_word' id='word_1_570' title='bbox 3205 3605 3305 3673; x_wconf 76' lang='grc' dir='ltr'>ἐμέ</span> <span class='ocrx_word' id='word_1_571' title='bbox 3338 3622 3429 3657; x_wconf 86' lang='grc' dir='ltr'><strong>σου</strong></span> <span class='ocrx_word' id='word_1_572' title='bbox 3461 3604 3628 3666; x_wconf 87' lang='grc' dir='ltr'>πόθος</span> <span class='ocrx_word' id='word_1_573' title='bbox 3651 3621 3664 3632; x_wconf 90' lang='grc'><strong>·</strong></span> <span class='ocrx_word' id='word_1_574' title='bbox 3723 3607 3827 3658; x_wconf 75' lang='grc' dir='ltr'>καὶ</span> <span class='ocrx_word' id='word_1_575' title='bbox 3861 3606 3963 3673; x_wconf 70' lang='grc' dir='ltr'><strong>οἰχ</strong></span> 
     </span>
    </p>
   </div>
   <div class='ocr_carea' id='block_1_83' title="bbox 2368 3687 3966 3765">
    <p class='ocr_par' dir='ltr' id='par_1_83' title="bbox 2368 3687 3966 3765">
     <span class='ocr_line' id='line_1_83' title="bbox 2368 3687 3966 3765; baseline 0.003 -22"><span class='ocrx_word' id='word_1_576' title='bbox 2368 3687 2482 3744; x_wconf 76' lang='grc' dir='ltr'>οἷόν</span> <span class='ocrx_word' id='word_1_577' title='bbox 2515 3693 2578 3744; x_wconf 87' lang='grc' dir='ltr'><strong>τέ</strong></span> <span class='ocrx_word' id='word_1_578' title='bbox 2641 3694 2759 3746; x_wconf 78' lang='grc' dir='ltr'>ἑστι</span> <span class='ocrx_word' id='word_1_579' title='bbox 2802 3693 3240 3765; x_wconf 86' lang='grc' dir='ltr'>άναλγητότερόν</span> <span class='ocrx_word' id='word_1_580' title='bbox 3271 3712 3330 3748; x_wconf 82' lang='grc' dir='ltr'><strong>σε</strong></span> <span class='ocrx_word' id='word_1_581' title='bbox 3374 3695 3716 3765; x_wconf 81' lang='grc' dir='ltr'>διατεθῆναι.</span> <span class='ocrx_word' id='word_1_582' title='bbox 3767 3699 3866 3749; x_wconf 79' lang='grc' dir='ltr'><strong>Δεῖ</strong></span> <span class='ocrx_word' id='word_1_583' title='bbox 3912 3697 3966 3748; x_wconf 67' lang='grc' dir='ltr'>δὲ</span> 
     </span>
    </p>
   </div>
   <div class='ocr_carea' id='block_1_84' title="bbox 2368 3783 3964 3855">
    <p class='ocr_par' dir='ltr' id='par_1_84' title="bbox 2368 3783 3964 3855">
     <span class='ocr_line' id='line_1_84' title="bbox 2368 3783 3964 3855; baseline 0.003 -20"><span class='ocrx_word' id='word_1_584' title='bbox 2368 3783 2696 3852; x_wconf 81' lang='grc' dir='ltr'>καθυφελεῖν</span> <span class='ocrx_word' id='word_1_585' title='bbox 2753 3785 2848 3838; x_wconf 84' lang='grc' dir='ltr'><strong>τοῦ</strong></span> <span class='ocrx_word' id='word_1_586' title='bbox 2903 3787 3135 3849; x_wconf 81' lang='grc' dir='ltr'>πάθους,</span> <span class='ocrx_word' id='word_1_587' title='bbox 3192 3787 3423 3855; x_wconf 87' lang='grc' dir='ltr'>Μητέρα</span> <span class='ocrx_word' id='word_1_588' title='bbox 3472 3803 3530 3839; x_wconf 90' lang='grc' dir='ltr'>τε</span> <span class='ocrx_word' id='word_1_589' title='bbox 3570 3786 3749 3839; x_wconf 74' lang='grc' dir='ltr'>οὖσαν</span> <span class='ocrx_word' id='word_1_590' title='bbox 3793 3789 3964 3855; x_wconf 70' lang='grc' dir='ltr'>ἐμὴν,</span> 
     </span>
    </p>
   </div>
   <div class='ocr_carea' id='block_1_85' title="bbox 2367 3876 3965 3949">
    <p class='ocr_par' dir='ltr' id='par_1_85' title="bbox 2367 3876 3965 3949">
     <span class='ocr_line' id='line_1_85' title="bbox 2367 3876 3965 3949; baseline 0.004 -23"><span class='ocrx_word' id='word_1_591' title='bbox 2367 3876 2461 3928; x_wconf 66' lang='grc' dir='ltr'>καὶ</span> <span class='ocrx_word' id='word_1_592' title='bbox 2484 3876 2555 3928; x_wconf 83' lang='grc' dir='ltr'><strong>τά</strong></span> <span class='ocrx_word' id='word_1_593' title='bbox 2573 3877 2673 3945; x_wconf 79' lang='grc' dir='ltr'><strong>τῆς</strong></span> <span class='ocrx_word' id='word_1_594' title='bbox 2700 3878 3020 3949; x_wconf 73' lang='grc' dir='ltr'>ἀπορρήτου</span> <span class='ocrx_word' id='word_1_595' title='bbox 3053 3877 3129 3948; x_wconf 78' lang='grc' dir='ltr'>μὴ</span> <span class='ocrx_word' id='word_1_596' title='bbox 3163 3878 3466 3946; x_wconf 73' lang='grc' dir='ltr'>ἀγνοοῦσαν</span> <span class='ocrx_word' id='word_1_597' title='bbox 3497 3877 3724 3948; x_wconf 80' lang='grc' dir='ltr'>βουλῆς.</span> <span class='ocrx_word' id='word_1_598' title='bbox 3763 3880 3965 3932; x_wconf 73' lang='grc' dir='ltr'>Τοιού-</span> 
     </span>
    </p>
   </div>
   <div class='ocr_carea' id='block_1_86' title="bbox 2367 3968 3966 4043">
    <p class='ocr_par' dir='ltr' id='par_1_86' title="bbox 2367 3968 3966 4043">
     <span class='ocr_line' id='line_1_86' title="bbox 2367 3968 3966 4043; baseline 0.004 -25"><span class='ocrx_word' id='word_1_599' title='bbox 2367 3982 2483 4029; x_wconf 85' lang='grc' dir='ltr'>τοις</span> <span class='ocrx_word' id='word_1_600' title='bbox 2515 3968 2623 4039; x_wconf 85' lang='grc' dir='ltr'><strong>γάρ</strong></span> <span class='ocrx_word' id='word_1_601' title='bbox 2660 3969 2879 4031; x_wconf 82' lang='grc' dir='ltr'>πάθεσι,</span> <span class='ocrx_word' id='word_1_602' title='bbox 2907 3969 3008 4039; x_wconf 77' lang='grc' dir='ltr'>τὴν</span> <span class='ocrx_word' id='word_1_603' title='bbox 3055 3968 3328 4031; x_wconf 84' lang='grc' dir='ltr'>ἀπάθειαν</span> <span class='ocrx_word' id='word_1_604' title='bbox 3357 3972 3435 4040; x_wconf 84' lang='grc' dir='ltr'>τῷ</span> <span class='ocrx_word' id='word_1_605' title='bbox 3471 3970 3765 4038; x_wconf 79' lang='grc' dir='ltr'>πλάσματι</span> <span class='ocrx_word' id='word_1_606' title='bbox 3805 3991 3966 4043; x_wconf 76' lang='grc' dir='ltr'>περι-</span> 
     </span>
    </p>
   </div>
   <div class='ocr_carea' id='block_1_87' title="bbox 2367 4059 3962 4132">
    <p class='ocr_par' dir='ltr' id='par_1_87' title="bbox 2367 4059 3962 4132">
     <span class='ocr_line' id='line_1_87' title="bbox 2367 4059 3962 4132; baseline 0.005 -22"><span class='ocrx_word' id='word_1_607' title='bbox 2367 4059 2631 4128; x_wconf 81' lang='grc' dir='ltr'>ποιοῦμαι</span> <span class='ocrx_word' id='word_1_608' title='bbox 2652 4075 2665 4090; x_wconf 69' lang='grc'><strong>⁸</strong></span> <span class='ocrx_word' id='word_1_609' title='bbox 2702 4059 2980 4124; x_wconf 77' lang='grc' dir='ltr'>τοιαύταις</span> <span class='ocrx_word' id='word_1_610' title='bbox 3022 4061 3290 4130; x_wconf 69' lang='grc' dir='ltr'>ξάτιμίαις</span> <span class='ocrx_word' id='word_1_611' title='bbox 3324 4062 3382 4114; x_wconf 83' lang='grc' dir='ltr'><strong>τὸ</strong></span> <span class='ocrx_word' id='word_1_612' title='bbox 3415 4063 3779 4132; x_wconf 70' lang='grc' dir='ltr'>ἡτιμωμένον</span> <span class='ocrx_word' id='word_1_613' title='bbox 3810 4067 3962 4118; x_wconf 55' lang='lat' dir='ltr'><strong>ELECT-</strong></span> 
     </span>
    </p>
   </div>
   <div class='ocr_carea' id='block_1_88' title="bbox 2366 4145 3962 4225">
    <p class='ocr_par' dir='ltr' id='par_1_88' title="bbox 2366 4145 3962 4225">
     <span class='ocr_line' id='line_1_88' title="bbox 2366 4145 3962 4225; baseline 0.004 -24"><span class='ocrx_word' id='word_1_614' title='bbox 2366 4164 2512 4219; x_wconf 90' lang='grc' dir='ltr'>κησα</span> <span class='ocrx_word' id='word_1_615' title='bbox 2571 4151 2801 4219; x_wconf 79' lang='grc' dir='ltr'>τιμῆσαι</span> <span class='ocrx_word' id='word_1_616' title='bbox 2848 4153 3026 4219; x_wconf 79' lang='grc' dir='ltr'>γένος.</span> <span class='ocrx_word' id='word_1_617' title='bbox 3078 4145 3251 4205; x_wconf 75' lang='grc' dir='ltr'>Αὗται</span> <span class='ocrx_word' id='word_1_618' title='bbox 3289 4153 3345 4205; x_wconf 78' lang='grc' dir='ltr'><strong>αἱ</strong></span> <span class='ocrx_word' id='word_1_619' title='bbox 3397 4152 3604 4220; x_wconf 76' lang='grc' dir='ltr'>ὕϐρεις,</span> <span class='ocrx_word' id='word_1_620' title='bbox 3661 4154 3803 4218; x_wconf 77' lang='grc' dir='ltr'>δόξα</span> <span class='ocrx_word' id='word_1_621' title='bbox 3864 4159 3962 4225; x_wconf 72' lang='grc' dir='ltr'>μὲν</span> 
     </span>
    </p>
   </div>
   <div class='ocr_carea' id='block_1_89' title="bbox 2367 4239 3964 4313">
    <p class='ocr_par' dir='ltr' id='par_1_89' title="bbox 2367 4239 3964 4313">
     <span class='ocr_line' id='line_1_89' title="bbox 2367 4239 3964 4313; baseline 0.004 -22"><span class='ocrx_word' id='word_1_622' title='bbox 2367 4239 2877 4309; x_wconf 78' lang='grc' dir='ltr'>ύπερδεδοξασμένη</span> <span class='ocrx_word' id='word_1_623' title='bbox 2904 4239 2999 4292; x_wconf 83' lang='grc' dir='ltr'><strong>τοῦ</strong></span> <span class='ocrx_word' id='word_1_624' title='bbox 3054 4241 3220 4310; x_wconf 65' lang='grc' dir='ltr'><strong>σαρκὶ¹</strong></span> <span class='ocrx_word' id='word_1_625' title='bbox 3260 4241 3562 4309; x_wconf 81' lang='grc' dir='ltr'>πάσχοντος</span> <span class='ocrx_word' id='word_1_626' title='bbox 3598 4243 3860 4313; x_wconf 75' lang='grc' dir='ltr'>καθεστή</span> <span class='ocrx_word' id='word_1_627' title='bbox 3876 4264 3964 4297; x_wconf 73' lang='lat' dir='ltr'><strong>u-</strong></span> 
     </span>
    </p>
   </div>
   <div class='ocr_carea' id='block_1_90' title="bbox 2367 4331 3961 4407">
    <p class='ocr_par' dir='ltr' id='par_1_90' title="bbox 2367 4331 3961 4407">
     <span class='ocr_line' id='line_1_90' title="bbox 2367 4331 3961 4407; baseline 0.004 -24"><span class='ocrx_word' id='word_1_628' title='bbox 2367 4348 2450 4384; x_wconf 90' lang='grc' dir='ltr'><strong>σιν</strong></span> <span class='ocrx_word' id='word_1_629' title='bbox 2480 4331 2637 4401; x_wconf 77' lang='grc' dir='ltr'>ἐμοῦ,</span> <span class='ocrx_word' id='word_1_630' title='bbox 2694 4331 2802 4384; x_wconf 89' lang='grc' dir='ltr'><strong>τῶν</strong></span> <span class='ocrx_word' id='word_1_631' title='bbox 2853 4331 2911 4384; x_wconf 79' lang='grc' dir='ltr'>δὲ</span> <span class='ocrx_word' id='word_1_632' title='bbox 2962 4333 3072 4384; x_wconf 90' lang='grc' dir='ltr'><strong>σῶν</strong></span> <span class='ocrx_word' id='word_1_633' title='bbox 3112 4332 3418 4402; x_wconf 83' lang='grc' dir='ltr'>μεγαλείων</span> <span class='ocrx_word' id='word_1_634' title='bbox 3479 4333 3573 4386; x_wconf 75' lang='grc' dir='ltr'>καὶ</span> <span class='ocrx_word' id='word_1_635' title='bbox 3633 4338 3961 4407; x_wconf 73' lang='grc' dir='ltr'>φανέρωσις</span> 
     </span>
    </p>
   </div>
   <div class='ocr_carea' id='block_1_91' title="bbox 2367 4423 3961 4497">
    <p class='ocr_par' dir='ltr' id='par_1_91' title="bbox 2367 4423 3961 4497">
     <span class='ocr_line' id='line_1_91' title="bbox 2367 4423 3961 4497; baseline 0.003 -23"><span class='ocrx_word' id='word_1_636' title='bbox 2367 4423 2461 4475; x_wconf 76' lang='grc' dir='ltr'>καὶ</span> <span class='ocrx_word' id='word_1_637' title='bbox 2513 4423 2875 4493; x_wconf 80' lang='grc' dir='ltr'>ἀνακήρυξις.</span> <span class='ocrx_word' id='word_1_638' title='bbox 2948 4425 3191 4493; x_wconf 80' lang='grc' dir='ltr'>Ἐχουσα</span> <span class='ocrx_word' id='word_1_639' title='bbox 3223 4426 3404 4478; x_wconf 88' lang='grc' dir='ltr'>τοίνυν</span> <span class='ocrx_word' id='word_1_640' title='bbox 3466 4426 3558 4479; x_wconf 83' lang='grc' dir='ltr'><strong>τὸν</strong></span> <span class='ocrx_word' id='word_1_641' title='bbox 3625 4429 3961 4497; x_wconf 73' lang='grc' dir='ltr'>ἐπιστήθιον</span> 
     </span>
    </p>
   </div>
   <div class='ocr_carea' id='block_1_92' title="bbox 690 4505 2266 4592">
    <p class='ocr_par' dir='ltr' id='par_1_92' title="bbox 690 4515 2259 4584">
     <span class='ocr_line' id='line_1_92' title="bbox 690 4515 2259 4584; baseline -0.003 -13"><span class='ocrx_word' id='word_1_642' title='bbox 690 4521 932 4571; x_wconf 86' lang='lat' dir='ltr'><strong>conium.</strong></span> <span class='ocrx_word' id='word_1_643' title='bbox 972 4515 1190 4569; x_wconf 74' lang='lat' dir='ltr'><strong>llabeus</strong></span> <span class='ocrx_word' id='word_1_644' title='bbox 1217 4515 1397 4584; x_wconf 88' lang='lat' dir='ltr'><strong>itaque</strong></span> <span class='ocrx_word' id='word_1_645' title='bbox 1423 4529 1582 4582; x_wconf 88' lang='lat' dir='ltr'><strong>quem</strong></span> <span class='ocrx_word' id='word_1_646' title='bbox 1615 4515 1846 4567; x_wconf 90' lang='lat' dir='ltr'><strong>amicum</strong></span> <span class='ocrx_word' id='word_1_647' title='bbox 1881 4527 2041 4580; x_wconf 86' lang='lat' dir='ltr'><strong>supra</strong></span> <span class='ocrx_word' id='word_1_648' title='bbox 2075 4522 2259 4579; x_wconf 86' lang='lat' dir='ltr'><strong>peetus</strong></span> 
     </span>
    </p>
   </div>
   <div class='ocr_carea' id='block_1_93' title="bbox 2369 4505 3962 4592">
    <p class='ocr_par' dir='ltr' id='par_1_93' title="bbox 2371 4515 3962 4592">
     <span class='ocr_line' id='line_1_93' title="bbox 2371 4515 3962 4592; baseline 0.003 -26"><span class='ocrx_word' id='word_1_649' title='bbox 2371 4515 2543 4584; x_wconf 80' lang='grc' dir='ltr'>φίλον,</span> <span class='ocrx_word' id='word_1_650' title='bbox 2577 4515 2708 4584; x_wconf 76' lang='grc' dir='ltr'>λῆγε</span> <span class='ocrx_word' id='word_1_651' title='bbox 2741 4516 2842 4585; x_wconf 80' lang='grc' dir='ltr'>μὲν</span> <span class='ocrx_word' id='word_1_652' title='bbox 2883 4516 2992 4568; x_wconf 89' lang='grc' dir='ltr'><strong>τῶν</strong></span> <span class='ocrx_word' id='word_1_653' title='bbox 3036 4516 3303 4586; x_wconf 88' lang='grc' dir='ltr'>λυπηρῶν</span> <span class='ocrx_word' id='word_1_654' title='bbox 3329 4534 3344 4548; x_wconf 79' lang='grc'>⁶</span> <span class='ocrx_word' id='word_1_655' title='bbox 3386 4517 3478 4570; x_wconf 78' lang='grc' dir='ltr'>τὸν</span> <span class='ocrx_word' id='word_1_656' title='bbox 3512 4517 3565 4570; x_wconf 82' lang='grc' dir='ltr'>δὲ</span> <span class='ocrx_word' id='word_1_657' title='bbox 3609 4520 3778 4588; x_wconf 68' lang='grc' dir='ltr'>ἐμὸν,</span> <span class='ocrx_word' id='word_1_658' title='bbox 3807 4523 3962 4592; x_wconf 66' lang='grc' dir='ltr'><strong>εὑτῷ</strong></span> 
     </span>
    </p>
   </div>
   <div class='ocr_carea' id='block_1_94' title="bbox 694 4605 2256 4677">
    <p class='ocr_par' dir='ltr' id='par_1_94' title="bbox 694 4605 2256 4677">
     <span class='ocr_line' id='line_1_94' title="bbox 694 4605 2256 4677; baseline -0.006 -13"><span class='ocrx_word' id='word_1_659' title='bbox 694 4610 974 4671; x_wconf 78' lang='lat' dir='ltr'><strong>reclinari,</strong></span> <span class='ocrx_word' id='word_1_660' title='bbox 1029 4607 1271 4661; x_wconf 88' lang='lat' dir='ltr'><strong>tristibus</strong></span> <span class='ocrx_word' id='word_1_661' title='bbox 1304 4608 1520 4677; x_wconf 84' lang='lat' dir='ltr'><strong>quidem</strong></span> <span class='ocrx_word' id='word_1_662' title='bbox 1575 4605 1789 4673; x_wconf 84' lang='lat' dir='ltr'><strong>impone</strong></span> <span class='ocrx_word' id='word_1_663' title='bbox 1826 4605 2007 4667; x_wconf 81' lang='lat' dir='ltr'><strong>linem,</strong></span> <span class='ocrx_word' id='word_1_664' title='bbox 2049 4620 2256 4656; x_wconf 82' lang='lat' dir='ltr'><strong>mcum-</strong></span> 
     </span>
    </p>
   </div>
   <div class='ocr_carea' id='block_1_95' title="bbox 689 4693 2254 4770">
    <p class='ocr_par' dir='ltr' id='par_1_95' title="bbox 689 4693 2254 4770">
     <span class='ocr_line' id='line_1_95' title="bbox 689 4693 2254 4770; baseline -0.004 -18"><span class='ocrx_word' id='word_1_665' title='bbox 689 4717 820 4770; x_wconf 87' lang='lat' dir='ltr'><strong>quc,</strong></span> <span class='ocrx_word' id='word_1_666' title='bbox 868 4715 990 4753; x_wconf 88' lang='lat' dir='ltr'><strong>cum</strong></span> <span class='ocrx_word' id='word_1_667' title='bbox 1023 4699 1114 4752; x_wconf 83' lang='lat' dir='ltr'><strong>illo</strong></span> <span class='ocrx_word' id='word_1_668' title='bbox 1161 4713 1224 4751; x_wconf 89' lang='lat' dir='ltr'><strong>ac</strong></span> <span class='ocrx_word' id='word_1_669' title='bbox 1257 4698 1419 4751; x_wconf 79' lang='lat' dir='ltr'><strong>sociis</strong></span> <span class='ocrx_word' id='word_1_670' title='bbox 1465 4709 1722 4758; x_wconf 87' lang='lat' dir='ltr'><strong>versans,</strong></span> <span class='ocrx_word' id='word_1_671' title='bbox 1777 4694 2008 4762; x_wconf 88' lang='lat' dir='ltr'><strong>adimple</strong></span> <span class='ocrx_word' id='word_1_672' title='bbox 2061 4693 2254 4746; x_wconf 88' lang='lat' dir='ltr'><strong>locum.</strong></span> 
     </span>
    </p>
   </div>
   <div class='ocr_carea' id='block_1_96' title="bbox 688 4785 2260 4860">
    <p class='ocr_par' dir='ltr' id='par_1_96' title="bbox 688 4785 2260 4860">
     <span class='ocr_line' id='line_1_96' title="bbox 688 4785 2260 4860; baseline -0.008 -11"><span class='ocrx_word' id='word_1_673' title='bbox 688 4795 808 4850; x_wconf 80' lang='lat' dir='ltr'><strong>Tibi</strong></span> <span class='ocrx_word' id='word_1_674' title='bbox 851 4794 992 4846; x_wconf 90' lang='lat' dir='ltr'><strong>enim</strong></span> <span class='ocrx_word' id='word_1_675' title='bbox 1023 4806 1119 4860; x_wconf 90' lang='lat' dir='ltr'><strong>per</strong></span> <span class='ocrx_word' id='word_1_676' title='bbox 1151 4804 1272 4843; x_wconf 89' lang='lat' dir='ltr'><strong>eum</strong></span> <span class='ocrx_word' id='word_1_677' title='bbox 1315 4787 1552 4855; x_wconf 86' lang='lat' dir='ltr'><strong>reliquos</strong></span> <span class='ocrx_word' id='word_1_678' title='bbox 1626 4789 1753 4839; x_wconf 87' lang='lat' dir='ltr'><strong>item</strong></span> <span class='ocrx_word' id='word_1_679' title='bbox 1790 4785 2076 4854; x_wconf 69' lang='lat' dir='ltr'><strong>discipulos</strong></span> <span class='ocrx_word' id='word_1_680' title='bbox 2111 4801 2260 4838; x_wconf 88' lang='lat' dir='ltr'><strong>com-</strong></span> 
     </span>
    </p>
   </div>
   <div class='ocr_carea' id='block_1_97' title="bbox 693 4876 2263 4947">
    <p class='ocr_par' dir='ltr' id='par_1_97' title="bbox 693 4876 2263 4947">
     <span class='ocr_line' id='line_1_97' title="bbox 693 4876 2263 4947; baseline -0.005 -9"><span class='ocrx_word' id='word_1_681' title='bbox 693 4886 977 4938; x_wconf 77' lang='lat' dir='ltr'><strong>mendnlos</strong></span> <span class='ocrx_word' id='word_1_682' title='bbox 1028 4881 1166 4934; x_wconf 85' lang='lat' dir='ltr'><strong>volo.</strong></span> <span class='ocrx_word' id='word_1_683' title='bbox 1217 4878 1446 4947; x_wconf 87' lang='lat' dir='ltr'><strong>Quando</strong></span> <span class='ocrx_word' id='word_1_684' title='bbox 1487 4885 1663 4930; x_wconf 88' lang='lat' dir='ltr'><strong>autem</strong></span> <span class='ocrx_word' id='word_1_685' title='bbox 1713 4876 1871 4929; x_wconf 87' lang='lat' dir='ltr'><strong>libuit</strong></span> <span class='ocrx_word' id='word_1_686' title='bbox 1913 4888 1972 4928; x_wconf 96' lang='lat' dir='ltr'><strong>ut</strong></span> <span class='ocrx_word' id='word_1_687' title='bbox 2017 4892 2135 4929; x_wconf 91' lang='lat' dir='ltr'><strong>cum</strong></span> <span class='ocrx_word' id='word_1_688' title='bbox 2181 4877 2263 4930; x_wconf 85' lang='lat' dir='ltr'><strong>eis</strong></span> 
     </span>
    </p>
   </div>
   <div class='ocr_carea' id='block_1_98' title="bbox 696 4968 2262 5039">
    <p class='ocr_par' dir='ltr' id='par_1_98' title="bbox 696 4968 2262 5039">
     <span class='ocr_line' id='line_1_98' title="bbox 696 4968 2262 5039; baseline -0.004 -11"><span class='ocrx_word' id='word_1_689' title='bbox 696 4989 996 5039; x_wconf 79' lang='lat' dir='ltr'><strong>versarere,</strong></span> <span class='ocrx_word' id='word_1_690' title='bbox 1040 4989 1103 5026; x_wconf 89' lang='lat' dir='ltr'><strong>ac</strong></span> <span class='ocrx_word' id='word_1_691' title='bbox 1145 4975 1195 5025; x_wconf 91' lang='lat' dir='ltr'><strong>in</strong></span> <span class='ocrx_word' id='word_1_692' title='bbox 1242 4971 1378 5025; x_wconf 83' lang='lat' dir='ltr'><strong>vivis</strong></span> <span class='ocrx_word' id='word_1_693' title='bbox 1428 4971 1690 5023; x_wconf 89' lang='lat' dir='ltr'><strong>hactenus</strong></span> <span class='ocrx_word' id='word_1_694' title='bbox 1744 4982 1953 5036; x_wconf 88' lang='lat' dir='ltr'><strong>ageres,</strong></span> <span class='ocrx_word' id='word_1_695' title='bbox 1991 4976 2135 5020; x_wconf 89' lang='lat' dir='ltr'><strong>tuam</strong></span> <span class='ocrx_word' id='word_1_696' title='bbox 2182 4968 2262 5021; x_wconf 89' lang='lat' dir='ltr'><strong>eis</strong></span> 
     </span>
    </p>
   </div>
   <div class='ocr_carea' id='block_1_99' title="bbox 694 5057 2256 5139">
    <p class='ocr_par' dir='ltr' id='par_1_99' title="bbox 694 5057 2256 5139">
     <span class='ocr_line' id='line_1_99' title="bbox 694 5057 2256 5139; baseline -0.006 -18"><span class='ocrx_word' id='word_1_697' title='bbox 694 5065 1036 5139; x_wconf 69' lang='lat' dir='ltr'><strong>praesentiam</strong></span> <span class='ocrx_word' id='word_1_698' title='bbox 1070 5078 1168 5133; x_wconf 93' lang='lat' dir='ltr'><strong>pro</strong></span> <span class='ocrx_word' id='word_1_699' title='bbox 1215 5061 1419 5138; x_wconf 85' lang='lat' dir='ltr'><strong>carnali</strong></span> <span class='ocrx_word' id='word_1_700' title='bbox 1458 5075 1574 5113; x_wconf 89' lang='lat' dir='ltr'><strong>mea</strong></span> <span class='ocrx_word' id='word_1_701' title='bbox 1627 5058 1940 5127; x_wconf 72' lang='lat' dir='ltr'><strong>praebueris.</strong></span> <span class='ocrx_word' id='word_1_702' title='bbox 1977 5057 2107 5112; x_wconf 84' lang='lat' dir='ltr'><strong>Esto</strong></span> <span class='ocrx_word' id='word_1_703' title='bbox 2135 5059 2256 5122; x_wconf 87' lang='lat' dir='ltr'><strong>illis,</strong></span> 
     </span>
    </p>
   </div>
   <div class='ocr_carea' id='block_1_100' title="bbox 691 5149 2258 5229">
    <p class='ocr_par' dir='ltr' id='par_1_100' title="bbox 691 5149 2258 5229">
     <span class='ocr_line' id='line_1_100' title="bbox 691 5149 2258 5229; baseline -0.008 -15"><span class='ocrx_word' id='word_1_704' title='bbox 691 5164 734 5215; x_wconf 83' lang='lat' dir='ltr'><strong>si</strong></span> <span class='ocrx_word' id='word_1_705' title='bbox 763 5175 867 5229; x_wconf 87' lang='lat' dir='ltr'><strong>qua</strong></span> <span class='ocrx_word' id='word_1_706' title='bbox 902 5157 1067 5212; x_wconf 84' lang='lat' dir='ltr'><strong>moris</strong></span> <span class='ocrx_word' id='word_1_707' title='bbox 1096 5163 1264 5209; x_wconf 87' lang='lat' dir='ltr'><strong>estut</strong></span> <span class='ocrx_word' id='word_1_708' title='bbox 1304 5163 1504 5208; x_wconf 88' lang='lat' dir='ltr'><strong>matres</strong></span> <span class='ocrx_word' id='word_1_709' title='bbox 1554 5152 1659 5205; x_wconf 91' lang='lat' dir='ltr'><strong>sint</strong></span> <span class='ocrx_word' id='word_1_710' title='bbox 1711 5149 1869 5214; x_wconf 82' lang='lat' dir='ltr'><strong>tiliis;</strong></span> <span class='ocrx_word' id='word_1_711' title='bbox 1914 5165 2006 5203; x_wconf 89' lang='lat' dir='ltr'><strong>seu</strong></span> <span class='ocrx_word' id='word_1_712' title='bbox 2057 5150 2258 5218; x_wconf 80' lang='lat' dir='ltr'><strong>magis,</strong></span> 
     </span>
    </p>
   </div>
   <div class='ocr_carea' id='block_1_101' title="bbox 689 5242 2262 5320">
    <p class='ocr_par' dir='ltr' id='par_1_101' title="bbox 689 5242 2262 5320">
     <span class='ocr_line' id='line_1_101' title="bbox 689 5242 2262 5320; baseline -0.006 -18"><span class='ocrx_word' id='word_1_713' title='bbox 689 5250 833 5320; x_wconf 91' lang='lat' dir='ltr'><strong>quod</strong></span> <span class='ocrx_word' id='word_1_714' title='bbox 879 5263 979 5316; x_wconf 86' lang='lat' dir='ltr'><strong>ego</strong></span> <span class='ocrx_word' id='word_1_715' title='bbox 1027 5261 1265 5316; x_wconf 71' lang='lat' dir='ltr'><strong>praesens</strong></span> <span class='ocrx_word' id='word_1_716' title='bbox 1315 5243 1548 5296; x_wconf 83' lang='lat' dir='ltr'><strong>fuerim:</strong></span> <span class='ocrx_word' id='word_1_717' title='bbox 1583 5242 1795 5312; x_wconf 77' lang='lat' dir='ltr'><strong>ipsique</strong></span> <span class='ocrx_word' id='word_1_718' title='bbox 1831 5242 2087 5303; x_wconf 88' lang='lat' dir='ltr'><strong>vicissim,</strong></span> <span class='ocrx_word' id='word_1_719' title='bbox 2142 5255 2262 5308; x_wconf 64' lang='lat' dir='ltr'><strong>qua:</strong></span> 
     </span>
    </p>
   </div>
   <div class='ocr_carea' id='block_1_102' title="bbox 695 5329 2262 5400">
    <p class='ocr_par' dir='ltr' id='par_1_102' title="bbox 695 5329 2262 5400">
     <span class='ocr_line' id='line_1_102' title="bbox 695 5329 2262 5400; baseline -0.007 -7"><span class='ocrx_word' id='word_1_720' title='bbox 695 5347 822 5394; x_wconf 73' lang='lat' dir='ltr'><strong>sant</strong></span> <span class='ocrx_word' id='word_1_721' title='bbox 853 5337 1084 5390; x_wconf 82' lang='lat' dir='ltr'><strong>ﬁliorum</strong></span> <span class='ocrx_word' id='word_1_722' title='bbox 1115 5349 1177 5386; x_wconf 85' lang='lat' dir='ltr'><strong>ac</strong></span> <span class='ocrx_word' id='word_1_723' title='bbox 1200 5330 1567 5395; x_wconf 85' lang='lat' dir='ltr'><strong>subditorum,</strong></span> <span class='ocrx_word' id='word_1_724' title='bbox 1608 5329 1936 5400; x_wconf 68' lang='lat' dir='ltr'><strong>praestabunt</strong></span> <span class='ocrx_word' id='word_1_725' title='bbox 1970 5331 2086 5384; x_wconf 86' lang='lat' dir='ltr'><strong>tibi.</strong></span> <span class='ocrx_word' id='word_1_726' title='bbox 2123 5331 2262 5384; x_wconf 77' lang='lat' dir='ltr'><strong>Con-</strong></span> 
     </span>
    </p>
   </div>
   <div class='ocr_carea' id='block_1_103' title="bbox 688 5421 2261 5501">
    <p class='ocr_par' dir='ltr' id='par_1_103' title="bbox 688 5421 2261 5501">
     <span class='ocr_line' id='line_1_103' title="bbox 688 5421 2261 5501; baseline -0.007 -16"><span class='ocrx_word' id='word_1_727' title='bbox 688 5445 882 5501; x_wconf 81' lang='lat' dir='ltr'><strong>gruum</strong></span> <span class='ocrx_word' id='word_1_728' title='bbox 923 5427 1019 5482; x_wconf 92' lang='lat' dir='ltr'><strong>tibi</strong></span> <span class='ocrx_word' id='word_1_729' title='bbox 1075 5425 1274 5478; x_wconf 90' lang='lat' dir='ltr'><strong>cultum</strong></span> <span class='ocrx_word' id='word_1_730' title='bbox 1315 5439 1411 5478; x_wconf 86' lang='lat' dir='ltr'><strong>ceu</strong></span> <span class='ocrx_word' id='word_1_731' title='bbox 1471 5422 1626 5475; x_wconf 77' lang='lat' dir='ltr'><strong>Matri</strong></span> <span class='ocrx_word' id='word_1_732' title='bbox 1675 5421 1887 5474; x_wconf 88' lang='lat' dir='ltr'><strong>Domini</strong></span> <span class='ocrx_word' id='word_1_733' title='bbox 1928 5422 2008 5473; x_wconf 91' lang='lat' dir='ltr'><strong>sui</strong></span> <span class='ocrx_word' id='word_1_734' title='bbox 2055 5421 2261 5489; x_wconf 88' lang='lat' dir='ltr'><strong>persol-</strong></span> 
     </span>
    </p>
   </div>
   <div class='ocr_carea' id='block_1_104' title="bbox 690 5515 2259 5592">
    <p class='ocr_par' dir='ltr' id='par_1_104' title="bbox 690 5515 2259 5592">
     <span class='ocr_line' id='line_1_104' title="bbox 690 5515 2259 5592; baseline -0.008 -12"><span class='ocrx_word' id='word_1_735' title='bbox 690 5533 849 5592; x_wconf 87' lang='lat' dir='ltr'><strong>vent;</strong></span> <span class='ocrx_word' id='word_1_736' title='bbox 871 5533 928 5575; x_wconf 89' lang='lat' dir='ltr'><strong>ut</strong></span> <span class='ocrx_word' id='word_1_737' title='bbox 960 5535 1053 5589; x_wconf 89' lang='lat' dir='ltr'><strong>per</strong></span> <span class='ocrx_word' id='word_1_738' title='bbox 1080 5533 1243 5586; x_wconf 91' lang='lat' dir='ltr'><strong>quam</strong></span> <span class='ocrx_word' id='word_1_739' title='bbox 1275 5531 1375 5584; x_wconf 82' lang='lat' dir='ltr'><strong>ego</strong></span> <span class='ocrx_word' id='word_1_740' title='bbox 1406 5515 1472 5568; x_wconf 90' lang='lat' dir='ltr'><strong>ad</strong></span> <span class='ocrx_word' id='word_1_741' title='bbox 1496 5529 1590 5570; x_wconf 90' lang='lat' dir='ltr'><strong>eos</strong></span> <span class='ocrx_word' id='word_1_742' title='bbox 1622 5515 1894 5579; x_wconf 85' lang='lat' dir='ltr'><strong>venerim;</strong></span> <span class='ocrx_word' id='word_1_743' title='bbox 1927 5525 1980 5566; x_wconf 93' lang='lat' dir='ltr'><strong>ut</strong></span> <span class='ocrx_word' id='word_1_744' title='bbox 2009 5529 2167 5581; x_wconf 89' lang='lat' dir='ltr'><strong>quam</strong></span> <span class='ocrx_word' id='word_1_745' title='bbox 2194 5515 2259 5567; x_wconf 86' lang='lat' dir='ltr'><strong>ad</strong></span> 
     </span>
    </p>
   </div>
   <div class='ocr_carea' id='block_1_105' title="bbox 688 5607 2260 5676">
    <p class='ocr_par' dir='ltr' id='par_1_105' title="bbox 688 5607 2260 5676">
     <span class='ocr_line' id='line_1_105' title="bbox 688 5607 2260 5676; baseline -0.007 -4"><span class='ocrx_word' id='word_1_746' title='bbox 688 5632 779 5673; x_wconf 91' lang='lat' dir='ltr'><strong>me</strong></span> <span class='ocrx_word' id='word_1_747' title='bbox 833 5612 1201 5669; x_wconf 82' lang='lat' dir='ltr'><strong>mediatricem</strong></span> <span class='ocrx_word' id='word_1_748' title='bbox 1274 5608 1461 5662; x_wconf 80' lang='lat' dir='ltr'><strong>faciles</strong></span> <span class='ocrx_word' id='word_1_749' title='bbox 1533 5610 1938 5676; x_wconf 85' lang='lat' dir='ltr'><strong>impetraturam</strong></span> <span class='ocrx_word' id='word_1_750' title='bbox 2016 5607 2260 5661; x_wconf 85' lang='lat' dir='ltr'><strong>inducias</strong></span> 
     </span>
    </p>
   </div>
   <div class='ocr_carea' id='block_1_106' title="bbox 690 5711 1007 5764">
    <p class='ocr_par' dir='ltr' id='par_1_106' title="bbox 690 5711 1007 5764">
     <span class='ocr_line' id='line_1_106' title="bbox 690 5711 1007 5764; baseline -0.019 0"><span class='ocrx_word' id='word_1_751' title='bbox 690 5711 948 5764; x_wconf 77' lang='lat' dir='ltr'><strong>habeant.</strong></span> <span class='ocrx_word' id='word_1_752' title='bbox 989 5725 1007 5758; x_wconf 76' lang='grc' dir='ltr'><strong>ι</strong></span> 
     </span>
    </p>
   </div>
   <div class='ocr_carea' id='block_1_107' title="bbox 763 5793 2262 5864">
    <p class='ocr_par' dir='ltr' id='par_1_107' title="bbox 763 5793 2262 5864">
     <span class='ocr_line' id='line_1_107' title="bbox 763 5793 2262 5864; baseline -0.009 -8"><span class='ocrx_word' id='word_1_753' title='bbox 763 5805 896 5858; x_wconf 77' lang='lat' dir='ltr'><strong>Cum</strong></span> <span class='ocrx_word' id='word_1_754' title='bbox 924 5802 1000 5855; x_wconf 77' lang='lat' dir='ltr'><strong>sic</strong></span> <span class='ocrx_word' id='word_1_755' title='bbox 1033 5814 1160 5864; x_wconf 73' lang='lat' dir='ltr'><strong>ergo</strong></span> <span class='ocrx_word' id='word_1_756' title='bbox 1199 5795 1423 5852; x_wconf 72' lang='lat' dir='ltr'><strong>Matrem</strong></span> <span class='ocrx_word' id='word_1_757' title='bbox 1461 5795 1653 5852; x_wconf 84' lang='lat' dir='ltr'><strong>blande</strong></span> <span class='ocrx_word' id='word_1_758' title='bbox 1683 5794 2076 5860; x_wconf 54' lang='lat' dir='ltr'><strong>co&#39;t&#39;pvllussel,</strong></span> <span class='ocrx_word' id='word_1_759' title='bbox 2109 5793 2262 5847; x_wconf 67' lang='lat' dir='ltr'><strong>distri-</strong></span> 
     </span>
    </p>
   </div>
   <div class='ocr_carea' id='block_1_108' title="bbox 2365 4607 3957 4679">
    <p class='ocr_par' dir='ltr' id='par_1_108' title="bbox 2365 4607 3957 4679">
     <span class='ocr_line' id='line_1_108' title="bbox 2365 4607 3957 4679; baseline 0.004 -20"><span class='ocrx_word' id='word_1_760' title='bbox 2365 4608 2603 4669; x_wconf 74' lang='grc' dir='ltr'>καὶτοῖς</span> <span class='ocrx_word' id='word_1_761' title='bbox 2655 4607 2784 4676; x_wconf 75' lang='grc' dir='ltr'>περὶ</span> <span class='ocrx_word' id='word_1_762' title='bbox 2831 4607 2993 4659; x_wconf 82' lang='grc' dir='ltr'>αὐτὸν</span> <span class='ocrx_word' id='word_1_763' title='bbox 3043 4609 3302 4671; x_wconf 84' lang='grc' dir='ltr'>συνοῦσα,</span> <span class='ocrx_word' id='word_1_764' title='bbox 3342 4608 3724 4679; x_wconf 79' lang='grc' dir='ltr'>διαναπλήρου</span> <span class='ocrx_word' id='word_1_765' title='bbox 3765 4613 3957 4667; x_wconf 79' lang='grc' dir='ltr'>τόπον.</span> 
     </span>
    </p>
   </div>
   <div class='ocr_carea' id='block_1_109' title="bbox 2365 4698 3958 4769">
    <p class='ocr_par' dir='ltr' id='par_1_109' title="bbox 2365 4698 3958 4769">
     <span class='ocr_line' id='line_1_109' title="bbox 2365 4698 3958 4769; baseline 0.001 -17"><span class='ocrx_word' id='word_1_766' title='bbox 2365 4700 2458 4752; x_wconf 78' lang='grc' dir='ltr'><strong>Σοὶ</strong></span> <span class='ocrx_word' id='word_1_767' title='bbox 2517 4699 2625 4768; x_wconf 74' lang='grc' dir='ltr'>γὰρ</span> <span class='ocrx_word' id='word_1_768' title='bbox 2667 4698 2735 4750; x_wconf 88' lang='grc' dir='ltr'><strong>δι’</strong></span> <span class='ocrx_word' id='word_1_769' title='bbox 2766 4698 2932 4751; x_wconf 73' lang='grc' dir='ltr'>αὑτοῦ</span> <span class='ocrx_word' id='word_1_770' title='bbox 2980 4699 3076 4751; x_wconf 76' lang='grc' dir='ltr'><strong>καὶ</strong></span> <span class='ocrx_word' id='word_1_771' title='bbox 3133 4699 3263 4761; x_wconf 81' lang='grc' dir='ltr'>τοὺς</span> <span class='ocrx_word' id='word_1_772' title='bbox 3316 4698 3538 4761; x_wconf 80' lang='grc' dir='ltr'>λοιποὺς</span> <span class='ocrx_word' id='word_1_773' title='bbox 3589 4702 3958 4769; x_wconf 69' lang='grc' dir='ltr'>παρατεθημι</span> 
     </span>
    </p>
   </div>
   <div class='ocr_carea' id='block_1_110' title="bbox 2366 4788 3956 4864">
    <p class='ocr_par' dir='ltr' id='par_1_110' title="bbox 2366 4788 3956 4864">
     <span class='ocr_line' id='line_1_110' title="bbox 2366 4788 3956 4864; baseline 0.001 -22"><span class='ocrx_word' id='word_1_774' title='bbox 2366 4789 2650 4859; x_wconf 83' lang='grc' dir='ltr'>μαθητάς·</span> <span class='ocrx_word' id='word_1_775' title='bbox 2686 4790 2783 4842; x_wconf 83' lang='grc' dir='ltr'><strong>καὶ</strong></span> <span class='ocrx_word' id='word_1_776' title='bbox 2816 4790 2899 4858; x_wconf 79' lang='grc' dir='ltr'><strong>ἐφ’</strong></span> <span class='ocrx_word' id='word_1_777' title='bbox 2923 4790 3047 4842; x_wconf 73' lang='grc' dir='ltr'>ὅσον</span> <span class='ocrx_word' id='word_1_778' title='bbox 3088 4788 3356 4859; x_wconf 84' lang='grc' dir='ltr'>βούλομαί</span> <span class='ocrx_word' id='word_1_779' title='bbox 3397 4807 3454 4842; x_wconf 93' lang='grc' dir='ltr'><strong>τε</strong></span> <span class='ocrx_word' id='word_1_780' title='bbox 3495 4789 3609 4861; x_wconf 57' lang='lat' dir='ltr'><strong>[Ion</strong></span> <span class='ocrx_word' id='word_1_781' title='bbox 3642 4791 3733 4864; x_wconf 84' lang='grc' dir='ltr'>σε]</span> <span class='ocrx_word' id='word_1_782' title='bbox 3777 4799 3956 4846; x_wconf 62' lang='grc' dir='ltr'>συνεῖ-</span> 
     </span>
    </p>
   </div>
   <div class='ocr_carea' id='block_1_111' title="bbox 2364 4879 3956 4950">
    <p class='ocr_par' dir='ltr' id='par_1_111' title="bbox 2364 4879 3956 4950">
     <span class='ocr_line' id='line_1_111' title="bbox 2364 4879 3956 4950; baseline 0 -18"><span class='ocrx_word' id='word_1_783' title='bbox 2364 4898 2451 4932; x_wconf 87' lang='grc' dir='ltr'><strong>ναι</strong></span> <span class='ocrx_word' id='word_1_784' title='bbox 2483 4879 2718 4942; x_wconf 84' lang='grc' dir='ltr'>τούτοις,</span> <span class='ocrx_word' id='word_1_785' title='bbox 2759 4880 2857 4931; x_wconf 79' lang='grc' dir='ltr'><strong>καὶ</strong></span> <span class='ocrx_word' id='word_1_786' title='bbox 2887 4881 2945 4932; x_wconf 77' lang='grc' dir='ltr'>ἐν</span> <span class='ocrx_word' id='word_1_787' title='bbox 2990 4879 3068 4947; x_wconf 81' lang='grc' dir='ltr'><strong>τῷ</strong></span> <span class='ocrx_word' id='word_1_788' title='bbox 3090 4880 3190 4948; x_wconf 83' lang='grc' dir='ltr'><strong>βίῳ</strong></span> <span class='ocrx_word' id='word_1_789' title='bbox 3217 4879 3507 4941; x_wconf 84' lang='grc' dir='ltr'>διατελεῖν,</span> <span class='ocrx_word' id='word_1_790' title='bbox 3532 4880 3632 4948; x_wconf 73' lang='grc' dir='ltr'>τῆς</span> <span class='ocrx_word' id='word_1_791' title='bbox 3675 4885 3956 4950; x_wconf 56' lang='grc' dir='ltr'>σαρκικῇ</span> 
     </span>
    </p>
   </div>
   <div class='ocr_carea' id='block_1_112' title="bbox 2367 4969 3954 5042">
    <p class='ocr_par' dir='ltr' id='par_1_112' title="bbox 2367 4969 3954 5042">
     <span class='ocr_line' id='line_1_112' title="bbox 2367 4969 3954 5042; baseline 0.004 -20"><span class='ocrx_word' id='word_1_792' title='bbox 2367 4988 2468 5040; x_wconf 81' lang='grc' dir='ltr'><strong>μου</strong></span> <span class='ocrx_word' id='word_1_793' title='bbox 2508 4969 2814 5042; x_wconf 80' lang='grc' dir='ltr'>παρουσίας</span> <span class='ocrx_word' id='word_1_794' title='bbox 2866 4971 2965 5040; x_wconf 78' lang='grc' dir='ltr'><strong>τὴν</strong></span> <span class='ocrx_word' id='word_1_795' title='bbox 3012 4971 3221 5022; x_wconf 83' lang='grc' dir='ltr'>οἰκείαν</span> <span class='ocrx_word' id='word_1_796' title='bbox 3296 4971 3480 5033; x_wconf 72' lang='grc' dir='ltr'>αὐτοῖς</span> <span class='ocrx_word' id='word_1_797' title='bbox 3529 4973 3954 5042; x_wconf 70' lang='grc' dir='ltr'>ἁντιπαρέχοις.</span> 
     </span>
    </p>
   </div>
   <div class='ocr_carea' id='block_1_113' title="bbox 2366 5061 3959 5132">
    <p class='ocr_par' dir='ltr' id='par_1_113' title="bbox 2366 5061 3959 5132">
     <span class='ocr_line' id='line_1_113' title="bbox 2366 5061 3959 5132; baseline 0 -17"><span class='ocrx_word' id='word_1_798' title='bbox 2366 5064 2531 5115; x_wconf 89' lang='grc' dir='ltr'>Γένου</span> <span class='ocrx_word' id='word_1_799' title='bbox 2562 5063 2662 5131; x_wconf 84' lang='grc' dir='ltr'>μὲν</span> <span class='ocrx_word' id='word_1_800' title='bbox 2686 5063 2895 5125; x_wconf 79' lang='grc' dir='ltr'>αὐτοῖς,</span> <span class='ocrx_word' id='word_1_801' title='bbox 2925 5063 3026 5114; x_wconf 80' lang='grc' dir='ltr'><strong>ὅσα</strong></span> <span class='ocrx_word' id='word_1_802' title='bbox 3063 5061 3306 5131; x_wconf 83' lang='grc' dir='ltr'>μητράσι</span> <span class='ocrx_word' id='word_1_803' title='bbox 3334 5063 3470 5132; x_wconf 77' lang='grc' dir='ltr'>πρὸς</span> <span class='ocrx_word' id='word_1_804' title='bbox 3503 5065 3655 5125; x_wconf 76' lang='grc' dir='ltr'>υἱοὺς</span> <span class='ocrx_word' id='word_1_805' title='bbox 3689 5067 3959 5131; x_wconf 71' lang='grc' dir='ltr'>γενέσθαι</span> 
     </span>
    </p>
   </div>
   <div class='ocr_carea' id='block_1_114' title="bbox 2362 5152 3958 5224">
    <p class='ocr_par' dir='ltr' id='par_1_114' title="bbox 2362 5152 3958 5224">
     <span class='ocr_line' id='line_1_114' title="bbox 2362 5152 3958 5224; baseline 0.004 -20"><span class='ocrx_word' id='word_1_806' title='bbox 2362 5153 2612 5222; x_wconf 80' lang='grc' dir='ltr'>πέφυκε·</span> <span class='ocrx_word' id='word_1_807' title='bbox 2669 5153 2872 5223; x_wconf 79' lang='grc' dir='ltr'>μᾶλλον</span> <span class='ocrx_word' id='word_1_808' title='bbox 2906 5153 2985 5217; x_wconf 81' lang='grc' dir='ltr'>δὲ,</span> <span class='ocrx_word' id='word_1_809' title='bbox 3025 5153 3124 5206; x_wconf 80' lang='grc' dir='ltr'>ὃσα</span> <span class='ocrx_word' id='word_1_810' title='bbox 3170 5152 3284 5220; x_wconf 67' lang='grc' dir='ltr'><strong>ἐγὼ</strong></span> <span class='ocrx_word' id='word_1_811' title='bbox 3317 5154 3623 5224; x_wconf 72' lang='grc' dir='ltr'>συμπαρών</span> <span class='ocrx_word' id='word_1_812' title='bbox 3651 5170 3666 5184; x_wconf 76' lang='grc' dir='ltr'><strong>ο</strong></span> <span class='ocrx_word' id='word_1_813' title='bbox 3704 5158 3876 5209; x_wconf 68' lang='grc' dir='ltr'>αὐτοὶ</span> <span class='ocrx_word' id='word_1_814' title='bbox 3901 5158 3958 5211; x_wconf 67' lang='grc' dir='ltr'>δὲ</span> 
     </span>
    </p>
   </div>
   <div class='ocr_carea' id='block_1_115' title="bbox 2361 5244 3954 5314">
    <p class='ocr_par' dir='ltr' id='par_1_115' title="bbox 2361 5244 3954 5314">
     <span class='ocr_line' id='line_1_115' title="bbox 2361 5244 3954 5314; baseline 0.002 -17"><span class='ocrx_word' id='word_1_815' title='bbox 2361 5245 2430 5297; x_wconf 76' lang='grc' dir='ltr'><strong>τὰ</strong></span> <span class='ocrx_word' id='word_1_816' title='bbox 2468 5246 2576 5298; x_wconf 88' lang='grc' dir='ltr'><strong>τῶν</strong></span> <span class='ocrx_word' id='word_1_817' title='bbox 2607 5244 2740 5296; x_wconf 84' lang='grc' dir='ltr'>υἱῶν</span> <span class='ocrx_word' id='word_1_818' title='bbox 2765 5246 2861 5298; x_wconf 78' lang='grc' dir='ltr'>καὶ</span> <span class='ocrx_word' id='word_1_819' title='bbox 2889 5244 3149 5313; x_wconf 81' lang='grc' dir='ltr'>ὑπηκόων</span> <span class='ocrx_word' id='word_1_820' title='bbox 3200 5247 3282 5296; x_wconf 66' lang='grc' dir='ltr'><strong>σοὶ</strong></span> <span class='ocrx_word' id='word_1_821' title='bbox 3312 5247 3658 5314; x_wconf 77' lang='grc' dir='ltr'>γενήσονται.</span> <span class='ocrx_word' id='word_1_822' title='bbox 3703 5248 3954 5311; x_wconf 73' lang='grc' dir='ltr'>Ἀξιόλο-</span> 
     </span>
    </p>
   </div>
   <div class='ocr_carea' id='block_1_116' title="bbox 2361 5333 3960 5404">
    <p class='ocr_par' dir='ltr' id='par_1_116' title="bbox 2361 5333 3960 5404">
     <span class='ocr_line' id='line_1_116' title="bbox 2361 5333 3960 5404; baseline 0.002 -16"><span class='ocrx_word' id='word_1_823' title='bbox 2361 5337 2458 5404; x_wconf 85' lang='grc' dir='ltr'><strong>γόν</strong></span> <span class='ocrx_word' id='word_1_824' title='bbox 2486 5354 2569 5388; x_wconf 93' lang='grc' dir='ltr'><strong>σοι</strong></span> <span class='ocrx_word' id='word_1_825' title='bbox 2596 5337 2657 5388; x_wconf 85' lang='grc' dir='ltr'><strong>τὸ</strong></span> <span class='ocrx_word' id='word_1_826' title='bbox 2695 5336 2884 5399; x_wconf 76' lang='grc' dir='ltr'>σέϐας,</span> <span class='ocrx_word' id='word_1_827' title='bbox 2934 5336 3012 5399; x_wconf 84' lang='grc' dir='ltr'>ὡς</span> <span class='ocrx_word' id='word_1_828' title='bbox 3056 5333 3152 5388; x_wconf 86' lang='grc' dir='ltr'><strong>τοῦ</strong></span> <span class='ocrx_word' id='word_1_829' title='bbox 3196 5335 3402 5389; x_wconf 87' lang='grc' dir='ltr'>οίκείου</span> <span class='ocrx_word' id='word_1_830' title='bbox 3448 5337 3728 5388; x_wconf 78' lang='grc' dir='ltr'>Δεσπὸτου</span> <span class='ocrx_word' id='word_1_831' title='bbox 3764 5342 3960 5391; x_wconf 74' lang='grc' dir='ltr'>ἀποτί-</span> 
     </span>
    </p>
   </div>
   <div class='ocr_carea' id='block_1_117' title="bbox 2364 5427 3956 5499">
    <p class='ocr_par' dir='ltr' id='par_1_117' title="bbox 2364 5427 3956 5499">
     <span class='ocr_line' id='line_1_117' title="bbox 2364 5427 3956 5499; baseline 0 -17"><span class='ocrx_word' id='word_1_832' title='bbox 2364 5446 2518 5482; x_wconf 80' lang='grc' dir='ltr'>σουσι</span> <span class='ocrx_word' id='word_1_833' title='bbox 2578 5429 2788 5499; x_wconf 72' lang='grc' dir='ltr'>Μητρὶ,</span> <span class='ocrx_word' id='word_1_834' title='bbox 2829 5430 2905 5489; x_wconf 78' lang='grc' dir='ltr'>ὡς</span> <span class='ocrx_word' id='word_1_835' title='bbox 2937 5428 3027 5481; x_wconf 75' lang='grc' dir='ltr'>διὰ</span> <span class='ocrx_word' id='word_1_836' title='bbox 3076 5427 3170 5480; x_wconf 85' lang='grc' dir='ltr'><strong>σοῦ</strong></span> <span class='ocrx_word' id='word_1_837' title='bbox 3235 5428 3446 5491; x_wconf 77' lang='grc' dir='ltr'>τούτοις</span> <span class='ocrx_word' id='word_1_838' title='bbox 3499 5427 3956 5498; x_wconf 46' lang='lat' dir='ltr'><strong>stirpis-12:6;</strong></span> 
     </span>
    </p>
   </div>
   <div class='ocr_carea' id='block_1_118' title="bbox 2365 5517 3955 5592">
    <p class='ocr_par' dir='ltr' id='par_1_118' title="bbox 2365 5517 3955 5592">
     <span class='ocr_line' id='line_1_118' title="bbox 2365 5517 3955 5592; baseline -0.001 -18"><span class='ocrx_word' id='word_1_839' title='bbox 2365 5538 2492 5592; x_wconf 85' lang='grc' dir='ltr'>μου,</span> <span class='ocrx_word' id='word_1_840' title='bbox 2536 5520 2641 5573; x_wconf 71' lang='grc' dir='ltr'><strong>καὶ</strong></span> <span class='ocrx_word' id='word_1_841' title='bbox 2683 5520 2964 5590; x_wconf 83' lang='grc' dir='ltr'>μεσιτείαν</span> <span class='ocrx_word' id='word_1_842' title='bbox 3000 5536 3060 5573; x_wconf 91' lang='grc' dir='ltr'><strong>σε</strong></span> <span class='ocrx_word' id='word_1_843' title='bbox 3109 5519 3248 5591; x_wconf 81' lang='grc' dir='ltr'>πρός</span> <span class='ocrx_word' id='word_1_844' title='bbox 3297 5535 3367 5586; x_wconf 80' lang='grc' dir='ltr'><strong>με</strong></span> <span class='ocrx_word' id='word_1_845' title='bbox 3402 5517 3804 5573; x_wconf 73' lang='grc' dir='ltr'>εὐδιάλλακτον</span> <span class='ocrx_word' id='word_1_846' title='bbox 3853 5522 3955 5573; x_wconf 63' lang='grc' dir='ltr'><strong>αὖ-</strong></span> 
     </span>
    </p>
   </div>
   <div class='ocr_carea' id='block_1_119' title="bbox 2361 5613 2889 5683">
    <p class='ocr_par' dir='ltr' id='par_1_119' title="bbox 2361 5613 2889 5683">
     <span class='ocr_line' id='line_1_119' title="bbox 2361 5613 2889 5683; baseline -0.004 -17"><span class='ocrx_word' id='word_1_847' title='bbox 2361 5613 2445 5666; x_wconf 75' lang='grc' dir='ltr'><strong>τοὶ</strong></span> <span class='ocrx_word' id='word_1_848' title='bbox 2475 5613 2829 5683; x_wconf 84' lang='grc' dir='ltr'>κεκτημένοι.</span> <span class='ocrx_word' id='word_1_849' title='bbox 2871 5632 2889 5664; x_wconf 77' lang='grc' dir='ltr'><strong>ι</strong></span> 
     </span>
    </p>
   </div>
   <div class='ocr_carea' id='block_1_120' title="bbox 2436 5789 3949 5864">
    <p class='ocr_par' dir='ltr' id='par_1_120' title="bbox 2436 5789 3949 5864">
     <span class='ocr_line' id='line_1_120' title="bbox 2436 5789 3949 5864; baseline 0.001 -21"><span class='ocrx_word' id='word_1_850' title='bbox 2436 5789 2595 5845; x_wconf 71' lang='grc' dir='ltr'><strong>Οὕτω</strong></span> <span class='ocrx_word' id='word_1_851' title='bbox 2625 5790 2807 5845; x_wconf 81' lang='grc' dir='ltr'>τοίνυν</span> <span class='ocrx_word' id='word_1_852' title='bbox 2840 5791 3101 5854; x_wconf 77' lang='grc' dir='ltr'>ἐπιεικῶς</span> <span class='ocrx_word' id='word_1_853' title='bbox 3153 5794 3216 5861; x_wconf 77' lang='grc' dir='ltr'><strong>τῇ</strong></span> <span class='ocrx_word' id='word_1_854' title='bbox 3259 5791 3446 5862; x_wconf 74' lang='grc' dir='ltr'>Μητρὶ</span> <span class='ocrx_word' id='word_1_855' title='bbox 3501 5789 3949 5864; x_wconf 70' lang='grc' dir='ltr'>προσομιλήοες,</span> 
     </span>
    </p>
   </div>
  </div>
