4166 6440
181 420 323 489 1489

853 423 937 484 ΙΝ
978 424 1081 485 SS.
1124 422 1389 482 MARI/E
1427 417 1985 481 ASSISTENTIAM
2027 418 2107 477 IN
2148 416 2561 490 SEPULCRO,
2601 414 2760 475 ETC.

3337 408 3472 474 1490

179 538 294 590 τῶν
329 534 676 606 ἀτιμοτάτων
732 534 1062 607 ἀπηλλάγην
1118 535 1331 590 παθῶν.
1371 534 1519 589 Φιλῶ
1560 551 1657 588 σου
1689 534 1779 587 τὸν

1899 532 2172 589 tassiones
2209 541 2352 595 tuas,
2383 544 2479 598 per
2504 543 2642 598 quas
2664 527 2934 581 liberatus
2956 524 3029 578 l’ui
3061 540 3089 577 a
3130 524 3476 595 passiunibus

183 628 445 702 σταυρὸν,
499 628 568 683 δι’
622 622 685 682 οὗ
722 627 823 699 τὴν
850 627 994 701 ἐμὴν
1041 628 1408 693 κατεδίκασας
1459 628 1773 700 ἁμαρτίαν·

181 722 253 776 δι’
304 715 367 776 οὗ
416 721 518 793 τῆς
571 721 666 775 τοῦ
722 721 959 776 θανάτου
990 738 1057 790 με
1108 721 1407 789 καταδίκης
1458 719 1773 790 ἠλευθέρω-

184 832 309 879 σας.
358 814 506 868 Φιλῶ
568 816 696 878 τοὺς
752 814 919 887 ῆλους
975 814 1258 877 ἐκείνους,
1320 813 1386 866 δι’
1437 805 1515 865 ὧν
1571 812 1632 866 τὸ
1678 811 1776 881 τῆς

182 910 327 980 ἀρᾶς
372 905 770 978 ἐξεμόχλευσας
805 907 1100 977 ἐπιτίμιον.
1133 904 1282 959 Φιλῶ
1330 906 1430 968 τὰς
1456 905 1780 975 διατρήσεις

183 1001 297 1054 τῶν
330 1000 530 1069 μελῶν,
570 999 639 1053 δι’
675 992 751 1053 ὧν
797 1000 869 1053 τά
918 1000 1020 1070 τῆς
1062 998 1202 1069 ἐμῆς
1238 997 1528 1070 παρακοῆς
1582 995 1780 1067 ἐθερα-

188 1094 363 1162 πεύθη
394 1092 707 1165 τραύματα.
734 1093 879 1145 Φιλῶ
904 1091 996 1144 τὸν
1030 1090 1299 1161 κάλαμον,
1342 1089 1409 1143 δι’
1465 1082 1528 1143 οὗ
1566 1106 1658 1161 μοι
1682 1089 1783 1159 τὴν

185 1185 505 1254 ἐλευθερίαν
534 1182 860 1253 ὑπέγραψας
887 1199 899 1213 ο
933 1182 1001 1235 δι’
1035 1176 1098 1235 οὗ
1127 1180 1225 1252 τὴν
1249 1180 1495 1246 ἀλαζόνα
1522 1180 1617 1234 τοῦ
1652 1179 1784 1250 δρά-

186 1293 378 1339 κοντος
429 1276 839 1345 ἐτραυμάτισας
872 1275 1137 1343 κεφαλήν.
1194 1273 1341 1327 Φιλῶ
1390 1272 1482 1326 τὸν
1539 1273 1782 1341 σπόγγον

184 1371 282 1424 τὸν
302 1375 412 1433 τοῖς
442 1370 735 1441 ἀχράντοις
769 1386 865 1422 σου
914 1366 1348 1439 προσενεχθέντα
1377 1367 1604 1436 χείλεσι,
1637 1358 1782 1419 δι’οὗ

194 1478 288 1529 μοι
311 1462 371 1513 τὸ
396 1460 496 1529 τῆς
546 1457 915 1529 παραϐάσεως
944 1457 1144 1528 πικρὸν
1202 1460 1283 1521 εἰς
1312 1456 1628 1526 γλυκύτητα
1660 1471 1786 1524 μετ-

190 1549 526 1621 εσκευάσθη.
563 1549 653 1612 Ὠς
693 1548 921 1619 ἡδίστης
959 1547 1026 1600 ἂν
1072 1549 1172 1617 τῆς
1199 1547 1363 1617 χολῆς
1385 1544 1785 1613 ἀπεγευσάμην

191 1642 395 1713 esset);
420 1658 434 1671 ο
457 1642 534 1706 ὡς
563 1641 899 1711 εὐφροσύνου
924 1640 991 1695 ἂν
1014 1639 1108 1694 τοῦ
1128 1638 1287 1706 ὄξους
1320 1635 1622 1708 μετέλαϐον
1665 1635 1786 1688 στό-

196 1752 400 1808 ματος·
471 1737 548 1800 ὼς
602 1735 874 1807 βασίλειον
934 1735 1001 1789 ἂν
1053 1734 1314 1805 διάδημα,
1355 1733 1449 1786 τὸν
1497 1729 1786 1786 ἀκάνθινον

194 1828 534 1899 περιεθὲμην
579 1829 887 1898 στέφανον’
940 1827 1017 1889 ὡς
1070 1826 1321 1895 διαυγέσι
1389 1823 1785 1895 μαργαρίταις,

196 1926 309 1985 τοῖς
355 1922 745 1992 ὲμπτύσμασιν
788 1922 855 1975 ἂν
909 1920 1414 1990 ἐκαλλωπισάμην·
1450 1919 1526 1981 ὡς
1557 1916 1787 1988 ὑπερτί-

201 2032 325 2085 μοις
342 2018 553 2085 τιμαῖς,
571 2016 686 2077 τοῖς
720 2015 1063 2085 ὲμπαιγμοῖς
1086 2013 1152 2067 ἂν
1182 2011 1480 2081 eaeaeaqu
1505 2026 1517 2040 ·
1544 2010 1620 2074 ὡς
1650 2010 1791 2081 λαμ-

199 2106 457 2177 προτάτῳ
501 2106 717 2177 κόσμῳ,
760 2111 876 2170 τοῖς
935 2107 1274 2177 ῥαπίσμασιν
1322 2104 1389 2157 ἂν
1424 2101 1785 2174 ὲσεμνύνθην.

120 2216 127 2221 ·
198 2196 373 2249 ψιλῶν
427 2197 492 2267 δή
544 2213 627 2262 σε,
682 2196 952 2260 Δέσποτα,
997 2198 1112 2258 τοῖς
1157 2197 1271 2259 σοῖς
1304 2194 1789 2264 ὲγκαλλωπίζομαι

202 2288 423 2342 πάθεσι.
458 2288 604 2342 Φιλῶ
628 2289 728 2359 τὴν
755 2287 983 2360 λόγχην,
1030 2288 1130 2361 τὴν
1167 2287 1232 2340 τὸ
1260 2288 1394 2356 ὲμδν
1424 2286 1790 2358 χειρόγραφον

202 2375 605 2448 διαρῤήξασαν,
626 2378 727 2448 τὴν
743 2378 847 2447 τῆς
872 2378 1175 2441 ἀθανασίας
1208 2377 1393 2449 πηγὴν
1417 2375 1787 2441 διανοίξασαν.

201 2466 349 2518 Φιλῶ
379 2484 475 2520 σου
507 2469 607 2539 τὴν
639 2469 903 2539 πλευρὰν,
930 2467 991 2534 ἐξ
1019 2465 1088 2541 ἧς
1116 2472 1165 2523 oi
1193 2472 1292 2541 τῆς
1319 2469 1467 2539 ζωῆς
1509 2469 1791 2540 ὲρῤύησαν

206 2560 473 2629 ποταμοί·
502 2557 643 2633 ἑξῆς
669 2579 759 2633 μοι
776 2562 839 2615 τὸ
855 2563 1054 2617 ἀέναον
1077 2562 1177 2633 τῆς
1192 2562 1504 2633 ἀφθαρσίας
1530 2561 1790 2615 ἀνέϐλυσε

208 2651 446 2721 ῥεῖθρον.
478 2653 621 2706 Φιλῶ
666 2670 761 2706 σου
812 2655 879 2707 τὰ
932 2654 1186 2723 ἐντάφια,
1227 2655 1294 2707 δι’
1335 2650 1411 2708 ὧν
1449 2672 1518 2725 με
1557 2672 1796 2708 κατακο-

207 2743 449 2814 σμήσας,
487 2745 556 2797 τά
611 2746 711 2816 τῆς
740 2747 1010 2817 αἰσχύνης
1041 2748 1409 2818 ἀπημφίασας
1456 2748 1794 2820 περικαλύμ·

210 2847 383 2902 ματα.
419 2834 565 2887 Φιλῶ
598 2834 694 2907 τὴν
718 2837 1031 2908 ὑπὲρτιμον
1062 2836 1296 2898 σινδόνα,
1323 2835 1390 2907 ἢν
1413 2836 1793 2906 περιθέμενος,

208 2924 312 2995 τὴν
348 2926 448 2995 τῆς
485 2925 760 2992 υίοθεσίας
800 2945 868 2998 με
903 2928 1099 2998 στολὴν
1134 2927 1479 2998 περιέδαλες.
1538 2928 1681 2980 Φιλῶ
1705 2928 1796 2982 τὸν

208 3018 406 3084 τάφον.
435 3013 554 3087 ὲνῷ
580 3020 645 3072 τὸ
672 3019 772 3090 τῆς
806 3020 949 3091 ἐμῆς
976 3022 1329 3084 ἀναστάσεως
1354 3021 1795 3091 ἐκαινούργησας

213 3108 546 3178 μυστήριον·
591 3110 652 3162 ὲν
704 3104 749 3178 ᾧ
784 3128 872 3180 μοι
894 3110 994 3181 τὴν
1031 3109 1142 3163 τοῦ
1176 3109 1304 3181 lib-au
1348 3109 1797 3181 προωδοποίησας

1879 628 2055 699 plenis
2093 625 2414 695 ignominia.
2438 622 2671 679 Osculor
2714 631 2862 675 tuam
2918 634 3161 684 crucem,
3188 633 3283 687 per
3310 634 3474 688 quam

1880 719 2153 775 dantnasti
2184 728 2468 788 peccatum
2498 729 2676 770 meum
2707 731 2720 768 :
2751 728 2849 783 per
2896 727 3057 781 quant
3083 700 3117 766 ai
3172 710 3362 765 mortis
3393 726 3478 765 me

1882 810 2520 867 datnnatinneliberasti.
2561 807 2799 864 Osculor
2825 806 3007 860 clavos
3033 804 3176 869 illos,
3208 818 3306 873 per
3338 818 3477 871 quos

1885 905 2286 960 ntaledictiunis
2315 902 2607 957 cxcussisti
2641 916 2880 971 pinnam.
2914 897 3151 951 Oscnlnr
3197 898 3476 966 perforata

1885 998 2149 1061 tncmbra,
2177 1012 2273 1065 per
2296 1010 2418 1064 quae
2472 994 2854 1049 ἰιιοὺοόίειιιίιε
2905 1005 3039 1045 mete
3102 998 3292 1045 sanata
3350 997 3480 1043 sunt

1885 1090 2130 1145 vulnera.
2165 1086 2402 1143 Osculur
2431 1085 2725 1149 calamum,
2750 1100 2848 1153 per
2895 1098 3057 1153 quem
3087 1089 3300 1151 partam
3346 1080 3478 1134 mihi
3543 1076 3549 1086 “

1887 1180 2190 1235 libertatem
2224 1179 2590 1249 subscripsisti
2620 1196 2634 1245 ;
2671 1193 2766 1247 per
2790 1192 2952 1247 quem
2979 1174 3197 1245 superbi
3222 1173 3480 1228 draconis

1886 1270 2605 1344 caputattt-ivisti.Osculor
2657 1270 2940 1341 spongiam
3003 1266 3346 1323 intemeratis
3373 1267 3482 1321 tuis

1887 1368 2046 1421 labiis
2094 1366 2391 1426 admotam,
2452 1379 2550 1432 per
2594 1378 2760 1433 quant
2819 1361 2950 1415 mihi
3011 1360 3483 1430 praevaricationis

1888 1453 2193 1508 amaritudo
2231 1466 2388 1506 versa
2438 1460 2521 1505 est
2551 1454 2603 1503 in
2657 1450 3020 1505 dulcedinem.
3058 1448 3208 1503 Escae
3273 1449 3484 1503 suavis»

1888 1548 2038 1601 sima:
2085 1544 2241 1609 loco,
2294 1543 2362 1597 fel
2418 1544 2780 1613 gustavissent
2844 1562 2857 1597 :
2908 1558 3005 1597 ceu
3056 1542 3255 1597 laetitia:
3317 1557 3483 1611 pocu-

1889 1636 2024 1701 lum,
2088 1645 2299 1689 acetum
2353 1633 2657 1689 hausissent
2717 1647 2873 1687 :ceu
2935 1632 3142 1703 regium
3206 1632 3485 1697 diadema,

1891 1743 2150 1785 coronam
2186 1728 2431 1797 spineam
2464 1726 2629 1797 capiti
2683 1726 3069 1792 imposuissent
3124 1744 3139 1779 :
3181 1725 3482 1782 oblinettti-

1895 1821 1996 1875 bus
2020 1820 2193 1890 Sputis
2217 1818 2381 1873 vcllut
2409 1818 2694 1888 pellttcidis
2724 1817 3037 1888 margaritis
3066 1818 3198 1873 mihi
3251 1818 3484 1888 placuis-

1896 1922 2009 1961 sem
2040 1924 2053 1960 :
2091 1906 2457 1969 illusionibus,
2491 1921 2593 1960 ceu
2630 1906 2886 1959 maximis
2934 1906 3232 1960 honoribus
3257 1907 3482 1974 gloriam

1894 2000 2367 2053 habuissentmeu
2416 1998 2862 2067 splendidissimo
2925 2008 3146 2064 ornatu,
3177 1999 3486 2068 percussio-

1894 2093 2054 2145 nibus
2106 2092 2213 2144 tuis
2274 2091 2593 2145 honestatus
2645 2104 2845 2146 essent.
2894 2091 3158 2147 Atttanter
3211 2091 3333 2156 tibi,
3380 2092 3487 2146 Do-

1894 2187 2063 2248 mine,
2098 2186 2267 2253 ligcns
2317 2184 2487 2248 basia,
2521 2184 2629 2238 tuis
2673 2182 3016 2253 passiouibus
3040 2185 3265 2255 glorior.
3322 2187 3481 2240 Deos-

1896 2279 2050 2333 culor
2079 2277 2345 2338 lanceam,
2379 2290 2499 2345 quac
2529 2289 2707 2329 meum
2764 2274 3191 2345 chirographum
3226 2276 3484 2339 discidit;

1893 2371 2250 2440 quatientem
2302 2368 2732 2425 immortalitatis
2780 2369 3015 2439 aperuit.
3047 2368 3222 2423 Tuum
3272 2384 3487 2422 sacrum

1896 2463 2036 2517 latus
2081 2462 2405 2528 cxosculur,
2463 2478 2530 2517 ex
2588 2478 2696 2532 quo
2726 2461 2999 2518 ﬂuxerunt
3049 2462 3173 2517 vita:
3221 2461 3485 2527 ﬂumina;

1896 2571 1961 2610 ex
2010 2571 2115 2625 quo
2149 2555 2294 2626 jugis
2350 2555 2477 2609 tnihi
2536 2556 2965 2626 incorruptionis
3029 2544 3484 2610 t'ivns‘tnanatit.

1897 2644 2125 2700 Osculor
2171 2644 2511 2713 sepulcralia,
2546 2646 2746 2715 quibus
2809 2661 2895 2700 me
2957 2645 3309 2715 turpitudinis
3360 2660 3491 2699 etut-

1899 2750 2011 2794 tum
2067 2749 2247 2794 vestes
2299 2737 2587 2808 magniﬁce
2627 2739 2866 2794 vestisti.
2932 2740 3162 2794 Osculor
3208 2739 3489 2809 pretiosis-

1898 2834 2092 2888 sintant
2144 2831 2426 2886 sindouem
2459 2873 2473 2896 ,
2532 2846 2638 2900 qua
2690 2832 2987 2898 involutus,
3053 2833 3368 2903 adoptionis
3407 2847 3493 2886 me

1900 2922 2094 2976 stolam
2153 2921 2399 2976 induisti.
2437 2922 2665 2977 Osculor
2712 2921 3046 2990 sepulcrum,
3111 2924 3164 2977 in
3209 2940 3317 2994 quu
3360 2940 3493 2979 mete

1901 3013 2317 3068 resurrectionis
2355 3014 2577 3067 initiasti
2621 3013 2976 3081 mysterium;
3011 3015 3066 3069 in
3093 3029 3206 3083 quo
3252 3015 3382 3069 mihi
3422 3018 3490 3069 ad

1866 3104 2285 3176 ‘emergendum
2309 3120 2376 3159 ex
2408 3102 2622 3159 inferno
2653 3106 2797 3158 viam
2834 3104 3032 3162 fecisti.
3055 3104 3287 3161 Osculor
3342 3108 3489 3161 illum

211 3201 492 3255 ἀνάδυσιν.
522 3203 668 3256 Φιλῶ
696 3204 785 3255 τὸν
816 3202 963 3256 λίθον
991 3204 1219 3267 ἐκεῖνον,
1261 3203 1329 3255 δι’
1362 3196 1424 3254 οὗ
1455 3220 1523 3273 με
1572 3202 1668 3257 τοῦ
1705 3203 1794 3255 ἐπὶ

1903 3198 2155 3266 lapidem,
2188 3211 2286 3267 per
2315 3211 2477 3267 quem
2508 3197 2658 3267 gravi
2693 3211 2779 3251 tne
2833 3197 3048 3252 timoris
3082 3200 3273 3254 mortis
3324 3215 3494 3254 onere

212 3290 383 3359 φόόου
417 3290 511 3344 τοῦ
541 3292 775 3346 θανάτου
808 3292 1188 3365 ἀπεφόρτισας
1217 3291 1441 3362 ἄχθους.
1475 3292 1634 3362 Τιμῶ
1674 3293 1800 3353 τοὺς

211 3385 281 3452 τῇ
336 3383 671 3454 ζωοπαρόχῳ
720 3386 1291 3456 καθυπουργήσαντας
1348 3386 1518 3455 ταφῇ,
1577 3385 1653 3447 ὡς
1701 3385 1801 3455 τῆς

212 3474 474 3545 τοιαύτης
502 3477 869 3545 τετυχηκότες
896 3477 1146 3547 χάριτος.
1176 3476 1320 3529 Φιλῶ
1350 3476 1446 3540 τάς
1466 3472 1565 3547 τῆς
1595 3477 1803 3530 Τεκού-

216 3580 319 3632 σης
349 3581 408 3616 σε
438 3568 651 3635 χεῖρας,
680 3564 757 3626 ὡς
788 3565 887 3637 ὅλῃ
916 3569 981 3635 τῇ
1011 3565 1133 3636 θείᾳ
1190 3582 1286 3617 σου
1342 3566 1626 3637 οἰκονομίᾳ
1671 3567 1805 3619 καθ-

216 3660 716 3727 υπηρετησαμένης
741 3672 754 3686 ·
786 3657 862 3720 ὡς
888 3656 1079 3728 πρώην
1107 3658 1228 3728 μὲν,
1258 3660 1325 3731 τῇ
1363 3660 1507 3713 κατά
1533 3660 1627 3714 τὸν
1650 3661 1806 3715 τόκον

215 3746 556 3819 λειτουργίᾳ,
588 3748 685 3803 νῦν
721 3749 777 3803 δὲ
806 3753 872 3821 τῇ
902 3750 999 3803 τοῦ
1024 3752 1400 3823 ἐνταφιασμοῦ
1433 3753 1605 3824 μόνης
1641 3754 1809 3825 ὑπερ-

217 3841 510 3911 καμούσης
537 3843 698 3914 χρεία
719 3859 729 3870 ·
754 3843 831 3905 ὼς
851 3844 912 3896 τὸ
938 3843 1120 3914 τίμιον
1138 3844 1608 3915 ἀπαρρυσαμένας
1630 3840 1769 3916 αἷμα
1790 3864 1803 3877 ο

218 3932 295 3996 ὡς
342 3933 405 3986 τὸ
453 3935 830 4007 πανάχραντον
880 3934 1304 4008 περιστειλάσας
1353 3935 1533 4006 σῶμα.
1586 3936 1810 4001 Δοξὰξω

217 4024 285 4096 δὴ
310 4025 540 4098 ταύτην,
577 4027 654 4090 ὡς
687 4028 860 4100 μόνην
890 4027 986 4082 τοῦ
1021 4028 1296 4101 σωτηρίου
1333 4029 1595 4083 κοινωνὸν
1622 4030 1808 4100 ὀφθεῖ-

221 4135 324 4172 σαν
348 4119 586 4184 πάθους’
624 4120 700 4184 ὼς
744 4121 845 4190 τῆς
897 4122 1219 4192 εὐεργεσίας
1272 4124 1514 4195 κήρυκα,
1562 4124 1659 4177 καὶ
1709 4126 1809 4196 τῆς

220 4211 524 4276 ἀθανασίας
577 4212 1058 4285 εὐαγγελίστριαν,
1099 4215 1197 4268 καλ⁵
1244 4214 1347 4283 τῆς
1396 4215 1497 4285 σῆς
1549 4232 1808 4286 φωτοφα-

221 4304 375 4367 νείας
422 4304 705 4375 πρόξενον.
771 4304 911 4359 Ἀλλ’
949 4305 1026 4370 ὠς
1071 4308 1280 4360 ἐκεῖνον
1331 4306 1524 4380 πρώτη
1562 4308 1811 4370 κατεῖδες

222 4396 320 4449 καὶ
371 4395 731 4467 εὐηγγελίσω,
785 4397 1077 4461 Δέσποινα,
1110 4396 1257 4452 οὕτω
1307 4398 1404 4453 καὶ
1459 4398 1561 4471 τὴν
1610 4400 1812 4472 νοητὴν

222 4485 393 4540 αὐτοῦ
436 4489 666 4559 φανείης
697 4489 756 4541 ὲν
794 4492 914 4551 ταῖς
953 4489 1111 4560 ἡμῶν
1154 4490 1625 4563 εὑαγγελιουμὲνη
1674 4510 1811 4565 καρ-

1907 3289 2120 3343 levasti.
2147 3286 2368 3343 llouore
2420 3303 2514 3343 eos
2550 3305 2869 3360 prosequor,
2896 3291 2990 3359 qui
3026 3291 3258 3347 viviﬁcae
3308 3293 3493 3362 sepul-

1906 3391 2042 3437 turae
2065 3398 2289 3453 operam
2315 3383 2715 3452 impenderunt,
2751 3400 2851 3440 ccu
2894 3386 3064 3440 talent
3097 3387 3330 3455 gratiam
3363 3403 3495 3440 cutt-

1905 3486 2143 3530 secutos.
2216 3475 2448 3531 Osculor
2506 3487 2610 3532 tua:
2659 3477 2954 3534 Genitricis
3004 3494 3217 3543 manus,
3256 3488 3315 3533 ut
3372 3495 3495 3548 qua:

1908 3568 2005 3621 tuti
2065 3568 2140 3621 iili
2198 3569 2519 3623 mcottnmiaz
2602 3570 3040 3637 ministraverit;
3098 3582 3155 3625 ut
3208 3586 3328 3640 qua:
3379 3573 3494 3624 sola

1909 3673 2084 3729 nuper
2135 3659 2187 3714 in
2217 3669 2405 3728 partus
2468 3660 2755 3731 obsequio,
2788 3678 2934 3718 nunc
2990 3674 3173 3717 autem
3201 3662 3256 3716 itt
3307 3665 3497 3733 sepul-

1911 3759 2045 3804 turae
2126 3752 2341 3820 negotio
2423 3751 2795 3818 laboraverit;
2863 3769 2959 3808 ceu
3003 3769 3123 3824 qua:
3201 3757 3495 3822 pretiosum

1911 3843 2152 3899 hauserit
2204 3845 2554 3913 sanguinem;
2594 3859 2715 3915 qua:
2765 3845 3149 3901 intemeratum
3189 3861 3385 3916 corpus
3407 3851 3498 3901 ob-

1910 3937 2158 3991 volverit.
2199 3936 2363 3992 Planc
2408 3936 2460 3991 ei
2517 3937 2744 4006 gloriam
2779 3939 2973 4006 habeo,
3002 3947 3061 3993 ut
3092 3954 3212 4008 quae
3262 3940 3376 3993 sola
3411 3955 3497 3994 sa-

1912 4030 2101 4085 lutaris
2135 4030 2407 4100 passionis
2437 4031 2552 4084 visa
2574 4033 2647 4083 sit
2675 4032 2859 4099 socia;
2887 4042 2945 4086 ut
2971 4042 3136 4087 tanta:
3199 4032 3343 4087 illius
3370 4050 3497 4104 grue

1913 4121 2000 4176 tia:
2050 4120 2309 4191 praeconi,
2344 4120 2880 4191 immortalitatisque
2909 4124 3138 4190 nuntiat,
3173 4141 3239 4179 ac
3294 4124 3498 4180 divina:

1914 4222 2018 4266 tua:
2063 4211 2444 4268 illustratiottis
2506 4215 2892 4271 conciliatrici.
2926 4214 3007 4270 Tu
3053 4233 3203 4283 vero,
3243 4213 3320 4272 nti
3373 4234 3496 4274 eunt

1914 4302 2088 4371 prima
2141 4301 2325 4358 videre
2360 4306 2609 4361 meruisti
2669 4322 2735 4360 ac
2796 4309 3205 4373 aununtiare,o
3246 4307 3498 4373 Domina,

1914 4394 1994 4450 sic
2043 4393 2160 4463 ejus
2223 4396 2279 4450 in
2336 4397 2493 4453 nobis
2530 4397 2832 4469 spiritalem
2871 4401 3286 4456 illustrationem
3326 4401 3501 4457 l'auste

1916 4488 2123 4542 utinam
2154 4491 2607 4558 annuntiaveris;
2640 4492 2693 4545 in
2750 4491 3135 4563 ipso.Christo
3186 4495 3503 4551 dulcissimo

221 4577 366 4642 δίαις
419 4580 746 4651 ἐπίλαμψιν·
794 4583 851 4635 ὲν
900 4582 1053 4653 αὐτῷ
1108 4583 1332 4654 Χριστῷ
1375 4583 1453 4655 τῷ
1482 4585 1794 4658 γλυκυτάτᾳ

1916 4589 2107 4639 nostro
2138 4580 2338 4638 lumine
2365 4602 2377 4638 :
2405 4599 2565 4653 quem
2620 4584 2779 4641 decet
2819 4586 2989 4657 gloria
3022 4625 3037 4650 ,
3066 4587 3261 4654 honor,
3292 4603 3356 4643 ac
3386 4604 3505 4660 gra-

222 4667 383 4738 ἡμῶν
417 4672 576 4737 φωτὶ.
620 4672 703 4723 ὃτι
739 4672 890 4742 αὐτῷ
924 4674 1127 4744 πρέπει
1160 4672 1310 4739 δόξα,
1360 4675 1493 4745 τιμὴ
1524 4676 1618 4729 καὶ
1649 4677 1794 4749 εὐχα-

1917 4673 2112 4728 tlarum
2140 4674 2303 4738 aCtin,
2331 4690 2456 4729 cum
2492 4675 2653 4731 Patre
2683 4692 2746 4731 ac
2774 4676 2982 4746 Spiritu
3010 4688 3229 4747 sancto,
3266 4694 3410 4734 nunc
3449 4688 3504 4734 et

226 4761 431 4831 ριστία,
472 4764 570 4815 σὺν
599 4762 677 4834 τῷ
708 4767 904 4836 Πατρὶ,
942 4769 1037 4819 καὶ
1057 4767 1137 4837 τῷ
1174 4767 1317 4838 ἁγίῳ
1343 4766 1624 4839 Πνεύματι
1650 4786 1664 4800 ·
1708 4771 1804 4825 νῦν

225 4854 323 4905 καὶ
344 4853 454 4917 ἀεὶ,
487 4856 579 4907 καὶ
610 4857 689 4920 εξς
710 4858 836 4919 τοὺς
858 4857 1062 4923 αἰῶνας
1088 4858 1195 4913 τῶν
1220 4858 1453 4915 αἰώνων.
1499 4861 1697 4932 Ἀμήν.

844 4968 1063 5022 ΛΟΓΟΣ
1112 4971 1191 5024 Θ¹.

223 5078 419 5150 Λόγος
468 5081 557 5143 εις
601 5074 719 5150 τὴν
748 5078 857 5147 τῆς
889 5079 1196 5150 ἁχρὰντου
1264 5084 1560 5138 Θεοτόκου
1604 5083 1675 5137 ἐν
1732 5084 1812 5149 τῷ

295 5146 461 5223 edge.)
482 5146 860 5223 :rapsépeiasj,
881 5146 979 5203 κάῑ
1002 5152 1465 5221 εὐχαριστήριος
1502 5153 1613 5223 τῆς
1636 5146 1807 5222 ὑπερ-

296 5217 578 5286 λάμπρου
603 5219 1017 5287 ἀναστάσεως.

298 5329 455 5400 Φωνὴ
477 5329 857 5398 ἀγαλλιάσεως
877 5332 1289 5403 προοιμιαζέτω
1320 5335 1562 5406 σήμερον
1592 5337 1700 5407 τὴν
1721 5339 1810 5391 εύ-

228 5423 515 5491 χαριστίαν
552 5424 703 5492 ἡμῖν.
728 5424 884 5495 Φωνὴ
921 5424 1260 5496 εὐφροσύνης
1314 5427 1704 5499 προεξηχείτω,
1742 5429 1810 5483 τά

305 5580 418 5647 (Η)
442 5580 591 5658 Hanc
625 5582 862 5658 tandem,
890 5584 986 5658 diu
1018 5584 1381 5658 desideratam
1408 5601 1472 5640 cx
1498 5587 1616 5656 ejus
1644 5597 1800 5658 gustu

231 5652 285 5704 in
321 5654 586 5730 superiori
620 5654 901 5737 l‘acto,_ttni
931 5668 1052 5736 eam
1088 5652 1672 5737 Georgiusprottiittit',
1704 5673 1801 5712 ex-

228 5735 337 5789 que
370 5725 434 5792 iis
464 5737 584 5792 quae
618 5724 1009 5792 Metapltrastes
1041 5726 1094 5778 in
1128 5724 1307 5781 Maria:
1333 5727 1558 5783 historia
1590 5733 1799 5783 exscri-

229 5792 359 5869 psit,
394 5789 589 5869 hminis
618 5789 806 5869 A_llat_i_i_
829 5797 1088 5869 sedulitas
1115 5811 1183 5869 ac
1216 5798 1542 5865 humanitas,
1578 5816 1640 5854 cx
1676 5815 1800 5868 pro-

231 5863 368 5931 priis
408 5864 575 5932 ipsius
612 5865 839 5920 rimcliis
870 5865 1008 5934 juris
1038 5867 1236 5934 publici
1290 5863 1629 5934 faciendam,
1673 5863 1800 5938 pro-

1916 4777 2149 4834 setnper,
2183 4775 2239 4821 et
2274 4766 2327 4820 in
2358 4766 2550 4821 smcula
2588 4768 2935 4824 smenlorum.
2962 4770 3156 4825 Amen.

2520 4969 2776 5026 ORATIO
2802 4970 2891 5026 IX.

1922 5080 1987 5135 In
2015 5082 2368 5155 immaculata:
2399 5082 2647 5155 Virginis
2671 5084 2727 5137 in
2760 5086 3005 5155 sepulcro
3040 5087 3426 5151 assistentium,
3450 5097 3500 5143 et

1989 5154 2286 5223 gratiarum
2305 5156 2442 5207 actio
2467 5170 2561 5223 pro
2596 5154 2830 5224 gloriosa
2862 5160 3245 5211 resurrectione
3270 5157 3405 5227 (ll).

1996 5343 2105 5397 Vox
2137 5344 2519 5398 exsultattouis
2548 5344 2709 5400 hodie
2739 5346 2894 5399 nobis
2932 5345 3160 5399 exordio
3184 5345 3255 5399 sit
3295 5345 3499 5413 gratia-

1924 5447 2041 5486 t‘utn
2070 5435 2292 5488 actioni.
2338 5433 2493 5487 Prior
2526 5435 2739 5489 insonet
2768 5451 2833 5491 ac
2891 5436 3153 5504 praaludat
3206 5436 3507 5505 gratulato-

1911 5587 2066 5644 duxit
2100 5610 2113 5645 ί
2144 5592 2420 5661 egregium
2454 5593 2611 5661 plane
2645 5594 2745 5646 viri
2791 5594 3136 5647 disertissimi
3166 5631 3183 5657 ,
3218 5610 3283 5649 ac
3313 5593 3500 5651 Mariti:

1912 5662 2691 5734 (lel'ttlisslmllllttlltllllcultlllt
2716 5705 2728 5728 ,
2768 5665 2843 5717 uti
2886 5665 3084 5717 habent
3118 5665 3235 5731 ejus
3280 5679 3497 5734 quoque

1910 5732 2185 5854 prapottcs
2217 5732 2357 5797 alim,
2393 5736 2587 5801 quibus
2620 5737 2874 5789 omnibus
2910 5735 3233 5790 insatiabilis
3270 5732 3496 5791 Mariam

1933 5818 2017 5854 aut
2042 5812 2114 5855 at.

1933 5818 2114 5855 ξιιιιιίιι.
