4166 6440
126 329 262 394 1497

806 332 886 392 1N
924 333 1027 392 SS.
1072 331 1336 391 MARIJS
1377 330 1928 391 ASSISTENTIAM
1973 334 2054 392 ΙΝ
2098 335 2511 408 SEPULCRO,
2555 335 2715 395 ETC.

3271 334 3411 400 1498

127 447 461 518 μυροφόροις
527 446 620 514 οὐχ
660 447 882 514 ὁμοίως,
931 446 1067 500 ἀλλᾶ
1106 447 1196 500 διά
1227 463 1288 500 τε
1322 445 1416 499 τοῦ
1452 447 1709 514 ἀγγέλου,

1837 449 1982 502 uiam
2023 466 2181 518 supra
2224 466 2386 520 quam
2437 452 2678 520 angelica
2707 466 2771 506 ac
2835 451 3220 508 intellectualis
3251 453 3410 508 insti-

120 541 226 592 καὶ
277 544 380 613 τῆς
418 537 514 592 τοῦ
565 537 716 591 λίθου
766 538 1112 608 μεταθέσεως
1156 539 1442 609 μηνύεται.
1495 541 1716 609 Ἐπειδὴ

122 633 240 701 γὰρ
268 631 658 703 ἁτθενέστερον
701 630 1102 702 διακειμέναις,
1150 629 1276 684 οὕτε
1319 632 1538 703 ἀθρόον,
1592 631 1717 684 οὐτε

121 721 194 774 δι’
225 723 341 787 ἑνὸς
388 721 835 776 ἀνακαλύπτεται
877 723 1084 795 τρόπου
1107 738 1120 752 ⁸
1172 723 1308 778 ἀλλὰ
1344 724 1442 794 τὴν
1475 726 1574 793 μὲν
1603 724 1714 795 [ian

124 817 196 885 τῇ
241 815 340 884 μέν
361 832 374 844 ⁸
401 817 466 886 τῇ
501 814 589 886 δὲ]
619 815 688 867 δι’
725 815 898 885 ἀκοῆς
929 817 1062 886 περὶ
1103 816 1279 884 αὐτῆς
1307 815 1386 885 τῷ
1417 815 1511 867 τοῦ
1547 815 1715 883 ἀγγέο

125 906 226 958 λου
258 906 425 979 λόγῳ,
461 909 560 978 τὴν
592 907 647 961 δὲ
668 908 734 960 δι’
769 908 944 976 ὅψεως
970 913 1034 979 τῇ
1063 908 1157 962 τοῦ
1185 909 1334 961 λίθου
1369 909 1718 976 μετακυλίσει

128 1000 381 1070 δέχονται
414 1001 620 1054 πίστιν.
651 1001 742 1053 Διὸ
771 1002 914 1054 κατὰ
940 1001 1114 1072 βραχύ
1143 1001 1281 1072 πρὸς
1319 1000 1380 1052 τὸ
1421 1001 1719 1072 μυστήριον

130 1092 684 1163 χειραγωγηθείσαις,
719 1093 880 1156 αὐτὸς
928 1094 1134 1156 ἐκεῖνος
1164 1096 1195 1162 ἡ
1251 1092 1364 1164 ζωὴ
1396 1092 1491 1145 καὶ
1519 1093 1551 1162 ἡ
1588 1093 1719 1144 ἀνά-

131 1201 326 1247 στασις
362 1184 731 1254 ἐπιφαίνεται.

205 1481 365 1535 Οὐτω
392 1484 502 1552 γὰρ
535 1484 568 1554 ἠ
595 1482 760 1536 αὐτοῦ
793 1483 957 1551 σοφία
991 1483 1087 1536 καὶ
1123 1483 1340 1545 σύνεσις
1376 1483 1720 1552 διῳκονόμη-

135 1589 253 1635 σεν,
284 1573 360 1635 ὠς
391 1573 456 1626 ἂν
486 1574 560 1644 μὴ
590 1573 788 1644 ἁθρόον
817 1575 1226 1645 παραδειχθεὶς,
1261 1575 1556 1644 φάντασμα
1579 1576 1721 1644 ὑπὲρ

133 1663 423 1732 ἔκπληξιν,
464 1665 721 1736 καθάπερ
751 1667 844 1719 καὶ
889 1666 1001 1720 τῶν
1035 1665 1296 1736 μαθητῶν
1342 1683 1485 1718 τισιν
1526 1668 1722 1720 ὑποτο-

135 1756 383 1827 πηθῆναι
434 1758 646 1828 δοίη·ἢ
693 1759 787 1811 καὶ
819 1758 1132 1821 πιστευθεὶς
1183 1760 1263 1821 είς
1302 1759 1486 1811 ἒκνοόν
1541 1777 1596 1811 τι
1627 1759 1723 1812 καὶ

1828 542 1966 595 ιυιῑο
2016 543 2230 596 haheat.
2277 544 2368 597 Sic
2416 543 2581 614 igitur
2621 543 2768 598 nullo
2818 546 3016 609 medio,
3069 543 3257 613 primae
3306 544 3405 609 illi,

1827 633 1969 687 clara
2001 632 2090 686 lux
2120 649 2184 688 ac
2219 633 2408 689 laetitia
2437 636 2862 690 resurrectionis
2896 637 3097 690 alrulsit
3129 654 3144 689 :
3186 652 3292 692 non
3323 638 3404 693 sic

1827 735 2005 778 autem
2038 726 2430 792 unguentiferis
2475 727 2828 794 mulieribus;
2878 733 2974 782 sed
3005 729 3082 782 eis
3113 745 3209 798 per
3239 744 3411 800 ange-

1829 816 1959 879 lum,
1987 832 2050 871 ae
2100 833 2197 886 per
2237 819 2592 872 remotionem
2630 819 2822 888 lapidis
2855 819 3216 888 signiﬁcatur.
3252 820 3407 886 Quod

1826 908 1968 961 enim
2020 908 2340 964 imbecillius
2391 908 2678 971 haberent,
2733 927 2908 981 neque
2961 912 3176 974 subito,
3234 927 3410 982 neque

1829 1017 1934 1055 uno
1960 1003 2040 1057 eis
2070 1003 2340 1057 revelatur
2370 1003 2530 1057 modo
2563 1020 2577 1056 :
2610 1003 2725 1067 sed,
2757 1020 2862 1072 qua
2893 1004 3080 1057 auditu
3120 1018 3215 1071 per
3241 1016 3406 1072 ange-

1828 1092 1987 1147 licum
2037 1110 2382 1158 sermonem;
2438 1109 2542 1162 qua
2593 1108 2657 1147 ex
2705 1096 2823 1146 visu
2878 1111 2976 1162 per
3017 1093 3409 1147 revolutionem

1826 1187 2040 1256 lapidis,
2072 1187 2188 1256 ejus
2216 1187 2490 1256 accipiunt
2522 1188 2703 1241 Iidem.
2747 1186 3114 1251 Quamobrem
3153 1185 3242 1238 ubi
3278 1198 3412 1252 pauo

1829 1279 1975 1333 latim
2009 1280 2074 1332 ad
2109 1280 2421 1348 mysterium
2459 1281 2796 1332 matmtluctm
2845 1278 3099 1343 fuissent,
3139 1278 3258 1345 ipse
3291 1277 3407 1340 ille,

1827 1371 1917 1441 qui
1949 1372 2056 1424 vita
2086 1385 2148 1424 ac
2179 1372 2505 1425 resurrectio
2533 1383 2637 1433 est,
2665 1371 2772 1424 illis
2805 1381 3051 1440 apparet.

1901 1478 1990 1539 Sic
2025 1481 2169 1533 enim
2199 1481 2462 1550 sapientia
2508 1497 2570 1535 ac
2609 1482 2898 1548 prudentia
2945 1495 3186 1545 congrue
3230 1481 3410 1547 dispo-

1828 1572 1959 1636 suit,
1998 1581 2054 1626 ut
2085 1587 2152 1625 ne
2194 1586 2252 1625 se
2297 1573 2480 1626 subito
2527 1572 2815 1634 exhibens,
2851 1573 3130 1626 occasioni
3178 1582 3325 1627 esset
3354 1582 3413 1627 ut

1830 1680 1939 1734 prae
1966 1673 2207 1732 stupore,
2251 1665 2328 1717 uti
2357 1664 2521 1716 etiam
2571 1663 2847 1718 nonnullis
2878 1663 3159 1730 discipulis
3187 1664 3411 1727 accidit,

1831 1756 2151 1823 phantasma
2200 1754 2471 1822 quoddam
2524 1765 2816 1824 putarent;
2852 1755 2933 1809 vel
2977 1757 3142 1810 etiam
3175 1765 3234 1808 ut
3266 1755 3414 1810 obti-

135 1849 449 1902 ἀκάθεκτον
474 1852 542 1919 τῇ
563 1849 661 1918 τῆς
688 1851 863 1918 χαρᾶς
890 1851 1140 1904 ἐπιτάσει
1166 1849 1553 1920 συνεθισθῆναι
1594 1851 1721 1922 [leg.

1837 1860 1965 1901 nens
2021 1845 2205 1910 ﬁdem,
2261 1846 2314 1899 in
2365 1845 2588 1900 stultum
2670 1846 2903 1915 aliquem
2976 1863 3040 1901 ac
3098 1848 3412 1917 impotentis

136 1939 473 2012 συνωθησθ.]
515 1943 911 2004 πιπευσάσας.
959 1942 1019 1996 El
1049 1942 1160 2012 γὰρ
1205 1944 1302 1998 καὶ
1349 1942 1541 1996 τούτου
1573 1960 1729 2012 γενο-

141 2032 332 2102 μένου,
369 2033 630 2101 φανέντος
683 2034 873 2097 αὐταῖς
907 2036 1232 2106 ἁταμιεύτῳ
1278 2037 1386 2088 τινί
1417 2038 1508 2089 καὶ
1551 2039 1726 2107 ἀκρα-

137 2128 294 2196 τήτῳ
321 2125 605 2196 χρώμεναι
637 2130 705 2197 τῇ
739 2128 904 2198 ὁρμῇ.
940 2128 1047 2180 τῶν
1078 2129 1370 2199 ἀχράντων
1418 2129 1730 2199 ἐφήπτοντο

139 2218 353 2270 ποδῶν·
385 2219 433 2270 εί
483 2218 559 2287 μὴ
586 2217 730 2271 οὕτω
758 2220 1185 2292 διῳκονόμηται,
1217 2223 1378 2284 ποίας
1412 2223 1476 2275 iv
1509 2223 1610 2276 οὐκ
1643 2221 1730 2286 ἐξ·

138 2310 347 2380 ἐσησαν
370 2308 623 2375 εὐταξίας
643 2311 719 2382 τῷ
745 2314 1097 2384 σφοδροτάτῳ
1123 2315 1221 2382 τῆς
1241 2316 1414 2384 χαρᾶς
1443 2313 1732 2383 τυραννού-

143 2419 310 2470 μεναι
335 2419 351 2467 ;
375 2402 485 2456 Καὶ
500 2395 603 2455 ὦδε
632 2405 731 2473 μὲν
759 2409 879 2467 ταῖς
911 2407 1036 2476 περὶ
1054 2406 1272 2475 Μαρίαν
1291 2410 1357 2460 τὰ
1379 2407 1479 2475 τῆς
1494 2406 1731 2460 ἀναστάς

139 2510 317 2554 σεως⁹
355 2497 422 2564 τῇ
453 2493 508 2548 at
532 2496 744 2566 Μητρὶ,
773 2497 1184 2568 μυστικώτερόν
1199 2516 1257 2550 τε
1286 2499 1382 2552 καὶ
1399 2498 1730 2570 οἰκειότερον

137 2584 610 2641 ἀνακαλύπτιται.
629 2588 738 2641 Θέα
764 2587 826 2657 δὴ
849 2588 910 2641 τὸ
935 2589 1364 2659 γνωριμώτατον
1393 2591 1487 2642 καὶ
1510 2592 1731 2660 γνήσιον

137 2674 245 2744 τῆς
281 2676 424 2746 ὑπὲρ
455 2676 666 2729 ἔννοιαν
697 2677 869 2748 αὐτῆς
920 2677 1212 2740 συνέσεως,
1247 2677 1397 2738 ὅπως
1455 2676 1578 2730 οὔτε
1612 2681 1730 2741 ταῖς

143 2767 484 2837 μυροτρόροις
517 2767 584 2820 δι’
612 2767 833 2836 ἑαυτῆς,
886 2766 1012 2820 οὔτε
1051 2771 1162 2830 τοῖς
1202 2768 1523 2831 ἀποστόλοις
1554 2768 1731 2820 ταῦτα

139 2857 674 2925 προευαγγελὶζεται
701 2875 714 2887 ·
745 2858 990 2911 ἐνδίδωσι
1015 2859 1072 2912 δὲ
1107 2859 1308 2928 μᾶλλον
1337 2860 1616 2922 αὐτόπτας
1641 2877 1732 2927 γε·

142 2946 412 3016 νομενους
445 2945 804 3016 βεῦαιοτέραν
854 2951 1148 3017 κατασχεῖν
1177 2949 1277 3014 τὴν
1306 2948 1590 3018 ἀλήθειαν.
1623 2948 1730 3001 Οὐ·

140 3054 258 3098 τως
282 3037 391 3105 γὰρ
421 3038 560 3109 αὐτῇ
589 3039 906 3107 πανσόφως,
937 3040 1032 3092 καὶ
1053 3041 1120 3092 δι’
1143 3041 1272 3109 ὅλης
1298 3041 1397 3110 τῆς
1419 3043 1733 3110 οἰκονομίας

1832 1937 1997 1990 animi
2055 1945 2258 1990 motum
2289 1951 2318 1988 a
2352 1937 2521 1990 nimio
2569 1937 2768 2006 gaudio
2825 1937 3113 1991 credentes
3169 1947 3405 2005 cogeret.

1834 2029 2112 2098 Siquidem
2159 2029 2328 2092 enim,
2361 2046 2485 2083 cum
2518 2031 2682 2083 etiam
2719 2030 2789 2083 ita
2823 2045 2909 2085 res
2946 2031 3247 2096 habuisset,
3287 2045 3407 2083 mox

1833 2131 1891 2174 ut
1918 2123 2188 2190 apparuit,
2241 2121 2537 2190 improviso
2577 2122 2813 2191 quodam
2889 2137 2953 2176 ac
3004 2123 3174 2176 teneri
3227 2123 3412 2176 nescio

1834 2216 2060 2282 impetu,
2090 2214 2441 2268 intemeratus
2470 2213 2585 2281 ejus
2617 2216 2880 2283 amplexa:
2913 2224 3040 2268 sunt
3072 2217 3236 2284 pedes
3262 2231 3276 2280 ;
3305 2215 3408 2267 nisi

1832 2307 1907 2361 ita
1938 2308 2165 2376 provide
2210 2308 2582 2377 dispensatum
2611 2318 2780 2372 esset,
2815 2322 2976 2376 quam
3012 2323 3117 2361 non
3149 2321 3180 2360 a
3213 2309 3410 2361 decoro

1831 2400 2220 2462 excessissent,
2254 2399 2734 2453 vehementissimo
2765 2400 2964 2469 gaudio
2999 2400 3104 2452 vim
3142 2398 3413 2452 faciente?

1831 2493 2009 2561 Atque
2043 2493 2184 2546 hunc
2211 2493 2428 2562 quidem
2460 2493 2678 2546 modum
2726 2493 3037 2547 revelantur
3087 2491 3271 2546 Mariae
3297 2490 3409 2561 (45)

1831 2584 2252 2639 resurrectionis
2285 2585 2563 2654 mysteria,
2596 2583 2809 2645 Domini
2843 2593 3022 2636 autem
3048 2581 3231 2644 Matri,
3256 2583 3412 2652 spiri-

1833 2676 2011 2730 taliori
2047 2677 2276 2739 ratione,
2313 2691 2377 2730 ac
2408 2675 2751 2729 familiarius.
2787 2673 2921 2729 Vide
2963 2689 3092 2730 sane
3152 2672 3270 2740 ejus
3303 2688 3415 2727 ma-

1828 2767 2003 2837 jorem
2036 2769 2272 2836 cogitatu
2324 2767 2706 2831 clarissimam,
2744 2774 3126 2834 sinceramque
3173 2765 3414 2835 pruden-

1834 2864 1999 2926 tiam;
2033 2869 2092 2911 ut
2123 2875 2298 2929 neque
2328 2869 2598 2928 unguenta
2633 2858 2936 2915 ferentibus
2962 2858 3206 2922 feminis,
3236 2872 3415 2928 neque

1833 2950 2112 3013 apostolis.
2144 2950 2256 3004 haec
2297 2951 2411 3017 ipsa
2447 2966 2543 3019 per
2568 2965 2626 3005 se
2652 2951 2805 3019 prius
2833 2950 3240 3004 annuntiaverit
3266 2967 3282 3016 ;
3313 2950 3409 3004 sed

1834 3053 1892 3096 ut
1922 3043 2094 3110 magis
2116 3057 2182 3095 ex
2213 3043 2330 3096 visu
2356 3043 2622 3097 certiores
2658 3041 2851 3106 factos,
2888 3042 3182 3096 ﬁrmiorem
3215 3043 3416 3096 verita-

139 3126 443 3195 διῴκηται,
501 3130 562 3181 τὸ
603 3129 679 3199 μὴ
729 3130 796 3183 δι’
830 3131 1030 3200 ἑαυτῆς
1056 3135 1123 3185 τὰ
1163 3131 1634 3202 προεγνωσμένα,
1669 3134 1732 3186 ὲκ

1839 3145 1943 3189 tem
1978 3145 2164 3189 tenere
2194 3137 2550 3189 concesserit.
2585 3134 2678 3189 Sic
2720 3137 2865 3190 enim
2915 3137 3192 3203 sapienter
3224 3143 3417 3188 admo-

142 3217 286 3270 Θεού
315 3219 371 3271 δὲ
399 3223 494 3272 καὶ
515 3224 706 3285 αἰτεῖν,
733 3224 829 3275 καὶ
858 3223 1224 3294 μεσιτευούσῃ
1249 3222 1373 3295 [leg.
1425 3225 1738 3294 μεσιτεύον-

152 3311 280 3383 σαν]
325 3311 522 3366 διδόναι
577 3318 692 3377 τοῖς
735 3317 1100 3384 προσήκουσι.
1158 3314 1391 3386 Πρώτην
1436 3318 1614 3369 τοίνυν
1645 3321 1736 3370 καὶ

145 3405 490 3474 τρανοτέρως
530 3408 598 3459 τε
622 3409 721 3475 τῆς
754 3409 905 3471 θείας
939 3410 1214 3479 ὲγέρσεως
1247 3414 1296 3464 oi
1335 3414 1576 3482 κήρυκες
1602 3413 1737 3464 εἰδό-

147 3513 242 3557 τες
289 3500 646 3568 μεμνημένην
691 3499 813 3570 [ιεσ.
887 3502 1167 3573 μεμυημ.]
1224 3504 1321 3572 τὴν
1370 3505 1631 3574 Μητέρα·
1665 3501 1732 3557 δι’

149 3590 327 3658 αὖτῆς
355 3591 463 3661 γαρ
501 3592 594 3644 καὶ
619 3593 678 3645 τὸ
710 3594 1116 3664 ἀσφαλέστερον
1157 3594 1264 3648 τῶν
1306 3597 1636 3665 μυροερόρων
1664 3592 1740 3649 εἷο.

149 3699 271 3752 χον,
292 3683 399 3736 οὐδ’
417 3685 555 3746 ὅλως
583 3686 642 3737 ἐν
671 3688 784 3748 τοῖς
807 3688 923 3740 κατ’
959 3687 1178 3756 ἐκείνην
1216 3688 1395 3754 λόγοις
1425 3690 1735 3760 μεμνῆσθαι

151 3773 359 3842 ταύτης
389 3775 752 3846 προῄρηνται,
796 3779 958 3849 σοφίᾳ
1004 3779 1207 3850 δηλαδὴ
1232 3783 1297 3850 τῇ
1337 3783 1457 3833 κατ’
1491 3781 1736 3850 ἀλλήλων

155 3868 284 3937 Heg.
317 3870 685 3941 καταλλήλῳι,
738 3874 832 3925 καὶ
875 3877 940 3942 τῇ
969 3873 1062 3926 τοῦ
1101 3874 1420 3944 ιΙνεύματος
1461 3889 1736 3944 χειραγω-

151 3959 416 4028 γούμενοι
446 3961 774 4034 προμυθείᾳ.
809 3963 1084 4033 Μάρτυρά
1121 3981 1179 4014 τε
1217 3965 1326 4034 γὰρ
1353 3963 1521 4035 αὐτὴν
1567 3964 1738 4028 αὐτῆς

155 4052 560 4120 παραγόμενοι,
595 4055 688 4106 καὶ
727 4056 824 4124 τὴν
869 4055 1078 4108 οἰκείαν
1128 4056 1533 4124 περιποιεῖσθαι
1579 4057 1738 4120 δόξαν

153 4141 584 4215 ὑπονοουμένην,
629 4147 690 4198 τὺ
720 4146 961 4200 ὕποπτον
1003 4143 1144 4200 εἶναι
1175 4148 1354 4200 δοκεῖν
1394 4149 1489 4218 τὴν
1529 4167 1739 4219 μαρτυ-

159 4233 284 4303 ρίαν
320 4238 437 4298 τοῖς
465 4237 753 4290 ἀπειθοῦσι
819 4243 1101 4309 παρεῖχον.
1133 4240 1224 4292 Διὸ
1261 4241 1356 4293 καί⁵
1389 4240 1739 4310 καθηκόντως

153 4326 406 4380 ἐνταυθοῖ
437 4329 505 4380 τὰ
537 4331 665 4399 περὶ
700 4332 870 4400 αὐτῆς
911 4332 1454 4401 παραλιμπάνονσιν.

1839 3224 1966 3278 dum
2013 3225 2066 3277 in
2122 3233 2234 3277 toto
2265 3240 2325 3276 se
2365 3225 2682 3277 meonomite
2730 3226 2898 3291 gessit
2947 3223 3188 3291 negotio,
3220 3231 3278 3274 ιιι
3310 3235 3416 3274 non

1838 3336 1935 3389 per
1956 3335 2075 3373 eam
2102 3329 2285 3372 essent
2309 3318 2497 3386 primae
2531 3318 2810 3381 imtiones;
2846 3317 2938 3370 sed
2969 3326 3024 3368 ut
3057 3316 3169 3382 ipsa
3199 3329 3414 3383 quoque

1837 3423 2046 3483 peteret
2091 3427 2156 3466 ex
2209 3413 2338 3474 Deo,
2400 3412 2551 3478 isque
2597 3425 2658 3464 ea
2713 3409 3050 3468 mediatrice,
3099 3407 3289 3460 amicis
3353 3419 3417 3460 ac

1838 3507 2034 3575 quibus
2065 3519 2364 3574 congruum
2390 3513 2557 3567 esset,
2595 3503 2853 3555 traderet.
2887 3499 3024 3554 Cum
3057 3499 3243 3566 itaque
3274 3495 3416 3550 sacri

1840 3614 2135 3667 praecones,
2171 3598 2404 3667 primam
2435 3598 2630 3665 ipsam,
2655 3611 2718 3649 ac
2749 3593 2964 3648 exteris
2988 3591 3187 3644 clarius
3217 3589 3419 3642 divina:

1841 3692 2262 3746 resurrectionis
2294 3691 2550 3760 mysteria
2583 3689 2840 3743 didicisse
2897 3688 3096 3739 scirent
3132 3698 3147 3736 :
3179 3698 3274 3751 per
3297 3695 3417 3735 eam

1838 3785 2104 3853 siquidem
2164 3783 2428 3836 certiores
2460 3782 2614 3850 longe
2662 3796 2825 3849 quam
2878 3793 2976 3847 per
3007 3773 3419 3844 unguentiferas

1841 3877 2097 3930 mulieres
2148 3875 2272 3928 facti
2329 3873 2582 3935 fuerant;
2640 3886 2906 3940 nusquam
2953 3878 3130 3920 tamen
3185 3880 3304 3918 cum
3352 3864 3417 3916 de

1843 3969 2242 4022 resurrectione
2292 3975 2477 4036 agunt,
2531 3963 2672 4016 illius
2722 3963 3010 4015 voluerunt
3053 3958 3231 4011 facere
3265 3969 3416 4006 men-

1844 4061 2044 4114 tionem
2082 4079 2093 4114 :
2125 4074 2358 4129 congrua
2426 4058 2681 4110 nimirum
2738 4054 3022 4124 prudentia
3051 4093 3066 4116 ,
3120 4063 3184 4104 ac
3233 4048 3415 4100 divina

1845 4152 2084 4222 Spiritus
2137 4152 2471 4221 providentia
2525 4149 2817 4216 dirigente.
2869 4146 3000 4198 Nam
3033 4144 3074 4196 si
3108 4149 3298 4194 testem
3332 4154 3416 4191 re-

1843 4245 2202 4298 surrectionis
2223 4258 2342 4297 eam
2391 4241 2793 4309 prodtuissent,
2846 4253 2964 4307 qua:
3016 4234 3185 4288 videri
3238 4238 3419 4301 posset

1843 4352 1994 4390 suam
2033 4337 2145 4403 ipsa
2201 4351 2444 4404 quaerere
2497 4335 2744 4406 gloriam,
2783 4333 2836 4384 in
2881 4344 3042 4384 causa
3092 4327 3321 4379 fuissent
3359 4331 3414 4373 ut

152 4421 545 4474 rcsurrccuoui
596 4432 836 4476 astruit-ta
873 4425 1006 4480 lich
1044 4425 1338 4479 incredulis
1369 4437 1619 4495 suspecta
1682 4429 1975 4483 videretur.
2040 4428 2399 4495 Quamobrem
2462 4430 2626 4481 etiam
2658 4424 2851 4477 merito
2919 4421 3025 4484 hic,
3053 4433 3172 4488 qua:
3203 4416 3268 4468 ad
3296 4429 3414 4468 cum

149 4526 406 4584 SpCClJIll
444 4519 700 4569 omittunt
731 4534 792 4570 ac
821 4529 1023 4570 tacent.

248 4608 403 4661 Ἀ).λᾶ
439 4609 547 4660 τῶν
585 4609 706 4662 λίαν
749 4611 812 4662 ἂν
861 4611 1026 4679 φαίην
1069 4612 1250 4664 καλῶν
1283 4615 1346 4681 τῇ
1368 4612 1474 4663 -νῦν
1510 4613 1731 4683 φαιδρό-

1915 4614 2080 4667 Porro
2121 4614 2280 4666 fuerit
2308 4614 2624 4680 Cumprimis
2659 4624 2958 4678 congruum
3002 4608 3280 4661 hodiernm
3317 4605 3413 4662 la!-

147 4720 319 4773 τητι,
353 4705 399 4754 εἰ
448 4705 573 4765 τοὺς
616 4703 776 4772 ἡνίκα
813 4703 1250 4774 παρακαθημένη
1287 4704 1740 4772 εὐχαριστηρίους

150 4796 409 4866 προσῆγε
441 4795 651 4862 λόγους,
680 4797 882 4866 ἐκείνη,
913 4798 1073 4866 ἡμεῖς
1102 4797 1458 4858 ἀναλαϐόντες
1490 4797 1582 4848 νῦν
1618 4813 1744 4848 συν-

153 4889 450 4958 άρξαιμεν.
493 4890 602 4941 Καὶ
647 4890 755 4959 γὰρ
799 4891 884 4956 ἐφ’
923 4890 1154 4958 ἡσυχίας
1192 4890 1283 4942 τὸν
1319 4891 1423 4959 πρὸ
1474 4892 1570 4958 τῆς
1616 4893 1744 4943 ἁνα-

151 4987 402 5044 στασεως
450 4983 772 5036 διατελοῦσα
817 4985 1028 5052 χρόνον,
1089 4985 1148 5037 τό
1188 5003 1244 5036 τε
1297 4985 1600 5056 παράδοξον
1649 4987 1744 5037 καὶ

149 5077 547 5146 διανοουμένη,
594 5079 686 5129 καὶ
747 5078 1028 5146 μελετῶσα
1078 5078 1400 5146 μυστήριον,
1451 5079 1546 5130 καὶ
1597 5079 1740 5129 κατᾶ

153 5172 334 5239 μόνας
363 5169 438 5237 τῷ
476 5169 574 5239 τὴν
609 5171 842 5239 φρικτὴν
885 5169 1198 5236 οἰκονομίαν
1245 5169 1536 5237 πληροῦντι
1570 5187 1739 5238 προσ-

151 5259 466 5328 ομιλοῦσα,
529 5261 753 5312 τοιαῦτα
810 5262 869 5312 ἐν
926 5260 1133 5330 ἠρεμίᾳ⁴
1205 5261 1297 5311 καὶ
1375 5260 1478 5328 ἰδίᾳ
1537 5259 1737 5328 διεξείη

154 5350 398 5421 ψθογγῇ.
436 5371 452 5401 ι
494 5353 565 5405 Σὺ
595 5393 610 5416 ,
645 5352 812 5421 φησὶ,
863 5352 1064 5421 Κύριε,
1100 5352 1280 5421 ἅπαθῆ
1315 5354 1404 5404 καὶ
1435 5351 1738 5422 ἀνώλεθρον

240 5559 351 5628 (45)
386 5558 592 5612 Μανίαν.
635 5559 765 5621 Ταῖς
800 5559 927 5623 περὶ
963 5559 1177 5628 Μαρίαν
1201 5575 1214 5590 ⁸
1256 5559 1621 5628 Magdaienam
1657 5561 1737 5610 in-

162 5631 384 5698 telligit,
417 5645 576 5698 quam
613 5629 766 5681 Matri
799 5631 1028 5693 eximie,
1067 5647 1129 5682 at;
1163 5630 1372 5683 [lumini
1408 5631 1583 5690 Matri,
1630 5629 1739 5683 Ma-

164 5704 393 5768 rimque,
436 5700 687 5768 Opp’lltil,
728 5709 782 5752 ut
837 5701 946 5766 ipsa
1000 5701 1254 5767 paulatim
1297 5705 1585 5766 preparari
1648 5704 1742 5756 de-

168 5771 351 5826 buerit
381 5771 442 5824 ad
469 5780 746 5839 aspectum
783 5768 1139 5836 Dominieum,
1172 5787 1276 5840 quo
1309 5775 1488 5827 statim
1537 5772 1749 5828 Domini

1843 4708 1972 4760 tiliae
1993 4746 2007 4768 ,
2036 4717 2092 4759 ut
2126 4721 2262 4775 quos
2294 4708 2380 4759 illa
2416 4722 2509 4771 per
2539 4706 2589 4758 id
2630 4713 2846 4772 tempus
2868 4701 3118 4770 sepulcro
3150 4700 3416 4760 assidens,

1842 4801 2140 4866 gratiarum
2179 4799 2407 4850 actionis
2456 4807 2810 4850 monumento
2851 4806 3136 4847 sermones
3183 4789 3416 4852 obtulit,

1846 4908 1986 4944 nunc
2014 4903 2382 4953 resumentes,
2419 4906 2521 4942 uua
2555 4905 2676 4941 cum
2717 4887 2801 4939 illa
2845 4885 3145 4937 ordiamur.
3183 4879 3419 4948 Tempus

1844 4989 1986 5037 enim
2031 4987 2169 5054 quod
2207 4983 2663 5035 resurrectionem
2700 4978 2981 5047 prau-essit
3035 4976 3252 5028 silentio
3302 4973 3422 5026 exi-

1849 5094 2004 5145 gens.
2037 5077 2281 5128 mirabile
2314 5075 2442 5126 illud
2477 5073 2852 5132 Consideraus,
2895 5069 3267 5132 tucditattsque
3298 5077 3421 5136 my-

1850 5173 2096 5231 sterium,
2136 5170 2487 5237 solitarioque
2537 5184 2657 5219 cum
2701 5165 3013 5232 alloquens,
3047 5161 3138 5228 qui
3192 5160 3419 5212 horren-

1851 5267 1972 5317 dam
2016 5265 2154 5315 illam
2201 5264 2559 5316 ωυυιιοιιιὶςιιιι
2608 5259 2861 5326 implebat
2889 5298 2901 5317 .
2932 5255 3261 5321 ejuscemodi
3301 5268 3418 5306 ser-

1853 5374 2038 5411 mones
2103 5359 2368 5408 submisw:
2422 5372 2482 5407 ac
2559 5353 2784 5407 θεοῖ-εἰμι
2841 5365 3022 5402 secum
3078 5347 3421 5399 disserebat:

1853 5557 2019 5609 Mater
2070 5556 2358 5622 pollentior
2401 5556 2594 5607 mei-nit
2630 5552 2808 5620 potiri.
2850 5545 3301 5624 Fortescriptum
3349 5544 3418 5624 sit

1850 5617 2243 5693 Μαγδαληνήν·
2309 5629 2451 5692 quod
2511 5626 2579 5679 ita
2635 5617 3423 5693 antiquarins‘imumtaverit,

1853 5687 2122 5753 uec'enim
2153 5687 2338 5749 Slaiia'
2364 5696 2609 5747 absolute
2642 5694 2742 5750 alia
2771 5687 2927 5745 ’solet
2983 5687 3231 5755 intelligi,
3265 5699 3424 5750 quam

1861 5770 2039 5835 Virgo,
2077 5785 2135 5818 ac
2181 5768 2270 5820 Dei
2309 5767 2579 5820 (ianitrix.
