4166 6440
168 287 325 356 1501

836 296 918 357 ΙΝ
959 298 1064 359 SS.
1106 300 1371 361 ΜΑΒΙᾸΞ
1408 300 1757 363 ASSISTEN

1861 305 1964 365 AM
2001 303 2086 365 IN
2126 290 2533 378 SEPULCRO,
2576 302 2739 363 ETC.

3312 300 3451 367 1502

164 400 529 472 σκυθρωπῶν
558 401 817 457 κοινωνὸν
843 404 921 475 τῷ
950 405 1068 476 Υιῷ
1101 407 1425 479 γενομένην,
1478 409 1648 481 μόνην
1671 410 1757 464 καὶ

1870 410 2300 466 innumerabiles
2328 409 2601 480 passionis
2625 421 2879 477 perpessa
2902 415 3049 464 esset
3079 407 3311 477 gladios.
3342 410 3448 465 Par

160 495 275 565 τῆς
313 491 466 558 θείας
491 493 709 566 ἐκείνης
732 495 1146 567 προαπολαῖωαι
1185 498 1473 570 θυμηδίας.

259 676 427 730 Ἀλλά
460 677 545 741 τίς
571 677 638 731 ἂν
670 679 855 750 νόησις
881 680 982 752 τὴν
1013 681 1446 753 παραδεχθεῖσαν
1484 683 1622 755 αὐτῇ
1652 702 1754 738 κα-

157 768 576 840 ταποχάσαιτό
604 788 723 836 σου,
752 772 999 826 Δέσποτα
1023 813 1038 839 ,
1068 774 1256 843 δόξαν;
1284 775 1368 840 τίς
1394 776 1464 829 τά
1494 777 1757 847 ἀμήχανά

160 876 271 912 σου
301 860 476 931 κάλλη
498 863 664 934 νοερὰ
695 865 1054 935 κατανοήσειε
1082 866 1269 934 φύσις,
1298 869 1441 938 ἅπερ
1463 847 1542 931 ὧς
1570 869 1756 940 Μητρὶ

157 951 583 1022 διανεκάλυψας
628 954 788 1024 τότε;
829 957 894 1008 ’Ὠ
928 958 1016 1009 οἵα
1051 958 1347 1029 φαιδρότης
1388 958 1566 1032 ταύτῃ
1619 978 1754 1014 κατ-

158 1043 417 1113 εφάνηςι
449 1045 559 1115 Οϊῳ
585 1045 631 1099 δ’
658 1045 822 1118 ἔρωτι
846 1047 945 1118 τὴν
965 1048 1143 1103 κτίσιν
1163 1050 1466 1119 τηνικαῦτα
1486 1052 1759 1123 κατελάμ-

162 1150 391 1202 πρυνας
419 1134 671 1189 ἀπασανί
707 1138 809 1209 Οἷα
836 1142 1145 1208 φωτοφανεῖ
1172 1140 1271 1212 θέᾳ
1300 1146 1413 1205 τοῖς
1438 1144 1756 1213 ὲγκοσμίοις

158 1221 398 1293 ὢφθηςῑ
441 1225 541 1278 οἶα
574 1227 667 1279 τοῦ
704 1228 875 1296 ήδέως
922 1228 1174 1294 ἐκείνου,
1227 1232 1320 1284 καὶ
1368 1234 1609 1302 κήρυκος
1654 1233 1754 1303 τῆς

158 1312 526 1378 ἀναστάσεως
582 1318 879 1388 γενομένου
933 1320 1160 1391 σεισμοῦ
1213 1322 1413 1375 εὐωδία
1460 1322 1530 1376 τὰ
1578 1324 1757 1377 πάντα

158 1406 524 1463 διέπνευσενῐ
575 1405 677 1465 Οἷα
706 1413 775 1466 τά
824 1414 970 1486 μύρα
1015 1432 1109 1468 σου
1148 1416 1244 1469 τοῦ
1275 1417 1548 1470 ἀκενὼτου
1582 1418 1755 1489 μύρου

161 1499 675 1574 ὑπερϐλύσαντοςή
699 1505 773 1575 γῆ
797 1505 1067 1559 ἀνέδωκεν
1088 1509 1101 1560 !
1143 1508 1207 1560 Ὠ
1236 1508 1354 1571 πῶς
1381 1510 1462 1573 εἰς
1490 1510 1551 1563 τὸ
1575 1512 1759 1563 καινό-

156 1607 332 1661 τερον
378 1595 409 1663 ή
447 1594 711 1664 σύμπασα
740 1598 864 1649 τότε
912 1598 1315 1671 μετεμορφώθη
1364 1600 1752 1671 διακόσμησιςῐ

160 1682 299 1746 Πῶς
334 1685 469 1753 πρὸς
506 1686 567 1737 τὸ
600 1685 1001 1757 εὐρυθμότερον
1037 1692 1444 1762 μετεσκευάσθη
1478 1695 1753 1762 στοιχεῖας

160 1773 299 1837 Πῶς
327 1776 355 1826 ὁ
379 1776 487 1846 ἀὴρ
509 1779 631 1839 ταῖς
655 1778 917 1848 γαλήναις
938 1782 1032 1833 καὶ
1063 1780 1345 1849 γλυκείαις
1366 1784 1755 1856 κατεκοσμήθη

158 1864 494 1931 Germanic;
532 1869 665 1922 Τίνα
700 1872 767 1924 τὰ
798 1871 890 1924 τοῦ
936 1871 1101 1944 χοροῦ
1140 1874 1246 1927 τῶν
1280 1876 1529 1947 ἀστέρων
1570 1877 1757 1931 διαναο

158 1956 429 2011 τείλαντα
459 1960 630 2031 κάλλη
654 1980 668 2025 ;
697 1957 819 2015 Οἴαι
844 1962 955 2014 τῶν
999 1963 1242 2033 ἡλιακῶν
1272 1964 1509 2019 ἀκτίνων
1535 1966 1757 2036 διαυγέ-

162 2064 365 2119 στεραι
396 2050 578 2121 βολαιι
613 2052 709 2115 Τίς
738 2054 772 2121 ἡ
800 2053 898 2122 τῆς
918 2055 1171 2125 οὐρανίου
1192 2056 1609 2127 διακοσμήσεως
1634 2075 1760 2129 τερ-

164 2142 407 2211 πνότηςῐ
451 2143 545 2207 Τίς
578 2145 611 2213 η
644 2144 755 2198 τῶν
781 2146 1030 2215 ἀγγέλων
1076 2150 1566 2221 συγκεκροτημένη
1595 2168 1754 2222 χορο-

161 2233 399 2287 στασίαί
432 2234 527 2299 Τίς
551 2239 579 2287 ὁ
607 2237 737 2307 ἡδὺς
778 2237 959 2292 αὐτῶν
999 2239 1095 2308 τῆς
1133 2240 1447 2311 δοξο).ογίιις
1477 2239 1653 2314 ἦχοςε
1694 2244 1757 2296 Ὢ

158 2324 315 2386 οἵαις
332 2328 451 2390 ταῖς
467 2326 641 2390 θείαις
662 2331 1019 2399 ὲνωραῖζοντο
1036 2332 1159 2385 τότε
1185 2332 1565 2407 λαμπρότησιν
1585 2336 1599 2388 l
1625 2336 1757 2389 Oi'av

160 2417 217 2467 οἱ
270 2416 369 2485 τῆς
416 2416 514 2485 σῆς
557 2420 829 2490 ἐγέρσεως
870 2423 1113 2493 κήρυκες
1156 2425 1499 2495 περιέκειντο
1530 2426 1757 2496 φαιδρό-

160 2524 310 2576 τητα
337 2508 504 2562 εοῖαν
521 2510 620 2580 τὴν
649 2512 940 2579 ὁραθεῖσαν
969 2512 1132 2579 δόξαν
1168 2516 1266 2569 καὶ
1298 2516 1565 2587 καλλονὴν
1594 2536 1756 2587 παρ-

162 2597 419 2664 ἐδείξανί
468 2601 533 2652 Ὢ
565 2602 759 2670 φωνῶν
811 2606 904 2657 καὶ
944 2604 1118 2673 λόγων
1165 2607 1393 2662 ἐκείνων
1459 2609 1569 2662 τῶν
1615 2612 1758 2665 κατά

158 2691 267 2743 ’τοῦ
314 2693 577 2762 πολεμίου
625 2698 985 2765 μηνυσάντων
1024 2699 1183 2769 νίκην
1206 2716 1222 2733 ο
1251 2700 1362 2754 τῶν
1400 2703 1757 2771 κηρυξάντων

160 2784 274 2854 τὴν
304 2786 399 2837 τοῦ
434 2786 670 2840 θανάτου
722 2790 1048 2843 κατάλυσιν
1078 2791 1189 2844 τῶν
1236 2792 1335 2862 τὴν
1389 2793 1538 2866 ζωήν
1570 2813 1629 2847 σε
1662 2797 1757 2850 καὶ

159 2876 472 2928 ἀνάστασιν
499 2879 610 2940 τοῖς
653 2880 920 2947 ἐπιγείοις
947 2881 1491 2953 εὐαγγελιζομένωνί
1531 2886 1594 2939 Ὢ
1625 2885 1757 2953 γλυη

160 2967 329 3031 uesta;
352 2968 447 3021 καὶ
471 2969 800 3037 ὑπερέκεινα
824 2971 1021 3036 παντὸς
1051 2973 1245 3042 ἐφετοί
1280 2976 1465 3045 φωνῆς
1497 2993 1589 3030 σου
1657 2977 1754 3046 τῆς

1859 511 2002 565 erat,
2032 510 2091 556 ut
2118 516 2241 572 qua:
2272 504 2389 555 sola
2439 501 2678 556 tristium
2728 499 2868 554 Filio
2896 500 3045 555 socia
3080 499 3300 568 fuisset,
3332 502 3442 556 sol.-

1859 605 2074 661 quoque
2104 592 2256 659 prior
2282 592 2536 645 omnibus
2564 589 2896 659 voluptatem
2934 591 3086 644 illam
3112 590 3443 661 perciperet.
3476 623 3480 629 -

1929 679 2219 735 Enimvero
2264 680 2517 750 quisnam
2563 680 2782 734 animus
2835 688 3039 733 tantam
3086 681 3235 734 illam
3280 695 3444 751 quam

1857 774 2119 842 suscepit,
2148 771 2396 836 Domine,
2422 778 2572 824 tuam
2607 770 2833 839 gloriam
2856 811 2872 836 ,
2906 769 3181 838 conjicere
3223 773 3401 827 valeat
3421 772 3446 823 ι

1858 862 2113 929 Quamam
2176 880 2304 918 vero
2366 862 2748 919 intellectualis
2819 874 3051 927 natura,
3120 863 3442 919 immensam

1859 954 2005 1009 illam
2042 954 2537 1025 pulchritudinem,
2579 970 2744 1025 quam
2797 955 2945 1009 velut
2978 954 3135 1009 Matri
3173 963 3305 1010 tunc
3360 969 3444 1009 re-

1862 1046 2077 1112 velasti,
2137 1047 2415 1101 intellectu
2468 1046 2805 1116 perspiciat?
2840 1045 2884 1100 0
2937 1056 3139 1116 quanta
3180 1046 3230 1103 ei
3259 1046 3442 1101 laetitia

1859 1138 2193 1207 apparuisti!
2240 1138 2454 1203 Quanta
2488 1154 2617 1193 vero
2649 1138 2768 1192 luce
2796 1178 2811 1201 ,
2847 1147 3030 1191 creata
3081 1139 3335 1193 universa
3387 1139 3440 1193 id

1862 1230 2121 1298 temporis
2172 1228 2484 1283 illustrasti!
2517 1229 2670 1295 Quali
2727 1230 2996 1284 luminoso
3024 1240 3249 1297 aspectu
3292 1230 3441 1284 visus

1858 1335 1918 1374 es
1968 1321 2152 1374 mundi
2189 1320 2400 1375 civibus
2438 1322 2451 1374 l
2482 1320 2671 1385 Qualis
2711 1322 2884 1376 dulcis
2917 1322 3060 1376 illius
3088 1336 3153 1375 ac
3182 1321 3445 1390 praeconis

1861 1412 2277 1465 resurrectionis
2326 1418 2668 1466 terraeinotus
2730 1410 3027 1481 fragrantia
3084 1412 3266 1466 omnia
3323 1425 3444 1480 per-

1858 1504 2116 1573 spiravit!
2147 1504 2336 1570 Qualia
2369 1514 2641 1573 unguenta
2671 1543 2687 1570 ,
2733 1505 3061 1559 inexltausto
3090 1511 3184 1557 tuo
3218 1503 3309 1558 illo
3340 1520 3440 1556 un-

1859 1604 2058 1664 guento
2089 1595 2244 1663 copia
2273 1609 2435 1665 supra
2472 1595 2693 1649 modum
2726 1595 3059 1651 scaturieute
3082 1635 3097 1660 ,
3146 1604 3291 1648 terra
3320 1594 3436 1649 red.

1861 1685 2026 1739 didit!
2078 1684 2123 1740 0
2156 1686 2429 1756 quomodo
2510 1687 2565 1739 in
2618 1701 2810 1740 nevam
2858 1685 3150 1755 quamdam
3210 1681 3444 1751 speciem

1863 1778 2121 1832 universa
2158 1792 2340 1833 rerum
2376 1777 2688 1832 distributio
2738 1787 2864 1831 tunc
2903 1775 3165 1845 temporis
3216 1772 3439 1828 transil-

1859 1878 2052 1940 gurata
2109 1870 2221 1924 est!
2259 1868 2548 1936 Quomodo
2581 1868 2853 1924 elementa
2897 1867 2951 1921 in
2996 1866 3439 1934 compositiorem

1859 1963 2143 2031 quemdam
2185 1962 2433 2016 ordinem
2471 1961 2753 2016 demutata
2792 1960 2950 2014 sunt!
3004 1958 3293 2025 Quomodo
3344 1970 3441 2012 aer

1858 2054 2061 2109 sedatis
2100 2053 2456 2123 dulcibusque
2515 2061 2741 2106 ornatus
2774 2063 2857 2107 est
2905 2051 3159 2105 ﬂatibus!
3193 2050 3441 2117 Quantus

1858 2145 2040 2201 oriens
2072 2144 2237 2199 decor
2270 2143 2426 2198 chori
2458 2142 2778 2198 stellarum!
2815 2140 3017 2208 Quales
3048 2141 3310 2195 solarium
3350 2152 3441 2192 ra-

1859 2237 2073 2291 diorum
2108 2220 2427 2291 lucidiss'imi
2458 2235 2681 2303 jactus!
2738 2234 2994 2299 Quaenam
3030 2244 3186 2302 grata
3223 2231 3437 2299 species

1860 2328 2101 2382 caelestis
2151 2327 2410 2382 ornatus!
2449 2327 2582 2392 Quis
2635 2335 2818 2380 tantus
2852 2324 3166 2395 angelorum
3214 2333 3436 2377 coactus

1858 2421 2059 2475 chorus
2086 2434 2152 2475 ac
2189 2419 2526 2489 tripudium!
2566 2418 2699 2485 Quis
2733 2433 2919 2475 eorum
2964 2417 3288 2470 laudatiOnis
3312 2430 3438 2470 sua-

1858 2514 1940 2569 vis
1991 2514 2190 2569 sonus!
2229 2511 2274 2568 0
2312 2511 2566 2583 qualibus
2603 2520 2732 2566 tunc
2766 2512 3196 2565 venustabantur
3233 2508 3436 2563 divinis

1859 2606 2267 2676 splendoribusl
2328 2604 2503 2671 Quam
2553 2615 2659 2657 tuae
2696 2602 3117 2658 resurrectionis
3154 2615 3435 2670 praecones

1860 2698 2034 2751 induti
2072 2706 2233 2750 erant
2259 2695 2543 2750 laetitiaml
2582 2695 2807 2761 Qualem
2840 2695 3234 2757 ostenderunt,
3269 2704 3432 2761 quam

1857 2790 2083 2861 gloriam
2168 2804 2232 2843 ac
2275 2788 2512 2857 speciem
2558 2787 2847 2841 viderant!
2906 2783 2952 2840 0
2987 2799 3146 2839 voces
3191 2783 3313 2837 illas
3369 2796 3435 2836 ac

1856 2896 2137 2937 sermones
2169 2894 2360 2934 eorum
2384 2918 2399 2944 ,
2434 2880 2526 2948 qui
2577 2879 2821 2933 victoriae
2860 2880 2926 2933 de
2956 2880 3111 2934 hoste
3146 2885 3440 2946 reportatae

1858 2975 2030 3029 nuntii
2067 2974 2311 3030 luerunt!
2357 2972 2447 3041 qui
2478 2971 2913 3042 praedicaverunt
2935 2980 3263 3037 prostratam
3295 2983 3437 3023 mor-

162 3058 274 3129 τήν
303 3060 480 3130 χαρὰν
509 3060 586 3132 τῷ
616 3061 810 3132 κόσμῳ
850 3063 938 3117 διὰ
976 3065 1084 3118 τῶν
1118 3068 1446 3140 μυροφόρων
1476 3070 1751 3139 ἑνηχησά-

1861 3074 2005 3132 lem;
2070 3065 2161 3133 qui
2234 3064 2399 3119 vitam
2452 3071 2505 3118 te
2556 3077 2621 3116 ac
2699 3061 3149 3116 resurrectionem
3204 3059 3440 3112 terrenis

167 3166 313 3218 cm;-
365 3156 467 3224 τῆς
515 3154 581 3207 τὰ
636 3153 858 3225 λυπηρά
903 3158 1004 3228 τῆς
1056 3160 1335 3230 ἁμαρτίας
1382 3161 1754 3233 διαρῤηξάσης

164 3241 367 3311 δεσμάο
409 3246 507 3314 τῆς
546 3245 891 3314 εὐφροσύνην
923 3249 1200 3312 ταῖς“τῶν
1248 3251 1505 3305 ἁπάντων
1540 3254 1753 3323 ἐνοικη-

170 3333 349 3402 σάσης
376 3333 589 3397 ἀκοαῖς.
624 3337 773 3390 Ἔδει
800 3339 909 3409 γὰρ
946 3340 1046 3411 τὴν
1069 3341 1404 3413 αὐτοχαράν,
1445 3344 1540 3396 καὶ
1579 3343 1756 3415 θυμη-

169 3422 297 3477 δίαν
319 3425 548 3496 τοιούτῳ
573 3429 1002 3499 προκηρύγματι
1024 3435 1089 3503 τῇ
1108 3432 1216 3484 τῶν
1240 3432 1544 3504 ἀνθρώπιον
1570 3452 1755 3504 προοι-

175 3513 478 3583 μιάσασθαι
522 3515 735 3587 κλήσει,
767 3518 994 3590 τοιούτῳ
1025 3523 1315 3593 περιχαρεῖ
1338 3522 1756 3592 προσφθέγματι

170 3604 292 3665 τοῖς
318 3604 394 3671 τῷ
425 3603 655 3674 λυπηρῷ
687 3606 787 3677 τῆς
820 3610 1095 3679 ἁμαρτίας
1122 3612 1463 3681 ὲνεχομένοις
1494 3615 1755 3685 ἐπιτιμίῳ

172 3695 582 3765 προσομιλῆσαι
632 3697 879 3761 τοιαῦτα,
913 3702 1009 3752 καὶ
1036 3701 1133 3770 τῆς
1168 3702 1491 3772 παρουσίας,
1526 3705 1621 3757 καὶ
1653 3705 1754 3775 τῆς

173 3785 497 3853 εὐεργεσίας
528 3802 620 3839 σου
652 3787 987 3860 προδραμεῖν
1016 3791 1343 3860 Εὐαγγέλια.
1397 3794 1755 3866 Ἐσκίρτησεν

174 3878 217 3947 ή
247 3877 510 3948 σύμπασα
536 3879 735 3944 κτίσις.

252 4158 382 4210 Τότε
434 4158 762 4215 διεπέτασειν
812 4166 859 4216 οἱ
898 4164 1118 4234 οὐρανοὶ
1146 4164 1243 4225 τὰς
1295 4165 1503 4229 πύλας,
1547 4168 1640 4221 καὶ
1681 4168 1754 4233 ὡς

182 4248 320 4301 ἰδίαν
344 4249 444 4319 τὴν
474 4250 581 4302 τῶν
615 4254 819 4325 γηΐνων
857 4253 1195 4319 εἰσεδέξαντο
1227 4255 1510 4323 ἀγγελίαν.
1562 4258 1759 4325 Ἦγαλ-

177 4339 439 4392 λιάσαντο
473 4342 527 4392 αἱ
552 4343 737 4410 νοεραὶ
763 4341 1045 4413 δυνάμεις,
1075 4344 1168 4398 καὶ
1194 4348 1259 4414 τῇ
1288 4347 1605 4418 ἀνθρωπίνῃ
1638 4366 1759 4404 συντ

1862 3156 2335 3227 evangelizarunt!
2369 3153 2415 3210 0
2445 3153 2655 3208 dulcem
2684 3192 2697 3217 ,
2746 3168 2809 3207 ac
2838 3168 2999 3221 supra
3031 3165 3194 3205 omne
3222 3150 3437 3205 deside-

1863 3245 2086 3300 rabilem
2117 3259 2298 3300 vocem
2319 3247 2501 3299 tuam!
2536 3259 2654 3314 qua:
2672 3259 2768 3312 per
2795 3242 3203 3312 unguentiicras
3244 3241 3436 3296 mulie-

1864 3352 1949 3390 res
1978 3338 2229 3406 gaudium
2266 3337 2508 3391 insonuit
2564 3337 2764 3390 mundo
2798 3354 2811 3390 :
2850 3350 2971 3404 qua:
3020 3334 3194 3388 tristia
3243 3332 3437 3387 mortis

1862 3428 2093 3496 disrupit
2123 3428 2368 3494 vincula;
2414 3443 2534 3499 qua:
2564 3428 2804 3482 omnium
2851 3426 3073 3479 auribus
3110 3424 3428 3492 iucundita-

1865 3532 1971 3574 tem
2026 3521 2274 3576 immisit.
2316 3520 2612 3590 Oportebat
2662 3521 2807 3575 enim
2865 3519 3037 3589 ipsum
3075 3532 3172 3587 per
3216 3532 3274 3571 se
3303 3532 3437 3588 gau-

1863 3612 2009 3666 dium
2042 3626 2107 3666 ae
2135 3613 2564 3682 jucunditatem,
2615 3612 2817 3683 praevia
2868 3609 3135 3680 ejusmodi
3173 3608 3434 3677 praedica-

1865 3705 2030 3770 tione,
2057 3705 2335 3758 hominum
2364 3705 2533 3759 urdiri
2570 3705 2909 3759 vocati0nem
2943 3720 2956 3755 :
2985 3700 3247 3768 ejusmodi
3280 3700 3434 3767 plena

1863 3795 2045 3865 gaudii
2096 3795 2512 3864 compellatione
2534 3834 2550 3860 ,
2586 3810 2680 3849 eos
2711 3794 2889 3859 aliari,
2920 3794 3011 3862 qui
3050 3792 3192 3846 tristi
3229 3790 3434 3860 peccati

1862 3896 2017 3942 reatu
2053 3886 2415 3941 tenebantur:
2451 3896 2508 3942 ut
2542 3886 2667 3942 talia
2698 3889 2966 3940 adventus
2998 3885 3072 3937 tui
3095 3900 3159 3937 ae
3185 3882 3435 3937 beneﬁcii

1864 3987 2261 4047 praecurrerent
2294 3977 2467 4032 fausta
2505 3978 2712 4032 nuntia.
2746 3973 3007 4045 Tripudio
3035 3973 3253 4044 gestivit
3281 3987 3441 4027 crea-

1867 4081 1982 4122 tura
2010 4068 2211 4122 omnis.

1924 4159 2088 4214 'Tunc
2109 4160 2232 4215 coeli
2266 4170 2595 4229 aperuerunt
2618 4171 2825 4230 portas.
2858 4173 2921 4214 ac
2955 4158 3103 4213 Velut
3132 4156 3433 4228 propriam,

1867 4259 2205 4304 terrenorum
2269 4251 2606 4305 admiserunt
2643 4249 3135 4306 aununtiationem.
3187 4250 3438 4305 Exsulta-

1869 4356 1994 4398 runt
2047 4343 2319 4410 spiritales
2370 4343 2596 4397 virtutes
2623 4382 2638 4406 ,
2677 4343 2905 4412 parique
2959 4359 3081 4397 cum
3117 4341 3432 4397 hominibus

176 4429 439 4497 ηδόμεναι
483 4429 758 4503 θυμηδία,
793 4435 977 4504 κοινὴν
1014 4435 1111 4504 τὴν
1148 4437 1622 4508 ὑπερευφρὸσννον
1663 4458 1754 4509 χο-

1861 4435 2197 4504 jncunditate
2227 4435 2547 4503 gaudentes,
2581 4435 2875 4502 tripudium
2911 4436 3056 4488 οηιιιὶ
3091 4434 3262 4504 majus
3296 4431 3436 4489 lzeti-

184 4522 336 4589 ρείαν
366 4522 772 4591 ἐπεκράτησαν.
835 4526 1213 4597 Κατελάμςςθη
1250 4529 1550 4598 τηνικαῦτα
1573 4573 1587 4596 ,
1624 4532 1651 4583 ὅ
1696 4549 1755 4583 τε

180 4611 368 4679 νοητὸς
414 4614 505 4663 καὶ
531 4614 561 4665 ὁ
598 4613 851 4685 αἰσθητὸς
885 4617 1108 4688 κόσμος.
1163 4618 1509 4690 Διηλαθησαν
1549 4623 1614 4675 ἐκ
1652 4623 1760 4676 τῶν

182 4701 434 4771 περάτων
476 4703 716 4773 ἀθυμίας
758 4707 928 4778 νέφη,
981 4709 1076 4761 καὶ
1122 4709 1388 4780 εὐθυμίας
1428 4714 1645 4776 ἀκτῖνες
1692 4714 1762 4768 τά

186 4792 360 4843 πάντα
402 4793 844 4865 περιειλήφασιν.
903 4796 1159 4869 Ἐξεδύθη
1205 4800 1263 4851 τὺ
1296 4804 1539 4871 κατηφὲς
1583 4806 1614 4872 ή
1662 4821 1761 4857 κα-

184 4881 441 4949 τάκριτος
474 4881 635 4949 φύσις
663 4924 677 4944 ,
729 4886 823 4936 καὶ
868 4887 967 4956 τὴν
1011 4887 1105 4939 τοῦ
1146 4889 1322 4954 φωτὸς
1373 4893 1763 4962 περιεϐάλλετο

187 4971 399 5041 στολήν.
461 4975 752 5045 Διεσχίσθη
809 4978 869 5029 τὸ
920 4978 1022 5047 τῆς
1072 4980 1317 5052 κατάρας
1374 4985 1759 5055 χειρόγραφοψ

186 5063 433 5132 εὐλογίας
466 5066 890 5137 ἀντεγράφησαν
924 5072 1267 5139 ἐπαγγελίαι·
1316 5076 1491 5128 πάντα
1534 5077 1609 5146 τῷ
1643 5096 1763 5130 και-

188 5157 387 5225 νοποιῷ
414 5157 504 5209 τοῦ
539 5159 781 5224 Χαίρετε
810 5162 1273 5233 προσφθέγματος
1298 5166 1392 5234 τῆς
1421 5165 1643 5236 ἡδίστης
1671 5170 1763 5221 καὶ

190 5249 467 5319 ἀδιαδόχου
510 5268 601 5303 σου
634 5252 991 5322 πεπλήρωται
1019 5258 1214 5324 χαρᾶς.
1253 5257 1414 5327 Αὑτῴ
1448 5258 1764 5329 ἀγαλλίαμα

191 5340 299 5408 γὰρ
352 5337 419 5411 ἦν
450 5341 467 5414 [
494 5343 593 5413 leg.
632 5344 792 5405 αὐτὸς
843 5346 954 5416 γὰρ
997 5343 1068 5417 εἴ]
1126 5348 1466 5419 εὐφροσύνης
1510 5353 1760 5423 ἁτὲσης,

192 5432 287 5485 καὶ
317 5434 490 5505 κῆρυξ
515 5439 606 5489 καὶ
637 5439 805 5501 αἴτιος
826 5480 840 5505 ,
872 5439 1095 5507 ἀγαθῶν
1127 5444 1426 5511 ποιητικὸς,
1462 5445 1554 5497 καὶ
1582 5445 1764 5524 θυμη-

190 5526 307 5588 δίας
337 5530 668 5598 παρεκτικδς
689 5570 703 5593 ,
741 5530 886 5602 ζωή,
925 5534 1017 5585 καὶ
1045 5534 1339 5597 ἀνάστασις
1360 5576 1374 5600 ,
1414 5537 1507 5589 καὶ
1535 5538 1767 5605 ἀναφαί-

196 5633 347 5689 ρετον
378 5620 827 5694 ἐγκαλλώπισμα.
870 5623 991 5687 Φῶς
1020 5624 1191 5693 γλυκὺ
1216 5667 1229 5689 ,
1267 5628 1360 5680 καὶ
1392 5628 1765 5701 ὑπερπόθητον

192 5716 401 5786 θέαμα·
436 5718 646 5791 γαλήνη
678 5719 962 5791 νοουμένη,
996 5721 1088 5775 καὶ
1114 5723 1303 5793 εἰρήνη
1328 5725 1761 5794 παραγινιιμὲνηυ

1866 4528 1939 4580 tia
1989 4535 2301 4596 coegerunt.
2340 4524 2599 4579 Perfusus
2650 4533 2733 4578 cst
2779 4525 2984 4577 lumine
3014 4539 3137 4579 cum
3178 4524 3441 4593 spiritalis

1865 4621 2117 4682 mundus,
2154 4628 2265 4671 tum
2318 4616 2553 4670 sensilis.
2592 4616 2767 4670 Pulsa:
2799 4625 2928 4669 sunt
2967 4621 3034 4668 ab
3064 4617 3211 4670 orbis
3242 4615 3440 4669 ﬁnibus

1864 4712 2135 4766 maestitiae
2183 4710 2401 4777 nubes;
2444 4710 2643 4764 laetitia:
2664 4710 2799 4764 radii
2846 4710 3025 4763 omnia
3079 4720 3437 4779 occuparunt.

1862 4804 2062 4858 Natura
2116 4818 2205 4856 rea
2242 4802 2487 4857 habitum
2548 4804 2823 4857 mtestitite
2866 4806 3055 4868 exuit,
3101 4818 3164 4857 ac
3219 4803 3439 4859 luminis

1863 4897 2037 4951 induit
2084 4898 2303 4949 stolam.
2348 4894 2656 4965 llisruptum
2693 4906 2771 4950 est
2813 4897 3214 4950 maletlictionts
3253 4897 3439 4951 chiro-

1866 4990 2152 5058 graphum,
2184 4988 2412 5057 ejusque
2447 4989 2565 5041 loco
2616 4989 3068 5056 repromissiones
3114 4989 3439 5057 conscriptae

1865 5092 2011 5137 sunt.
2042 5079 2234 5134 Omnia
2257 5120 2271 5143 ,
2314 5095 2451 5133 nuva
2486 5081 2574 5134 illa
2605 5082 2751 5135 vocis
2782 5080 2939 5135 Aucte
2975 5082 3393 5150 compellatione
3419 5122 3434 5146 ,

1865 5172 2177 5227 dulcissimo
2212 5183 2304 5226 tuo
2329 5187 2391 5227 ac
2427 5173 2774 5227 indefectibili
2813 5175 3006 5243 gaudio
3037 5184 3163 5227 sunt
3195 5174 3435 5242 impleta.

1864 5262 1943 5317 Tu
1984 5266 2126 5317 enim
2158 5264 2326 5318 totius
2357 5264 2556 5319 laetitiae
2611 5265 2904 5319 exsultatio
2930 5281 2989 5320 es
3009 5306 3023 5332 ,
3060 5282 3345 5336 praecoque
3372 5282 3439 5321 ac

1865 5368 2025 5407 causa
2052 5370 2065 5418 ;
2101 5355 2362 5407 bonorqu
2394 5355 2732 5417 conciliatio,
2767 5371 2827 5407 ac
2853 5356 3207 5423 jucunditatis
3241 5355 3439 5423 prahi-

1867 5447 1974 5509 tio;
2012 5446 2140 5511 vita,
2177 5455 2226 5499 et
2261 5448 2613 5511 resurrectio,
2640 5447 3000 5518 gloriatioque
3031 5447 3391 5502 inauieribilis
3419 5466 3435 5503 :

1867 5537 2021 5591 dulce
2049 5538 2250 5600 lumen,
2288 5555 2351 5591 ac
2385 5540 2749 5608 spectaculum
2781 5557 2943 5608 supra
2979 5541 3195 5593 modum
3225 5541 3440 5594 deside-

1870 5630 2081 5683 rabile:
2138 5631 2501 5698 tranquillitas
2539 5642 2721 5686 mente
2755 5643 3048 5701 concepta.
3090 5647 3303 5702 paxque
3341 5633 3437 5686 ad.

1870 5722 2088 5777 veniens
2116 5736 2131 5775 :
2163 5724 2274 5792 ipsa
2309 5738 2403 5792 per
2430 5738 2487 5777 se
2512 5724 2773 5793 sapientia
2797 5763 2811 5789 ,
2839 5740 2901 5779 ac
2937 5725 3131 5788 virtus,
3165 5723 3435 5779 submini—
