4166 6440
200 391 339 458 1505

195 508 307 574 γὰρ
357 499 633 571 φιλοθεΐας
663 498 1026 568 εύγνωμίνως
1070 493 1517 562 διαναϐἐϐηκας.

192 595 307 648 τῶν
344 593 622 663 μεγίστων
656 592 843 659 τυχεῖν
886 587 1142 655 ἐφίεσθαι
1168 624 1184 651 ,
1228 586 1323 638 καὶ
1369 584 1469 655 τῆς
1502 581 1787 652 ἀμηχάνου

192 684 407 740 τούτων
436 681 751 752 εὐφημίας,
796 679 1030 743 πολλοὺς
1082 676 1442 732 ἐκκαλεῖσθαι
1489 677 1629 745 πρὶς
1654 674 1790 727 ἀνά-

194 777 383 849 ληψιν.
408 777 500 829 Δεῖ
535 773 614 840 δὲ,
651 771 726 843 μὴ
754 773 855 843 τῆς
884 771 981 825 τοῦ
1013 773 1394 833 ἐπιτάττοντος
1421 769 1483 823 τὸ
1515 768 1792 840 ὑπερφυὲς

194 873 335 941 ἡμῖν
361 866 639 922 ἐννοοῦσιν
669 865 975 929 ἀξιώσεως,
1008 866 1109 935 τῆς
1140 864 1276 933 πρὸς
1307 862 1596 915 εὐσέϐειαν
1626 859 1792 914 αὑτοῦ

196 962 263 1014 τὸ
292 956 456 1032 ἦττον
507 956 929 1027 ἀπενέγκασθαι
971 955 1351 1027 προαιρέσεως
1379 969 1392 982 ·
1432 952 1704 1024 παριστᾷν
1737 950 1794 1003 δὲ

196 1052 302 1125 τὴν
330 1050 655 1122 εὐγνώμονα
674 1052 925 1121 γνώμην,
948 1050 996 1101 εί
1028 1049 1122 1101 καὶ
1148 1048 1326 1117 πάντη
1351 1045 1458 1099 τῶν
1487 1047 1606 1098 κατ’
1637 1044 1796 1110 ἀξίαν

201 1146 383 1215 λόγων
430 1144 532 1211 τῆς
568 1143 854 1215 παρούσης
895 1142 1259 1210 ἐκπίπτοιμεν
1295 1137 1628 1199 ὑποθέσεως·
1661 1135 1798 1190 ἀλλά

202 1240 305 1308 τῆς
346 1253 412 1299 γε
445 1236 540 1290 τοῦ
579 1234 937 1306 προτεθέντος
970 1234 1141 1303 αὐτὴν
1191 1233 1266 1304 μὴ
1305 1230 1556 1285 ἀποδέειν
1590 1226 1797 1298 προθυ-

207 1330 359 1400 μίας.
397 1329 555 1398 Ἔχει
589 1327 689 1397 μὲν
734 1325 845 1397 γὰρ
898 1326 996 1379 καὶ
1026 1325 1164 1395 αὑτὴ
1206 1324 1269 1376 τὸ
1302 1324 1587 1393 διάπυρον,
1636 1320 1798 1391 ἔρωτι

197 1422 314 1476 τῶν
344 1419 570 1489 ἀγαθῶν
615 1417 997 1488 ἑκκαιομένη,
1054 1417 1349 1485 κατέχεται
1400 1415 1456 1467 δὲ
1484 1454 1498 1477 ,
1554 1413 1649 1467 καὶ
1698 1411 1801 1480 τῆς

203 1514 406 1583 ςλογὸς
439 1511 828 1583 διαιρουμένης
859 1508 1067 1581 διύγρῳ
1099 1509 1208 1562 τινὶ
1258 1507 1514 1577 καθάπερ
1548 1504 1671 1576 ὕλῃ,
1707 1502 1801 1555 καὶ

200 1606 268 1660 τὸ
298 1603 665 1670 ἀδιεξόδευτον
701 1600 1117 1673 ὲπιπροσθούσῃ
1144 1640 1159 1665 ,
1189 1599 1269 1668 τῷ
1301 1599 1412 1653 τῶν
1459 1596 1802 1668 πραγμάτων

205 1696 502 1766 ὑπερόγκῳ
535 1710 594 1745 τε
645 1692 761 1762 ἅμα
813 1693 907 1747 καὶ
958 1692 1102 1764 ὑπὲρ
1151 1691 1418 1759 δύναμιν·
1452 1691 1706 1759 πειρᾶται
1755 1686 1801 1739 δ’

201 1786 349 1855 ὀπῆς
388 1801 533 1847 τινος
590 1782 870 1851 λαϐομένη
891 1821 906 1846 ,
936 1783 1031 1835 καὶ
1057 1781 1181 1835 λίαν
1212 1778 1548 1841 σπουδαίως,
1583 1778 1661 1839 εἰς
1694 1792 1799 1842 φα-

1087 383 1169 444 IN
1210 384 1317 443 SS.
1357 379 1590 439 MART.
1633 372 1938 436 COSMAM
1979 370 2074 430 ΕΤ
2116 364 2545 428 υΛΜΙΛΝυΗ.

1565 492 1639 555 ὡς
1692 491 1785 544 καὶ
1816 499 1861 553 Α
1891 484 2060 538 bitatc
2107 481 2272 535 animi
2325 477 2617 549 pl’ON‘XlSil
2647 516 2661 538 ,
2716 485 2769 527 nt
2820 482 2874 527 et
2925 472 3159 527 maxima
3211 476 3468 546 consequi

3324 357 3465 425 1506

1892 576 2100 644 cupias,
2126 572 2420 643 pluresque
2476 572 2529 624 in
2563 570 2755 623 horum
2785 567 3025 620 virorum
3060 567 3341 635 perardua:
3369 568 3478 620 ltttl~

1892 667 2129 721 dationis
2175 665 2491 718 societatem
2541 661 2782 715 asciscas
2830 675 2893 713 ac
2955 673 3238 728 provoces.
3289 656 3480 727 Opera;

1894 770 2072 813 autem
2106 758 2338 828 pretium
2377 754 2641 818 videatur,
2677 763 2734 806 ut
2776 766 2844 806 ne
2874 750 3238 821 praecipientis
3270 754 3483 821 magni-

1895 850 2052 905 ﬁcmtt
2096 849 2413 917 petitionem
2446 846 2826 909 attendentes,
2871 845 2940 899 ab
2974 844 3091 913 eius
3128 860 3225 898 nos
3268 845 3319 899 in
3373 845 3482 914 pieo

1897 952 2061 998 tatem
2106 956 2372 1012 propensa
2422 939 2697 994 voluntate
2749 938 2890 992 vinci
2948 939 3237 1008 patiamur,
3285 940 3378 991 sed
3426 946 3484 991 ut

1899 1036 2077 1104 potius
2105 1033 2257 1101 probi
2292 1030 2460 1084 anitni
2487 1031 2781 1083 candorem
2815 1030 3211 1096 exltibeantus;
3237 1039 3293 1082 ut
3316 1044 3484 1097 quan-

1899 1142 2059 1197 quam
2115 1124 2340 1177 omnino
2403 1122 2688 1191 condignis
2735 1123 3050 1176 exornando
3130 1123 3480 1176 sermonibus

1899 1226 2225 1289 argumento
2256 1217 2495 1285 impares
2526 1217 2717 1278 simus,
2753 1215 2895 1267 haud
2924 1223 3103 1267 tamen
3136 1218 3202 1267 an
3226 1216 3343 1283 ejus
3388 1213 3483 1283 qui

1894 1305 2113 1373 negavit
2147 1304 2315 1356 animi
2352 1301 2637 1355 alacritate
2685 1302 3024 1356 deﬁciamus.
3060 1301 3234 1356 Habet
3264 1304 3483 1372 quidem

1901 1406 1955 1449 et
1987 1395 2077 1448 ille
2106 1409 2263 1448 suum
2294 1391 2599 1457 fervorem,
2635 1394 2901 1446 bonorum
2925 1409 3115 1447 amore
3140 1408 3439 1448 succensus
3468 1411 3484 1446 :

1905 1497 2121 1541 tenetur
2152 1500 2301 1546 vero,
2353 1498 2451 1537 ceu
2509 1485 2729 1537 humida
2780 1484 3017 1552 quadam
3066 1487 3294 1540 materia
3332 1485 3488 1540 ﬂani-

1905 1592 2046 1630 mam
2096 1576 2409 1639 dividente,
2455 1589 2519 1627 ac
2552 1587 2620 1627 ne
2652 1585 2902 1644 erumpat
2960 1576 3314 1645 impediente,
3355 1592 3488 1647 prae-

1906 1682 2099 1737 magna
2134 1682 2311 1721 rerum
2343 1666 2515 1731 mole,
2552 1676 2607 1720 et
2632 1682 2752 1734 qua:
2781 1669 3034 1720 virtutem
3066 1669 3297 1723 excedat
3324 1687 3337 1722 :
3370 1682 3488 1724 ten-

1906 1759 1997 1813 dat
2029 1768 2228 1819 tatnen,
2256 1766 2312 1810 ut
2344 1756 2590 1811 foramen
2616 1759 2835 1827 aliquod
2869 1774 3173 1827 occupans,
3194 1762 3489 1832 diligenter

207 1878 368 1950 vs.pr
428 1875 527 1946 τὴν
584 1874 693 1927 τῶν
751 1877 871 1928 κατ’
934 1872 1197 1943 εὐπορίαν
1255 1869 1430 1940 λόγων
1486 1868 1792 1935 ἐξενεγκεῖν

1912 1851 2212 1915 admodum,
2266 1861 2323 1904 ιιι
2366 1866 2529 1920 quem
2580 1867 2677 1921 pro
2712 1853 2926 1908 dicendi
2974 1854 3229 1909 facultate
3277 1856 3486 1910 radium

206 1972 423 2025 ἀκτῖνα.

282 2064 354 2115 Σὺ
403 2061 501 2131 μὲν
552 2056 646 2114 οὖν
678 2062 707 2112 ὁ
752 2058 886 2129 πρὸς
927 2058 1154 2119 τούτους
1206 2054 1540 2124 ἐπαλείφων,
1583 2052 1794 2123 ἄριστε,

209 2156 354 2227 τάχα
396 2156 491 2219 τὰς
536 2153 790 2224 συνήθεις
820 2150 931 2204 τῶν
961 2150 1344 2221 ἐγκωμίων-ἠ
1398 2146 1640 2219 προθεὼ
1674 2147 1798 2197 ἑπι-

210 2246 474 2316 ζητήσεις
500 2244 783 2313 αὐξήσεις,
812 2242 1154 2312 ὲπιδεικτικῇ
1181 2256 1288 2294 τινι
1337 2237 1631 2309 περιεργίᾳ
1669 2234 1797 2288 ταύ-

205 2355 311 2399 τας
354 2335 750 2407 προσαπαιτῶν
806 2332 1160 2405 ἐξαίρεσθαι·
1230 2333 1277 2384 οί
1329 2331 1376 2383 δ’
1425 2334 1505 2393 εὶς
1562 2328 1801 2382 ἐπαίνων

209 2431 471 2501 ἀφορμὴν
523 2427 935 2498 προτιθεμένων
971 2425 1083 2499 [Im
1131 2423 1580 2496 προτιθέμενοιι,
1611 2421 1803 2490 ὥσπερ

210 2526 283 2576 τά
319 2523 642 2593 πράγματα,
674 2517 819 2573 οὕτω
847 2521 941 2572 καὶ
972 2517 1041 2572 τά
1075 2517 1143 2571 δι’
1191 2515 1373 2570 αὐτῶν
1413 2514 1804 2584 ἀπωθήσονται

214 2611 616 2683 περινοούμενα
644 2611 1121 2681 σεμνολογήματα.
1156 2603 1253 2672 Οἷς
1280 2608 1388 2677 γὰρ
1418 2606 1805 2675 προκειμένοις

212 2704 317 2757 οὐκ
345 2702 713 2775 ἐτέρφθησαν,
753 2702 900 2771 λόγῳ
922 2700 1515 2770 καθυποόεικνυμένοις
1532 2738 1547 2764 ,
1573 2699 1806 2768 νεμεσή-

216 2810 423 2847 σουσιν.
456 2793 582 2856 Πῶς
615 2792 660 2845 δ’
691 2792 793 2845 οὐκ
821 2792 887 2846 ἂν
916 2791 1011 2845 καὶ
1045 2791 1271 2854 εἰκότως
1300 2792 1413 2852 τοῖς
1439 2790 1501 2841 ἐκ
1546 2786 1806 2856 πατρίδος

214 2885 442 2956 ἀγαθῶν
484 2885 773 2956 σεμνύνειν
822 2884 1051 2946 τούτους
1114 2884 1414 2953 ἐπιχειρεῖν
1455 2878 1804 2950 βουλομένοις

215 2978 624 3047 ὲπιτιμήσαιεν,
637 2974 795 3029 αὐτοὶ
818 2973 1033 3044 πλούτῳ
1055 2972 1133 3042 τῷ
1146 2970 1559 3024 πλεονεκτοῦντι
1579 2968 1804 3038 ταύτης,

217 3069 516 3140 περιουσίᾳ
546 3084 605 3120 τε
637 3069 729 3120 καὶ
762 3066 984 3137 μεγέθει
1018 3066 1264 3134 κτήσεων
1310 3061 1588 3131 πολεμίως
1631 3059 1806 3113 διατι-

216 3158 710 3231 θέμενοηἘροῦσι
738 3160 848 3229 γάρ
874 3158 969 3211 καὶ
993 3157 1114 3211 λίαν
1144 3157 1553 3226 προσηκόντως,
1570 3151 1809 3205 ἐπισκώ-

219 3254 451 3316 πτοντες
475 3270 536 3304 τε
568 3251 715 3322 ἅμα,
750 3251 845 3304 καὶ
875 3249 974 3321 τὴν
1008 3249 1139 3319 περὶ
1168 3246 1341 3300 ταῦτα
1378 3244 1491 3299 τῶν
1526 3242 1807 3315 πειρωμέ-

218 3361 331 3396 νων
378 3343 616 3413 σπουδὴν
660 3341 1081 3404 ἀνακόπτοντες⁸
1132 3338 1225 3410 Μὴ
1264 3340 1332 3410 τῇ
1375 3338 1484 3392 τῶν
1516 3336 1813 3408 ὁρωμένων

217 3435 499 3507 τερπνῶν,
531 3435 628 3489 καὶ⁵
656 3437 791 3505 ἡμῖν
819 3431 1291 3503 ἀπηγορευμένων
1318 3432 1377 3484 ὲν
1406 3428 1588 3498 λόγοις
1619 3443 1809 3495 προτι-

222 3527 430 3598 μήσει,
491 3526 591 3595 τὴν
643 3524 756 3576 τῶν
822 3525 1151 3593 νοουμένων,
1220 3520 1318 3574 καὶ
1375 3521 1561 3590 ἔργοις
1611 3534 1811 3588 προτε-

220 3623 549 3693 τιμημένων
583 3619 808 3689 ἀγαθῶν
840 3618 1225 3688 καθυϐρίσειέν
1254 3634 1338 3679 τις
1377 3613 1811 3685 μεγαλειότητα,

223 3715 355 3786 μηδ’
379 3713 618 3783 ἀποϐολῇ
643 3715 710 3783 τῇ
739 3710 806 3764 δι’
825 3706 899 3763 ὧν
928 3712 987 3763 τὸ
1014 3713 1093 3772 είς
1116 3708 1321 3770 αίῶνας
1346 3704 1628 3777 περίδοξον
1653 3720 1816 3775 προσ-

220 3805 445 3873 εγένετο
474 3802 797 3875 κτήσασθαι,
829 3801 1072 3871 νομίσειε
1107 3796 1614 3869 σεμνολογουμένην
1640 3811 1813 3864 προσ-

221 3897 405 3966 θήκην
449 3892 790 3965 περιτιθέναι
818 3891 1083 3963 δοκούσης
1127 3892 1261 3961 ἡμῖν
1282 3888 1537 3950 εὐκλείας
1556 3929 1571 3953 ,
1588 3890 1615 3941 ὁ
1641 3886 1813 3940 ταῦτα

224 3987 642 4060 βουλευόμενος.
682 3986 919 4053 ’Υφεσιν
946 3985 1052 4056 γὰρ
1083 3983 1274 4052 αὐτὴν,
1317 3982 1419 4035 ούκ
1444 3978 1672 4051 αὔξησιν
1705 3978 1815 4031 τῶν

224 4089 289 4137 ἐν
340 4081 608 4153 ἐπιθυμίᾳ
670 4082 984 4153 προσόντων
1044 4077 1429 4151 ήγησάμενοις,
1492 4076 1584 4128 καὶ
1635 4074 1709 4127 τά
1755 4073 1817 4137 ἐξ

220 4174 445 4245 τκείνης
491 4172 863 4243 ἀπωθούμεθα
912 4170 1405 4241 μεγαλαυχήματα.
1473 4166 1638 4219 Οὐδὲν
1681 4165 1815 4235 ἡμῖν

226 4267 440 4322 πόλεων
497 4266 595 4319 καὶ
665 4264 903 4317 κτιστῶν
950 4262 1143 4333 ἐκρίθη
1188 4259 1550 4332 περιφάνεια·
1604 4258 1668 4310 ού
1713 4255 1816 4325 γῆς

223 4360 463 4429 ε’)φορία
496 4357 734 4426 καιρίοις
763 4357 996 4426 καρποῖς
1030 4353 1421 4424 ἑπιϐρίθουσα·
1456 4351 1519 4403 ού
1554 4348 1819 4402 ποικίλων

226 4451 520 4521 λειμώνων
551 4446 953 4517 τερπνότητες·
1012 4445 1076 4496 ού
1120 4442 1290 4514 χῶροι
1326 4443 1446 4504 ταῖς
1494 4438 1603 4492 τῶν
1637 4437 1817 4507 ἀέρων

226 4537 686 4609 εὐδαιμονοῦντες
711 4536 1071 4608 εὐκρασίαις·
1116 4534 1179 4586 ού
1219 4532 1395 4603 πηγαὶ
1432 4529 1816 4589 διειδεστάτοις

229 4632 725 4701 ἀναστομούμεναι
781 4632 1022 4699 νάμασι,
1058 4628 1153 4681 καὶ
1180 4628 1247 4696 τῇ
1274 4624 1402 4695 θέᾳ,
1442 4623 1549 4692 πρὸ
1577 4623 1821 4690 γεύσεως

229 4725 526 4779 ἐντιθεῖσαι
567 4726 629 4778 τὸ
682 4724 936 4794 ἥδιστον·
980 4722 1081 4775 οὐκ
1115 4720 1175 4783 ἐξ
1218 4717 1527 4789 ἀκρωρείας
1581 4712 1821 4779 ποταμοὶ

227 4821 637 4891 κιταῤῥέοντες
663 4859 678 4883 ,
712 4816 956 4870 κοιλάσιν
989 4830 1047 4866 τε
1093 4814 1189 4864 καὶ
1221 4811 1470 4863 πεδιάσιν
1502 4807 1685 4878 ἠρέμα
1720 4806 1822 4874 τὴν

228 4914 439 4983 ;;‹ροην
474 4910 707 4973 ἐνιέντες
730 4926 743 4940 ·
789 4906 1018 4979 χλωρὰς
1052 4904 1178 4977 [ίσ.
1221 4907 1395 4964 deest,
1453 4897 1685 4968 οἵτινες]
1723 4896 1823 4966 μὲν

232 5022 259 5054 τ
283 5002 447 5063 ιύτας
474 5001 571 5053 καὶ
610 4997 859 5061 εὐανθεῖς
883 4995 1280 5064 ἀποφαίνουσιν
1302 5008 1315 5021 °
1346 4990 1427 5061 τῷ
1455 4992 1555 5061 τῆς
1592 4988 1736 5058 ὦρας
1764 4986 1821 5039 δὲ

232 5094 395 5158 λείῳ,
450 5091 588 5163 πρὸς
642 5090 845 5153 ἑαυτὰς
900 5088 1018 5158 μεθ’
1074 5086 1271 5158 ἡδονῆς
1327 5084 1455 5145 τοὺς
1512 5082 1823 5151 θεωμένους

232 5192 255 5238 ὲ
277 5186 581 5253 ,εὔχονται
610 5181 798 5244 οὕτως
818 5184 854 5253 ἡ
871 5183 935 5233 ὲκ
962 5180 1233 5247 θαλάττης
1256 5175 1542 5245 ἀγώγιμος
1568 5173 1819 5243 ἀφθονία,

230 5276 510 5347 ἁκτησίας
573 5275 866 5346 περιουσίᾳ
929 5270 1433 5341 καταπεφρόνηται.
1499 5266 1820 5333 ιιεπάτηται

230 5370 472 5444 ἴριτσδς,
520 5372 550 5421 ὁ
612 5367 711 5431 τὰς
765 5366 944 5436 ψυχὰς
1003 5363 1396 5431 δουλούμενος·
1448 5359 1680 5425 ἣττηται
1727 5372 1823 5407 τυ-

237 5466 429 5533 pavit;
470 5461 685 5515 ἐκείνου
729 5457 839 5511 τῶν
867 5456 1045 5510 ἀλλων
1089 5450 1537 5523 κατακρατοῦσα,
1572 5445 1824 5509 καὶτοὺς

233 5556 470 5615 ἁλόντας
522 5552 807 5621 μονονουχὶ
850 5550 1008 5620 δίκην
1056 5545 1411 5617 ἀνδραπόδων
1446 5546 1654 5611 ἄγουσα
1686 5540 1820 5609 πρὸς

230 5649 466 5714 ἑαυτὴν,
498 5647 593 5699 καὶ
626 5645 1024 5697 ύποτάττουσα.

1903 1946 2095 2016 possit,
2130 1944 2181 1996 in
2212 1944 2488 2012 publicum
2515 1942 2775 2013 proferat.

1977 2037 2179 2089 Forsan
2240 2050 2403 2101 vero,
2466 2038 2552 2088 vir
2598 2039 2839 2105 optime,
2900 2038 2990 2106 qui
3044 2039 3111 2091 ad
3160 2038 3490 2093 landatorins

1904 2127 2171 2195 ejusmodi
2222 2142 2503 2181 sermones
2533 2129 2748 2191 incitas.
2797 2138 3083 2184 consuetas
3115 2132 3489 2185 encomiorum

1905 2220 2352 2293 exaggerationes
2408 2221 2693 2288 requires,
2758 2224 3134 2275 exornativatn
3197 2224 3489 2292 quamdam

1908 2314 2291 2385 itnpensioretn
2350 2313 2693 2368 sedulitatem
2750 2314 2815 2367 ad
2854 2328 3042 2368 earum
3096 2316 3341 2370 cumulos
3394 2318 3490 2371 de-

1907 2398 2473 2477 poscens.‘Ca:terum
2506 2404 2609 2457 viri
2650 2404 2703 2456 in
2756 2404 3085 2459 laudationis
3114 2414 3489 2473 argumentum

1909 2498 2206 2569 propositi,
2241 2500 2316 2554 uti
2351 2511 2469 2561 res,
2505 2497 2577 2550 ita
2607 2506 2659 2552 et
2709 2512 2888 2550 rerum
2936 2499 3226 2552 occasione
3270 2502 3493 2570 excogi-

1912 2601 2017 2645 tata
2044 2593 2328 2647 verborum
2357 2599 2674 2644 ornamenta
2708 2590 2973 2655 rejicient.
3005 2589 3135 2657 Quae
3162 2592 3331 2653 enim.
3369 2608 3488 2661 pro-

1908 2686 2083 2753 posita
2115 2686 2335 2739 minime
2361 2683 2717 2744 delectarunt.
2746 2696 2832 2747 ea,
2881 2682 2930 2735 vi
2975 2684 3247 2738 sermmtis
3295 2700 3491 2755 repra»

1909 2784 2141 2839 scutata,
2172 2775 2294 2829 odio
2322 2774 2560 2828 habituri
2589 2784 2733 2827 sunt.
2760 2773 3043 2840 Quomodo
3064 2777 3208 2828 enim
3244 2792 3347 2830 non
3379 2790 3492 2831 me-

1914 2868 2019 2921 rito
2080 2868 2355 2936 increpent
2383 2906 2396 2927 .
2434 2875 2491 2919 ιιι
2524 2869 2649 2934 quis
2688 2880 2752 2918 ex
2808 2868 2997 2933 patria:
3058 2865 3215 2920 bonis
3269 2867 3491 2922 laudare

1915 2958 2163 3020 voluerit,
2201 2972 2323 3010 cum
2354 2956 2452 3023 ipsi
2489 2955 2743 3009 maximis
2776 2955 2967 3024 patria:
2996 2956 3197 3009 divitiis
3220 2998 3234 3021 ,
3266 2957 3487 3026 amplis-

1910 3065 2016 3118 que
2045 3048 2261 3102 abunde
2307 3048 2763 3116 possessionibus,
2810 3048 3030 3101 inimice
3070 3047 3249 3103 affecti
3285 3047 3490 3105 habue-

1914 3139 2066 3192 rint?
2109 3137 2303 3193 Dicent
2352 3141 2535 3203 enim,
2570 3122 2824 3208 ac'plane
2872 3142 3163 3194 admodum
3214 3156 3488 3212 congrue,

1916 3232 2204 3286 irridentes
2264 3232 2493 3299 pariter,
2549 3246 2847 3299 eorumque
2904 3233 2995 3300 qui
3053 3248 3163 3285 rem
3226 3233 3490 3299 ejusmodi

1919 3333 2133 3377 tentare
2165 3322 2453 3388 voluerint,
2491 3324 2728 3377 studium
2760 3333 3170 3391 compescentes
3204 3342 3217 3376 :
3246 3322 3321 3376 Ne
3347 3325 3504 3393 quis,

1916 3415 2321 3471 delectabilium
2374 3415 2552 3470 oculis
2612 3414 3014 3485 subjectorum,
3062 3418 3325 3487 nobisque
3364 3433 3491 3485 pro-

1916 3508 2265 3578 scriptorum,
2298 3509 2439 3562 inter
2471 3506 2806 3563 laudatorios
2846 3523 3126 3563 sermones
3158 3509 3491 3576 pra-latione,

1918 3602 2182 3656 honorum
2232 3599 2585 3669 spiritalium,
2646 3614 2874 3668 quasque
2917 3600 3015 3669 ipsi
3073 3601 3246 3669 reips»
3285 3603 3491 3670 potiora

1915 3692 2227 3767 habuimus,
2276 3691 2763 3763 magnificentiam,
2814 3688 3156 3747 contumelia:
3211 3693 3490 3759 habuerit;

1916 3798 2050 3838 neve
2087 3785 2179 3853 qui
2220 3785 2328 3837 tale
2375 3783 2665 3838 consilium
2702 3795 2892 3853 agttat,
2924 3784 2990 3839 iis
3022 3784 3263 3851 rejectis,
3300 3786 3496 3853 quibus

1915 3888 2177 3932 aeternam
2228 3877 2384 3933 nobis
2434 3876 2661 3946 gloriam
2695 3892 3014 3945 comparare
3068 3880 3294 3950 contigit
3327 3895 3493 3949 appa-

1919 3970 2087 4025 rentis
2133 3970 2288 4025 nobis
2326 3971 2533 4039 gloria),
2576 3971 2890 4039 ptmclaram
2940 3972 3345 4036 accessionem,
3375 3988 3497 4025 ver-

1918 4064 2110 4118 borum
2157 4078 2215 4117 se
2262 4063 2547 4132 majestate
2590 4064 2981 4129 adhibiturnm,
3016 4066 3307 4132 putaverit.
3365 4064 3495 4118 Eam

1914 4140 2088 4213 enim.
2122 4169 2228 4207 non
2265 4164 2628 4213 crementutn,
2679 4156 2771 4207 sed
2821 4170 3012 4207 eorum
3038 4157 3310 4224 jac-turam
3348 4157 3500 4209 πιλία

1919 4255 2166 4309 trantes,
2204 4262 2325 4317 qua:
2363 4247 2516 4299 nobis
2568 4247 2619 4300 in
2668 4247 2941 4301 desiderio
2976 4257 3121 4315 sunt,
3177 4248 3501 4303 ostentatio-

1921 4353 2044 4393 nem
2072 4353 2286 4408 quoque
2334 4338 2459 4391 inde
2497 4338 2907 4407 provenientem
2949 4341 3278 4407 repellimus.
3334 4338 3497 4392 Nihili

1921 4430 2074 4485 nobis
2130 4430 2341 4484 urbium
2394 4444 2650 4483 earumve
2680 4431 3022 4483 conditorum
3050 4434 3451 4501 magnilic-ntia
3481 4450 3495 4487 :

1924 4522 2076 4576 nihili
2114 4529 2273 4575 terra!
2305 4522 2627 4588 opportunis
2680 4520 2924 4592 frugibus
2960 4534 3309 4593 pra'gt'at'attl:
3348 4524 3499 4579 ferti-

1922 4612 2047 4667 litas
2082 4631 2095 4667 :
2135 4612 2283 4667 nihili
2324 4610 2516 4665 ﬂorum
2570 4613 2835 4666 varietate
2892 4614 3172 4669 obiectans
3222 4622 3499 4682 praternm

1923 4714 2212 4774 aspectus;
2267 4702 2421 4757 nihili
2482 4704 2751 4771 praecipua
2808 4704 2953 4758 aeris
3008 4704 3270 4771 temperie
3332 4704 3503 4758 ιιιιιιιιιτ

1925 4798 2225 4864 regiones:
2278 4795 2432 4849 nihili
2495 4794 2905 4863 limpidissitnos
2969 4795 3159 4849 latices
3217 4805 3501 4848 manantes

1925 4889 2121 4953 fontes,
2164 4903 2487 4956 summaque
2534 4888 2852 4951 dulcedine,
2891 4899 3016 4941 ante
3051 4889 3213 4941 etiam
3263 4900 3501 4958 gustum,

1924 4982 2110 5037 oculos
2155 4979 2516 5049 adimplentes
2547 5000 2559 5035 :
2596 4982 2748 5035 nihili
2783 4982 3016 5050 denique
3050 4981 3402 5035 decurrentes
3434 4997 3500 5035 ex

1926 5074 2188 5127 montium
2231 5072 2381 5142 jugis
2428 5072 2610 5135 ﬂuvii,
2664 5072 2976 5141 sensimque
3025 5087 3084 5127 se
3138 5072 3387 5139 vallibus,
3442 5089 3505 5125 ac

1927 5165 2102 5232 planis
2151 5176 2471 5229 camporum
2530 5162 2744 5215 deﬂuxu
2793 5161 3177 5225 infundentes;
3219 5172 3279 5215 ut
3310 5165 3378 5215 ab
3416 5162 3501 5224 iis,

1927 5256 2109 5311 herbis
2179 5254 2420 5317 virides,
2492 5252 2892 5324 ﬂorentesque,
2985 5262 3206 5308 venusta
3277 5254 3504 5307 lmvilatn

1924 5348 2322 5417 aspectantium
2355 5350 2423 5399 ad
2461 5362 2518 5401 se
2548 5348 2732 5401 oculos
2785 5363 2907 5400 cum
2944 5348 3219 5414 voluptate
3265 5346 3501 5399 trahant.

1929 5439 1983 5493 In
2016 5441 2156 5494 hunc
2190 5439 2430 5501 modum,
2458 5449 2637 5507 spreta
2669 5448 2753 5492 est
2782 5440 3118 5507 paupertatis
3149 5438 3501 5497 abundantis,

1926 5550 2087 5604 quam
2139 5545 2349 5585 merces
2408 5531 2639 5584 nauticae
2692 5533 2956 5586 bonorum
3005 5530 3329 5584 amttentiatn
3367 5544 3504 5598 prr-

1930 5637 2077 5681 stant
2103 5646 2114 5680 :
2148 5624 2520 5679 conculcatunt
2548 5640 2763 5685 aurum,
2788 5623 2931 5693 quod
2961 5623 3238 5677 hominum
3271 5624 3507 5689 captivat

231 5712 477 5799 animos.
515 5738 740 5805 eiusque
775 5748 966 5805 potens
995 5734 1084 5789 illa
1116 5740 1369 5802 superata
1407 5725 1676 5799 tyrannis.
1706 5736 1825 5792 qua:
1861 5720 1985 5774 aliis
2055 5718 2386 5776 dominatur.
2457 5716 2734 5784 victosque
2797 5715 2871 5768 uti
2903 5716 3016 5770 fere
3068 5713 3327 5784 mancipia
3355 5712 3421 5766 ad
3446 5726 3509 5766 se

239 5833 410 5885 trahit
442 5848 499 5883 ac
544 5830 831 5898 manc‘pat.
