  <div class='ocr_page' id='page_1' title='image "/cluster/home/n/w/nwhite01/storage/ocr_20150623/100/nnc1.0046980229/751.png"; bbox 0 0 4166 6440; ppageno 0'>
   <div class='ocr_carea' id='block_1_1' title="bbox 666 351 800 419">
    <p class='ocr_par' dir='ltr' id='par_1_1' title="bbox 666 351 800 419">
     <span class='ocr_line' id='line_1_1' title="bbox 666 351 800 419; baseline 0.015 -5"><span class='ocrx_word' id='word_1_1' title='bbox 666 351 684 414; x_wconf 86' lang='lat' dir='ltr'><strong>l</strong></span> <span class='ocrx_word' id='word_1_2' title='bbox 697 354 800 419; x_wconf 76' lang='lat'><strong>507</strong></span> 
     </span>
    </p>
   </div>
   <div class='ocr_carea' id='block_1_2' title="bbox 1789 350 2749 413">
    <p class='ocr_par' dir='ltr' id='par_1_2' title="bbox 1789 350 2749 413">
     <span class='ocr_line' id='line_1_2' title="bbox 1789 350 2749 413; baseline 0.001 -3"><span class='ocrx_word' id='word_1_3' title='bbox 1789 350 2110 411; x_wconf 80' lang='lat' dir='ltr'><strong>GEORGII</strong></span> <span class='ocrx_word' id='word_1_4' title='bbox 2151 350 2749 413; x_wconf 73' lang='lat' dir='ltr'><strong>NICOMEDIENSIS</strong></span> 
     </span>
    </p>
   </div>
   <div class='ocr_carea' id='block_1_3' title="bbox 3809 353 3957 420">
    <p class='ocr_par' dir='ltr' id='par_1_3' title="bbox 3809 353 3957 420">
     <span class='ocr_line' id='line_1_3' title="bbox 3809 353 3957 420; baseline 0.027 -3"><span class='ocrx_word' id='word_1_5' title='bbox 3809 353 3957 420; x_wconf 75' lang='lat'><strong>1503</strong></span> 
     </span>
    </p>
   </div>
   <div class='ocr_carea' id='block_1_4' title="bbox 733 463 2255 541">
    <p class='ocr_par' dir='ltr' id='par_1_4' title="bbox 733 463 2243 535">
     <span class='ocr_line' id='line_1_4' title="bbox 733 463 2243 535; baseline 0.001 -17"><span class='ocrx_word' id='word_1_6' title='bbox 733 464 881 520; x_wconf 80' lang='lat' dir='ltr'><strong>Talia</strong></span> <span class='ocrx_word' id='word_1_7' title='bbox 912 465 1072 535; x_wconf 84' lang='lat' dir='ltr'><strong>plane</strong></span> <span class='ocrx_word' id='word_1_8' title='bbox 1096 504 1111 529; x_wconf 91' lang='lat'><strong>,</strong></span> <span class='ocrx_word' id='word_1_9' title='bbox 1144 478 1381 534; x_wconf 82' lang='lat' dir='ltr'><strong>congrua</strong></span> <span class='ocrx_word' id='word_1_10' title='bbox 1405 464 1628 518; x_wconf 85' lang='lat' dir='ltr'><strong>omnino</strong></span> <span class='ocrx_word' id='word_1_11' title='bbox 1657 463 1852 519; x_wconf 90' lang='lat' dir='ltr'><strong>rationi</strong></span> <span class='ocrx_word' id='word_1_12' title='bbox 1888 465 2116 528; x_wconf 90' lang='lat' dir='ltr'><strong>ﬁducia,</strong></span> <span class='ocrx_word' id='word_1_13' title='bbox 2149 479 2243 520; x_wconf 90' lang='lat' dir='ltr'><strong>seu</strong></span> 
     </span>
    </p>
   </div>
   <div class='ocr_carea' id='block_1_5' title="bbox 2357 463 3957 541">
    <p class='ocr_par' dir='ltr' id='par_1_5' title="bbox 2421 466 3957 541">
     <span class='ocr_line' id='line_1_5' title="bbox 2421 466 3957 541; baseline 0.001 -22"><span class='ocrx_word' id='word_1_14' title='bbox 2421 466 2662 520; x_wconf 81' lang='grc' dir='ltr'>Τοιαῦτα</span> <span class='ocrx_word' id='word_1_15' title='bbox 2709 468 2772 538; x_wconf 78' lang='grc' dir='ltr'><strong>δὴ</strong></span> <span class='ocrx_word' id='word_1_16' title='bbox 2826 468 2944 538; x_wconf 72' lang='grc' dir='ltr'>μετ’</span> <span class='ocrx_word' id='word_1_17' title='bbox 2995 466 3218 537; x_wconf 72' lang='grc' dir='ltr'>εὐλόγου</span> <span class='ocrx_word' id='word_1_18' title='bbox 3262 469 3362 538; x_wconf 76' lang='grc' dir='ltr'>τῆς</span> <span class='ocrx_word' id='word_1_19' title='bbox 3391 471 3745 541; x_wconf 65' lang='grc' dir='ltr'>παρρησίας,</span> <span class='ocrx_word' id='word_1_20' title='bbox 3776 471 3815 541; x_wconf 71' lang='grc' dir='ltr'>ἦ</span> <span class='ocrx_word' id='word_1_21' title='bbox 3856 474 3957 523; x_wconf 76' lang='grc' dir='ltr'><strong>καὶ</strong></span> 
     </span>
    </p>
   </div>
   <div class='ocr_carea' id='block_1_6' title="bbox 660 557 2238 629">
    <p class='ocr_par' dir='ltr' id='par_1_6' title="bbox 660 557 2238 629">
     <span class='ocr_line' id='line_1_6' title="bbox 660 557 2238 629; baseline -0.001 -16"><span class='ocrx_word' id='word_1_22' title='bbox 660 560 824 614; x_wconf 88' lang='lat' dir='ltr'><strong>etiam</strong></span> <span class='ocrx_word' id='word_1_23' title='bbox 862 566 1160 629; x_wconf 67' lang='lat' dir='ltr'><strong>praecepto,</strong></span> <span class='ocrx_word' id='word_1_24' title='bbox 1197 557 1396 611; x_wconf 88' lang='lat' dir='ltr'><strong>dicturi</strong></span> <span class='ocrx_word' id='word_1_25' title='bbox 1429 565 1590 619; x_wconf 90' lang='lat' dir='ltr'><strong>sttut,</strong></span> <span class='ocrx_word' id='word_1_26' title='bbox 1620 558 1711 626; x_wconf 92' lang='lat' dir='ltr'><strong>qui</strong></span> <span class='ocrx_word' id='word_1_27' title='bbox 1746 558 1820 611; x_wconf 90' lang='lat' dir='ltr'><strong>ita</strong></span> <span class='ocrx_word' id='word_1_28' title='bbox 1854 558 1918 610; x_wconf 88' lang='lat' dir='ltr'><strong>ad</strong></span> <span class='ocrx_word' id='word_1_29' title='bbox 1971 559 2238 612; x_wconf 87' lang='lat' dir='ltr'><strong>bonorum</strong></span> 
     </span>
    </p>
   </div>
   <div class='ocr_carea' id='block_1_7' title="bbox 661 650 2236 722">
    <p class='ocr_par' dir='ltr' id='par_1_7' title="bbox 661 650 2236 722">
     <span class='ocr_line' id='line_1_7' title="bbox 661 650 2236 722; baseline 0 -18"><span class='ocrx_word' id='word_1_30' title='bbox 661 651 1040 722; x_wconf 85' lang='lat' dir='ltr'><strong>apparentium</strong></span> <span class='ocrx_word' id='word_1_31' title='bbox 1087 650 1481 705; x_wconf 86' lang='lat' dir='ltr'><strong>delectameuta</strong></span> <span class='ocrx_word' id='word_1_32' title='bbox 1533 651 1860 706; x_wconf 89' lang='lat' dir='ltr'><strong>habuerunt.</strong></span> <span class='ocrx_word' id='word_1_33' title='bbox 1914 650 1993 704; x_wconf 79' lang='lat' dir='ltr'><strong>T-u</strong></span> <span class='ocrx_word' id='word_1_34' title='bbox 2031 661 2236 714; x_wconf 82' lang='lat' dir='ltr'><strong>autem,</strong></span> 
     </span>
    </p>
   </div>
   <div class='ocr_carea' id='block_1_8' title="bbox 660 742 2263 813">
    <p class='ocr_par' dir='ltr' id='par_1_8' title="bbox 660 742 2263 813">
     <span class='ocr_line' id='line_1_8' title="bbox 660 742 2263 813; baseline 0.005 -22"><span class='ocrx_word' id='word_1_35' title='bbox 660 745 744 796; x_wconf 78' lang='lat' dir='ltr'><strong>vir</strong></span> <span class='ocrx_word' id='word_1_36' title='bbox 802 742 1145 806; x_wconf 87' lang='lat' dir='ltr'><strong>admirande,</strong></span> <span class='ocrx_word' id='word_1_37' title='bbox 1199 742 1284 795; x_wconf 92' lang='lat' dir='ltr'><strong>his</strong></span> <span class='ocrx_word' id='word_1_38' title='bbox 1331 756 1550 810; x_wconf 90' lang='lat' dir='ltr'><strong>quoque</strong></span> <span class='ocrx_word' id='word_1_39' title='bbox 1606 742 1826 806; x_wconf 80' lang='lat' dir='ltr'><strong>missis,</strong></span> <span class='ocrx_word' id='word_1_40' title='bbox 1889 742 2263 813; x_wconf 72' lang='lat' dir='ltr'><strong>neglectaque</strong></span> 
     </span>
    </p>
   </div>
   <div class='ocr_carea' id='block_1_9' title="bbox 661 835 2245 906">
    <p class='ocr_par' dir='ltr' id='par_1_9' title="bbox 661 835 2245 906">
     <span class='ocr_line' id='line_1_9' title="bbox 661 835 2245 906; baseline 0.002 -18"><span class='ocrx_word' id='word_1_41' title='bbox 661 849 848 888; x_wconf 89' lang='lat' dir='ltr'><strong>eorum</strong></span> <span class='ocrx_word' id='word_1_42' title='bbox 886 835 1277 902; x_wconf 75' lang='lat' dir='ltr'><strong>explicatione,</strong></span> <span class='ocrx_word' id='word_1_43' title='bbox 1334 839 1398 887; x_wconf 92' lang='lat' dir='ltr'><strong>ad</strong></span> <span class='ocrx_word' id='word_1_44' title='bbox 1436 844 1724 903; x_wconf 89' lang='lat' dir='ltr'><strong>parentum</strong></span> <span class='ocrx_word' id='word_1_45' title='bbox 1771 835 2063 906; x_wconf 80' lang='lat' dir='ltr'><strong>imaginem</strong></span> <span class='ocrx_word' id='word_1_46' title='bbox 2113 852 2245 891; x_wconf 90' lang='lat' dir='ltr'><strong>con-</strong></span> 
     </span>
    </p>
   </div>
   <div class='ocr_carea' id='block_1_10' title="bbox 661 927 2244 983">
    <p class='ocr_par' dir='ltr' id='par_1_10' title="bbox 661 927 2244 983">
     <span class='ocr_line' id='line_1_10' title="bbox 661 927 2244 983; baseline 0.002 -3"><span class='ocrx_word' id='word_1_47' title='bbox 661 927 807 981; x_wconf 87' lang='lat' dir='ltr'><strong>sulto</strong></span> <span class='ocrx_word' id='word_1_48' title='bbox 841 929 1216 980; x_wconf 76' lang='lat' dir='ltr'><strong>narrationem</strong></span> <span class='ocrx_word' id='word_1_49' title='bbox 1243 929 1519 982; x_wconf 84' lang='lat' dir='ltr'><strong>traduces.</strong></span> <span class='ocrx_word' id='word_1_50' title='bbox 1552 927 1882 981; x_wconf 64' lang='lat' dir='ltr'><strong>Praeclarum</strong></span> <span class='ocrx_word' id='word_1_51' title='bbox 1907 944 2034 983; x_wconf 87' lang='lat' dir='ltr'><strong>vero</strong></span> <span class='ocrx_word' id='word_1_52' title='bbox 2065 929 2244 983; x_wconf 84' lang='lat' dir='ltr'><strong>consi-</strong></span> 
     </span>
    </p>
   </div>
   <div class='ocr_carea' id='block_1_11' title="bbox 661 1017 2242 1089">
    <p class='ocr_par' dir='ltr' id='par_1_11' title="bbox 661 1017 2242 1089">
     <span class='ocr_line' id='line_1_11' title="bbox 661 1017 2242 1089; baseline 0.002 -18"><span class='ocrx_word' id='word_1_53' title='bbox 661 1019 813 1072; x_wconf 88' lang='lat' dir='ltr'><strong>lium.</strong></span> <span class='ocrx_word' id='word_1_54' title='bbox 864 1017 1056 1087; x_wconf 68' lang='lat' dir='ltr'><strong>Operze</strong></span> <span class='ocrx_word' id='word_1_55' title='bbox 1096 1019 1364 1088; x_wconf 76' lang='lat' dir='ltr'><strong>siquidem</strong></span> <span class='ocrx_word' id='word_1_56' title='bbox 1410 1020 1668 1088; x_wconf 85' lang='lat' dir='ltr'><strong>pretium,</strong></span> <span class='ocrx_word' id='word_1_57' title='bbox 1709 1027 1770 1073; x_wconf 89' lang='lat' dir='ltr'><strong>ut</strong></span> <span class='ocrx_word' id='word_1_58' title='bbox 1817 1020 1908 1089; x_wconf 91' lang='lat' dir='ltr'><strong>qui</strong></span> <span class='ocrx_word' id='word_1_59' title='bbox 1939 1021 2105 1085; x_wconf 84' lang='lat' dir='ltr'><strong>socii,</strong></span> <span class='ocrx_word' id='word_1_60' title='bbox 2146 1036 2242 1076; x_wconf 85' lang='lat' dir='ltr'><strong>seu</strong></span> 
     </span>
    </p>
   </div>
   <div class='ocr_carea' id='block_1_12' title="bbox 663 1112 2244 1183">
    <p class='ocr_par' dir='ltr' id='par_1_12' title="bbox 663 1112 2244 1183">
     <span class='ocr_line' id='line_1_12' title="bbox 663 1112 2244 1183; baseline 0.001 -17"><span class='ocrx_word' id='word_1_61' title='bbox 663 1114 842 1180; x_wconf 85' lang='lat' dir='ltr'><strong>potius</strong></span> <span class='ocrx_word' id='word_1_62' title='bbox 874 1112 964 1179; x_wconf 92' lang='lat' dir='ltr'><strong>qui</strong></span> <span class='ocrx_word' id='word_1_63' title='bbox 1005 1112 1292 1176; x_wconf 87' lang='lat' dir='ltr'><strong>bonorum,</strong></span> <span class='ocrx_word' id='word_1_64' title='bbox 1318 1112 1361 1166; x_wconf 86' lang='lat' dir='ltr'><strong>si</strong></span> <span class='ocrx_word' id='word_1_65' title='bbox 1393 1127 1514 1181; x_wconf 68' lang='lat' dir='ltr'><strong>qum</strong></span> <span class='ocrx_word' id='word_1_66' title='bbox 1548 1126 1577 1165; x_wconf 91' lang='lat' dir='ltr'><strong>a</strong></span> <span class='ocrx_word' id='word_1_67' title='bbox 1609 1112 1736 1166; x_wconf 89' lang='lat' dir='ltr'><strong>ﬁliis</strong></span> <span class='ocrx_word' id='word_1_68' title='bbox 1760 1123 1911 1183; x_wconf 90' lang='lat' dir='ltr'><strong>gesta</strong></span> <span class='ocrx_word' id='word_1_69' title='bbox 1946 1123 2106 1180; x_wconf 89' lang='lat' dir='ltr'><strong>sunt,</strong></span> <span class='ocrx_word' id='word_1_70' title='bbox 2142 1131 2244 1168; x_wconf 90' lang='lat' dir='ltr'><strong>au-</strong></span> 
     </span>
    </p>
   </div>
   <div class='ocr_carea' id='block_1_13' title="bbox 664 1207 2243 1278">
    <p class='ocr_par' dir='ltr' id='par_1_13' title="bbox 664 1207 2243 1278">
     <span class='ocr_line' id='line_1_13' title="bbox 664 1207 2243 1278; baseline 0.002 -19"><span class='ocrx_word' id='word_1_71' title='bbox 664 1216 840 1259; x_wconf 84' lang='lat' dir='ltr'><strong>ctures</strong></span> <span class='ocrx_word' id='word_1_72' title='bbox 895 1207 1251 1268; x_wconf 83' lang='lat' dir='ltr'><strong>exstiterunt,</strong></span> <span class='ocrx_word' id='word_1_73' title='bbox 1319 1221 1510 1260; x_wconf 91' lang='lat' dir='ltr'><strong>eorum</strong></span> <span class='ocrx_word' id='word_1_74' title='bbox 1579 1221 1797 1276; x_wconf 88' lang='lat' dir='ltr'><strong>quoque</strong></span> <span class='ocrx_word' id='word_1_75' title='bbox 1854 1207 2043 1278; x_wconf 59' lang='lat' dir='ltr'><strong>glorise</strong></span> <span class='ocrx_word' id='word_1_76' title='bbox 2108 1208 2243 1262; x_wconf 84' lang='lat' dir='ltr'><strong>socii</strong></span> 
     </span>
    </p>
   </div>
   <div class='ocr_carea' id='block_1_14' title="bbox 661 1297 2242 1368">
    <p class='ocr_par' dir='ltr' id='par_1_14' title="bbox 661 1297 2242 1368">
     <span class='ocr_line' id='line_1_14' title="bbox 661 1297 2242 1368; baseline 0 -17"><span class='ocrx_word' id='word_1_77' title='bbox 661 1299 964 1363; x_wconf 81' lang='lat' dir='ltr'><strong>exsistant;</strong></span> <span class='ocrx_word' id='word_1_78' title='bbox 1000 1309 1163 1366; x_wconf 88' lang='lat' dir='ltr'><strong>atque</strong></span> <span class='ocrx_word' id='word_1_79' title='bbox 1200 1307 1259 1351; x_wconf 89' lang='lat' dir='ltr'><strong>ttt</strong></span> <span class='ocrx_word' id='word_1_80' title='bbox 1290 1306 1482 1351; x_wconf 89' lang='lat' dir='ltr'><strong>natura</strong></span> <span class='ocrx_word' id='word_1_81' title='bbox 1528 1313 1590 1351; x_wconf 88' lang='lat' dir='ltr'><strong>ac</strong></span> <span class='ocrx_word' id='word_1_82' title='bbox 1619 1297 1881 1367; x_wconf 83' lang='lat' dir='ltr'><strong>operibus</strong></span> <span class='ocrx_word' id='word_1_83' title='bbox 1934 1299 2242 1368; x_wconf 89' lang='lat' dir='ltr'><strong>ingenuita-</strong></span> 
     </span>
    </p>
   </div>
   <div class='ocr_carea' id='block_1_15' title="bbox 665 1389 2246 1460">
    <p class='ocr_par' dir='ltr' id='par_1_15' title="bbox 665 1389 2246 1460">
     <span class='ocr_line' id='line_1_15' title="bbox 665 1389 2246 1460; baseline 0.001 -18"><span class='ocrx_word' id='word_1_84' title='bbox 665 1399 774 1443; x_wconf 91' lang='lat' dir='ltr'><strong>tem</strong></span> <span class='ocrx_word' id='word_1_85' title='bbox 807 1405 930 1443; x_wconf 90' lang='lat' dir='ltr'><strong>cum</strong></span> <span class='ocrx_word' id='word_1_86' title='bbox 963 1389 1046 1444; x_wconf 88' lang='lat' dir='ltr'><strong>eis</strong></span> <span class='ocrx_word' id='word_1_87' title='bbox 1075 1391 1468 1454; x_wconf 89' lang='lat' dir='ltr'><strong>obtinuerunt,</strong></span> <span class='ocrx_word' id='word_1_88' title='bbox 1518 1391 1592 1444; x_wconf 91' lang='lat' dir='ltr'><strong>ita</strong></span> <span class='ocrx_word' id='word_1_89' title='bbox 1626 1404 1802 1460; x_wconf 89' lang='lat' dir='ltr'><strong>neque</strong></span> <span class='ocrx_word' id='word_1_90' title='bbox 1835 1392 1904 1444; x_wconf 91' lang='lat' dir='ltr'><strong>ab</strong></span> <span class='ocrx_word' id='word_1_91' title='bbox 1931 1405 2119 1445; x_wconf 90' lang='lat' dir='ltr'><strong>eorum</strong></span> <span class='ocrx_word' id='word_1_92' title='bbox 2146 1405 2246 1444; x_wconf 89' lang='lat' dir='ltr'><strong>en-</strong></span> 
     </span>
    </p>
   </div>
   <div class='ocr_carea' id='block_1_16' title="bbox 664 1479 2244 1549">
    <p class='ocr_par' dir='ltr' id='par_1_16' title="bbox 664 1479 2244 1549">
     <span class='ocr_line' id='line_1_16' title="bbox 664 1479 2244 1549; baseline 0.002 -16"><span class='ocrx_word' id='word_1_93' title='bbox 664 1481 862 1533; x_wconf 89' lang='lat' dir='ltr'><strong>comiis</strong></span> <span class='ocrx_word' id='word_1_94' title='bbox 922 1479 1088 1534; x_wconf 91' lang='lat' dir='ltr'><strong>alieni</strong></span> <span class='ocrx_word' id='word_1_95' title='bbox 1127 1479 1252 1549; x_wconf 88' lang='lat' dir='ltr'><strong>jure</strong></span> <span class='ocrx_word' id='word_1_96' title='bbox 1297 1481 1494 1535; x_wconf 90' lang='lat' dir='ltr'><strong>merito</strong></span> <span class='ocrx_word' id='word_1_97' title='bbox 1540 1492 1886 1535; x_wconf 84' lang='lat' dir='ltr'><strong>censeantur.</strong></span> <span class='ocrx_word' id='word_1_98' title='bbox 1920 1482 2067 1547; x_wconf 88' lang='lat' dir='ltr'><strong>Quos</strong></span> <span class='ocrx_word' id='word_1_99' title='bbox 2101 1482 2244 1536; x_wconf 89' lang='lat' dir='ltr'><strong>enim</strong></span> 
     </span>
    </p>
   </div>
   <div class='ocr_carea' id='block_1_17' title="bbox 665 1572 2248 1642">
    <p class='ocr_par' dir='ltr' id='par_1_17' title="bbox 665 1572 2248 1642">
     <span class='ocr_line' id='line_1_17' title="bbox 665 1572 2248 1642; baseline 0.003 -16"><span class='ocrx_word' id='word_1_100' title='bbox 665 1588 849 1627; x_wconf 86' lang='lat' dir='ltr'><strong>mores</strong></span> <span class='ocrx_word' id='word_1_101' title='bbox 877 1572 1238 1642; x_wconf 77' lang='lat' dir='ltr'><strong>conjunxere,</strong></span> <span class='ocrx_word' id='word_1_102' title='bbox 1292 1574 1392 1627; x_wconf 89' lang='lat' dir='ltr'><strong>hos</strong></span> <span class='ocrx_word' id='word_1_103' title='bbox 1434 1587 1620 1628; x_wconf 88' lang='lat' dir='ltr'><strong>sermo</strong></span> <span class='ocrx_word' id='word_1_104' title='bbox 1653 1573 1997 1628; x_wconf 88' lang='lat' dir='ltr'><strong>laudatorius</strong></span> <span class='ocrx_word' id='word_1_105' title='bbox 2024 1575 2248 1631; x_wconf 89' lang='lat' dir='ltr'><strong>minime</strong></span> 
     </span>
    </p>
   </div>
   <div class='ocr_carea' id='block_1_18' title="bbox 665 1663 2246 1734">
    <p class='ocr_par' dir='ltr' id='par_1_18' title="bbox 665 1663 2246 1734">
     <span class='ocr_line' id='line_1_18' title="bbox 665 1663 2246 1734; baseline 0.002 -16"><span class='ocrx_word' id='word_1_106' title='bbox 665 1673 908 1734; x_wconf 75' lang='lat' dir='ltr'><strong>separat.</strong></span> <span class='ocrx_word' id='word_1_107' title='bbox 947 1663 1112 1728; x_wconf 84' lang='lat' dir='ltr'><strong>Sane,</strong></span> <span class='ocrx_word' id='word_1_108' title='bbox 1157 1679 1346 1717; x_wconf 86' lang='lat' dir='ltr'><strong>eorum</strong></span> <span class='ocrx_word' id='word_1_109' title='bbox 1387 1665 1594 1734; x_wconf 84' lang='lat' dir='ltr'><strong>patris,</strong></span> <span class='ocrx_word' id='word_1_110' title='bbox 1647 1679 1782 1733; x_wconf 89' lang='lat' dir='ltr'><strong>quos</strong></span> <span class='ocrx_word' id='word_1_111' title='bbox 1819 1665 1872 1719; x_wconf 92' lang='lat' dir='ltr'><strong>in</strong></span> <span class='ocrx_word' id='word_1_112' title='bbox 1922 1665 2246 1721; x_wconf 80' lang='lat' dir='ltr'><strong>laudationis</strong></span> 
     </span>
    </p>
   </div>
   <div class='ocr_carea' id='block_1_19' title="bbox 665 1756 2245 1828">
    <p class='ocr_par' dir='ltr' id='par_1_19' title="bbox 665 1756 2245 1828">
     <span class='ocr_line' id='line_1_19' title="bbox 665 1756 2245 1828; baseline 0.001 -18"><span class='ocrx_word' id='word_1_113' title='bbox 665 1768 1050 1828; x_wconf 78' lang='lat' dir='ltr'><strong>argumentum</strong></span> <span class='ocrx_word' id='word_1_114' title='bbox 1091 1756 1509 1826; x_wconf 88' lang='lat' dir='ltr'><strong>assumpsimus,</strong></span> <span class='ocrx_word' id='word_1_115' title='bbox 1544 1756 1813 1812; x_wconf 86' lang='lat' dir='ltr'><strong>celebrem</strong></span> <span class='ocrx_word' id='word_1_116' title='bbox 1845 1756 2076 1824; x_wconf 83' lang='lat' dir='ltr'><strong>gloriam</strong></span> <span class='ocrx_word' id='word_1_117' title='bbox 2132 1757 2245 1813; x_wconf 90' lang='lat' dir='ltr'><strong>nati</strong></span> 
     </span>
    </p>
   </div>
   <div class='ocr_carea' id='block_1_20' title="bbox 666 1850 2251 1920">
    <p class='ocr_par' dir='ltr' id='par_1_20' title="bbox 666 1850 2251 1920">
     <span class='ocr_line' id='line_1_20' title="bbox 666 1850 2251 1920; baseline 0.001 -15"><span class='ocrx_word' id='word_1_118' title='bbox 666 1866 731 1905; x_wconf 83' lang='lat' dir='ltr'><strong>ex</strong></span> <span class='ocrx_word' id='word_1_119' title='bbox 792 1851 909 1920; x_wconf 87' lang='lat' dir='ltr'><strong>ipso</strong></span> <span class='ocrx_word' id='word_1_120' title='bbox 960 1850 1138 1918; x_wconf 84' lang='lat' dir='ltr'><strong>palam</strong></span> <span class='ocrx_word' id='word_1_121' title='bbox 1192 1850 1506 1904; x_wconf 86' lang='lat' dir='ltr'><strong>ostendunt.</strong></span> <span class='ocrx_word' id='word_1_122' title='bbox 1564 1850 1771 1916; x_wconf 83' lang='lat' dir='ltr'><strong>Quibus</strong></span> <span class='ocrx_word' id='word_1_123' title='bbox 1803 1853 1952 1905; x_wconf 87' lang='lat' dir='ltr'><strong>enim</strong></span> <span class='ocrx_word' id='word_1_124' title='bbox 1999 1866 2027 1904; x_wconf 72' lang='grc' dir='ltr'><strong>ο</strong></span> <span class='ocrx_word' id='word_1_125' title='bbox 2081 1866 2251 1919; x_wconf 88' lang='lat' dir='ltr'><strong>puero</strong></span> 
     </span>
    </p>
   </div>
   <div class='ocr_carea' id='block_1_21' title="bbox 667 1940 2250 2011">
    <p class='ocr_par' dir='ltr' id='par_1_21' title="bbox 667 1940 2250 2011">
     <span class='ocr_line' id='line_1_21' title="bbox 667 1940 2250 2011; baseline 0.003 -19"><span class='ocrx_word' id='word_1_126' title='bbox 667 1941 866 2003; x_wconf 83' lang='lat' dir='ltr'><strong>edocti,</strong></span> <span class='ocrx_word' id='word_1_127' title='bbox 923 1941 986 1993; x_wconf 88' lang='lat' dir='ltr'><strong>ad</strong></span> <span class='ocrx_word' id='word_1_128' title='bbox 1035 1940 1247 1994; x_wconf 87' lang='lat' dir='ltr'><strong>culmen</strong></span> <span class='ocrx_word' id='word_1_129' title='bbox 1304 1940 1519 1994; x_wconf 85' lang='lat' dir='ltr'><strong>virtutis</strong></span> <span class='ocrx_word' id='word_1_130' title='bbox 1571 1941 1745 1995; x_wconf 83' lang='lat' dir='ltr'><strong>evecti</strong></span> <span class='ocrx_word' id='word_1_131' title='bbox 1798 1951 1966 2006; x_wconf 88' lang='lat' dir='ltr'><strong>sunt,</strong></span> <span class='ocrx_word' id='word_1_132' title='bbox 2032 1942 2250 2011; x_wconf 91' lang='lat' dir='ltr'><strong>Deoque</strong></span> 
     </span>
    </p>
   </div>
   <div class='ocr_carea' id='block_1_22' title="bbox 670 2032 2249 2103">
    <p class='ocr_par' dir='ltr' id='par_1_22' title="bbox 670 2032 2249 2103">
     <span class='ocr_line' id='line_1_22' title="bbox 670 2032 2249 2103; baseline 0.003 -19"><span class='ocrx_word' id='word_1_133' title='bbox 670 2035 832 2088; x_wconf 86' lang='lat' dir='ltr'><strong>rebus</strong></span> <span class='ocrx_word' id='word_1_134' title='bbox 864 2034 1139 2087; x_wconf 81' lang='lat' dir='ltr'><strong>universis</strong></span> <span class='ocrx_word' id='word_1_135' title='bbox 1166 2032 1451 2096; x_wconf 85' lang='lat' dir='ltr'><strong>eminenti,</strong></span> <span class='ocrx_word' id='word_1_136' title='bbox 1488 2035 1858 2103; x_wconf 82' lang='lat' dir='ltr'><strong>prepinquare</strong></span> <span class='ocrx_word' id='word_1_137' title='bbox 1909 2044 2249 2097; x_wconf 88' lang='lat' dir='ltr'><strong>meruerunt,</strong></span> 
     </span>
    </p>
   </div>
   <div class='ocr_carea' id='block_1_23' title="bbox 672 2124 2253 2196">
    <p class='ocr_par' dir='ltr' id='par_1_23' title="bbox 672 2124 2253 2196">
     <span class='ocr_line' id='line_1_23' title="bbox 672 2124 2253 2196; baseline 0.003 -20"><span class='ocrx_word' id='word_1_138' title='bbox 672 2124 738 2177; x_wconf 86' lang='lat' dir='ltr'><strong>iis</strong></span> <span class='ocrx_word' id='word_1_139' title='bbox 790 2125 1131 2178; x_wconf 85' lang='lat' dir='ltr'><strong>institutores</strong></span> <span class='ocrx_word' id='word_1_140' title='bbox 1194 2139 1326 2180; x_wconf 85' lang='lat' dir='ltr'><strong>suos</strong></span> <span class='ocrx_word' id='word_1_141' title='bbox 1396 2125 1798 2193; x_wconf 77' lang='lat' dir='ltr'><strong>deprzedicant,</strong></span> <span class='ocrx_word' id='word_1_142' title='bbox 1845 2141 2253 2196; x_wconf 80' lang='lat' dir='ltr'><strong>congruamque</strong></span> 
     </span>
    </p>
   </div>
   <div class='ocr_carea' id='block_1_24' title="bbox 672 2216 2248 2286">
    <p class='ocr_par' dir='ltr' id='par_1_24' title="bbox 672 2216 2248 2286">
     <span class='ocr_line' id='line_1_24' title="bbox 672 2216 2248 2286; baseline 0.003 -18"><span class='ocrx_word' id='word_1_143' title='bbox 672 2216 804 2284; x_wconf 80' lang='lat' dir='ltr'><strong>ipsis</strong></span> <span class='ocrx_word' id='word_1_144' title='bbox 833 2232 1056 2269; x_wconf 87' lang='lat' dir='ltr'><strong>suorum</strong></span> <span class='ocrx_word' id='word_1_145' title='bbox 1106 2218 1371 2270; x_wconf 90' lang='lat' dir='ltr'><strong>bonorum</strong></span> <span class='ocrx_word' id='word_1_146' title='bbox 1418 2217 1889 2286; x_wconf 90' lang='lat' dir='ltr'><strong>participationem</strong></span> <span class='ocrx_word' id='word_1_147' title='bbox 1933 2219 2248 2274; x_wconf 89' lang='lat' dir='ltr'><strong>testimonio</strong></span> 
     </span>
    </p>
   </div>
   <div class='ocr_carea' id='block_1_25' title="bbox 673 2305 963 2358">
    <p class='ocr_par' dir='ltr' id='par_1_25' title="bbox 673 2305 963 2358">
     <span class='ocr_line' id='line_1_25' title="bbox 673 2305 963 2358; baseline 0.007 -2"><span class='ocrx_word' id='word_1_148' title='bbox 673 2305 963 2358; x_wconf 81' lang='lat' dir='ltr'><strong>vindicant.</strong></span> 
     </span>
    </p>
   </div>
   <div class='ocr_carea' id='block_1_26' title="bbox 742 2387 2250 2468">
    <p class='ocr_par' dir='ltr' id='par_1_26' title="bbox 742 2387 2250 2468">
     <span class='ocr_line' id='line_1_26' title="bbox 742 2387 2250 2468; baseline 0.001 -18"><span class='ocrx_word' id='word_1_149' title='bbox 742 2397 904 2450; x_wconf 78' lang='lat' dir='ltr'><strong>Pater</strong></span> <span class='ocrx_word' id='word_1_150' title='bbox 940 2387 1122 2464; x_wconf 75' lang='lat' dir='ltr'><strong>itaque</strong></span> <span class='ocrx_word' id='word_1_151' title='bbox 1151 2395 1354 2450; x_wconf 79' lang='lat' dir='ltr'><strong>celebri</strong></span> <span class='ocrx_word' id='word_1_152' title='bbox 1402 2399 1620 2450; x_wconf 89' lang='lat' dir='ltr'><strong>nomine</strong></span> <span class='ocrx_word' id='word_1_153' title='bbox 1651 2395 1976 2468; x_wconf 86' lang='lat' dir='ltr'><strong>inclytorum</strong></span> <span class='ocrx_word' id='word_1_154' title='bbox 2008 2398 2250 2468; x_wconf 80' lang='lat' dir='ltr'><strong>Anargy-</strong></span> 
     </span>
    </p>
   </div>
   <div class='ocr_carea' id='block_1_27' title="bbox 675 2487 2254 2557">
    <p class='ocr_par' dir='ltr' id='par_1_27' title="bbox 675 2487 2254 2557">
     <span class='ocr_line' id='line_1_27' title="bbox 675 2487 2254 2557; baseline 0.001 -17"><span class='ocrx_word' id='word_1_155' title='bbox 675 2503 892 2552; x_wconf 84' lang='lat' dir='ltr'><strong>rerum,</strong></span> <span class='ocrx_word' id='word_1_156' title='bbox 945 2488 1033 2540; x_wconf 85' lang='lat' dir='ltr'><strong>ubi</strong></span> <span class='ocrx_word' id='word_1_157' title='bbox 1085 2490 1137 2538; x_wconf 92' lang='lat' dir='ltr'><strong>in</strong></span> <span class='ocrx_word' id='word_1_158' title='bbox 1187 2487 1455 2554; x_wconf 76' lang='lat' dir='ltr'><strong>religiosa:</strong></span> <span class='ocrx_word' id='word_1_159' title='bbox 1531 2488 1963 2542; x_wconf 81' lang='lat' dir='ltr'><strong>conversationis</strong></span> <span class='ocrx_word' id='word_1_160' title='bbox 2017 2488 2254 2557; x_wconf 68' lang='lat' dir='ltr'><strong>vitaeque</strong></span> 
     </span>
    </p>
   </div>
   <div class='ocr_carea' id='block_1_28' title="bbox 677 2579 2254 2644">
    <p class='ocr_par' dir='ltr' id='par_1_28' title="bbox 677 2579 2254 2644">
     <span class='ocr_line' id='line_1_28' title="bbox 677 2579 2254 2644; baseline 0.002 -13"><span class='ocrx_word' id='word_1_161' title='bbox 677 2579 1074 2632; x_wconf 82' lang='lat' dir='ltr'><strong>honestissima:</strong></span> <span class='ocrx_word' id='word_1_162' title='bbox 1109 2579 1191 2631; x_wconf 87' lang='lat' dir='ltr'><strong>via</strong></span> <span class='ocrx_word' id='word_1_163' title='bbox 1237 2594 1333 2634; x_wconf 87' lang='lat' dir='ltr'><strong>eos</strong></span> <span class='ocrx_word' id='word_1_164' title='bbox 1357 2580 1660 2644; x_wconf 83' lang='lat' dir='ltr'><strong>statuisset,</strong></span> <span class='ocrx_word' id='word_1_165' title='bbox 1695 2581 1856 2634; x_wconf 86' lang='lat' dir='ltr'><strong>matri</strong></span> <span class='ocrx_word' id='word_1_166' title='bbox 1889 2582 2164 2635; x_wconf 83' lang='lat' dir='ltr'><strong>concessit</strong></span> <span class='ocrx_word' id='word_1_167' title='bbox 2197 2590 2254 2635; x_wconf 93' lang='lat' dir='ltr'><strong>ut</strong></span> 
     </span>
    </p>
   </div>
   <div class='ocr_carea' id='block_1_29' title="bbox 674 2674 2250 2741">
    <p class='ocr_par' dir='ltr' id='par_1_29' title="bbox 674 2674 2250 2741">
     <span class='ocr_line' id='line_1_29' title="bbox 674 2674 2250 2741; baseline 0.003 -15"><span class='ocrx_word' id='word_1_168' title='bbox 674 2674 742 2726; x_wconf 78' lang='lat' dir='ltr'><strong>ad</strong></span> <span class='ocrx_word' id='word_1_169' title='bbox 789 2688 958 2741; x_wconf 85' lang='lat' dir='ltr'><strong>usque</strong></span> <span class='ocrx_word' id='word_1_170' title='bbox 990 2674 1151 2728; x_wconf 80' lang='lat' dir='ltr'><strong>linem</strong></span> <span class='ocrx_word' id='word_1_171' title='bbox 1185 2674 1395 2728; x_wconf 80' lang='lat' dir='ltr'><strong>duetrix</strong></span> <span class='ocrx_word' id='word_1_172' title='bbox 1421 2684 1600 2740; x_wconf 84' lang='lat' dir='ltr'><strong>esset,</strong></span> <span class='ocrx_word' id='word_1_173' title='bbox 1631 2689 1752 2730; x_wconf 91' lang='lat' dir='ltr'><strong>cum</strong></span> <span class='ocrx_word' id='word_1_174' title='bbox 1782 2676 2001 2731; x_wconf 87' lang='lat' dir='ltr'><strong>interim</strong></span> <span class='ocrx_word' id='word_1_175' title='bbox 2039 2676 2106 2729; x_wconf 92' lang='lat' dir='ltr'><strong>ad</strong></span> <span class='ocrx_word' id='word_1_176' title='bbox 2135 2689 2250 2730; x_wconf 70' lang='lat' dir='ltr'><strong>cm-</strong></span> 
     </span>
    </p>
   </div>
   <div class='ocr_carea' id='block_1_30' title="bbox 679 2763 2252 2836">
    <p class='ocr_par' dir='ltr' id='par_1_30' title="bbox 679 2763 2252 2836">
     <span class='ocr_line' id='line_1_30' title="bbox 679 2763 2252 2836; baseline 0.003 -20"><span class='ocrx_word' id='word_1_177' title='bbox 679 2765 832 2822; x_wconf 79' lang='lat' dir='ltr'><strong>lestia</strong></span> <span class='ocrx_word' id='word_1_178' title='bbox 870 2766 986 2834; x_wconf 87' lang='lat' dir='ltr'><strong>ipse</strong></span> <span class='ocrx_word' id='word_1_179' title='bbox 1019 2765 1373 2819; x_wconf 86' lang='lat' dir='ltr'><strong>tabernacula</strong></span> <span class='ocrx_word' id='word_1_180' title='bbox 1415 2767 1724 2835; x_wconf 82' lang='lat' dir='ltr'><strong>migrasset.</strong></span> <span class='ocrx_word' id='word_1_181' title='bbox 1761 2763 1853 2819; x_wconf 85' lang='lat' dir='ltr'><strong>Illa</strong></span> <span class='ocrx_word' id='word_1_182' title='bbox 1896 2781 2081 2834; x_wconf 88' lang='lat' dir='ltr'><strong>porro,</strong></span> <span class='ocrx_word' id='word_1_183' title='bbox 2114 2781 2252 2836; x_wconf 79' lang='lat' dir='ltr'><strong>prae-</strong></span> 
     </span>
    </p>
   </div>
   <div class='ocr_carea' id='block_1_31' title="bbox 677 2854 2254 2922">
    <p class='ocr_par' dir='ltr' id='par_1_31' title="bbox 677 2854 2254 2922">
     <span class='ocr_line' id='line_1_31' title="bbox 677 2854 2254 2922; baseline 0.001 -15"><span class='ocrx_word' id='word_1_184' title='bbox 677 2863 861 2908; x_wconf 73' lang='lat' dir='ltr'><strong>textus</strong></span> <span class='ocrx_word' id='word_1_185' title='bbox 886 2856 1197 2918; x_wconf 79' lang='lat' dir='ltr'><strong>verborum,</strong></span> <span class='ocrx_word' id='word_1_186' title='bbox 1226 2856 1776 2922; x_wconf 78' lang='lat' dir='ltr'><strong>expectatimtumque</strong></span> <span class='ocrx_word' id='word_1_187' title='bbox 1818 2854 1868 2907; x_wconf 91' lang='lat' dir='ltr'><strong>in</strong></span> <span class='ocrx_word' id='word_1_188' title='bbox 1911 2854 2125 2910; x_wconf 89' lang='lat' dir='ltr'><strong>incerto</strong></span> <span class='ocrx_word' id='word_1_189' title='bbox 2159 2869 2254 2922; x_wconf 90' lang='lat' dir='ltr'><strong>po-</strong></span> 
     </span>
    </p>
   </div>
   <div class='ocr_carea' id='block_1_32' title="bbox 678 2946 2249 3014">
    <p class='ocr_par' dir='ltr' id='par_1_32' title="bbox 678 2946 2249 3014">
     <span class='ocr_line' id='line_1_32' title="bbox 678 2946 2249 3014; baseline 0.001 -16"><span class='ocrx_word' id='word_1_190' title='bbox 678 2949 907 3000; x_wconf 66' lang='lat' dir='ltr'><strong>sitarum</strong></span> <span class='ocrx_word' id='word_1_191' title='bbox 943 2954 1172 3000; x_wconf 86' lang='lat' dir='ltr'><strong>eventus</strong></span> <span class='ocrx_word' id='word_1_192' title='bbox 1197 2985 1211 3007; x_wconf 93' lang='lat'><strong>,</strong></span> <span class='ocrx_word' id='word_1_193' title='bbox 1235 2961 1397 3014; x_wconf 81' lang='lat' dir='ltr'><strong>supra</strong></span> <span class='ocrx_word' id='word_1_194' title='bbox 1435 2963 1596 3014; x_wconf 86' lang='lat' dir='ltr'><strong>quam</strong></span> <span class='ocrx_word' id='word_1_195' title='bbox 1627 2946 1964 3014; x_wconf 77' lang='lat' dir='ltr'><strong>exspectatio</strong></span> <span class='ocrx_word' id='word_1_196' title='bbox 1997 2946 2249 3012; x_wconf 87' lang='lat' dir='ltr'><strong>haberet,</strong></span> 
     </span>
    </p>
   </div>
   <div class='ocr_carea' id='block_1_33' title="bbox 679 3039 2255 3108">
    <p class='ocr_par' dir='ltr' id='par_1_33' title="bbox 679 3039 2255 3108">
     <span class='ocr_line' id='line_1_33' title="bbox 679 3039 2255 3108; baseline 0.003 -18"><span class='ocrx_word' id='word_1_197' title='bbox 679 3051 1035 3108; x_wconf 75' lang='lat' dir='ltr'><strong>praesumens,</strong></span> <span class='ocrx_word' id='word_1_198' title='bbox 1069 3039 1220 3091; x_wconf 79' lang='lat' dir='ltr'><strong>curis</strong></span> <span class='ocrx_word' id='word_1_199' title='bbox 1265 3039 1499 3092; x_wconf 83' lang='lat' dir='ltr'><strong>assiduis</strong></span> <span class='ocrx_word' id='word_1_200' title='bbox 1529 3041 1745 3107; x_wconf 80' lang='lat' dir='ltr'><strong>agebat,</strong></span> <span class='ocrx_word' id='word_1_201' title='bbox 1771 3050 1830 3092; x_wconf 88' lang='lat' dir='ltr'><strong>ut</strong></span> <span class='ocrx_word' id='word_1_202' title='bbox 1865 3039 1930 3093; x_wconf 88' lang='lat' dir='ltr'><strong>iis</strong></span> <span class='ocrx_word' id='word_1_203' title='bbox 1956 3055 2077 3108; x_wconf 62' lang='lat' dir='ltr'><strong>quae</strong></span> <span class='ocrx_word' id='word_1_204' title='bbox 2101 3043 2255 3094; x_wconf 89' lang='lat' dir='ltr'><strong>dees-</strong></span> 
     </span>
    </p>
   </div>
   <div class='ocr_carea' id='block_1_34' title="bbox 2350 558 3959 629">
    <p class='ocr_par' dir='ltr' id='par_1_34' title="bbox 2350 558 3959 629">
     <span class='ocr_line' id='line_1_34' title="bbox 2350 558 3959 629; baseline 0.003 -19"><span class='ocrx_word' id='word_1_205' title='bbox 2350 559 2727 628; x_wconf 81' lang='grc' dir='ltr'>προστάξεως,</span> <span class='ocrx_word' id='word_1_206' title='bbox 2760 560 2809 611; x_wconf 78' lang='grc' dir='ltr'>οἱ</span> <span class='ocrx_word' id='word_1_207' title='bbox 2834 559 2972 629; x_wconf 76' lang='grc' dir='ltr'>πρὸς</span> <span class='ocrx_word' id='word_1_208' title='bbox 3001 558 3100 628; x_wconf 73' lang='grc' dir='ltr'>τὴν</span> <span class='ocrx_word' id='word_1_209' title='bbox 3125 558 3234 612; x_wconf 89' lang='grc' dir='ltr'><strong>τῶν</strong></span> <span class='ocrx_word' id='word_1_210' title='bbox 3262 559 3561 612; x_wconf 77' lang='grc' dir='ltr'><strong>δοκούντων</strong></span> <span class='ocrx_word' id='word_1_211' title='bbox 3584 559 3772 613; x_wconf 82' lang='grc' dir='ltr'>καλῶν</span> <span class='ocrx_word' id='word_1_212' title='bbox 3796 560 3959 615; x_wconf 63' lang='grc' dir='ltr'>οὓτω</span> 
     </span>
    </p>
   </div>
   <div class='ocr_carea' id='block_1_35' title="bbox 2345 649 3958 721">
    <p class='ocr_par' dir='ltr' id='par_1_35' title="bbox 2345 649 3958 721">
     <span class='ocr_line' id='line_1_35' title="bbox 2345 649 3958 721; baseline 0.001 -18"><span class='ocrx_word' id='word_1_213' title='bbox 2345 649 2687 714; x_wconf 83' lang='grc' dir='ltr'><strong>διατεθέντες</strong></span> <span class='ocrx_word' id='word_1_214' title='bbox 2733 649 2922 720; x_wconf 63' lang='grc' dir='ltr'>ἐροῦσι</span> <span class='ocrx_word' id='word_1_215' title='bbox 2972 651 3351 721; x_wconf 74' lang='grc' dir='ltr'><strong>τερττνότητα⁹</strong></span> <span class='ocrx_word' id='word_1_216' title='bbox 3408 651 3472 703; x_wconf 82' lang='grc' dir='ltr'><strong>σὺ</strong></span> <span class='ocrx_word' id='word_1_217' title='bbox 3521 650 3579 703; x_wconf 84' lang='grc' dir='ltr'>δὲ</span> <span class='ocrx_word' id='word_1_218' title='bbox 3621 653 3720 704; x_wconf 74' lang='grc' dir='ltr'><strong>καὶ</strong></span> <span class='ocrx_word' id='word_1_219' title='bbox 3766 651 3958 704; x_wconf 76' lang='grc' dir='ltr'>ταῦτα</span> 
     </span>
    </p>
   </div>
   <div class='ocr_carea' id='block_1_36' title="bbox 2345 741 3961 813">
    <p class='ocr_par' dir='ltr' id='par_1_36' title="bbox 2345 741 3961 813">
     <span class='ocr_line' id='line_1_36' title="bbox 2345 741 3961 813; baseline 0.001 -19"><span class='ocrx_word' id='word_1_220' title='bbox 2345 741 2654 812; x_wconf 82' lang='grc' dir='ltr'><strong>παρέντας,</strong></span> <span class='ocrx_word' id='word_1_221' title='bbox 2687 742 2992 811; x_wconf 82' lang='grc' dir='ltr'>θαυμάσιε,</span> <span class='ocrx_word' id='word_1_222' title='bbox 3026 741 3235 812; x_wconf 79' lang='grc' dir='ltr'>βραχέα</span> <span class='ocrx_word' id='word_1_223' title='bbox 3281 741 3337 794; x_wconf 79' lang='grc' dir='ltr'>δὲ</span> <span class='ocrx_word' id='word_1_224' title='bbox 3380 743 3481 812; x_wconf 86' lang='grc' dir='ltr'>τῆς</span> <span class='ocrx_word' id='word_1_225' title='bbox 3510 742 3724 796; x_wconf 80' lang='grc' dir='ltr'>τούτων</span> <span class='ocrx_word' id='word_1_226' title='bbox 3769 762 3961 813; x_wconf 79' lang='grc' dir='ltr'>φρον-</span> 
     </span>
    </p>
   </div>
   <div class='ocr_carea' id='block_1_37' title="bbox 2345 831 3960 906">
    <p class='ocr_par' dir='ltr' id='par_1_37' title="bbox 2345 831 3960 906">
     <span class='ocr_line' id='line_1_37' title="bbox 2345 831 3960 906; baseline 0.002 -22"><span class='ocrx_word' id='word_1_227' title='bbox 2345 833 2611 894; x_wconf 86' lang='grc' dir='ltr'>τίσαντας</span> <span class='ocrx_word' id='word_1_228' title='bbox 2641 833 2986 902; x_wconf 78' lang='grc' dir='ltr'>ὲκφράσεως,</span> <span class='ocrx_word' id='word_1_229' title='bbox 3018 831 3154 902; x_wconf 84' lang='grc' dir='ltr'>πρός</span> <span class='ocrx_word' id='word_1_230' title='bbox 3184 833 3283 900; x_wconf 81' lang='grc' dir='ltr'>τὴν</span> <span class='ocrx_word' id='word_1_231' title='bbox 3317 833 3425 885; x_wconf 87' lang='grc' dir='ltr'><strong>τῶν</strong></span> <span class='ocrx_word' id='word_1_232' title='bbox 3460 834 3724 906; x_wconf 71' lang='grc' dir='ltr'>πατέρων</span> <span class='ocrx_word' id='word_1_233' title='bbox 3758 835 3960 888; x_wconf 75' lang='grc' dir='ltr'>εἰκόνα</span> 
     </span>
    </p>
   </div>
   <div class='ocr_carea' id='block_1_38' title="bbox 2343 922 3959 995">
    <p class='ocr_par' dir='ltr' id='par_1_38' title="bbox 2343 922 3959 995">
     <span class='ocr_line' id='line_1_38' title="bbox 2343 922 3959 995; baseline 0.001 -19"><span class='ocrx_word' id='word_1_234' title='bbox 2343 924 2729 994; x_wconf 83' lang='grc' dir='ltr'>διανοούμενος</span> <span class='ocrx_word' id='word_1_235' title='bbox 2777 925 3158 995; x_wconf 82' lang='grc' dir='ltr'>παρορμήσεις</span> <span class='ocrx_word' id='word_1_236' title='bbox 3191 927 3292 995; x_wconf 81' lang='grc' dir='ltr'>τὴν</span> <span class='ocrx_word' id='word_1_237' title='bbox 3335 925 3608 994; x_wconf 63' lang='grc' dir='ltr'>διήγησιν.</span> <span class='ocrx_word' id='word_1_238' title='bbox 3649 929 3768 979; x_wconf 74' lang='grc' dir='ltr'>Καὶ</span> <span class='ocrx_word' id='word_1_239' title='bbox 3816 922 3959 994; x_wconf 73' lang='grc' dir='ltr'>εὖγε</span> 
     </span>
    </p>
   </div>
   <div class='ocr_carea' id='block_1_39' title="bbox 2343 1016 3957 1087">
    <p class='ocr_par' dir='ltr' id='par_1_39' title="bbox 2343 1016 3957 1087">
     <span class='ocr_line' id='line_1_39' title="bbox 2343 1016 3957 1087; baseline -0.001 -18"><span class='ocrx_word' id='word_1_240' title='bbox 2343 1017 2439 1069; x_wconf 79' lang='grc' dir='ltr'><strong>τοῦ</strong></span> <span class='ocrx_word' id='word_1_241' title='bbox 2472 1016 2867 1087; x_wconf 75' lang='grc' dir='ltr'>βουλεύματος.</span> <span class='ocrx_word' id='word_1_242' title='bbox 2906 1019 2999 1069; x_wconf 84' lang='grc' dir='ltr'>Δεῖ</span> <span class='ocrx_word' id='word_1_243' title='bbox 3028 1017 3137 1085; x_wconf 81' lang='grc' dir='ltr'>γὰρ</span> <span class='ocrx_word' id='word_1_244' title='bbox 3181 1017 3307 1079; x_wconf 83' lang='grc' dir='ltr'>τοὺς</span> <span class='ocrx_word' id='word_1_245' title='bbox 3346 1020 3678 1080; x_wconf 78' lang='grc' dir='ltr'>κοινωνοὺς,</span> <span class='ocrx_word' id='word_1_246' title='bbox 3737 1019 3957 1083; x_wconf 71' lang='grc' dir='ltr'>μᾶλλ-εν</span> 
     </span>
    </p>
   </div>
   <div class='ocr_carea' id='block_1_40' title="bbox 2346 1108 3958 1180">
    <p class='ocr_par' dir='ltr' id='par_1_40' title="bbox 2346 1108 3958 1180">
     <span class='ocr_line' id='line_1_40' title="bbox 2346 1108 3958 1180; baseline -0.001 -18"><span class='ocrx_word' id='word_1_247' title='bbox 2346 1110 2426 1172; x_wconf 83' lang='grc' dir='ltr'><strong>δὲ,</strong></span> <span class='ocrx_word' id='word_1_248' title='bbox 2458 1110 2566 1162; x_wconf 87' lang='grc' dir='ltr'><strong>τῶν</strong></span> <span class='ocrx_word' id='word_1_249' title='bbox 2599 1110 2786 1163; x_wconf 88' lang='grc' dir='ltr'>καλῶν</span> <span class='ocrx_word' id='word_1_250' title='bbox 2816 1111 2945 1174; x_wconf 85' lang='grc' dir='ltr'><strong>τούς</strong></span> <span class='ocrx_word' id='word_1_251' title='bbox 2981 1108 3040 1175; x_wconf 81' lang='grc' dir='ltr'>ἐξ</span> <span class='ocrx_word' id='word_1_252' title='bbox 3070 1109 3280 1162; x_wconf 80' lang='grc' dir='ltr'>ἑαυτῶν</span> <span class='ocrx_word' id='word_1_253' title='bbox 3313 1111 3596 1180; x_wconf 71' lang='grc' dir='ltr'>ἀρχηγοὺς</span> <span class='ocrx_word' id='word_1_254' title='bbox 3628 1112 3958 1180; x_wconf 80' lang='grc' dir='ltr'>γεγενημέ-</span> 
     </span>
    </p>
   </div>
   <div class='ocr_carea' id='block_1_41' title="bbox 2347 1203 3962 1274">
    <p class='ocr_par' dir='ltr' id='par_1_41' title="bbox 2347 1203 3962 1274">
     <span class='ocr_line' id='line_1_41' title="bbox 2347 1203 3962 1274; baseline -0.002 -18"><span class='ocrx_word' id='word_1_255' title='bbox 2347 1221 2494 1268; x_wconf 85' lang='grc' dir='ltr'>νους,</span> <span class='ocrx_word' id='word_1_256' title='bbox 2547 1204 2642 1257; x_wconf 64' lang='grc' dir='ltr'><strong>καλ¹</strong></span> <span class='ocrx_word' id='word_1_257' title='bbox 2689 1203 2788 1273; x_wconf 82' lang='grc' dir='ltr'>τῆς</span> <span class='ocrx_word' id='word_1_258' title='bbox 2840 1203 2951 1256; x_wconf 90' lang='grc' dir='ltr'><strong>τῶν</strong></span> <span class='ocrx_word' id='word_1_259' title='bbox 3005 1205 3244 1257; x_wconf 73' lang='grc' dir='ltr'>ἐπαίνων</span> <span class='ocrx_word' id='word_1_260' title='bbox 3295 1205 3546 1274; x_wconf 78' lang='grc' dir='ltr'><strong>μετέχειν</strong></span> <span class='ocrx_word' id='word_1_261' title='bbox 3607 1205 3814 1273; x_wconf 78' lang='grc' dir='ltr'>δόξης·</span> <span class='ocrx_word' id='word_1_262' title='bbox 3863 1204 3962 1255; x_wconf 82' lang='grc' dir='ltr'><strong>καὶ</strong></span> 
     </span>
    </p>
   </div>
   <div class='ocr_carea' id='block_1_42' title="bbox 2347 1295 3961 1367">
    <p class='ocr_par' dir='ltr' id='par_1_42' title="bbox 2347 1295 3961 1367">
     <span class='ocr_line' id='line_1_42' title="bbox 2347 1295 3961 1367; baseline -0.002 -19"><span class='ocrx_word' id='word_1_263' title='bbox 2347 1295 2537 1366; x_wconf 85' lang='grc' dir='ltr'>ὥσπερ</span> <span class='ocrx_word' id='word_1_264' title='bbox 2585 1299 2651 1367; x_wconf 80' lang='grc' dir='ltr'>τῇ</span> <span class='ocrx_word' id='word_1_265' title='bbox 2708 1296 2870 1364; x_wconf 78' lang='grc' dir='ltr'>φύσει</span> <span class='ocrx_word' id='word_1_266' title='bbox 2923 1296 3020 1349; x_wconf 74' lang='grc' dir='ltr'><strong>καὶ</strong></span> <span class='ocrx_word' id='word_1_267' title='bbox 3075 1297 3184 1358; x_wconf 79' lang='grc' dir='ltr'>τοῖς</span> <span class='ocrx_word' id='word_1_268' title='bbox 3210 1296 3394 1366; x_wconf 79' lang='grc' dir='ltr'><strong>ἔργοις</strong></span> <span class='ocrx_word' id='word_1_269' title='bbox 3425 1299 3487 1349; x_wconf 84' lang='grc' dir='ltr'><strong>τὸ</strong></span> <span class='ocrx_word' id='word_1_270' title='bbox 3528 1299 3763 1365; x_wconf 70' lang='grc' dir='ltr'>γνήσιον</span> <span class='ocrx_word' id='word_1_271' title='bbox 3807 1299 3961 1364; x_wconf 77' lang='grc' dir='ltr'>ἔχειν</span> 
     </span>
    </p>
   </div>
   <div class='ocr_carea' id='block_1_43' title="bbox 2350 1387 3961 1460">
    <p class='ocr_par' dir='ltr' id='par_1_43' title="bbox 2350 1387 3961 1460">
     <span class='ocr_line' id='line_1_43' title="bbox 2350 1387 3961 1460; baseline -0.001 -20"><span class='ocrx_word' id='word_1_272' title='bbox 2350 1388 2691 1460; x_wconf 82' lang='grc' dir='ltr'>ηὐτύχησαν,</span> <span class='ocrx_word' id='word_1_273' title='bbox 2745 1389 2840 1441; x_wconf 81' lang='grc' dir='ltr'>καὶ</span> <span class='ocrx_word' id='word_1_274' title='bbox 2881 1390 2980 1458; x_wconf 78' lang='grc' dir='ltr'>τῆς</span> <span class='ocrx_word' id='word_1_275' title='bbox 3017 1387 3128 1441; x_wconf 88' lang='grc' dir='ltr'><strong>τῶν</strong></span> <span class='ocrx_word' id='word_1_276' title='bbox 3172 1387 3350 1454; x_wconf 88' lang='grc' dir='ltr'>λόγων</span> <span class='ocrx_word' id='word_1_277' title='bbox 3411 1387 3488 1457; x_wconf 82' lang='grc' dir='ltr'>μὴ</span> <span class='ocrx_word' id='word_1_278' title='bbox 3536 1387 3961 1452; x_wconf 71' lang='grc' dir='ltr'>ἀποξενοῦσθαι</span> 
     </span>
    </p>
   </div>
   <div class='ocr_carea' id='block_1_44' title="bbox 2348 1479 3962 1548">
    <p class='ocr_par' dir='ltr' id='par_1_44' title="bbox 2348 1479 3962 1548">
     <span class='ocr_line' id='line_1_44' title="bbox 2348 1479 3962 1548; baseline -0.001 -15"><span class='ocrx_word' id='word_1_279' title='bbox 2348 1482 2650 1541; x_wconf 82' lang='grc' dir='ltr'>κοινωνεῖν,</span> <span class='ocrx_word' id='word_1_280' title='bbox 2701 1481 2797 1532; x_wconf 62' lang='grc' dir='ltr'><strong>καὶ¹</strong></span> <span class='ocrx_word' id='word_1_281' title='bbox 2831 1479 2951 1532; x_wconf 90' lang='grc' dir='ltr'>λίαν</span> <span class='ocrx_word' id='word_1_282' title='bbox 2997 1479 3246 1543; x_wconf 83' lang='grc' dir='ltr'><strong>εἰκότως,</strong></span> <span class='ocrx_word' id='word_1_283' title='bbox 3281 1479 3605 1548; x_wconf 80' lang='grc' dir='ltr'>εὐκληρίας.</span> <span class='ocrx_word' id='word_1_284' title='bbox 3637 1479 3753 1542; x_wconf 75' lang='grc' dir='ltr'>Οὓς</span> <span class='ocrx_word' id='word_1_285' title='bbox 3791 1481 3907 1548; x_wconf 77' lang='grc' dir='ltr'>γὰρ</span> <span class='ocrx_word' id='word_1_286' title='bbox 3935 1482 3962 1531; x_wconf 75' lang='grc' dir='ltr'>ὁ</span> 
     </span>
    </p>
   </div>
   <div class='ocr_carea' id='block_1_45' title="bbox 2348 1569 3957 1639">
    <p class='ocr_par' dir='ltr' id='par_1_45' title="bbox 2348 1569 3957 1639">
     <span class='ocr_line' id='line_1_45' title="bbox 2348 1569 3957 1639; baseline 0.001 -17"><span class='ocrx_word' id='word_1_287' title='bbox 2348 1569 2552 1639; x_wconf 86' lang='grc' dir='ltr'>τρόπος</span> <span class='ocrx_word' id='word_1_288' title='bbox 2603 1569 2861 1638; x_wconf 81' lang='grc' dir='ltr'>συνῆψεν,</span> <span class='ocrx_word' id='word_1_289' title='bbox 2929 1570 3156 1633; x_wconf 81' lang='grc' dir='ltr'><strong>τούτους</strong></span> <span class='ocrx_word' id='word_1_290' title='bbox 3219 1571 3249 1621; x_wconf 82' lang='grc' dir='ltr'><strong>ὁ</strong></span> <span class='ocrx_word' id='word_1_291' title='bbox 3299 1571 3602 1639; x_wconf 76' lang='grc' dir='ltr'>ἐπαινέτης</span> <span class='ocrx_word' id='word_1_292' title='bbox 3667 1570 3838 1638; x_wconf 80' lang='grc' dir='ltr'>λόγος</span> <span class='ocrx_word' id='word_1_293' title='bbox 3892 1569 3957 1624; x_wconf 80' lang='grc' dir='ltr'><strong>οὐ</strong></span> 
     </span>
    </p>
   </div>
   <div class='ocr_carea' id='block_1_46' title="bbox 2347 1662 3963 1734">
    <p class='ocr_par' dir='ltr' id='par_1_46' title="bbox 2347 1662 3963 1734">
     <span class='ocr_line' id='line_1_46' title="bbox 2347 1662 3963 1734; baseline -0.001 -19"><span class='ocrx_word' id='word_1_294' title='bbox 2347 1662 2638 1732; x_wconf 82' lang='grc' dir='ltr'>διίστησιν.</span> <span class='ocrx_word' id='word_1_295' title='bbox 2673 1663 2889 1732; x_wconf 76' lang='grc' dir='ltr'>[ἰατρὸς</span> <span class='ocrx_word' id='word_1_296' title='bbox 2920 1662 3019 1732; x_wconf 80' lang='grc' dir='ltr'>μὲν</span> <span class='ocrx_word' id='word_1_297' title='bbox 3049 1663 3161 1734; x_wconf 84' lang='grc' dir='ltr'>γὰρ</span> <span class='ocrx_word' id='word_1_298' title='bbox 3187 1663 3299 1714; x_wconf 89' lang='grc' dir='ltr'><strong>τῶν</strong></span> <span class='ocrx_word' id='word_1_299' title='bbox 3329 1663 3721 1732; x_wconf 83' lang='grc' dir='ltr'>προκειμένων</span> <span class='ocrx_word' id='word_1_300' title='bbox 3753 1667 3841 1724; x_wconf 81' lang='grc' dir='ltr'>εἰς</span> <span class='ocrx_word' id='word_1_301' title='bbox 3870 1662 3963 1714; x_wconf 75' lang='grc' dir='ltr'>εύ-</span> 
     </span>
    </p>
   </div>
   <div class='ocr_carea' id='block_1_47' title="bbox 2354 1754 3962 1826">
    <p class='ocr_par' dir='ltr' id='par_1_47' title="bbox 2354 1754 3962 1826">
     <span class='ocr_line' id='line_1_47' title="bbox 2354 1754 3962 1826; baseline -0.01 -3"><span class='ocrx_word' id='word_1_302' title='bbox 2354 1757 2567 1826; x_wconf 84' lang='grc' dir='ltr'>φημίας</span> <span class='ocrx_word' id='word_1_303' title='bbox 2605 1755 2864 1825; x_wconf 81' lang='grc' dir='ltr'>ἀφορμὴν</span> <span class='ocrx_word' id='word_1_304' title='bbox 2896 1755 3090 1822; x_wconf 81' lang='grc' dir='ltr'>ἁγίων,</span> <span class='ocrx_word' id='word_1_305' title='bbox 3130 1755 3180 1806; x_wconf 84' lang='grc' dir='ltr'>οἱ</span> <span class='ocrx_word' id='word_1_306' title='bbox 3216 1754 3413 1823; x_wconf 82' lang='grc' dir='ltr'>φύντες</span> <span class='ocrx_word' id='word_1_307' title='bbox 3439 1754 3499 1819; x_wconf 71' lang='grc' dir='ltr'><strong>ἐξ</strong></span> <span class='ocrx_word' id='word_1_308' title='bbox 3543 1755 3721 1808; x_wconf 76' lang='grc' dir='ltr'>αὐτοῦ</span> <span class='ocrx_word' id='word_1_309' title='bbox 3753 1755 3962 1822; x_wconf 84' lang='grc' dir='ltr'>δηλοῦ-</span> 
     </span>
    </p>
   </div>
   <div class='ocr_carea' id='block_1_48' title="bbox 2353 1842 3965 1918">
    <p class='ocr_par' dir='ltr' id='par_1_48' title="bbox 2353 1842 3965 1918">
     <span class='ocr_line' id='line_1_48' title="bbox 2353 1842 3965 1918; baseline 0 -18"><span class='ocrx_word' id='word_1_310' title='bbox 2353 1865 2438 1900; x_wconf 90' lang='grc' dir='ltr'><strong>σιν</strong></span> <span class='ocrx_word' id='word_1_311' title='bbox 2483 1847 2759 1900; x_wconf 84' lang='grc' dir='ltr'>εῦκλειαν.</span> <span class='ocrx_word' id='word_1_312' title='bbox 2812 1842 2909 1910; x_wconf 72' lang='grc' dir='ltr'>Οἷς</span> <span class='ocrx_word' id='word_1_313' title='bbox 2954 1848 3064 1917; x_wconf 81' lang='grc' dir='ltr'>γὰρ</span> <span class='ocrx_word' id='word_1_314' title='bbox 3103 1848 3656 1918; x_wconf 80' lang='grc' dir='ltr'>παιδαγωγηθέντες,</span> <span class='ocrx_word' id='word_1_315' title='bbox 3695 1850 3785 1907; x_wconf 75' lang='grc' dir='ltr'><strong>τίς</strong></span> <span class='ocrx_word' id='word_1_316' title='bbox 3823 1847 3965 1917; x_wconf 65' lang='grc' dir='ltr'>ὕψος</span> 
     </span>
    </p>
   </div>
   <div class='ocr_carea' id='block_1_49' title="bbox 2355 1940 3966 2014">
    <p class='ocr_par' dir='ltr' id='par_1_49' title="bbox 2355 1940 3966 2014">
     <span class='ocr_line' id='line_1_49' title="bbox 2355 1940 3966 2014; baseline -0.001 -20"><span class='ocrx_word' id='word_1_317' title='bbox 2355 1940 2454 2010; x_wconf 79' lang='grc' dir='ltr'><strong>μὲν</strong></span> <span class='ocrx_word' id='word_1_318' title='bbox 2472 1941 2676 2010; x_wconf 78' lang='grc' dir='ltr'>ἀρετῆς</span> <span class='ocrx_word' id='word_1_319' title='bbox 2696 1940 3112 2011; x_wconf 78' lang='grc' dir='ltr'>ἀναϐεΰήκεσαν</span> <span class='ocrx_word' id='word_1_320' title='bbox 3132 1940 3283 2011; x_wconf 77' lang='grc' dir='ltr'><strong>’Θεῷ</strong></span> <span class='ocrx_word' id='word_1_321' title='bbox 3298 1941 3352 1994; x_wconf 83' lang='grc' dir='ltr'>δὲ</span> <span class='ocrx_word' id='word_1_322' title='bbox 3372 1941 3591 1993; x_wconf 80' lang='grc' dir='ltr'>πάντων</span> <span class='ocrx_word' id='word_1_323' title='bbox 3613 1942 3966 2014; x_wconf 70' lang='grc' dir='ltr'>ὲξῃρημένιρ</span> 
     </span>
    </p>
   </div>
   <div class='ocr_carea' id='block_1_50' title="bbox 2352 2033 3964 2104">
    <p class='ocr_par' dir='ltr' id='par_1_50' title="bbox 2352 2033 3964 2104">
     <span class='ocr_line' id='line_1_50' title="bbox 2352 2033 3964 2104; baseline 0.001 -17"><span class='ocrx_word' id='word_1_324' title='bbox 2352 2033 2738 2104; x_wconf 81' lang='grc' dir='ltr'>προσπελάσαι</span> <span class='ocrx_word' id='word_1_325' title='bbox 2789 2033 3194 2101; x_wconf 80' lang='grc' dir='ltr'>κατηξίωνται,</span> <span class='ocrx_word' id='word_1_326' title='bbox 3225 2036 3442 2097; x_wconf 79' lang='grc' dir='ltr'>τούτοις</span> <span class='ocrx_word' id='word_1_327' title='bbox 3499 2036 3630 2098; x_wconf 78' lang='grc' dir='ltr'>τοὺς</span> <span class='ocrx_word' id='word_1_328' title='bbox 3666 2035 3964 2103; x_wconf 84' lang='grc' dir='ltr'>παιδαγω-</span> 
     </span>
    </p>
   </div>
   <div class='ocr_carea' id='block_1_51' title="bbox 2352 2125 3966 2197">
    <p class='ocr_par' dir='ltr' id='par_1_51' title="bbox 2352 2125 3966 2197">
     <span class='ocr_line' id='line_1_51' title="bbox 2352 2125 3966 2197; baseline -0.009 -18"><span class='ocrx_word' id='word_1_329' title='bbox 2352 2125 2485 2193; x_wconf 79' lang='grc' dir='ltr'>γοὺς</span> <span class='ocrx_word' id='word_1_330' title='bbox 2536 2127 3033 2197; x_wconf 80' lang='grc' dir='ltr'>ἀνακηρύττουσιν,</span> <span class='ocrx_word' id='word_1_331' title='bbox 3087 2126 3186 2180; x_wconf 74' lang='grc' dir='ltr'>καὶ</span> <span class='ocrx_word' id='word_1_332' title='bbox 3234 2125 3334 2197; x_wconf 78' lang='grc' dir='ltr'>τὴν</span> <span class='ocrx_word' id='word_1_333' title='bbox 3368 2127 3722 2197; x_wconf 74' lang='grc' dir='ltr'>κατάλληλον</span> <span class='ocrx_word' id='word_1_334' title='bbox 3767 2129 3966 2191; x_wconf 69' lang='grc' dir='ltr'><strong>αὐτοῖς</strong></span> 
     </span>
    </p>
   </div>
   <div class='ocr_carea' id='block_1_52' title="bbox 2351 2215 3689 2291">
    <p class='ocr_par' dir='ltr' id='par_1_52' title="bbox 2351 2215 3689 2291">
     <span class='ocr_line' id='line_1_52' title="bbox 2351 2215 3689 2291; baseline 0.004 -23"><span class='ocrx_word' id='word_1_335' title='bbox 2351 2215 2461 2270; x_wconf 90' lang='grc' dir='ltr'><strong>τῶν</strong></span> <span class='ocrx_word' id='word_1_336' title='bbox 2493 2219 2643 2286; x_wconf 86' lang='grc' dir='ltr'>σφῶν</span> <span class='ocrx_word' id='word_1_337' title='bbox 2672 2218 2896 2286; x_wconf 80' lang='grc' dir='ltr'>ἀγαθῶν</span> <span class='ocrx_word' id='word_1_338' title='bbox 2928 2220 3403 2291; x_wconf 77' lang='grc' dir='ltr'>ἑπιμαρτυροῦσιν</span> <span class='ocrx_word' id='word_1_339' title='bbox 3437 2219 3689 2290; x_wconf 82' lang='grc' dir='ltr'>μέθεξιν.</span> 
     </span>
    </p>
   </div>
   <div class='ocr_carea' id='block_1_53' title="bbox 2426 2404 3969 2478">
    <p class='ocr_par' dir='ltr' id='par_1_53' title="bbox 2426 2404 3969 2478">
     <span class='ocr_line' id='line_1_53' title="bbox 2426 2404 3969 2478; baseline 0.002 -21"><span class='ocrx_word' id='word_1_340' title='bbox 2426 2404 2618 2476; x_wconf 79' lang='grc' dir='ltr'>Πατὴρ</span> <span class='ocrx_word' id='word_1_341' title='bbox 2649 2404 2828 2458; x_wconf 85' lang='grc' dir='ltr'>τοίνυν</span> <span class='ocrx_word' id='word_1_342' title='bbox 2856 2405 2965 2458; x_wconf 89' lang='grc' dir='ltr'><strong>τῶν</strong></span> <span class='ocrx_word' id='word_1_343' title='bbox 3021 2404 3435 2476; x_wconf 85' lang='grc' dir='ltr'>μεγαλωνύμων</span> <span class='ocrx_word' id='word_1_344' title='bbox 3475 2407 3876 2478; x_wconf 77' lang='grc' dir='ltr'>Ἀναργύρων,</span> <span class='ocrx_word' id='word_1_345' title='bbox 3908 2408 3969 2460; x_wconf 71' lang='grc' dir='ltr'>ἐν</span> 
     </span>
    </p>
   </div>
   <div class='ocr_carea' id='block_1_54' title="bbox 2353 2495 3967 2570">
    <p class='ocr_par' dir='ltr' id='par_1_54' title="bbox 2353 2495 3967 2570">
     <span class='ocr_line' id='line_1_54' title="bbox 2353 2495 3967 2570; baseline 0.001 -20"><span class='ocrx_word' id='word_1_346' title='bbox 2353 2495 2459 2567; x_wconf 75' lang='grc' dir='ltr'><strong>ὁδῷ</strong></span> <span class='ocrx_word' id='word_1_347' title='bbox 2493 2497 2771 2560; x_wconf 80' lang='grc' dir='ltr'>πολιτείας</span> <span class='ocrx_word' id='word_1_348' title='bbox 2798 2497 2898 2566; x_wconf 81' lang='grc' dir='ltr'>τῆς</span> <span class='ocrx_word' id='word_1_349' title='bbox 2925 2497 3133 2564; x_wconf 82' lang='grc' dir='ltr'>ὲνθέου,</span> <span class='ocrx_word' id='word_1_350' title='bbox 3163 2500 3258 2552; x_wconf 78' lang='grc' dir='ltr'>καὶ</span> <span class='ocrx_word' id='word_1_351' title='bbox 3299 2499 3414 2567; x_wconf 82' lang='grc' dir='ltr'>βίου</span> <span class='ocrx_word' id='word_1_352' title='bbox 3447 2501 3674 2562; x_wconf 81' lang='grc' dir='ltr'>τούτους</span> <span class='ocrx_word' id='word_1_353' title='bbox 3717 2503 3967 2570; x_wconf 78' lang='grc' dir='ltr'>ἐπιστή-</span> 
     </span>
    </p>
   </div>
   <div class='ocr_carea' id='block_1_55' title="bbox 2358 2589 3966 2664">
    <p class='ocr_par' dir='ltr' id='par_1_55' title="bbox 2358 2589 3966 2664">
     <span class='ocr_line' id='line_1_55' title="bbox 2358 2589 3966 2664; baseline 0.003 -21"><span class='ocrx_word' id='word_1_354' title='bbox 2358 2607 2457 2654; x_wconf 88' lang='grc' dir='ltr'><strong>σας</strong></span> <span class='ocrx_word' id='word_1_355' title='bbox 2503 2589 2601 2642; x_wconf 86' lang='grc' dir='ltr'><strong>τοῦ</strong></span> <span class='ocrx_word' id='word_1_356' title='bbox 2643 2592 2978 2660; x_wconf 83' lang='grc' dir='ltr'>σεμνοτάτου</span> <span class='ocrx_word' id='word_1_357' title='bbox 3003 2607 3018 2622; x_wconf 77' lang='grc' dir='ltr'><strong>ο</strong></span> <span class='ocrx_word' id='word_1_358' title='bbox 3052 2595 3118 2661; x_wconf 78' lang='grc' dir='ltr'>τῇ</span> <span class='ocrx_word' id='word_1_359' title='bbox 3167 2595 3336 2662; x_wconf 65' lang='grc' dir='ltr'>μητρὶ</span> <span class='ocrx_word' id='word_1_360' title='bbox 3370 2593 3468 2663; x_wconf 86' lang='grc' dir='ltr'><strong>μὲν</strong></span> <span class='ocrx_word' id='word_1_361' title='bbox 3526 2593 3625 2662; x_wconf 79' lang='grc' dir='ltr'>τὴν</span> <span class='ocrx_word' id='word_1_362' title='bbox 3663 2596 3750 2657; x_wconf 82' lang='grc' dir='ltr'><strong>είς</strong></span> <span class='ocrx_word' id='word_1_363' title='bbox 3784 2598 3966 2664; x_wconf 51' lang='lat'><strong>#9:;</strong></span> 
     </span>
    </p>
   </div>
   <div class='ocr_carea' id='block_1_56' title="bbox 2355 2681 3966 2757">
    <p class='ocr_par' dir='ltr' id='par_1_56' title="bbox 2355 2681 3966 2757">
     <span class='ocr_line' id='line_1_56' title="bbox 2355 2681 3966 2757; baseline 0.004 -22"><span class='ocrx_word' id='word_1_364' title='bbox 2355 2681 2728 2752; x_wconf 85' lang='grc' dir='ltr'>χειραγωγίαν</span> <span class='ocrx_word' id='word_1_365' title='bbox 2765 2681 3184 2754; x_wconf 81' lang='grc' dir='ltr'>παρεχώρησεν,</span> <span class='ocrx_word' id='word_1_366' title='bbox 3220 2685 3302 2746; x_wconf 81' lang='grc' dir='ltr'><strong>εις</strong></span> <span class='ocrx_word' id='word_1_367' title='bbox 3333 2685 3621 2754; x_wconf 81' lang='grc' dir='ltr'>οὐρανίους</span> <span class='ocrx_word' id='word_1_368' title='bbox 3651 2687 3714 2740; x_wconf 83' lang='grc' dir='ltr'>δὲ</span> <span class='ocrx_word' id='word_1_369' title='bbox 3747 2692 3966 2757; x_wconf 62' lang='grc' dir='ltr'>σκηνὰς</span> 
     </span>
    </p>
   </div>
   <div class='ocr_carea' id='block_1_57' title="bbox 2359 2773 3969 2849">
    <p class='ocr_par' dir='ltr' id='par_1_57' title="bbox 2359 2773 3969 2849">
     <span class='ocr_line' id='line_1_57' title="bbox 2359 2773 3969 2849; baseline 0.005 -25"><span class='ocrx_word' id='word_1_370' title='bbox 2359 2773 2742 2844; x_wconf 80' lang='grc' dir='ltr'>ὑπεχώρησεν.</span> <span class='ocrx_word' id='word_1_371' title='bbox 2804 2773 2870 2826; x_wconf 84' lang='lat' dir='ltr'><strong>&#39;H</strong></span> <span class='ocrx_word' id='word_1_372' title='bbox 2908 2774 2965 2826; x_wconf 82' lang='grc' dir='ltr'>δὲ</span> <span class='ocrx_word' id='word_1_373' title='bbox 2987 2773 3230 2828; x_wconf 83' lang='grc' dir='ltr'>λαὸοῦσα</span> <span class='ocrx_word' id='word_1_374' title='bbox 3266 2777 3528 2846; x_wconf 77' lang='grc' dir='ltr'>ῥημάτων</span> <span class='ocrx_word' id='word_1_375' title='bbox 3553 2778 3666 2829; x_wconf 84' lang='grc' dir='ltr'><strong>τῶν</strong></span> <span class='ocrx_word' id='word_1_376' title='bbox 3699 2779 3801 2830; x_wconf 67' lang='grc' dir='ltr'><strong>ἐπὶ</strong></span> <span class='ocrx_word' id='word_1_377' title='bbox 3831 2782 3969 2849; x_wconf 74' lang='grc' dir='ltr'>σκή-</span> 
     </span>
    </p>
   </div>
   <div class='ocr_carea' id='block_1_58' title="bbox 2357 2862 3962 2936">
    <p class='ocr_par' dir='ltr' id='par_1_58' title="bbox 2357 2862 3962 2936">
     <span class='ocr_line' id='line_1_58' title="bbox 2357 2862 3962 2936; baseline 0.007 -22"><span class='ocrx_word' id='word_1_378' title='bbox 2357 2862 2469 2932; x_wconf 82' lang='grc' dir='ltr'>ψει,</span> <span class='ocrx_word' id='word_1_379' title='bbox 2493 2864 2588 2917; x_wconf 76' lang='grc' dir='ltr'>καὶ</span> <span class='ocrx_word' id='word_1_380' title='bbox 2611 2863 2845 2916; x_wconf 71' lang='grc' dir='ltr'>ἐλπίδων</span> <span class='ocrx_word' id='word_1_381' title='bbox 2873 2864 2983 2916; x_wconf 87' lang='grc' dir='ltr'><strong>τῶν</strong></span> <span class='ocrx_word' id='word_1_382' title='bbox 3011 2867 3070 2918; x_wconf 74' lang='grc' dir='ltr'>ὲν</span> <span class='ocrx_word' id='word_1_383' title='bbox 3095 2867 3282 2936; x_wconf 82' lang='grc' dir='ltr'><strong>ἀδήλῳ</strong></span> <span class='ocrx_word' id='word_1_384' title='bbox 3307 2867 3512 2936; x_wconf 76' lang='grc' dir='ltr'>μᾶλλον</span> <span class='ocrx_word' id='word_1_385' title='bbox 3534 2870 3636 2931; x_wconf 76' lang='grc' dir='ltr'>τὰς</span> <span class='ocrx_word' id='word_1_386' title='bbox 3662 2869 3962 2935; x_wconf 72' lang='grc' dir='ltr'>ἐκϐάσεις,</span> 
     </span>
    </p>
   </div>
   <div class='ocr_carea' id='block_1_59' title="bbox 2359 2953 3966 3028">
    <p class='ocr_par' dir='ltr' id='par_1_59' title="bbox 2359 2953 3966 3028">
     <span class='ocr_line' id='line_1_59' title="bbox 2359 2953 3966 3028; baseline 0.006 -22"><span class='ocrx_word' id='word_1_387' title='bbox 2359 2954 2394 3026; x_wconf 74' lang='grc' dir='ltr'><strong>ἢ</strong></span> <span class='ocrx_word' id='word_1_388' title='bbox 2421 2953 2564 3007; x_wconf 87' lang='grc' dir='ltr'><strong>κατά</strong></span> <span class='ocrx_word' id='word_1_389' title='bbox 2613 2955 2966 3026; x_wconf 82' lang='grc' dir='ltr'>προσδοκίαν,</span> <span class='ocrx_word' id='word_1_390' title='bbox 3008 2957 3357 3026; x_wconf 77' lang='grc' dir='ltr'>ἐπιμελείαις</span> <span class='ocrx_word' id='word_1_391' title='bbox 3401 2959 3707 3028; x_wconf 74' lang='grc' dir='ltr'>ἐμμόνοις,</span> <span class='ocrx_word' id='word_1_392' title='bbox 3754 2964 3818 3014; x_wconf 78' lang='grc' dir='ltr'>ὲν</span> <span class='ocrx_word' id='word_1_393' title='bbox 3856 2964 3966 3027; x_wconf 81' lang='grc' dir='ltr'>τοῖς</span> 
     </span>
    </p>
   </div>
   <div class='ocr_carea' id='block_1_60' title="bbox 2360 3047 3964 3128">
    <p class='ocr_par' dir='ltr' id='par_1_60' title="bbox 2360 3047 3964 3128">
     <span class='ocr_line' id='line_1_60' title="bbox 2360 3047 3964 3128; baseline 0.007 -29"><span class='ocrx_word' id='word_1_394' title='bbox 2360 3047 2805 3117; x_wconf 83' lang='grc' dir='ltr'>καταλειφθεῖσιν</span> <span class='ocrx_word' id='word_1_395' title='bbox 2839 3049 3188 3118; x_wconf 70' lang='grc' dir='ltr'>ἐξενεχθῆναι</span> <span class='ocrx_word' id='word_1_396' title='bbox 3237 3054 3678 3122; x_wconf 84' lang='grc' dir='ltr'>παρεσκεύασεν.</span> <span class='ocrx_word' id='word_1_397' title='bbox 3719 3057 3964 3128; x_wconf 69' lang='grc' dir='ltr'>Θεοδότη</span> 
     </span>
    </p>
   </div>
   <div class='ocr_carea' id='block_1_61' title="bbox 678 3127 2255 3221">
    <p class='ocr_par' dir='ltr' id='par_1_61' title="bbox 678 3127 2253 3194">
     <span class='ocr_line' id='line_1_61' title="bbox 678 3127 2253 3194; baseline 0.001 -13"><span class='ocrx_word' id='word_1_398' title='bbox 678 3136 800 3181; x_wconf 86' lang='lat' dir='ltr'><strong>sent</strong></span> <span class='ocrx_word' id='word_1_399' title='bbox 836 3127 1234 3182; x_wconf 82' lang='lat' dir='ltr'><strong>incumberent.</strong></span> <span class='ocrx_word' id='word_1_400' title='bbox 1269 3127 1480 3181; x_wconf 83' lang='lat' dir='ltr'><strong>Etenim</strong></span> <span class='ocrx_word' id='word_1_401' title='bbox 1530 3128 1648 3182; x_wconf 80' lang='lat' dir='ltr'><strong>&#39;erat</strong></span> <span class='ocrx_word' id='word_1_402' title='bbox 1679 3128 1955 3182; x_wconf 87' lang='lat' dir='ltr'><strong>Theodota</strong></span> <span class='ocrx_word' id='word_1_403' title='bbox 1983 3167 1999 3194; x_wconf 92' lang='lat'><strong>,</strong></span> <span class='ocrx_word' id='word_1_404' title='bbox 2054 3129 2106 3183; x_wconf 89' lang='lat' dir='ltr'><strong>id</strong></span> <span class='ocrx_word' id='word_1_405' title='bbox 2135 3139 2253 3194; x_wconf 92' lang='lat' dir='ltr'><strong>est,</strong></span> 
     </span>
    </p>
   </div>
   <div class='ocr_carea' id='block_1_62' title="bbox 2357 3127 3966 3221">
    <p class='ocr_par' dir='ltr' id='par_1_62' title="bbox 2361 3127 3966 3221">
     <span class='ocr_line' id='line_1_62' title="bbox 2361 3127 3966 3221; baseline 0.009 -31"><span class='ocrx_word' id='word_1_406' title='bbox 2361 3139 2471 3208; x_wconf 85' lang='grc' dir='ltr'>γὰρ</span> <span class='ocrx_word' id='word_1_407' title='bbox 2499 3136 2588 3210; x_wconf 78' lang='grc' dir='ltr'>ἦν,</span> <span class='ocrx_word' id='word_1_408' title='bbox 2639 3140 2823 3210; x_wconf 79' lang='grc' dir='ltr'>έργοις</span> <span class='ocrx_word' id='word_1_409' title='bbox 2863 3142 2962 3210; x_wconf 81' lang='grc' dir='ltr'><strong>τὴν</strong></span> <span class='ocrx_word' id='word_1_410' title='bbox 2989 3144 3182 3211; x_wconf 77' lang='grc' dir='ltr'>κλῆσιν</span> <span class='ocrx_word' id='word_1_411' title='bbox 3219 3145 3732 3216; x_wconf 59' lang='grc' dir='ltr'>ὲπισφραγίζουσν</span> <span class='ocrx_word' id='word_1_412' title='bbox 3767 3152 3833 3203; x_wconf 78' lang='grc' dir='ltr'>τὸ</span> 
     </span>
    </p>
   </div>
   <div class='ocr_carea' id='block_1_63' title="bbox 678 3219 2251 3288">
    <p class='ocr_par' dir='ltr' id='par_1_63' title="bbox 678 3219 2251 3288">
     <span class='ocr_line' id='line_1_63' title="bbox 678 3219 2251 3288; baseline 0.003 -18"><span class='ocrx_word' id='word_1_413' title='bbox 678 3219 862 3273; x_wconf 86' lang='lat' dir='ltr'><strong>divino</strong></span> <span class='ocrx_word' id='word_1_414' title='bbox 905 3220 1029 3272; x_wconf 85' lang='lat' dir='ltr'><strong>data</strong></span> <span class='ocrx_word' id='word_1_415' title='bbox 1068 3233 1322 3282; x_wconf 84' lang='lat' dir='ltr'><strong>munere;</strong></span> <span class='ocrx_word' id='word_1_416' title='bbox 1371 3219 1631 3288; x_wconf 85' lang='lat' dir='ltr'><strong>operibus</strong></span> <span class='ocrx_word' id='word_1_417' title='bbox 1676 3220 2095 3288; x_wconf 86' lang='lat' dir='ltr'><strong>appellationem</strong></span> <span class='ocrx_word' id='word_1_418' title='bbox 2153 3222 2251 3274; x_wconf 85' lang='lat' dir='ltr'><strong>ob-</strong></span> 
     </span>
    </p>
   </div>
   <div class='ocr_carea' id='block_1_64' title="bbox 679 3311 2260 3381">
    <p class='ocr_par' dir='ltr' id='par_1_64' title="bbox 679 3311 2260 3381">
     <span class='ocr_line' id='line_1_64' title="bbox 679 3311 2260 3381; baseline 0.003 -20"><span class='ocrx_word' id='word_1_419' title='bbox 679 3315 943 3380; x_wconf 73' lang='lat' dir='ltr'><strong>signans,</strong></span> <span class='ocrx_word' id='word_1_420' title='bbox 1004 3312 1342 3380; x_wconf 77' lang='lat' dir='ltr'><strong>gloriamque</strong></span> <span class='ocrx_word' id='word_1_421' title='bbox 1403 3312 1818 3381; x_wconf 86' lang='lat' dir='ltr'><strong>nuncupationis</strong></span> <span class='ocrx_word' id='word_1_422' title='bbox 1879 3311 2042 3366; x_wconf 86' lang='lat' dir='ltr'><strong>rebus</strong></span> <span class='ocrx_word' id='word_1_423' title='bbox 2129 3313 2260 3381; x_wconf 87' lang='lat' dir='ltr'><strong>ipsis</strong></span> 
     </span>
    </p>
   </div>
   <div class='ocr_carea' id='block_1_65' title="bbox 678 3402 2258 3472">
    <p class='ocr_par' dir='ltr' id='par_1_65' title="bbox 678 3402 2258 3472">
     <span class='ocr_line' id='line_1_65' title="bbox 678 3402 2258 3472; baseline 0.002 -17"><span class='ocrx_word' id='word_1_424' title='bbox 678 3402 1053 3456; x_wconf 83' lang='lat' dir='ltr'><strong>conﬁrmans:</strong></span> <span class='ocrx_word' id='word_1_425' title='bbox 1087 3417 1208 3470; x_wconf 62' lang='lat' dir='ltr'><strong>quae</strong></span> <span class='ocrx_word' id='word_1_426' title='bbox 1241 3402 1458 3469; x_wconf 84' lang='lat' dir='ltr'><strong>quidem</strong></span> <span class='ocrx_word' id='word_1_427' title='bbox 1497 3419 1526 3455; x_wconf 91' lang='lat' dir='ltr'><strong>a</strong></span> <span class='ocrx_word' id='word_1_428' title='bbox 1575 3413 1914 3457; x_wconf 85' lang='lat' dir='ltr'><strong>terrenornm</strong></span> <span class='ocrx_word' id='word_1_429' title='bbox 1951 3403 2258 3472; x_wconf 86' lang='lat' dir='ltr'><strong>abjectione</strong></span> 
     </span>
    </p>
   </div>
   <div class='ocr_carea' id='block_1_66' title="bbox 678 3494 2259 3565">
    <p class='ocr_par' dir='ltr' id='par_1_66' title="bbox 678 3494 2259 3565">
     <span class='ocr_line' id='line_1_66' title="bbox 678 3494 2259 3565; baseline 0.001 -18"><span class='ocrx_word' id='word_1_430' title='bbox 678 3497 920 3548; x_wconf 84' lang='lat' dir='ltr'><strong>animum</strong></span> <span class='ocrx_word' id='word_1_431' title='bbox 950 3494 1325 3560; x_wconf 76' lang='lat' dir='ltr'><strong>abjunxisset,</strong></span> <span class='ocrx_word' id='word_1_432' title='bbox 1361 3505 1666 3565; x_wconf 79' lang='lat' dir='ltr'><strong>naturaque</strong></span> <span class='ocrx_word' id='word_1_433' title='bbox 1712 3495 1999 3550; x_wconf 86' lang='lat' dir='ltr'><strong>sublimius</strong></span> <span class='ocrx_word' id='word_1_434' title='bbox 2042 3495 2259 3550; x_wconf 78' lang='lat' dir='ltr'><strong>evolas-</strong></span> 
     </span>
    </p>
   </div>
   <div class='ocr_carea' id='block_1_67' title="bbox 680 3586 2256 3656">
    <p class='ocr_par' dir='ltr' id='par_1_67' title="bbox 680 3586 2256 3656">
     <span class='ocr_line' id='line_1_67' title="bbox 680 3586 2256 3656; baseline 0 -16"><span class='ocrx_word' id='word_1_435' title='bbox 680 3599 797 3653; x_wconf 84' lang='lat' dir='ltr'><strong>set;</strong></span> <span class='ocrx_word' id='word_1_436' title='bbox 836 3602 940 3639; x_wconf 91' lang='lat' dir='ltr'><strong>non</strong></span> <span class='ocrx_word' id='word_1_437' title='bbox 973 3586 1280 3641; x_wconf 80' lang='lat' dir='ltr'><strong>visibilihus</strong></span> <span class='ocrx_word' id='word_1_438' title='bbox 1309 3587 1564 3641; x_wconf 83' lang='lat' dir='ltr'><strong>subvecta</strong></span> <span class='ocrx_word' id='word_1_439' title='bbox 1593 3588 1785 3656; x_wconf 88' lang='lat' dir='ltr'><strong>pennis</strong></span> <span class='ocrx_word' id='word_1_440' title='bbox 1807 3626 1822 3651; x_wconf 88' lang='lat'><strong>,</strong></span> <span class='ocrx_word' id='word_1_441' title='bbox 1863 3588 1958 3642; x_wconf 89' lang='lat' dir='ltr'><strong>sed</strong></span> <span class='ocrx_word' id='word_1_442' title='bbox 1995 3589 2256 3642; x_wconf 91' lang='lat' dir='ltr'><strong>munditia</strong></span> 
     </span>
    </p>
   </div>
   <div class='ocr_carea' id='block_1_68' title="bbox 681 3677 1384 3748">
    <p class='ocr_par' dir='ltr' id='par_1_68' title="bbox 681 3677 1384 3748">
     <span class='ocr_line' id='line_1_68' title="bbox 681 3677 1384 3748; baseline 0.003 -19"><span class='ocrx_word' id='word_1_443' title='bbox 681 3695 742 3731; x_wconf 88' lang='lat' dir='ltr'><strong>ac</strong></span> <span class='ocrx_word' id='word_1_444' title='bbox 777 3679 1009 3748; x_wconf 84' lang='lat' dir='ltr'><strong>sapienti</strong></span> <span class='ocrx_word' id='word_1_445' title='bbox 1038 3677 1384 3746; x_wconf 54' lang='lat' dir='ltr'><strong>cogiptionc.</strong></span> 
     </span>
    </p>
   </div>
   <div class='ocr_carea' id='block_1_69' title="bbox 753 3770 2254 3840">
    <p class='ocr_par' dir='ltr' id='par_1_69' title="bbox 753 3770 2254 3840">
     <span class='ocr_line' id='line_1_69' title="bbox 753 3770 2254 3840; baseline 0.001 -16"><span class='ocrx_word' id='word_1_446' title='bbox 753 3771 1057 3832; x_wconf 87' lang='lat' dir='ltr'><strong>Theodota,</strong></span> <span class='ocrx_word' id='word_1_447' title='bbox 1095 3771 1293 3822; x_wconf 89' lang='lat' dir='ltr'><strong>donum</strong></span> <span class='ocrx_word' id='word_1_448' title='bbox 1345 3770 1560 3838; x_wconf 88' lang='lat' dir='ltr'><strong>quidem</strong></span> <span class='ocrx_word' id='word_1_449' title='bbox 1601 3771 1712 3840; x_wconf 85' lang='lat' dir='ltr'><strong>ipsa</strong></span> <span class='ocrx_word' id='word_1_450' title='bbox 1745 3784 1843 3825; x_wconf 91' lang='lat' dir='ltr'><strong>cett</strong></span> <span class='ocrx_word' id='word_1_451' title='bbox 1893 3771 2078 3826; x_wconf 84' lang='lat' dir='ltr'><strong>divino</strong></span> <span class='ocrx_word' id='word_1_452' title='bbox 2130 3774 2254 3826; x_wconf 86' lang='lat' dir='ltr'><strong>data</strong></span> 
     </span>
    </p>
   </div>
   <div class='ocr_carea' id='block_1_70' title="bbox 682 3861 2260 3931">
    <p class='ocr_par' dir='ltr' id='par_1_70' title="bbox 682 3861 2260 3931">
     <span class='ocr_line' id='line_1_70' title="bbox 682 3861 2260 3931; baseline 0.003 -19"><span class='ocrx_word' id='word_1_453' title='bbox 682 3874 925 3921; x_wconf 83' lang='lat' dir='ltr'><strong>munere,</strong></span> <span class='ocrx_word' id='word_1_454' title='bbox 966 3873 1086 3927; x_wconf 80' lang='lat' dir='ltr'><strong>qua:</strong></span> <span class='ocrx_word' id='word_1_455' title='bbox 1119 3869 1296 3912; x_wconf 88' lang='lat' dir='ltr'><strong>tamen</strong></span> <span class='ocrx_word' id='word_1_456' title='bbox 1358 3875 1460 3912; x_wconf 86' lang='lat' dir='ltr'><strong>una</strong></span> <span class='ocrx_word' id='word_1_457' title='bbox 1490 3874 1673 3913; x_wconf 79' lang='lat' dir='ltr'><strong>seettm</strong></span> <span class='ocrx_word' id='word_1_458' title='bbox 1714 3861 1893 3915; x_wconf 86' lang='lat' dir='ltr'><strong>daturi</strong></span> <span class='ocrx_word' id='word_1_459' title='bbox 1956 3863 2094 3916; x_wconf 85' lang='lat' dir='ltr'><strong>uteri</strong></span> <span class='ocrx_word' id='word_1_460' title='bbox 2125 3878 2260 3931; x_wconf 89' lang='lat' dir='ltr'><strong>quo-</strong></span> 
     </span>
    </p>
   </div>
   <div class='ocr_carea' id='block_1_71' title="bbox 679 3948 2257 4017">
    <p class='ocr_par' dir='ltr' id='par_1_71' title="bbox 679 3948 2257 4017">
     <span class='ocr_line' id='line_1_71' title="bbox 679 3948 2257 4017; baseline 0.004 -17"><span class='ocrx_word' id='word_1_461' title='bbox 679 3963 788 4017; x_wconf 80' lang='lat' dir='ltr'><strong>que</strong></span> <span class='ocrx_word' id='word_1_462' title='bbox 836 3948 1068 4001; x_wconf 79' lang='lat' dir='ltr'><strong>fructum</strong></span> <span class='ocrx_word' id='word_1_463' title='bbox 1116 3948 1399 4001; x_wconf 87' lang='lat' dir='ltr'><strong>donaverit</strong></span> <span class='ocrx_word' id='word_1_464' title='bbox 1432 3965 1444 4000; x_wconf 92' lang='lat'>:</span> <span class='ocrx_word' id='word_1_465' title='bbox 1480 3962 1601 4016; x_wconf 81' lang='lat' dir='ltr'><strong>quae</strong></span> <span class='ocrx_word' id='word_1_466' title='bbox 1623 3948 1891 4016; x_wconf 87' lang='lat' dir='ltr'><strong>duplicem</strong></span> <span class='ocrx_word' id='word_1_467' title='bbox 1928 3951 2257 4006; x_wconf 83' lang='lat' dir='ltr'><strong>oblationem</strong></span> 
     </span>
    </p>
   </div>
   <div class='ocr_carea' id='block_1_72' title="bbox 682 4037 2259 4105">
    <p class='ocr_par' dir='ltr' id='par_1_72' title="bbox 682 4037 2259 4105">
     <span class='ocr_line' id='line_1_72' title="bbox 682 4037 2259 4105; baseline 0.004 -15"><span class='ocrx_word' id='word_1_468' title='bbox 682 4037 906 4098; x_wconf 65' lang='lat' dir='ltr'><strong>fecerit,</strong></span> <span class='ocrx_word' id='word_1_469' title='bbox 935 4052 1112 4104; x_wconf 86' lang='lat' dir='ltr'><strong>eaque</strong></span> <span class='ocrx_word' id='word_1_470' title='bbox 1143 4045 1296 4105; x_wconf 86' lang='lat' dir='ltr'><strong>parte</strong></span> <span class='ocrx_word' id='word_1_471' title='bbox 1331 4037 1602 4091; x_wconf 84' lang='lat' dir='ltr'><strong>celebrem</strong></span> <span class='ocrx_word' id='word_1_472' title='bbox 1654 4039 1799 4091; x_wconf 85' lang='lat' dir='ltr'><strong>illaut</strong></span> <span class='ocrx_word' id='word_1_473' title='bbox 1834 4040 2068 4096; x_wconf 71' lang='lat' dir='ltr'><strong>Abrahze</strong></span> <span class='ocrx_word' id='word_1_474' title='bbox 2092 4043 2259 4096; x_wconf 84' lang='lat' dir='ltr'><strong>obla—</strong></span> 
     </span>
    </p>
   </div>
   <div class='ocr_carea' id='block_1_73' title="bbox 685 4129 2258 4198">
    <p class='ocr_par' dir='ltr' id='par_1_73' title="bbox 685 4129 2258 4198">
     <span class='ocr_line' id='line_1_73' title="bbox 685 4129 2258 4198; baseline 0.006 -20"><span class='ocrx_word' id='word_1_475' title='bbox 685 4130 885 4180; x_wconf 87' lang='lat' dir='ltr'><strong>tionem</strong></span> <span class='ocrx_word' id='word_1_476' title='bbox 919 4129 1296 4197; x_wconf 83' lang='lat' dir='ltr'><strong>superaverit:</strong></span> <span class='ocrx_word' id='word_1_477' title='bbox 1337 4144 1456 4198; x_wconf 67' lang='lat' dir='ltr'><strong>quae</strong></span> <span class='ocrx_word' id='word_1_478' title='bbox 1503 4131 1767 4198; x_wconf 80' lang='lat' dir='ltr'><strong>integram</strong></span> <span class='ocrx_word' id='word_1_479' title='bbox 1803 4132 2060 4197; x_wconf 85' lang='lat' dir='ltr'><strong>hostiam,</strong></span> <span class='ocrx_word' id='word_1_480' title='bbox 2087 4135 2258 4188; x_wconf 83' lang='lat' dir='ltr'><strong>homi-</strong></span> 
     </span>
    </p>
   </div>
   <div class='ocr_carea' id='block_1_74' title="bbox 684 4221 2261 4295">
    <p class='ocr_par' dir='ltr' id='par_1_74' title="bbox 684 4221 2261 4295">
     <span class='ocr_line' id='line_1_74' title="bbox 684 4221 2261 4295; baseline 0.004 -21"><span class='ocrx_word' id='word_1_481' title='bbox 684 4239 811 4275; x_wconf 91' lang='lat' dir='ltr'><strong>num</strong></span> <span class='ocrx_word' id='word_1_482' title='bbox 843 4237 1006 4275; x_wconf 83' lang='lat' dir='ltr'><strong>causa</strong></span> <span class='ocrx_word' id='word_1_483' title='bbox 1043 4221 1320 4275; x_wconf 84' lang='lat' dir='ltr'><strong>immolato</strong></span> <span class='ocrx_word' id='word_1_484' title='bbox 1351 4221 1606 4286; x_wconf 89' lang='lat' dir='ltr'><strong>Domino,</strong></span> <span class='ocrx_word' id='word_1_485' title='bbox 1638 4223 1933 4289; x_wconf 89' lang='lat' dir='ltr'><strong>obtulerit,</strong></span> <span class='ocrx_word' id='word_1_486' title='bbox 1968 4227 2261 4295; x_wconf 87' lang='lat' dir='ltr'><strong>majorem-</strong></span> 
     </span>
    </p>
   </div>
   <div class='ocr_carea' id='block_1_75' title="bbox 685 4312 2263 4380">
    <p class='ocr_par' dir='ltr' id='par_1_75' title="bbox 685 4312 2263 4380">
     <span class='ocr_line' id='line_1_75' title="bbox 685 4312 2263 4380; baseline 0.006 -18"><span class='ocrx_word' id='word_1_487' title='bbox 685 4328 792 4379; x_wconf 81' lang='lat' dir='ltr'><strong>que</strong></span> <span class='ocrx_word' id='word_1_488' title='bbox 821 4328 930 4380; x_wconf 69' lang='lat' dir='ltr'><strong>pra:</strong></span> <span class='ocrx_word' id='word_1_489' title='bbox 976 4312 1064 4366; x_wconf 93' lang='lat' dir='ltr'><strong>illo</strong></span> <span class='ocrx_word' id='word_1_490' title='bbox 1091 4312 1622 4367; x_wconf 87' lang='lat' dir='ltr'><strong>commendationem</strong></span> <span class='ocrx_word' id='word_1_491' title='bbox 1667 4315 1928 4377; x_wconf 85' lang='lat' dir='ltr'><strong>meruerit</strong></span> <span class='ocrx_word' id='word_1_492' title='bbox 1959 4334 1974 4370; x_wconf 87' lang='lat'><strong>:</strong></span> <span class='ocrx_word' id='word_1_493' title='bbox 2012 4333 2117 4373; x_wconf 88' lang='lat' dir='ltr'><strong>non</strong></span> <span class='ocrx_word' id='word_1_494' title='bbox 2173 4320 2263 4372; x_wconf 89' lang='lat' dir='ltr'><strong>hic</strong></span> 
     </span>
    </p>
   </div>
   <div class='ocr_carea' id='block_1_76' title="bbox 684 4405 2261 4476">
    <p class='ocr_par' dir='ltr' id='par_1_76' title="bbox 684 4405 2261 4476">
     <span class='ocr_line' id='line_1_76' title="bbox 684 4405 2261 4476; baseline 0.003 -18"><span class='ocrx_word' id='word_1_495' title='bbox 684 4407 907 4473; x_wconf 86' lang='lat' dir='ltr'><strong>quidem</strong></span> <span class='ocrx_word' id='word_1_496' title='bbox 943 4420 1147 4459; x_wconf 89' lang='lat' dir='ltr'><strong>acuens</strong></span> <span class='ocrx_word' id='word_1_497' title='bbox 1198 4405 1464 4474; x_wconf 87' lang='lat' dir='ltr'><strong>gladitttn;</strong></span> <span class='ocrx_word' id='word_1_498' title='bbox 1503 4422 1608 4459; x_wconf 91' lang='lat' dir='ltr'><strong>non</strong></span> <span class='ocrx_word' id='word_1_499' title='bbox 1662 4408 1876 4476; x_wconf 87' lang='lat' dir='ltr'><strong>erigens</strong></span> <span class='ocrx_word' id='word_1_500' title='bbox 1910 4408 2116 4474; x_wconf 83' lang='lat' dir='ltr'><strong>altare;</strong></span> <span class='ocrx_word' id='word_1_501' title='bbox 2155 4425 2261 4464; x_wconf 91' lang='lat' dir='ltr'><strong>non</strong></span> 
     </span>
    </p>
   </div>
   <div class='ocr_carea' id='block_1_77' title="bbox 688 4495 2336 4569">
    <p class='ocr_par' dir='ltr' id='par_1_77' title="bbox 688 4495 2336 4569">
     <span class='ocr_line' id='line_1_77' title="bbox 688 4495 2336 4569; baseline 0.005 -19"><span class='ocrx_word' id='word_1_502' title='bbox 688 4500 829 4569; x_wconf 81' lang='lat' dir='ltr'><strong>ligna</strong></span> <span class='ocrx_word' id='word_1_503' title='bbox 864 4498 1158 4567; x_wconf 85' lang='lat' dir='ltr'><strong>colligens;</strong></span> <span class='ocrx_word' id='word_1_504' title='bbox 1193 4513 1297 4550; x_wconf 91' lang='lat' dir='ltr'><strong>non</strong></span> <span class='ocrx_word' id='word_1_505' title='bbox 1348 4500 1649 4553; x_wconf 87' lang='lat' dir='ltr'><strong>accendens</strong></span> <span class='ocrx_word' id='word_1_506' title='bbox 1700 4499 1916 4569; x_wconf 89' lang='lat' dir='ltr'><strong>ignem;</strong></span> <span class='ocrx_word' id='word_1_507' title='bbox 1958 4516 2065 4555; x_wconf 88' lang='lat' dir='ltr'><strong>non</strong></span> <span class='ocrx_word' id='word_1_508' title='bbox 2101 4495 2261 4556; x_wconf 67' lang='lat' dir='ltr'><strong>tumo</strong></span> <span class='ocrx_word' id='word_1_509' title='bbox 2295 4505 2336 4558; x_wconf 81' lang='grc' dir='ltr'><strong>ι)</strong></span> 
     </span>
    </p>
   </div>
   <div class='ocr_carea' id='block_1_78' title="bbox 687 4589 2260 4663">
    <p class='ocr_par' dir='ltr' id='par_1_78' title="bbox 687 4589 2260 4663">
     <span class='ocr_line' id='line_1_78' title="bbox 687 4589 2260 4663; baseline 0.006 -23"><span class='ocrx_word' id='word_1_510' title='bbox 687 4609 752 4645; x_wconf 79' lang='lat' dir='ltr'><strong>ac</strong></span> <span class='ocrx_word' id='word_1_511' title='bbox 783 4591 972 4645; x_wconf 83' lang='lat' dir='ltr'><strong>nidore</strong></span> <span class='ocrx_word' id='word_1_512' title='bbox 1023 4589 1308 4644; x_wconf 77' lang='lat' dir='ltr'><strong>oﬁ’undeus</strong></span> <span class='ocrx_word' id='word_1_513' title='bbox 1356 4606 1540 4645; x_wconf 87' lang='lat' dir='ltr'><strong>aerem</strong></span> <span class='ocrx_word' id='word_1_514' title='bbox 1574 4609 1588 4647; x_wconf 88' lang='lat'><strong>:</strong></span> <span class='ocrx_word' id='word_1_515' title='bbox 1622 4595 1713 4651; x_wconf 75' lang='lat' dir='ltr'><strong>sed</strong></span> <span class='ocrx_word' id='word_1_516' title='bbox 1761 4595 1826 4648; x_wconf 89' lang='lat' dir='ltr'><strong>iis</strong></span> <span class='ocrx_word' id='word_1_517' title='bbox 1866 4610 2004 4663; x_wconf 86' lang='lat' dir='ltr'><strong>quos</strong></span> <span class='ocrx_word' id='word_1_518' title='bbox 2033 4597 2260 4659; x_wconf 86' lang='lat' dir='ltr'><strong>libabat,</strong></span> 
     </span>
    </p>
   </div>
   <div class='ocr_carea' id='block_1_79' title="bbox 686 4683 2262 4752">
    <p class='ocr_par' dir='ltr' id='par_1_79' title="bbox 686 4683 2262 4752">
     <span class='ocr_line' id='line_1_79' title="bbox 686 4683 2262 4752; baseline 0.005 -18"><span class='ocrx_word' id='word_1_519' title='bbox 686 4683 921 4750; x_wconf 76' lang='lat' dir='ltr'><strong>gladium</strong></span> <span class='ocrx_word' id='word_1_520' title='bbox 958 4683 1196 4750; x_wconf 88' lang='lat' dir='ltr'><strong>quidem,</strong></span> <span class='ocrx_word' id='word_1_521' title='bbox 1224 4683 1479 4737; x_wconf 85' lang='lat' dir='ltr'><strong>vitiorum</strong></span> <span class='ocrx_word' id='word_1_522' title='bbox 1508 4686 1926 4752; x_wconf 79' lang='lat' dir='ltr'><strong>amputatricem</strong></span> <span class='ocrx_word' id='word_1_523' title='bbox 1955 4689 2262 4742; x_wconf 82' lang='lat' dir='ltr'><strong>castitatem</strong></span> 
     </span>
    </p>
   </div>
   <div class='ocr_carea' id='block_1_80' title="bbox 689 4775 2262 4841">
    <p class='ocr_par' dir='ltr' id='par_1_80' title="bbox 689 4775 2262 4841">
     <span class='ocr_line' id='line_1_80' title="bbox 689 4775 2262 4841; baseline 0.008 -20"><span class='ocrx_word' id='word_1_524' title='bbox 689 4775 1065 4841; x_wconf 65' lang='lat' dir='ltr'><strong>praetendens;</strong></span> <span class='ocrx_word' id='word_1_525' title='bbox 1117 4789 1266 4827; x_wconf 85' lang='lat' dir='ltr'><strong>aram</strong></span> <span class='ocrx_word' id='word_1_526' title='bbox 1322 4788 1501 4829; x_wconf 88' lang='lat' dir='ltr'><strong>autem</strong></span> <span class='ocrx_word' id='word_1_527' title='bbox 1553 4778 1834 4841; x_wconf 68' lang='lat' dir='ltr'><strong>doctrinae,</strong></span> <span class='ocrx_word' id='word_1_528' title='bbox 1887 4781 2262 4834; x_wconf 79' lang='lat' dir='ltr'><strong>castissimum</strong></span> 
     </span>
    </p>
   </div>
   <div class='ocr_carea' id='block_1_81' title="bbox 687 4867 2264 4942">
    <p class='ocr_par' dir='ltr' id='par_1_81' title="bbox 687 4867 2264 4942">
     <span class='ocr_line' id='line_1_81' title="bbox 687 4867 2264 4942; baseline 0.006 -25"><span class='ocrx_word' id='word_1_529' title='bbox 687 4882 875 4919; x_wconf 85' lang='lat' dir='ltr'><strong>eorum</strong></span> <span class='ocrx_word' id='word_1_530' title='bbox 924 4867 1089 4920; x_wconf 76' lang='lat' dir='ltr'><strong>animi</strong></span> <span class='ocrx_word' id='word_1_531' title='bbox 1126 4867 1458 4921; x_wconf 82' lang='lat' dir='ltr'><strong>domicilium</strong></span> <span class='ocrx_word' id='word_1_532' title='bbox 1513 4873 1799 4937; x_wconf 71' lang='lat' dir='ltr'><strong>excitans,</strong></span> <span class='ocrx_word' id='word_1_533' title='bbox 1858 4872 2046 4942; x_wconf 89' lang='lat' dir='ltr'><strong>inquo</strong></span> <span class='ocrx_word' id='word_1_534' title='bbox 2095 4875 2264 4927; x_wconf 85' lang='lat' dir='ltr'><strong>divini</strong></span> 
     </span>
    </p>
   </div>
   <div class='ocr_carea' id='block_1_82' title="bbox 687 4961 2263 5034">
    <p class='ocr_par' dir='ltr' id='par_1_82' title="bbox 687 4961 2263 5034">
     <span class='ocr_line' id='line_1_82' title="bbox 687 4961 2263 5034; baseline 0.003 -21"><span class='ocrx_word' id='word_1_535' title='bbox 687 4961 946 5013; x_wconf 83' lang='lat' dir='ltr'><strong>desiderii</strong></span> <span class='ocrx_word' id='word_1_536' title='bbox 1006 4975 1269 5016; x_wconf 88' lang='lat' dir='ltr'><strong>accensus</strong></span> <span class='ocrx_word' id='word_1_537' title='bbox 1330 4962 1510 5032; x_wconf 80' lang='lat' dir='ltr'><strong>ignis,-</strong></span> <span class='ocrx_word' id='word_1_538' title='bbox 1544 4964 1775 5018; x_wconf 89' lang='lat' dir='ltr'><strong>hostiam</strong></span> <span class='ocrx_word' id='word_1_539' title='bbox 1828 4970 2263 5034; x_wconf 87' lang='lat' dir='ltr'><strong>consummavit,</strong></span> 
     </span>
    </p>
   </div>
   <div class='ocr_carea' id='block_1_83' title="bbox 690 5054 2266 5127">
    <p class='ocr_par' dir='ltr' id='par_1_83' title="bbox 690 5054 2266 5127">
     <span class='ocr_line' id='line_1_83' title="bbox 690 5054 2266 5127; baseline 0.006 -24"><span class='ocrx_word' id='word_1_540' title='bbox 690 5054 1112 5122; x_wconf 73' lang='lat' dir='ltr'><strong>snavissimique</strong></span> <span class='ocrx_word' id='word_1_541' title='bbox 1161 5056 1344 5107; x_wconf 82' lang='lat' dir='ltr'><strong>odoris</strong></span> <span class='ocrx_word' id='word_1_542' title='bbox 1378 5057 1738 5123; x_wconf 81' lang='lat' dir='ltr'><strong>sacriﬁcium,</strong></span> <span class='ocrx_word' id='word_1_543' title='bbox 1769 5074 1831 5112; x_wconf 92' lang='lat' dir='ltr'><strong>ac</strong></span> <span class='ocrx_word' id='word_1_544' title='bbox 1880 5075 2139 5127; x_wconf 87' lang='lat' dir='ltr'><strong>perquam</strong></span> <span class='ocrx_word' id='word_1_545' title='bbox 2176 5077 2266 5113; x_wconf 89' lang='lat' dir='ltr'><strong>ac-</strong></span> 
     </span>
    </p>
   </div>
   <div class='ocr_carea' id='block_1_84' title="bbox 690 5143 1551 5211">
    <p class='ocr_par' dir='ltr' id='par_1_84' title="bbox 690 5143 1551 5211">
     <span class='ocr_line' id='line_1_84' title="bbox 690 5143 1551 5211; baseline 0.002 -16"><span class='ocrx_word' id='word_1_546' title='bbox 690 5143 977 5211; x_wconf 78' lang='lat' dir='ltr'><strong>ceptabile,</strong></span> <span class='ocrx_word' id='word_1_547' title='bbox 1011 5143 1316 5198; x_wconf 81' lang='lat' dir='ltr'><strong>desiderato</strong></span> <span class='ocrx_word' id='word_1_548' title='bbox 1337 5145 1551 5198; x_wconf 82' lang='lat' dir='ltr'><strong>obtulit.</strong></span> 
     </span>
    </p>
   </div>
   <div class='ocr_carea' id='block_1_85' title="bbox 761 5231 2269 5303">
    <p class='ocr_par' dir='ltr' id='par_1_85' title="bbox 761 5231 2269 5303">
     <span class='ocr_line' id='line_1_85' title="bbox 761 5231 2269 5303; baseline 0.007 -21"><span class='ocrx_word' id='word_1_549' title='bbox 761 5231 897 5287; x_wconf 82' lang='lat' dir='ltr'><strong>Cum</strong></span> <span class='ocrx_word' id='word_1_550' title='bbox 947 5235 1025 5288; x_wconf 81' lang='lat' dir='ltr'><strong>sic</strong></span> <span class='ocrx_word' id='word_1_551' title='bbox 1055 5249 1186 5303; x_wconf 73' lang='lat' dir='ltr'><strong>ergo</strong></span> <span class='ocrx_word' id='word_1_552' title='bbox 1231 5251 1383 5290; x_wconf 89' lang='lat' dir='ltr'><strong>suam</strong></span> <span class='ocrx_word' id='word_1_553' title='bbox 1417 5238 1751 5293; x_wconf 84' lang='lat' dir='ltr'><strong>oblationem</strong></span> <span class='ocrx_word' id='word_1_554' title='bbox 1784 5254 1846 5293; x_wconf 92' lang='lat' dir='ltr'><strong>ac</strong></span> <span class='ocrx_word' id='word_1_555' title='bbox 1875 5255 2075 5294; x_wconf 87' lang='lat' dir='ltr'><strong>munus</strong></span> <span class='ocrx_word' id='word_1_556' title='bbox 2123 5251 2269 5294; x_wconf 89' lang='lat' dir='ltr'><strong>recte</strong></span> 
     </span>
    </p>
   </div>
   <div class='ocr_carea' id='block_1_86' title="bbox 692 5325 2268 5392">
    <p class='ocr_par' dir='ltr' id='par_1_86' title="bbox 692 5325 2268 5392">
     <span class='ocr_line' id='line_1_86' title="bbox 692 5325 2268 5392; baseline 0.004 -11"><span class='ocrx_word' id='word_1_557' title='bbox 692 5327 1002 5392; x_wconf 83' lang='lat' dir='ltr'><strong>divisisset,</strong></span> <span class='ocrx_word' id='word_1_558' title='bbox 1034 5325 1162 5381; x_wconf 78' lang='lat' dir='ltr'><strong>fecit</strong></span> <span class='ocrx_word' id='word_1_559' title='bbox 1213 5338 1269 5380; x_wconf 89' lang='lat' dir='ltr'><strong>ttt</strong></span> <span class='ocrx_word' id='word_1_560' title='bbox 1321 5329 1492 5384; x_wconf 88' lang='lat' dir='ltr'><strong>libera</strong></span> <span class='ocrx_word' id='word_1_561' title='bbox 1538 5329 1937 5386; x_wconf 74' lang='lat' dir='ltr'><strong>oﬂerendorunt</strong></span> <span class='ocrx_word' id='word_1_562' title='bbox 1991 5332 2268 5387; x_wconf 80' lang='lat' dir='ltr'><strong>voluntate</strong></span> 
     </span>
    </p>
   </div>
   <div class='ocr_carea' id='block_1_87' title="bbox 692 5418 2270 5493">
    <p class='ocr_par' dir='ltr' id='par_1_87' title="bbox 692 5418 2270 5493">
     <span class='ocr_line' id='line_1_87' title="bbox 692 5418 2270 5493; baseline 0.006 -22"><span class='ocrx_word' id='word_1_563' title='bbox 692 5429 839 5471; x_wconf 83' lang='lat' dir='ltr'><strong>recte</strong></span> <span class='ocrx_word' id='word_1_564' title='bbox 877 5418 1167 5472; x_wconf 76' lang='lat' dir='ltr'><strong>oflerretur</strong></span> <span class='ocrx_word' id='word_1_565' title='bbox 1188 5422 1255 5473; x_wconf 72' lang='grc'><strong>⁸⁵.</strong></span> <span class='ocrx_word' id='word_1_566' title='bbox 1286 5420 1418 5474; x_wconf 78' lang='lat' dir='ltr'><strong>Nam</strong></span> <span class='ocrx_word' id='word_1_567' title='bbox 1465 5423 1578 5492; x_wconf 86' lang='lat' dir='ltr'><strong>ipsa</strong></span> <span class='ocrx_word' id='word_1_568' title='bbox 1606 5423 1846 5493; x_wconf 89' lang='lat' dir='ltr'><strong>quidem,</strong></span> <span class='ocrx_word' id='word_1_569' title='bbox 1877 5424 2139 5479; x_wconf 87' lang='lat' dir='ltr'><strong>bonorum</strong></span> <span class='ocrx_word' id='word_1_570' title='bbox 2183 5442 2270 5482; x_wconf 82' lang='lat' dir='ltr'><strong>se-</strong></span> 
     </span>
    </p>
   </div>
   <div class='ocr_carea' id='block_1_88' title="bbox 692 5511 2266 5580">
    <p class='ocr_par' dir='ltr' id='par_1_88' title="bbox 692 5511 2266 5580">
     <span class='ocr_line' id='line_1_88' title="bbox 692 5511 2266 5580; baseline 0.006 -16"><span class='ocrx_word' id='word_1_571' title='bbox 692 5511 837 5564; x_wconf 86' lang='lat' dir='ltr'><strong>mina</strong></span> <span class='ocrx_word' id='word_1_572' title='bbox 875 5513 926 5563; x_wconf 91' lang='lat' dir='ltr'><strong>in</strong></span> <span class='ocrx_word' id='word_1_573' title='bbox 956 5513 1081 5565; x_wconf 87' lang='lat' dir='ltr'><strong>ﬁliis</strong></span> <span class='ocrx_word' id='word_1_574' title='bbox 1132 5514 1410 5580; x_wconf 84' lang='lat' dir='ltr'><strong>mittebat;</strong></span> <span class='ocrx_word' id='word_1_575' title='bbox 1455 5515 1529 5568; x_wconf 89' lang='lat' dir='ltr'><strong>illi</strong></span> <span class='ocrx_word' id='word_1_576' title='bbox 1562 5524 1766 5580; x_wconf 78' lang='lat' dir='ltr'><strong>autem,</strong></span> <span class='ocrx_word' id='word_1_577' title='bbox 1808 5519 1966 5573; x_wconf 84' lang='lat' dir='ltr'><strong>utsic</strong></span> <span class='ocrx_word' id='word_1_578' title='bbox 2001 5520 2167 5573; x_wconf 86' lang='lat' dir='ltr'><strong>missa</strong></span> <span class='ocrx_word' id='word_1_579' title='bbox 2214 5522 2266 5575; x_wconf 89' lang='lat' dir='ltr'><strong>in</strong></span> 
     </span>
    </p>
   </div>
   <div class='ocr_carea' id='block_1_89' title="bbox 692 5602 2268 5679">
    <p class='ocr_par' dir='ltr' id='par_1_89' title="bbox 692 5602 2268 5679">
     <span class='ocr_line' id='line_1_89' title="bbox 692 5602 2268 5679; baseline 0.007 -21"><span class='ocrx_word' id='word_1_580' title='bbox 692 5602 1045 5672; x_wconf 79' lang='lat' dir='ltr'><strong>multiplicem</strong></span> <span class='ocrx_word' id='word_1_581' title='bbox 1079 5615 1340 5674; x_wconf 86' lang='lat' dir='ltr'><strong>segetem,</strong></span> <span class='ocrx_word' id='word_1_582' title='bbox 1375 5618 1709 5674; x_wconf 85' lang='lat' dir='ltr'><strong>crescerent,</strong></span> <span class='ocrx_word' id='word_1_583' title='bbox 1737 5611 2175 5679; x_wconf 86' lang='lat' dir='ltr'><strong>contendebant;</strong></span> <span class='ocrx_word' id='word_1_584' title='bbox 2205 5628 2268 5670; x_wconf 88' lang='lat' dir='ltr'><strong>ac</strong></span> 
     </span>
    </p>
   </div>
   <div class='ocr_carea' id='block_1_90' title="bbox 755 5777 1150 5846">
    <p class='ocr_par' dir='ltr' id='par_1_90' title="bbox 755 5777 1150 5846">
     <span class='ocr_line' id='line_1_90' title="bbox 755 5777 1150 5846; baseline 0 -14"><span class='ocrx_word' id='word_1_585' title='bbox 755 5777 802 5810; x_wconf 72' lang='lat'>&quot;</span> <span class='ocrx_word' id='word_1_586' title='bbox 839 5777 976 5832; x_wconf 82' lang='lat' dir='ltr'><strong>Gen.</strong></span> <span class='ocrx_word' id='word_1_587' title='bbox 1002 5793 1074 5846; x_wconf 86' lang='lat' dir='ltr'><strong>tv,</strong></span> <span class='ocrx_word' id='word_1_588' title='bbox 1099 5778 1150 5832; x_wconf 89' lang='lat'><strong>7.</strong></span> 
     </span>
    </p>
   </div>
   <div class='ocr_carea' id='block_1_91' title="bbox 2364 3231 3965 3305">
    <p class='ocr_par' dir='ltr' id='par_1_91' title="bbox 2364 3231 3965 3305">
     <span class='ocr_line' id='line_1_91' title="bbox 2364 3231 3965 3305; baseline 0.006 -23"><span class='ocrx_word' id='word_1_589' title='bbox 2364 3231 2741 3300; x_wconf 85' lang='grc' dir='ltr'>προσηγορίας</span> <span class='ocrx_word' id='word_1_590' title='bbox 2801 3233 3025 3296; x_wconf 83' lang='grc' dir='ltr'>εὐκλεὲς</span> <span class='ocrx_word' id='word_1_591' title='bbox 3105 3235 3290 3298; x_wconf 87' lang='grc' dir='ltr'>αὐτοῖς</span> <span class='ocrx_word' id='word_1_592' title='bbox 3379 3237 3784 3293; x_wconf 76' lang='grc' dir='ltr'>ἐπιόεϐαιοῦσα</span> <span class='ocrx_word' id='word_1_593' title='bbox 3850 3246 3965 3305; x_wconf 75' lang='grc' dir='ltr'>τοῖς</span> 
     </span>
    </p>
   </div>
   <div class='ocr_carea' id='block_1_92' title="bbox 2363 3324 3958 3406">
    <p class='ocr_par' dir='ltr' id='par_1_92' title="bbox 2363 3324 3958 3406">
     <span class='ocr_line' id='line_1_92' title="bbox 2363 3324 3958 3406; baseline 0.008 -32"><span class='ocrx_word' id='word_1_594' title='bbox 2363 3324 2770 3395; x_wconf 83' lang='grc' dir='ltr'>πράγμασιν·ή</span> <span class='ocrx_word' id='word_1_595' title='bbox 2822 3324 2931 3378; x_wconf 86' lang='grc' dir='ltr'><strong>τῶν</strong></span> <span class='ocrx_word' id='word_1_596' title='bbox 2984 3329 3342 3396; x_wconf 74' lang='grc' dir='ltr'>χαμαιζήλων</span> <span class='ocrx_word' id='word_1_597' title='bbox 3397 3332 3493 3400; x_wconf 85' lang='grc' dir='ltr'>μὲν</span> <span class='ocrx_word' id='word_1_598' title='bbox 3551 3333 3958 3406; x_wconf 78' lang='grc' dir='ltr'>ἀνῳκισμένη,</span> 
     </span>
    </p>
   </div>
   <div class='ocr_carea' id='block_1_93' title="bbox 2362 3417 3963 3498">
    <p class='ocr_par' dir='ltr' id='par_1_93' title="bbox 2362 3417 3963 3498">
     <span class='ocr_line' id='line_1_93' title="bbox 2362 3417 3963 3498; baseline 0.009 -30"><span class='ocrx_word' id='word_1_599' title='bbox 2362 3417 2644 3486; x_wconf 82' lang='grc' dir='ltr'>ὐπερτέρα</span> <span class='ocrx_word' id='word_1_600' title='bbox 2682 3417 2728 3477; x_wconf 83' lang='grc' dir='ltr'>δ’</span> <span class='ocrx_word' id='word_1_601' title='bbox 2766 3419 3030 3490; x_wconf 84' lang='grc' dir='ltr'>αἰρομένη</span> <span class='ocrx_word' id='word_1_602' title='bbox 3071 3421 3171 3489; x_wconf 82' lang='grc' dir='ltr'>τῆς</span> <span class='ocrx_word' id='word_1_603' title='bbox 3221 3423 3472 3491; x_wconf 80' lang='grc' dir='ltr'>φύσεως·</span> <span class='ocrx_word' id='word_1_604' title='bbox 3503 3427 3603 3496; x_wconf 87' lang='grc' dir='ltr'><strong>οὐχ</strong></span> <span class='ocrx_word' id='word_1_605' title='bbox 3635 3431 3963 3498; x_wconf 79' lang='grc' dir='ltr'>ὸρωμέναις</span> 
     </span>
    </p>
   </div>
   <div class='ocr_carea' id='block_1_94' title="bbox 2361 3507 3960 3586">
    <p class='ocr_par' dir='ltr' id='par_1_94' title="bbox 2361 3507 3960 3586">
     <span class='ocr_line' id='line_1_94' title="bbox 2361 3507 3960 3586; baseline 0.009 -26"><span class='ocrx_word' id='word_1_606' title='bbox 2361 3507 2657 3578; x_wconf 82' lang='grc' dir='ltr'>πτέρυξιν,</span> <span class='ocrx_word' id='word_1_607' title='bbox 2717 3509 3057 3581; x_wconf 80' lang='grc' dir='ltr'>καθαρότητι</span> <span class='ocrx_word' id='word_1_608' title='bbox 3093 3513 3149 3564; x_wconf 75' lang='grc' dir='ltr'>δὲ</span> <span class='ocrx_word' id='word_1_609' title='bbox 3182 3514 3277 3565; x_wconf 78' lang='grc' dir='ltr'><strong>καὶ</strong></span> <span class='ocrx_word' id='word_1_610' title='bbox 3313 3515 3558 3586; x_wconf 84' lang='grc' dir='ltr'>λογισμῷ</span> <span class='ocrx_word' id='word_1_611' title='bbox 3589 3517 3960 3574; x_wconf 79' lang='grc' dir='ltr'>διαὸαίνουσα</span> 
     </span>
    </p>
   </div>
   <div class='ocr_carea' id='block_1_95' title="bbox 2361 3616 2622 3670">
    <p class='ocr_par' dir='ltr' id='par_1_95' title="bbox 2361 3616 2622 3670">
     <span class='ocr_line' id='line_1_95' title="bbox 2361 3616 2622 3670; baseline 0.015 -19"><span class='ocrx_word' id='word_1_612' title='bbox 2361 3616 2479 3669; x_wconf 82' lang='grc' dir='ltr'><strong>σωφ</strong></span> <span class='ocrx_word' id='word_1_613' title='bbox 2489 3617 2576 3670; x_wconf 89' lang='grc' dir='ltr'><strong>ρον</strong></span> <span class='ocrx_word' id='word_1_614' title='bbox 2585 3617 2600 3652; x_wconf 91' lang='grc' dir='ltr'><strong>ι</strong></span> <span class='ocrx_word' id='word_1_615' title='bbox 2609 3643 2622 3655; x_wconf 90' lang='grc'><strong>.</strong></span> 
     </span>
    </p>
   </div>
   <div class='ocr_carea' id='block_1_96' title="bbox 2429 3788 3959 3863">
    <p class='ocr_par' dir='ltr' id='par_1_96' title="bbox 2429 3788 3959 3863">
     <span class='ocr_line' id='line_1_96' title="bbox 2429 3788 3959 3863; baseline 0.011 -23"><span class='ocrx_word' id='word_1_616' title='bbox 2429 3788 2682 3859; x_wconf 80' lang='grc' dir='ltr'>Θεοδότη,</span> <span class='ocrx_word' id='word_1_617' title='bbox 2707 3789 2880 3859; x_wconf 87' lang='grc' dir='ltr'>δῶρον</span> <span class='ocrx_word' id='word_1_618' title='bbox 2913 3791 3035 3859; x_wconf 85' lang='grc' dir='ltr'>μὲν,</span> <span class='ocrx_word' id='word_1_619' title='bbox 3070 3793 3102 3860; x_wconf 77' lang='grc' dir='ltr'><strong>ἡ</strong></span> <span class='ocrx_word' id='word_1_620' title='bbox 3131 3792 3390 3863; x_wconf 77' lang='grc' dir='ltr'>δεδομένη</span> <span class='ocrx_word' id='word_1_621' title='bbox 3423 3795 3630 3862; x_wconf 85' lang='grc' dir='ltr'>θεόθεν,</span> <span class='ocrx_word' id='word_1_622' title='bbox 3657 3800 3959 3857; x_wconf 80' lang='grc' dir='ltr'>ἀντιδοῦσα</span> 
     </span>
    </p>
   </div>
   <div class='ocr_carea' id='block_1_97' title="bbox 2359 3881 3958 3967">
    <p class='ocr_par' dir='ltr' id='par_1_97' title="bbox 2359 3881 3958 3967">
     <span class='ocr_line' id='line_1_97' title="bbox 2359 3881 3958 3967; baseline 0.011 -34"><span class='ocrx_word' id='word_1_623' title='bbox 2359 3881 2415 3934; x_wconf 81' lang='grc' dir='ltr'>δὲ</span> <span class='ocrx_word' id='word_1_624' title='bbox 2447 3883 2545 3934; x_wconf 80' lang='grc' dir='ltr'><strong>σὺν</strong></span> <span class='ocrx_word' id='word_1_625' title='bbox 2578 3884 2743 3953; x_wconf 77' lang='grc' dir='ltr'>ἑαυτῇ</span> <span class='ocrx_word' id='word_1_626' title='bbox 2775 3883 2855 3952; x_wconf 86' lang='grc' dir='ltr'>τῷ</span> <span class='ocrx_word' id='word_1_627' title='bbox 2891 3883 3169 3945; x_wconf 79' lang='grc' dir='ltr'>δεδωκότι,</span> <span class='ocrx_word' id='word_1_628' title='bbox 3203 3887 3298 3939; x_wconf 74' lang='grc' dir='ltr'>καὶ</span> <span class='ocrx_word' id='word_1_629' title='bbox 3330 3886 3430 3958; x_wconf 75' lang='grc' dir='ltr'><strong>τὴν</strong></span> <span class='ocrx_word' id='word_1_630' title='bbox 3472 3891 3537 3941; x_wconf 88' lang='grc' dir='ltr'>ὲκ</span> <span class='ocrx_word' id='word_1_631' title='bbox 3582 3892 3783 3962; x_wconf 82' lang='grc' dir='ltr'>νηδύος</span> <span class='ocrx_word' id='word_1_632' title='bbox 3817 3913 3958 3967; x_wconf 87' lang='grc' dir='ltr'>καρ-</span> 
     </span>
    </p>
   </div>
   <div class='ocr_carea' id='block_1_98' title="bbox 2361 3971 3958 4050">
    <p class='ocr_par' dir='ltr' id='par_1_98' title="bbox 2361 3971 3958 4050">
     <span class='ocr_line' id='line_1_98' title="bbox 2361 3971 3958 4050; baseline 0.011 -29"><span class='ocrx_word' id='word_1_633' title='bbox 2361 3971 2725 4042; x_wconf 76' lang='grc' dir='ltr'>ποφορίανοὴ</span> <span class='ocrx_word' id='word_1_634' title='bbox 2761 3973 2946 4042; x_wconf 76' lang='grc' dir='ltr'>διττὴν</span> <span class='ocrx_word' id='word_1_635' title='bbox 2981 3975 3132 4045; x_wconf 84' lang='grc' dir='ltr'>αὐτῷ</span> <span class='ocrx_word' id='word_1_636' title='bbox 3168 3977 3484 4046; x_wconf 77' lang='grc' dir='ltr'>προσφορὰν</span> <span class='ocrx_word' id='word_1_637' title='bbox 3516 3983 3829 4050; x_wconf 73' lang='grc' dir='ltr'>κομίσασα,</span> <span class='ocrx_word' id='word_1_638' title='bbox 3864 3990 3958 4040; x_wconf 71' lang='grc' dir='ltr'><strong>καὶ</strong></span> 
     </span>
    </p>
   </div>
   <div class='ocr_carea' id='block_1_99' title="bbox 2360 4061 3957 4142">
    <p class='ocr_par' dir='ltr' id='par_1_99' title="bbox 2360 4061 3957 4142">
     <span class='ocr_line' id='line_1_99' title="bbox 2360 4061 3957 4142; baseline 0.013 -30"><span class='ocrx_word' id='word_1_639' title='bbox 2360 4061 2460 4132; x_wconf 84' lang='grc' dir='ltr'><strong>τὴν</strong></span> <span class='ocrx_word' id='word_1_640' title='bbox 2535 4063 2785 4134; x_wconf 70' lang='grc' dir='ltr'>Ἀϐραὰμ</span> <span class='ocrx_word' id='word_1_641' title='bbox 2835 4066 3050 4129; x_wconf 89' lang='grc' dir='ltr'>τούτοις</span> <span class='ocrx_word' id='word_1_642' title='bbox 3109 4069 3596 4137; x_wconf 80' lang='grc' dir='ltr'>πλεονεκτήσασα·</span> <span class='ocrx_word' id='word_1_643' title='bbox 3656 4073 3689 4142; x_wconf 77' lang='grc' dir='ltr'><strong>ἡ</strong></span> <span class='ocrx_word' id='word_1_644' title='bbox 3761 4077 3957 4133; x_wconf 72' lang='grc' dir='ltr'>θυσίαν</span> 
     </span>
    </p>
   </div>
   <div class='ocr_carea' id='block_1_100' title="bbox 2361 4153 3954 4239">
    <p class='ocr_par' dir='ltr' id='par_1_100' title="bbox 2361 4153 3954 4239">
     <span class='ocr_line' id='line_1_100' title="bbox 2361 4153 3954 4239; baseline 0.009 -33"><span class='ocrx_word' id='word_1_645' title='bbox 2361 4153 2662 4224; x_wconf 78' lang='grc' dir='ltr'>ὁλόκληρον</span> <span class='ocrx_word' id='word_1_646' title='bbox 2732 4157 2811 4226; x_wconf 82' lang='grc' dir='ltr'>τῷ</span> <span class='ocrx_word' id='word_1_647' title='bbox 2855 4159 3000 4227; x_wconf 84' lang='grc' dir='ltr'>ὑπὲρ</span> <span class='ocrx_word' id='word_1_648' title='bbox 3045 4160 3353 4230; x_wconf 86' lang='grc' dir='ltr'>ἀνθρώπων</span> <span class='ocrx_word' id='word_1_649' title='bbox 3390 4163 3608 4217; x_wconf 86' lang='grc' dir='ltr'>τυθέντι</span> <span class='ocrx_word' id='word_1_650' title='bbox 3659 4184 3954 4239; x_wconf 73' lang='grc' dir='ltr'>προσαγα-</span> 
     </span>
    </p>
   </div>
   <div class='ocr_carea' id='block_1_101' title="bbox 2362 4244 3957 4333">
    <p class='ocr_par' dir='ltr' id='par_1_101' title="bbox 2362 4244 3957 4333">
     <span class='ocr_line' id='line_1_101' title="bbox 2362 4244 3957 4333; baseline 0.014 -38"><span class='ocrx_word' id='word_1_651' title='bbox 2362 4244 2558 4312; x_wconf 86' lang='grc' dir='ltr'>γοῦσα,</span> <span class='ocrx_word' id='word_1_652' title='bbox 2608 4246 2704 4298; x_wconf 78' lang='grc' dir='ltr'>καὶ</span> <span class='ocrx_word' id='word_1_653' title='bbox 2744 4248 2843 4316; x_wconf 84' lang='grc' dir='ltr'>τῆς</span> <span class='ocrx_word' id='word_1_654' title='bbox 2891 4248 3024 4319; x_wconf 86' lang='grc' dir='ltr'>παρ’</span> <span class='ocrx_word' id='word_1_655' title='bbox 3053 4251 3263 4304; x_wconf 74' lang='grc' dir='ltr'>ἐκείνου</span> <span class='ocrx_word' id='word_1_656' title='bbox 3322 4254 3634 4323; x_wconf 80' lang='grc' dir='ltr'>κρείττονος</span> <span class='ocrx_word' id='word_1_657' title='bbox 3675 4262 3957 4333; x_wconf 67' lang='grc' dir='ltr'>ἀποδοχῆς</span> 
     </span>
    </p>
   </div>
   <div class='ocr_carea' id='block_1_102' title="bbox 2365 4337 3956 4421">
    <p class='ocr_par' dir='ltr' id='par_1_102' title="bbox 2365 4337 3956 4421">
     <span class='ocr_line' id='line_1_102' title="bbox 2365 4337 3956 4421; baseline 0.013 -31"><span class='ocrx_word' id='word_1_658' title='bbox 2365 4337 2661 4400; x_wconf 82' lang='grc' dir='ltr'>ἀξιωθεῖσα</span> <span class='ocrx_word' id='word_1_659' title='bbox 2680 4355 2693 4367; x_wconf 82' lang='lat'><strong><em>°</em></strong></span> <span class='ocrx_word' id='word_1_660' title='bbox 2725 4341 2787 4392; x_wconf 90' lang='grc' dir='ltr'><strong>οὐ</strong></span> <span class='ocrx_word' id='word_1_661' title='bbox 2831 4342 3112 4412; x_wconf 77' lang='grc' dir='ltr'>μάχαιραν</span> <span class='ocrx_word' id='word_1_662' title='bbox 3142 4346 3200 4396; x_wconf 81' lang='grc' dir='ltr'><strong>έν</strong></span> <span class='ocrx_word' id='word_1_663' title='bbox 3234 4345 3408 4417; x_wconf 77' lang='grc' dir='ltr'>ταύτῃ</span> <span class='ocrx_word' id='word_1_664' title='bbox 3452 4350 3835 4421; x_wconf 78' lang='grc' dir='ltr'>παραθήξασα</span> <span class='ocrx_word' id='word_1_665' title='bbox 3856 4373 3868 4385; x_wconf 88' lang='grc'><strong>·</strong></span> <span class='ocrx_word' id='word_1_666' title='bbox 3896 4360 3956 4412; x_wconf 79' lang='grc' dir='ltr'><strong>οὐ</strong></span> 
     </span>
    </p>
   </div>
   <div class='ocr_carea' id='block_1_103' title="bbox 2369 4428 3952 4518">
    <p class='ocr_par' dir='ltr' id='par_1_103' title="bbox 2369 4428 3952 4518">
     <span class='ocr_line' id='line_1_103' title="bbox 2369 4428 3952 4518; baseline 0.014 -37"><span class='ocrx_word' id='word_1_667' title='bbox 2369 4428 2551 4499; x_wconf 79' lang='grc' dir='ltr'>βωμὸν</span> <span class='ocrx_word' id='word_1_668' title='bbox 2585 4431 2882 4501; x_wconf 74' lang='grc' dir='ltr'>ὲγείρασαο</span> <span class='ocrx_word' id='word_1_669' title='bbox 2934 4435 3036 4504; x_wconf 83' lang='grc' dir='ltr'><strong>οὐχ</strong></span> <span class='ocrx_word' id='word_1_670' title='bbox 3085 4437 3490 4507; x_wconf 82' lang='grc' dir='ltr'>ὑπεκκαύματα</span> <span class='ocrx_word' id='word_1_671' title='bbox 3538 4449 3952 4518; x_wconf 74' lang='grc' dir='ltr'>συναγείρατα·</span> 
     </span>
    </p>
   </div>
   <div class='ocr_carea' id='block_1_104' title="bbox 2366 4519 3934 4614">
    <p class='ocr_par' dir='ltr' id='par_1_104' title="bbox 2366 4519 3934 4614">
     <span class='ocr_line' id='line_1_104' title="bbox 2366 4519 3934 4614; baseline 0.015 -44"><span class='ocrx_word' id='word_1_672' title='bbox 2366 4520 2424 4571; x_wconf 90' lang='grc' dir='ltr'><strong>οὐ</strong></span> <span class='ocrx_word' id='word_1_673' title='bbox 2454 4519 2565 4614; x_wconf 85' lang='grc' dir='ltr'>πῦρ</span> <span class='ocrx_word' id='word_1_674' title='bbox 2596 4522 2851 4591; x_wconf 77' lang='grc' dir='ltr'>ἀνάψασα</span> <span class='ocrx_word' id='word_1_675' title='bbox 2872 4564 2886 4587; x_wconf 87' lang='grc'><strong>,</strong></span> <span class='ocrx_word' id='word_1_676' title='bbox 2919 4524 3044 4578; x_wconf 77' lang='grc' dir='ltr'>οὐδὲ</span> <span class='ocrx_word' id='word_1_677' title='bbox 3076 4526 3271 4598; x_wconf 82' lang='grc' dir='ltr'>καπνῷ</span> <span class='ocrx_word' id='word_1_678' title='bbox 3316 4531 3411 4582; x_wconf 68' lang='grc' dir='ltr'><strong>καὶ</strong></span> <span class='ocrx_word' id='word_1_679' title='bbox 3459 4533 3622 4604; x_wconf 78' lang='grc' dir='ltr'>κνίσῃ</span> <span class='ocrx_word' id='word_1_680' title='bbox 3673 4537 3769 4589; x_wconf 87' lang='grc' dir='ltr'><strong>τὸν</strong></span> <span class='ocrx_word' id='word_1_681' title='bbox 3820 4544 3934 4614; x_wconf 74' lang='grc' dir='ltr'>ἀέρι</span> 
     </span>
    </p>
   </div>
   <div class='ocr_carea' id='block_1_105' title="bbox 2367 4613 3957 4700">
    <p class='ocr_par' dir='ltr' id='par_1_105' title="bbox 2367 4613 3957 4700">
     <span class='ocr_line' id='line_1_105' title="bbox 2367 4613 3957 4700; baseline 0.016 -37"><span class='ocrx_word' id='word_1_682' title='bbox 2367 4613 2681 4682; x_wconf 82' lang='grc' dir='ltr'>συγχέασα·</span> <span class='ocrx_word' id='word_1_683' title='bbox 2727 4615 2864 4667; x_wconf 79' lang='grc' dir='ltr'>ἀλλὰ</span> <span class='ocrx_word' id='word_1_684' title='bbox 2912 4618 3190 4691; x_wconf 77' lang='grc' dir='ltr'>μάχαιραν</span> <span class='ocrx_word' id='word_1_685' title='bbox 3245 4620 3345 4688; x_wconf 68' lang='grc' dir='ltr'><strong>μὲν</strong></span> <span class='ocrx_word' id='word_1_686' title='bbox 3395 4627 3510 4686; x_wconf 84' lang='grc' dir='ltr'>τοῖς</span> <span class='ocrx_word' id='word_1_687' title='bbox 3563 4630 3957 4700; x_wconf 76' lang='grc' dir='ltr'>σπενδομένοις</span> 
     </span>
    </p>
   </div>
   <div class='ocr_carea' id='block_1_106' title="bbox 2367 4703 3955 4789">
    <p class='ocr_par' dir='ltr' id='par_1_106' title="bbox 2367 4703 3955 4789">
     <span class='ocr_line' id='line_1_106' title="bbox 2367 4703 3955 4789; baseline 0.017 -37"><span class='ocrx_word' id='word_1_688' title='bbox 2367 4703 2774 4773; x_wconf 82' lang='grc' dir='ltr'>προτειναμένη</span> <span class='ocrx_word' id='word_1_689' title='bbox 2803 4706 2902 4774; x_wconf 77' lang='grc' dir='ltr'>τὴν</span> <span class='ocrx_word' id='word_1_690' title='bbox 2931 4709 3205 4777; x_wconf 74' lang='grc' dir='ltr'>τμητικὴν</span> <span class='ocrx_word' id='word_1_691' title='bbox 3231 4709 3341 4762; x_wconf 88' lang='grc' dir='ltr'><strong>τῶν</strong></span> <span class='ocrx_word' id='word_1_692' title='bbox 3371 4713 3563 4766; x_wconf 85' lang='grc' dir='ltr'>παθῶν</span> <span class='ocrx_word' id='word_1_693' title='bbox 3590 4719 3955 4789; x_wconf 73' lang='grc' dir='ltr'>ἐγκράτειαν·</span> 
     </span>
    </p>
   </div>
   <div class='ocr_carea' id='block_1_107' title="bbox 2368 4793 3957 4886">
    <p class='ocr_par' dir='ltr' id='par_1_107' title="bbox 2368 4793 3957 4886">
     <span class='ocr_line' id='line_1_107' title="bbox 2368 4793 3957 4886; baseline 0.016 -42"><span class='ocrx_word' id='word_1_694' title='bbox 2368 4793 2551 4863; x_wconf 82' lang='grc' dir='ltr'>βωμὸν</span> <span class='ocrx_word' id='word_1_695' title='bbox 2581 4795 2638 4848; x_wconf 76' lang='grc' dir='ltr'>δὲ</span> <span class='ocrx_word' id='word_1_696' title='bbox 2669 4796 3018 4862; x_wconf 84' lang='grc' dir='ltr'>διδασκαλίας</span> <span class='ocrx_word' id='word_1_697' title='bbox 3049 4800 3486 4874; x_wconf 82' lang='grc' dir='ltr'>διαναστήσασα,</span> <span class='ocrx_word' id='word_1_698' title='bbox 3532 4809 3593 4861; x_wconf 84' lang='grc' dir='ltr'><strong>τὸ</strong></span> <span class='ocrx_word' id='word_1_699' title='bbox 3640 4814 3743 4882; x_wconf 76' lang='grc' dir='ltr'>τῆς</span> <span class='ocrx_word' id='word_1_700' title='bbox 3776 4817 3957 4886; x_wconf 72' lang='grc' dir='ltr'>ψυχῆς</span> 
     </span>
    </p>
   </div>
   <div class='ocr_carea' id='block_1_108' title="bbox 2367 4886 3954 4973">
    <p class='ocr_par' dir='ltr' id='par_1_108' title="bbox 2367 4886 3954 4973">
     <span class='ocr_line' id='line_1_108' title="bbox 2367 4886 3954 4973; baseline 0.017 -37"><span class='ocrx_word' id='word_1_701' title='bbox 2367 4886 2594 4939; x_wconf 71' lang='grc' dir='ltr'>ἐκείνων</span> <span class='ocrx_word' id='word_1_702' title='bbox 2643 4889 2943 4954; x_wconf 82' lang='grc' dir='ltr'>ἁγνότατον</span> <span class='ocrx_word' id='word_1_703' title='bbox 2973 4891 3323 4962; x_wconf 75' lang='grc' dir='ltr'>ἐνδιαίτημα,</span> <span class='ocrx_word' id='word_1_704' title='bbox 3374 4897 3435 4949; x_wconf 79' lang='grc' dir='ltr'>ὲν</span> <span class='ocrx_word' id='word_1_705' title='bbox 3480 4892 3526 4966; x_wconf 83' lang='grc' dir='ltr'>ᾧ</span> <span class='ocrx_word' id='word_1_706' title='bbox 3580 4902 3716 4973; x_wconf 88' lang='grc' dir='ltr'>πῦρ,</span> <span class='ocrx_word' id='word_1_707' title='bbox 3766 4910 3830 4959; x_wconf 76' lang='grc' dir='ltr'>τὸ</span> <span class='ocrx_word' id='word_1_708' title='bbox 3867 4913 3954 4964; x_wconf 70' lang='grc' dir='ltr'><strong>τοῦ</strong></span> 
     </span>
    </p>
   </div>
   <div class='ocr_carea' id='block_1_109' title="bbox 2369 4976 3954 5070">
    <p class='ocr_par' dir='ltr' id='par_1_109' title="bbox 2369 4976 3954 5070">
     <span class='ocr_line' id='line_1_109' title="bbox 2369 4976 3954 5070; baseline 0.017 -43"><span class='ocrx_word' id='word_1_709' title='bbox 2369 4976 2552 5029; x_wconf 86' lang='grc' dir='ltr'>θεῖκ-οῦ</span> <span class='ocrx_word' id='word_1_710' title='bbox 2583 4978 2871 5049; x_wconf 72' lang='grc' dir='ltr'>διαναρθὲν</span> <span class='ocrx_word' id='word_1_711' title='bbox 2903 4981 3093 5042; x_wconf 86' lang='grc' dir='ltr'>πόθου.</span> <span class='ocrx_word' id='word_1_712' title='bbox 3120 4984 3221 5055; x_wconf 81' lang='grc' dir='ltr'><strong>τὴν</strong></span> <span class='ocrx_word' id='word_1_713' title='bbox 3253 4985 3446 5042; x_wconf 81' lang='grc' dir='ltr'>θυσίαν</span> <span class='ocrx_word' id='word_1_714' title='bbox 3473 4992 3574 5059; x_wconf 80' lang='grc' dir='ltr'>μὲν</span> <span class='ocrx_word' id='word_1_715' title='bbox 3605 4995 3954 5070; x_wconf 76' lang='grc' dir='ltr'>ἐτελεσιούρ-</span> 
     </span>
    </p>
   </div>
   <div class='ocr_carea' id='block_1_110' title="bbox 2366 5070 3956 5162">
    <p class='ocr_par' dir='ltr' id='par_1_110' title="bbox 2366 5070 3956 5162">
     <span class='ocr_line' id='line_1_110' title="bbox 2366 5070 3956 5162; baseline 0.018 -45"><span class='ocrx_word' id='word_1_716' title='bbox 2366 5085 2559 5162; x_wconf 73' lang='grc' dir='ltr'>γησεν,</span> <span class='ocrx_word' id='word_1_717' title='bbox 2603 5070 2781 5141; x_wconf 89' lang='grc' dir='ltr'>εὐώδη</span> <span class='ocrx_word' id='word_1_718' title='bbox 2816 5073 2874 5125; x_wconf 80' lang='grc' dir='ltr'>δὲ</span> <span class='ocrx_word' id='word_1_719' title='bbox 2905 5073 3111 5144; x_wconf 87' lang='grc' dir='ltr'>ταύτην</span> <span class='ocrx_word' id='word_1_720' title='bbox 3160 5075 3238 5146; x_wconf 84' lang='grc' dir='ltr'>τῷ</span> <span class='ocrx_word' id='word_1_721' title='bbox 3278 5078 3619 5152; x_wconf 82' lang='grc' dir='ltr'>ποθουμένῳ,</span> <span class='ocrx_word' id='word_1_722' title='bbox 3662 5091 3760 5140; x_wconf 83' lang='grc' dir='ltr'>καὶ</span> <span class='ocrx_word' id='word_1_723' title='bbox 3812 5093 3956 5162; x_wconf 66' lang='grc' dir='ltr'>μρλα</span> 
     </span>
    </p>
   </div>
   <div class='ocr_carea' id='block_1_111' title="bbox 2364 5159 2960 5234">
    <p class='ocr_par' dir='ltr' id='par_1_111' title="bbox 2364 5159 2960 5234">
     <span class='ocr_line' id='line_1_111' title="bbox 2364 5159 2960 5234; baseline 0.012 -23"><span class='ocrx_word' id='word_1_724' title='bbox 2364 5159 2622 5231; x_wconf 82' lang='grc' dir='ltr'>δεκτικὴν</span> <span class='ocrx_word' id='word_1_725' title='bbox 2647 5165 2960 5234; x_wconf 85' lang='grc' dir='ltr'>ὲνήνεγκεν.</span> 
     </span>
    </p>
   </div>
   <div class='ocr_carea' id='block_1_112' title="bbox 2442 5253 3953 5346">
    <p class='ocr_par' dir='ltr' id='par_1_112' title="bbox 2442 5253 3953 5346">
     <span class='ocr_line' id='line_1_112' title="bbox 2442 5253 3953 5346; baseline 0.013 -41"><span class='ocrx_word' id='word_1_726' title='bbox 2442 5253 2599 5346; x_wconf 72' lang='grc' dir='ltr'>Οὕτω</span> <span class='ocrx_word' id='word_1_727' title='bbox 2628 5257 2807 5308; x_wconf 82' lang='grc' dir='ltr'>τοίνυν</span> <span class='ocrx_word' id='word_1_728' title='bbox 2841 5260 3049 5313; x_wconf 81' lang='grc' dir='ltr'>οἰκείαν</span> <span class='ocrx_word' id='word_1_729' title='bbox 3074 5261 3251 5332; x_wconf 84' lang='grc' dir='ltr'>ὀρθῶς</span> <span class='ocrx_word' id='word_1_730' title='bbox 3284 5264 3567 5339; x_wconf 80' lang='grc' dir='ltr'>διελομένη</span> <span class='ocrx_word' id='word_1_731' title='bbox 3604 5277 3953 5346; x_wconf 67' lang='grc' dir='ltr'>προσφορὰν,</span> 
     </span>
    </p>
   </div>
   <div class='ocr_carea' id='block_1_113' title="bbox 2365 5345 3956 5434">
    <p class='ocr_par' dir='ltr' id='par_1_113' title="bbox 2365 5345 3956 5434">
     <span class='ocr_line' id='line_1_113' title="bbox 2365 5345 3956 5434; baseline 0.014 -38"><span class='ocrx_word' id='word_1_732' title='bbox 2365 5345 2542 5415; x_wconf 80' lang='grc' dir='ltr'>ὀρθῶς</span> <span class='ocrx_word' id='word_1_733' title='bbox 2584 5348 2977 5420; x_wconf 83' lang='grc' dir='ltr'>ἀνενεχθῆναι,</span> <span class='ocrx_word' id='word_1_734' title='bbox 3012 5353 3208 5425; x_wconf 82' lang='grc' dir='ltr'>γνώμῃ</span> <span class='ocrx_word' id='word_1_735' title='bbox 3238 5359 3303 5425; x_wconf 81' lang='grc' dir='ltr'>τῇ</span> <span class='ocrx_word' id='word_1_736' title='bbox 3361 5358 3467 5412; x_wconf 88' lang='grc' dir='ltr'><strong>τῶν</strong></span> <span class='ocrx_word' id='word_1_737' title='bbox 3518 5345 3956 5434; x_wconf 70' lang='grc' dir='ltr'>προσαγομένων</span> 
     </span>
    </p>
   </div>
   <div class='ocr_carea' id='block_1_114' title="bbox 2367 5438 3956 5524">
    <p class='ocr_par' dir='ltr' id='par_1_114' title="bbox 2367 5438 3956 5524">
     <span class='ocr_line' id='line_1_114' title="bbox 2367 5438 3956 5524; baseline 0.015 -35"><span class='ocrx_word' id='word_1_738' title='bbox 2367 5438 2677 5510; x_wconf 85' lang='grc' dir='ltr'>αὐθαιρέτῳ</span> <span class='ocrx_word' id='word_1_739' title='bbox 2729 5444 3169 5512; x_wconf 82' lang='grc' dir='ltr'>παρεσκεύασεν.</span> <span class='ocrx_word' id='word_1_740' title='bbox 3231 5447 3378 5519; x_wconf 80' lang='grc' dir='ltr'>Λῦτη</span> <span class='ocrx_word' id='word_1_741' title='bbox 3429 5452 3528 5518; x_wconf 83' lang='grc' dir='ltr'>μὲν</span> <span class='ocrx_word' id='word_1_742' title='bbox 3571 5455 3701 5524; x_wconf 70' lang='grc' dir='ltr'>γὰρ,</span> <span class='ocrx_word' id='word_1_743' title='bbox 3737 5461 3810 5510; x_wconf 69' lang='grc' dir='ltr'>τὰ</span> <span class='ocrx_word' id='word_1_744' title='bbox 3851 5461 3956 5513; x_wconf 81' lang='grc' dir='ltr'><strong>τῶν</strong></span> 
     </span>
    </p>
   </div>
   <div class='ocr_carea' id='block_1_115' title="bbox 2368 5529 3954 5617">
    <p class='ocr_par' dir='ltr' id='par_1_115' title="bbox 2368 5529 3954 5617">
     <span class='ocr_line' id='line_1_115' title="bbox 2368 5529 3954 5617; baseline 0.015 -37"><span class='ocrx_word' id='word_1_745' title='bbox 2368 5529 2591 5597; x_wconf 83' lang='grc' dir='ltr'>ἀγαθῶν</span> <span class='ocrx_word' id='word_1_746' title='bbox 2624 5534 2682 5584; x_wconf 83' lang='grc' dir='ltr'><strong>ἐν</strong></span> <span class='ocrx_word' id='word_1_747' title='bbox 2712 5536 2827 5596; x_wconf 87' lang='grc' dir='ltr'>τοῖς</span> <span class='ocrx_word' id='word_1_748' title='bbox 2858 5537 3015 5588; x_wconf 76' lang='grc' dir='ltr'>παισὶ</span> <span class='ocrx_word' id='word_1_749' title='bbox 3040 5538 3406 5593; x_wconf 78' lang='grc' dir='ltr'>κατεὸάλλετο</span> <span class='ocrx_word' id='word_1_750' title='bbox 3429 5545 3729 5614; x_wconf 82' lang='grc' dir='ltr'>σπέρματα</span> <span class='ocrx_word' id='word_1_751' title='bbox 3748 5567 3761 5578; x_wconf 86' lang='grc'>·</span> <span class='ocrx_word' id='word_1_752' title='bbox 3794 5552 3848 5602; x_wconf 73' lang='grc' dir='ltr'><strong>οἱ</strong></span> <span class='ocrx_word' id='word_1_753' title='bbox 3879 5553 3954 5617; x_wconf 73' lang='grc' dir='ltr'><strong>δὲ,</strong></span> 
     </span>
    </p>
   </div>
   <div class='ocr_carea' id='block_1_116' title="bbox 2366 5623 3953 5708">
    <p class='ocr_par' dir='ltr' id='par_1_116' title="bbox 2366 5623 3953 5708">
     <span class='ocr_line' id='line_1_116' title="bbox 2366 5623 3953 5708; baseline 0.016 -34"><span class='ocrx_word' id='word_1_754' title='bbox 2366 5623 2446 5686; x_wconf 80' lang='grc' dir='ltr'>εις</span> <span class='ocrx_word' id='word_1_755' title='bbox 2474 5623 2744 5694; x_wconf 87' lang='grc' dir='ltr'>πολύχουν</span> <span class='ocrx_word' id='word_1_756' title='bbox 2783 5626 2853 5680; x_wconf 88' lang='grc' dir='ltr'><strong>τά</strong></span> <span class='ocrx_word' id='word_1_757' title='bbox 2893 5629 3311 5701; x_wconf 78' lang='grc' dir='ltr'>κατασληθέντα</span> <span class='ocrx_word' id='word_1_758' title='bbox 3355 5642 3740 5708; x_wconf 56' lang='grc' dir='ltr'>καρποφορεῖν</span> <span class='ocrx_word' id='word_1_759' title='bbox 3777 5643 3953 5699; x_wconf 63' lang='lat'><strong>5601:!-</strong></span> 
     </span>
    </p>
   </div>
  </div>
