4166 6440
157 355 309 424 1509

1028 357 1111 420 IN
1145 360 1252 420 ss.
1289 357 1520 418 MART.
1561 356 1868 417 COSMAM
1909 357 2004 415 ET
2040 340 2480 430 DAMIANUM,

3311 365 3444 434 1510
3495 363 3498 365 λ

158 485 355 540 μασαν
379 483 391 496 ·
441 466 531 520 καὶ
579 467 724 540 άπερ
757 462 816 522 εὖ
845 468 988 537 ἔχειν
1021 469 1268 541 ἔκριναν,
1303 471 1458 525 ταῦτ’
1485 472 1566 535 είς
1591 471 1745 542 ἔργον

1853 484 1972 538 qua:
1999 468 2135 522 bene
2168 467 2508 537 judicassent
2549 471 2769 534 habere,
2801 472 2851 525 in
2885 474 3019 542 Opus
3047 462 3396 544 proferebant
3427 501 3440 543 ;

157 563 508 632 ἐξήνεγκαν·
545 561 768 630 ἀγάπην
816 561 951 614 Θεοῦ
1000 563 1220 616 πάντων
1256 563 1538 632 ἐρασμίων
1582 562 1758 616 ἄλλων

155 651 560 722 προκρίνοντες
583 667 598 682 ·
634 651 822 704 πίστιν
865 651 1162 721 τηροῦντες
1199 652 1488 706 ἀνόθευτον
1511 671 1522 682 ·
1565 653 1624 705 τὸ
1660 651 1757 704 τοῦ

156 743 477 807 συνειδότος
549 743 844 806 διαπαντὸς
893 744 1234 807 ἀνατλῶντες
1295 744 1625 814 μαρτύριον·
1690 746 1756 814 τῇ

154 840 306 906 πρὸς
351 839 481 900 τοὺς
516 837 750 906 πλησίον
784 838 1172 902 ἀδιασπάστως
1203 838 1394 910 ἀγάπῃ
1430 837 1759 906 συνδεσμού-

157 947 320 999 μενοι
350 947 364 960 ·
419 930 525 983 τῶν
577 931 842 1001 ἐμπαθῶν
879 932 1082 1000 ἡδονῶν
1112 932 1630 1004 ἀπορῤηγνύμενοι·
1667 932 1758 984 άν-

153 1023 354 1094 δρείαν
395 1024 517 1077 κατ’
563 1024 745 1078 αὐτῶν
780 1025 1218 1094 ἐνδεικνύμενοι·
1256 1025 1391 1095 μέλη
1433 1025 1755 1093 νεκροῦντες

153 1114 258 1169 τοῦ
305 1115 590 1186 σώματος·
635 1117 816 1188 ψυχῆς
862 1119 1125 1189 δυνάμεις
1153 1117 1623 1189 ἀναρρωννύντες·
1661 1119 1755 1171 καὶ

153 1208 393 1279 σπουδῇ,
441 1209 509 1262 δι’
546 1204 611 1279 ἧς
665 1209 732 1262 τὰ
791 1210 1027 1280 μέγιστα
1069 1209 1384 1280 κατώρθουν
1437 1211 1495 1261 ἐν
1536 1208 1753 1281 ἡλικίας

154 1300 343 1370 ἀκμῇ,
381 1300 483 1371 τὴν
529 1301 799 1372 ἐσομένην
861 1303 1045 1366 αὐτοῖς
1088 1303 1198 1355 τῶν
1246 1302 1607 1372 χαρισμάτων
1655 1303 1756 1355 ὐπ-

155 1386 389 1456 έεραινον
425 1390 718 1460 καινότητα
747 1433 760 1454 ,
788 1394 849 1444 οὐ
901 1393 1061 1462 μόνον
1091 1392 1312 1461 μεγέθει
1343 1392 1450 1443 τῶν
1497 1393 1754 1462 τελεσθη-

155 1480 436 1550 σομένων,
480 1481 617 1534 ἀλλὰ
650 1483 744 1535 καὶ
770 1483 968 1554 πλήθει
1014 1484 1075 1537 τὸ
1105 1483 1409 1555 παράδοξον
1442 1487 1746 1554 καταγγέλ-

150 1571 252 1626 λου
261 1590 384 1627 σαν.

229 1662 393 1718 Οὕτω
423 1666 652 1735 Κοσμᾶς
700 1666 798 1720 καὶ
829 1668 1132 1738 Δαμιανδς,
1171 1673 1281 1733 τοῖς
1307 1672 1365 1724 ἐν
1397 1671 1609 1742 νεότητι
1638 1669 1746 1724 σώ-

165 1770 347 1822 ματος
379 1755 741 1824 ἀρδευθέντες
771 1775 832 1811 τε
865 1759 981 1830 ἀμα
1025 1761 1121 1813 καὶ
1161 1761 1554 1832 ἀναδιδόμενοι,
1605 1763 1744 1816 καθ-

153 1845 309 1919 άπερ
366 1849 562 1920 εὐγενῆ
623 1851 853 1923 στελέχη
889 1854 1334 1925 κατορθώμασιν,
1376 1830 1457 1918 είς
1517 1857 1746 1926 ἄπειρον
1776 1830 1819 1885 Β

153 1937 378 2010 ἀρετῶν
421 1941 518 1992 καὶ
573 1943 934 2013 χαρισμάτων
968 1946 1275 2016 ἀνέδραμον
1318 1945 1473 2016 ὕψος.
1517 1947 1746 2016 Κοσμᾶς

152 2035 258 2086 καὶ
306 2035 600 2106 Δαμιανὸς,
641 2038 688 2088 οί
743 2037 921 2107 ψυχὰς
971 2037 1068 2107 μὲν
1115 2039 1318 2101 ἐνθέοις
1367 2040 1744 2109 κοσμήσαντες

153 2126 459 2196 πράξεσιν·
489 2128 864 2200 κοσμηθέντες
888 2131 944 2182 δέ
973 2131 1077 2183 ὐπὺ
1101 2130 1329 2195 τούτων,
1364 2132 1504 2184 ὅλων
1538 2132 1748 2202 κοσμή-

152 2235 319 2290 τορες
349 2222 467 2283 ταῖς
491 2221 831 2290 πολυφώτοις
861 2223 970 2276 τῶν
999 2225 1298 2294 θαυμάτων
1326 2225 1710 2296 λαμπρότησιν
1728 2241 1740 2254 ·

155 2312 209 2364 οἱ
237 2312 421 2379 λόγοις
450 2313 550 2382 μὲν
572 2313 876 2379 εὐσεϐείας,
907 2315 1005 2378 τὰς
1033 2316 1144 2369 τῶν
1169 2315 1474 2388 ἀνθρώπων
1503 2317 1745 2378 διανοίας

159 2404 542 2474 κοσμήσαντες
567 2419 580 2433 ·
614 2404 882 2474 σωμάτων
908 2404 964 2457 δὲ
994 2405 1198 2475 κόσμος
1219 2446 1234 2471 ,
1267 2409 1335 2476 τῇ
1359 2405 1465 2458 τῶν
1485 2406 1746 2476 ἀκόσμων

156 2494 356 2548 παθῶν
389 2495 720 2566 ἀποσοϐήσει
752 2497 1214 2568 παρασχεθέντες.

233 2581 396 2642 Οὗτοι
438 2588 641 2652 τοίνυν,
692 2590 785 2642 ἐπὶ
811 2593 910 2660 τῆς
951 2589 1294 2659 τελεωτάτης
1332 2591 1533 2662 ἀρετῆς
1564 2608 1623 2644 τε
1651 2591 1745 2644 καὶ

159 2676 438 2749 πράξεως,
466 2678 564 2749 τὴν
589 2678 772 2749 κρίσιν
805 2678 1030 2749 ἀσφαλῆ
1060 2678 1156 2732 καὶ
1181 2679 1467 2733 ἀνόθευτον
1496 2680 1744 2752 θειοτέρα

155 2774 230 2843 τῇ
262 2771 520 2842 ἐπιπνοίᾳ
557 2773 1002 2843 προσειλήφασιν
1022 2788 1034 2803 ·
1066 2772 1165 2844 τὴν
1195 2772 1308 2828 τῶν
1346 2773 1607 2827 ἐναντίων
1644 2774 1744 2844 μὲν

159 2865 424 2918 ἀπάντων
470 2865 690 2938 αἰτίαν,
741 2865 850 2919 τῶν
901 2865 1121 2934 ἀγαθῶν
1161 2865 1218 2919 δὲ
1249 2865 1543 2936 πολεμίαν,
1589 2866 1743 2919 ἐϐδε-

157 2955 389 3020 λύξαντο
429 2955 824 3027 φιλαργυρίαν.
860 2956 1106 3026 Ἐμαθον
1132 2957 1240 3024 γὰρ
1268 2957 1459 3028 πείρᾳ,
1497 2959 1619 3018 ταῖς
1646 2955 1743 3011 τοῦ

160 3049 457 3102 θεσπεσίου
506 3050 719 3102 Παύλου
773 3048 1332 3119 προστοιχειωθέντες
1379 3049 1630 3119 ῥήσεσιν,
1667 3048 1743 3112 ὡς

160 3138 382 3209 ἀληθῶς
418 3138 544 3207 ῥίζα
581 3139 676 3191 τοῦ
707 3139 830 3191 ὅλου
880 3140 988 3190 τῶν
1019 3139 1208 3191 κακῶν
1250 3138 1390 3208 αὕτη
1429 3137 1738 3209 καθέστηκε

160 3231 493 3298 καταλόγου.
529 3231 607 3282 Δι’
641 3229 812 3299 αὐτὴν
841 3228 1011 3298 ἔριδες
1045 3229 1141 3281 καί
1185 3227 1376 3298 μάχαι,
1408 3229 1504 3280 καὶ
1534 3226 1739 3281 ἄσπον-

157 3323 242 3376 δοι
298 3321 729 3393 συγκροτοῦνται
787 3319 1038 3389 πόλεμοι.
1101 3320 1180 3371 Δι’
1240 3317 1413 3389 αὐτὴν
1465 3321 1561 3372 καὶ
1610 3318 1741 3388 γένη

167 3415 413 3487 προσεχῆ
462 3414 581 3468 κατ’
634 3414 882 3484 ἀλλήλων
948 3412 1414 3482 ἐκπολεμοῦνται·
1456 3413 1642 3483 πατήρ
1696 3412 1743 3465 θ’

163 3509 282 3562 υἱὸν
337 3509 566 3578 νεμεσᾷ,
601 3510 698 3561 καὶ⁸
733 3509 865 3570 παῖς
916 3508 1052 3578 πρὸς
1116 3508 1332 3578 πατέρα
1391 3505 1587 3576 δολερὰ
1621 3507 1746 3578 βου-

162 3601 400 3654 λεύεται.
436 3600 511 3651 Δι’
545 3598 724 3668 ἔρωτα
763 3598 990 3668 ταύτης,
1049 3597 1265 3664 φύσεως
1299 3597 1496 3667 δεσμὸν
1527 3596 1744 3664 ἀδελφοὶ

162 3691 495 3754 διαλύουσιν,
545 3689 641 3743 καὶ
689 3689 942 3759 χείριστα
1001 3689 1279 3760 πολεμίων
1339 3691 1481 3741 κατά
1538 3688 1744 3760 ταύτης

164 3785 638 3856 ἐπιμηχανῶνται.
673 3785 751 3835 Δι’
797 3782 987 3852 αὐτὴν,
1024 3781 1428 3845 ἐπαναστάσεις
1462 3782 1524 3834 οὐ
1562 3782 1742 3851 μόνων

166 3878 496 3951 ὑπερορίων,
546 3876 683 3930 ἀλλά
736 3877 833 3929 καὶ
880 3873 1097 3944 ὁμόρων
1149 3873 1320 3926 ἐθνῶν
1363 3872 1738 3944 ἐξαρτύονται.

166 3974 248 4028 Δι’
278 3971 448 4042 αὐτὴν
469 3969 753 4040 ὠμόταται
782 3966 1100 4038 τυραννίδες
1126 3966 1379 4036 καθάπερ
1407 3965 1537 4036 ξίφη
1568 3983 1744 4037 παρα-

168 4064 460 4132 θήγονται,
495 4061 592 4114 καὶ
638 4060 781 4112 κατὰ
812 4057 1147 4128 εὐνομούσης
1206 4057 1302 4110 καὶ
1345 4055 1604 4118 εὐσεϐοῦς
1649 4055 1742 4108 καὶ

167 4155 351 4210 θεόθεν
399 4154 460 4206 τὺ
514 4153 717 4223 κράτος
767 4152 996 4220 ἐχούσης
1046 4149 1324 4216 βασιλείας
1377 4147 1739 4220 προσακοντίο

167 4249 371 4312 ζονται.
411 4248 488 4298 Δι’
512 4245 682 4315 αὐτὴν
714 4242 1008 4313 ὁμοφύλων
1042 4242 1222 4310 φόνος,
1253 4241 1346 4294 καλ⁵
1371 4239 1739 4310 πανωλεθρίαι

165 4337 616 4408 κατατολμῶνται
654 4337 863 4408 δήμων.
917 4333 1016 4387 Διά
1048 4332 1273 4404 ταύτης,
1312 4331 1514 4386 ἀδίκων
1569 4333 1737 4402 ὑπερ-

170 4432 416 4504 ισχύουσι
463 4432 666 4501 χεῖρες,
707 4429 802 4482 καὶ
832 4427 993 4495 φόνος
1027 4425 1404 4497 περιοιδαίνει,
1442 4426 1534 4477 καὶ
1564 4425 1736 4494 ὑπερ-

1862 562 2103 616 divinam
2141 561 2468 616 charitatcm
2517 562 2639 618 aliis
2693 567 2944 628 omnibth
2992 569 3446 628 desiderabilibus

1862 652 2131 720 potiorem
2186 653 2493 720 habentes;
2530 663 2854 714 'scrvantes
2911 659 3177 730 sinceram
3249 661 3441 730 ﬁdem;

1860 757 2076 812 semper
2116 745 2472 798 conscientia:
2528 737 2897 800 testimonium
2940 752 3307 821 sustinentes;
3364 757 3447 808 di-

1862 833 2098 888 lectione
2123 835 2173 887 iu
2212 838 2490 904 proximos
2514 820 2783 894 indivulse
2822 840 3134 907 conjuncti;
3171 861 3198 895 a
3232 820 3444 901 vitiosts

1861 923 2228 992 voluptatibus
2275 926 2490 992 avulsi;
2526 929 2790 983 adversus
2820 944 2915 984 eas
2953 931 3157 998 fortes;
3199 937 3442 991 membra

1859 1018 2103 1084 corporis
2132 1018 2556 1083 mortiﬁcantes;
2589 1020 2732 1074 vires
2774 1023 2938 1075 animi
2988 1026 3438 1092 corroborautes;

1857 1110 2166 1177 studioque,
2191 1125 2299 1178 quo
2321 1113 2556 1165 maxima
2593 1113 2709 1180 ipso
2730 1114 2904 1167 aetatis
2932 1115 3065 1169 ﬂore
3090 1119 3438 1188 peragebant,

1857 1201 2092 1253 futuram
2123 1201 2174 1255 in
2203 1203 2282 1255 eis
2309 1196 2574 1261 donorum
2603 1206 2896 1260 novitatem
2919 1246 2933 1270 ,
2967 1223 3086 1276 quae
3115 1211 3311 1266 nedum
3341 1229 3439 1282 pa-

1855 1293 2172 1344 traudorum
2236 1294 2628 1363 magnitudine,
2677 1298 2770 1351 sed
2812 1306 2867 1351 et
2918 1313 3146 1353 numero
3193 1303 3438 1359 mirabile

1853 1384 1980 1450 quid
2019 1385 2392 1452 protenderet,
2424 1387 2768 1445 indicabant.

1919 1661 2010 1716 Sic
2045 1661 2210 1730 igitur
2241 1662 2467 1718 Cosmas
2497 1679 2560 1719 ac
2596 1664 2926 1733 Damianus,
2972 1668 3133 1725 rebus
3171 1671 3430 1738 praeclare

1851 1753 2016 1820 gestis
2048 1753 2270 1821 juvenili
2321 1755 2522 1810 adhuc‘
2556 1771 2787 1824 corpore
2817 1797 2832 1822 ,
2873 1759 3062 1828 irrigui
3102 1763 3308 1829 pariter
3339 1777 3436 1815 au-

1851 1846 2031 1913 ctique
2083 1862 2180 1900 ceu
2233 1847 2368 1900 rami
2419 1848 2682 1915 ingenui,
2716 1848 2766 1902 in
2813 1849 3134 1906 immensam
3173 1855 3430 1909 virtutum

1850 1940 2224 2007 donorumqne
2258 1940 2563 1996 celsitatem
2595 1955 3006 2007 promoverunt.
3041 1945 3304 2011 Cosmas,
3346 1949 3431 2001 in-

1850 2047 2046 2100 quam,
2095 2042 2149 2084 et
2202 2033 2528 2098 Damianus,
2585 2037 2784 2091 divinis
2853 2040 3166 2094 actionibus
3215 2041 3432 2096 animos

1849 2134 2219 2188 exornantes;
2276 2134 2439 2195 atque
2487 2126 2554 2180 iis
2593 2130 2878 2184 ornatibus
2935 2131 3313 2186 universorum
3369 2148 3432 2188 se

1850 2224 2138 2268 ornatores
2190 2216 2543 2272 lucidissimis
2601 2219 2986 2275 miraculorum
3045 2223 3430 2291 splendoribus

1849 2307 2150 2375 prarbentes
2213 2325 2226 2361 :
2287 2309 2498 2376 piorum
2561 2312 2783 2378 quidem
2850 2329 3162 2369 sermonum
3231 2319 3430 2371 decore

1849 2409 2058 2453 mentes
2108 2401 2386 2455 hominum
2432 2404 2771 2470 excolentes;
2805 2421 3205 2479 corporumque
3247 2425 3306 2466 se
3331 2413 3429 2466 de-

1848 2505 1965 2554 cus,
1994 2493 2303 2548 morborum
2333 2494 2558 2562 depulso
2589 2497 2875 2565 dedecore,
2905 2500 3247 2558 exhibentes.

1919 2582 2012 2638 Sic
2037 2584 2243 2654 itaque,
2287 2590 2819 2644 consummatissima
2854 2594 3053 2646 virtute
3089 2608 3154 2647 ac
3189 2593 3425 2660 actione,

1846 2677 2120 2732 sincerum
2173 2678 2437 2746 judicium
2501 2691 2789 2750 tutumque
2842 2685 3095 2738 diviniori
3160 2688 3423 2744 instinctu

1847 2783 2220 2839 assumpsere;
2277 2772 2542 2827 malorum
2589 2776 2832 2829 omnium
2867 2792 3115 2843 causam,
3168 2795 3232 2834 ac
3259 2781 3430 2837 bono-

1848 2875 1968 2913 rum
2000 2861 2211 2915 hostem
2265 2865 2561 2917 avaritiam
2588 2867 2863 2920 detestati.
2897 2869 3109 2938 Quippe
3137 2875 3426 2941 experien-

1849 2948 1917 3001 tia
1969 2959 2258 3013 noverant,
2311 2952 2476 3006 divini
2527 2954 2676 3008 Pauli
2734 2957 3044 3011 testimonio
3090 2961 3217 3013 olim
3261 2960 3428 3016 inlor-

1847 3050 2050 3105 mante,
2080 3055 2203 3097 esse
2247 3044 2390 3096 illam
2441 3047 2616 3113 reipsa
2650 3050 2884 3103 radicem
2948 3054 3109 3107 totius
3151 3054 3426 3110 malorum

1844 3141 2021 3186 cretus
2046 3133 2115 3188 “.
2149 3135 2253 3188 Per
2277 3150 2394 3188 eam
2426 3136 2545 3189 lites
2571 3154 2632 3191 ac
2655 3155 2869 3207 pugnae,
2898 3143 3144 3212 bellaque
3173 3145 3430 3214 implaca-

1850 3223 1976 3276 bilia
2005 3223 2328 3278 Conﬂantur.
2365 3226 2462 3279 Per
2503 3243 2644 3290 cam,
2698 3231 2796 3299 ipsi
2835 3248 3050 3302 quoque
3083 3251 3279 3304 genere
3306 3255 3430 3306 pro-

1847 3315 2032 3382 pinqui
2065 3315 2394 3382 eﬂ‘erantur;
2425 3329 2690 3390 paterque
2729 3325 2840 3377 odit
2886 3325 3078 3388 lilium,
3109 3343 3172 3382 ac
3203 3329 3343 3384 lilius
3371 3332 3426 3384 in

1847 3415 2054 3473 patrem
2116 3409 2265 3462 dolos
2324 3412 2687 3466 machinatur.
2753 3414 2951 3470 Amore
3020 3420 3261 3484 pecunia:
3319 3424 3426 3476 acti

1845 3497 2078 3562 fratres,
2136 3510 2341 3554 naturae
2404 3503 2676 3558 vinculum
2732 3509 3069 3570 dissolvunt,
3133 3512 3428 3584 pejoraque

1848 3589 2094 3645 hostihus
2127 3594 2176 3643 in
2209 3608 2329 3646 cam
2377 3594 2694 3652 moliuntur.
2754 3597 2980 3667 Propter
3025 3605 3266 3670 pecuniae
3307 3617 3424 3658 stu-

1847 3683 2023 3746 dium,
2053 3685 2247 3738 nedum
2276 3695 2429 3740 extra
2461 3688 2594 3742 lines
2625 3690 2839 3758 longius
2886 3693 3215 3760 positarum,
3245 3699 3340 3749 sed
3374 3711 3430 3749 ι·ι

1845 3777 2308 3832 conten-minarum
2373 3780 2640 3847 gentium,
2699 3782 2931 3837 insultus
2988 3789 3262 3839 oriuntur.
3320 3785 3426 3841 Per

1845 3868 1975 3923 illud
2016 3872 2407 3927 crudelissimm
2436 3877 2750 3945 tyrannides
2804 3891 2899 3930 ceu
2930 3878 3090 3948 gladii
3122 3891 3414 3943 acuuntur,

1844 3963 2214 4031 adversusque
2247 3963 2452 4029 legibus
2493 3964 2800 4019 institutum
2841 3982 3086 4038 regnum,
3142 3972 3420 4039 piumque,

1844 4067 1906 4105 ac
1933 4052 2085 4121 cujus
2123 4070 2150 4107 a
2195 4055 2303 4108 Deo
2340 4066 2579 4123 potestas
2623 4059 2866 4124 easismt,
2919 4060 3282 4117 instruuntur.
3318 4061 3422 4116 Per

1844 4143 1972 4198 illud
2013 4147 2394 4200 contribulium
2454 4161 2861 4214 praesumuntur
2908 4167 3104 4216 neces,
3141 4169 3202 4208 ac
3237 4164 3420 4209 exter-

1846 4237 2009 4290 minia
2061 4240 2404 4307 populorum.
2448 4238 2554 4296 Per
2601 4242 2728 4296 illud
2779 4243 3085 4312 iniquorum
3120 4247 3416 4315 praevalent

1844 4341 2055 4392 manus,
2098 4331 2382 4398 cmdesque
2412 4331 2733 4398 exuberant,
2766 4349 2829 4387 ac
2875 4335 3083 4404 injuriae
3116 4353 3276 4406 supra
3305 4332 3431 4391 mo-~

1842 4419 1967 4472 dum
2012 4430 2296 4488 augentur,
2338 4437 2634 4492 passosque
2703 4424 2958 4495 injuriam
3006 4439 3299 4498 paupertas
3355 4444 3419 4485 ac

167 4519 362 4592 πλήθει
420 4516 737 4580 πλεονεξία,
799 4515 896 4568 καὶ
953 4514 1114 4568 πενία
1189 4516 1284 4569 καὶ
1335 4515 1540 4585 ἀπορία
1610 4515 1735 4577 τοὺς

1848 4525 2021 4564 rerum
2056 4511 2235 4579 inopia
2262 4525 2487 4582 angunt.

167 4614 487 4667 πλεονεκτου
497 4612 687 4683 μένους
716 4611 1004 4680 κατάγχει.

233 4704 453 4774 Ταύτης
491 4706 519 4756 ὁ
554 4703 818 4773 ἐνηδόνως
859 4701 1162 4771 ἐντρυφῶν,
1190 4699 1568 4770 ἀλλοτριοῦται
1598 4701 1735 4756 πάν-

157 4812 271 4858 τως
297 4798 391 4865 τῆς
419 4793 530 4848 τῶν
561 4794 730 4856 ὄντως
769 4793 990 4863 ἀγαθῶν
1033 4795 1422 4863 ἐντρυφήσεως
1444 4808 1460 4824 ·
1513 4791 1737 4845 πλουτεῖ

157 4886 448 4939 τάναντία·
485 4886 620 4956 πρὸς
659 4884 853 4957 ἡδονὰς
895 4884 1258 4938 καθέλκεται·
1305 4885 1547 4952 μανικῶς
1598 4884 1733 4954 πρὸς

157 4981 288 5042 τοὺς
319 4978 543 5050 πλησίον
564 4979 894 5031 διατίθεται·
928 4976 1100 5049 ὀφρῦς
1134 4978 1381 5046 ἀνασπᾷ·
1415 4976 1733 5041 ἀλαζονικὸν

158 5071 266 5144 δρᾷ
283 5087 294 5099 ·
328 5069 468 5139 μέγα
493 5070 682 5138 φρονεῖ
705 5069 798 5122 καὶ⁵
823 5068 1005 5121 ἐκνοον
1022 5085 1035 5098 ·
1055 5069 1240 5136 ἀγνοεῖ
1269 5067 1455 5136 σχεδὸν
1484 5069 1544 5120 οὐ
1573 5067 1734 5135 μόνον

159 5163 527 5234 ταπεινότητα
562 5162 809 5230 φύσεως,
839 5161 935 5215 καὶ
983 5161 1228 5215 διάλυσιν
1273 5162 1556 5230 σώματος,
1599 5161 1736 5214 ἀλλὰ

161 5258 260 5313 καὶ
287 5255 645 5326 δικαιωτήρια
691 5254 943 5325 μένοντα,
984 5255 1078 5306 καὶ
1113 5253 1300 5323 κριτοῦ
1329 5252 1540 5306 δικαίου
1577 5253 1734 5325 δίκην

161 5350 560 5420 ἀπαραίτητον.

251 5441 405 5494 Ἀλλά
436 5440 529 5492 καὶ
557 5439 701 5492 οὓτω
735 5438 955 5509 συννοίᾳ
978 5437 1080 5506 τῆς
1105 5437 1565 5508 φιλοχρηματίας,
1598 5438 1735 5507 πρός

162 5550 224 5587 τε
250 5534 369 5595 τούς
404 5531 636 5601 πλησίον
669 5533 762 5583 καὶ
785 5530 885 5600 τὴν
926 5530 1133 5583 οἰκείαν
1158 5529 1530 5600 διατιθέμενος
1562 5547 1734 5599 σωτη-

167 5628 312 5700 ρίαν,
368 5623 595 5677 οἰκετῶν
647 5623 847 5676 ἀθλίων
903 5620 1286 5693 χαλεπώτερον
1332 5621 1539 5675 διανύει
1595 5621 1728 5692 βίον,

245 5790 286 5819 ’⁵
325 5800 342 5854 ι
400 5798 636 5856 Timoth.
683 5815 755 5867 v:,
800 5801 885 5854 lO.

1915 4695 2014 4760 Qui
2045 4698 2287 4765 pecuniae
2322 4699 2501 4754 studio
2525 4700 2901 4769 voluptuosius
2948 4704 3253 4772 deliciatur,
3287 4706 3419 4761 alie-

1843 4805 1944 4844 nus
1971 4791 2195 4844 omnino
2217 4806 2249 4844 a
2303 4808 2429 4847 vere
2460 4795 2723 4848 bonorum
2755 4795 2961 4852 deliciis
2995 4796 3257 4864 eﬂicitur;
3289 4802 3420 4855 sibi.

1841 4897 1947 4951 que
1994 4883 2270 4935 Contraria
2322 4886 2565 4952 congerit
2612 4902 2624 4938 :
2663 4887 2899 4939 trahitur
2952 4888 3017 4942 ad
3073 4889 3415 4959 voluptates;

1843 4972 2044 5027 furiOse
2092 4973 2252 5028 habet
2299 4974 2366 5027 ad
2419 4977 2722 5045 proximos;
2758 4981 3049 5048 supercilia
3104 4983 3417 5044 contrahit;

1841 5075 1924 5116 cst
1971 5065 2245 5132 arrOganti
2310 5075 2566 5132 aspectu;
2630 5067 2798 5118 altum
2849 5067 3180 5136 stultumque
3241 5071 3413 5140 sapit;

1843 5155 2066 5225 fereque
2098 5159 2290 5221 nescit,
2319 5161 2512 5212 nedum
2547 5167 2754 5213 natura
2785 5161 3166 5226 humilitatem,
3204 5177 3268 5215 ac
3296 5178 3419 5216 cor-

1843 5249 1991 5316 poris
2035 5248 2468 5313 dissolutioncm,
2519 5250 2613 5303 sed
2657 5261 2712 5304 et
2757 5259 2896 5306 stata
2925 5253 3420 5326 judicia,justique

1835 5341 2034 5409 judicis
2058 5355 2301 5395 severam
2337 5341 2611 5395 ultionem.

1913 5434 2051 5501 Quin
2113 5443 2166 5488 ct
2223 5436 2295 5488 ita
2351 5451 2544 5516 avara\
2577 5437 2906 5507 cogitatione
2942 5477 2956 5500 ,
3019 5441 3085 5491 ad
3139 5440 3419 5507 proximos

1842 5543 2106 5596 suamque
2150 5528 2320 5595 ipsius
2349 5529 2552 5582 habens
2575 5531 2830 5594 salutem,
2859 5532 3030 5586 servis
3065 5531 3281 5585 miseris
3305 5548 3416 5585 mo-

1841 5621 2117 5678 lestiorem
2150 5622 2261 5692 agit
2304 5624 2491 5690 vitam,
2516 5624 2802 5694 cupiditati
2828 5625 3104 5694 subjectus
3132 5636 3184 5679 ct
3213 5627 3415 5680 manci-
