4166 6440
269 400 409 469 1513

1121 402 1200 463 ΙΝ
1242 403 1347 463 SS.
1390 402 1622 463 MART.
1662 399 1966 461 COSMAM
2004 402 2100 461 ET
2139 401 2555 463 DAMIANUM

3396 396 3530 461 15M

266 536 483 585 σαντες,
519 516 641 590 Θεῷ
672 519 771 590 μὲν
819 517 894 580 ὡς
948 517 1186 587 ἐγχωρεῖ
1232 518 1399 588 νοητῇ
1434 534 1541 572 τινι
1595 519 1845 587 γενητοῖς

1955 532 2262 586 novumque
2299 533 2363 573 ac
2391 516 2697 573 mirabilem
2733 530 2955 572 cursum
2984 513 3362 578 conlicientes,
3404 529 3529 570 cum

265 611 541 666 οἰκειώσει
590 609 1055 683 προσωμίλησαν·
1096 609 1208 663 τῶν
1258 611 1391 681 παρ’
1436 608 1604 663 αὑτοῦ
1659 609 1716 662 δέ
1748 609 1847 662 δω-

267 704 430 776 ρεῶν,
472 704 615 777 ὑπὲρ
652 704 873 759 ἃπασαν
896 702 1211 758 ἀπέλαυσαν
1241 703 1502 757 διάνοιαν.
1536 702 1716 756 Μόνον
1736 703 1846 773 γὰρ

264 798 433 852 αὐτὸν
478 798 640 869 κόρου
688 798 763 869 μὴ
813 797 1250 869 προσγενομένου
1323 795 1684 867 ποθήσαντες,
1744 795 1844 849 καὶ

263 891 393 953 τοὺς
431 888 656 959 πλησίον
690 887 832 959 ὑπὲρ
879 888 1130 952 ἑαυτοὺς,
1166 890 1416 958 κρεῖττον
1460 889 1659 953 εἰπεῖν,
1695 888 1730 958 ἢ
1772 886 1848 950 ὡς

263 982 498 1045 ἑαυτοὺς
547 981 962 1051 ἀγαπήσαντες,
1031 980 1216 1051 ἔργοις
1273 981 1481 1045 αὐτοῖς,
1539 979 1642 1049 τὴν
1705 979 1847 1049 πρὸς

264 1072 475 1125 ἐκεῖνον
510 1070 738 1141 ἀγάπην
796 1070 1092 1143 παριστᾷν,
1144 1069 1495 1140 ἐκομίσαντο.
1563 1067 1847 1123 Ἐντεῦθεν

262 1162 454 1225 αὐτοῖς
488 1163 539 1214 oi
571 1161 917 1233 καταράκται
948 1159 1059 1213 τῶν
1094 1161 1371 1230 οὐρανίων
1413 1158 1653 1229 χαρίτων
1690 1158 1839 1229 ἠνοί-

261 1268 484 1324 γησανσ
518 1253 769 1307 ἐντεῦθεν
841 1252 1079 1316 ἀύυσσος
1125 1254 1158 1322 ἡ
1209 1251 1320 1305 τῶν
1384 1250 1609 1320 ἀγαθῶν
1660 1251 1846 1314 αὐτοῖς

261 1344 560 1414 ἐκκέχυται
591 1359 605 1373 ·
635 1341 780 1397 οὕτω
824 1341 1055 1406 πλοῦτος
1084 1343 1275 1405 αὐτοῖς
1296 1343 1325 1395 ὁ
1354 1340 1463 1394 τῶν
1514 1342 1845 1413 κρειττόνων

261 1434 487 1505 δωρεῶν
510 1432 839 1486 ἐπλεόνασεν
870 1447 886 1462 ·
923 1430 1180 1494 πλοῦτος,
1203 1429 1261 1483 ὃν
1286 1427 1608 1499 ἀπεκύησεν
1644 1427 1809 1481 πενία
1829 1445 1842 1460 ·

262 1524 328 1579 ὃν
356 1524 716 1595 ἀκτημοσύνη
773 1522 1058 1587 συνέλεξεν
1088 1539 1103 1555 ο
1146 1522 1206 1574 ὃν
1237 1521 1555 1592 ἀναργυρία
1612 1520 1838 1573 συνεκό-

264 1635 430 1688 μισεν
456 1635 469 1647 ·
530 1617 589 1671 δν
623 1617 895 1688 ὑπεροψία
947 1614 1059 1668 τῶν
1111 1614 1401 1684 παρόντων
1430 1613 1803 1684 ἐταμιεύσατο
1826 1629 1841 1644 ο

260 1710 325 1764 ὃν
357 1712 386 1764 ὁ
420 1711 498 1772 εἰς
532 1709 669 1762 Θεὸν
712 1707 992 1779 ἐπηύξησε
1010 1706 1197 1769 πόθος,
1228 1706 1324 1758 καὶ
1357 1705 1553 1776 ήπρὸς
1584 1705 1847 1774 ὁμοφυεῖς

261 1803 456 1873 ἀγάπη
487 1801 868 1873 συνήθροισεν.
921 1795 1112 1864 Οὗτος,
1161 1801 1194 1853 ό
1240 1798 1311 1852 ἐν
1363 1798 1691 1861 αὑτόπταις
1742 1796 1841 1850 καὶ

1952 607 2063 662 Deo
2114 608 2355 678 quidem,
2410 619 2675 679 quantum
2753 608 2955 663 creatis
3013 607 3139 661 licet
3213 606 3529 668 maximam.

1951 701 2184 770 spiritali
2256 702 2492 772 quadam
2566 701 2996 765 necessitudine,
3073 699 3529 754 consuetudinem

1951 792 2288 861 habuerunt;
2344 793 2462 863 ejus
2510 808 2639 848 vero
2677 794 2885 864 majora
2950 805 3201 853 munera,
3257 805 3420 858 quam
3466 800 3526 842 ut

1951 898 2106 939 mens
2140 885 2247 938 ulla
2289 885 2429 939 satis
2456 884 2744 954 intelligat,
2773 889 3129 951 acceperunt.
3166 878 3353 931 Solum
3383 879 3528 933 enim

1948 989 2094 1044 eum,
2156 977 2306 1031 nulla
2376 976 2632 1032 satietate
2690 976 3090 1035 desiderantes,
3145 971 3534 1040 proximosque

1949 1083 2111 1137 supra
2144 1084 2305 1138 quam
2333 1070 2571 1138 seipsos,
2627 1077 2685 1120 ut
2717 1068 2901 1121 verius
2933 1067 3145 1129 dicam;
3186 1078 3284 1118 seu
3334 1062 3532 1116 saltem

1950 1162 2085 1215 nihil
2115 1176 2175 1216 se
2224 1160 2403 1215 minus
2462 1160 2774 1230 diligentes,
2810 1169 2867 1211 ut
2903 1172 3055 1211 suam
3107 1158 3160 1210 in
3203 1156 3353 1210 illum
3390 1156 3532 1210 dile-

1949 1255 2186 1309 ctionem
2212 1253 2347 1321 ipsis
2366 1262 2831 1323 reprmsentarent
2854 1249 3136 1320 operibus,
3157 1256 3528 1317 reportarunt.

1953 1341 2090 1398 llinc
2127 1343 2207 1397 eis
2261 1341 2568 1397 caelestium
2645 1343 2944 1410 gratiarum
2986 1348 3278 1395 cataracta:
3327 1348 3533 1407 apertas

1948 1443 2078 1489 sunt
2110 1450 2123 1485 :
2162 1433 2289 1487 hinc
2318 1434 2399 1486 eis
2430 1431 2693 1489 bonorum
2721 1430 2888 1486 eﬁ‘usa
2922 1432 3158 1502 abyssus
3187 1448 3201 1483 :
3227 1429 3307 1485 sic
3341 1430 3533 1483 melio-

1950 1538 2068 1577 rum
2133 1523 2216 1579 eis
2267 1522 2537 1577 donorum
2595 1521 2799 1576 divitia:
2851 1521 3246 1574 abundarunt:
3304 1520 3531 1583 divitias,

1950 1617 2340 1686 inquarn,quas
2360 1624 2650 1686 paupertas
2684 1612 2989 1684 pepererit;
3012 1612 3191 1680 inopia
3217 1612 3530 1681 collegerit;

1949 1706 2329 1775 congesserint
2372 1714 2569 1777 spretae
2630 1707 2909 1776 pecuniaz;
2948 1705 3298 1775 praesentium
3346 1719 3531 1758 rerum

1951 1799 2310 1870 despicientia
2343 1799 2689 1870 reposuerit:
2723 1812 2860 1868 quas
2883 1798 3136 1867 denique,
3184 1795 3280 1851 Dei
3318 1797 3535 1852 deside-

258 1892 591 1961 ὑπηρέταις
635 1892 745 1945 τοῦ
802 1891 951 1946 Θεοῦ
996 1892 1192 1960 Λόγου
1242 1887 1628 1952 πλεονάσας·
1667 1881 1843 1951 οὗτος,

1952 1891 2091 1945 rium
2133 1892 2386 1958 auxerit;
2440 1891 2774 1961 dilectioque
2844 1890 2897 1945 in
2962 1900 3224 1960 cognatos
3284 1890 3533 1945 homines

259 1984 591 2054 ὁμοτρόποις
623 1982 809 2053 ἔργοις
854 1982 953 2036 καὶ
1000 1982 1146 2051 λόγῳ
1188 1978 1587 2049 γεγενημένοις
1637 1978 1844 2041 αὐτῶν,

260 2075 651 2145 ὑπερέὁρισεν.
708 2076 851 2138 Τοὺς
896 2073 1121 2127 ἐκείνων
1176 2073 1285 2143 γὰρ
1336 2072 1559 2140 ἀγῶνας
1594 2071 1845 2141 εὐψύχως

257 2169 571 2233 διεδέξαντο
596 2184 609 2198 ⁶
637 2168 765 2231 τοὺς
795 2166 937 2237 ὑπὲρ
971 2165 1232 2236 ἀληθείας
1257 2164 1454 2225 πόνους
1480 2179 1492 2191 ⁸
1535 2163 1635 2226 τὰς
1689 2179 1848 2231 περι-

256 2262 494 2331 ηγήσεις
530 2276 543 2289 ·
581 2259 679 2322 τὰς
712 2258 849 2329 ὑπὲρ
880 2256 1095 2322 εὐεξίας
1125 2254 1315 2326 ψυχῶν
1357 2253 1651 2325 φροντίδας
1687 2271 1701 2284 .
1743 2252 1845 2316 τὰς

260 2352 403 2421 ὑπὲρ
426 2351 723 2421 θεραπείας
749 2350 1020 2420 σωμάτων
1041 2346 1365 2418 ἐπιμελείας
1393 2362 1407 2377 ⁶
1442 2346 1540 2416 τὴν
1570 2345 1846 2398 ἀδάπανον

262 2443 505 2512 σπουδήν
542 2459 556 2472 ’
590 2441 716 2505 τοὺς
765 2438 962 2512 ἀμισθὶ
1020 2438 1535 2509 καταϐαλλομένους
1568 2435 1804 2506 δρόμους
1828 2449 1843 2463 '

257 2535 365 2605 τὴν
386 2536 485 2586 οὐκ
518 2534 816 2604 ἀπέριττον
868 2532 1051 2602 μόνον,
1091 2530 1230 2584 ἀλλὰ
1261 2529 1358 2583 καὶ
1381 2528 1559 2599 πάντη
1616 2527 1844 2580 δέουσαν

258 2625 377 2679 τῶν
415 2628 472 2677 ἐν
499 2626 659 2696 χρείᾳ
685 2624 835 2694 ζωήν
867 2641 882 2656 ’
924 2624 1025 2694 τὴν
1052 2622 1165 2675 τῶν
1196 2622 1483 2693 παρόντων
1512 2619 1803 2690 γύμνωσιν
1827 2635 1841 2648 °

263 2717 361 2770 τὸν
386 2715 805 2787 ἐσταυρωμένον
841 2712 978 2783 βίον,
1019 2712 1086 2766 δι’
1110 2713 1191 2778 ὃν,
1223 2712 1477 2766 κοινωνοὶ
1503 2711 1603 2781 μὲν
1624 2710 1722 2780 τῆς
1747 2708 1841 2763 τοῦ

263 2808 599 2870 πεπονθότος
629 2807 983 2869 ἀναστάσεως
1010 2805 1261 2873 ἐγένοντο
1284 2822 1297 2836 ·
1332 2802 1638 2874 ἀνθρώπων
1666 2802 1724 2855 δὲ
1748 2802 1849 2865 τὰς

266 2901 343 2954 δι’
370 2898 777 2971 ὑπερϐάλλοντα
828 2897 977 2968 πάθη
1005 2894 1422 2967 νενεκρωμένας
1465 2894 1715 2959 ἐλπίδας,
1754 2895 1848 2949 ὑπ’

266 2991 557 3048 αὐτοῦτοῦ
587 2992 943 3054 ἀναστάντος,
963 2991 1058 3043 καὶ
1085 2989 1212 3053 τοὺς
1234 2990 1465 3060 νεκροὺς
1497 2990 1848 3062 συναναστή-

271 3101 489 3150 σαντος,
516 3084 901 3155 ἀναζωπυρεῖν
935 3082 1051 3153 είλή
1060 3098 1246 3151 φασιν.

1946 1985 2307 2040 coacervarit.
2347 1985 2581 2049 Divitiae,
2610 1983 2663 2038 in
2702 1985 2771 2038 iis
2823 1971 2956 2037 olim
3005 1983 3378 2046 abundantes,
3439 1984 3531 2052 qui

1944 2076 2047 2145 ipsi
2077 2076 2336 2141 viderunt,
2379 2092 2442 2130 ac
2496 2076 2754 2130 sermonis
2805 2074 2903 2129 Dei
2935 2074 3171 2129 ministri
3226 2075 3533 2144 fuermtt",

1944 2167 2181 2236 atquein
2217 2167 2369 2231 viris,
2411 2166 2606 2221 iisdem
2644 2182 2766 2221 cum
2800 2166 2908 2220 illis
2941 2165 3206 2229 moribus,
3240 2174 3351 2219 tum
3385 2167 3530 2234 quod

1944 2266 2154 2326 spectat
2187 2257 2254 2312 ad
2284 2272 2471 2326 opera,
2512 2267 2624 2311 tum
2666 2259 2809 2326 quod
2853 2257 2918 2310 ad
2969 2270 3311 2321 sermonem,
3364 2271 3528 2325 supra

1950 2349 2173 2405 modum
2217 2350 2606 2404 exuberantcs.
2636 2348 2838 2403 Eorum
2872 2350 3070 2419 quippe
3109 2361 3335 2417 agones,
3363 2362 3534 2417 gene-

1950 2457 2080 2499 roso
2111 2443 2311 2497 mentis
2339 2444 2620 2512 proposito
2651 2452 3018 2511 exceperunt:
3065 2441 3282 2497 labores
3313 2456 3411 2511 pro
3442 2456 3534 2496 ve-

1947 2534 2146 2600 ritate;
2178 2535 2443 2589 doctrinze
2475 2549 2647 2590 sacra:
2693 2533 3143 2604 explanationes;
3204 2545 3522 2603 assumptas

1948 2640 2051 2696 pro
2090 2626 2399 2681 animorum
2446 2627 2737 2681 sanatione
2769 2626 3205 2691 sollicitudines;
3257 2626 3532 2695 impensas

1949 2732 2049 2789 pro
2100 2732 2393 2789 corporum
2454 2718 2820 2795 medicatione
2870 2732 3063 2782 curas;
3119 2718 3359 2772 studium
3409 2717 3531 2774 sine

1949 2819 2200 2881 sumptu;
2252 2811 2541 2881 praejactos
2590 2810 2740 2865 nulla
2771 2809 3028 2864 mercede
3063 2824 3299 2874 cursus;
3351 2808 3522 2863 vitam

1950 2902 2149 2957 nedum
2178 2902 2312 2956 nihil
2339 2902 2695 2971 supcrﬁuam,
2734 2909 2831 2958 sed
2861 2910 2916 2957 et
2947 2901 3276 2957 necessariis
3301 2900 3527 2956 omnino

1950 2994 2319 3066 indigentem;
2386 2996 2690 3051 nuditatem
2771 3009 2952 3049 rerum
3025 2995 3313 3064 prmsentis
3380 2993 3529 3059 aevi;

1948 3089 2098 3142 cruci
2130 3089 2404 3143 conﬁxam
2436 3088 2629 3152 vitam,
2671 3102 2777 3157 qua
2809 3086 2925 3155 ejus
2950 3085 3374 3141 resurrectionis
3409 3099 3536 3154 par-

266 3177 459 3246 ticipes
489 3175 688 3241 eﬁ‘ecti,
730 3175 821 3244 qui
860 3175 972 3244 pati
1001 3173 1259 3244 dignatus
1290 3183 1397 3238 est,
1435 3181 1497 3226 ut
1549 3182 1831 3229 emortuas
1886 3177 2167 3233 hominum
2234 3194 2359 3249 spes
2415 3181 2485 3235 ab
2550 3178 2935 3249 exsuperantia
2977 3177 3318 3246 passionum,
3369 3191 3526 3233 resu-

264 3270 555 3333 scitarent,
586 3267 654 3321 ab
684 3284 750 3322 eo
780 3275 1130 3337 acceperunt,
1156 3267 1253 3337 qui
1287 3268 1405 3337 ipse
1429 3282 1740 3337 resurgens,
1770 3284 1875 3325 una
1916 3283 2164 3329 mortuos
2195 3273 2566 3329 resuscitavit.

258 3395 268 3406 ι
339 3361 446 3414 Καὶ
466 3360 550 3423 τίς
580 3359 647 3414 ἂν
669 3358 739 3413 τά
768 3359 993 3413 ἐκείνων
1023 3360 1122 3428 οὐχ
1150 3358 1226 3421 ὡς
1269 3358 1536 3429 μεγέθους
1568 3361 1666 3412 καὶ
1696 3361 1845 3431 πλή-

2022 3366 2155 3432 Quis
2182 3381 2347 3435 porro
2372 3381 2576 3431 sermo,
2609 3366 2808 3421 nedum
2860 3380 2957 3437 pro
3010 3364 3388 3435 magnitudine
3429 3381 3535 3421 nu-
3574 3394 3579 3399 λ

263 3454 395 3516 θους
430 3453 544 3525 ἔχει
592 3452 917 3522 διηγήσαιτο
965 3450 1160 3518 λόγος,
1192 3450 1332 3504 ἀλλά
1374 3449 1472 3504 καὶΙ
1511 3450 1701 3514 ποσῶς
1746 3452 1847 3522 τῆς

262 3543 447 3600 αὐτῶν
474 3542 821 3614 προσάψαιτο
852 3541 1276 3612 μεγαλειότητος
1307 3557 1322 3607 ;
1350 3541 1514 3594 Ὅσαι
1548 3540 1795 3610 γλῶσσαι
1824 3557 1840 3607 ;

261 3637 377 3691 οὐδ’
412 3638 461 3691 εί
497 3636 693 3707 μυρίαι
714 3653 729 3668 ο
760 3635 870 3689 οὐδ’
902 3636 953 3688 εί
979 3634 1187 3688 τούτων
1218 3633 1651 3699 πολυπλασίονες
1683 3650 1697 3665 °
1733 3634 1861 3695 οὐδ’.

261 3732 390 3783 ὅσαι
420 3732 533 3793 τοῖς
563 3729 906 3783 καθέκαστον
945 3730 1005 3782 ἐν
1024 3730 1143 3793 τοῖς
1167 3727 1265 3781 νῦν
1289 3727 1613 3798 ἐνεργοῦσιν
1644 3725 1848 3797 ἀνθρώο

266 3837 417 3885 ποις,
449 3824 499 3873 εί
538 3820 851 3890 πειραθεῖεν
909 3818 1012 3889 τῆς
1056 3818 1239 3873 αὐτῶν
1278 3818 1611 3889 ὑφηγήσεως
1666 3832 1842 3885 προσ-

262 3913 403 3983 ῆκόν
430 3929 483 3965 τι
512 3912 691 3965 εἰπεῖν
724 3910 1092 3981 ἐξισχύσαιεν.
1155 3910 1327 3980 ’Υπὲρ
1377 3908 1509 3979 γὰρ,
1574 3908 1634 3960 ού
1677 3907 1846 3979 μόνον

263 4006 555 4075 ἐκφρασιν,
571 4004 706 4059 ἀλλὰ
733 4007 826 4058 καὶ
846 4004 1120 4074 διανόησιν
1137 4002 1312 4056 ταῦτα
1335 4000 1655 4072 γεραίρεται
1677 4017 1693 4032 ο
1709 4001 1847 4053 ἀκα-

260 4101 530 4166 τανοὴτου
569 4096 706 4151 Θεοῦ
737 4096 1019 4167 θαυμάσια
1070 4095 1435 4164 τυγχάνοντα,
1493 4093 1841 4163 ἀνερμηνεύ·

261 4206 375 4253 τως
395 4189 681 4255 δοξάζεται
708 4204 723 4219 °
757 4188 1080 4259 χαρίσματα
1098 4184 1571 4255 καινοτομούμενα
1600 4182 1843 4255 παραδό-

265 4281 377 4345 ξως
405 4281 557 4347 ὄντα,
594 4280 984 4350 ἀνεκλαλὴτως
1017 4278 1266 4341 θεσπίζει
1297 4275 1700 4347 θαυμάζεσθαι.
1730 4276 1844 4328 Οὐκ

264 4374 536 4427 ἐννοεῖται
592 4370 842 4442 λογισμῷ
872 4387 887 4402 ο
950 4370 1052 4424 οὐκ
1125 4369 1457 4439 ἐμφαίνεται
1515 4366 1702 4436 λόγῳ·
1744 4366 1844 4436 οὐχ

265 4465 571 4517 ὑποπίπτει
607 4465 799 4533 μέτρῳ
827 4479 842 4497 ο
873 4462 936 4515 ού
969 4462 1149 4533 χρόνῳ
1187 4460 1585 4532 περιορίζεται.
1615 4460 1693 4513 Δι’
1717 4458 1842 4512 ὅλου

263 4558 380 4628 γὰρ
404 4558 499 4610 καὶ
532 4556 655 4610 καθ’
687 4556 927 4627 ἑκάστην
954 4554 1280 4623 τελούμενα,
1310 4553 1449 4624 πρὸς
1483 4553 1711 4621 ἄπειρον
1744 4549 1844 4622 μὲν

266 4648 508 4703 ἐκτείνει
529 4649 627 4718 τὴν
651 4648 1035 4720 ἀπαρίθμησιν
1058 4663 1071 4679 ·
1101 4648 1184 4711 είς
1212 4646 1597 4718 περιμάχητον
1632 4644 1691 4698 δέ
1732 4646 1846 4705 τοῖς

1950 3457 2374 3525 merositateque
2406 3470 2494 3511 res
2523 3470 2717 3511 eorum
2742 3454 3109 3520 enarraverit,
3162 3454 3257 3509 sed
3316 3453 3401 3509 vel
3435 3454 3535 3510 ali-

1947 3558 2053 3613 qua
2084 3555 2259 3613 parte,
2286 3542 2747 3613 magniﬁcentiam
2770 3542 2986 3597 illarum
3008 3542 3285 3611 attigerit?
3304 3542 3533 3610 Quantae

1950 3634 2001 3689 id
2035 3634 2265 3705 linguae?
2294 3632 2373 3689 Ne
2405 3635 2451 3689 si
2482 3644 2786 3713 sexcenta;
2822 3648 2889 3688 ne
2928 3634 2972 3687 si
3003 3633 3068 3688 iis
3108 3632 3319 3703 plures;
3362 3650 3431 3691 ne
3484 3636 3530 3690 si

1948 3727 2111 3782 etiam
2149 3734 2423 3796 quotquot
2480 3741 2629 3780 nunc
2680 3725 2735 3780 in
2786 3726 3018 3796 singulis
3059 3726 3371 3789 hominibus
3403 3742 3531 3799 ope-

1948 3826 2161 3880 rantur,
2188 3817 2470 3886 explicare
2506 3818 2862 3883 tentaveriut,
2888 3834 3187 3888 congruum
3206 3818 3436 3887 aliquid,
3466 3834 3532 3876 ac

1947 3909 2081 3964 satis
2110 3924 2141 3965 e
2170 3925 2229 3964 re
2258 3910 2441 3965 dicere
2461 3911 2697 3978 possint.
2743 3909 2914 3980 Supra
2958 3911 3127 3975 enim,
3173 3912 3373 3965 nedum
3411 3926 3535 3968 vero

1946 4004 2139 4058 borum
2167 4002 2609 4070 explicationem,
2638 4003 2747 4058 sed
2796 4014 2851 4058 et
2881 4002 3051 4057 animi
3089 4002 3527 4074 intelligentiam,

1946 4098 2063 4149 haec
2092 4096 2457 4149 honorantur.
2492 4095 2623 4162 Qum
2652 4094 2767 4157 Dei.
2815 4095 3055 4165 cogitatu
3102 4094 3529 4165 incomprehen-

1947 4184 2165 4251 sibilis,
2207 4185 2477 4240 mirabilia
2539 4188 2832 4252 exsistunt,
2888 4185 3254 4255 inexplicabili
3318 4188 3532 4243 ratione

1947 4277 2276 4335 laudantur:
2316 4294 2438 4349 qua:
2470 4279 2613 4334 dona
2665 4278 2899 4333 mirabili
2950 4279 3167 4333 ratione
3199 4294 3362 4344 nova,
3414 4282 3530 4335 ine-

1947 4365 2297 4420 narrabiliter
2334 4381 2399 4421 ac
2426 4366 2645 4421 silentio
2672 4366 3025 4421 admirationi
3054 4367 3347 4424 habentur.
3388 4368 3528 4425 Sunt

1946 4456 2161 4511 ratione
2225 4456 2688 4525 inintelligibilia;
2742 4466 3024 4526 nequeunt
3087 4459 3358 4513 declarari
3407 4474 3529 4513 ser-

1948 4561 2138 4611 mone;
2188 4562 2298 4601 non
2337 4548 2544 4602 cadunt
2592 4547 2694 4602 sub
2740 4564 3087 4615 mensuram;
3127 4565 3227 4604 nec
3287 4559 3531 4621 tempore

1950 4637 2305 4693 deﬁniuntur.
2339 4638 2469 4705 Quae
2520 4639 2665 4692 enim
2727 4655 2824 4707 per
2852 4649 3022 4693 totum
3060 4648 3274 4709 tempus
3311 4655 3375 4695 ac
3415 4642 3551 4696 dies

266 4740 561 4810 ἑκατέροις
584 4740 863 4807 ἐγγίνεται
894 4739 1126 4811 χρόνοις.
1153 4738 1457 4791 Φιλονεικεῖ
1502 4736 1611 4807 γὰρ
1638 4738 1667 4788 ό
1697 4752 1843 4806 παρ-

1955 4729 2198 4800 siugulos
2242 4738 2721 4795 consummantur,
2757 4729 2810 4784 in
2858 4731 3182 4785 immensam
3221 4730 3527 4785 multitudi-

265 4830 529 4903 ῳῃκὼς,
558 4830 627 4884 τά
660 4832 715 4883 ἐν
767 4830 918 4900 αύτῷ
957 4845 1431 4901 προκεκαινοτομη
1443 4829 1580 4896 μένα
1614 4827 1852 4896 προόαλ-

267 4923 532 4992 λόμενος,
560 4920 865 4991 ἀνάριθμόν
898 4937 959 4972 τε
983 4920 1084 4990 τὴν
1117 4919 1325 4973 τούτων
1354 4918 1529 4990 φορὰν
1555 4918 1847 4989 δεικνύμεο

266 5028 385 5077 νος,
413 5014 477 5081 τῇ
498 5013 543 5064 τ’
579 5011 804 5082 εὐτυχίᾳ
837 5010 1038 5081 μᾶλλον
1066 5008 1163 5062 τοῦ
1203 5011 1323 5079 μετ’
1367 5011 1576 5063 ἐκεῖνον
1628 5009 1846 5078 θαυμά-

268 5100 485 5165 ζεσθαι,
527 5101 622 5153 καὶ
662 5098 730 5152 δι’
762 5098 1103 5169 ἀρχαιότητα
1148 5098 1257 5150 τῶν
1288 5098 1694 5168 πεπραγμένων
1718 5098 1849 5168 κλη-

271 5190 504 5261 ροῦσθαι
535 5192 598 5244 τὸ
651 5191 935 5260 αἰδέσιμον
959 5209 973 5223 ι
1004 5189 1433 5260 ἀντιφιλονεικεῖ
1478 5189 1521 5241 δ’
1546 5191 1575 5242 ὁ
1624 5189 1839 5261 παρὼν,

266 5283 439 5337 αὐτόν
470 5299 528 5335 τε
589 5282 932 5335 πλεονεκτεῖν
976 5284 1031 5334 ἐν
1075 5285 1187 5345 τοῖς
1222 5280 1696 5351 προσυνεστῶσιν,
1752 5282 1846 5335 καὶ

265 5375 388 5435 τοῖς
426 5374 549 5443 ἄρτι
579 5372 1099 5442 καινοτομουμένοις
1124 5373 1201 5441 τῷ
1220 5372 1539 5442 ἀσυγκρίτῳ
1590 5372 1847 5442 γεραίρε-

271 5466 424 5521 σθαι.
457 5466 568 5519 Καὶ
610 5467 637 5517 ό
670 5464 788 5534 μὲν,
848 5465 919 5517 τὰ
965 5466 1021 5518 ἐν
1054 5464 1438 5534 ὑπούλήμασιν
1482 5464 1848 5534 παραδεικνὺς

266 5556 667 5625 ἐγκαλλύνεται
694 5572 709 5587 ο
742 5558 771 5607 ὁ
800 5556 857 5608 δὲ
897 5556 995 5609 σὺν
1034 5560 1149 5621 τοῖς
1187 5555 1333 5609 οὕτω
1356 5556 1455 5625 τὴν
1486 5557 1710 5625 μνήμην
1744 5573 1848 5608 πα-

274 5649 640 5721 ρατείυουσιν,
669 5649 762 5700 καὶ
795 5648 866 5700 τὰ
904 5646 1129 5719 ἔναγχος
1165 5648 1259 5703 καὶ
1288 5647 1487 5720 μᾶλλον
1504 5648 1585 5711 εἰς
1612 5647 1845 5718 φανερὸν

342 5824 388 5857 ’⁸
440 5823 568 5880 Luc.
624 5840 665 5888 1,
700 5822 753 5877 2.

586 5919 857 5979 ΡΑτιιοι..
900 5919 1014 5979 Gn.
1061 5919 1128 5981 C.

1951 4837 2075 4876 nem
2128 4835 2420 4875 numerum
2489 4822 2797 4890 producunt
2850 4838 2864 4875 :
2930 4835 3240 4889 pugnaque,
3318 4830 3530 4892 tempus

1949 4929 2187 4983 przesens
2216 4929 2281 4968 ac
2313 4915 2649 4982 praeteritum
2709 4914 3085 4969 committunt.
3138 4913 3354 4968 Etenim
3395 4930 3528 4969 con-

1949 5007 2116 5061 tendit
2153 5006 2435 5075 praeterita
2468 5016 2621 5070 astas,
2655 5021 2795 5060 nova
2828 5004 3113 5072 proferens
3148 5007 3201 5061 in
3231 5008 3343 5076 ipsa
3376 5008 3531 5063 exhi-

1945 5098 2078 5162 bita,
2124 5098 2291 5165 inque
2326 5099 2669 5151 innumeram
2729 5098 3136 5152 multitudinem
3185 5100 3525 5164 promovisse

1954 5189 2281 5255 ostendens;
2309 5204 2371 5243 ac
2391 5190 2636 5258 sequenti
2663 5187 2988 5255 feliciorem,
3012 5188 3132 5257 plus
3149 5190 3529 5245 admirationis

1946 5280 2167 5344 habere,
2201 5291 2533 5349 propterque
2554 5295 2737 5334 rerum
2769 5281 3156 5350 antiquitatem
3187 5282 3526 5338 venerationi

1945 5386 2109 5426 esse:
2167 5380 2360 5426 contra
2417 5382 2599 5425 autem
2652 5375 2936 5428 contendit
2969 5389 3232 5443 praesens,
3277 5388 3336 5427 se
3367 5374 3419 5428 in
3459 5375 3528 5428 iis

1946 5478 2063 5531 qua:
2084 5475 2484 5534 praecesserunt
2529 5466 2744 5520 abunde
2772 5453 3060 5536 superare,
3114 5466 3523 5535 incomparabi-

1945 5556 2091 5624 lique
2126 5570 2305 5609 rerum
2348 5556 2511 5611 modo
2547 5567 2869 5612 novatarum
2902 5561 3241 5628 praestantia,
3301 5561 3526 5630 praecl-

1946 5648 2081 5705 lere.
2105 5647 2288 5719 Atque
2312 5650 2657 5717 przetcritum
2698 5652 2914 5721 quidem
2949 5665 3144 5721 aevum,
3182 5669 3278 5710 ceu
3334 5653 3526 5708 funda.

3012 5918 3087 5985 148
