4166 6440
179 418 317 485 1517

1030 416 1112 476 IN
1151 415 1255 475 SS.
1300 416 1528 476 MART.
1565 415 1867 475 COSMAM
1907 416 2001 475 ET
2043 417 2471 480 DAMIANUM.

3285 426 3422 493 1513

171 526 453 598 ἀσαρκίαν
495 525 564 579 δι’
595 524 758 579 αὑτὸν
810 525 903 578 καὶ
937 524 1235 594 ἀγγελικὴν
1273 525 1607 596 ἀνῃρημένοι
1642 542 1741 577 πο-

1851 527 2040 582 dilexit
2076 529 2237 582 Deum
2268 546 2282 594 ;
2345 547 2438 586 vos
2475 543 2676 600 autem,
2715 538 2804 604 qui
2863 547 3082 606 propter
3116 554 3239 598 eum
3297 543 3420 597 vita:

172 618 399 671 λιτείαν.
429 616 535 670 Καὶ
560 615 680 685 Θεῷ
713 615 810 686 μὲν
849 617 1076 678 ἐκεῖνος,
1097 615 1188 667 τὸν
1212 615 1270 678 ἐξ
1299 615 1498 684 ὀσφύος
1521 617 1736 686 καρπὸν

172 709 370 762 θυσίαν
389 707 659 774 ἀνήνεγκε
693 705 1079 775 προστάγματι
1108 705 1202 757 τοῦ
1259 705 1553 775 δεχομένου
1603 705 1741 757 καθ-

174 801 646 874 υπηρετούμενος·
675 800 904 870 σώματα
919 800 963 852 δ’
984 801 1140 868 ὑμεῖς
1158 800 1495 870 αὐθαιρέτως
1521 801 1747 870 ἀνηνέγ-

170 911 311 948 κατε
338 911 352 926 ·
387 895 634 964 μαχαίρᾳ
655 893 799 945 θείου
825 891 1015 956 πόθου,
1041 893 1134 945 καὶ
1167 895 1298 963 πυρὶ
1327 893 1502 946 ταῦτα
1531 895 1629 963 τῆς
1649 895 1714 960 ἐγ

171 985 439 1055 κρατείας
470 983 914 1046 ὁλοκαυτοῦντες.
954 984 1064 1036 Καὶ
1097 985 1250 1054 κριὸν
1285 984 1386 1053 μὲν
1419 986 1626 1047 ἐκεῖνος
1650 985 1743 1037 τοῦ

170 1076 589 1146 προαγομένου
622 1075 818 1145 λύτρον
845 1074 1063 1141 ἐδέξατο
1082 1091 1096 1107 ·
1122 1075 1280 1144 ὑμεῖς
1300 1076 1343 1128 δ’
1365 1075 1745 1142 ἀνενεγκόντες

166 1169 455 1232 ἐπείσατε,
501 1168 596 1220 καὶ
642 1167 1093 1236 ἀνταλλάγματος
1158 1167 1258 1218 οὐκ
1317 1166 1598 1236 ἐδεήθητε.
1637 1167 1745 1219 Καὶ

173 1258 350 1324 ἅπαξ,
372 1261 581 1322 ἐκεῖνος
614 1258 714 1328 μὲν
739 1259 1081 1328 προσήνεγκε
1103 1274 1116 1287 °
1149 1257 1215 1310 δι’
1246 1257 1368 1311 ὅλου
1388 1257 1432 1309 δ’
1467 1259 1622 1326 ὑμεῖς
1649 1257 1743 1310 τοῦ

173 1350 298 1419 βίου
350 1349 726 1420 προσήχθητε,
795 1349 1191 1419 σταυρούμενοι
1264 1347 1344 1419 τῷ
1409 1350 1602 1418 κόσμῳ
1651 1351 1745 1402 καὶ

171 1439 552 1510 νεκρούμενοι,
580 1441 676 1492 καὶ
709 1439 798 1492 διὰ
829 1440 1008 1510 πάσης
1040 1437 1186 1509 ζωῆς
1215 1439 1672 1510 ἀποθνήσκοντες.

247 1725 358 1778 Καὶ
395 1725 455 1775 ἐν
485 1720 762 1792 φιλοξενίᾳ
795 1720 897 1790 μὲν
941 1723 1153 1785 ἐκεῖνος
1213 1722 1557 1792 θαυμάζεται
1588 1740 1600 1752 °
1650 1725 1745 1778 καὶ

170 1816 286 1886 γάρ
315 1813 536 1878 ἐπάξιον
550 1812 798 1882 ⁸ιςδοέργον
817 1811 1120 1882 θαύματος,
1154 1813 1246 1866 καὶ
1280 1814 1380 1883 τῆς
1409 1814 1620 1868 ἐκείνου
1655 1833 1749 1886 με-

1850 619 2112 672 rationem
2147 622 2291 673 velut
2323 631 2477 674 extra
2504 638 2747 688 carnem,
2781 642 2844 679 ac
2887 628 3186 696 angelicam
3241 631 3418 700 elege-

1853 709 1988 773 ritis,
2020 703 2271 779 ampliori
2296 714 2514 768 cumulo
2539 715 2808 771 dilexistis
2841 735 2854 770 :
2888 727 3052 787 atque
3082 719 3172 772 ille
3200 723 3417 789 quidem

1849 798 2156 854 lumborum
2207 801 2463 869 fructum,
2521 806 2702 860 divino
2752 807 2898 874 ejus,
2926 810 3016 878 qui
3068 823 3420 882 suscepturus

1846 900 2012 957 esset,
2045 905 2311 963 praecepto
2330 896 2659 965 obsequens,
2693 899 3018 954 sacrificium
3054 904 3287 970 obtulit;
3328 920 3421 962 vos

1846 994 2025 1036 autem
2068 994 2247 1041 vestra
2282 1000 2475 1056 sponte
2506 1006 2735 1059 corpora
2780 992 3093 1058 offerentes,
3142 997 3308 1051 divini
3356 1016 3419 1052 ea

1847 1075 2046 1129 amoris
2074 1077 2273 1147 gladio,
2302 1095 2364 1134 ac
2385 1081 2494 1151 igni
2528 1085 2814 1152 castitatis,
2839 1087 3224 1144 sacrificaStis:
3261 1102 3421 1160 atque

1849 1165 1895 1220 is
1930 1168 2169 1236 quidem,
2192 1173 2307 1239 ejus
2343 1176 2433 1244 qui
2465 1174 2772 1232 offerendos
2807 1187 2948 1234 esset
3000 1181 3262 1250 redempti
3296 1200 3422 1250 pre-

1851 1261 2006 1326 tium,
2047 1264 2270 1317 arietem
2304 1268 2554 1336 accepit;
2599 1285 2695 1324 vos
2722 1279 2901 1325 autem
2931 1271 3207 1329 offerendo
3242 1279 3421 1342 reipsa

1847 1355 1994 1418 passi
2027 1356 2178 1420 estis,
2210 1371 2308 1411 nec
2343 1357 2448 1410 ulla
2485 1364 2912 1417 commutatione
2948 1380 3085 1435 opus
3115 1367 3418 1422 habuistis:

1848 1460 1912 1500 ac
1946 1448 2188 1512 tandem,
2219 1451 2390 1506 semel
2423 1453 2512 1507 ille
2542 1455 2759 1521 obtulit,
2792 1472 2888 1511 vos
2921 1470 3098 1512 autem
3131 1477 3225 1529 per
3253 1473 3418 1516 tutam

1850 1538 2018 1591 vitam
2053 1540 2221 1595 oblati
2249 1545 2407 1609 estis,
2442 1547 2643 1601 mundo
2672 1549 2917 1604 crucifixi
2959 1566 3022 1606 ac
3081 1554 3418 1620 mortificati,

1853 1641 1917 1680 ac
1940 1629 2181 1697 quotidie
2216 1633 2535 1691 morientes.

1918 1719 2099 1788 ‘Atque
2134 1722 2432 1778 ‘Abraham
2482 1729 2700 1796 quidem
2761 1732 3150 1802 hospitalitatis
3203 1741 3421 1796 n0mine

1850 1809 2266 1868 admirationem
2297 1818 2496 1874 habet:
2535 1822 2694 1889 plane
2725 1826 2868 1878 enim
2905 1843 2994 1883 res
3027 1841 3108 1884 est
3136 1833 3295 1902 digna
3329 1835 3422 1887 ad-

171 1881 482 1977 γαλοφυῖας
509 1881 736 1976 γνήσιον
762 1919 778 1932 ⁶
827 1881 942 1957 ἀλλ⁴
979 1906 1044 1957 ἐκ
1092 1881 1414 1976 περιουσίας
1455 1906 1591 1978 αὕτη
1637 1881 1741 1960 τῶν

2535 1881 2550 1889 _
2909 1881 2986 1883 νη
3038 1881 3107 1884 -__
3142 1881 3295 1902 ρο---
3329 1881 3394 1887 η

1854 1903 2166 1969 miratione,
2187 1906 2439 1977 illiusque
2458 1913 2727 1983 magnifici
2743 1918 2908 1973 animi
2931 1923 3224 1990 genuinum
3244 1939 3416 1992 opus:

171 1999 410 2051 ἐνόντων
453 1997 549 2050 καὶ
587 1998 896 2068 προεχεῖτο,
953 1997 1050 2050 καὶ
1102 1998 1180 2059 είς
1213 1997 1340 2059 τοὺς
1391 1999 1747 2068 παρατυγχά-

168 2105 372 2150 νοντας
410 2088 723 2158 διενέμετο·
786 2090 846 2140 ἐν
883 2087 1035 2152 τάξει
1073 2087 1116 2139 δ’
1175 2089 1336 2158 ὑμεῖς
1388 2089 1748 2159 ξενιζομένων

169 2177 496 2246 ἐθελουσίῳ,
536 2179 632 2231 καὶ
665 2179 766 2231 οὐκ
821 2177 1109 2247 ἀϐουλήτῳ
1141 2178 1304 2248 πενίᾳ
1353 2180 1745 2248 καταστάντες,

170 2268 454 2339 ξενοδοχίᾳ
481 2272 547 2339 τῇ
585 2270 854 2339 κρείττονι
879 2269 1006 2331 τοὺς
1037 2269 1271 2333 ἐπιδεεῖς
1303 2270 1552 2334 ἅπαντας
1578 2271 1747 2336 ἐξενί-

170 2370 307 2407 σατε
337 2371 352 2386 ⁸
385 2355 870 2426 φιλοφρονούμενοι
929 2356 1153 2419 τούτους
1181 2357 1382 2428 ψυχαῖς
1419 2377 1480 2412 τε
1522 2361 1616 2413 καὶ¹
1645 2360 1748 2413 σώ-

173 2463 367 2516 μασιν,
400 2446 496 2499 καὶ
521 2447 985 2518 ἀναῤῥωννύντες,
1007 2449 1107 2500 οὑκ
1136 2450 1195 2502 ἄν
1230 2450 1408 2521 χρόνῳ
1454 2452 1488 2521 ή
1519 2469 1626 2504 τινι
1655 2452 1747 2505 τό·-

167 2555 265 2608 πῳ
306 2540 405 2607 τὴν
440 2539 769 2607 φιλοξενίαν,
819 2539 959 2592 ἀλλά
985 2541 1262 2610 πανταχοῦ
1291 2541 1398 2611 γῆς
1428 2545 1524 2596 καὶ
1553 2544 1748 2598 θαλάτ-

168 2647 277 2700 της
317 2633 722 2698 ἐφαπλοῦντες’
785 2632 988 2703 νοητῶς
1023 2634 1388 2702 ἐκτρέφοντες
1421 2653 1434 2667 ⁶
1470 2639 1746 2708 αἰσθητῶς

167 2722 302 2782 τοὺς
331 2723 596 2786 τακέντας
632 2724 1028 2793 ἀνακτώμενοι,
1069 2725 1166 2777 καὶ
1197 2726 1276 2788 είς
1312 2729 1474 2797 κόρον
1508 2729 1606 2800 τὴν
1629 2733 1749 2784 ἀσι-

168 2810 319 2878 τίαν,
350 2813 614 2887 ἐπιθυμίᾳ
642 2816 751 2869 τῶν
772 2817 1049 2890 ἐδωδίμων
1081 2820 1600 2891 μετασκευάζοντες.

255 2996 524 3064 Ἕξένισεν
554 3001 760 3066 ἐκεῖνος
795 3003 853 3055 ἐν
899 3005 1148 3072 ἀγγέλων
1188 3004 1335 3070 ἅπαξ
1366 3009 1740 3078 προσχήματι,

171 3086 256 3159 μὴ
286 3093 769 3163 περιγραφομένην
797 3094 959 3162 φύσει
983 3095 1235 3166 θεότητα,
1265 3097 1362 3168 τὴν
1392 3099 1492 3168 τῆς
1515 3099 1744 3168 Τριάδος

1851 2007 1912 2045 ea
1939 2003 2137 2062 tamen,
2173 2012 2294 2052 eum
2322 2015 2386 2054 ex
2412 2004 2728 2060 facultatum
2758 2011 3096 2066 abundantia
3149 2015 3422 2083 profusior

1851 2099 1992 2148 erat,
2025 2097 2134 2142 tum
2164 2091 2218 2144 in
2246 2107 2340 2146 eos
2366 2095 2458 2162 qhi
2491 2108 2846 2153 occurrerent
2886 2115 3007 2156 sese
3037 2103 3418 2173 impertiebat;

1849 2193 1947 2235 vos
1973 2191 2173 2246 autem,
2210 2185 2262 2238 in
2316 2186 2586 2257 hospitum
2640 2191 2743 2259 ipsi
2795 2194 3065 2258 ordinem,
3119 2199 3417 2253 voluntaria

1851 2269 2092 2339 nihilque
2129 2285 2322 2329 coacta
2353 2279 2555 2332 redacti
2591 2293 2940 2348 paupertate.
2998 2286 3197 2354 potiori
3235 2290 3421 2358 hospi-

1850 2359 2056 2414 talitate
2091 2363 2300 2433 indiges
2344 2381 2534 2422 omnes
2581 2369 2815 2437 favistis,
2861 2376 3060 2430 animis
3086 2380 3293 2446 pariter
3347 2399 3409 2437 ac

1849 2453 2170 2519 corporibus
2210 2468 2458 2514 amanter
2489 2463 2864 2531 amplexantes
2913 2482 2976 2521 ac
3017 2470 3419 2539 confortantes;

1849 2560 1948 2599 nec
1981 2554 2220 2616 tempore
2244 2551 2443 2621 aliquo,
2471 2563 2564 2607 aut
2588 2567 2738 2611 certo
2766 2558 2884 2613 loco
2918 2575 3038 2614 eam
3077 2563 3419 2632 definientes,

1848 2638 1941 2689 sed
1975 2637 2173 2706 ubique
2225 2648 2365 2694 terra
2409 2659 2473 2698 ac
2513 2647 2649 2700 mari
2701 2649 3055 2717 explicantes,
3102 2654 3424 2721 Spiritaliter

1846 2729 2085 2796 alentes;
2133 2732 2478 2790 tabescentes
2507 2736 2758 2793 homines
2795 2743 3129 2797 settsibiliter
3164 2761 3420 2801 recrean-

1850 2829 1951 2885 tes,
1990 2823 2151 2892 inque
2184 2826 2516 2892 satietatem,
2544 2831 2790 2885 ciborum
2824 2835 3119 2903 cupiditate
3137 2852 3416 2905 concessa,

1851 2909 2082 2966 inediam
2111 2926 2526 2973 commutantes.

1919 3001 2099 3059 Semel
2158 3005 2457 3075 Abraham,
2495 3012 2806 3081 angelorum
2869 3021 3071 3085 specie,
3123 3020 3419 3075 incircum-

1847 3096 2105 3165 scriptam
2161 3111 2354 3154 natura
2396 3103 2672 3169 deitatem,
2708 3120 2774 3160 ac
2815 3107 3100 3165 Trinitatis
3133 3128 3416 3181 personam

159 3175 226 3229 ea
269 3179 568 3241 τυποῦσαν,
619 3182 677 3234 ἐν
719 3183 1027 3253 ἀνθρώποις
1059 3187 1476 3259 όφθησομένην·
1516 3189 1585 3242 δι’
1619 3190 1740 3243 ὅλου

1849 3186 1902 3240 in
1939 3189 2192 3245 humanis
2241 3193 2554 3260 videndam,
2603 3197 2952 3266 figurantem,
2991 3203 3222 3270 hospitio
3260 3221 3420 3261 exce-

165 3266 214 3320 δ’
247 3268 405 3337 ὑμεῖς
433 3269 527 3321 τοῦ
554 3270 690 3340 βίου,
719 3272 820 3344 τῆς
843 3275 1161 3346 ἐλλάμψεως
1182 3279 1354 3349 αὑτῆς
1385 3281 1741 3335 ἐναπολαύον-

1848 3280 1960 3347 pit;
1995 3295 2091 3336 vos
2123 3290 2330 3348 autem,
2362 3285 2480 3355 ejus
2507 3297 2621 3344 toto
2649 3290 2772 3346 vite
2793 3291 3027 3348 decem
3059 3266 3420 3353 illustrations

166 3376 286 3422 τες,
324 3363 609 3431 φωστῆρες
644 3363 745 3433 μὲν
798 3366 1120 3438 οἰκουμένης
1161 3370 1600 3440 ἐχρηματίσατε·
1643 3373 1743 3443 τὴν

166 3451 434 3521 ἀνελλιπῆ
466 3453 510 3504 δ’
536 3454 750 3525 ἐκείνης
775 3458 1115 3527 εὐεργεσίαν,
1149 3462 1207 3512 ἐν
1236 3461 1741 3533 παραδοξουμέναις

168 3541 498 3612 θεραπείαις
532 3547 960 3612 καθυπεδείξατε
982 3564 995 3578 ⁸
1032 3552 1126 3602 καὶ
1170 3552 1233 3604 ού
1257 3555 1531 3624 παρόντες
1560 3556 1738 3624 μόνον,

167 3633 312 3685 ἀλλά
343 3635 432 3688 καὶ
461 3637 835 3705 μεταστάντες
859 3640 956 3702 τὰς
988 3641 1256 3710 ἀφθόνους
1279 3645 1448 3711 αὐτῆς
1472 3646 1540 3698 δι’
1567 3647 1741 3717 ἔργων

169 3724 499 3791 ὑποφαίνετε
575 3728 807 3798 δωρεάς,
861 3731 1121 3802 καθαρῶς
1192 3735 1287 3789 καὶ
1343 3736 1739 3807 θεολογοῦντες,

169 3815 270 3867 καὶ
297 3817 376 3878 είς
411 3819 702 3888 συνεργίαν
723 3821 929 3890 ταύτην
954 3823 1346 3894 ἐπισπώμενοι.

243 3907 354 3958 Καὶ
383 3906 436 3958 τί
466 3907 545 3960 δεῖ
571 3911 698 3972 τοὺς
731 3912 794 3963 ἐκ
827 3912 921 3964 τοῦ
948 3915 1289 3985 πατριάρχου
1319 3916 1547 3985 φύντας,
1579 3918 1610 3989 ἢ
1647 3920 1741 3972 καὶ

172 3997 293 4065 μετ’
321 3997 515 4058 αὐτοὺς
545 3999 786 4064 δικαίους
817 4003 1192 4070 ἀντεξετάζειν
1223 4008 1350 4076 ὑμῖν
1379 4025 1459 4072 τε,
1507 4011 1600 4062 καὶ
1629 4014 1742 4074 τοῖς

170 4085 359 4138 θεόθεν
392 4087 697 4157 δεδομένοις
733 4092 1070 4162 χαρίσμασιν
1094 4109 1108 4122 ⁸
1144 4096 1310 4149 αὐτοῦ
1343 4100 1407 4168 τῇ
1437 4100 1741 4170 ἀντιπαρα-

170 4175 323 4229 θέσει
356 4174 895 4250 προσεξαρκέσαντος
922 4198 936 4213 °
967 4185 1060 4237 καὶ
1085 4186 1182 4255 οὑχ
1214 4186 1402 4254 ὓφεσιν
1444 4188 1613 4259 δήπου
1643 4192 1740 4260 τῆς

170 4266 380 4330 οίκείας
411 4268 662 4322 ἐντεῦθεν
704 4271 1038 4336 ὑποστάντος
1067 4276 1289 4346 ἀρετῆς,
1336 4277 1432 4348 τῆς
1467 4283 1522 4333 ἐν
1554 4281 1739 4351 χάριτι

166 4356 225 4408 δὲ
285 4359 666 4429 παρεχομένης
721 4362 928 4434 δωρεᾶς
975 4366 1068 4417 τοῦ
1120 4369 1449 4438 ἁσυγκρίτου
1506 4389 1563 4424 τε
1622 4373 1739 4443 ἅμα

171 4449 269 4500 καὶ
305 4448 708 4519 ἀπεριορίστου,
740 4453 814 4517 ὡς
857 4455 945 4508 διὰ
982 4455 1154 4524 λόγων
1213 4461 1359 4529 αὐτῷ
1393 4463 1500 4535 lia.
1542 4463 1683 4518 οὑτω
1718 4465 1738 4540 ]

1845 3372 2027 3438 potiti,
2062 3373 2210 3428 orbis
2241 3385 2508 3430 terrarum
2551 3380 2841 3436 luminaria
2895 3387 3221 3455 exstitistis;
3256 3402 3418 3460 atque

1847 3462 2255 3520 indeficientem
2293 3469 2436 3524 illius
2463 3470 2876 3530 beneficentiam
2905 3480 3058 3533 novis
3073 3486 3418 3540 curationum

1847 3557 2139 3623 generibus
2170 3560 2490 3616 ostendistis
2517 3579 2531 3628 ;
2562 3580 2658 3618 nec
2689 3569 2851 3622 modo
2880 3582 3195 3639 praesentes,
3225 3589 3414 3629 verum

1847 3646 2011 3701 etiam
2051 3659 2399 3720 posteaquam
2457 3668 2520 3708 ex
2593 3658 2844 3714 humanis
2902 3665 3194 3732 migrastis,
3268 3668 3414 3739 larga

1849 3737 1965 3803 ejus
1997 3755 2217 3794 munera
2255 3757 2419 3810 opere
2472 3745 2764 3811 exhibetis,
2811 3765 2963 3818 pure,
3019 3767 3139 3807 cum
3198 3737 3416 3812 deitatis

1849 3843 2146 3898 praecones,
2184 3842 2293 3886 tum
2325 3833 2442 3900 ejus
2471 3837 2658 3891 auxilii
2690 3840 2951 3896 vindices.

1915 3920 2052 3987 Quid
2089 3925 2365 3979 enimvero
2398 3942 2557 3997 opus,
2594 3936 2652 3983 ut
2717 3932 3044 3998 patriarchas
3080 3941 3411 4006 progeniem,

1845 4027 1939 4067 seu
1972 4015 2134 4068 etiam
2166 4016 2339 4084 justos
2369 4029 2529 4073 aetate
2547 4035 2829 4090 sequaces,
2869 4025 3168 4093 vobiscum,
3201 4046 3264 4085 ac
3289 4047 3410 4086 cum

1843 4106 2001 4161 donis
2048 4122 2076 4160 a
2127 4107 2234 4163 Deo
2269 4113 2564 4178 concessis,
2595 4113 2892 4182 conferam,
2925 4133 3044 4171 cum
3097 4121 3140 4174 is
3200 4124 3414 4179 abunde

1847 4200 1913 4250 ad
1965 4201 2427 4268 comparationem
2465 4203 2750 4272 habuerit;
2783 4217 2838 4259 ut
2891 4217 3069 4264 tamen
3111 4213 3244 4268 nihil
3288 4217 3415 4271 inde

1843 4288 1963 4358 ejus
2025 4291 2224 4345 virtute
2290 4291 2493 4346 minuta
2545 4304 2708 4362 atque
2743 4297 3020 4365 depressa,
3071 4299 3412 4373 incompara-

1843 4379 1967 4436 bilis
2031 4380 2368 4437 immensitas
2440 4385 2566 4438 doni
2647 4386 2700 4438 in
2762 4390 2935 4456 gratia
3003 4393 3270 4459 exhibiti,
3335 4400 3408 4452 uti

1844 4489 1908 4528 ex
1974 4472 2176 4540 verbis,
2229 4475 2300 4529 ita
2357 4485 2409 4529 et
2471 4478 2631 4530 rebus
2687 4479 2817 4547 ipsis
2870 4481 3123 4538 eluserit.
3166 4485 3303 4552 Quin
3357 4501 3410 4544 et

169 4539 268 4590 καὶ
306 4539 372 4591 δι’
414 4541 594 4593 αὐτῶν
629 4545 1027 4615 ἐμφαινομένω
1061 4549 1170 4602 τῶν
1204 4551 1409 4621 ἐργωνς
1441 4555 1599 4610 Ἀλλά
1631 4557 1739 4627 γὰρ

1845 4570 2032 4638 gratiae
2110 4569 2347 4640 ejusdem
2413 4570 2816 4636 ministrorum,
2872 4589 2934 4628 ac
2996 4579 3407 4646 praedicatorum

169 4630 408 4682 καὶτῶν
456 4631 658 4700 ταύτης
711 4635 999 4705 ὑπηρετῶν
1048 4641 1142 4692 καὶ
1190 4641 1448 4712 κηρύκων
1504 4649 1739 4717 μιμηταὶ

1845 4661 2146 4714 imitatores
2178 4659 2372 4726 effecti,
2397 4663 2586 4716 eadem
2620 4676 2782 4733 atque
2808 4666 2880 4720 illi
2907 4668 3046 4722 dona
3079 4668 3407 4728 obtinuistis.

167 4719 471 4788 γενόμενοι,
492 4723 599 4774 τῶν
616 4724 745 4779 ῐσων
767 4726 994 4790 ἐκείνοις
1007 4732 1358 4799 χαρισμάτων
1372 4733 1735 4792 ἀπελαύσατε.

171 4815 242 4833 -.ν
351 4821 362 4833 .
471 4824 483 4833 .
553 4824 566 4833 .
627 4824 649 4833 -
791 4829 801 4833 -
872 4829 882 4833 -
961 4828 1003 4833 _-
1244 4831 1253 4833 μ

1845 4750 2047 4817 Quibus
2095 4751 2238 4804 enim
2295 4751 2514 4808 fuerunt
2565 4759 2861 4811 certamina
2900 4761 3072 4828 paria,
3115 4762 3180 4816 iis
3256 4778 3408 4833 aequa

167 4815 265 4884 Οἷς
303 4821 412 4892 γάρ
437 4824 486 4874 οἱ
541 4824 752 4892 ἀγῶνες
787 4828 1110 4896 ἐφάμιλλοι,
1166 4831 1373 4895 τούτοις
1428 4835 1623 4901 ἐπίσης
1681 4838 1736 4890 αί

1845 4815 2221 4897 disnibutione
2288 4859 2510 4899 munera
2571 4847 2896 4902 tribuuntur.
2957 4851 3154 4906 Eorum
3213 4855 3409 4925 quippe

164 4922 367 4990 δωρεαὶ
404 4921 772 4994 διανέμονται.
811 4929 944 4981 Κατ’
975 4931 1118 4998 ἴχνος
1149 4932 1257 5001 γάρ
1284 4935 1508 4990 ἐκείνων
1545 4941 1734 5006 ἰόντες,

1845 4934 2064 5004 vestigia
2098 4944 2393 4998 sectantes,
2433 4937 2643 4992 labores
2673 4940 2891 5009 quidem
2923 4943 3178 5000 salutaris
3209 4949 3403 5014 praedi-

166 5020 367 5084 πόνους
404 5021 503 5091 μὲν
563 5024 687 5086 τοὺς
732 5024 819 5076 διά
869 5026 931 5078 τὸ
975 5029 1242 5098 σωτήριον
1284 5033 1600 5098 ἀνεδέξασθε
1637 5040 1737 5108 κή-

1845 5027 2071 5079 cationis
2109 5040 2274 5080 causa
2311 5029 2661 5097 suscepistis;
2695 5032 2826 5085 nihil
2860 5042 3035 5087 autem
3089 5037 3156 5089 ab
3211 5039 3403 5107 πριιιιιί

166 5138 356 5193 ρυγμα
375 5139 390 5155 θ
421 5124 513 5177 τοῦ
544 5126 658 5179 ῐσου
682 5127 738 5179 δὲ
766 5128 978 5194 τούτοις
1001 5131 1098 5184 οὐκ
1115 5134 1478 5206 ἀπελείφθητε
1500 5138 1699 5209 δρόμου
1719 5157 1733 5172 ο

169 5224 345 5293 λόγοις
401 5228 539 5297 πρὸς
588 5230 873 5284 εὐσέϐειαν
939 5231 1037 5296 τάς
1062 5235 1170 5288 τῶν
1207 5236 1508 5307 ἀνθρώπων
1557 5241 1735 5313 ψυχάς

164 5325 552 5392 ἐπαλείφοντες
573 5345 588 5357 ο
623 5327 722 5391 τὰς
747 5331 858 5383 τῶν
923 5330 1174 5397 ζιζανίων
1206 5336 1511 5408 ὲπισποράς
1563 5340 1744 5394 smn-

163 5419 382 5484 λοντεςο
439 5424 508 5476 τά
575 5426 793 5495 καθαρά
839 5427 937 5497 τῆς
996 5429 1277 5497 θεολογίας
1333 5436 1731 5504 ἐμφυτεύοντες

160 5521 444 5593 δόγματαο
495 5525 606 5595 βίον
655 5530 951 5593 ἀσκοῦντες
998 5533 1317 5602 ἀκτήμονα·
1379 5537 1733 5605 πλουτοῦντες

161 5629 393 5692 δωρεαῖς
446 5632 564 5692 ταῖς
605 5629 699 5683 τοῦ
758 5633 1107 5701 Πνεύματος·
1144 5637 1279 5708 πρὸς
1322 5638 1381 5691 τὸ
1425 5641 1733 5708 πολυπαθὲς

161 5725 273 5776 τῶν
304 5727 571 5792 σωμάτων
598 5730 1068 5801 ἀνθοπλιζόμενοι·
1106 5735 1173 5786 τά
1210 5740 1377 5806 μυρία
1406 5739 1611 5794 τούτων
1629 5761 1730 5797 καο

158 5824 598 5898 ταπολεμοῦντες
627 5831 721 5886 καὶ
750 5832 1143 5899 ἀποσοϐοῦντες
1187 5835 1355 5906 πάθηο
1388 5840 1595 5912 δωρεὰν
1631 5845 1730 5912 τὴν

1838 5117 1903 5172 iis
1953 5133 2115 5172 cursu
2163 5119 2468 5186 defecistis;
2531 5121 2810 5177 hominum
2849 5126 3046 5195 quippe
3091 5130 3301 5187 animos
3335 5136 3403 5187 ad

1834 5208 2092 5275 pietatem
2153 5210 2496 5266 sermonibus
2552 5213 2906 5285 inungentes;
2976 5224 3401 5289 superseminata

1837 5300 2046 5352 zizauia
2126 5301 2456 5368 evelleutes;
2529 5319 2658 5372 pura
2737 5308 3019 5380 theologia:
3101 5314 3400 5370 inserentes

1835 5390 2120 5459 dogmata;
2161 5393 2322 5445 vitam
2371 5409 2595 5466 egenam
2660 5399 2926 5467 colentes;
2974 5405 3128 5459 donis
3167 5407 3403 5474 Spiritus

1835 5479 2066 5546 divites;
2094 5481 2357 5538 adversus
2386 5486 2708 5554 multiplices
2737 5506 3022 5559 t‘orporutn
3056 5496 3401 5564 aegritudines

1837 5569 2082 5625 instructi
2104 5591 2118 5638 ;
2139 5575 2356 5630 morbos
2377 5592 2559 5631 eorum
2587 5581 3006 5639 innumerabiles
3024 5600 3401 5656 expugnantes

1834 5677 1897 5718 ac
1928 5664 2335 5730 submoventes,
2374 5684 2653 5726 sermones
2697 5677 2898 5742 pariter
2929 5677 3267 5749 implevistis,
3303 5682 3398 5736 da-

1836 5758 2079 5826 torisque
2110 5758 2521 5831 benignitatem,
2559 5780 2622 5818 ac
2654 5781 2971 5836 prapensam
3006 5772 3058 5827 in
3103 5774 3395 5829 humanum

1836 5864 2004 5918 genus
2033 5851 2385 5923 voluntatem,
2414 5857 2610 5915 imitati
2643 5862 2796 5917 estis.
