4166 6440
690 356 826 418 1519
1812 364 2149 439 GEORGII
2190 365 2792 427 NICOMEDIENS‘IS
3860 366 3995 431 15m

694 475 855 545 χάριν
888 473 1373 543 καταϐαλλόμενοι,
1409 474 1535 538 τούς
1567 492 1622 527 τε
1658 474 1847 544 λόγους
1891 479 2249 551 ἐπληρώσατε
2276 520 2290 543 ,
2319 480 2413 533 καὶ
2466 480 2565 550 τὴν
2607 477 3016 550 φιλανθρωπίαν
3067 478 3162 534 τοῦ
3216 479 3513 544 δεδωκότος
3543 480 3622 544 ὡς
3667 480 3812 551 ἐνῆν
3866 483 3987 550 ἐμι-

691 565 766 635 μὴ
778 563 960 618 σασθε.
2300 575 2347 628 Α
2535 612 2541 617 ς

2448 669 2596 722 Ἔδει
2631 669 2739 740 γὰρ
2779 670 2947 741 ὑμᾶς,
2996 672 3097 736 τὰς
3150 672 3247 728 τοῦ
3300 674 3603 747 δωροδότου
3644 677 3991 748 δεξαμένους

2373 760 2717 830 εὐεργεσίας,
2752 763 2844 815 καὶ
2888 767 3095 845 προῖκα
3126 766 3220 819 τὸν
3265 768 3461 822 τούτου
3502 770 3991 841 κληρωσαμένους

2375 850 2627 915 πλοῦτον,
2667 852 2728 904 τό
2753 868 2813 905 τε
2842 853 3239 926 φιλάνθρωπον
3266 859 3359 911 τοῦ
3391 863 3865 932 παρασχομένου.
3902 865 3991 915 καὶ

2374 942 2472 1013 τὴν
2515 942 2856 1015 κατάλληλον
2907 946 3229 1012 ἀποστόλοις
3282 950 3751 1022 ἐκλογιζομένους
3800 955 3987 1024 χάριν,

2374 1033 2465 1087 διὰ
2485 1035 2582 1104 τῆς
2602 1035 2714 1089 τῶν
2738 1037 3223 1110 εὐεργετουμένων
3239 1043 3611 1111 ἐπισκέψεως,
3632 1046 3735 1097 τὸν
3760 1047 3987 1115 εὐεργέ-

2376 1144 2477 1196 την
2516 1129 3003 1199 ἀπομιμήσασθαι.
3060 1133 3136 1186 Οὺ
3196 1133 3307 1207 γὰρ
3364 1137 3575 1199 οἰκείας
3637 1136 3987 1205 φιλοτιμίας,

2376 1216 2513 1270 ἀλλὰ
2556 1218 2657 1288 τῆς
2691 1221 2901 1274 ἐκείνου
2943 1222 3103 1291 δόξης
3132 1224 3318 1289 ἕνεκα,
3367 1228 3581 1290 τούτοις
3627 1244 3693 1279 τε
3729 1228 3992 1297 arabum;-

2379 1313 2612 1377 ρετεῖτε,
2644 1313 2740 1364 καὶ
2773 1312 2875 1382 τῆς
2904 1313 3114 1385 δωρεᾶς
3145 1316 3206 1368 τὸ
3232 1317 3462 1388 μέγεθος
3497 1320 3990 1390 ἀνακηρύττεσθαι

2378 1402 2853 1472 παρασκευάζετε.

762 675 867 728 l‘ar
898 675 1041 727 enim
1075 684 1219 738 erat,
1261 684 1318 728 ut
1349 676 1440 743 qui
1481 692 1507 727 a
1535 678 1800 732 donorum
1843 681 2028 733 datare
2068 678 2271 732 henell-

686 770 767 822 cia
804 768 1179 835 accepissetis,
1213 770 1440 838 ejusque
1469 772 1641 839 gratis
1664 772 1886 827 divitias
1913 773 2089 827 sortiti
2118 787 2272 828 csse-

685 871 755 914 tts
789 871 898 913 tum
942 860 1217 928 largitoris
1259 862 1630 930 recogitantes
1688 864 2105 933 benignitatem,
2157 875 2268 917 tum

684 950 948 1017 apostolis
976 966 1270 1019 congruam
1306 953 1562 1020 gratiam,
1606 955 1671 1008 iis
1704 955 1985 1010 visitaudis
2015 969 2151 1024 quos
2178 956 2273 1007 be-

685 1041 883 1094 nelicio
918 1041 1113 1094 essetis
1165 1040 1437 1107 aﬂ‘ecturi,
1486 1044 1791 1098 beneﬁcum
1830 1045 1978 1099 illum
2028 1045 2272 1100 imitare-

687 1132 843 1185 mini.
893 1131 1007 1185 Non
1044 1132 1189 1187 enim
1242 1144 1439 1189 vestra“:
1495 1136 1734 1205 ipsorum
1788 1138 2122 1200 ambitionis,
2181 1138 2272 1191 sed

686 1226 808 1294 ejus
855 1226 1042 1294 gloriae
1093 1229 1292 1299 gratia,
1323 1242 1446 1282 cum
1500 1228 1564 1282 iis
1602 1229 1962 1294 ministratis,
2003 1240 2113 1284 tum
2148 1229 2271 1284 doni

688 1318 1116 1386 magnitudinem
1146 1318 1322 1374 facitis
1357 1320 1667 1387 prtedicari.

2452 1515 2721 1569 Ἔδωκεν
2743 1516 2874 1588 γὰρ,
2903 1519 3092 1588 φησὶν,
3120 1524 3236 1584 τοῖς
3260 1523 3560 1589 αὐτόπταις
3586 1527 3689 1579 καὶ
3730 1530 3986 1598 μύσταις.

2378 1605 2405 1657 ὁ
2438 1604 2729 1668 θεσπέσιος
2780 1608 3173 1680 εὐαγγελιστὴς
3196 1651 3211 1673 ,
3252 1611 3550 1676 ἐξουσίαν
3605 1621 3775 1669 κατὰ
3805 1634 3989 1671 arse-

687 1712 909 1781 spiritus
944 1710 1263 1774 immundos,
1320 1720 1376 1763 ut
1412 1727 1500 1765 eos
1535 1711 1783 1781 ejicereut
1817 1713 1855 1765 ‘.
1899 1712 2055 1777 Quod
2091 1712 2277 1782 itaque

2386 1696 2583 1764 μάτων
2616 1696 2988 1770 ἀκαθάρτων,
3020 1701 3176 1756 ὥστε
3206 1705 3357 1781 αὐτὰ
3403 1706 3764 1760 ἐκϐάλλειν.
3815 1710 3991 1778 Ἀπερ

685 1815 784 1871 per
818 1799 1239 1870 promissionem
1294 1800 1404 1855 illis
1433 1815 1760 1855 concessum
1798 1801 1922 1866 fuit,
1981 1803 2083 1856 hoc
2121 1800 2276 1856 vobis

2386 1786 2474 1844 οὖν
2500 1792 2735 1855 ἐκείνοις
2758 1793 2825 1845 δι’
2854 1795 3207 1863 ὑποσχέσεως
3233 1797 3466 1860 δέδοται,
3496 1800 3678 1853 ταῦτα
3703 1801 3779 1854 δι’
3811 1802 3988 1855 αὐτῶν

686 1907 784 1963 per
819 1894 967 1963 ipsos
1003 1907 1185 1948 rerum
1221 1903 1471 1953 eventus,
1508 1892 1794 1961 praebitum
1828 1902 1927 1947 est.
1956 1890 2091 1946 Data
2119 1884 2276 1948 vobis

2386 1882 2512 1953 ὑμῖν
2553 1883 2870 1955 παρεσχέθη
2906 1884 3006 1938 τῶν
3038 1886 3343 1940 ὲκὸάσεων.
3378 1890 3605 1943 Δέόοται
3637 1893 3796 1944 κατά
3831 1910 3990 1946 πνευ-

761 1526 915 1581 Dcdit
957 1526 1124 1592 enim,
1175 1528 1349 1597 inquit
1400 1527 1618 1584 divinus
1652 1528 2009 1599 evangelista,
2057 1528 2123 1583 iis
2178 1527 2273 1598 qui

689 1620 790 1691 ipsi
838 1621 1112 1686 viderunt,
1169 1634 1234 1674 ac
1283 1618 1610 1688 discipulis,
1659 1630 1969 1687 potestatem
2024 1621 2275 1674 adversus

685 1995 772 2039 est
823 1993 1066 2053 potestas
1111 1984 1377 2039 adversus
1417 1984 1643 2053 spiritus
1684 1982 2032 2046 immundos,
2071 1992 2131 2037 ut
2168 1998 2275 2037 non

689 2085 898 2129 tantum
928 2076 960 2129 ii
992 2090 1104 2141 vos,
1149 2075 1225 2128 uti
1272 2075 1365 2129 Dei
1404 2074 1659 2139 famulos,
1707 2076 1993 2139 horreant,
2022 2074 2280 2129 timeant—

2384 1976 2571 2044 μάτων
2607 1975 2942 2041 ἀκαθάρτων
2976 1978 3108 2046 ὑμῖν
3143 1979 3385 2044 ἐξουσία,
3419 1983 3519 2050 οὐχ
3549 1982 3704 2036 ὥστε
3739 1986 3994 2053 φρίσσειν

2381 2065 2527 2135 ὑμᾶς
2553 2064 2627 2129 ὡς
2656 2066 2793 2119 Θεοῦ
2846 2065 3211 2136 θεράποντας,
3253 2072 3349 2122 καὶ
3400 2071 3642 2125 δεδιέναι
3675 2075 3867 2126 ταῦτα
3900 2077 3993 2127 καὶ

688 2182 828 2238 que,
874 2181 937 2221 ac
970 2176 1239 2233 tremant;
1277 2166 1371 2221 sed
1409 2176 1469 2220 ut
1514 2166 1699 2231 etiam,
1737 2181 1834 2235 per
1871 2180 1966 2222 vos
2007 2166 2282 2236 pellantur

2386 2158 2605 2228 τρέμειν
2634 2158 2796 2227 μόνον
2823 2174 2836 2187 ·
2872 2158 3009 2212 ἀλλά
3053 2160 3150 2212 καὶ
3179 2162 3524 2227 ἐλαύνεσθαι,
3554 2168 3658 2219 καὶ
3689 2167 3994 2221 ἀποσοϐεῖ-

694 2274 758 2311 ac
812 2259 1268 2323 submoveantur,
1316 2272 1415 2312 nec
1464 2257 1762 2313 habitaculi
1810 2256 1988 2311 locum
2025 2259 2279 2327 deinceps

694 2351 1000 2405 obtineant.
1020 2352 1088 2409 Et
1114 2359 1169 2404 ιιι
1198 2359 1465 2413 curarent,
1493 2351 1689 2419 inquit,
1721 2366 1928 2404 omnem
1956 2351 2193 2404 morbum
2215 2352 2235 2383 ¹
2261 2368 2275 2406 :

692 2457 801 2496 non
841 2448 899 2493 ut
932 2442 1072 2494 hune
1109 2441 1333 2509 quidem
1361 2451 1640 2503 curarem,
1680 2450 1737 2493 ιιι
1761 2440 1915 2507 enjus
1949 2442 2161 2496 sanatio
2191 2456 2279 2497 es-

689 2543 774 2587 set
808 2532 1008 2596 facilis,
1045 2531 1193 2585 illum
1221 2542 1401 2588 autem
1433 2533 1521 2601 qui
1546 2532 1823 2587 diliicilior
1849 2541 2043 2588 curatu
2067 2535 2280 2590 videre-

691 2634 801 2689 tur,
855 2625 1200 2694 prmterireut
1235 2642 1247 2677 :
1289 2625 1418 2692 quin
1467 2624 1693 2679 dicendo
1740 2641 1966 2692 onmem,
2016 2628 2278 2681 virtutem

692 2717 863 2779 dedit,
894 2730 993 2771 eos
1023 2731 1241 2785 quoque
1276 2718 1495 2771 morbos
1527 2717 1690 2772 facile
1719 2719 1970 2783 curandi,
2002 2718 2094 2788 qui
2127 2719 2279 2773 insa-

695 2806 908 2860 nabiles
960 2805 1163 2876 alioqui
1199 2807 1372 2860 videri
1413 2817 1654 2876 possent.
1687 2810 2010 2879 Quanquam
2056 2811 2129 2865 sit
2161 2811 2281 2866 diu-

697 2909 892 2951 turnus
923 2899 1167 2960 morbus,
1204 2912 1267 2952 ac
1317 2912 1507 2952 eorum
1549 2900 1883 2975 desperatus.
1912 2900 2150 2968 judicio,
2187 2900 2280 2969 qui

699 2992 766 3045 de
799 2992 963 3045 rebus
994 2990 1261 3057 ejusmodi
1297 3001 1547 3057 censent,
1586 2990 1908 3060 futurosque
1935 3003 2163 3048 eventus
2213 3007 2280 3046 ex

697 3084 1089 3153 apparentibus
1148 3083 1321 3151 signis
1385 3085 1608 3137 omnino
1661 3085 1930 3140 restituant
1979 3102 1993 3139 :
2060 3085 2280 3139 tametsi

699 3176 883 3229 tendat
918 3178 984 3228 ad
1026 3186 1278 3228 mortem.
1324 3173 1417 3228 Sic
1438 3176 1581 3229 enim
1626 3177 1789 3231 habet
1843 3177 2040 3231 divina:
2077 3181 2279 3231 veritas

2383 2248 2529 2312 σθαι,
2590 2251 2682 2303 καὶ
2719 2251 2887 2303 τόπον
2935 2253 3012 2323 μὴ
3070 2253 3407 2324 κληροῦσθαι
3467 2263 3992 2328 κατασκηνώσεως.

2384 2343 2747 2410 Θεραπεύειν
2771 2342 2840 2394 δὲ
2867 2342 3076 2398 πᾶσαν
3094 2346 3308 2410 νόσον,
3336 2348 3470 2418 φησί
3494 2366 3509 2380 ο
3543 2351 3608 2402 ού
3638 2354 3748 2422 τὴν
3786 2354 3893 2422 μὲν
3926 2355 3995 2417 ὡς

2378 2433 2442 2487 τὸ
2484 2435 2670 2504 ῥᾴδιον
2710 2435 2943 2503 ἔχουσαν
2975 2440 3073 2508 τῆς
3120 2439 3347 2504 ἰάσεως,
3378 2440 3722 2511 θεραπεύειν
3747 2462 3764 2476 ο
3812 2446 3915 2514 τὴν
3942 2447 3993 2498 δὲ

2380 2527 2455 2589 ὡς
2500 2527 2563 2579 τὸ
2599 2526 2865 2597 δυσχερὲς
2924 2531 3323 2599 ἑμφαίνουσαν,
3381 2535 3809 2605 παρατρέχειν·
3863 2535 3994 2591 ἀλλὰ

2382 2619 2592 2675 πᾶσαν
2618 2620 2810 2686 εἰπὼν,
2849 2624 2942 2674 καὶ
2970 2623 3080 2676 τῶν
3119 2626 3358 2678 ἀνιάτων
3389 2627 3854 2697 ὑπονοουμένων,
3905 2633 3995 2702 ῥᾴ-

2382 2729 2516 2780 στην
2547 2715 2677 2783 ύμῖν
2712 2716 2813 2785 τὴν
2847 2715 2943 2769 τοῦ
2972 2715 3304 2787 θεραπεύειν
3360 2720 3674 2789 δεδώρηται
3727 2724 3990 2794 δύναμιν.

2382 2805 2500 2860 Κᾶν
2530 2806 2721 2877 χρονία
2754 2807 2912 2878 τύχοι
2954 2826 3038 2871 τις
3077 2809 3215 2863 οὖσα
3246 2812 3341 2865 καὶ
3392 2814 3850 2886 ἀπηγορευμένη
3886 2820 3993 2878 rei;

2384 2898 2516 2967 περὶ
2540 2898 2745 2950 τούτων
2777 2899 3208 2969 διανοουμένοις,
3243 2904 3338 2955 καὶ
3379 2906 3589 2973 κρίνειν
3623 2910 3743 2966 τοῖς
3771 2908 3993 2976 ὀρωμέ-

2385 3006 2499 3050 νοις
2528 2988 2747 3042 δοκοῦσι
2775 2991 2843 3043 τὰ
2870 2991 3222 3062 ὲκόησόμενα
3241 3010 3255 3023 ·
3290 2995 3394 3048 κᾶν
3425 2999 3563 3066 πρὸς
3589 2999 3769 3050 αύτὲν
3806 2999 3993 3067 βλέποι

2382 3078 2475 3132 τὸν
2511 3077 2766 3135 θάνατον.
2803 3080 2962 3135 Οὕτω
2996 3085 3105 3153 γὰρ
3132 3085 3245 3153 ἔχει
3276 3086 3334 3139 τὺ
3356 3087 3586 3151 ἀψευδὲς
3617 3092 3723 3159 τῆς
3748 3091 3995 3160 ὑποσχέ-

2387 3187 2546 3234 σεως.
2582 3171 2799 3225 Πᾶσαν
2846 3174 2979 3241 γοῦν
3007 3175 3199 3239 εἰπὼν,
3258 3178 3356 3229 καὶ
3389 3179 3688 3251 διαστολὴν
3721 3199 3857 3234 τινα
3892 3183 3993 3234 τῶν

700 3266 1102 3335 promissionis.
1164 3265 1323 3331 Quod
1383 3266 1548 3335 igitur
1605 3283 1806 3320 omnem
1861 3268 2095 3332 dixerit,
2135 3268 2281 3321 nulla

2391 3260 2961 3331 θεραπευθησομένων
2990 3265 3065 3333 μὴ
3088 3265 3347 3333 προσθεὶς
3363 3269 3554 3328 νόσων,
3587 3272 3693 3320 καὶ
3724 3275 3833 3332 τας
3861 3273 3993 3340 πρὶς

701 3359 1021 3412 morborum
1078 3357 1168 3427 qui
1200 3357 1430 3412 curandi
1480 3369 1702 3422 essent,
1774 3357 2130 3422 discretione,
2189 3372 2283 3413 eos

697 3466 917 3521 quoque
994 3450 1358 3520 signiﬁcavit,
1406 3450 1499 3519 qui
1558 3450 1787 3503 extremi
1854 3460 2074 3512 essent;
2130 3450 2286 3520 plane

699 3540 999 3595 ostendens
1050 3541 1329 3609 accepisse
1383 3554 1481 3594 vos
1520 3540 1773 3593 ﬁduciam
1803 3582 1817 3604 ,
1872 3550 1930 3593 ut
1983 3540 2180 3593 vestris
2218 3540 2286 3593 ad

700 3632 981 3685 Christum
1038 3632 1563 3696 intercessionibus,
1621 3647 1650 3686 a
1720 3632 2015 3688 lethalibus
2069 3645 2287 3702 quoque

704 3725 930 3789 morbis,
966 3722 1160 3779 all‘ecta
1195 3738 1429 3794 corpora
1466 3724 1791 3780 liberaratis.
1865 3718 1869 3722 ’
2044 3724 2048 3728 ’

777 3838 1009 3905 Quando
1061 3838 1225 3908 igitur
1271 3839 1324 3892 id
1357 3855 1383 3891 a
1430 3838 1540 3893 Deo
1573 3838 1816 3893 muneris
1854 3838 2159 3907 consecuti,
2192 3839 2288 3894 da-

705 3931 952 3997 terisque
992 3927 1345 3996 benignitatis
1395 3942 1458 3982 ac
1490 3927 1861 3997 propensioris
1906 3928 1957 3982 in
1993 3930 2285 3984 humanum

705 4034 876 4089 genus
906 4018 1069 4074 studii
1130 4019 1435 4075 imitatores
1462 4016 1663 4084 effecti,
1694 4018 1841 4073 nullo
1891 4028 2074 4072 vestro
2103 4017 2289 4073 labore

706 4129 769 4166 ac
810 4111 1077 4174 molestia,
1108 4112 1227 4181 opis
1259 4111 1472 4182 indiges
1504 4110 1770 4166 beneﬁcio
1802 4110 2014 4165 allicere
2051 4110 2285 4176 habetis,

704 4207 979 4258 orantium
1025 4205 1185 4271 modo
1216 4202 1690 4258 obsecrationibus
1753 4200 1933 4257 inﬂexi
1969 4243 1983 4267 ,
2018 4203 2285 4257 submissa

705 4314 769 4351 ex
804 4298 913 4351 imo
970 4306 1187 4364 pectore
1234 4296 1400 4351 verba
1454 4294 1750 4360 exaudite;
1800 4295 2037 4365 gemitus
2083 4294 2287 4350 doloris

708 4391 901 4459 plenos
935 4388 1158 4442 auribus
1214 4386 1497 4457 perclpite.
1553 4384 1721 4440 Porro
1779 4394 2059 4454 acceptam
2097 4400 2125 4438 a
2179 4385 2288 4439 Deo

710 4481 925 4535 habetis
953 4480 1299 4533 curationum
1334 4478 1725 4532 abundantiam
1752 4495 1766 4541 ;
1808 4477 2022 4532 habetis
2048 4491 2283 4546 quoque,

710 4583 769 4625 ut
820 4572 923 4625 nisi
958 4572 1086 4639 quid
1134 4574 1492 4625 obsecrantes
1549 4584 1577 4622 a
1629 4570 1891 4625 beneﬁcio
1935 4578 2140 4633 arceat,
2194 4583 2288 4622 eas

708 4661 869 4715 facile
918 4660 1113 4715 iisdem
1167 4659 1490 4729 impendatis
1537 4677 1549 4712 :
1606 4662 1752 4728 quod
1808 4668 1987 4712 autem
2021 4657 2284 4712 beneﬁcio

2387 3355 2562 3424 πέρας
2620 3353 2913 3425 ἀφορώσας
2970 3355 3327 3426 διεσήμανεν,
3386 3360 3600 3421 δεικνὺς
3658 3363 3738 3425 ὠς
3797 3366 3899 3417 καὶ
3937 3367 3996 3417 ἐκ

2388 3443 2782 3517 θανατηφόρων
2809 3446 2998 3499 παθῶν
3028 3464 3086 3500 τε
3116 3451 3209 3501 καὶ
3236 3451 3406 3502 νόσων
3430 3453 3522 3518 ρύε
3534 3452 3662 3506 σθαι
3696 3458 3829 3519 ταῖς
3865 3457 3997 3529 πρὶς

2388 3537 2626 3609 Χριστὸν
2658 3538 2816 3609 ἡμῶν
2846 3539 3081 3604 ἱκεσίαις
3114 3542 3216 3606 τὴν
3251 3545 3567 3615 παρρησίαν
3597 3547 3907 3616 εἰλήςεατε.

2472 3836 2626 3889 Ἐπεὶ
2654 3830 2745 3891 οὖν
2775 3837 2909 3907 παρ’
2935 3837 3104 3892 αὑτοῦ
3135 3841 3233 3910 μὲν
3257 3842 3462 3911 ταύτην
3492 3843 3875 3914 ἐκομίσασθε·
3906 3849 3995 3902 τοῦ

2388 3927 2685 3998 δεδωκότος
2720 3929 2766 3982 δ’
2799 3931 2856 3983 ὲν
2888 3933 3121 4003 μιμήσει
3156 3933 3256 4001 τῆς
3306 3934 3729 4004 φιλανθρωπίας
3764 3943 3997 4011 γινόμε-

2388 4019 2591 4084 νοι,τὸ,
2610 4020 2736 4083 τοὺς
2765 4020 2969 4084 ἐνδεεῖς
3016 4022 3331 4094 εὐεργετεῖν
3362 4027 3620 4096 ἀμόχθως
3647 4031 3835 4098 ἔχετε,
3878 4036 3996 4096 ταῖς

2388 4108 2486 4164 νῦν
2555 4109 2664 4163 τῶν
2723 4098 3017 4182 δεομένων
3062 4115 3452 4185 ὲπικάμφθητε
3524 4123 3994 4190 παρακλήσεσιτ·

2391 4200 2656 4271 ῥημάτων
2711 4203 2777 4256 ὲκ
2827 4203 3027 4268 ϐάθους
3075 4205 3555 4277 ἀναπεμπομένων
3608 4213 3855 4281 καρδίας
3902 4218 3998 4269 επ.

2391 4291 2682 4346 ακούσατε·
2703 4294 3047 4358 κατωδύνους
3062 4296 3388 4367 ένωτίσθητε
3402 4303 3779 4371 στεναγμούς.
3798 4307 3997 4375 Ἔχετε

2390 4385 2490 4457 τὴν
2519 4385 2778 4455 ἀφθονίαν
2830 4388 2931 4457 μὲν
2962 4388 3072 4441 τῶν
3120 4390 3366 4460 ἰαμάτων
3418 4392 3713 4462 εἰληφότες
3746 4397 3993 4453 ἄνωθεν·

2392 4476 2545 4545 ἔχετε
2596 4476 2640 4528 δ’
2676 4477 2892 4542 ἀπόνως
2941 4478 3036 4530 καὶ
3065 4478 3129 4555 εδ
3176 4480 3290 4543 τοῖς
3338 4480 3513 4533 ταῦτα
3564 4488 3993 4553 παρακαλοῦπν

2393 4569 2601 4639 νέμειν,
2628 4570 2675 4622 si
2713 4570 2787 4641 μή
2821 4587 2873 4622 τι
2896 4570 3004 4623 τῶν
3049 4568 3303 4640 ἐμποδὼν
3340 4575 3824 4644 παρακαλοῦντας
3862 4584 3994 4634 απο-

2390 4659 2561 4738 κλείοι
2608 4659 2708 4730 τῆς
2742 4664 2985 4731 χάριτος.
3035 4661 3319 4731 Ἐμποδὼν
3373 4663 3429 4716 δὲ
3480 4664 3581 4733 τῆς
3632 4668 3989 4738 εὐεργεσίας,

708 4751 910 4814 obstat,
952 4759 1234 4819 peccatum
1266 4758 1369 4812 est,
1394 4748 1535 4817 quod
1559 4760 1612 4802 et
1638 4748 1906 4818 pessimas
1935 4747 2282 4819 aegritudines

2386 4734 2655 4820 ἁμαρτία,
2687 4752 2720 4820 ἡ
2749 4751 2844 4803 καὶ
2870 4750 2978 4804 τῶν
2997 4751 3187 4805 παθῶν
3217 4753 3285 4805 τὰ
3318 4755 3663 4824 πονηρότατα
3699 4734 3987 4826 τέκτουσα,

709 4843 908 4914 pariat,
945 4857 1247 4910 earumque
1290 4840 1510 4896 dolores
1560 4856 1624 4894 ac
1663 4841 1942 4896 molestias
1994 4840 2286 4910 plurimum

710 4946 945 5006 augeat;
993 4935 1122 4987 illud
1158 4944 1338 4987 tamen
1376 4945 1681 4987 vestrarum
1723 4933 2044 4987 cﬂieacitate
2091 4932 2294 5001 suppli-

711 5030 996 5084 cationum
1024 5027 1392 5096 superandum
1419 5035 1582 5094 atque
1610 5027 2019 5081 convellendum
2046 5041 2060 5079 :
2083 5039 2149 5078 ne
2178 5026 2294 5093 ejus

709 5137 840 5191 ergo
865 5121 1322 5174 centrarietatem
1359 5128 1688 5185 spectantes,
1726 5133 1886 5185 quam
1919 5132 2131 5186 semper
2167 5131 2292 5183 pro-

714 5214 943 5267 l'nnditis
964 5213 1220 5280 gratiam,
1240 5210 1383 5278 justa
1412 5210 1650 5262 vindicta
1670 5211 1947 5262 continere
1976 5210 2290 5263 volueritis:

713 5305 843 5373 quin
881 5306 1013 5358 illud
1066 5317 1284 5372 quoque
1342 5304 1408 5355 de
1465 5300 1640 5354 medio
1677 5302 1948 5364 tollentes,
2002 5316 2096 5354 ceu
2155 5300 2294 5353 vallo

714 5397 1018 5452 lortissitno
1049 5395 1208 5448 bonis
1242 5395 1507 5446 munitum
1555 5395 1778 5456 donum,
1812 5394 1980 5446 libere
2011 5393 2064 5445 in
2099 5407 2296 5461 rogau—

718 5498 799 5544 tes
862 5489 1127 5542 derivate.
1173 5487 1383 5556 Quippe
1431 5485 1580 5551 haec,
1634 5486 1864 5538 aliarum
1914 5484 2295 5555 :egritudinum

716 5580 1042 5651 gravissima
1092 5588 1197 5644 est,
1253 5589 1311 5632 ut
1355 5579 1596 5631 oumium
1650 5578 1904 5644 tttaxime,
1966 5578 2293 5648 adjutorium

793 5758 808 5791 ⁸
843 5755 1034 5810 Matth.
1074 5770 1128 5818 Χ,
1166 5754 1215 5808 l.
1294 5755 1312 5784 ³
1340 5751 1475 5807 Ibid.

2385 4840 2483 4892 καὶ
2506 4838 2809 4907 ἀλγηδόνας
2855 4839 2957 4901 τὰς
2999 4840 3208 4893 τούτων
3262 4843 3341 4905 εἰς
3384 4845 3517 4896 πολὺ
3722 4855 3992 4917 παρατεί-

2390 4930 2602 4990 νεσθαι,
2639 4930 3171 4999 παρασκευάζουσα·
3216 4935 3504 5002 ἡττωμένη
3541 4936 3597 4987 δὲ
3643 4940 3744 4988 καὶ
3782 4940 3992 4992 διαλει-

2400 5023 2537 5093 μένη
2600 5023 2988 5092 στερροτάταις
3059 5025 3213 5091 ὑμῶν
3274 5027 3581 5088 ἐντεύξεσιν
3660 5031 3760 5098 Μὴ
3818 5035 3991 5084 τείνειν

2402 5109 2722 5164 ὲναντιὼσει
2752 5118 2817 5181 τῇ
2851 5114 3057 5183 ταύτης
3102 5117 3550 5183 προσανέχοντες,
3595 5113 3833 5186 τὴνᾜεὶ
3869 5140 3996 5191 προ-

2400 5205 2669 5273 χεομένην
2694 5205 2851 5271 χάριν
2875 5204 3049 5271 ὑμῶν,
3080 5203 3145 5256 δι’
3178 5208 3359 5257 αἱτιαν
3387 5209 3593 5259 ἔνδικον
3626 5212 3992 5278 ἐπισχεθῆναι

2403 5292 2790 5363 βουληθείητε’
2840 5293 2953 5345 ἀλλ’
3008 5293 3083 5355 ὼς
3138 5298 3249 5357 τοῖς
3303 5298 3779 5366 ἐπιτειχισθεῖσαν
3845 5304 3994 5371 περὶ·

2405 5402 2637 5456 φράγμα
2664 5387 3181 5455 καρτεριτ›τατον,ὲκ
3208 5388 3374 5455 μέσου
3409 5394 3501 5441 καὶ
3524 5391 3738 5462 ταύτην
3769 5394 3992 5464 διαρανο-

2404 5495 2526 5541 τες,
2596 5477 2891 5540 ἀκωλύτως
2977 5478 3484 5551 διατ.ορθμευθῆναι
3548 5483 3840 5561 asapia};
3900 5487 3993 5556 τὴν

2403 5574 2608 5646 δωρεὰν
2663 5573 3142 5643 παρασκευάσατε.
3199 5574 3433 5647 Νὸσημα
3494 5578 3603 5649 γὰρ
3654 5578 3778 5631 τῶι
3821 5579 3992 5632 ἄλλων
