4166 6440
290 351 425 417 1521

1136 349 1363 410 IN‘SS.
1407 347 1637 410 MART.
1677 349 1979 411 COSMAM
2016 350 2116 410 ΕΤ
2152 345 2582 409 DAMIANUM.

3406 343 3539 411 1522

291 462 560 534 ἀλγεινῶν
608 461 703 516 καὶ
739 460 878 534 αὕτη
939 461 1352 532 χαλεπώτερον,
1415 461 1509 515 καὶ
1556 459 1656 530 τῆς
1709 461 1864 531 ὑμῶν

1979 469 2238 522 vestrum,
2261 472 2355 513 seu
2385 455 2560 525 magis
2599 452 2988 522 inspectioncm
3022 465 3086 507 ac
3121 464 3332 518 curam,
3358 456 3542 522 requi-

292 554 634 626 ιπικουρίας,
669 554 870 624 μᾶλλον
907 554 950 606 δ’
986 553 1328 622 ἐπισκέψεως
1362 553 1636 623 δεόμενον.
1671 553 1861 622 Ἔχετε

291 647 389 702 καὶ
431 650 551 702 κατ’
606 647 778 716 αὐτῆς
823 646 922 716 τὴν
983 644 1254 709 ὲξουσίαν,
1316 646 1392 708 ὼς
1447 643 1628 715 έργοις
1682 645 1864 708 αὐτοῖς

293 740 542 796 κοινωνοὶ
570 739 680 792 τῶν
703 739 801 810 τὴν
834 739 1126 808 ὑπόσχεσιν
1149 737 1350 807 ταύτην
1379 737 1679 807 εἰληφότων
1700 753 1864 804 γεγε-

294 834 544 906 νημένοι.
593 831 813 901 Ἰσχύει,
840 831 1000 884 τοῦτο
1029 830 1245 894 πάντως
1273 831 1374 882 οὐκ
1407 828 1724 898 ἀμφίϐολον,
1758 827 1866 880 τῶν

293 925 567 996 δεομένων
598 922 1023 994 συνεργούντων,
1046 923 1140 976 καὶ
1169 921 1373 991 ταύτην
1390 919 1544 990 ὑμῶν
1568 921 1601 989 ή
1630 919 1864 990 εὐπρόσ-

293 1017 482 1078 δεκτος
526 1014 636 1087 [ιον.
672 1016 838 1068 Istat.
897 1009 1125 1082 δέησις],
1177 1010 1253 1073 ὡς
1321 1012 1416 1064 καὶ
1488 1011 1536 1062 τ’
1576 1008 1710 1064 ἄλλα
1757 1008 1866 1061 τῶν

296 1107 618 1178 νοσημάτων
651 1105 865 1177 ἐξᾶραι,
909 1105 1005 1158 καὶ⁵
1049 1102 1237 1175 εὐεξίᾳ
1268 1104 1336 1174 τῇ
1358 1100 1547 1167 ὅντως,
1579 1099 1867 1172 νοσηλευοο

297 1198 495 1268 μένους
524 1197 862 1270 ἀναρρῶσαι.

368 1290 524 1343 Κατά
546 1289 763 1344 πάντων
786 1284 882 1342 οὖν
909 1289 1097 1343 παθῶν
1121 1290 1186 1344 ὲκ
1212 1291 1472 1360 προνοίας
1500 1289 1713 1361 ἔχοντες
1733 1286 1868 1341 Θεοῦ

295 1382 366 1436 τά
397 1382 712 1454 νικητήρια,
740 1383 803 1434 τὸ
826 1381 920 1434 τοῦ
957 1383 1402 1454 προνοησομένου
1429 1382 1522 1436 καὶ
1548 1382 1612 1434 ὲν
1635 1377 1870 1432 ὑπευθύ-

295 1489 410 1536 νοις
482 1471 797 1542 μιμήσασθε
848 1472 1178 1540 φιλάγαθον·
1232 1472 1490 1543 ὲμμόνοις
1548 1469 1870 1541 πρεσϐείαις

295 1562 492 1633 ἀνοχὰς
529 1561 890 1632 πταισμάτων
934 1562 1258 1615 διαλύσατεο
1295 1563 1530 1633 χρονίοις
1563 1559 1872 1628 πεπεδημέ-

295 1670 426 1717 νους
456 1653 761 1724 νοσήμασιν
793 1653 1098 1708 ἀπολύσατε
1118 1670 1132 1684 ·
1165 1654 1397 1723 ἡσθῆναι
1425 1655 1492 1723 τῇ
1519 1669 1580 1704 τε
1611 1651 1874 1724 προαιρέο

295 1762 384 1799 σει
423 1745 515 1798 καὶ
541 1744 630 1814 τῷ
661 1744 833 1814 πόθῳ,
878 1744 986 1798 τῶν
1027 1744 1133 1798 ὑπὸ
1177 1743 1426 1814 πτέρυγα
1478 1742 1688 1814 θερμῆς
1717 1742 1870 1813 ὑμῶν

1971 560 2074 604 rat.
2103 548 2324 602 Habetis
2355 555 2540 601 autem
2589 545 2641 600 in
2675 560 2794 599 eam
2843 558 3059 614 quoque
3109 542 3455 614 potestatem,
3484 553 3542 596 ιιι

1973 642 2103 710 ipsis
2133 643 2297 695 rebus
2323 653 2508 693 eorum
2531 637 2665 692 socii
2697 634 2900 702 eﬂ‘ecti,
2929 637 3020 705 qui
3059 649 3178 690 eam
3232 636 3542 704 promissio-

1969 746 2091 785 nem
2138 737 2490 799 acceperunt.
2541 726 2687 781 Nihil
2726 726 2888 796 plane
2932 726 3178 791 dubium,
3220 735 3278 779 ut
3311 739 3377 779 ne
3405 726 3544 778 hanc

1969 835 2183 890 quoque
2230 829 2289 875 ιιι
2329 829 2385 874 et
2425 819 2660 888 reliquas
2719 817 3093 887 aegritudines,
3158 818 3267 873 Deo
3318 829 3543 885 accepta

1969 923 2146 966 vestra
2175 910 2376 975 oratio,
2406 908 2539 979 ipsis
2558 908 2653 977 qui
2693 916 2886 978 rogant
2914 909 3288 977 coagentibus,
3322 909 3540 962 auferre

1971 1001 2167 1064 valeat,
2202 1009 2366 1068 atque
2391 1015 2453 1056 ea
2481 999 2814 1064 laborantes,
2837 1000 2978 1057 bona
3010 1015 3201 1056 revera
3228 999 3536 1057 valetudine

1970 1092 2314 1148 conlirmare.

2041 1280 2142 1349 Qut
2183 1293 2312 1349 ergo
2345 1279 2577 1335 donante
2596 1279 2686 1335 Dei
2717 1279 3052 1350 providentia
3115 1280 3374 1335 adversus
3423 1293 3542 1334 om-

1969 1390 2068 1431 nes
2092 1375 2309 1429 morbos
2335 1373 2612 1428 victoriam
2644 1373 2906 1439 habeatis,
2930 1373 3048 1442 ejus
3068 1373 3160 1443 qui
3191 1374 3270 1429 sic
3295 1373 3530 1444 providit

1969 1467 2386 1538 benignitatem,
2423 1466 2473 1520 in
2516 1467 2581 1521 iis
2633 1481 2853 1536 quoque
2909 1466 3002 1536 qui
3037 1466 3115 1520 rei
3167 1475 3294 1521 sunt
3359 1467 3545 1520 imita-

1973 1559 2144 1623 mini;
2202 1559 2434 1612 assiduis
2485 1557 2681 1614 vestris
2730 1556 3214 1612 intercessionibus
3265 1557 3542 1612 dissolvite

1973 1658 2154 1703 reatus
2186 1649 2503 1703 delictorum
2551 1665 2565 1702 :
2609 1648 2862 1717 longaevis
2912 1656 3084 1702 lentos
3135 1647 3546 1716 aegritudinle

1975 1738 2275 1803 absolvite,
2313 1747 2368 1792 ut
2397 1753 2583 1792 eorum
2635 1736 2829 1792 affectu
2878 1752 2943 1792 ac
2998 1737 3267 1792 desiderio
3315 1738 3544 1806 gaudea-

293 1834 646 1904 δπισκέψιως
709 1835 1164 1904 καταφευγόντων
1216 1835 1600 1906 δυσωπήθητε.
1664 1834 1860 1905 Ὁρᾶτε

1981 1833 2071 1897 tis,
2098 1832 2191 1902 qui
2215 1830 2316 1886 sub
2335 1831 2448 1884 alas
2473 1829 2731 1885 ferventis
2758 1839 2949 1884 vestrm
2972 1830 3326 1897 inspectionis
3355 1831 3549 1885 confu-

297 1919 410 1992 γὰρ
435 1920 508 1985 ὡς
533 1918 648 1992 [ισ.
682 1923 844 1976 λείπ.
871 1920 976 1994 ὅτι]
1010 1924 1088 1986 είς
1114 1923 1330 1993 ἀμοχθά
1359 1939 1481 1976 τινα
1509 1922 1604 1974 καὶ
1632 1923 1870 1992 χαρίτων

302 2012 517 2080 ίατρεῖα
545 2011 754 2082 πλήρη,
785 2014 843 2065 ὲν
874 2016 988 2076 τοῖς
1014 2013 1267 2083 τεμένεσι
1297 2014 1326 2067 ὐ
1336 2014 1452 2084 μῶν
1475 2015 1526 2068 οἱ
1546 2013 1872 2085 ὀδυνώμενοι

299 2100 764 2171 καταφεύγοντες,
808 2103 907 2176 τὴν
937 2104 1046 2158 τῶν
1079 2105 1344 2174 ἀλγεινῶν
1392 2107 1466 2176 μὴ
1510 2104 1874 2176 ὑπερτιθεμέ-

299 2211 405 2264 νην
441 2194 765 2264 ἀπαλλαγήν
790 2195 1129 2260 ἐλπίζουσιν.
1182 2196 1412 2267 Ὀρῶσιν
1441 2197 1550 2268 γὰρ
1588 2197 1731 2266 ὑμᾶς
1760 2197 1874 2250 δια-

299 2286 445 2355 νοίᾳ,
485 2287 580 2340 καὶ
617 2285 694 2358 μὴ
724 2289 1086 2357 φαινομένους
1113 2287 1360 2357 ὄμμασιν
1383 2306 1398 2321 ο
1436 2291 1626 2360 χεῖρας
1661 2289 1876 2359 προτεί-

301 2393 489 2431 νουσιν
508 2395 522 2409 ·
539 2377 719 2446 λόγοις
738 2379 830 2434 τὸν
853 2379 1000 2432 ἔλεον
1019 2377 1400 2448 ἐπιζητοῦντες
1424 2379 1844 2449 προσομιλοῦσιν
1857 2394 1872 2410 ο

301 2471 385 2534 ὣς
416 2471 670 2542 σωτῆρας
702 2471 1117 2543 παρακαλοῦσιν
1141 2488 1155 2503 ο
1187 2471 1262 2535 ὡς
1309 2472 1614 2542 κηδεμόνας
1658 2471 1877 2524 καθικε·

303 2561 545 2616 τεύουσι.
580 2563 690 2615 Καὶ
731 2564 759 2616 6
785 2563 905 2634 μὲν,
939 2563 1035 2616 τοῦ
1061 2563 1240 2630 λέγειν
1270 2561 1351 2616 ἔτι
1387 2562 1462 2634 μὴ
1499 2562 1878 2633 πεπαυμένος,

307 2652 558 2723 ῥήμασιν
587 2650 686 2714 τὰς
725 2651 1058 2722 συνεχούσας
1088 2651 1388 2722 ἀλγηδόνας
1425 2651 1752 2721 διαγγέλλει,
1778 2651 1878 2714 τὰς

305 2743 453 2814 ὑπὲρ
484 2744 667 2798 αὐτῶν
691 2745 902 2809 ἱκεσίας
927 2745 1364 2815 προϐαλλόμενος
1382 2759 1400 2777 σ
1423 2746 1452 2797 6
1475 2744 1554 2809 δὲ,
1578 2744 1667 2796 διὰ
1693 2742 1882 2796 κακῶ-

307 2849 449 2896 οεως
480 2833 786 2905 ὑπερϐολὴν
813 2836 906 2888 καὶ
935 2835 1116 2888 αὐτῶν
1155 2832 1497 2895 ἀποπαυθεὶς
1541 2833 1650 2886 τῶν
1685 2834 1878 2902 λόγων,

308 2925 652 2994 στεναγμοὺς
678 2925 977 2978 ἀνατείνων
1002 2925 1341 2995 ἀναπέμπει,
1392 2925 1484 2978 καὶ
1511 2922 1703 2996 ὀδύνην
1748 2926 1880 2978 ὑπο-

305 3012 492 3081 φαίνει
522 3013 621 3084 τὴν
653 3014 1097 3084 ὑποσμύχουσαρν.

384 3104 569 3166 Οὕτως
599 3105 628 3156 6
659 3104 740 3174 τῷ
788 3105 1018 3176 φλογμῷ
1044 3104 1140 3158 τοῦ
1184 3105 1422 3177 πυρετοῦ
1469 3107 1875 3180 δαπανώμενος,

304 3195 408 3265 τὴν
454 3194 709 3262 γλῶσσαν
752 3199 1198 3266 καταφρυγεῑσαν
1238 3200 1316 3262 είς
1358 3198 1574 3253 ίκεσίαν
1603 3201 1879 3272 προτείνει

303 3302 424 3348 ται,
458 3288 554 3339 καὶ
581 3287 680 3353 τῆς
712 3287 1057 3356 ἐπισκέψεως
1084 3289 1238 3358 ὑμῶν
1267 3289 1354 3343 διὰ
1385 3291 1554 3361 μόνης
1586 3291 1714 3355 θέας
1736 3291 1882 3358 έξαι·

303 3377 495 3430 τεῖται.
525 3377 745 3447 δρόσον·
795 3380 825 3431 6
885 3379 1236 3450 δριμυτάτοις
1303 3381 1627 3452 βαλλόμενος
1677 3384 1880 3450 πόνοις,

307 3466 412 3537 τῆς
462 3467 724 3536 γλυκείας
755 3469 909 3539 ὑμῶν
941 3469 1110 3523 δεῖται
1152 3471 1219 3524 δι’
1280 3473 1624 3543 ἐπισκέψεως
1656 3473 1880 3528 ἐπικου-

310 3557 437 3627 ρίας
455 3560 470 3576 ⁸
501 3558 529 3609 6
559 3557 924 3630 λειποψυχῶν,
960 3561 1355 3633 ἀνακτωμένην
1383 3564 1526 3634 ὑμᾶς
1556 3563 1884 3635 παραψυχὴν

303 3647 674 3718 ἀπεκδέχεται
699 3665 715 3680 ⁸
743 3650 774 3703 6
818 3650 1060 3721 χρονίαις
1086 3652 1444 3723 ἐκλελυμένος
1466 3654 1737 3725 τηκεδόσι,
1782 3655 1883 3725 τὴν

311 3737 471 3808 ὑμῶν
515 3740 597 3800 είς
635 3737 933 3809 ἀνόρθωσιν
968 3740 1305 3811 προσϐλέπει
1343 3742 1680 3812 παρουσίαν·
1714 3743 1745 3794 6
1780 3741 1886 3796 πά-

309 3829 468 3882 θεσιν
496 3829 594 3893 τὰς
625 3829 776 3898 δψεις
809 3832 1232 3902 συγκεχυμένος,
1260 3833 1354 3887 καὶ⁵
1382 3832 1695 3886 κατώδυνον
1710 3834 1886 3887 ἕλκων

311 3920 450 3991 βίον,
497 3923 869 3992 φωταγωγοὺς
912 3925 1056 3992 ὑμᾶς
1111 3925 1205 3978 καὶ
1261 3925 1464 3979 ὀδυνῶν
1514 3925 1886 3998 ὲλευθερωτάς

311 4015 555 4086 προορᾷ·
587 4017 616 4068 6
637 4015 700 4068 ἐκ
720 4033 865 4080 τινος
894 4016 963 4070 τά
991 4017 1123 4087 μέλη
1154 4016 1460 4088 συντριϐεὶς
1488 4016 1882 4087 συμπτώσεως,

311 4105 729 4176 ἀρμολογοῦσάν
753 4125 814 4160 τε
844 4106 960 4179 ἅμα
986 4109 1080 4162 καὶ
1107 4108 1432 4164 συνδέουσαν
1453 4112 1554 4179 τὴν
1578 4110 1731 4179 ὑμῶν
1767 4113 1887 4164 ὲπι-

310 4197 566 4251 καλεῖται
602 4197 875 4269 βοήθειαν.
905 4201 1019 4262 Πᾶς
1044 4200 1222 4254 τοίνυν
1245 4202 1274 4254 6
1303 4200 1363 4252 τὸ
1399 4200 1706 4263 πολυπαθὲς
1733 4217 1888 4270 περι-

311 4288 572 4357 κείμενος
621 4289 802 4359 σῶμα,
840 4289 933 4342 καὶ
980 4290 1251 4357 ἀλγεινοῖς
1279 4293 1394 4355 τοῖς
1422 4291 1613 4344 τούτου
1645 4293 1886 4346 συνδεδε-

315 4381 504 4450 μένος,
539 4381 777 4450 Χριστοῦ
817 4379 915 4433 τοῦ
957 4381 1258 4450 φιλαγάθου
1312 4383 1662 4454 παρέχοντος,
1699 4384 1885 4438 κακῶν

1972 1927 2143 1994 giunt,
2176 1922 2428 1992 precibus
2455 1921 2759 1990 impetrato.
2788 1918 2993 1975 Videtis
3021 1919 3164 1974 enim
3188 1927 3246 1973 ut
3275 1921 3404 1988 aegri
3455 1920 3557 1974 ho-

1973 2016 2166 2078 miues,
2190 2028 2286 2068 ceu
2320 2013 2388 2068 ad
2434 2011 2620 2068 faciles
2651 2011 2932 2080 quasdam,
2954 2025 3016 2066 ac
3038 2011 3227 2082 gratiis
3276 2011 3550 2067 confertas

1973 2103 2033 2160 of
2036 2105 2220 2158 llcinas
2234 2103 2491 2167 medicas,
2513 2103 2579 2156 ad
2593 2109 2769 2157 vestra
2787 2101 3009 2158 delubra
3025 2100 3417 2172 confugientes,
3430 2103 3551 2157 nulé

1975 2200 2023 2254 la
2047 2215 2104 2255 se
2127 2199 2381 2256 dilatione
2408 2214 2436 2253 a
2459 2199 2803 2269 languoribus
2851 2198 3156 2253 liberandos
3200 2197 3553 2268 sperentNos

1977 2293 2170 2363 quippe
2197 2291 2377 2347 animo
2405 2299 2745 2356 contuentur,
2766 2290 2974 2345 tametsi
3019 2304 3123 2344 non
3155 2289 3286 2344 estis
3338 2292 3553 2358 conspis-

1978 2387 2062 2439 cui
2095 2383 2296 2449 oculis;
2342 2397 2530 2438 manus
2582 2384 2937 2452 protendunt;
2993 2382 3420 2436 misericordiam
3467 2398 3551 2436 re-

1979 2473 2255 2540 quirentes
2298 2473 2479 2526 verbis
2527 2472 2983 2541 congrediuntur;
3014 2474 3305 2526 obsecrant
3332 2480 3388 2524 ut
3426 2472 3546 2524 vin-

1979 2565 2165 2628 dices;
2198 2573 2256 2617 ut
2306 2571 2610 2627 curatores,
2643 2563 2913 2633 supplices
2943 2573 3252 2631 rogantnc
3287 2563 3376 2617 ille
3428 2565 3549 2632 qui-

1980 2656 2121 2714 dem.
2161 2657 2388 2709 necdum
2449 2656 2716 2710 sermonis
2768 2656 2968 2708 amissa
3017 2655 3296 2718 facultate,
3337 2656 3553 2709 dolores

1981 2747 2175 2814 quibus
2213 2755 2424 2801 tenetur
2467 2747 2651 2800 verbis
2706 2746 2993 2816 significat,
3020 2761 3117 2814 pro
3140 2748 3220 2802 eis
3277 2747 3550 2816 supplica-

1984 2835 2185 2890 tionem
2208 2833 2528 2904 proferens;
2559 2833 2648 2888 ille
2667 2848 2794 2888 vero
2825 2848 2934 2902 pra:
2964 2834 3296 2904 azgritudinis
3325 2837 3556 2888 immen-

1982 2928 2138 2983 sitate
2165 2928 2326 2981 etiam
2356 2941 2417 2982 ea
2440 2926 2658 2988 amissa,
2679 2941 2742 2980 ac
2766 2927 2910 2994 loqul
2935 2927 3282 2996 prmpeditus,
3320 2927 3555 2996 gemitus

1984 3017 2190 3071 intente
2215 3017 2500 3078 submittit,
2528 3015 2850 3070 ac‘dolorem
2895 3016 3243 3070 suburentem
3297 3017 3551 3071 ostendit.

2055 3107 2146 3162 Sic
2205 3107 2296 3177 qui
2343 3107 2508 3161 febris
2561 3106 2846 3160 ardoribus
2898 3105 3116 3167 adesus,
3152 3106 3396 3159 deustam
3446 3105 3552 3160 litt-

1984 3211 2144 3267 guam
2207 3195 2558 3265 supplicantis
2589 3195 2769 3264 specie
2798 3194 3087 3264 protendit,
3115 3208 3289 3264 exque
3333 3207 3560 3266 aspectu

1983 3289 2118 3353 solo,
2143 3287 2493 3357 inspectionis
2545 3297 2739 3341 vestra:
2765 3300 2940 3340 rorem
2989 3287 3231 3356 deposcit
3263 3305 3277 3342 :
3311 3287 3554 3341 acerbis—

1981 3383 2136 3436 simis
2155 3381 2378 3436 aﬂ‘ectus
2433 3381 2729 3446 doloribus,
2761 3381 2915 3436 dulce
2955 3391 3151 3436 vestrae
3201 3381 3554 3450 inspectionis

1983 3470 2242 3525 auxilium
2295 3472 2430 3539 petit
2464 3485 2477 3523 :
2510 3469 2672 3523 animi
2729 3471 2968 3536 deliquio
3016 3471 3292 3533 laborans,
3327 3472 3553 3539 refrige-

1983 3562 2122 3616 rium
2175 3568 2455 3631 exspectat
2505 3575 2612 3630 quo
2652 3562 2948 3617 recreetis:
2985 3561 3239 3616 diuturno
3298 3562 3556 3633 languore

1985 3651 2252 3707 resolutus
2308 3667 2372 3706 ac
2409 3652 2820 3715 contabescens,
2848 3653 3136 3708 adventum
3193 3663 3432 3709 vestrum
3465 3670 3550 3708 re-

1983 3745 2252 3815 parandus
2302 3744 2556 3798 observat
2590 3761 2603 3798 :
2638 3744 2864 3798 confusa
2923 3744 3128 3798 habens
3150 3759 3214 3798 ex
3247 3746 3435 3799 morbo
3467 3745 3546 3800 lu-

1984 3836 2152 3900 mina,
2187 3849 2358 3905 coque
2385 3833 2660 3889 doloribus
2710 3832 2922 3900 plenam
2949 3834 3114 3888 vitam
3175 3835 3415 3896 trahens.
3456 3843 3555 3890 vos

1985 3926 2393 3998 illuminatores,
2433 3931 2593 3995 atque
2623 3939 2654 3978 a
2686 3925 2966 3980 doloribus
2995 3925 3235 3980 vindices
3257 3927 3550 3995 praevidet:

1983 4015 2188 4072 habens
2214 4031 2338 4071 casu
2366 4015 2546 4085 aliquo
2570 4016 2845 4071 confracta
2876 4017 3140 4081 membra,
3161 4025 3400 4071 vestrum
3452 4032 3551 4070 au-

1985 4109 2170 4163 xilium
2234 4110 2468 4176 invocat,
2520 4109 2661 4179 quod
2709 4120 2762 4164 et
2824 4118 3039 4178 coeptet
3113 4110 3552 4177 commitlatque.

1985 4200 2239 4269 Quisquis
2279 4199 2457 4269 itaque
2481 4199 2666 4254 multis
2689 4199 2990 4254 morbidum
3015 4198 3390 4255 affectionibus
3434 4214 3554 4255 cor-

1986 4309 2084 4362 pus
2099 4301 2290 4360 gestat,
2321 4291 2544 4360 ejusque
2570 4300 2784 4344 tenetur
2806 4291 3138 4346 constrictus
3169 4291 3545 4360 languoribus,

1987 4398 2081 4452 per
2115 4397 2227 4448 vos,
2259 4383 2526 4450 praebente
2563 4380 2762 4436 Christi
2800 4381 3147 4451 benignitate,
3186 4397 3214 4436 a
3242 4382 3402 4437 malis
3433 4383 3554 4452 qui-

310 4470 428 4523 τῶν
461 4470 796 4541 συνεχόντων
843 4471 910 4524 δι’
963 4471 1117 4541 ὑμῶν
1151 4472 1338 4526 λαϐεῖν
1388 4475 1592 4540 ἐξαιτεῖ
1638 4473 1738 4546 τὴν
1793 4474 1877 4527 λύ-

1989 4476 2089 4532 bus
2118 4484 2352 4539 tenetur,
2389 4473 2606 4529 liberari
2638 4471 2927 4542 efflagitat.

311 4577 546 4632 τρωσιν.

403 4651 626 4720 Ἱλαρῶς
656 4645 748 4704 οὖν
780 4653 898 4716 ταῖς
928 4652 1037 4704 τῶν
1065 4652 1338 4722 δεομένων
1392 4653 1736 4718 έπινεύοντες
1769 4656 1884 4708 ἱκε-

315 4740 468 4804 σίαις
513 4739 690 4812 (τοῦτο
719 4741 828 4812 γὰρ
864 4742 1017 4811 ὑμῶν
1063 4744 1162 4812 μὲν
1200 4744 1492 4800 ίδιαίτατον
1517 4787 1534 4812 ,
1565 4746 1672 4799 τῶν
1702 4748 1886 4801 αίτου-

317 4831 502 4902 μένων
547 4832 594 4885 δ’
653 4833 804 4894 ἐλπὶς
839 4833 1249 4904 ἀνυπέρθετος),
1295 4837 1394 4898 τὰς
1460 4839 1886 4908 προτεινομένας

314 4920 650 4992 πληρώσατε
667 4921 882 4992 δεήσεις
903 4941 917 4955 ο
937 4925 1217 4993 πυρπολου
1227 4925 1402 4995 μένων
1422 4928 1655 4980 σϐἐσατε
1675 4928 1848 4997 φλόγα
1868 4945 1881 4958 ·

314 5015 630 5083 κοιμήσατε
665 5014 864 5077 πόνους
906 5015 1324 5083 ἀγριαίνοντας·
1363 5017 1500 5087 μέλη
1537 5020 1885 5089 παρειμένων

313 5104 671 5175 ἀνορθώσατε
691 5123 706 5136 ·
734 5106 972 5175 ἀθυμίαν
997 5108 1301 5176 ἀνακλήσει
1324 5111 1423 5177 τῆς
1445 5110 1572 5162 εύθυ
1583 5110 1713 5180 μίας
1752 5114 1886 5164 ἀπο-

323 5196 630 5266 σοϐήσατε·
677 5197 899 5260 ἐλπίδας
945 5199 1403 5270 ἀπηγορευμένας
1438 5202 1880 5276 ἀνακαλέσασθε·

314 5289 729 5357 νενεκρωμένας
752 5289 1222 5360 ἀναζωπυρήσατε
1253 5293 1602 5361 προσδοκίας.
1626 5296 1697 5348 Τὸ
1725 5297 1886 5350 ἀσθε-

314 5375 409 5437 νὲς
439 5379 538 5430 οὐκ
589 5382 831 5444 ἀγνοεῖτε
868 5381 966 5446 τῆς
998 5381 1238 5448 φύσεως,
1276 5383 1337 5434 οὐ
1397 5384 1556 5453 μόνον
1612 5385 1686 5445 ὡς
1719 5404 1884 5452 μετα-

316 5467 544 5536 σχόντες
577 5469 782 5540 ταύτης
809 5487 822 5500 ·
850 5471 987 5524 ἀλλὰ
1022 5473 1117 5525 καὶ
1140 5473 1215 5534 ὡς
1241 5472 1426 5527 θεόθεν
1457 5476 1883 5546 έλλαμφθέντες,

315 5558 416 5610 καὶ
463 5559 598 5628 αὐτῇ
659 5560 845 5631 πείρᾳ,
900 5563 1008 5614 τῶν
1058 5563 1228 5632 αὐτῆς
1282 5567 1384 5631 μὲν
1439 5568 1885 5637 κοινωνησάντων

320 5647 540 5701 κακῶν
574 5649 641 5701 δι’
674 5649 828 5718 ὑμῶν
854 5650 898 5703 δ’
933 5653 1353 5720 ἀπαλλαγέντων
1380 5655 1477 5725 τῆς
1505 5655 1712 5709 τούτων
1747 5660 1884 5729 ἐπη-

327 5741 514 5810 ρείας,
559 5741 888 5813 σπλάγχνοις
949 5745 1378 5816 φιλανθρωπίας,
1424 5749 1513 5801 καὶ
1573 5748 1878 5819 ἐπισκέψει.

2057 4660 2268 4716 Hilares
2291 4661 2470 4730 itaque
2501 4657 2800 4728 supplicum
2835 4656 2972 4711 votis
3001 4661 3300 4710 annuentes
3332 4653 3557 4724 (quippe

1986 4757 2088 4811 hoc
2133 4769 2252 4808 cum
2309 4752 2495 4822 primis
2541 4750 2812 4820 peculiare
2849 4746 3093 4813 habetis;
3139 4746 3408 4814 habetque
3470 4746 3556 4798 in-

1987 4853 2303 4901 cunctanter
2326 4844 2604 4897 orantium
2639 4839 2782 4909 spes)
2810 4856 2824 4894 :
2852 4837 3072 4908 implete
3094 4837 3302 4891 oblatas
3320 4850 3510 4906 preces
3534 4853 3551 4901 ;

1985 4937 2322 4992 aestuantium
2346 4935 2568 4989 ardores
2592 4931 2954 5001 exstinguite;
2999 4930 3184 4985 sedate
3206 4937 3555 4996 exasperatos

1987 5026 2512 5093 dolores;dissoluta
2579 5023 2818 5077 membra
2866 5022 3202 5084 instaurate;
3245 5021 3410 5073 animi
3451 5036 3552 5071 an-

1986 5129 2167 5184 gorem
2211 5122 2461 5167 rcvocata
2517 5111 2708 5166 laetitia-
2751 5110 3098 5175 submovete;
3135 5123 3257 5178 spes
3309 5108 3550 5177 abjectas

1988 5212 2271 5273 reparate;
2348 5212 2622 5256 emortuas
2695 5200 3130 5270 exspectationes
3194 5201 3549 5253 exsuscitate.

1986 5293 2101 5348 Non
2131 5294 2347 5347 nescitis
2376 5292 2792 5347 imbecillitatem
2826 5290 3256 5355 natum,nedum
3285 5289 3410 5359 quia
3437 5290 3554 5356 ejus

1986 5393 2040 5440 et
2069 5387 2166 5454 ipsi
2198 5385 2315 5440 sitis
2345 5384 2655 5452 participes,
2687 5397 2871 5437 verum
2911 5382 3076 5434 etiam
3109 5381 3233 5448 quia
3265 5380 3548 5435 illuntinati

1987 5491 2015 5529 a
2051 5474 2158 5528 Deo
2215 5474 2445 5537 fueritis,
2476 5474 2700 5542 ipsaque
2756 5473 2890 5526 adeo
2951 5471 3308 5540 experientia,
3341 5472 3552 5538 impen-

1986 5567 2147 5622 sioris
2178 5566 2320 5621 illius
2373 5565 2725 5619 humanitatis
2777 5564 3098 5624 visceribus,
3133 5579 3195 5615 ac
3226 5577 3412 5616 eorum
3467 5563 3544 5614 in.

1987 5659 2279 5728 spectione,
2311 5658 2401 5727 qui
2435 5657 2552 5727 ejus
2586 5657 2802 5724 quidem
2857 5655 3116 5709 malorum
3157 5654 3372 5707 fuerunt
3395 5657 3549 5717 socii,

1986 5765 2082 5820 per
2116 5765 2208 5809 vos
2240 5759 2415 5806 autem
2459 5750 2525 5806 ab
2562 5765 2746 5807 eorum
2805 5747 3001 5819 injuria
3049 5745 3260 5802 fuerunt
3313 5744 3546 5799 liberati.
