  <div class='ocr_page' id='page_1' title='image "/cluster/home/n/w/nwhite01/storage/ocr_20150623/100/nnc1.0046980229/759.png"; bbox 0 0 4166 6440; ppageno 0'>
   <div class='ocr_carea' id='block_1_1' title="bbox 658 296 792 359">
    <p class='ocr_par' dir='ltr' id='par_1_1' title="bbox 658 296 792 359">
     <span class='ocr_line' id='line_1_1' title="bbox 658 296 792 359; baseline -0.015 0"><span class='ocrx_word' id='word_1_1' title='bbox 658 296 792 359; x_wconf 65' lang='lat'><strong>1.3233</strong></span> 
     </span>
    </p>
   </div>
   <div class='ocr_carea' id='block_1_2' title="bbox 1786 300 2741 363">
    <p class='ocr_par' dir='ltr' id='par_1_2' title="bbox 1786 300 2741 363">
     <span class='ocr_line' id='line_1_2' title="bbox 1786 300 2741 363; baseline 0.002 -3"><span class='ocrx_word' id='word_1_2' title='bbox 1786 300 2107 362; x_wconf 77' lang='lat' dir='ltr'><strong>GEORGII</strong></span> <span class='ocrx_word' id='word_1_3' title='bbox 2144 301 2741 363; x_wconf 74' lang='lat' dir='ltr'><strong>NICOMEDIENSIS</strong></span> 
     </span>
    </p>
   </div>
   <div class='ocr_carea' id='block_1_3' title="bbox 3809 288 3947 353">
    <p class='ocr_par' dir='ltr' id='par_1_3' title="bbox 3809 288 3947 353">
     <span class='ocr_line' id='line_1_3' title="bbox 3809 288 3947 353; baseline -0.007 0"><span class='ocrx_word' id='word_1_4' title='bbox 3809 288 3947 353; x_wconf 61' lang='lat' dir='ltr'><strong>152i</strong></span> 
     </span>
    </p>
   </div>
   <div class='ocr_carea' id='block_1_4' title="bbox 659 403 2250 480">
    <p class='ocr_par' dir='ltr' id='par_1_4' title="bbox 659 405 2227 475">
     <span class='ocr_line' id='line_1_4' title="bbox 659 405 2227 475; baseline 0.003 -14"><span class='ocrx_word' id='word_1_5' title='bbox 659 405 829 461; x_wconf 77' lang='lat' dir='ltr'><strong>Scitis</strong></span> <span class='ocrx_word' id='word_1_6' title='bbox 857 405 975 475; x_wconf 82' lang='lat' dir='ltr'><strong>ejus</strong></span> <span class='ocrx_word' id='word_1_7' title='bbox 1001 406 1327 471; x_wconf 78' lang='lat' dir='ltr'><strong>socordiam,</strong></span> <span class='ocrx_word' id='word_1_8' title='bbox 1360 405 1550 461; x_wconf 83' lang='lat' dir='ltr'><strong>alienis</strong></span> <span class='ocrx_word' id='word_1_9' title='bbox 1582 407 1769 463; x_wconf 87' lang='lat' dir='ltr'><strong>tentati</strong></span> <span class='ocrx_word' id='word_1_10' title='bbox 1801 411 2227 474; x_wconf 82' lang='lat' dir='ltr'><strong>calamitatibus,</strong></span> 
     </span>
    </p>
   </div>
   <div class='ocr_carea' id='block_1_5' title="bbox 2350 403 3946 480">
    <p class='ocr_par' dir='ltr' id='par_1_5' title="bbox 2350 403 3946 479">
     <span class='ocr_line' id='line_1_5' title="bbox 2350 403 3946 479; baseline -0.006 -17"><span class='ocrx_word' id='word_1_11' title='bbox 2350 410 2529 463; x_wconf 83' lang='grc' dir='ltr'><strong>)ίδατε</strong></span> <span class='ocrx_word' id='word_1_12' title='bbox 2554 408 2615 460; x_wconf 83' lang='grc' dir='ltr'><strong>τὸ</strong></span> <span class='ocrx_word' id='word_1_13' title='bbox 2635 407 2844 478; x_wconf 79' lang='grc' dir='ltr'><strong>ταύτης</strong></span> <span class='ocrx_word' id='word_1_14' title='bbox 2872 404 3116 479; x_wconf 68' lang='grc' dir='ltr'><strong>ῥᾴθυμον</strong></span> <span class='ocrx_word' id='word_1_15' title='bbox 3139 405 3196 458; x_wconf 84' lang='grc' dir='ltr'><strong>ἐν</strong></span> <span class='ocrx_word' id='word_1_16' title='bbox 3222 403 3538 476; x_wconf 83' lang='grc' dir='ltr'><strong>ἀλλοτρίαις</strong></span> <span class='ocrx_word' id='word_1_17' title='bbox 3566 403 3946 473; x_wconf 67' lang='grc' dir='ltr'><strong>πειραθέντ-ς</strong></span> 
     </span>
    </p>
   </div>
   <div class='ocr_carea' id='block_1_6' title="bbox 656 497 2237 571">
    <p class='ocr_par' dir='ltr' id='par_1_6' title="bbox 656 497 2237 571">
     <span class='ocr_line' id='line_1_6' title="bbox 656 497 2237 571; baseline 0.005 -22"><span class='ocrx_word' id='word_1_18' title='bbox 656 508 714 551; x_wconf 93' lang='lat' dir='ltr'><strong>ut</strong></span> <span class='ocrx_word' id='word_1_19' title='bbox 741 498 832 567; x_wconf 93' lang='lat' dir='ltr'><strong>qui</strong></span> <span class='ocrx_word' id='word_1_20' title='bbox 868 512 962 551; x_wconf 73' lang='lat' dir='ltr'><strong>vos</strong></span> <span class='ocrx_word' id='word_1_21' title='bbox 986 497 1292 551; x_wconf 76' lang='lat' dir='ltr'><strong>imitatione</strong></span> <span class='ocrx_word' id='word_1_22' title='bbox 1319 497 1413 552; x_wconf 87' lang='lat' dir='ltr'><strong>Dei</strong></span> <span class='ocrx_word' id='word_1_23' title='bbox 1445 498 1846 566; x_wconf 88' lang='lat' dir='ltr'><strong>misericordes,</strong></span> <span class='ocrx_word' id='word_1_24' title='bbox 1881 500 2048 571; x_wconf 81' lang='lat' dir='ltr'><strong>lapsis</strong></span> <span class='ocrx_word' id='word_1_25' title='bbox 2081 502 2237 557; x_wconf 81' lang='lat' dir='ltr'><strong>incli-</strong></span> 
     </span>
    </p>
   </div>
   <div class='ocr_carea' id='block_1_7' title="bbox 656 589 2239 662">
    <p class='ocr_par' dir='ltr' id='par_1_7' title="bbox 656 589 2239 662">
     <span class='ocr_line' id='line_1_7' title="bbox 656 589 2239 662; baseline 0.002 -18"><span class='ocrx_word' id='word_1_26' title='bbox 656 591 834 657; x_wconf 86' lang='lat' dir='ltr'><strong>netis;</strong></span> <span class='ocrx_word' id='word_1_27' title='bbox 862 590 952 659; x_wconf 89' lang='lat' dir='ltr'><strong>qui</strong></span> <span class='ocrx_word' id='word_1_28' title='bbox 1012 589 1296 644; x_wconf 90' lang='lat' dir='ltr'><strong>fetentinm</strong></span> <span class='ocrx_word' id='word_1_29' title='bbox 1328 602 1575 661; x_wconf 84' lang='lat' dir='ltr'><strong>putorem</strong></span> <span class='ocrx_word' id='word_1_30' title='bbox 1632 592 1977 661; x_wconf 78' lang='lat' dir='ltr'><strong>sustinentis;</strong></span> <span class='ocrx_word' id='word_1_31' title='bbox 2009 594 2099 662; x_wconf 90' lang='lat' dir='ltr'><strong>qui</strong></span> <span class='ocrx_word' id='word_1_32' title='bbox 2135 610 2239 648; x_wconf 87' lang='lat' dir='ltr'><strong>non</strong></span> 
     </span>
    </p>
   </div>
   <div class='ocr_carea' id='block_1_8' title="bbox 656 683 2239 756">
    <p class='ocr_par' dir='ltr' id='par_1_8' title="bbox 656 683 2239 756">
     <span class='ocr_line' id='line_1_8' title="bbox 656 683 2239 756; baseline 0.005 -22"><span class='ocrx_word' id='word_1_33' title='bbox 656 692 866 736; x_wconf 88' lang='lat' dir='ltr'><strong>tantmn</strong></span> <span class='ocrx_word' id='word_1_34' title='bbox 909 698 1004 752; x_wconf 89' lang='lat' dir='ltr'><strong>per</strong></span> <span class='ocrx_word' id='word_1_35' title='bbox 1058 698 1154 737; x_wconf 76' lang='lat' dir='ltr'><strong>vos</strong></span> <span class='ocrx_word' id='word_1_36' title='bbox 1208 684 1306 753; x_wconf 85' lang='lat' dir='ltr'><strong>ipsi</strong></span> <span class='ocrx_word' id='word_1_37' title='bbox 1363 683 1644 748; x_wconf 83' lang='lat' dir='ltr'><strong>laboretis,</strong></span> <span class='ocrx_word' id='word_1_38' title='bbox 1678 695 1736 739; x_wconf 91' lang='lat' dir='ltr'><strong>ut</strong></span> <span class='ocrx_word' id='word_1_39' title='bbox 1765 687 1881 756; x_wconf 82' lang='lat' dir='ltr'><strong>ejus</strong></span> <span class='ocrx_word' id='word_1_40' title='bbox 1935 688 2239 742; x_wconf 87' lang='lat' dir='ltr'><strong>emendetis</strong></span> 
     </span>
    </p>
   </div>
   <div class='ocr_carea' id='block_1_9' title="bbox 658 773 2239 846">
    <p class='ocr_par' dir='ltr' id='par_1_9' title="bbox 658 773 2239 846">
     <span class='ocr_line' id='line_1_9' title="bbox 658 773 2239 846; baseline 0.004 -21"><span class='ocrx_word' id='word_1_41' title='bbox 658 774 811 838; x_wconf 78' lang='lat' dir='ltr'><strong>vitia,</strong></span> <span class='ocrx_word' id='word_1_42' title='bbox 840 773 937 828; x_wconf 91' lang='lat' dir='ltr'><strong>sed</strong></span> <span class='ocrx_word' id='word_1_43' title='bbox 985 783 1039 829; x_wconf 90' lang='lat' dir='ltr'><strong>et</strong></span> <span class='ocrx_word' id='word_1_44' title='bbox 1075 775 1142 829; x_wconf 91' lang='lat' dir='ltr'><strong>iis</strong></span> <span class='ocrx_word' id='word_1_45' title='bbox 1177 775 1267 843; x_wconf 91' lang='lat' dir='ltr'><strong>qui</strong></span> <span class='ocrx_word' id='word_1_46' title='bbox 1332 791 1550 829; x_wconf 89' lang='lat' dir='ltr'><strong>manum</strong></span> <span class='ocrx_word' id='word_1_47' title='bbox 1608 780 1884 846; x_wconf 80' lang='lat' dir='ltr'><strong>porrigere</strong></span> <span class='ocrx_word' id='word_1_48' title='bbox 1953 789 2239 845; x_wconf 84' lang='lat' dir='ltr'><strong>conantur,</strong></span> 
     </span>
    </p>
   </div>
   <div class='ocr_carea' id='block_1_10' title="bbox 658 863 2244 940">
    <p class='ocr_par' dir='ltr' id='par_1_10' title="bbox 658 863 2244 940">
     <span class='ocr_line' id='line_1_10' title="bbox 658 863 2244 940; baseline 0.005 -23"><span class='ocrx_word' id='word_1_49' title='bbox 658 863 903 920; x_wconf 81' lang='lat' dir='ltr'><strong>laborem</strong></span> <span class='ocrx_word' id='word_1_50' title='bbox 931 867 1135 920; x_wconf 89' lang='lat' dir='ltr'><strong>socium</strong></span> <span class='ocrx_word' id='word_1_51' title='bbox 1168 866 1497 936; x_wconf 83' lang='lat' dir='ltr'><strong>adjnngatis,</strong></span> <span class='ocrx_word' id='word_1_52' title='bbox 1532 867 1770 937; x_wconf 83' lang='lat' dir='ltr'><strong>ipsisque</strong></span> <span class='ocrx_word' id='word_1_53' title='bbox 1793 870 2049 937; x_wconf 88' lang='lat' dir='ltr'><strong>operibus</strong></span> <span class='ocrx_word' id='word_1_54' title='bbox 2102 885 2244 940; x_wconf 72' lang='lat' dir='ltr'><strong>prte-</strong></span> 
     </span>
    </p>
   </div>
   <div class='ocr_carea' id='block_1_11' title="bbox 658 956 2244 1029">
    <p class='ocr_par' dir='ltr' id='par_1_11' title="bbox 658 956 2244 1029">
     <span class='ocr_line' id='line_1_11' title="bbox 658 956 2244 1029; baseline 0.003 -20"><span class='ocrx_word' id='word_1_55' title='bbox 658 956 852 1010; x_wconf 72' lang='lat' dir='ltr'><strong>sentiae</strong></span> <span class='ocrx_word' id='word_1_56' title='bbox 884 969 1079 1010; x_wconf 77' lang='lat' dir='ltr'><strong>vestra:</strong></span> <span class='ocrx_word' id='word_1_57' title='bbox 1106 969 1170 1010; x_wconf 87' lang='lat' dir='ltr'><strong>ac</strong></span> <span class='ocrx_word' id='word_1_58' title='bbox 1202 958 1390 1019; x_wconf 88' lang='lat' dir='ltr'><strong>studii,</strong></span> <span class='ocrx_word' id='word_1_59' title='bbox 1418 961 1739 1028; x_wconf 84' lang='lat' dir='ltr'><strong>corrigendo</strong></span> <span class='ocrx_word' id='word_1_60' title='bbox 1775 975 1843 1015; x_wconf 91' lang='lat' dir='ltr'><strong>ne</strong></span> <span class='ocrx_word' id='word_1_61' title='bbox 1866 960 1996 1029; x_wconf 91' lang='lat' dir='ltr'><strong>quid</strong></span> <span class='ocrx_word' id='word_1_62' title='bbox 2030 960 2105 1014; x_wconf 90' lang='lat' dir='ltr'><strong>illi</strong></span> <span class='ocrx_word' id='word_1_63' title='bbox 2158 975 2244 1014; x_wconf 87' lang='lat' dir='ltr'><strong>er-</strong></span> 
     </span>
    </p>
   </div>
   <div class='ocr_carea' id='block_1_12' title="bbox 661 1050 1522 1119">
    <p class='ocr_par' dir='ltr' id='par_1_12' title="bbox 661 1050 1522 1119">
     <span class='ocr_line' id='line_1_12' title="bbox 661 1050 1522 1119; baseline 0.001 -17"><span class='ocrx_word' id='word_1_64' title='bbox 661 1050 926 1115; x_wconf 79' lang='lat' dir='ltr'><strong>raverint,</strong></span> <span class='ocrx_word' id='word_1_65' title='bbox 964 1063 1182 1103; x_wconf 89' lang='lat' dir='ltr'><strong>sensum</strong></span> <span class='ocrx_word' id='word_1_66' title='bbox 1218 1052 1522 1119; x_wconf 73' lang='lat' dir='ltr'><strong>przebcatis.</strong></span> 
     </span>
    </p>
   </div>
   <div class='ocr_carea' id='block_1_13' title="bbox 732 1141 2281 1215">
    <p class='ocr_par' dir='ltr' id='par_1_13' title="bbox 732 1141 2281 1215">
     <span class='ocr_line' id='line_1_13' title="bbox 732 1141 2281 1215; baseline 0 -19"><span class='ocrx_word' id='word_1_67' title='bbox 732 1141 947 1200; x_wconf 82' lang='lat' dir='ltr'><strong>Etenim</strong></span> <span class='ocrx_word' id='word_1_68' title='bbox 977 1142 1219 1196; x_wconf 90' lang='lat' dir='ltr'><strong>medicus</strong></span> <span class='ocrx_word' id='word_1_69' title='bbox 1248 1142 1405 1196; x_wconf 89' lang='lat' dir='ltr'><strong>saluti</strong></span> <span class='ocrx_word' id='word_1_70' title='bbox 1437 1152 1623 1210; x_wconf 85' lang='lat' dir='ltr'><strong>parata</strong></span> <span class='ocrx_word' id='word_1_71' title='bbox 1658 1142 1895 1198; x_wconf 87' lang='lat' dir='ltr'><strong>remedia</strong></span> <span class='ocrx_word' id='word_1_72' title='bbox 1922 1158 2241 1215; x_wconf 87' lang='lat' dir='ltr'><strong>aspergens,</strong></span> <span class='ocrx_word' id='word_1_73' title='bbox 2276 1170 2281 1174; x_wconf 88' lang='lat'><strong><em>-</em></strong></span> 
     </span>
    </p>
   </div>
   <div class='ocr_carea' id='block_1_14' title="bbox 659 1224 2232 1300">
    <p class='ocr_par' dir='ltr' id='par_1_14' title="bbox 659 1224 2232 1300">
     <span class='ocr_line' id='line_1_14' title="bbox 659 1224 2232 1300; baseline 0.004 -21"><span class='ocrx_word' id='word_1_74' title='bbox 659 1224 985 1296; x_wconf 89' lang='lat' dir='ltr'><strong>Dominique</strong></span> <span class='ocrx_word' id='word_1_75' title='bbox 1030 1241 1185 1295; x_wconf 89' lang='lat' dir='ltr'><strong>opem</strong></span> <span class='ocrx_word' id='word_1_76' title='bbox 1251 1227 1577 1298; x_wconf 76' lang='lat' dir='ltr'><strong>efflagitans,</strong></span> <span class='ocrx_word' id='word_1_77' title='bbox 1625 1230 1902 1300; x_wconf 82' lang='lat' dir='ltr'><strong>adjutores</strong></span> <span class='ocrx_word' id='word_1_78' title='bbox 1961 1248 2077 1298; x_wconf 82' lang='lat' dir='ltr'><strong>vos,</strong></span> <span class='ocrx_word' id='word_1_79' title='bbox 2110 1248 2232 1287; x_wconf 90' lang='lat' dir='ltr'><strong>cum</strong></span> 
     </span>
    </p>
   </div>
   <div class='ocr_carea' id='block_1_15' title="bbox 661 1319 2244 1395">
    <p class='ocr_par' dir='ltr' id='par_1_15' title="bbox 661 1319 2244 1395">
     <span class='ocr_line' id='line_1_15' title="bbox 661 1319 2244 1395; baseline 0.004 -22"><span class='ocrx_word' id='word_1_80' title='bbox 661 1319 931 1376; x_wconf 84' lang='lat' dir='ltr'><strong>orationis</strong></span> <span class='ocrx_word' id='word_1_81' title='bbox 987 1319 1228 1385; x_wconf 89' lang='lat' dir='ltr'><strong>asciscit,</strong></span> <span class='ocrx_word' id='word_1_82' title='bbox 1262 1329 1373 1374; x_wconf 88' lang='lat' dir='ltr'><strong>tum</strong></span> <span class='ocrx_word' id='word_1_83' title='bbox 1413 1324 1744 1390; x_wconf 87' lang='lat' dir='ltr'><strong>sanationis;</strong></span> <span class='ocrx_word' id='word_1_84' title='bbox 1774 1326 2127 1395; x_wconf 83' lang='lat' dir='ltr'><strong>cogitansqne</strong></span> <span class='ocrx_word' id='word_1_85' title='bbox 2165 1327 2244 1379; x_wconf 88' lang='lat' dir='ltr'><strong>fe-</strong></span> 
     </span>
    </p>
   </div>
   <div class='ocr_carea' id='block_1_16' title="bbox 662 1412 2244 1485">
    <p class='ocr_par' dir='ltr' id='par_1_16' title="bbox 662 1412 2244 1485">
     <span class='ocr_line' id='line_1_16' title="bbox 662 1412 2244 1485; baseline 0.004 -20"><span class='ocrx_word' id='word_1_86' title='bbox 662 1412 803 1465; x_wconf 87' lang='lat' dir='ltr'><strong>brim</strong></span> <span class='ocrx_word' id='word_1_87' title='bbox 863 1412 1078 1474; x_wconf 83' lang='lat' dir='ltr'><strong>sistere.</strong></span> <span class='ocrx_word' id='word_1_88' title='bbox 1117 1414 1419 1482; x_wconf 73' lang='lat' dir='ltr'><strong>prtesentiae</strong></span> <span class='ocrx_word' id='word_1_89' title='bbox 1472 1424 1665 1469; x_wconf 71' lang='lat' dir='ltr'><strong>vestra:</strong></span> <span class='ocrx_word' id='word_1_90' title='bbox 1704 1416 2047 1485; x_wconf 78' lang='lat' dir='ltr'><strong>refrigerium</strong></span> <span class='ocrx_word' id='word_1_91' title='bbox 2102 1417 2244 1472; x_wconf 87' lang='lat' dir='ltr'><strong>roris</strong></span> 
     </span>
    </p>
   </div>
   <div class='ocr_carea' id='block_1_17' title="bbox 662 1503 2243 1578">
    <p class='ocr_par' dir='ltr' id='par_1_17' title="bbox 662 1503 2243 1578">
     <span class='ocr_line' id='line_1_17' title="bbox 662 1503 2243 1578; baseline 0.004 -22"><span class='ocrx_word' id='word_1_92' title='bbox 662 1503 836 1557; x_wconf 85' lang='lat' dir='ltr'><strong>instar</strong></span> <span class='ocrx_word' id='word_1_93' title='bbox 861 1505 1128 1573; x_wconf 89' lang='lat' dir='ltr'><strong>deposcit.</strong></span> <span class='ocrx_word' id='word_1_94' title='bbox 1152 1504 1246 1559; x_wconf 93' lang='lat' dir='ltr'><strong>Hic</strong></span> <span class='ocrx_word' id='word_1_95' title='bbox 1277 1503 1479 1558; x_wconf 86' lang='lat' dir='ltr'><strong>ferrum</strong></span> <span class='ocrx_word' id='word_1_96' title='bbox 1506 1505 1799 1560; x_wconf 73' lang='lat' dir='ltr'><strong>extrahens</strong></span> <span class='ocrx_word' id='word_1_97' title='bbox 1830 1509 2166 1578; x_wconf 81' lang='lat' dir='ltr'><strong>tendensque</strong></span> <span class='ocrx_word' id='word_1_98' title='bbox 2190 1509 2243 1562; x_wconf 89' lang='lat' dir='ltr'><strong>in</strong></span> 
     </span>
    </p>
   </div>
   <div class='ocr_carea' id='block_1_18' title="bbox 666 1597 2248 1661">
    <p class='ocr_par' dir='ltr' id='par_1_18' title="bbox 666 1597 2248 1661">
     <span class='ocr_line' id='line_1_18' title="bbox 666 1597 2248 1661; baseline 0.004 -12"><span class='ocrx_word' id='word_1_99' title='bbox 666 1597 870 1650; x_wconf 77' lang='lat' dir='ltr'><strong>cmlum</strong></span> <span class='ocrx_word' id='word_1_100' title='bbox 899 1597 1105 1661; x_wconf 86' lang='lat' dir='ltr'><strong>oculos,</strong></span> <span class='ocrx_word' id='word_1_101' title='bbox 1127 1613 1231 1652; x_wconf 90' lang='lat' dir='ltr'><strong>una</strong></span> <span class='ocrx_word' id='word_1_102' title='bbox 1264 1608 1501 1652; x_wconf 78' lang='lat' dir='ltr'><strong>vestram</strong></span> <span class='ocrx_word' id='word_1_103' title='bbox 1530 1600 1972 1655; x_wconf 78' lang='lat' dir='ltr'><strong>intercessionem</strong></span> <span class='ocrx_word' id='word_1_104' title='bbox 2023 1601 2248 1655; x_wconf 79' lang='lat' dir='ltr'><strong>attrahit</strong></span> 
     </span>
    </p>
   </div>
   <div class='ocr_carea' id='block_1_19' title="bbox 664 1697 2242 1765">
    <p class='ocr_par' dir='ltr' id='par_1_19' title="bbox 664 1697 2242 1765">
     <span class='ocr_line' id='line_1_19' title="bbox 664 1697 2242 1765; baseline 0.006 -25"><span class='ocrx_word' id='word_1_105' title='bbox 664 1697 1048 1759; x_wconf 83' lang='lat' dir='ltr'><strong>pret&#39;ocatque,</strong></span> <span class='ocrx_word' id='word_1_106' title='bbox 1081 1704 1144 1744; x_wconf 86' lang='lat' dir='ltr'><strong>ac</strong></span> <span class='ocrx_word' id='word_1_107' title='bbox 1175 1706 1271 1760; x_wconf 89' lang='lat' dir='ltr'><strong>per</strong></span> <span class='ocrx_word' id='word_1_108' title='bbox 1298 1706 1419 1745; x_wconf 75' lang='grc' dir='ltr'><strong>οειιιι</strong></span> <span class='ocrx_word' id='word_1_109' title='bbox 1472 1702 1589 1747; x_wconf 82' lang='lat' dir='ltr'><strong>llllO</strong></span> <span class='ocrx_word' id='word_1_110' title='bbox 1614 1708 1672 1747; x_wconf 74' lang='lat' dir='ltr'><strong>SC</strong></span> <span class='ocrx_word' id='word_1_111' title='bbox 1705 1710 1815 1746; x_wconf 89' lang='lat' dir='ltr'><strong>rem</strong></span> <span class='ocrx_word' id='word_1_112' title='bbox 1860 1710 2242 1765; x_wconf 78' lang='lat' dir='ltr'><strong>aggressurum</strong></span> 
     </span>
    </p>
   </div>
   <div class='ocr_carea' id='block_1_20' title="bbox 2345 494 3948 575">
    <p class='ocr_par' dir='ltr' id='par_1_20' title="bbox 2345 494 3948 575">
     <span class='ocr_line' id='line_1_20' title="bbox 2345 494 3948 575; baseline -0.004 -21"><span class='ocrx_word' id='word_1_113' title='bbox 2345 502 2677 571; x_wconf 74' lang='grc' dir='ltr'><strong>συμφοραῖς,</strong></span> <span class='ocrx_word' id='word_1_114' title='bbox 2731 499 2807 575; x_wconf 68' lang='grc' dir='ltr'><strong>ως</strong></span> <span class='ocrx_word' id='word_1_115' title='bbox 2839 499 3008 569; x_wconf 79' lang='grc' dir='ltr'><strong>οἴκτῳ</strong></span> <span class='ocrx_word' id='word_1_116' title='bbox 3054 497 3373 568; x_wconf 83' lang='grc' dir='ltr'><strong>θεομιμήτῳ</strong></span> <span class='ocrx_word' id='word_1_117' title='bbox 3420 498 3533 560; x_wconf 84' lang='grc' dir='ltr'><strong>τοῖς</strong></span> <span class='ocrx_word' id='word_1_118' title='bbox 3576 494 3948 548; x_wconf 65' lang='grc' dir='ltr'><strong>πεπτωκόσιν</strong></span> 
     </span>
    </p>
   </div>
   <div class='ocr_carea' id='block_1_21' title="bbox 2343 587 3950 661">
    <p class='ocr_par' dir='ltr' id='par_1_21' title="bbox 2343 587 3950 661">
     <span class='ocr_line' id='line_1_21' title="bbox 2343 587 3950 661; baseline -0.005 -15"><span class='ocrx_word' id='word_1_119' title='bbox 2343 593 2790 661; x_wconf 86' lang='grc' dir='ltr'><strong>ἐπικλινόμενοι⁶</strong></span> <span class='ocrx_word' id='word_1_120' title='bbox 2829 593 2905 654; x_wconf 78' lang='grc' dir='ltr'><strong>ὼς</strong></span> <span class='ocrx_word' id='word_1_121' title='bbox 2939 590 3133 661; x_wconf 79' lang='grc' dir='ltr'><strong>ἀηδίας</strong></span> <span class='ocrx_word' id='word_1_122' title='bbox 3182 590 3574 643; x_wconf 85' lang='grc' dir='ltr'><strong>δυσωδούντων</strong></span> <span class='ocrx_word' id='word_1_123' title='bbox 3622 587 3950 655; x_wconf 68' lang='grc' dir='ltr'><strong>ἁνασχᾶμι·</strong></span> 
     </span>
    </p>
   </div>
   <div class='ocr_carea' id='block_1_22' title="bbox 2343 677 3951 755">
    <p class='ocr_par' dir='ltr' id='par_1_22' title="bbox 2343 677 3951 755">
     <span class='ocr_line' id='line_1_22' title="bbox 2343 677 3951 755; baseline -0.006 -17"><span class='ocrx_word' id='word_1_124' title='bbox 2343 702 2459 739; x_wconf 89' lang='grc' dir='ltr'><strong>νοι·</strong></span> <span class='ocrx_word' id='word_1_125' title='bbox 2492 686 2568 747; x_wconf 83' lang='grc' dir='ltr'><strong>ὡς</strong></span> <span class='ocrx_word' id='word_1_126' title='bbox 2612 684 2675 737; x_wconf 85' lang='grc' dir='ltr'><strong>οὐ</strong></span> <span class='ocrx_word' id='word_1_127' title='bbox 2737 684 2899 755; x_wconf 70' lang='grc' dir='ltr'><strong>μόνον</strong></span> <span class='ocrx_word' id='word_1_128' title='bbox 2949 686 3031 746; x_wconf 86' lang='grc' dir='ltr'><strong>εἰς</strong></span> <span class='ocrx_word' id='word_1_129' title='bbox 3076 682 3177 753; x_wconf 81' lang='grc' dir='ltr'><strong>τὴν</strong></span> <span class='ocrx_word' id='word_1_130' title='bbox 3207 683 3316 735; x_wconf 84' lang='grc' dir='ltr'><strong>τῶν</strong></span> <span class='ocrx_word' id='word_1_131' title='bbox 3357 679 3568 749; x_wconf 82' lang='grc' dir='ltr'><strong>ταύτης</strong></span> <span class='ocrx_word' id='word_1_132' title='bbox 3617 677 3951 747; x_wconf 71' lang='grc' dir='ltr'><strong>ὀλισθηρῶν</strong></span> 
     </span>
    </p>
   </div>
   <div class='ocr_carea' id='block_1_23' title="bbox 2343 769 3952 846">
    <p class='ocr_par' dir='ltr' id='par_1_23' title="bbox 2343 769 3952 846">
     <span class='ocr_line' id='line_1_23' title="bbox 2343 769 3952 846; baseline -0.006 -17"><span class='ocrx_word' id='word_1_133' title='bbox 2343 775 2668 846; x_wconf 74' lang='grc' dir='ltr'><strong>αὐτοχειρίᾳ</strong></span> <span class='ocrx_word' id='word_1_134' title='bbox 2716 775 3010 838; x_wconf 82' lang='grc' dir='ltr'><strong>πονοῦντες</strong></span> <span class='ocrx_word' id='word_1_135' title='bbox 3070 774 3413 845; x_wconf 85' lang='grc' dir='ltr'><strong>ἁνόρθωσιν,</strong></span> <span class='ocrx_word' id='word_1_136' title='bbox 3467 772 3611 827; x_wconf 74' lang='grc' dir='ltr'><strong>ἀλλὰ</strong></span> <span class='ocrx_word' id='word_1_137' title='bbox 3672 769 3779 823; x_wconf 68' lang='grc' dir='ltr'><strong>καὶ</strong></span> <span class='ocrx_word' id='word_1_138' title='bbox 3835 772 3952 831; x_wconf 73' lang='grc' dir='ltr'><strong>τοῖς</strong></span> 
     </span>
    </p>
   </div>
   <div class='ocr_carea' id='block_1_24' title="bbox 2342 859 3950 939">
    <p class='ocr_par' dir='ltr' id='par_1_24' title="bbox 2342 859 3950 939">
     <span class='ocr_line' id='line_1_24' title="bbox 2342 859 3950 939; baseline -0.006 -20"><span class='ocrx_word' id='word_1_139' title='bbox 2342 868 2559 939; x_wconf 80' lang='grc' dir='ltr'><strong>ὀρέγειν</strong></span> <span class='ocrx_word' id='word_1_140' title='bbox 2590 870 2728 939; x_wconf 78' lang='grc' dir='ltr'><strong>αὐτῇ</strong></span> <span class='ocrx_word' id='word_1_141' title='bbox 2761 867 3128 938; x_wconf 72' lang='grc' dir='ltr'><strong>πειρωμένοις</strong></span> <span class='ocrx_word' id='word_1_142' title='bbox 3149 866 3593 935; x_wconf 81' lang='grc' dir='ltr'><strong>συγκάμνοντες,</strong></span> <span class='ocrx_word' id='word_1_143' title='bbox 3623 862 3733 914; x_wconf 69' lang='grc' dir='ltr'><strong>καὶ</strong></span> <span class='ocrx_word' id='word_1_144' title='bbox 3758 859 3950 929; x_wconf 71' lang='grc' dir='ltr'><strong>ἔργοις</strong></span> 
     </span>
    </p>
   </div>
   <div class='ocr_carea' id='block_1_25' title="bbox 2342 948 3952 1028">
    <p class='ocr_par' dir='ltr' id='par_1_25' title="bbox 2342 948 3952 1028">
     <span class='ocr_line' id='line_1_25' title="bbox 2342 948 3952 1028; baseline -0.007 -17"><span class='ocrx_word' id='word_1_145' title='bbox 2342 960 2529 1021; x_wconf 75' lang='grc' dir='ltr'><strong>αὐτοῖς</strong></span> <span class='ocrx_word' id='word_1_146' title='bbox 2556 958 2657 1026; x_wconf 75' lang='grc' dir='ltr'><strong>τὴν</strong></span> <span class='ocrx_word' id='word_1_147' title='bbox 2683 958 2775 1010; x_wconf 87' lang='grc' dir='ltr'><strong>τοῦ</strong></span> <span class='ocrx_word' id='word_1_148' title='bbox 2801 959 3193 1028; x_wconf 87' lang='grc' dir='ltr'><strong>συμπαρεῖναι,</strong></span> <span class='ocrx_word' id='word_1_149' title='bbox 3227 954 3324 1009; x_wconf 79' lang='grc' dir='ltr'><strong>καὶ</strong></span> <span class='ocrx_word' id='word_1_150' title='bbox 3352 953 3413 1006; x_wconf 80' lang='grc' dir='ltr'><strong>τὸ</strong></span> <span class='ocrx_word' id='word_1_151' title='bbox 3440 951 3729 1022; x_wconf 73' lang='grc' dir='ltr'><strong>σφαλερὸν</strong></span> <span class='ocrx_word' id='word_1_152' title='bbox 3765 948 3952 1001; x_wconf 71' lang='grc' dir='ltr'><strong>αὐτῶν</strong></span> 
     </span>
    </p>
   </div>
   <div class='ocr_carea' id='block_1_26' title="bbox 2342 1047 3427 1122">
    <p class='ocr_par' dir='ltr' id='par_1_26' title="bbox 2342 1047 3427 1122">
     <span class='ocr_line' id='line_1_26' title="bbox 2342 1047 3427 1122; baseline -0.006 -18"><span class='ocrx_word' id='word_1_153' title='bbox 2342 1049 2744 1122; x_wconf 83' lang='grc' dir='ltr'><strong>διοορθοῦσθαι,</strong></span> <span class='ocrx_word' id='word_1_154' title='bbox 2784 1053 3120 1121; x_wconf 80' lang='grc' dir='ltr'><strong>παρέχοντες</strong></span> <span class='ocrx_word' id='word_1_155' title='bbox 3149 1047 3427 1117; x_wconf 78' lang='grc' dir='ltr'><strong>αἴσθησιν.</strong></span> 
     </span>
    </p>
   </div>
   <div class='ocr_carea' id='block_1_27' title="bbox 2430 1132 3954 1214">
    <p class='ocr_par' dir='ltr' id='par_1_27' title="bbox 2430 1132 3954 1214">
     <span class='ocr_line' id='line_1_27' title="bbox 2430 1132 3954 1214; baseline -0.009 -18"><span class='ocrx_word' id='word_1_156' title='bbox 2430 1143 2632 1214; x_wconf 78' lang='grc' dir='ltr'><strong>’ἰατρός</strong></span> <span class='ocrx_word' id='word_1_157' title='bbox 2666 1160 2725 1195; x_wconf 86' lang='grc' dir='ltr'><strong>τε</strong></span> <span class='ocrx_word' id='word_1_158' title='bbox 2771 1142 2881 1213; x_wconf 81' lang='grc' dir='ltr'><strong>γὰρ</strong></span> <span class='ocrx_word' id='word_1_159' title='bbox 2930 1144 3174 1210; x_wconf 82' lang='grc' dir='ltr'><strong>σωτήρια</strong></span> <span class='ocrx_word' id='word_1_160' title='bbox 3209 1140 3436 1193; x_wconf 82' lang='grc' dir='ltr'><strong>πάσσων</strong></span> <span class='ocrx_word' id='word_1_161' title='bbox 3468 1136 3759 1205; x_wconf 68' lang='grc' dir='ltr'><strong>φάρμακα</strong></span> <span class='ocrx_word' id='word_1_162' title='bbox 3781 1174 3797 1196; x_wconf 93' lang='grc'><strong>,</strong></span> <span class='ocrx_word' id='word_1_163' title='bbox 3856 1132 3954 1185; x_wconf 80' lang='grc' dir='ltr'><strong>καὶ</strong></span> 
     </span>
    </p>
   </div>
   <div class='ocr_carea' id='block_1_28' title="bbox 2344 1230 3952 1307">
    <p class='ocr_par' dir='ltr' id='par_1_28' title="bbox 2344 1230 3952 1307">
     <span class='ocr_line' id='line_1_28' title="bbox 2344 1230 3952 1307; baseline -0.008 -19"><span class='ocrx_word' id='word_1_164' title='bbox 2344 1235 2446 1304; x_wconf 80' lang='grc' dir='ltr'><strong>τὴν</strong></span> <span class='ocrx_word' id='word_1_165' title='bbox 2479 1235 2629 1306; x_wconf 78' lang='grc' dir='ltr'><strong>παρὰ</strong></span> <span class='ocrx_word' id='word_1_166' title='bbox 2664 1235 2874 1307; x_wconf 79' lang='grc' dir='ltr'><strong>Κυρίου</strong></span> <span class='ocrx_word' id='word_1_167' title='bbox 2912 1232 3167 1304; x_wconf 81' lang='grc' dir='ltr'><strong>βοήθειαν</strong></span> <span class='ocrx_word' id='word_1_168' title='bbox 3219 1230 3635 1301; x_wconf 80' lang='grc' dir='ltr'><strong>ἐξαιτούμενος,</strong></span> <span class='ocrx_word' id='word_1_169' title='bbox 3686 1243 3952 1293; x_wconf 64' lang='grc' dir='ltr'><strong>συναρω-</strong></span> 
     </span>
    </p>
   </div>
   <div class='ocr_carea' id='block_1_29' title="bbox 2344 1317 3946 1398">
    <p class='ocr_par' dir='ltr' id='par_1_29' title="bbox 2344 1317 3946 1398">
     <span class='ocr_line' id='line_1_29' title="bbox 2344 1317 3946 1398; baseline -0.01 -16"><span class='ocrx_word' id='word_1_170' title='bbox 2344 1329 2477 1396; x_wconf 82' lang='grc' dir='ltr'><strong>γοὺς</strong></span> <span class='ocrx_word' id='word_1_171' title='bbox 2500 1329 2647 1398; x_wconf 84' lang='grc' dir='ltr'><strong>ὑμᾶς</strong></span> <span class='ocrx_word' id='word_1_172' title='bbox 2669 1327 2726 1380; x_wconf 78' lang='grc' dir='ltr'><strong>ἐν</strong></span> <span class='ocrx_word' id='word_1_173' title='bbox 2757 1344 2818 1380; x_wconf 86' lang='grc' dir='ltr'><strong>τε</strong></span> <span class='ocrx_word' id='word_1_174' title='bbox 2847 1329 2915 1397; x_wconf 83' lang='grc' dir='ltr'><strong>τῇ</strong></span> <span class='ocrx_word' id='word_1_175' title='bbox 2948 1326 3167 1396; x_wconf 84' lang='grc' dir='ltr'><strong>αἰτήσει</strong></span> <span class='ocrx_word' id='word_1_176' title='bbox 3199 1323 3296 1377; x_wconf 70' lang='grc' dir='ltr'><strong>καί⁵</strong></span> <span class='ocrx_word' id='word_1_177' title='bbox 3327 1322 3470 1375; x_wconf 82' lang='grc' dir='ltr'><strong>ἰάσει</strong></span> <span class='ocrx_word' id='word_1_178' title='bbox 3502 1317 3946 1391; x_wconf 77' lang='grc' dir='ltr'><strong>προσεπικαλεῖ-</strong></span> 
     </span>
    </p>
   </div>
   <div class='ocr_carea' id='block_1_30' title="bbox 2344 1409 3949 1488">
    <p class='ocr_par' dir='ltr' id='par_1_30' title="bbox 2344 1409 3949 1488">
     <span class='ocr_line' id='line_1_30' title="bbox 2344 1409 3949 1488; baseline -0.009 -15"><span class='ocrx_word' id='word_1_179' title='bbox 2344 1436 2475 1473; x_wconf 84' lang='grc' dir='ltr'><strong>ται·</strong></span> <span class='ocrx_word' id='word_1_180' title='bbox 2536 1418 2779 1488; x_wconf 75' lang='grc' dir='ltr'><strong>πυρετοῦ</strong></span> <span class='ocrx_word' id='word_1_181' title='bbox 2825 1435 2885 1470; x_wconf 86' lang='grc' dir='ltr'><strong>τε</strong></span> <span class='ocrx_word' id='word_1_182' title='bbox 2937 1415 3097 1486; x_wconf 82' lang='grc' dir='ltr'><strong>λῆξιν</strong></span> <span class='ocrx_word' id='word_1_183' title='bbox 3140 1415 3553 1483; x_wconf 80' lang='grc' dir='ltr'><strong>ἐπινοούμενος,</strong></span> <span class='ocrx_word' id='word_1_184' title='bbox 3617 1410 3728 1481; x_wconf 79' lang='grc' dir='ltr'><strong>τὴν</strong></span> <span class='ocrx_word' id='word_1_185' title='bbox 3794 1409 3949 1476; x_wconf 64' lang='grc' dir='ltr'><strong>ὑμῶν</strong></span> 
     </span>
    </p>
   </div>
   <div class='ocr_carea' id='block_1_31' title="bbox 2343 1499 3953 1582">
    <p class='ocr_par' dir='ltr' id='par_1_31' title="bbox 2343 1499 3953 1582">
     <span class='ocr_line' id='line_1_31' title="bbox 2343 1499 3953 1582; baseline -0.008 -18"><span class='ocrx_word' id='word_1_186' title='bbox 2343 1510 2659 1582; x_wconf 84' lang='grc' dir='ltr'><strong>δροσοποιὸν</strong></span> <span class='ocrx_word' id='word_1_187' title='bbox 2730 1510 3028 1576; x_wconf 81' lang='grc' dir='ltr'><strong>ἐξαιτεῖται</strong></span> <span class='ocrx_word' id='word_1_188' title='bbox 3080 1506 3407 1578; x_wconf 81' lang='grc' dir='ltr'><strong>παρουσίαν.</strong></span> <span class='ocrx_word' id='word_1_189' title='bbox 3459 1499 3638 1565; x_wconf 74' lang='grc' dir='ltr'><strong>Οὗτος</strong></span> <span class='ocrx_word' id='word_1_190' title='bbox 3692 1502 3953 1571; x_wconf 73' lang='grc' dir='ltr'><strong>σιδήριον</strong></span> 
     </span>
    </p>
   </div>
   <div class='ocr_carea' id='block_1_32' title="bbox 2347 1595 3951 1675">
    <p class='ocr_par' dir='ltr' id='par_1_32' title="bbox 2347 1595 3951 1675">
     <span class='ocr_line' id='line_1_32' title="bbox 2347 1595 3951 1675; baseline -0.01 -18"><span class='ocrx_word' id='word_1_191' title='bbox 2347 1602 2657 1675; x_wconf 83' lang='grc' dir='ltr'><strong>σπώμενος,</strong></span> <span class='ocrx_word' id='word_1_192' title='bbox 2700 1603 2798 1655; x_wconf 59' lang='grc' dir='ltr'><strong>καί⁵</strong></span> <span class='ocrx_word' id='word_1_193' title='bbox 2828 1603 2908 1666; x_wconf 89' lang='grc' dir='ltr'><strong>εἰς</strong></span> <span class='ocrx_word' id='word_1_194' title='bbox 2956 1600 3189 1672; x_wconf 77' lang='grc' dir='ltr'><strong>οὐρανὸν</strong></span> <span class='ocrx_word' id='word_1_195' title='bbox 3223 1600 3395 1669; x_wconf 84' lang='grc' dir='ltr'><strong>αἴρων</strong></span> <span class='ocrx_word' id='word_1_196' title='bbox 3438 1597 3507 1650; x_wconf 77' lang='grc' dir='ltr'><strong>τὰ</strong></span> <span class='ocrx_word' id='word_1_197' title='bbox 3543 1596 3816 1665; x_wconf 73' lang='grc' dir='ltr'><strong>ὄμματα.</strong></span> <span class='ocrx_word' id='word_1_198' title='bbox 3852 1595 3951 1661; x_wconf 73' lang='grc' dir='ltr'><strong>τὴν</strong></span> 
     </span>
    </p>
   </div>
   <div class='ocr_carea' id='block_1_33' title="bbox 2348 1685 3947 1767">
    <p class='ocr_par' dir='ltr' id='par_1_33' title="bbox 2348 1685 3947 1767">
     <span class='ocr_line' id='line_1_33' title="bbox 2348 1685 3947 1767; baseline -0.009 -17"><span class='ocrx_word' id='word_1_199' title='bbox 2348 1697 2503 1767; x_wconf 84' lang='grc' dir='ltr'><strong>ὑμῶν</strong></span> <span class='ocrx_word' id='word_1_200' title='bbox 2533 1697 2938 1749; x_wconf 80' lang='grc' dir='ltr'><strong>συνεπισπᾶται</strong></span> <span class='ocrx_word' id='word_1_201' title='bbox 2982 1696 3079 1747; x_wconf 75' lang='grc' dir='ltr'><strong>καὶ</strong></span> <span class='ocrx_word' id='word_1_202' title='bbox 3109 1692 3430 1763; x_wconf 86' lang='grc' dir='ltr'><strong>συνεπαίρει</strong></span> <span class='ocrx_word' id='word_1_203' title='bbox 3468 1688 3811 1760; x_wconf 85' lang='grc' dir='ltr'><strong>πρεσϐείαν,</strong></span> <span class='ocrx_word' id='word_1_204' title='bbox 3851 1685 3947 1736; x_wconf 73' lang='grc' dir='ltr'><strong>καὶ</strong></span> 
     </span>
    </p>
   </div>
   <div class='ocr_carea' id='block_1_34' title="bbox 664 1779 2250 1857">
    <p class='ocr_par' dir='ltr' id='par_1_34' title="bbox 664 1781 2245 1857">
     <span class='ocr_line' id='line_1_34' title="bbox 664 1781 2245 1857; baseline 0.007 -26"><span class='ocrx_word' id='word_1_205' title='bbox 664 1790 965 1849; x_wconf 76' lang='lat' dir='ltr'><strong>exspectat.</strong></span> <span class='ocrx_word' id='word_1_206' title='bbox 1035 1781 1338 1852; x_wconf 82' lang='lat' dir='ltr'><strong>Chirurgus</strong></span> <span class='ocrx_word' id='word_1_207' title='bbox 1410 1783 1561 1847; x_wconf 86' lang='lat' dir='ltr'><strong>item,</strong></span> <span class='ocrx_word' id='word_1_208' title='bbox 1618 1785 1949 1839; x_wconf 72' lang='lat' dir='ltr'><strong>sectionibus</strong></span> <span class='ocrx_word' id='word_1_209' title='bbox 2014 1787 2245 1857; x_wconf 78' lang='lat' dir='ltr'><strong>ignique</strong></span> 
     </span>
    </p>
   </div>
   <div class='ocr_carea' id='block_1_35' title="bbox 2350 1779 3943 1857">
    <p class='ocr_par' dir='ltr' id='par_1_35' title="bbox 2350 1779 3943 1856">
     <span class='ocr_line' id='line_1_35' title="bbox 2350 1779 3943 1856; baseline -0.008 -17"><span class='ocrx_word' id='word_1_210' title='bbox 2350 1788 2413 1839; x_wconf 82' lang='grc' dir='ltr'><strong>δι’</strong></span> <span class='ocrx_word' id='word_1_211' title='bbox 2444 1786 2618 1856; x_wconf 80' lang='grc' dir='ltr'><strong>αὐτῆς</strong></span> <span class='ocrx_word' id='word_1_212' title='bbox 2649 1786 2713 1839; x_wconf 86' lang='grc' dir='ltr'><strong>τὸ</strong></span> <span class='ocrx_word' id='word_1_213' title='bbox 2745 1786 2994 1856; x_wconf 81' lang='grc' dir='ltr'><strong>ἀσφαλὲς</strong></span> <span class='ocrx_word' id='word_1_214' title='bbox 3034 1783 3557 1855; x_wconf 81' lang='grc' dir='ltr'><strong>ἁποκαραδοκεῖται,</strong></span> <span class='ocrx_word' id='word_1_215' title='bbox 3602 1779 3704 1831; x_wconf 86' lang='grc' dir='ltr'><strong>τοῦ</strong></span> <span class='ocrx_word' id='word_1_216' title='bbox 3758 1780 3943 1846; x_wconf 77' lang='grc' dir='ltr'><strong>ἐγχει-</strong></span> 
     </span>
    </p>
   </div>
   <div class='ocr_carea' id='block_1_36' title="bbox 663 1873 2246 1944">
    <p class='ocr_par' dir='ltr' id='par_1_36' title="bbox 663 1873 2246 1944">
     <span class='ocr_line' id='line_1_36' title="bbox 663 1873 2246 1944; baseline 0.008 -22"><span class='ocrx_word' id='word_1_217' title='bbox 663 1873 1033 1940; x_wconf 90' lang='lat' dir='ltr'><strong>putrescentia</strong></span> <span class='ocrx_word' id='word_1_218' title='bbox 1083 1882 1298 1931; x_wconf 90' lang='lat' dir='ltr'><strong>tentans</strong></span> <span class='ocrx_word' id='word_1_219' title='bbox 1350 1875 1553 1942; x_wconf 88' lang='lat' dir='ltr'><strong>ulcera,</strong></span> <span class='ocrx_word' id='word_1_220' title='bbox 1582 1877 1762 1932; x_wconf 78' lang='lat' dir='ltr'><strong>socios</strong></span> <span class='ocrx_word' id='word_1_221' title='bbox 1793 1892 1890 1934; x_wconf 79' lang='lat' dir='ltr'><strong>vos</strong></span> <span class='ocrx_word' id='word_1_222' title='bbox 1913 1880 2155 1944; x_wconf 87' lang='lat' dir='ltr'><strong>secandi,</strong></span> <span class='ocrx_word' id='word_1_223' title='bbox 2182 1894 2246 1935; x_wconf 88' lang='lat' dir='ltr'><strong>ac</strong></span> 
     </span>
    </p>
   </div>
   <div class='ocr_carea' id='block_1_37' title="bbox 665 1964 2246 2038">
    <p class='ocr_par' dir='ltr' id='par_1_37' title="bbox 665 1964 2246 2038">
     <span class='ocr_line' id='line_1_37' title="bbox 665 1964 2246 2038; baseline 0.006 -22"><span class='ocrx_word' id='word_1_224' title='bbox 665 1978 775 2017; x_wconf 87' lang='lat' dir='ltr'><strong>una</strong></span> <span class='ocrx_word' id='word_1_225' title='bbox 801 1964 1133 2021; x_wconf 82' lang='lat' dir='ltr'><strong>abducentes</strong></span> <span class='ocrx_word' id='word_1_226' title='bbox 1184 1967 1401 2034; x_wconf 81' lang='lat' dir='ltr'><strong>vulnus,</strong></span> <span class='ocrx_word' id='word_1_227' title='bbox 1450 1970 1635 2025; x_wconf 84' lang='lat' dir='ltr'><strong>arduis</strong></span> <span class='ocrx_word' id='word_1_228' title='bbox 1693 1969 1929 2024; x_wconf 74' lang='lat' dir='ltr'><strong>maxime</strong></span> <span class='ocrx_word' id='word_1_229' title='bbox 1973 1970 2154 2038; x_wconf 86' lang='lat' dir='ltr'><strong>rebus,</strong></span> <span class='ocrx_word' id='word_1_230' title='bbox 2181 1986 2246 2027; x_wconf 89' lang='lat' dir='ltr'><strong>ac</strong></span> 
     </span>
    </p>
   </div>
   <div class='ocr_carea' id='block_1_38' title="bbox 665 2054 1761 2131">
    <p class='ocr_par' dir='ltr' id='par_1_38' title="bbox 665 2054 1761 2131">
     <span class='ocr_line' id='line_1_38' title="bbox 665 2054 1761 2131; baseline 0.007 -23"><span class='ocrx_word' id='word_1_231' title='bbox 665 2054 950 2124; x_wconf 88' lang='lat' dir='ltr'><strong>desperata</strong></span> <span class='ocrx_word' id='word_1_232' title='bbox 986 2072 1122 2126; x_wconf 88' lang='lat' dir='ltr'><strong>pene</strong></span> <span class='ocrx_word' id='word_1_233' title='bbox 1149 2060 1450 2125; x_wconf 90' lang='lat' dir='ltr'><strong>curatione,</strong></span> <span class='ocrx_word' id='word_1_234' title='bbox 1478 2062 1761 2131; x_wconf 80' lang='lat' dir='ltr'><strong>prospicit.</strong></span> 
     </span>
    </p>
   </div>
   <div class='ocr_carea' id='block_1_39' title="bbox 738 2145 2244 2225">
    <p class='ocr_par' dir='ltr' id='par_1_39' title="bbox 738 2145 2244 2225">
     <span class='ocr_line' id='line_1_39' title="bbox 738 2145 2244 2225; baseline 0.008 -28"><span class='ocrx_word' id='word_1_235' title='bbox 738 2145 876 2213; x_wconf 87' lang='lat' dir='ltr'><strong>Quin</strong></span> <span class='ocrx_word' id='word_1_236' title='bbox 916 2149 1079 2202; x_wconf 85' lang='lat' dir='ltr'><strong>etiam</strong></span> <span class='ocrx_word' id='word_1_237' title='bbox 1103 2190 1120 2217; x_wconf 91' lang='lat'><strong>,</strong></span> <span class='ocrx_word' id='word_1_238' title='bbox 1145 2149 1237 2220; x_wconf 91' lang='lat' dir='ltr'><strong>qui</strong></span> <span class='ocrx_word' id='word_1_239' title='bbox 1275 2152 1539 2207; x_wconf 83' lang='lat' dir='ltr'><strong>adversus</strong></span> <span class='ocrx_word' id='word_1_240' title='bbox 1587 2154 1892 2222; x_wconf 68' lang='lat' dir='ltr'><strong>reipublicae</strong></span> <span class='ocrx_word' id='word_1_241' title='bbox 1940 2155 2121 2211; x_wconf 81' lang='lat' dir='ltr'><strong>hostes</strong></span> <span class='ocrx_word' id='word_1_242' title='bbox 2146 2171 2244 2225; x_wconf 91' lang='lat' dir='ltr'><strong>pu-</strong></span> 
     </span>
    </p>
   </div>
   <div class='ocr_carea' id='block_1_40' title="bbox 671 2239 2243 2311">
    <p class='ocr_par' dir='ltr' id='par_1_40' title="bbox 671 2239 2243 2311">
     <span class='ocr_line' id='line_1_40' title="bbox 671 2239 2243 2311; baseline 0.007 -22"><span class='ocrx_word' id='word_1_243' title='bbox 671 2250 832 2305; x_wconf 88' lang='lat' dir='ltr'><strong>gnam</strong></span> <span class='ocrx_word' id='word_1_244' title='bbox 858 2239 1099 2309; x_wconf 90' lang='lat' dir='ltr'><strong>suscepit</strong></span> <span class='ocrx_word' id='word_1_245' title='bbox 1126 2256 1192 2294; x_wconf 91' lang='lat' dir='ltr'><strong>ac</strong></span> <span class='ocrx_word' id='word_1_246' title='bbox 1223 2240 1512 2311; x_wconf 90' lang='lat' dir='ltr'><strong>impiorum</strong></span> <span class='ocrx_word' id='word_1_247' title='bbox 1541 2243 1695 2299; x_wconf 86' lang='lat' dir='ltr'><strong>bellis</strong></span> <span class='ocrx_word' id='word_1_248' title='bbox 1731 2255 1986 2310; x_wconf 77' lang='lat' dir='ltr'><strong>vexatur,</strong></span> <span class='ocrx_word' id='word_1_249' title='bbox 2006 2256 2243 2300; x_wconf 80' lang='lat' dir='ltr'><strong>vestram</strong></span> 
     </span>
    </p>
   </div>
   <div class='ocr_carea' id='block_1_41' title="bbox 665 2329 2243 2406">
    <p class='ocr_par' dir='ltr' id='par_1_41' title="bbox 665 2329 2243 2406">
     <span class='ocr_line' id='line_1_41' title="bbox 665 2329 2243 2406; baseline 0.004 -25"><span class='ocrx_word' id='word_1_250' title='bbox 665 2329 1111 2386; x_wconf 81' lang='lat' dir='ltr'><strong>intercessionem</strong></span> <span class='ocrx_word' id='word_1_251' title='bbox 1134 2373 1149 2397; x_wconf 89' lang='lat'><strong>,</strong></span> <span class='ocrx_word' id='word_1_252' title='bbox 1183 2348 1345 2401; x_wconf 90' lang='lat' dir='ltr'><strong>quam</strong></span> <span class='ocrx_word' id='word_1_253' title='bbox 1381 2349 1478 2389; x_wconf 91' lang='lat' dir='ltr'><strong>ceu</strong></span> <span class='ocrx_word' id='word_1_254' title='bbox 1520 2334 1787 2390; x_wconf 87' lang='lat' dir='ltr'><strong>instructa</strong></span> <span class='ocrx_word' id='word_1_255' title='bbox 1843 2336 1961 2391; x_wconf 89' lang='lat' dir='ltr'><strong>acie</strong></span> <span class='ocrx_word' id='word_1_256' title='bbox 1988 2348 2243 2406; x_wconf 80' lang='lat' dir='ltr'><strong>Opponat,</strong></span> 
     </span>
    </p>
   </div>
   <div class='ocr_carea' id='block_1_42' title="bbox 665 2422 2247 2491">
    <p class='ocr_par' dir='ltr' id='par_1_42' title="bbox 665 2422 2247 2491">
     <span class='ocr_line' id='line_1_42' title="bbox 665 2422 2247 2491; baseline 0.006 -18"><span class='ocrx_word' id='word_1_257' title='bbox 665 2422 917 2490; x_wconf 84' lang='lat' dir='ltr'><strong>precibus</strong></span> <span class='ocrx_word' id='word_1_258' title='bbox 982 2424 1235 2479; x_wconf 85' lang='lat' dir='ltr'><strong>accersit.</strong></span> <span class='ocrx_word' id='word_1_259' title='bbox 1282 2426 1743 2491; x_wconf 83' lang='lat' dir='ltr'><strong>Quemadmodum</strong></span> <span class='ocrx_word' id='word_1_260' title='bbox 1781 2427 1925 2481; x_wconf 92' lang='lat' dir='ltr'><strong>enim</strong></span> <span class='ocrx_word' id='word_1_261' title='bbox 1987 2429 2247 2482; x_wconf 83' lang='lat' dir='ltr'><strong>adversus</strong></span> 
     </span>
    </p>
   </div>
   <div class='ocr_carea' id='block_1_43' title="bbox 665 2514 2247 2586">
    <p class='ocr_par' dir='ltr' id='par_1_43' title="bbox 665 2514 2247 2586">
     <span class='ocr_line' id='line_1_43' title="bbox 665 2514 2247 2586; baseline 0.001 -18"><span class='ocrx_word' id='word_1_262' title='bbox 665 2514 936 2583; x_wconf 87' lang='lat' dir='ltr'><strong>spiritales</strong></span> <span class='ocrx_word' id='word_1_263' title='bbox 1006 2516 1189 2572; x_wconf 85' lang='lat' dir='ltr'><strong>hostes</strong></span> <span class='ocrx_word' id='word_1_264' title='bbox 1270 2530 1334 2572; x_wconf 86' lang='lat' dir='ltr'><strong>ac</strong></span> <span class='ocrx_word' id='word_1_265' title='bbox 1392 2516 1614 2572; x_wconf 88' lang='lat' dir='ltr'><strong>morbos</strong></span> <span class='ocrx_word' id='word_1_266' title='bbox 1680 2517 2011 2586; x_wconf 83' lang='lat' dir='ltr'><strong>corporales,</strong></span> <span class='ocrx_word' id='word_1_267' title='bbox 2082 2519 2247 2571; x_wconf 90' lang='lat' dir='ltr'><strong>robur</strong></span> 
     </span>
    </p>
   </div>
   <div class='ocr_carea' id='block_1_44' title="bbox 664 2604 2247 2677">
    <p class='ocr_par' dir='ltr' id='par_1_44' title="bbox 664 2604 2247 2677">
     <span class='ocr_line' id='line_1_44' title="bbox 664 2604 2247 2677; baseline 0.003 -21"><span class='ocrx_word' id='word_1_268' title='bbox 664 2604 938 2674; x_wconf 88' lang='lat' dir='ltr'><strong>quoddam</strong></span> <span class='ocrx_word' id='word_1_269' title='bbox 1001 2605 1366 2674; x_wconf 88' lang='lat' dir='ltr'><strong>insuperabile</strong></span> <span class='ocrx_word' id='word_1_270' title='bbox 1403 2608 1721 2677; x_wconf 74' lang='lat' dir='ltr'><strong>accepistis;</strong></span> <span class='ocrx_word' id='word_1_271' title='bbox 1772 2607 1847 2661; x_wconf 90' lang='lat' dir='ltr'><strong>ita</strong></span> <span class='ocrx_word' id='word_1_272' title='bbox 1884 2617 1941 2662; x_wconf 90' lang='lat' dir='ltr'><strong>et</strong></span> <span class='ocrx_word' id='word_1_273' title='bbox 1987 2607 2247 2663; x_wconf 80' lang='lat' dir='ltr'><strong>adversus</strong></span> 
     </span>
    </p>
   </div>
   <div class='ocr_carea' id='block_1_45' title="bbox 666 2697 2247 2769">
    <p class='ocr_par' dir='ltr' id='par_1_45' title="bbox 666 2697 2247 2769">
     <span class='ocr_line' id='line_1_45' title="bbox 666 2697 2247 2769; baseline 0.001 -20"><span class='ocrx_word' id='word_1_274' title='bbox 666 2697 963 2752; x_wconf 80' lang='lat' dir='ltr'><strong>visibilium</strong></span> <span class='ocrx_word' id='word_1_275' title='bbox 998 2698 1232 2752; x_wconf 89' lang='lat' dir='ltr'><strong>hostium</strong></span> <span class='ocrx_word' id='word_1_276' title='bbox 1269 2699 1677 2767; x_wconf 83' lang='lat' dir='ltr'><strong>impressiones,</strong></span> <span class='ocrx_word' id='word_1_277' title='bbox 1703 2713 2038 2769; x_wconf 84' lang='lat' dir='ltr'><strong>pugnasque,</strong></span> <span class='ocrx_word' id='word_1_278' title='bbox 2070 2714 2135 2754; x_wconf 86' lang='lat' dir='ltr'><strong>ac</strong></span> <span class='ocrx_word' id='word_1_279' title='bbox 2163 2700 2247 2752; x_wconf 87' lang='lat' dir='ltr'><strong>in-</strong></span> 
     </span>
    </p>
   </div>
   <div class='ocr_carea' id='block_1_46' title="bbox 666 2788 2247 2858">
    <p class='ocr_par' dir='ltr' id='par_1_46' title="bbox 666 2788 2247 2858">
     <span class='ocr_line' id='line_1_46' title="bbox 666 2788 2247 2858; baseline 0.003 -17"><span class='ocrx_word' id='word_1_280' title='bbox 666 2788 860 2855; x_wconf 88' lang='lat' dir='ltr'><strong>sultus,</strong></span> <span class='ocrx_word' id='word_1_281' title='bbox 884 2789 1181 2858; x_wconf 84' lang='lat' dir='ltr'><strong>potentiam</strong></span> <span class='ocrx_word' id='word_1_282' title='bbox 1205 2789 1272 2843; x_wconf 90' lang='lat' dir='ltr'><strong>ab</strong></span> <span class='ocrx_word' id='word_1_283' title='bbox 1299 2789 1656 2858; x_wconf 87' lang='lat' dir='ltr'><strong>omnipotenti</strong></span> <span class='ocrx_word' id='word_1_284' title='bbox 1712 2790 1933 2845; x_wconf 89' lang='lat' dir='ltr'><strong>Christo</strong></span> <span class='ocrx_word' id='word_1_285' title='bbox 1968 2792 2247 2846; x_wconf 82' lang='lat' dir='ltr'><strong>consecuti</strong></span> 
     </span>
    </p>
   </div>
   <div class='ocr_carea' id='block_1_47' title="bbox 665 2878 2248 2949">
    <p class='ocr_par' dir='ltr' id='par_1_47' title="bbox 665 2878 2248 2949">
     <span class='ocr_line' id='line_1_47' title="bbox 665 2878 2248 2949; baseline 0.001 -16"><span class='ocrx_word' id='word_1_286' title='bbox 665 2879 817 2934; x_wconf 86' lang='lat' dir='ltr'><strong>estis.</strong></span> <span class='ocrx_word' id='word_1_287' title='bbox 878 2879 1243 2946; x_wconf 85' lang='lat' dir='ltr'><strong>Quamobrem</strong></span> <span class='ocrx_word' id='word_1_288' title='bbox 1300 2879 1464 2934; x_wconf 89' lang='lat' dir='ltr'><strong>etiam</strong></span> <span class='ocrx_word' id='word_1_289' title='bbox 1528 2879 1645 2949; x_wconf 91' lang='lat' dir='ltr'><strong>pios</strong></span> <span class='ocrx_word' id='word_1_290' title='bbox 1701 2878 2080 2948; x_wconf 87' lang='lat' dir='ltr'><strong>imperatores,</strong></span> <span class='ocrx_word' id='word_1_291' title='bbox 2141 2895 2248 2934; x_wconf 86' lang='lat' dir='ltr'><strong>una</strong></span> 
     </span>
    </p>
   </div>
   <div class='ocr_carea' id='block_1_48' title="bbox 667 2971 2244 3043">
    <p class='ocr_par' dir='ltr' id='par_1_48' title="bbox 667 2971 2244 3043">
     <span class='ocr_line' id='line_1_48' title="bbox 667 2971 2244 3043; baseline -0.001 -15"><span class='ocrx_word' id='word_1_292' title='bbox 667 2990 789 3028; x_wconf 90' lang='lat' dir='ltr'><strong>cum</strong></span> <span class='ocrx_word' id='word_1_293' title='bbox 821 2972 1031 3043; x_wconf 91' lang='lat' dir='ltr'><strong>populis</strong></span> <span class='ocrx_word' id='word_1_294' title='bbox 1071 2988 1133 3027; x_wconf 87' lang='lat' dir='ltr'><strong>ac</strong></span> <span class='ocrx_word' id='word_1_295' title='bbox 1188 2971 1449 3037; x_wconf 88' lang='lat' dir='ltr'><strong>urbibus,</strong></span> <span class='ocrx_word' id='word_1_296' title='bbox 1478 2972 1633 3027; x_wconf 83' lang='lat' dir='ltr'><strong>vobis</strong></span> <span class='ocrx_word' id='word_1_297' title='bbox 1683 2971 1955 3041; x_wconf 82' lang='lat' dir='ltr'><strong>supplices</strong></span> <span class='ocrx_word' id='word_1_298' title='bbox 2014 2973 2244 3027; x_wconf 88' lang='lat' dir='ltr'><strong>habetis.</strong></span> 
     </span>
    </p>
   </div>
   <div class='ocr_carea' id='block_1_49' title="bbox 665 3064 2250 3134">
    <p class='ocr_par' dir='ltr' id='par_1_49' title="bbox 665 3064 2250 3134">
     <span class='ocr_line' id='line_1_49' title="bbox 665 3064 2250 3134; baseline -0.003 -12"><span class='ocrx_word' id='word_1_299' title='bbox 665 3066 788 3123; x_wconf 90' lang='lat' dir='ltr'><strong>Cito</strong></span> <span class='ocrx_word' id='word_1_300' title='bbox 840 3066 1026 3134; x_wconf 85' lang='lat' dir='ltr'><strong>itaque</strong></span> <span class='ocrx_word' id='word_1_301' title='bbox 1067 3064 1498 3119; x_wconf 89' lang='lat' dir='ltr'><strong>obsecrationem</strong></span> <span class='ocrx_word' id='word_1_302' title='bbox 1556 3073 1903 3133; x_wconf 83' lang='lat' dir='ltr'><strong>occupantes.</strong></span> <span class='ocrx_word' id='word_1_303' title='bbox 1960 3078 2250 3119; x_wconf 91' lang='lat' dir='ltr'><strong>commune</strong></span> 
     </span>
    </p>
   </div>
   <div class='ocr_carea' id='block_1_50' title="bbox 678 3156 2251 3225">
    <p class='ocr_par' dir='ltr' id='par_1_50' title="bbox 678 3156 2251 3225">
     <span class='ocr_line' id='line_1_50' title="bbox 678 3156 2251 3225; baseline 0 -15"><span class='ocrx_word' id='word_1_304' title='bbox 678 3158 1004 3222; x_wconf 88' lang='lat' dir='ltr'><strong>remedium,</strong></span> <span class='ocrx_word' id='word_1_305' title='bbox 1028 3156 1263 3211; x_wconf 89' lang='lat' dir='ltr'><strong>hostium</strong></span> <span class='ocrx_word' id='word_1_306' title='bbox 1284 3156 1565 3210; x_wconf 81' lang='lat' dir='ltr'><strong>victoriam</strong></span> <span class='ocrx_word' id='word_1_307' title='bbox 1581 3156 1838 3225; x_wconf 80' lang='lat' dir='ltr'><strong>peculiari</strong></span> <span class='ocrx_word' id='word_1_308' title='bbox 1853 3171 1916 3210; x_wconf 92' lang='lat' dir='ltr'><strong>ac</strong></span> <span class='ocrx_word' id='word_1_309' title='bbox 1939 3156 2251 3210; x_wconf 87' lang='lat' dir='ltr'><strong>Christiano</strong></span> 
     </span>
    </p>
   </div>
   <div class='ocr_carea' id='block_1_51' title="bbox 669 3247 2253 3320">
    <p class='ocr_par' dir='ltr' id='par_1_51' title="bbox 669 3247 2253 3320">
     <span class='ocr_line' id='line_1_51' title="bbox 669 3247 2253 3320; baseline 0.001 -17"><span class='ocrx_word' id='word_1_310' title='bbox 669 3249 867 3320; x_wconf 89' lang='lat' dir='ltr'><strong>p0pulo</strong></span> <span class='ocrx_word' id='word_1_311' title='bbox 923 3249 1224 3317; x_wconf 85' lang='lat' dir='ltr'><strong>providete.</strong></span> <span class='ocrx_word' id='word_1_312' title='bbox 1263 3247 1502 3318; x_wconf 75' lang='lat' dir='ltr'><strong>Benigne</strong></span> <span class='ocrx_word' id='word_1_313' title='bbox 1554 3258 1858 3304; x_wconf 87' lang='lat' dir='ltr'><strong>annuentes</strong></span> <span class='ocrx_word' id='word_1_314' title='bbox 1917 3250 2253 3305; x_wconf 83' lang='lat' dir='ltr'><strong>orationibus</strong></span> 
     </span>
    </p>
   </div>
   <div class='ocr_carea' id='block_1_52' title="bbox 674 3341 2249 3414">
    <p class='ocr_par' dir='ltr' id='par_1_52' title="bbox 674 3341 2249 3414">
     <span class='ocr_line' id='line_1_52' title="bbox 674 3341 2249 3414; baseline 0.001 -16"><span class='ocrx_word' id='word_1_315' title='bbox 674 3344 977 3414; x_wconf 84' lang='lat' dir='ltr'><strong>supplicum</strong></span> <span class='ocrx_word' id='word_1_316' title='bbox 1032 3341 1161 3411; x_wconf 90' lang='lat' dir='ltr'><strong>ipsis</strong></span> <span class='ocrx_word' id='word_1_317' title='bbox 1223 3342 1443 3411; x_wconf 89' lang='lat' dir='ltr'><strong>quidem</strong></span> <span class='ocrx_word' id='word_1_318' title='bbox 1480 3349 1539 3395; x_wconf 93' lang='lat' dir='ltr'><strong>ut</strong></span> <span class='ocrx_word' id='word_1_319' title='bbox 1564 3342 1790 3398; x_wconf 85' lang='lat' dir='ltr'><strong>insaucii</strong></span> <span class='ocrx_word' id='word_1_320' title='bbox 1823 3342 1933 3397; x_wconf 91' lang='lat' dir='ltr'><strong>sint</strong></span> <span class='ocrx_word' id='word_1_321' title='bbox 1958 3342 2249 3413; x_wconf 69' lang='lat' dir='ltr'><strong>illmsique;</strong></span> 
     </span>
    </p>
   </div>
   <div class='ocr_carea' id='block_1_53' title="bbox 672 3432 2249 3505">
    <p class='ocr_par' dir='ltr' id='par_1_53' title="bbox 672 3432 2249 3505">
     <span class='ocr_line' id='line_1_53' title="bbox 672 3432 2249 3505; baseline 0.002 -16"><span class='ocrx_word' id='word_1_322' title='bbox 672 3436 998 3490; x_wconf 86' lang='lat' dir='ltr'><strong>adversariis</strong></span> <span class='ocrx_word' id='word_1_323' title='bbox 1023 3444 1204 3489; x_wconf 85' lang='lat' dir='ltr'><strong>autem</strong></span> <span class='ocrx_word' id='word_1_324' title='bbox 1237 3432 1415 3501; x_wconf 85' lang='lat' dir='ltr'><strong>fugam</strong></span> <span class='ocrx_word' id='word_1_325' title='bbox 1440 3433 1625 3504; x_wconf 83' lang='lat' dir='ltr'><strong>petite,</strong></span> <span class='ocrx_word' id='word_1_326' title='bbox 1650 3449 1757 3503; x_wconf 88' lang='lat' dir='ltr'><strong>qua</strong></span> <span class='ocrx_word' id='word_1_327' title='bbox 1791 3438 2249 3505; x_wconf 79' lang='lat' dir='ltr'><strong>exterminentur;</strong></span> 
     </span>
    </p>
   </div>
   <div class='ocr_carea' id='block_1_54' title="bbox 672 3525 2253 3597">
    <p class='ocr_par' dir='ltr' id='par_1_54' title="bbox 672 3525 2253 3597">
     <span class='ocr_line' id='line_1_54' title="bbox 672 3525 2253 3597; baseline 0.002 -17"><span class='ocrx_word' id='word_1_328' title='bbox 672 3527 832 3597; x_wconf 84' lang='lat' dir='ltr'><strong>gladii</strong></span> <span class='ocrx_word' id='word_1_329' title='bbox 857 3528 910 3581; x_wconf 90' lang='lat' dir='ltr'><strong>in</strong></span> <span class='ocrx_word' id='word_1_330' title='bbox 941 3528 1118 3581; x_wconf 64' lang='lat' dir='ltr'><strong>credes</strong></span> <span class='ocrx_word' id='word_1_331' title='bbox 1143 3525 1374 3581; x_wconf 87' lang='lat' dir='ltr'><strong>districti</strong></span> <span class='ocrx_word' id='word_1_332' title='bbox 1413 3526 1699 3580; x_wconf 84' lang='lat' dir='ltr'><strong>obtundite</strong></span> <span class='ocrx_word' id='word_1_333' title='bbox 1751 3527 1924 3581; x_wconf 87' lang='lat' dir='ltr'><strong>aciem</strong></span> <span class='ocrx_word' id='word_1_334' title='bbox 1954 3543 1969 3593; x_wconf 90' lang='lat'><strong>;</strong></span> <span class='ocrx_word' id='word_1_335' title='bbox 2001 3528 2253 3597; x_wconf 88' lang='lat' dir='ltr'><strong>blasphe-</strong></span> 
     </span>
    </p>
   </div>
   <div class='ocr_carea' id='block_1_55' title="bbox 673 3616 2254 3688">
    <p class='ocr_par' dir='ltr' id='par_1_55' title="bbox 673 3616 2254 3688">
     <span class='ocr_line' id='line_1_55' title="bbox 673 3616 2254 3688; baseline 0.001 -13"><span class='ocrx_word' id='word_1_336' title='bbox 673 3636 883 3675; x_wconf 89' lang='lat' dir='ltr'><strong>morum</strong></span> <span class='ocrx_word' id='word_1_337' title='bbox 919 3634 1080 3674; x_wconf 82' lang='lat' dir='ltr'><strong>arcus</strong></span> <span class='ocrx_word' id='word_1_338' title='bbox 1113 3617 1411 3683; x_wconf 90' lang='lat' dir='ltr'><strong>conterite;</strong></span> <span class='ocrx_word' id='word_1_339' title='bbox 1445 3616 1734 3688; x_wconf 90' lang='lat' dir='ltr'><strong>impiorum</strong></span> <span class='ocrx_word' id='word_1_340' title='bbox 1789 3628 1941 3674; x_wconf 89' lang='lat' dir='ltr'><strong>scuta</strong></span> <span class='ocrx_word' id='word_1_341' title='bbox 1990 3621 2254 3677; x_wconf 86' lang='lat' dir='ltr'><strong>interces-</strong></span> 
     </span>
    </p>
   </div>
   <div class='ocr_carea' id='block_1_56' title="bbox 674 3711 2252 3782">
    <p class='ocr_par' dir='ltr' id='par_1_56' title="bbox 674 3711 2252 3782">
     <span class='ocr_line' id='line_1_56' title="bbox 674 3711 2252 3782; baseline -0.002 -13"><span class='ocrx_word' id='word_1_342' title='bbox 674 3714 844 3769; x_wconf 87' lang='lat' dir='ltr'><strong>sionis</strong></span> <span class='ocrx_word' id='word_1_343' title='bbox 880 3714 984 3782; x_wconf 89' lang='lat' dir='ltr'><strong>igni</strong></span> <span class='ocrx_word' id='word_1_344' title='bbox 1051 3711 1389 3775; x_wconf 85' lang='lat' dir='ltr'><strong>comburite;</strong></span> <span class='ocrx_word' id='word_1_345' title='bbox 1422 3723 1579 3764; x_wconf 81' lang='lat' dir='ltr'><strong>voces</strong></span> <span class='ocrx_word' id='word_1_346' title='bbox 1635 3724 1699 3764; x_wconf 88' lang='lat' dir='ltr'><strong>ac</strong></span> <span class='ocrx_word' id='word_1_347' title='bbox 1758 3711 1920 3765; x_wconf 83' lang='lat' dir='ltr'><strong>verba</strong></span> <span class='ocrx_word' id='word_1_348' title='bbox 1974 3711 2252 3766; x_wconf 89' lang='lat' dir='ltr'><strong>hominum</strong></span> 
     </span>
    </p>
   </div>
   <div class='ocr_carea' id='block_1_57' title="bbox 675 3803 2254 3874">
    <p class='ocr_par' dir='ltr' id='par_1_57' title="bbox 675 3803 2254 3874">
     <span class='ocr_line' id='line_1_57' title="bbox 675 3803 2254 3874; baseline 0.001 -16"><span class='ocrx_word' id='word_1_349' title='bbox 675 3805 782 3861; x_wconf 89' lang='lat' dir='ltr'><strong>alta</strong></span> <span class='ocrx_word' id='word_1_350' title='bbox 830 3804 1164 3873; x_wconf 90' lang='lat' dir='ltr'><strong>loquentium</strong></span> <span class='ocrx_word' id='word_1_351' title='bbox 1210 3804 1424 3869; x_wconf 88' lang='lat' dir='ltr'><strong>sistite;</strong></span> <span class='ocrx_word' id='word_1_352' title='bbox 1457 3803 1673 3874; x_wconf 77' lang='lat' dir='ltr'><strong>linguas</strong></span> <span class='ocrx_word' id='word_1_353' title='bbox 1725 3804 1987 3860; x_wconf 83' lang='lat' dir='ltr'><strong>adversus</strong></span> <span class='ocrx_word' id='word_1_354' title='bbox 2038 3806 2254 3861; x_wconf 81' lang='lat' dir='ltr'><strong>Altissi-</strong></span> 
     </span>
    </p>
   </div>
   <div class='ocr_carea' id='block_1_58' title="bbox 676 3894 2255 3965">
    <p class='ocr_par' dir='ltr' id='par_1_58' title="bbox 676 3894 2255 3965">
     <span class='ocr_line' id='line_1_58' title="bbox 676 3894 2255 3965; baseline -0.001 -12"><span class='ocrx_word' id='word_1_355' title='bbox 676 3912 823 3953; x_wconf 89' lang='lat' dir='ltr'><strong>mum</strong></span> <span class='ocrx_word' id='word_1_356' title='bbox 878 3906 1055 3951; x_wconf 89' lang='lat' dir='ltr'><strong>motas</strong></span> <span class='ocrx_word' id='word_1_357' title='bbox 1106 3895 1672 3965; x_wconf 65' lang='lat' dir='ltr'><strong>praapedite;piorum</strong></span> <span class='ocrx_word' id='word_1_358' title='bbox 1726 3894 2103 3965; x_wconf 81' lang='lat' dir='ltr'><strong>gloriatiouem</strong></span> <span class='ocrx_word' id='word_1_359' title='bbox 2159 3913 2255 3952; x_wconf 77' lang='lat' dir='ltr'><strong>vo-</strong></span> 
     </span>
    </p>
   </div>
   <div class='ocr_carea' id='block_1_59' title="bbox 676 3986 2252 4058">
    <p class='ocr_par' dir='ltr' id='par_1_59' title="bbox 676 3986 2252 4058">
     <span class='ocr_line' id='line_1_59' title="bbox 676 3986 2252 4058; baseline 0.001 -14"><span class='ocrx_word' id='word_1_360' title='bbox 676 3989 847 4045; x_wconf 88' lang='lat' dir='ltr'><strong>calem</strong></span> <span class='ocrx_word' id='word_1_361' title='bbox 917 3987 1393 4058; x_wconf 77' lang='lat' dir='ltr'><strong>exaudibilemque</strong></span> <span class='ocrx_word' id='word_1_362' title='bbox 1444 3987 1750 4055; x_wconf 87' lang='lat' dir='ltr'><strong>ostendite;</strong></span> <span class='ocrx_word' id='word_1_363' title='bbox 1784 3986 1993 4042; x_wconf 81' lang='lat' dir='ltr'><strong>fortiori</strong></span> <span class='ocrx_word' id='word_1_364' title='bbox 2052 3990 2252 4045; x_wconf 73' lang='lat' dir='ltr'><strong>virtute</strong></span> 
     </span>
    </p>
   </div>
   <div class='ocr_carea' id='block_1_60' title="bbox 674 4077 2257 4150">
    <p class='ocr_par' dir='ltr' id='par_1_60' title="bbox 674 4077 2257 4150">
     <span class='ocr_line' id='line_1_60' title="bbox 674 4077 2257 4150; baseline -0.001 -14"><span class='ocrx_word' id='word_1_365' title='bbox 674 4095 771 4136; x_wconf 84' lang='lat' dir='ltr'><strong>eos</strong></span> <span class='ocrx_word' id='word_1_366' title='bbox 796 4081 885 4149; x_wconf 91' lang='lat' dir='ltr'><strong>qui</strong></span> <span class='ocrx_word' id='word_1_367' title='bbox 911 4079 1190 4135; x_wconf 89' lang='lat' dir='ltr'><strong>Christum</strong></span> <span class='ocrx_word' id='word_1_368' title='bbox 1213 4089 1518 4150; x_wconf 85' lang='lat' dir='ltr'><strong>agnoscunt</strong></span> <span class='ocrx_word' id='word_1_369' title='bbox 1542 4089 1776 4144; x_wconf 87' lang='lat' dir='ltr'><strong>armate;</strong></span> <span class='ocrx_word' id='word_1_370' title='bbox 1807 4077 2141 4134; x_wconf 85' lang='lat' dir='ltr'><strong>ferventibus</strong></span> <span class='ocrx_word' id='word_1_371' title='bbox 2169 4094 2257 4134; x_wconf 88' lang='lat' dir='ltr'><strong>as-</strong></span> 
     </span>
    </p>
   </div>
   <div class='ocr_carea' id='block_1_61' title="bbox 676 4170 2253 4242">
    <p class='ocr_par' dir='ltr' id='par_1_61' title="bbox 676 4170 2253 4242">
     <span class='ocr_line' id='line_1_61' title="bbox 676 4170 2253 4242; baseline -0.003 -14"><span class='ocrx_word' id='word_1_372' title='bbox 676 4174 955 4242; x_wconf 87' lang='lat' dir='ltr'><strong>siduisque</strong></span> <span class='ocrx_word' id='word_1_373' title='bbox 984 4173 1052 4227; x_wconf 88' lang='lat' dir='ltr'><strong>ad</strong></span> <span class='ocrx_word' id='word_1_374' title='bbox 1094 4172 1471 4227; x_wconf 78' lang='lat' dir='ltr'><strong>universorum</strong></span> <span class='ocrx_word' id='word_1_375' title='bbox 1500 4170 1702 4241; x_wconf 77' lang='lat' dir='ltr'><strong>Regem</strong></span> <span class='ocrx_word' id='word_1_376' title='bbox 1741 4170 2253 4239; x_wconf 88' lang='lat' dir='ltr'><strong>supplicationibus,</strong></span> 
     </span>
    </p>
   </div>
   <div class='ocr_carea' id='block_1_62' title="bbox 678 4262 2255 4339">
    <p class='ocr_par' dir='ltr' id='par_1_62' title="bbox 678 4262 2255 4339">
     <span class='ocr_line' id='line_1_62' title="bbox 678 4262 2255 4339; baseline -0.003 -18"><span class='ocrx_word' id='word_1_377' title='bbox 678 4267 797 4339; x_wconf 90' lang='lat' dir='ltr'><strong>pios</strong></span> <span class='ocrx_word' id='word_1_378' title='bbox 847 4266 1207 4335; x_wconf 88' lang='lat' dir='ltr'><strong>imperatores</strong></span> <span class='ocrx_word' id='word_1_379' title='bbox 1254 4264 1497 4318; x_wconf 81' lang='lat' dir='ltr'><strong>victoriis</strong></span> <span class='ocrx_word' id='word_1_380' title='bbox 1548 4271 1914 4327; x_wconf 88' lang='lat' dir='ltr'><strong>coronantes,</strong></span> <span class='ocrx_word' id='word_1_381' title='bbox 1945 4262 2255 4317; x_wconf 86' lang='lat' dir='ltr'><strong>communia</strong></span> 
     </span>
    </p>
   </div>
   <div class='ocr_carea' id='block_1_63' title="bbox 680 4357 1593 4428">
    <p class='ocr_par' dir='ltr' id='par_1_63' title="bbox 680 4357 1593 4428">
     <span class='ocr_line' id='line_1_63' title="bbox 680 4357 1593 4428; baseline -0.003 -15"><span class='ocrx_word' id='word_1_382' title='bbox 680 4363 919 4428; x_wconf 60' lang='lat' dir='ltr'><strong>lmphata</strong></span> <span class='ocrx_word' id='word_1_383' title='bbox 945 4358 1072 4414; x_wconf 81' lang='lat' dir='ltr'><strong>ovili</strong></span> <span class='ocrx_word' id='word_1_384' title='bbox 1097 4357 1298 4413; x_wconf 85' lang='lat' dir='ltr'><strong>Christi</strong></span> <span class='ocrx_word' id='word_1_385' title='bbox 1329 4357 1593 4413; x_wconf 88' lang='lat' dir='ltr'><strong>obtincte.</strong></span> 
     </span>
    </p>
   </div>
   <div class='ocr_carea' id='block_1_64' title="bbox 748 4448 2332 4520">
    <p class='ocr_par' dir='ltr' id='par_1_64' title="bbox 748 4448 2332 4520">
     <span class='ocr_line' id='line_1_64' title="bbox 748 4448 2332 4520; baseline 0.001 -15"><span class='ocrx_word' id='word_1_386' title='bbox 748 4451 972 4507; x_wconf 78' lang='lat' dir='ltr'><strong>Habetis</strong></span> <span class='ocrx_word' id='word_1_387' title='bbox 1021 4464 1143 4503; x_wconf 90' lang='lat' dir='ltr'><strong>eum</strong></span> <span class='ocrx_word' id='word_1_388' title='bbox 1172 4448 1491 4516; x_wconf 86' lang='lat' dir='ltr'><strong>adjutorem,</strong></span> <span class='ocrx_word' id='word_1_389' title='bbox 1536 4450 1627 4519; x_wconf 90' lang='lat' dir='ltr'><strong>qui</strong></span> <span class='ocrx_word' id='word_1_390' title='bbox 1684 4448 1823 4503; x_wconf 87' lang='lat' dir='ltr'><strong>dona</strong></span> <span class='ocrx_word' id='word_1_391' title='bbox 1860 4450 2072 4505; x_wconf 88' lang='lat' dir='ltr'><strong>abunde</strong></span> <span class='ocrx_word' id='word_1_392' title='bbox 2123 4466 2255 4520; x_wconf 75' lang='lat' dir='ltr'><strong>prte-</strong></span> <span class='ocrx_word' id='word_1_393' title='bbox 2291 4463 2332 4519; x_wconf 82' lang='grc' dir='ltr'><strong>ι)</strong></span> 
     </span>
    </p>
   </div>
   <div class='ocr_carea' id='block_1_65' title="bbox 677 4538 2259 4610">
    <p class='ocr_par' dir='ltr' id='par_1_65' title="bbox 677 4538 2259 4610">
     <span class='ocr_line' id='line_1_65' title="bbox 677 4538 2259 4610; baseline -0.001 -12"><span class='ocrx_word' id='word_1_394' title='bbox 677 4545 804 4605; x_wconf 88' lang='lat' dir='ltr'><strong>bet;</strong></span> <span class='ocrx_word' id='word_1_395' title='bbox 834 4542 925 4609; x_wconf 91' lang='lat' dir='ltr'><strong>qui</strong></span> <span class='ocrx_word' id='word_1_396' title='bbox 958 4541 1341 4595; x_wconf 84' lang='lat' dir='ltr'><strong>misericordiae</strong></span> <span class='ocrx_word' id='word_1_397' title='bbox 1384 4540 1659 4609; x_wconf 81' lang='lat' dir='ltr'><strong>profundit</strong></span> <span class='ocrx_word' id='word_1_398' title='bbox 1695 4538 1953 4608; x_wconf 80' lang='lat' dir='ltr'><strong>(Iuntina;</strong></span> <span class='ocrx_word' id='word_1_399' title='bbox 1990 4541 2080 4610; x_wconf 90' lang='lat' dir='ltr'><strong>qui</strong></span> <span class='ocrx_word' id='word_1_400' title='bbox 2133 4557 2259 4597; x_wconf 86' lang='lat' dir='ltr'><strong>suo-</strong></span> 
     </span>
    </p>
   </div>
   <div class='ocr_carea' id='block_1_66' title="bbox 679 4631 2256 4703">
    <p class='ocr_par' dir='ltr' id='par_1_66' title="bbox 679 4631 2256 4703">
     <span class='ocr_line' id='line_1_66' title="bbox 679 4631 2256 4703; baseline -0.001 -14"><span class='ocrx_word' id='word_1_401' title='bbox 679 4651 800 4690; x_wconf 92' lang='lat' dir='ltr'><strong>rum</strong></span> <span class='ocrx_word' id='word_1_402' title='bbox 832 4648 1120 4687; x_wconf 89' lang='lat' dir='ltr'><strong>munerum</strong></span> <span class='ocrx_word' id='word_1_403' title='bbox 1170 4631 1424 4703; x_wconf 79' lang='lat' dir='ltr'><strong>abyssum</strong></span> <span class='ocrx_word' id='word_1_404' title='bbox 1458 4633 1655 4701; x_wconf 89' lang='lat' dir='ltr'><strong>aperit,</strong></span> <span class='ocrx_word' id='word_1_405' title='bbox 1707 4646 1773 4687; x_wconf 89' lang='lat' dir='ltr'><strong>ac</strong></span> <span class='ocrx_word' id='word_1_406' title='bbox 1796 4633 2017 4687; x_wconf 89' lang='lat' dir='ltr'><strong>haurire</strong></span> <span class='ocrx_word' id='word_1_407' title='bbox 2067 4633 2256 4687; x_wconf 77' lang='lat' dir='ltr'><strong>volen-</strong></span> 
     </span>
    </p>
   </div>
   <div class='ocr_carea' id='block_1_67' title="bbox 681 4725 2257 4794">
    <p class='ocr_par' dir='ltr' id='par_1_67' title="bbox 681 4725 2257 4794">
     <span class='ocr_line' id='line_1_67' title="bbox 681 4725 2257 4794; baseline -0.001 -12"><span class='ocrx_word' id='word_1_408' title='bbox 681 4731 823 4783; x_wconf 81' lang='lat' dir='ltr'><strong>tibus</strong></span> <span class='ocrx_word' id='word_1_409' title='bbox 854 4725 1229 4782; x_wconf 85' lang='lat' dir='ltr'><strong>accommodat</strong></span> <span class='ocrx_word' id='word_1_410' title='bbox 1251 4738 1512 4793; x_wconf 89' lang='lat' dir='ltr'><strong>operam;</strong></span> <span class='ocrx_word' id='word_1_411' title='bbox 1543 4726 1632 4793; x_wconf 87' lang='lat' dir='ltr'><strong>qui</strong></span> <span class='ocrx_word' id='word_1_412' title='bbox 1656 4734 1878 4794; x_wconf 56' lang='lat' dir='ltr'><strong>prastat</strong></span> <span class='ocrx_word' id='word_1_413' title='bbox 1906 4725 2257 4794; x_wconf 88' lang='lat' dir='ltr'><strong>insuperabili</strong></span> 
     </span>
    </p>
   </div>
   <div class='ocr_carea' id='block_1_68' title="bbox 681 4814 2253 4890">
    <p class='ocr_par' dir='ltr' id='par_1_68' title="bbox 681 4814 2253 4890">
     <span class='ocr_line' id='line_1_68' title="bbox 681 4814 2253 4890; baseline -0.001 -14"><span class='ocrx_word' id='word_1_414' title='bbox 681 4822 896 4887; x_wconf 80' lang='lat' dir='ltr'><strong>robore;</strong></span> <span class='ocrx_word' id='word_1_415' title='bbox 915 4821 1006 4890; x_wconf 91' lang='lat' dir='ltr'><strong>qui</strong></span> <span class='ocrx_word' id='word_1_416' title='bbox 1026 4819 1173 4874; x_wconf 89' lang='lat' dir='ltr'><strong>solus</strong></span> <span class='ocrx_word' id='word_1_417' title='bbox 1197 4818 1431 4872; x_wconf 85' lang='lat' dir='ltr'><strong>victores</strong></span> <span class='ocrx_word' id='word_1_418' title='bbox 1455 4815 1604 4881; x_wconf 81' lang='lat' dir='ltr'><strong>facit,</strong></span> <span class='ocrx_word' id='word_1_419' title='bbox 1630 4814 1878 4872; x_wconf 89' lang='lat' dir='ltr'><strong>Christus</strong></span> <span class='ocrx_word' id='word_1_420' title='bbox 1900 4834 1915 4883; x_wconf 91' lang='lat'><strong>;</strong></span> <span class='ocrx_word' id='word_1_421' title='bbox 1934 4832 2253 4889; x_wconf 84' lang='lat' dir='ltr'><strong>pacemque,</strong></span> 
     </span>
    </p>
   </div>
   <div class='ocr_carea' id='block_1_69' title="bbox 681 4911 1399 4983">
    <p class='ocr_par' dir='ltr' id='par_1_69' title="bbox 681 4911 1399 4983">
     <span class='ocr_line' id='line_1_69' title="bbox 681 4911 1399 4983; baseline -0.007 -13"><span class='ocrx_word' id='word_1_422' title='bbox 681 4917 907 4971; x_wconf 78' lang='lat' dir='ltr'><strong>veritate</strong></span> <span class='ocrx_word' id='word_1_423' title='bbox 937 4928 1151 4983; x_wconf 88' lang='lat' dir='ltr'><strong>pacem,</strong></span> <span class='ocrx_word' id='word_1_424' title='bbox 1188 4911 1399 4965; x_wconf 86' lang='lat' dir='ltr'><strong>tribuit.</strong></span> 
     </span>
    </p>
   </div>
   <div class='ocr_carea' id='block_1_70' title="bbox 754 5001 2255 5072">
    <p class='ocr_par' dir='ltr' id='par_1_70' title="bbox 754 5001 2255 5072">
     <span class='ocr_line' id='line_1_70' title="bbox 754 5001 2255 5072; baseline -0.004 -10"><span class='ocrx_word' id='word_1_425' title='bbox 754 5008 997 5072; x_wconf 84' lang='lat' dir='ltr'><strong>Habetis,</strong></span> <span class='ocrx_word' id='word_1_426' title='bbox 1043 5022 1166 5061; x_wconf 93' lang='lat' dir='ltr'><strong>cum</strong></span> <span class='ocrx_word' id='word_1_427' title='bbox 1195 5004 1393 5064; x_wconf 79' lang='lat' dir='ltr'><strong>verbis,</strong></span> <span class='ocrx_word' id='word_1_428' title='bbox 1450 5011 1563 5057; x_wconf 91' lang='lat' dir='ltr'><strong>tum</strong></span> <span class='ocrx_word' id='word_1_429' title='bbox 1596 5005 1758 5058; x_wconf 89' lang='lat' dir='ltr'><strong>rebus</strong></span> <span class='ocrx_word' id='word_1_430' title='bbox 1790 5001 1943 5072; x_wconf 91' lang='lat' dir='ltr'><strong>ipsis,</strong></span> <span class='ocrx_word' id='word_1_431' title='bbox 1985 5002 2255 5058; x_wconf 78' lang='lat' dir='ltr'><strong>faventem</strong></span> 
     </span>
    </p>
   </div>
   <div class='ocr_carea' id='block_1_71' title="bbox 685 5094 2257 5168">
    <p class='ocr_par' dir='ltr' id='par_1_71' title="bbox 685 5094 2257 5168">
     <span class='ocr_line' id='line_1_71' title="bbox 685 5094 2257 5168; baseline -0.003 -14"><span class='ocrx_word' id='word_1_432' title='bbox 685 5097 965 5168; x_wconf 83' lang='lat' dir='ltr'><strong>largitoris</strong></span> <span class='ocrx_word' id='word_1_433' title='bbox 1011 5098 1271 5158; x_wconf 80' lang='lat' dir='ltr'><strong>Matrem,</strong></span> <span class='ocrx_word' id='word_1_434' title='bbox 1306 5108 1371 5146; x_wconf 88' lang='lat' dir='ltr'><strong>ac</strong></span> <span class='ocrx_word' id='word_1_435' title='bbox 1400 5102 1707 5147; x_wconf 83' lang='lat' dir='ltr'><strong>creaturam</strong></span> <span class='ocrx_word' id='word_1_436' title='bbox 1761 5094 2053 5163; x_wconf 77' lang='lat' dir='ltr'><strong>Reginam;</strong></span> <span class='ocrx_word' id='word_1_437' title='bbox 2087 5095 2257 5150; x_wconf 89' lang='lat' dir='ltr'><strong>inter-</strong></span> 
     </span>
    </p>
   </div>
   <div class='ocr_carea' id='block_1_72' title="bbox 678 5184 2254 5252">
    <p class='ocr_par' dir='ltr' id='par_1_72' title="bbox 678 5184 2254 5252">
     <span class='ocr_line' id='line_1_72' title="bbox 678 5184 2254 5252; baseline -0.006 -3"><span class='ocrx_word' id='word_1_438' title='bbox 678 5192 982 5249; x_wconf 84' lang='lat' dir='ltr'><strong>cessionem</strong></span> <span class='ocrx_word' id='word_1_439' title='bbox 1039 5188 1185 5243; x_wconf 90' lang='lat' dir='ltr'><strong>illam</strong></span> <span class='ocrx_word' id='word_1_440' title='bbox 1234 5185 1479 5240; x_wconf 78' lang='lat' dir='ltr'><strong>exaudiri</strong></span> <span class='ocrx_word' id='word_1_441' title='bbox 1522 5184 1774 5250; x_wconf 80' lang='lat' dir='ltr'><strong>facilem;</strong></span> <span class='ocrx_word' id='word_1_442' title='bbox 1831 5184 2120 5252; x_wconf 83' lang='lat' dir='ltr'><strong>feminam,</strong></span> <span class='ocrx_word' id='word_1_443' title='bbox 2174 5187 2254 5239; x_wconf 82' lang='lat' dir='ltr'><strong>in-</strong></span> 
     </span>
    </p>
   </div>
   <div class='ocr_carea' id='block_1_73' title="bbox 681 5276 2256 5356">
    <p class='ocr_par' dir='ltr' id='par_1_73' title="bbox 681 5276 2256 5356">
     <span class='ocr_line' id='line_1_73' title="bbox 681 5276 2256 5356; baseline -0.005 -17"><span class='ocrx_word' id='word_1_444' title='bbox 681 5299 869 5356; x_wconf 89' lang='lat' dir='ltr'><strong>quam,</strong></span> <span class='ocrx_word' id='word_1_445' title='bbox 903 5284 979 5336; x_wconf 93' lang='lat' dir='ltr'><strong>uti</strong></span> <span class='ocrx_word' id='word_1_446' title='bbox 1013 5282 1183 5351; x_wconf 85' lang='lat' dir='ltr'><strong>gloria</strong></span> <span class='ocrx_word' id='word_1_447' title='bbox 1214 5276 1658 5346; x_wconf 86' lang='lat' dir='ltr'><strong>incomparabili,</strong></span> <span class='ocrx_word' id='word_1_448' title='bbox 1708 5276 1779 5330; x_wconf 84' lang='lat' dir='ltr'><strong>ita</strong></span> <span class='ocrx_word' id='word_1_449' title='bbox 1814 5287 1868 5331; x_wconf 90' lang='lat' dir='ltr'><strong>et</strong></span> <span class='ocrx_word' id='word_1_450' title='bbox 1895 5277 2256 5346; x_wconf 86' lang='lat' dir='ltr'><strong>supplicatio-</strong></span> 
     </span>
    </p>
   </div>
   <div class='ocr_carea' id='block_1_74' title="bbox 686 5368 2258 5433">
    <p class='ocr_par' dir='ltr' id='par_1_74' title="bbox 686 5368 2258 5433">
     <span class='ocr_line' id='line_1_74' title="bbox 686 5368 2258 5433; baseline -0.003 -5"><span class='ocrx_word' id='word_1_451' title='bbox 686 5390 810 5429; x_wconf 90' lang='lat' dir='ltr'><strong>num</strong></span> <span class='ocrx_word' id='word_1_452' title='bbox 843 5374 1191 5433; x_wconf 82' lang='lat' dir='ltr'><strong>eflicncitate,</strong></span> <span class='ocrx_word' id='word_1_453' title='bbox 1238 5369 1461 5425; x_wconf 88' lang='lat' dir='ltr'><strong>semotis</strong></span> <span class='ocrx_word' id='word_1_454' title='bbox 1501 5384 1530 5421; x_wconf 90' lang='lat' dir='ltr'><strong>a</strong></span> <span class='ocrx_word' id='word_1_455' title='bbox 1574 5368 1803 5421; x_wconf 89' lang='lat' dir='ltr'><strong>materia</strong></span> <span class='ocrx_word' id='word_1_456' title='bbox 1836 5368 2107 5422; x_wconf 87' lang='lat' dir='ltr'><strong>mentibus</strong></span> <span class='ocrx_word' id='word_1_457' title='bbox 2142 5385 2258 5423; x_wconf 91' lang='lat' dir='ltr'><strong>om-</strong></span> 
     </span>
    </p>
   </div>
   <div class='ocr_carea' id='block_1_75' title="bbox 681 5458 2258 5533">
    <p class='ocr_par' dir='ltr' id='par_1_75' title="bbox 681 5458 2258 5533">
     <span class='ocr_line' id='line_1_75' title="bbox 681 5458 2258 5533; baseline -0.006 -11"><span class='ocrx_word' id='word_1_458' title='bbox 681 5470 859 5530; x_wconf 85' lang='lat' dir='ltr'><strong>nibus,</strong></span> <span class='ocrx_word' id='word_1_459' title='bbox 911 5466 1115 5533; x_wconf 89' lang='lat' dir='ltr'><strong>Deique</strong></span> <span class='ocrx_word' id='word_1_460' title='bbox 1144 5461 1363 5516; x_wconf 86' lang='lat' dir='ltr'><strong>famulis</strong></span> <span class='ocrx_word' id='word_1_461' title='bbox 1394 5459 1696 5527; x_wconf 65' lang='lat' dir='ltr'><strong>prmlatam,</strong></span> <span class='ocrx_word' id='word_1_462' title='bbox 1765 5472 1995 5527; x_wconf 69' lang='lat' dir='ltr'><strong>quaeque</strong></span> <span class='ocrx_word' id='word_1_463' title='bbox 2025 5458 2094 5513; x_wconf 87' lang='lat' dir='ltr'><strong>ab</strong></span> <span class='ocrx_word' id='word_1_464' title='bbox 2144 5460 2258 5529; x_wconf 90' lang='lat' dir='ltr'><strong>ipso</strong></span> 
     </span>
    </p>
   </div>
   <div class='ocr_carea' id='block_1_76' title="bbox 680 5550 2257 5624">
    <p class='ocr_par' dir='ltr' id='par_1_76' title="bbox 680 5550 2257 5624">
     <span class='ocr_line' id='line_1_76' title="bbox 680 5550 2257 5624; baseline -0.004 -12"><span class='ocrx_word' id='word_1_465' title='bbox 680 5558 873 5612; x_wconf 86' lang='lat' dir='ltr'><strong>datore</strong></span> <span class='ocrx_word' id='word_1_466' title='bbox 900 5554 1193 5624; x_wconf 86' lang='lat' dir='ltr'><strong>acceperit,</strong></span> <span class='ocrx_word' id='word_1_467' title='bbox 1236 5561 1295 5606; x_wconf 92' lang='lat' dir='ltr'><strong>ut</strong></span> <span class='ocrx_word' id='word_1_468' title='bbox 1325 5550 1442 5619; x_wconf 77' lang='lat' dir='ltr'><strong>ejus</strong></span> <span class='ocrx_word' id='word_1_469' title='bbox 1478 5562 1671 5619; x_wconf 85' lang='lat' dir='ltr'><strong>preces</strong></span> <span class='ocrx_word' id='word_1_470' title='bbox 1720 5564 1996 5617; x_wconf 84' lang='lat' dir='ltr'><strong>nunquam</strong></span> <span class='ocrx_word' id='word_1_471' title='bbox 2030 5550 2082 5604; x_wconf 88' lang='lat' dir='ltr'><strong>in</strong></span> <span class='ocrx_word' id='word_1_472' title='bbox 2134 5566 2257 5607; x_wconf 85' lang='lat' dir='ltr'><strong>cas-</strong></span> 
     </span>
    </p>
   </div>
   <div class='ocr_carea' id='block_1_77' title="bbox 682 5641 2254 5716">
    <p class='ocr_par' dir='ltr' id='par_1_77' title="bbox 682 5641 2254 5716">
     <span class='ocr_line' id='line_1_77' title="bbox 682 5641 2254 5716; baseline -0.003 -13"><span class='ocrx_word' id='word_1_473' title='bbox 682 5664 801 5704; x_wconf 77' lang='lat' dir='ltr'><strong>sum</strong></span> <span class='ocrx_word' id='word_1_474' title='bbox 830 5649 1023 5703; x_wconf 84' lang='lat' dir='ltr'><strong>cedant</strong></span> <span class='ocrx_word' id='word_1_475' title='bbox 1054 5664 1068 5702; x_wconf 92' lang='lat'><em>:</em></span> <span class='ocrx_word' id='word_1_476' title='bbox 1100 5662 1196 5716; x_wconf 90' lang='lat' dir='ltr'><strong>per</strong></span> <span class='ocrx_word' id='word_1_477' title='bbox 1246 5658 1408 5713; x_wconf 88' lang='lat' dir='ltr'><strong>quam</strong></span> <span class='ocrx_word' id='word_1_478' title='bbox 1441 5644 1715 5697; x_wconf 85' lang='lat' dir='ltr'><strong>infirmum</strong></span> <span class='ocrx_word' id='word_1_479' title='bbox 1750 5641 2028 5695; x_wconf 88' lang='lat' dir='ltr'><strong>hominum</strong></span> <span class='ocrx_word' id='word_1_480' title='bbox 2062 5658 2254 5712; x_wconf 86' lang='lat' dir='ltr'><strong>genus,</strong></span> 
     </span>
    </p>
   </div>
   <div class='ocr_carea' id='block_1_78' title="bbox 684 5730 2254 5811">
    <p class='ocr_par' dir='ltr' id='par_1_78' title="bbox 684 5730 2254 5811">
     <span class='ocr_line' id='line_1_78' title="bbox 684 5730 2254 5811; baseline -0.004 -17"><span class='ocrx_word' id='word_1_481' title='bbox 684 5754 746 5796; x_wconf 85' lang='lat' dir='ltr'><strong>ac</strong></span> <span class='ocrx_word' id='word_1_482' title='bbox 793 5749 1077 5811; x_wconf 80' lang='lat' dir='ltr'><strong>postquam</strong></span> <span class='ocrx_word' id='word_1_483' title='bbox 1121 5750 1246 5792; x_wconf 77' lang='lat' dir='ltr'><strong>rere</strong></span> <span class='ocrx_word' id='word_1_484' title='bbox 1290 5736 1483 5791; x_wconf 86' lang='lat' dir='ltr'><strong>bonam</strong></span> <span class='ocrx_word' id='word_1_485' title='bbox 1537 5730 1903 5788; x_wconf 65' lang='lat' dir='ltr'><strong>valetudinem</strong></span> <span class='ocrx_word' id='word_1_486' title='bbox 1959 5733 2254 5801; x_wconf 86' lang='lat' dir='ltr'><strong>amisisset,</strong></span> 
     </span>
    </p>
   </div>
   <div class='ocr_carea' id='block_1_79' title="bbox 2348 1866 3943 1951">
    <p class='ocr_par' dir='ltr' id='par_1_79' title="bbox 2348 1866 3943 1951">
     <span class='ocr_line' id='line_1_79' title="bbox 2348 1866 3943 1951; baseline -0.01 -16"><span class='ocrx_word' id='word_1_487' title='bbox 2348 1880 2591 1950; x_wconf 82' lang='grc' dir='ltr'><strong>ρήματος</strong></span> <span class='ocrx_word' id='word_1_488' title='bbox 2618 1896 2633 1910; x_wconf 76' lang='grc' dir='ltr'><strong>ο</strong></span> <span class='ocrx_word' id='word_1_489' title='bbox 2675 1877 3020 1951; x_wconf 83' lang='grc' dir='ltr'><strong>χειρουργῶν</strong></span> <span class='ocrx_word' id='word_1_490' title='bbox 3046 1894 3105 1930; x_wconf 88' lang='grc' dir='ltr'><strong>τε</strong></span> <span class='ocrx_word' id='word_1_491' title='bbox 3136 1879 3341 1947; x_wconf 83' lang='grc' dir='ltr'><strong>τομαῖς</strong></span> <span class='ocrx_word' id='word_1_492' title='bbox 3372 1874 3484 1946; x_wconf 57' lang='lat' dir='ltr'><strong>[ian</strong></span> <span class='ocrx_word' id='word_1_493' title='bbox 3508 1874 3609 1927; x_wconf 76' lang='grc' dir='ltr'><strong>καὶ</strong></span> <span class='ocrx_word' id='word_1_494' title='bbox 3653 1866 3943 1937; x_wconf 63' lang='lat' dir='ltr'><strong>xci-Sicut],</strong></span> 
     </span>
    </p>
   </div>
   <div class='ocr_carea' id='block_1_80' title="bbox 2346 1965 3949 2043">
    <p class='ocr_par' dir='ltr' id='par_1_80' title="bbox 2346 1965 3949 2043">
     <span class='ocr_line' id='line_1_80' title="bbox 2346 1965 3949 2043; baseline -0.006 -20"><span class='ocrx_word' id='word_1_495' title='bbox 2346 1972 2443 2023; x_wconf 77' lang='grc' dir='ltr'><strong>καὶ</strong></span> <span class='ocrx_word' id='word_1_496' title='bbox 2458 1971 2765 2043; x_wconf 80' lang='grc' dir='ltr'><strong>σηπεδόνας</strong></span> <span class='ocrx_word' id='word_1_497' title='bbox 2782 1969 3127 2040; x_wconf 79' lang='grc' dir='ltr'><strong>ἐξαιρεῖσθαι</strong></span> <span class='ocrx_word' id='word_1_498' title='bbox 3140 1967 3509 2039; x_wconf 83' lang='grc' dir='ltr'><strong>πειρώμενος,</strong></span> <span class='ocrx_word' id='word_1_499' title='bbox 3529 1965 3949 2035; x_wconf 81' lang='grc' dir='ltr'><strong>συντέμνοντας</strong></span> 
     </span>
    </p>
   </div>
   <div class='ocr_carea' id='block_1_81' title="bbox 2346 2057 3835 2131">
    <p class='ocr_par' dir='ltr' id='par_1_81' title="bbox 2346 2057 3835 2131">
     <span class='ocr_line' id='line_1_81' title="bbox 2346 2057 3835 2131; baseline -0.004 -16"><span class='ocrx_word' id='word_1_500' title='bbox 2346 2063 2495 2131; x_wconf 83' lang='grc' dir='ltr'><strong>ὑμᾶς</strong></span> <span class='ocrx_word' id='word_1_501' title='bbox 2526 2063 2622 2115; x_wconf 81' lang='grc' dir='ltr'><strong>καὶ</strong></span> <span class='ocrx_word' id='word_1_502' title='bbox 2647 2063 3039 2125; x_wconf 86' lang='grc' dir='ltr'><strong>συνουλοῦντας</strong></span> <span class='ocrx_word' id='word_1_503' title='bbox 3067 2062 3125 2112; x_wconf 91' lang='grc' dir='ltr'><strong>ἐν</strong></span> <span class='ocrx_word' id='word_1_504' title='bbox 3156 2059 3461 2129; x_wconf 79' lang='grc' dir='ltr'><strong>ἀμηχάνοις</strong></span> <span class='ocrx_word' id='word_1_505' title='bbox 3494 2057 3835 2129; x_wconf 72' lang='grc' dir='ltr'><strong>προϐλέπει.</strong></span> 
     </span>
    </p>
   </div>
   <div class='ocr_carea' id='block_1_82' title="bbox 2428 2148 3945 2224">
    <p class='ocr_par' dir='ltr' id='par_1_82' title="bbox 2428 2148 3945 2224">
     <span class='ocr_line' id='line_1_82' title="bbox 2428 2148 3945 2224; baseline -0.006 -17"><span class='ocrx_word' id='word_1_506' title='bbox 2428 2153 2591 2208; x_wconf 83' lang='grc' dir='ltr'><strong>Ἀλλὰ</strong></span> <span class='ocrx_word' id='word_1_507' title='bbox 2613 2154 2722 2224; x_wconf 80' lang='grc' dir='ltr'><strong>γὰρ</strong></span> <span class='ocrx_word' id='word_1_508' title='bbox 2742 2154 2839 2207; x_wconf 77' lang='grc' dir='ltr'><strong>καὶ</strong></span> <span class='ocrx_word' id='word_1_509' title='bbox 2867 2157 2895 2206; x_wconf 88' lang='grc' dir='ltr'>ὁ</span> <span class='ocrx_word' id='word_1_510' title='bbox 2924 2155 3022 2223; x_wconf 77' lang='grc' dir='ltr'><strong>τὴν</strong></span> <span class='ocrx_word' id='word_1_511' title='bbox 3049 2153 3158 2204; x_wconf 82' lang='grc' dir='ltr'><strong>τῶν</strong></span> <span class='ocrx_word' id='word_1_512' title='bbox 3186 2150 3448 2203; x_wconf 78' lang='grc' dir='ltr'><strong>ἐναντίων</strong></span> <span class='ocrx_word' id='word_1_513' title='bbox 3487 2149 3677 2219; x_wconf 68' lang='grc' dir='ltr'><strong>μάχην</strong></span> <span class='ocrx_word' id='word_1_514' title='bbox 3704 2148 3945 2216; x_wconf 72' lang='grc' dir='ltr'><strong>δεξαμε-</strong></span> 
     </span>
    </p>
   </div>
   <div class='ocr_carea' id='block_1_83' title="bbox 2348 2243 3947 2314">
    <p class='ocr_par' dir='ltr' id='par_1_83' title="bbox 2348 2243 3947 2314">
     <span class='ocr_line' id='line_1_83' title="bbox 2348 2243 3947 2314; baseline -0.006 -11"><span class='ocrx_word' id='word_1_515' title='bbox 2348 2266 2461 2313; x_wconf 84' lang='grc' dir='ltr'><strong>νος,</strong></span> <span class='ocrx_word' id='word_1_516' title='bbox 2501 2248 2601 2301; x_wconf 69' lang='grc' dir='ltr'><strong>καὶ</strong></span> <span class='ocrx_word' id='word_1_517' title='bbox 2632 2251 2744 2309; x_wconf 84' lang='grc' dir='ltr'><strong>τοῖς</strong></span> <span class='ocrx_word' id='word_1_518' title='bbox 2788 2248 2897 2301; x_wconf 83' lang='grc' dir='ltr'><strong>τῶν</strong></span> <span class='ocrx_word' id='word_1_519' title='bbox 2926 2248 3106 2300; x_wconf 81' lang='grc' dir='ltr'><strong>ἀθέων</strong></span> <span class='ocrx_word' id='word_1_520' title='bbox 3141 2246 3400 2314; x_wconf 79' lang='grc' dir='ltr'><strong>πολέμοις</strong></span> <span class='ocrx_word' id='word_1_521' title='bbox 3432 2244 3813 2314; x_wconf 71' lang='grc' dir='ltr'><strong>τρυχόμενος,</strong></span> <span class='ocrx_word' id='word_1_522' title='bbox 3847 2243 3947 2312; x_wconf 78' lang='grc' dir='ltr'><strong>τὴν</strong></span> 
     </span>
    </p>
   </div>
   <div class='ocr_carea' id='block_1_84' title="bbox 2350 2333 3950 2409">
    <p class='ocr_par' dir='ltr' id='par_1_84' title="bbox 2350 2333 3950 2409">
     <span class='ocr_line' id='line_1_84' title="bbox 2350 2333 3950 2409; baseline -0.004 -17"><span class='ocrx_word' id='word_1_523' title='bbox 2350 2339 2505 2409; x_wconf 84' lang='grc' dir='ltr'><strong>ὑμῶν</strong></span> <span class='ocrx_word' id='word_1_524' title='bbox 2574 2340 2657 2401; x_wconf 86' lang='grc' dir='ltr'><strong>εἰς</strong></span> <span class='ocrx_word' id='word_1_525' title='bbox 2711 2337 3150 2405; x_wconf 78' lang='grc' dir='ltr'><strong>ἀντιπαράταξιν</strong></span> <span class='ocrx_word' id='word_1_526' title='bbox 3225 2336 3541 2388; x_wconf 77' lang='grc' dir='ltr'><strong>ἐκκαλεῖται</strong></span> <span class='ocrx_word' id='word_1_527' title='bbox 3606 2333 3950 2405; x_wconf 76' lang='grc' dir='ltr'><strong>πρεσϐείαν.</strong></span> 
     </span>
    </p>
   </div>
   <div class='ocr_carea' id='block_1_85' title="bbox 2349 2428 3950 2499">
    <p class='ocr_par' dir='ltr' id='par_1_85' title="bbox 2349 2428 3950 2499">
     <span class='ocr_line' id='line_1_85' title="bbox 2349 2428 3950 2499; baseline -0.004 -16"><span class='ocrx_word' id='word_1_528' title='bbox 2349 2428 2560 2498; x_wconf 79' lang='grc' dir='ltr'><strong>Ὥσπερ</strong></span> <span class='ocrx_word' id='word_1_529' title='bbox 2589 2429 2700 2498; x_wconf 77' lang='grc' dir='ltr'><strong>γὰρ</strong></span> <span class='ocrx_word' id='word_1_530' title='bbox 2743 2429 2886 2482; x_wconf 73' lang='grc' dir='ltr'><strong>κατὰ</strong></span> <span class='ocrx_word' id='word_1_531' title='bbox 2916 2429 3127 2499; x_wconf 82' lang='grc' dir='ltr'><strong>νοητῶν</strong></span> <span class='ocrx_word' id='word_1_532' title='bbox 3171 2428 3449 2497; x_wconf 87' lang='grc' dir='ltr'><strong>πολεμίων</strong></span> <span class='ocrx_word' id='word_1_533' title='bbox 3478 2429 3574 2481; x_wconf 81' lang='grc' dir='ltr'><strong>καί</strong></span> <span class='ocrx_word' id='word_1_534' title='bbox 3607 2428 3812 2481; x_wconf 68' lang='grc' dir='ltr'><strong>παθῶν</strong></span> <span class='ocrx_word' id='word_1_535' title='bbox 3845 2444 3950 2478; x_wconf 52' lang='grc' dir='ltr'><strong>σωκ</strong></span> 
     </span>
    </p>
   </div>
   <div class='ocr_carea' id='block_1_86' title="bbox 2351 2517 3953 2592">
    <p class='ocr_par' dir='ltr' id='par_1_86' title="bbox 2351 2517 3953 2592">
     <span class='ocr_line' id='line_1_86' title="bbox 2351 2517 3953 2592; baseline -0.003 -18"><span class='ocrx_word' id='word_1_536' title='bbox 2351 2520 2601 2592; x_wconf 80' lang='grc' dir='ltr'><strong>ματικῶν</strong></span> <span class='ocrx_word' id='word_1_537' title='bbox 2634 2519 2848 2590; x_wconf 80' lang='grc' dir='ltr'><strong>ἄμαχον</strong></span> <span class='ocrx_word' id='word_1_538' title='bbox 2890 2519 2952 2572; x_wconf 82' lang='grc' dir='ltr'><strong>τὸ</strong></span> <span class='ocrx_word' id='word_1_539' title='bbox 3006 2521 3209 2590; x_wconf 77' lang='grc' dir='ltr'><strong>κράτος</strong></span> <span class='ocrx_word' id='word_1_540' title='bbox 3262 2518 3554 2583; x_wconf 81' lang='grc' dir='ltr'><strong>ἐδέξασθε·</strong></span> <span class='ocrx_word' id='word_1_541' title='bbox 3615 2517 3769 2570; x_wconf 69' lang='grc' dir='ltr'><strong>οὕτω</strong></span> <span class='ocrx_word' id='word_1_542' title='bbox 3831 2518 3953 2569; x_wconf 80' lang='grc' dir='ltr'><strong>κατ’</strong></span> 
     </span>
    </p>
   </div>
   <div class='ocr_carea' id='block_1_87' title="bbox 2348 2608 3955 2681">
    <p class='ocr_par' dir='ltr' id='par_1_87' title="bbox 2348 2608 3955 2681">
     <span class='ocr_line' id='line_1_87' title="bbox 2348 2608 3955 2681; baseline -0.002 -17"><span class='ocrx_word' id='word_1_543' title='bbox 2348 2611 2597 2674; x_wconf 82' lang='grc' dir='ltr'><strong>ἐναντίας</strong></span> <span class='ocrx_word' id='word_1_544' title='bbox 2651 2612 2840 2680; x_wconf 77' lang='grc' dir='ltr'><strong>ἐφόδου</strong></span> <span class='ocrx_word' id='word_1_545' title='bbox 2877 2610 2971 2665; x_wconf 78' lang='grc' dir='ltr'><strong>καὶ</strong></span> <span class='ocrx_word' id='word_1_546' title='bbox 3003 2610 3186 2681; x_wconf 82' lang='grc' dir='ltr'><strong>μάχης</strong></span> <span class='ocrx_word' id='word_1_547' title='bbox 3237 2610 3545 2680; x_wconf 73' lang='grc' dir='ltr'><strong>ὁρωμένης,</strong></span> <span class='ocrx_word' id='word_1_548' title='bbox 3588 2611 3691 2661; x_wconf 71' lang='grc' dir='ltr'><strong>καὶ</strong></span> <span class='ocrx_word' id='word_1_549' title='bbox 3726 2608 3955 2677; x_wconf 73' lang='grc' dir='ltr'><strong>ἐχθρῶν</strong></span> 
     </span>
    </p>
   </div>
   <div class='ocr_carea' id='block_1_88' title="bbox 2349 2700 3957 2773">
    <p class='ocr_par' dir='ltr' id='par_1_88' title="bbox 2349 2700 3957 2773">
     <span class='ocr_line' id='line_1_88' title="bbox 2349 2700 3957 2773; baseline -0.002 -17"><span class='ocrx_word' id='word_1_550' title='bbox 2349 2702 2728 2773; x_wconf 73' lang='grc' dir='ltr'><strong>καταδρομῆς,</strong></span> <span class='ocrx_word' id='word_1_551' title='bbox 2758 2706 2858 2773; x_wconf 78' lang='grc' dir='ltr'><strong>τὴν</strong></span> <span class='ocrx_word' id='word_1_552' title='bbox 2884 2702 3137 2767; x_wconf 76' lang='grc' dir='ltr'><strong>ἐξουσίαν</strong></span> <span class='ocrx_word' id='word_1_553' title='bbox 3168 2701 3319 2771; x_wconf 79' lang='grc' dir='ltr'><strong>παρὰ</strong></span> <span class='ocrx_word' id='word_1_554' title='bbox 3342 2700 3579 2769; x_wconf 82' lang='grc' dir='ltr'><strong>Χριστοῦ</strong></span> <span class='ocrx_word' id='word_1_555' title='bbox 3616 2700 3716 2753; x_wconf 80' lang='grc' dir='ltr'><strong>τοῦ</strong></span> <span class='ocrx_word' id='word_1_556' title='bbox 3748 2718 3957 2753; x_wconf 65' lang='grc' dir='ltr'><strong>παντο-</strong></span> 
     </span>
    </p>
   </div>
   <div class='ocr_carea' id='block_1_89' title="bbox 2351 2790 3955 2864">
    <p class='ocr_par' dir='ltr' id='par_1_89' title="bbox 2351 2790 3955 2864">
     <span class='ocr_line' id='line_1_89' title="bbox 2351 2790 3955 2864; baseline -0.001 -18"><span class='ocrx_word' id='word_1_557' title='bbox 2351 2793 2619 2864; x_wconf 78' lang='grc' dir='ltr'><strong>κράτορος</strong></span> <span class='ocrx_word' id='word_1_558' title='bbox 2649 2793 2931 2864; x_wconf 78' lang='grc' dir='ltr'><strong>εἰλήφατε.</strong></span> <span class='ocrx_word' id='word_1_559' title='bbox 2963 2792 3055 2845; x_wconf 76' lang='grc' dir='ltr'><strong>Διὸ</strong></span> <span class='ocrx_word' id='word_1_560' title='bbox 3096 2791 3191 2845; x_wconf 72' lang='grc' dir='ltr'><strong>καὶ</strong></span> <span class='ocrx_word' id='word_1_561' title='bbox 3220 2790 3585 2854; x_wconf 81' lang='grc' dir='ltr'><strong>εὐσεϐοῦντας</strong></span> <span class='ocrx_word' id='word_1_562' title='bbox 3617 2792 3832 2862; x_wconf 75' lang='grc' dir='ltr'><strong>δήμοις</strong></span> <span class='ocrx_word' id='word_1_563' title='bbox 3859 2792 3955 2844; x_wconf 71' lang='grc' dir='ltr'><strong>καὶ</strong></span> 
     </span>
    </p>
   </div>
   <div class='ocr_carea' id='block_1_90' title="bbox 2352 2883 3951 2955">
    <p class='ocr_par' dir='ltr' id='par_1_90' title="bbox 2352 2883 3951 2955">
     <span class='ocr_line' id='line_1_90' title="bbox 2352 2883 3951 2955; baseline -0.003 -18"><span class='ocrx_word' id='word_1_564' title='bbox 2352 2883 2540 2937; x_wconf 77' lang='grc' dir='ltr'><strong>πόλεσι</strong></span> <span class='ocrx_word' id='word_1_565' title='bbox 2572 2884 2839 2955; x_wconf 84' lang='grc' dir='ltr'><strong>βασιλεῖς,</strong></span> <span class='ocrx_word' id='word_1_566' title='bbox 2886 2883 3337 2946; x_wconf 85' lang='grc' dir='ltr'><strong>συνικετεύοντας</strong></span> <span class='ocrx_word' id='word_1_567' title='bbox 3368 2884 3542 2952; x_wconf 79' lang='grc' dir='ltr'><strong>ἔχετε.</strong></span> <span class='ocrx_word' id='word_1_568' title='bbox 3576 2883 3951 2951; x_wconf 60' lang='grc' dir='ltr'><strong>Ηροςθανον-</strong></span> 
     </span>
    </p>
   </div>
   <div class='ocr_carea' id='block_1_91' title="bbox 2349 2975 3958 3048">
    <p class='ocr_par' dir='ltr' id='par_1_91' title="bbox 2349 2975 3958 3048">
     <span class='ocr_line' id='line_1_91' title="bbox 2349 2975 3958 3048; baseline -0.002 -20"><span class='ocrx_word' id='word_1_569' title='bbox 2349 2993 2442 3039; x_wconf 85' lang='grc' dir='ltr'><strong>τες</strong></span> <span class='ocrx_word' id='word_1_570' title='bbox 2486 2976 2618 3044; x_wconf 83' lang='grc' dir='ltr'><strong>γοῦν</strong></span> <span class='ocrx_word' id='word_1_571' title='bbox 2663 2975 2836 3043; x_wconf 77' lang='grc' dir='ltr'><strong>ὀξέως</strong></span> <span class='ocrx_word' id='word_1_572' title='bbox 2890 2977 3367 3048; x_wconf 79' lang='grc' dir='ltr'><strong>παρακαλοῦντας,</strong></span> <span class='ocrx_word' id='word_1_573' title='bbox 3402 2977 3584 3030; x_wconf 69' lang='grc' dir='ltr'><strong>κοινὸν</strong></span> <span class='ocrx_word' id='word_1_574' title='bbox 3651 2976 3801 3045; x_wconf 79' lang='grc' dir='ltr'><strong>ἴαμα</strong></span> <span class='ocrx_word' id='word_1_575' title='bbox 3857 2975 3958 3045; x_wconf 62' lang='grc' dir='ltr'><strong>τὴν</strong></span> 
     </span>
    </p>
   </div>
   <div class='ocr_carea' id='block_1_92' title="bbox 2350 3062 3960 3140">
    <p class='ocr_par' dir='ltr' id='par_1_92' title="bbox 2350 3062 3960 3140">
     <span class='ocr_line' id='line_1_92' title="bbox 2350 3062 3960 3140; baseline 0.001 -24"><span class='ocrx_word' id='word_1_576' title='bbox 2350 3064 2460 3117; x_wconf 81' lang='grc' dir='ltr'><strong>τῶν</strong></span> <span class='ocrx_word' id='word_1_577' title='bbox 2509 3066 2788 3135; x_wconf 81' lang='grc' dir='ltr'><strong>πολεμίων</strong></span> <span class='ocrx_word' id='word_1_578' title='bbox 2837 3062 3033 3138; x_wconf 81' lang='grc' dir='ltr'><strong>ἧτταν,</strong></span> <span class='ocrx_word' id='word_1_579' title='bbox 3077 3068 3376 3140; x_wconf 86' lang='grc' dir='ltr'><strong>περιουσίῳ</strong></span> <span class='ocrx_word' id='word_1_580' title='bbox 3418 3067 3512 3120; x_wconf 71' lang='grc' dir='ltr'><strong>καὶ</strong></span> <span class='ocrx_word' id='word_1_581' title='bbox 3552 3069 3960 3137; x_wconf 60' lang='grc' dir='ltr'><strong>Χριστωνυμῳ</strong></span> 
     </span>
    </p>
   </div>
   <div class='ocr_carea' id='block_1_93' title="bbox 2276 3124 3956 3229">
    <p class='ocr_par' dir='ltr' id='par_1_93' title="bbox 2276 3124 3956 3229">
     <span class='ocr_line' id='line_1_93' title="bbox 2276 3124 3956 3229; baseline -0.003 -16"><span class='ocrx_word' id='word_1_582' title='bbox 2276 3124 2322 3185; x_wconf 76' lang='lat' dir='ltr'><strong>c</strong></span> <span class='ocrx_word' id='word_1_583' title='bbox 2354 3154 2469 3226; x_wconf 81' lang='grc' dir='ltr'><strong>λαῷ</strong></span> <span class='ocrx_word' id='word_1_584' title='bbox 2499 3124 2958 3228; x_wconf 68' lang='grc' dir='ltr'><strong>προμηθήσασθε.</strong></span> <span class='ocrx_word' id='word_1_585' title='bbox 3010 3124 3279 3223; x_wconf 43' lang='grc' dir='ltr'><strong>ἀεύοντες</strong></span> <span class='ocrx_word' id='word_1_586' title='bbox 3329 3124 3655 3229; x_wconf 51' lang='lat' dir='ltr'><strong>(pila-(ddici;</strong></span> <span class='ocrx_word' id='word_1_587' title='bbox 3706 3124 3956 3211; x_wconf 47' lang='grc' dir='ltr'><strong>ἐκλνέελ</strong></span> 
     </span>
    </p>
   </div>
   <div class='ocr_carea' id='block_1_94' title="bbox 2358 3248 3960 3321">
    <p class='ocr_par' dir='ltr' id='par_1_94' title="bbox 2358 3248 3960 3321">
     <span class='ocr_line' id='line_1_94' title="bbox 2358 3248 3960 3321; baseline -0.001 -20"><span class='ocrx_word' id='word_1_588' title='bbox 2358 3248 2595 3319; x_wconf 82' lang='grc' dir='ltr'><strong>ρούντων</strong></span> <span class='ocrx_word' id='word_1_589' title='bbox 2619 3249 2894 3320; x_wconf 84' lang='grc' dir='ltr'><strong>δεήσεσιν,</strong></span> <span class='ocrx_word' id='word_1_590' title='bbox 2923 3250 3111 3314; x_wconf 79' lang='grc' dir='ltr'><strong>αὐτοῖς</strong></span> <span class='ocrx_word' id='word_1_591' title='bbox 3141 3252 3244 3321; x_wconf 78' lang='grc' dir='ltr'><strong>μὲν</strong></span> <span class='ocrx_word' id='word_1_592' title='bbox 3280 3251 3343 3303; x_wconf 74' lang='grc' dir='ltr'><strong>τὸ</strong></span> <span class='ocrx_word' id='word_1_593' title='bbox 3366 3251 3610 3319; x_wconf 77' lang='grc' dir='ltr'><strong>ἄτρωτον</strong></span> <span class='ocrx_word' id='word_1_594' title='bbox 3633 3266 3647 3280; x_wconf 92' lang='grc'><strong>·</strong></span> <span class='ocrx_word' id='word_1_595' title='bbox 3673 3251 3960 3312; x_wconf 72' lang='grc' dir='ltr'><strong>ἐναντίοις</strong></span> 
     </span>
    </p>
   </div>
   <div class='ocr_carea' id='block_1_95' title="bbox 2352 3338 3958 3414">
    <p class='ocr_par' dir='ltr' id='par_1_95' title="bbox 2352 3338 3958 3414">
     <span class='ocr_line' id='line_1_95' title="bbox 2352 3338 3958 3414; baseline -0.001 -21"><span class='ocrx_word' id='word_1_596' title='bbox 2352 3338 2612 3411; x_wconf 71' lang='grc' dir='ltr'><strong>δέφυγὴν</strong></span> <span class='ocrx_word' id='word_1_597' title='bbox 2632 3342 3014 3413; x_wconf 77' lang='grc' dir='ltr'><strong>πανωλεθρίας</strong></span> <span class='ocrx_word' id='word_1_598' title='bbox 3033 3343 3393 3414; x_wconf 85' lang='grc' dir='ltr'><strong>ἐξαιτήσασθε</strong></span> <span class='ocrx_word' id='word_1_599' title='bbox 3408 3343 3695 3411; x_wconf 77' lang='grc' dir='ltr'><strong>πρόξενον.</strong></span> <span class='ocrx_word' id='word_1_600' title='bbox 3735 3344 3839 3393; x_wconf 73' lang='grc' dir='ltr'><strong>Ἀκ</strong></span> <span class='ocrx_word' id='word_1_601' title='bbox 3849 3343 3958 3410; x_wconf 68' lang='grc' dir='ltr'><strong>μὰς</strong></span> 
     </span>
    </p>
   </div>
   <div class='ocr_carea' id='block_1_96' title="bbox 2356 3436 3956 3507">
    <p class='ocr_par' dir='ltr' id='par_1_96' title="bbox 2356 3436 3956 3507">
     <span class='ocr_line' id='line_1_96' title="bbox 2356 3436 3956 3507; baseline -0.004 -18"><span class='ocrx_word' id='word_1_602' title='bbox 2356 3437 2586 3506; x_wconf 83' lang='grc' dir='ltr'><strong>φονικῆς</strong></span> <span class='ocrx_word' id='word_1_603' title='bbox 2621 3436 2972 3507; x_wconf 84' lang='grc' dir='ltr'><strong>ἀμϐλύνασθε</strong></span> <span class='ocrx_word' id='word_1_604' title='bbox 3007 3440 3287 3507; x_wconf 80' lang='grc' dir='ltr'><strong>μαχαίρας</strong></span> <span class='ocrx_word' id='word_1_605' title='bbox 3311 3452 3325 3467; x_wconf 74' lang='grc' dir='ltr'><strong>ο</strong></span> <span class='ocrx_word' id='word_1_606' title='bbox 3354 3437 3482 3501; x_wconf 75' lang='grc' dir='ltr'><strong>τόξα</strong></span> <span class='ocrx_word' id='word_1_607' title='bbox 3502 3436 3956 3505; x_wconf 61' lang='grc' dir='ltr'><strong>δυσςρημουκιτων</strong></span> 
     </span>
    </p>
   </div>
   <div class='ocr_carea' id='block_1_97' title="bbox 2358 3526 3956 3598">
    <p class='ocr_par' dir='ltr' id='par_1_97' title="bbox 2358 3526 3956 3598">
     <span class='ocr_line' id='line_1_97' title="bbox 2358 3526 3956 3598; baseline 0.001 -21"><span class='ocrx_word' id='word_1_608' title='bbox 2358 3527 2726 3598; x_wconf 78' lang='grc' dir='ltr'><strong>συντρίψατε·</strong></span> <span class='ocrx_word' id='word_1_609' title='bbox 2767 3528 2994 3597; x_wconf 70' lang='grc' dir='ltr'><strong>θυρεοὺς</strong></span> <span class='ocrx_word' id='word_1_610' title='bbox 3035 3528 3211 3581; x_wconf 83' lang='grc' dir='ltr'><strong>ἀθέων</strong></span> <span class='ocrx_word' id='word_1_611' title='bbox 3246 3544 3382 3598; x_wconf 85' lang='grc' dir='ltr'><strong>πυρι</strong></span> <span class='ocrx_word' id='word_1_612' title='bbox 3416 3526 3729 3598; x_wconf 79' lang='grc' dir='ltr'><strong>πρεσϐείας</strong></span> <span class='ocrx_word' id='word_1_613' title='bbox 3779 3545 3956 3579; x_wconf 81' lang='grc' dir='ltr'><strong>κατα-</strong></span> 
     </span>
    </p>
   </div>
   <div class='ocr_carea' id='block_1_98' title="bbox 2353 3620 3953 3691">
    <p class='ocr_par' dir='ltr' id='par_1_98' title="bbox 2353 3620 3953 3691">
     <span class='ocr_line' id='line_1_98' title="bbox 2353 3620 3953 3691; baseline -0.001 -17"><span class='ocrx_word' id='word_1_614' title='bbox 2353 3620 2632 3674; x_wconf 77' lang='grc' dir='ltr'><strong>καύσατεο</strong></span> <span class='ocrx_word' id='word_1_615' title='bbox 2661 3620 2846 3689; x_wconf 69' lang='grc' dir='ltr'><strong>φωνὰς</strong></span> <span class='ocrx_word' id='word_1_616' title='bbox 2890 3621 2988 3675; x_wconf 78' lang='grc' dir='ltr'><strong>καὶ</strong></span> <span class='ocrx_word' id='word_1_617' title='bbox 3035 3620 3229 3683; x_wconf 83' lang='grc' dir='ltr'><strong>λόγους</strong></span> <span class='ocrx_word' id='word_1_618' title='bbox 3293 3621 3953 3691; x_wconf 71' lang='grc' dir='ltr'><strong>μεγαλορρημονοὺντων</strong></span> 
     </span>
    </p>
   </div>
   <div class='ocr_carea' id='block_1_99' title="bbox 2356 3712 3955 3782">
    <p class='ocr_par' dir='ltr' id='par_1_99' title="bbox 2356 3712 3955 3782">
     <span class='ocr_line' id='line_1_99' title="bbox 2356 3712 3955 3782; baseline -0.002 -16"><span class='ocrx_word' id='word_1_619' title='bbox 2356 3714 2638 3768; x_wconf 87' lang='grc' dir='ltr'><strong>παύσατε·</strong></span> <span class='ocrx_word' id='word_1_620' title='bbox 2670 3713 2924 3782; x_wconf 83' lang='grc' dir='ltr'><strong>γλώσσας</strong></span> <span class='ocrx_word' id='word_1_621' title='bbox 2953 3713 3097 3766; x_wconf 85' lang='grc' dir='ltr'><strong>κατά</strong></span> <span class='ocrx_word' id='word_1_622' title='bbox 3139 3713 3234 3766; x_wconf 90' lang='grc' dir='ltr'><strong>τοῦ</strong></span> <span class='ocrx_word' id='word_1_623' title='bbox 3293 3712 3554 3782; x_wconf 62' lang='grc' dir='ltr'><strong>Ὑψίστου</strong></span> <span class='ocrx_word' id='word_1_624' title='bbox 3611 3712 3955 3781; x_wconf 69' lang='grc' dir='ltr'><strong>κινουμένας</strong></span> 
     </span>
    </p>
   </div>
   <div class='ocr_carea' id='block_1_100' title="bbox 2357 3793 3953 3875">
    <p class='ocr_par' dir='ltr' id='par_1_100' title="bbox 2357 3793 3953 3875">
     <span class='ocr_line' id='line_1_100' title="bbox 2357 3793 3953 3875; baseline -0.001 -18"><span class='ocrx_word' id='word_1_625' title='bbox 2357 3805 2631 3875; x_wconf 83' lang='grc' dir='ltr'><strong>πεδήσατε</strong></span> <span class='ocrx_word' id='word_1_626' title='bbox 2654 3822 2669 3837; x_wconf 77' lang='grc' dir='ltr'><strong>ο</strong></span> <span class='ocrx_word' id='word_1_627' title='bbox 2700 3804 2865 3858; x_wconf 83' lang='grc' dir='ltr'><strong>λάλον</strong></span> <span class='ocrx_word' id='word_1_628' title='bbox 2923 3804 3134 3869; x_wconf 78' lang='grc' dir='ltr'><strong>δείξατε</strong></span> <span class='ocrx_word' id='word_1_629' title='bbox 3173 3805 3283 3857; x_wconf 81' lang='grc' dir='ltr'><strong>τῶν</strong></span> <span class='ocrx_word' id='word_1_630' title='bbox 3322 3793 3704 3857; x_wconf 69' lang='grc' dir='ltr'><strong>εὐσεϐούντων</strong></span> <span class='ocrx_word' id='word_1_631' title='bbox 3737 3806 3837 3857; x_wconf 69' lang='grc' dir='ltr'><strong>καὶ</strong></span> <span class='ocrx_word' id='word_1_632' title='bbox 3868 3804 3953 3869; x_wconf 79' lang='grc' dir='ltr'><strong>ἐξ·</strong></span> 
     </span>
    </p>
   </div>
   <div class='ocr_carea' id='block_1_101' title="bbox 2355 3896 3955 3967">
    <p class='ocr_par' dir='ltr' id='par_1_101' title="bbox 2355 3896 3955 3967">
     <span class='ocr_line' id='line_1_101' title="bbox 2355 3896 3955 3967; baseline -0.003 -17"><span class='ocrx_word' id='word_1_633' title='bbox 2355 3897 2623 3951; x_wconf 85' lang='grc' dir='ltr'><strong>άκουστον</strong></span> <span class='ocrx_word' id='word_1_634' title='bbox 2655 3896 2920 3967; x_wconf 78' lang='grc' dir='ltr'><strong>καύχημα</strong></span> <span class='ocrx_word' id='word_1_635' title='bbox 2942 3912 2955 3925; x_wconf 86' lang='grc'>·</span> <span class='ocrx_word' id='word_1_636' title='bbox 2988 3897 3222 3967; x_wconf 81' lang='grc' dir='ltr'><strong>δυνάμει</strong></span> <span class='ocrx_word' id='word_1_637' title='bbox 3246 3897 3516 3966; x_wconf 83' lang='grc' dir='ltr'><strong>κρείττονι</strong></span> <span class='ocrx_word' id='word_1_638' title='bbox 3542 3896 3673 3958; x_wconf 67' lang='grc' dir='ltr'><strong>τοὺς</strong></span> <span class='ocrx_word' id='word_1_639' title='bbox 3707 3896 3955 3962; x_wconf 64' lang='grc' dir='ltr'><strong>ἐπιγνάμ-</strong></span> 
     </span>
    </p>
   </div>
   <div class='ocr_carea' id='block_1_102' title="bbox 2360 3988 3954 4060">
    <p class='ocr_par' dir='ltr' id='par_1_102' title="bbox 2360 3988 3954 4060">
     <span class='ocr_line' id='line_1_102' title="bbox 2360 3988 3954 4060; baseline -0.003 -18"><span class='ocrx_word' id='word_1_640' title='bbox 2360 4006 2526 4060; x_wconf 87' lang='grc' dir='ltr'><strong>μονας</strong></span> <span class='ocrx_word' id='word_1_641' title='bbox 2558 3988 2801 4059; x_wconf 82' lang='grc' dir='ltr'><strong>Χριστοῦ</strong></span> <span class='ocrx_word' id='word_1_642' title='bbox 2841 3988 3240 4042; x_wconf 79' lang='grc' dir='ltr'><strong>καθοπλίσατε·</strong></span> <span class='ocrx_word' id='word_1_643' title='bbox 3294 3988 3604 4053; x_wconf 70' lang='grc' dir='ltr'><strong>ἐντεύξεσιν</strong></span> <span class='ocrx_word' id='word_1_644' title='bbox 3633 3991 3760 4051; x_wconf 81' lang='grc' dir='ltr'><strong>ταῖς</strong></span> <span class='ocrx_word' id='word_1_645' title='bbox 3818 3990 3954 4056; x_wconf 59' lang='grc' dir='ltr'><strong>πρὶς</strong></span> 
     </span>
    </p>
   </div>
   <div class='ocr_carea' id='block_1_103' title="bbox 2356 4078 3955 4151">
    <p class='ocr_par' dir='ltr' id='par_1_103' title="bbox 2356 4078 3955 4151">
     <span class='ocr_line' id='line_1_103' title="bbox 2356 4078 3955 4151; baseline -0.002 -18"><span class='ocrx_word' id='word_1_646' title='bbox 2356 4081 2450 4133; x_wconf 80' lang='grc' dir='ltr'><strong>τὸν</strong></span> <span class='ocrx_word' id='word_1_647' title='bbox 2489 4080 2628 4133; x_wconf 80' lang='grc' dir='ltr'><strong>ὅλων</strong></span> <span class='ocrx_word' id='word_1_648' title='bbox 2684 4078 2922 4132; x_wconf 85' lang='grc' dir='ltr'><strong>Βασιλέα</strong></span> <span class='ocrx_word' id='word_1_649' title='bbox 2955 4080 3189 4151; x_wconf 84' lang='grc' dir='ltr'><strong>θερμαῖς</strong></span> <span class='ocrx_word' id='word_1_650' title='bbox 3221 4082 3317 4133; x_wconf 75' lang='grc' dir='ltr'><strong>καὶ</strong></span> <span class='ocrx_word' id='word_1_651' title='bbox 3360 4081 3670 4150; x_wconf 75' lang='grc' dir='ltr'><strong>ἐπιμόνοις,</strong></span> <span class='ocrx_word' id='word_1_652' title='bbox 3710 4080 3955 4151; x_wconf 75' lang='grc' dir='ltr'><strong>βασιλεῖς</strong></span> 
     </span>
    </p>
   </div>
   <div class='ocr_carea' id='block_1_104' title="bbox 2358 4168 3951 4241">
    <p class='ocr_par' dir='ltr' id='par_1_104' title="bbox 2358 4168 3951 4241">
     <span class='ocr_line' id='line_1_104' title="bbox 2358 4168 3951 4241; baseline -0.003 -18"><span class='ocrx_word' id='word_1_653' title='bbox 2358 4169 2603 4233; x_wconf 82' lang='grc' dir='ltr'><strong>εὐσεϐεῖς</strong></span> <span class='ocrx_word' id='word_1_654' title='bbox 2638 4168 2819 4232; x_wconf 85' lang='grc' dir='ltr'><strong>νίκαις</strong></span> <span class='ocrx_word' id='word_1_655' title='bbox 2862 4169 3326 4238; x_wconf 68' lang='grc' dir='ltr'><strong>καταστέψαντες,</strong></span> <span class='ocrx_word' id='word_1_656' title='bbox 3379 4170 3622 4241; x_wconf 70' lang='grc' dir='ltr'><strong>τρόπαια</strong></span> <span class='ocrx_word' id='word_1_657' title='bbox 3684 4170 3851 4222; x_wconf 70' lang='grc' dir='ltr'><strong>κοινὰ.</strong></span> <span class='ocrx_word' id='word_1_658' title='bbox 3888 4171 3951 4237; x_wconf 68' lang='grc' dir='ltr'><strong>τῇ</strong></span> 
     </span>
    </p>
   </div>
   <div class='ocr_carea' id='block_1_105' title="bbox 2357 4260 3353 4333">
    <p class='ocr_par' dir='ltr' id='par_1_105' title="bbox 2357 4260 3353 4333">
     <span class='ocr_line' id='line_1_105' title="bbox 2357 4260 3353 4333; baseline 0 -18"><span class='ocrx_word' id='word_1_659' title='bbox 2357 4260 2452 4315; x_wconf 89' lang='grc' dir='ltr'><strong>τοῦ</strong></span> <span class='ocrx_word' id='word_1_660' title='bbox 2476 4261 2713 4333; x_wconf 84' lang='grc' dir='ltr'><strong>Χριστοῦ</strong></span> <span class='ocrx_word' id='word_1_661' title='bbox 2750 4261 3094 4332; x_wconf 84' lang='grc' dir='ltr'><strong>βραϐεύσατε</strong></span> <span class='ocrx_word' id='word_1_662' title='bbox 3128 4262 3353 4333; x_wconf 75' lang='grc' dir='ltr'><strong>ποίμνῃ.</strong></span> 
     </span>
    </p>
   </div>
   <div class='ocr_carea' id='block_1_106' title="bbox 2434 4444 3951 4519">
    <p class='ocr_par' dir='ltr' id='par_1_106' title="bbox 2434 4444 3951 4519">
     <span class='ocr_line' id='line_1_106' title="bbox 2434 4444 3951 4519; baseline -0.003 -18"><span class='ocrx_word' id='word_1_663' title='bbox 2434 4449 2629 4519; x_wconf 86' lang='grc' dir='ltr'><strong>Ἔχετε</strong></span> <span class='ocrx_word' id='word_1_664' title='bbox 2685 4447 3078 4518; x_wconf 74' lang='grc' dir='ltr'><strong>συνεργοῦντα.</strong></span> <span class='ocrx_word' id='word_1_665' title='bbox 3120 4447 3211 4499; x_wconf 74' lang='grc' dir='ltr'><strong>τὸν</strong></span> <span class='ocrx_word' id='word_1_666' title='bbox 3262 4446 3359 4510; x_wconf 80' lang='grc' dir='ltr'><strong>τὰς</strong></span> <span class='ocrx_word' id='word_1_667' title='bbox 3411 4444 3688 4515; x_wconf 72' lang='grc' dir='ltr'><strong>ἀφθόνους</strong></span> <span class='ocrx_word' id='word_1_668' title='bbox 3737 4445 3951 4515; x_wconf 71' lang='grc' dir='ltr'><strong>δωρεὰς</strong></span> 
     </span>
    </p>
   </div>
   <div class='ocr_carea' id='block_1_107' title="bbox 2362 4536 3947 4609">
    <p class='ocr_par' dir='ltr' id='par_1_107' title="bbox 2362 4536 3947 4609">
     <span class='ocr_line' id='line_1_107' title="bbox 2362 4536 3947 4609; baseline -0.003 -19"><span class='ocrx_word' id='word_1_669' title='bbox 2362 4539 2743 4609; x_wconf 81' lang='grc' dir='ltr'><strong>παρεχόμενον</strong></span> <span class='ocrx_word' id='word_1_670' title='bbox 2763 4554 2776 4567; x_wconf 75' lang='grc'><strong><em>⁸</em></strong></span> <span class='ocrx_word' id='word_1_671' title='bbox 2808 4538 2901 4591; x_wconf 82' lang='grc' dir='ltr'><strong>τὸν</strong></span> <span class='ocrx_word' id='word_1_672' title='bbox 2929 4536 3020 4590; x_wconf 88' lang='grc' dir='ltr'><strong>τοῦ</strong></span> <span class='ocrx_word' id='word_1_673' title='bbox 3056 4537 3243 4598; x_wconf 81' lang='grc' dir='ltr'><strong>ἐλέους</strong></span> <span class='ocrx_word' id='word_1_674' title='bbox 3284 4536 3565 4602; x_wconf 69' lang='grc' dir='ltr'><strong>ποταμοὺς</strong></span> <span class='ocrx_word' id='word_1_675' title='bbox 3594 4537 3911 4605; x_wconf 67' lang='grc' dir='ltr'><strong>προχέοντα</strong></span> <span class='ocrx_word' id='word_1_676' title='bbox 3935 4552 3947 4564; x_wconf 91' lang='grc'><strong>·</strong></span> 
     </span>
    </p>
   </div>
   <div class='ocr_carea' id='block_1_108' title="bbox 2359 4626 3949 4697">
    <p class='ocr_par' dir='ltr' id='par_1_108' title="bbox 2359 4626 3949 4697">
     <span class='ocr_line' id='line_1_108' title="bbox 2359 4626 3949 4697; baseline -0.004 -15"><span class='ocrx_word' id='word_1_677' title='bbox 2359 4629 2454 4683; x_wconf 78' lang='grc' dir='ltr'><strong>τὸν</strong></span> <span class='ocrx_word' id='word_1_678' title='bbox 2480 4630 2580 4697; x_wconf 81' lang='grc' dir='ltr'><strong>τὴν</strong></span> <span class='ocrx_word' id='word_1_679' title='bbox 2614 4629 2851 4683; x_wconf 77' lang='grc' dir='ltr'><strong>ἄϐυσσον</strong></span> <span class='ocrx_word' id='word_1_680' title='bbox 2885 4628 2996 4680; x_wconf 82' lang='grc' dir='ltr'><strong>τῶν</strong></span> <span class='ocrx_word' id='word_1_681' title='bbox 3025 4627 3245 4681; x_wconf 85' lang='grc' dir='ltr'><strong>οἰκείων</strong></span> <span class='ocrx_word' id='word_1_682' title='bbox 3288 4626 3633 4694; x_wconf 83' lang='grc' dir='ltr'><strong>διανοίγοντα</strong></span> <span class='ocrx_word' id='word_1_683' title='bbox 3661 4628 3949 4695; x_wconf 62' lang='grc' dir='ltr'><strong>χαρισμά-</strong></span> 
     </span>
    </p>
   </div>
   <div class='ocr_carea' id='block_1_109' title="bbox 2360 4718 3949 4788">
    <p class='ocr_par' dir='ltr' id='par_1_109' title="bbox 2360 4718 3949 4788">
     <span class='ocr_line' id='line_1_109' title="bbox 2360 4718 3949 4788; baseline -0.004 -14"><span class='ocrx_word' id='word_1_684' title='bbox 2360 4738 2491 4782; x_wconf 88' lang='grc' dir='ltr'><strong>των,</strong></span> <span class='ocrx_word' id='word_1_685' title='bbox 2521 4721 2617 4775; x_wconf 74' lang='grc' dir='ltr'><strong>καὶ</strong></span> <span class='ocrx_word' id='word_1_686' title='bbox 2648 4720 2942 4774; x_wconf 84' lang='grc' dir='ltr'><strong>ἀπαντλεῖν</strong></span> <span class='ocrx_word' id='word_1_687' title='bbox 2975 4718 3321 4788; x_wconf 82' lang='grc' dir='ltr'><strong>βουλομένοις</strong></span> <span class='ocrx_word' id='word_1_688' title='bbox 3350 4719 3787 4788; x_wconf 70' lang='grc' dir='ltr'><strong>συμπράττοντα</strong></span> <span class='ocrx_word' id='word_1_689' title='bbox 3811 4734 3825 4747; x_wconf 79' lang='grc'><em>’</em></span> <span class='ocrx_word' id='word_1_690' title='bbox 3860 4720 3949 4770; x_wconf 66' lang='grc' dir='ltr'><strong>τὶν</strong></span> 
     </span>
    </p>
   </div>
   <div class='ocr_carea' id='block_1_110' title="bbox 2360 4808 3950 4882">
    <p class='ocr_par' dir='ltr' id='par_1_110' title="bbox 2360 4808 3950 4882">
     <span class='ocr_line' id='line_1_110' title="bbox 2360 4808 3950 4882; baseline -0.004 -15"><span class='ocrx_word' id='word_1_691' title='bbox 2360 4814 2573 4882; x_wconf 79' lang='grc' dir='ltr'><strong>ἄμαχον</strong></span> <span class='ocrx_word' id='word_1_692' title='bbox 2603 4811 2666 4865; x_wconf 80' lang='grc' dir='ltr'><strong>τὸ</strong></span> <span class='ocrx_word' id='word_1_693' title='bbox 2698 4812 2898 4882; x_wconf 66' lang='grc' dir='ltr'><strong>κράτος</strong></span> <span class='ocrx_word' id='word_1_694' title='bbox 2930 4810 3123 4879; x_wconf 77' lang='grc' dir='ltr'><strong>ἔχοντα</strong></span> <span class='ocrx_word' id='word_1_695' title='bbox 3147 4826 3161 4839; x_wconf 67' lang='grc' dir='ltr'><strong><em>υ</em></strong></span> <span class='ocrx_word' id='word_1_696' title='bbox 3192 4810 3283 4860; x_wconf 69' lang='grc' dir='ltr'><strong>τὸν</strong></span> <span class='ocrx_word' id='word_1_697' title='bbox 3316 4808 3476 4878; x_wconf 83' lang='grc' dir='ltr'><strong>μόνον</strong></span> <span class='ocrx_word' id='word_1_698' title='bbox 3510 4810 3799 4860; x_wconf 67' lang='grc' dir='ltr'><strong>νικοποιον</strong></span> <span class='ocrx_word' id='word_1_699' title='bbox 3823 4809 3950 4878; x_wconf 63' lang='grc' dir='ltr'><strong>Χρι-</strong></span> 
     </span>
    </p>
   </div>
   <div class='ocr_carea' id='block_1_111' title="bbox 2362 4901 3510 4974">
    <p class='ocr_par' dir='ltr' id='par_1_111' title="bbox 2362 4901 3510 4974">
     <span class='ocr_line' id='line_1_111' title="bbox 2362 4901 3510 4974; baseline -0.007 -13"><span class='ocrx_word' id='word_1_700' title='bbox 2362 4908 2507 4970; x_wconf 85' lang='grc' dir='ltr'><strong>στὸν,</strong></span> <span class='ocrx_word' id='word_1_701' title='bbox 2540 4905 2636 4959; x_wconf 76' lang='grc' dir='ltr'><strong>καὶ</strong></span> <span class='ocrx_word' id='word_1_702' title='bbox 2670 4904 2773 4974; x_wconf 83' lang='grc' dir='ltr'><strong>τῆς</strong></span> <span class='ocrx_word' id='word_1_703' title='bbox 2804 4904 2973 4966; x_wconf 79' lang='grc' dir='ltr'><strong>ὅντως</strong></span> <span class='ocrx_word' id='word_1_704' title='bbox 3000 4902 3223 4972; x_wconf 80' lang='grc' dir='ltr'><strong>εἰρήνης</strong></span> <span class='ocrx_word' id='word_1_705' title='bbox 3254 4901 3510 4971; x_wconf 69' lang='grc' dir='ltr'><strong>χορηγόν.</strong></span> 
     </span>
    </p>
   </div>
   <div class='ocr_carea' id='block_1_112' title="bbox 2435 4990 3951 5069">
    <p class='ocr_par' dir='ltr' id='par_1_112' title="bbox 2435 4990 3951 5069">
     <span class='ocr_line' id='line_1_112' title="bbox 2435 4990 3951 5069; baseline -0.006 -16"><span class='ocrx_word' id='word_1_706' title='bbox 2435 5000 2629 5069; x_wconf 86' lang='grc' dir='ltr'><strong>Ἔχετε</strong></span> <span class='ocrx_word' id='word_1_707' title='bbox 2677 4996 2858 5064; x_wconf 86' lang='grc' dir='ltr'><strong>λόγοις</strong></span> <span class='ocrx_word' id='word_1_708' title='bbox 2903 4996 2998 5048; x_wconf 74' lang='grc' dir='ltr'><strong>καὶ</strong></span> <span class='ocrx_word' id='word_1_709' title='bbox 3030 4994 3216 5064; x_wconf 81' lang='grc' dir='ltr'><strong>ἔργοις</strong></span> <span class='ocrx_word' id='word_1_710' title='bbox 3264 4994 3468 5057; x_wconf 73' lang='grc' dir='ltr'><strong>αὐτοῖς,</strong></span> <span class='ocrx_word' id='word_1_711' title='bbox 3502 4992 3601 5062; x_wconf 71' lang='grc' dir='ltr'><strong>τὴν</strong></span> <span class='ocrx_word' id='word_1_712' title='bbox 3638 4990 3735 5044; x_wconf 70' lang='grc' dir='ltr'><strong>τσῦ</strong></span> <span class='ocrx_word' id='word_1_713' title='bbox 3781 4993 3951 5062; x_wconf 72' lang='grc' dir='ltr'><strong>δωρο-</strong></span> 
     </span>
    </p>
   </div>
   <div class='ocr_carea' id='block_1_113' title="bbox 2358 5084 3949 5158">
    <p class='ocr_par' dir='ltr' id='par_1_113' title="bbox 2358 5084 3949 5158">
     <span class='ocr_line' id='line_1_113' title="bbox 2358 5084 3949 5158; baseline -0.006 -14"><span class='ocrx_word' id='word_1_714' title='bbox 2358 5092 2509 5145; x_wconf 80' lang='grc' dir='ltr'><strong>δότου</strong></span> <span class='ocrx_word' id='word_1_715' title='bbox 2563 5088 2793 5158; x_wconf 83' lang='grc' dir='ltr'><strong>Μητέρα</strong></span> <span class='ocrx_word' id='word_1_716' title='bbox 2826 5087 2920 5139; x_wconf 74' lang='grc' dir='ltr'><strong>καὶ</strong></span> <span class='ocrx_word' id='word_1_717' title='bbox 2968 5084 3219 5137; x_wconf 86' lang='grc' dir='ltr'><strong>Βασιλίδα</strong></span> <span class='ocrx_word' id='word_1_718' title='bbox 3273 5084 3381 5135; x_wconf 77' lang='grc' dir='ltr'><strong>τῶν</strong></span> <span class='ocrx_word' id='word_1_719' title='bbox 3435 5084 3758 5152; x_wconf 72' lang='grc' dir='ltr'><strong>κτισμάτων</strong></span> <span class='ocrx_word' id='word_1_720' title='bbox 3818 5100 3949 5152; x_wconf 66' lang='grc' dir='ltr'><strong>τυμ-</strong></span> 
     </span>
    </p>
   </div>
   <div class='ocr_carea' id='block_1_114' title="bbox 2362 5179 2904 5254">
    <p class='ocr_par' dir='ltr' id='par_1_114' title="bbox 2362 5179 2904 5254">
     <span class='ocr_line' id='line_1_114' title="bbox 2362 5179 2904 5254; baseline -0.017 -16"><span class='ocrx_word' id='word_1_721' title='bbox 2362 5183 2708 5254; x_wconf 83' lang='grc' dir='ltr'><strong>πράττουσαν</strong></span> <span class='ocrx_word' id='word_1_722' title='bbox 2736 5196 2751 5210; x_wconf 89' lang='grc'><strong>·</strong></span> <span class='ocrx_word' id='word_1_723' title='bbox 2808 5179 2904 5249; x_wconf 75' lang='grc' dir='ltr'><strong>τὴν</strong></span> 
     </span>
    </p>
   </div>
   <div class='ocr_carea' id='block_1_115' title="bbox 2363 5265 3636 5341">
    <p class='ocr_par' dir='ltr' id='par_1_115' title="bbox 2363 5265 3636 5341">
     <span class='ocr_line' id='line_1_115' title="bbox 2363 5265 3636 5341; baseline -0.009 -14"><span class='ocrx_word' id='word_1_724' title='bbox 2363 5274 2594 5335; x_wconf 75' lang='grc' dir='ltr'><strong>ἱκεσίαις</strong></span> <span class='ocrx_word' id='word_1_725' title='bbox 2643 5271 2833 5341; x_wconf 82' lang='grc' dir='ltr'><strong>ὥσπερ</strong></span> <span class='ocrx_word' id='word_1_726' title='bbox 2885 5271 2979 5321; x_wconf 71' lang='grc' dir='ltr'><strong>καὶ</strong></span> <span class='ocrx_word' id='word_1_727' title='bbox 3029 5270 3085 5320; x_wconf 83' lang='grc' dir='ltr'><strong>ἐν</strong></span> <span class='ocrx_word' id='word_1_728' title='bbox 3116 5265 3435 5337; x_wconf 66' lang='grc' dir='ltr'><strong>ἀσυγκρίῖῳ</strong></span> <span class='ocrx_word' id='word_1_729' title='bbox 3487 5265 3636 5335; x_wconf 67' lang='grc' dir='ltr'><strong>δόξῃ,</strong></span> 
     </span>
    </p>
   </div>
   <div class='ocr_carea' id='block_1_116' title="bbox 2360 5356 3946 5437">
    <p class='ocr_par' dir='ltr' id='par_1_116' title="bbox 2360 5356 3946 5427">
     <span class='ocr_line' id='line_1_116' title="bbox 2360 5356 3946 5427; baseline -0.008 -7"><span class='ocrx_word' id='word_1_730' title='bbox 2360 5366 2577 5420; x_wconf 71' lang='grc' dir='ltr'><strong>πάντων</strong></span> <span class='ocrx_word' id='word_1_731' title='bbox 2604 5362 2808 5424; x_wconf 80' lang='grc' dir='ltr'><strong>ἁΰλων,</strong></span> <span class='ocrx_word' id='word_1_732' title='bbox 2841 5361 2935 5412; x_wconf 67' lang='grc' dir='ltr'><strong>καὶ</strong></span> <span class='ocrx_word' id='word_1_733' title='bbox 2973 5358 3320 5427; x_wconf 68' lang='grc' dir='ltr'><strong>θεραπόντων</strong></span> <span class='ocrx_word' id='word_1_734' title='bbox 3354 5356 3497 5408; x_wconf 79' lang='grc' dir='ltr'><strong>Θεοῦ</strong></span> <span class='ocrx_word' id='word_1_735' title='bbox 3533 5358 3946 5425; x_wconf 63' lang='grc' dir='ltr'><strong>προτετιμημέ-</strong></span> 
     </span>
    </p>
   </div>
   <div class='ocr_carea' id='block_1_117' title="bbox 3150 5432 3160 5442">
    <p class='ocr_par' dir='ltr' id='par_1_117' title="bbox 3150 5432 3160 5442">
     <span class='ocr_line' id='line_1_117' title="bbox 3150 5432 3160 5442; baseline 0 0"><span class='ocrx_word' id='word_1_736' title='bbox 3150 5432 3160 5442; x_wconf 55' lang='grc' dir='ltr'><em>κ</em></span> 
     </span>
    </p>
   </div>
   <div class='ocr_carea' id='block_1_118' title="bbox 3144 5450 3157 5466">
    <p class='ocr_par' dir='ltr' id='par_1_118' title="bbox 3144 5450 3157 5466">
     <span class='ocr_line' id='line_1_118' title="bbox 3144 5450 3157 5466; baseline 0 0"><span class='ocrx_word' id='word_1_737' title='bbox 3144 5450 3157 5466; x_wconf 67' lang='grc' dir='ltr'><em>ι</em></span> 
     </span>
    </p>
   </div>
   <div class='ocr_carea' id='block_1_119' title="bbox 2360 5448 3944 5529">
    <p class='ocr_par' dir='ltr' id='par_1_119' title="bbox 2360 5448 3944 5529">
     <span class='ocr_line' id='line_1_119' title="bbox 2360 5448 3944 5529; baseline -0.008 -19"><span class='ocrx_word' id='word_1_738' title='bbox 2360 5475 2479 5529; x_wconf 88' lang='grc' dir='ltr'><strong>νην,</strong></span> <span class='ocrx_word' id='word_1_739' title='bbox 2525 5456 2618 5509; x_wconf 75' lang='grc' dir='ltr'><strong>καὶ</strong></span> <span class='ocrx_word' id='word_1_740' title='bbox 2673 5455 2805 5524; x_wconf 81' lang='grc' dir='ltr'><strong>παρ’</strong></span> <span class='ocrx_word' id='word_1_741' title='bbox 2835 5450 2999 5505; x_wconf 73' lang='grc' dir='ltr'><strong>αὑτοῦ</strong></span> <span class='ocrx_word' id='word_1_742' title='bbox 3049 5448 3551 5510; x_wconf 61' lang='grc' dir='ltr'><strong>διδόντος,’τὺιτῶν</strong></span> <span class='ocrx_word' id='word_1_743' title='bbox 3600 5449 3944 5521; x_wconf 42' lang='lat' dir='ltr'><strong>uite-agam</strong></span> 
     </span>
    </p>
   </div>
   <div class='ocr_carea' id='block_1_120' title="bbox 2965 5174 3945 5245">
    <p class='ocr_par' dir='ltr' id='par_1_120' title="bbox 2965 5174 3945 5245">
     <span class='ocr_line' id='line_1_120' title="bbox 2965 5174 3945 5245; baseline -0.006 -16"><span class='ocrx_word' id='word_1_744' title='bbox 2965 5178 3266 5245; x_wconf 76' lang='grc' dir='ltr'><strong>εὐεπήκοον</strong></span> <span class='ocrx_word' id='word_1_745' title='bbox 3332 5174 3661 5245; x_wconf 71' lang='grc' dir='ltr'><strong>πρεσϐείαν·</strong></span> <span class='ocrx_word' id='word_1_746' title='bbox 3722 5177 3830 5241; x_wconf 66' lang='grc' dir='ltr'><strong>τὴν</strong></span> <span class='ocrx_word' id='word_1_747' title='bbox 3893 5176 3945 5224; x_wconf 77' lang='grc' dir='ltr'><strong>ἐν</strong></span> 
     </span>
    </p>
   </div>
   <div class='ocr_carea' id='block_1_121' title="bbox 3690 5266 3945 5318">
    <p class='ocr_par' dir='ltr' id='par_1_121' title="bbox 3690 5266 3945 5318">
     <span class='ocr_line' id='line_1_121' title="bbox 3690 5266 3945 5318; baseline 0.008 -2"><span class='ocrx_word' id='word_1_748' title='bbox 3690 5266 3835 5317; x_wconf 72' lang='grc' dir='ltr'><strong>νὸων</strong></span> <span class='ocrx_word' id='word_1_749' title='bbox 3891 5283 3945 5318; x_wconf 86' lang='grc' dir='ltr'><strong>τε</strong></span> 
     </span>
    </p>
   </div>
   <div class='ocr_carea' id='block_1_122' title="bbox 2359 5538 3939 5623">
    <p class='ocr_par' dir='ltr' id='par_1_122' title="bbox 2359 5538 3939 5623">
     <span class='ocr_line' id='line_1_122' title="bbox 2359 5538 3939 5623; baseline -0.008 -18"><span class='ocrx_word' id='word_1_750' title='bbox 2359 5550 2655 5621; x_wconf 78' lang='grc' dir='ltr'><strong>δεχομένην</strong></span> <span class='ocrx_word' id='word_1_751' title='bbox 2676 5547 3052 5617; x_wconf 76' lang='grc' dir='ltr'><strong>ἀπαραίτητον</strong></span> <span class='ocrx_word' id='word_1_752' title='bbox 3080 5562 3091 5574; x_wconf 83' lang='grc'><em>’</em></span> <span class='ocrx_word' id='word_1_753' title='bbox 3120 5545 3218 5613; x_wconf 76' lang='grc' dir='ltr'><strong>τὴν</strong></span> <span class='ocrx_word' id='word_1_754' title='bbox 3241 5543 3305 5595; x_wconf 77' lang='grc' dir='ltr'><strong>δί’</strong></span> <span class='ocrx_word' id='word_1_755' title='bbox 3479 5558 3535 5592; x_wconf 85' lang='grc' dir='ltr'><strong>τε</strong></span> <span class='ocrx_word' id='word_1_756' title='bbox 3561 5538 3939 5623; x_wconf 53' lang='grc' dir='ltr'><strong>ἄσθςηξασι,</strong></span> 
     </span>
    </p>
   </div>
   <div class='ocr_carea' id='block_1_123' title="bbox 2362 5626 3939 5712">
    <p class='ocr_par' dir='ltr' id='par_1_123' title="bbox 2362 5626 3939 5712">
     <span class='ocr_line' id='line_1_123' title="bbox 2362 5626 3939 5712; baseline -0.01 -16"><span class='ocrx_word' id='word_1_757' title='bbox 2362 5644 2458 5698; x_wconf 76' lang='grc' dir='ltr'><strong>καὶ</strong></span> <span class='ocrx_word' id='word_1_758' title='bbox 2490 5642 2588 5712; x_wconf 76' lang='grc' dir='ltr'><strong>τὴν</strong></span> <span class='ocrx_word' id='word_1_759' title='bbox 2632 5640 2800 5702; x_wconf 75' lang='grc' dir='ltr'><strong>ὅντως</strong></span> <span class='ocrx_word' id='word_1_760' title='bbox 2835 5637 3049 5703; x_wconf 80' lang='grc' dir='ltr'><strong>εὐεξίαν</strong></span> <span class='ocrx_word' id='word_1_761' title='bbox 3077 5633 3351 5689; x_wconf 74' lang='grc' dir='ltr'><strong>ἁποϐαλοῦ</strong></span> <span class='ocrx_word' id='word_1_762' title='bbox 3364 5626 3448 5698; x_wconf 75' lang='grc' dir='ltr'><strong>τα,</strong></span> <span class='ocrx_word' id='word_1_763' title='bbox 3480 5632 3589 5683; x_wconf 82' lang='grc' dir='ltr'><strong>τῶν</strong></span> <span class='ocrx_word' id='word_1_764' title='bbox 3635 5632 3939 5707; x_wconf 50' lang='lat' dir='ltr'><strong>avget-hu,</strong></span> 
     </span>
    </p>
   </div>
   <div class='ocr_carea' id='block_1_124' title="bbox 2362 5714 3937 5803">
    <p class='ocr_par' dir='ltr' id='par_1_124' title="bbox 2362 5714 3937 5803">
     <span class='ocr_line' id='line_1_124' title="bbox 2362 5714 3937 5803; baseline -0.011 -15"><span class='ocrx_word' id='word_1_765' title='bbox 2362 5728 2684 5803; x_wconf 74' lang='grc' dir='ltr'><strong>ἁνερρώσθη</strong></span> <span class='ocrx_word' id='word_1_766' title='bbox 2710 5730 2890 5798; x_wconf 67' lang='grc' dir='ltr'><strong>φύσις,</strong></span> <span class='ocrx_word' id='word_1_767' title='bbox 2936 5724 3027 5779; x_wconf 72' lang='grc' dir='ltr'><strong>καὶ</strong></span> <span class='ocrx_word' id='word_1_768' title='bbox 3064 5724 3225 5793; x_wconf 74' lang='grc' dir='ltr'><strong>νομαὶ</strong></span> <span class='ocrx_word' id='word_1_769' title='bbox 3270 5721 3372 5774; x_wconf 71' lang='grc' dir='ltr'><strong>τῶν</strong></span> <span class='ocrx_word' id='word_1_770' title='bbox 3414 5714 3815 5791; x_wconf 57' lang='grc' dir='ltr'><strong>προστυέειτὶγί</strong></span> <span class='ocrx_word' id='word_1_771' title='bbox 3841 5740 3937 5772; x_wconf 71' lang='lat'><strong>:1-</strong></span> 
     </span>
    </p>
   </div>
  </div>
