4166 6440
236 381 257 445 1
270 382 373 448 5ἓὸ

1149 382 1230 443 ΙΝ
1271 383 1373 445 SS.
1416 384 1650 445 MART.
1692 379 1993 444 COSMAM
2032 376 2128 438 ET
2165 368 2599 435 DAMIANUM.

3360 353 3379 416 l
3392 352 3497 418 5926

230 495 343 548 θ’ῶν
404 490 827 563 ἐπεσχέθησαν⁸
888 491 954 544 δι’
996 485 1062 561 ἦς
1115 494 1148 564 ἡ
1213 495 1490 560 νοσοποιδς
1570 493 1821 566 παρακοὴ

1930 487 2209 545 sanitatem
2239 480 2465 552 recepit,
2503 477 2924 543 morborumque
2977 469 3302 525 adnalorutn
3336 466 3501 534 depa-

233 587 535 652 πέπαυται,
591 584 686 638 καὶ
732 583 842 637 τῶν
895 584 1150 653 ὑγιεινῶν
1199 586 1299 655 τῆς
1366 585 1616 656 ὑπακοῆς
1685 585 1817 654 ἁρε-

231 678 363 744 τῶν,
394 678 456 732 τὸ
483 677 594 731 τῶν
649 675 903 747 γηγενῶν
964 676 1294 733 ἐναπολσύει
1351 680 1509 746 γένος
1529 694 1544 710 ο
1582 677 1652 732 δι’
1683 672 1750 750 ἧς
1782 679 1817 750 ἠ

231 770 614 839 θανατηφόροις
643 768 912 839 ἁμαρτία,
943 770 1041 838 τῆς
1090 769 1197 821 τῶν
1233 770 1420 824 κακῶν
1456 769 1701 840 ἀνεκόπη
1724 787 1821 838 φο-

235 862 361 932 ρᾶς,
385 861 481 913 καὶ
509 859 854 924 δικαιοσύνης
880 862 938 913 ἐν
959 859 1266 932 ἀνθρώποις
1291 860 1617 917 ἐπλεόνασεν
1651 860 1820 929 ἀφθο-

231 953 324 1005 νία
348 968 362 984 ο
391 952 460 1005 δι’
491 947 557 1023 ἧς
585 954 617 1022 ἠ
642 952 832 1021 χρονία
856 952 952 1005 τοῦ
976 952 1210 1005 θανάτου
1239 952 1599 1006 καταλέλυται
1625 968 1822 1022 τυρανο

232 1044 340 1106 νὶς,
378 1043 471 1095 καὶ
500 1044 596 1095 ἀπ’
623 1041 819 1104 αἰῶνος
849 1043 1037 1111 νεκροὶ
1057 1042 1422 1107 διαλυθέντες,
1462 1042 1705 1113 κραταιᾷ
1724 1038 1820 1095 τοῦ

234 1133 298 1199 ἐξ
345 1136 517 1206 αὐτῆς
576 1134 777 1202 φύντος
823 1133 1075 1204 δυνάμει,
1126 1134 1693 1205 συνηρμολογήθησάν
1737 1150 1817 1198 τε,

232 1224 332 1275 καὶ
364 1223 498 1292 πρὶς
527 1223 722 1292 ἀγήρω
749 1221 899 1291 ζωὴν
928 1223 1362 1294 μετεκλήθησανο
1391 1221 1538 1292 ζωῆς
1559 1223 1661 1292 τῆς
1689 1221 1823 1276 ἀθα-

234 1315 400 1365 νάτου
442 1313 540 1383 τὴν
580 1314 753 1383 μόνην
798 1315 1105 1368 ἀδιόδευτον
1150 1315 1572 1386 χρηματίσασαν
1622 1315 1819 1385 πύλην,

233 1402 306 1455 δι’
349 1398 415 1474 ἧς
469 1403 784 1475 ἀφθαρσίας
833 1408 1059 1474 ταμιεῖα
1117 1406 1491 1477 διηνοίγησαν,
1546 1407 1641 1460 καὶ
1694 1407 1822 1470 τοὺς

234 1492 470 1562 θνητοὺς
505 1493 809 1547 ἀθανασίαν
836 1495 1162 1549 ἐπλούτισαν
1184 1514 1195 1526 ·
1227 1496 1294 1549 δι’
1316 1491 1384 1567 ἦς
1423 1497 1546 1565 ῥοαὶ
1571 1495 1823 1566 δακρύων

238 1583 349 1635 τῶν
378 1585 743 1655 προπατόρων
795 1585 1174 1657 ἐπεσχέθησαν
1198 1601 1213 1616 °
1266 1589 1503 1656 ποταμοὶ
1526 1587 1583 1639 δὲ
1624 1588 1821 1657 χαρᾶς,

236 1674 441 1737 αύτούς
475 1692 556 1737 τε,
592 1676 686 1729 καὶ
740 1677 864 1740 τοὺς
916 1677 1143 1730 ἐκείνων
1183 1678 1254 1730 τὰ.
1306 1679 1573 1750 μεγαλεῖα
1615 1677 1823 1751 ταύτης

239 1766 550 1830 συνιέντας,
576 1768 657 1828 είς
681 1766 886 1831 αἰῶνας
920 1767 1261 1839 ἁρδεύουσιν.

314 2051 387 2103 Τὸ
424 2051 535 2104 τῶν
577 2051 825 2120 ἀγγέλων
855 2053 1239 2122 σεμνολόγημα
1261 2068 1274 2084 ⁸
1309 2052 1373 2106 τὸ
1418 2054 1696 2108 ἄπαυστον
1725 2054 1824 2106 ab-

236 2143 353 2196 τῶν
383 2143 733 2213 ἀγαλλίαμα·
762 2144 823 2196 τὸ
854 2145 953 2214 τῆς
995 2142 1344 2213 ἀνθρωπίνης
1377 2143 1591 2212 φῦσεως
1627 2143 1822 2213 εὖφρόο

237 2254 401 2290 συνον
427 2235 711 2307 καύχημα.
750 2236 965 2306 Ταύτης
997 2237 1030 2306 ἡ
1062 2238 1119 2289 ἐν
1137 2236 1315 2306 καιρῷ
1342 2236 1420 2306 τῷ
1449 2234 1821 2306 ἐπιζητοῦντι,

237 2333 338 2384 καὶ
376 2330 487 2382 τῶν
536 2332 593 2383 ἐν
627 2331 898 2398 ἀνάγκαις
944 2329 1217 2399 δεομένων
1253 2329 1594 2398 συνεργοῦσα
1640 2329 1821 2399 χάρις,

233 2424 340 2492 οὐχ
382 2424 514 2491 ὑμῖν
544 2424 800 2493 παρεῖναι
841 2421 1024 2491 μόνοις
1062 2420 1530 2486 ἁνακαλύπτεται,
1560 2420 1695 2473 ἀλλὰ
1725 2437 1826 2489 τη-

232 2514 479 2567 νικαῦτα
524 2513 744 2584 θερμῶς
793 2514 1246 2580 ἐπικαλουμένοις
1283 2512 1428 2582 μάλα
1474 2511 1575 2583 τὴν
1614 2512 1826 2566 οίκείαν

238 2605 485 2658 συνιέναι
538 2604 759 2658 δίδωσιν
812 2604 1122 2673 ἐπίσκεψιν.
1196 2603 1427 2675 Ὀρῶσιν
1481 2604 1588 2675 γὰρ
1634 2604 1705 2666 ὡς
1759 2604 1827 2658 ἂν

237 2696 429 2764 ἐκείνη
476 2695 591 2766 δοίη
638 2698 902 2766 συνορᾷν·
935 2696 1065 2749 ποτὲ
1109 2696 1209 2764 μὲν
1242 2696 1342 2765 τῆς
1384 2696 1700 2765 ἐπιμελείας
1730 2695 1827 2758 τοῦ

236 2787 547 2855 κᾶμνοντος
580 2787 885 2856 φροντίζειν
915 2786 1310 2840 διατάττουσαν
1330 2801 1344 2816 ⁸
1376 2787 1505 2839 ποτὲ
1531 2786 1608 2846 δέ,
1638 2785 1696 2837 τὸ
1727 2785 1829 2855 τῆς

236 2877 543 2945 θεραπείας
579 2874 718 2941 εἶδος
745 2880 1231 2948 διερμηνεύουσαν,
1273 2879 1367 2929 καὶ
1414 2877 1733 2948 αὐτοχειρίᾳ
1759 2877 1825 2946 τῇ

238 2966 400 3034 ὑμῶν
433 2968 496 3020 τὸ
537 2968 659 3021 ὅλον
690 2970 1127 3038 παραχωροῦσαν
1169 2967 1269 3037 τῆς
1316 2968 1549 3030 ίάσεως’
1597 2968 1693 3020 καὶ
1730 2967 1829 3037 οὐχ

237 3059 321 3122 ὡς
372 3062 729 3126 συγκατιέναι
770 3061 1211 3130 παραιτουμένη,
1256 3060 1347 3113 nl
1396 3063 1553 3129 χεῖρα
1583 3061 1694 3121 τοῖς
1725 3059 1827 3112 κά-

1920 576 2131 636 scentia
2182 573 2421 630 cohibita
2452 577 2538 626 est
2573 587 2588 625 :
2643 581 2737 638 per
2781 578 2965 635 quam,
2986 558 3208 615 morbos
3254 558 3496 613 inferens

1920 667 2287 728 inobedientia
2337 663 2594 726 cessavit,
2645 669 3031 724 terrenumque
3070 654 3365 708 humanum
3413 663 3505 718 ge-

1920 779 2044 828 nus,
2079 760 2229 816 sanis
2257 754 2582 813 obedientia:
2607 749 2897 807 virtutibus
2920 747 3126 816 potitur
3156 760 3173 799 :
3203 757 3301 814 per
3327 755 3493 811 quam

1921 854 2231 910 lethil‘erum
2266 856 2571 921 peceatum,
2602 860 2629 898 a
2662 842 2819 897 malis
2859 837 3231 896 convehendis
3271 834 3507 905 impedi-

1925 960 2037 1005 tum
2063 956 2168 1009 est,
2199 959 2262 998 ac
2289 939 2516 1013 iustitia:
2544 937 2697 1006 copia
2725 938 2777 987 in
2809 930 3123 988 hominibus
3143 928 3441 983 abundavit
3466 942 3481 980 :

1922 1056 2020 1112 per
2068 1050 2232 1107 quam
2291 1045 2443 1087 vetus
2509 1027 2704 1084 mortis
2757 1026 3002 1094 tyrannis
3068 1019 3353 1091 proﬂigata
3389 1024 3498 1082 est,

1923 1109 2231 1198 mortuique
2285 1123 2534 1180 dissoluti
2570 1137 2598 1175 a
2630 1118 2853 1180 saeculo,
2882 1115 3088 1184 potenti
3110 1113 3232 1167 Filii
3253 1111 3373 1180 ejus
3395 1109 3507 1162 vir-

1924 1233 2058 1287 tute,
2098 1219 2364 1290 eoaptatis
2417 1212 2699 1278 membris,
2732 1211 2797 1265 ad
2862 1207 3101 1263 nesciam
3154 1205 3292 1260 senii
3338 1203 3506 1256 vitam

1926 1316 2164 1378 fuerunt,
2198 1308 2450 1367 evocati:
2507 1320 2630 1377 quae
2665 1302 2778 1359 sola
2815 1301 2936 1356 vitae
2974 1295 3301 1352 immortalis
3326 1303 3508 1363 porta,

1877 1457 1879 1459 ,
1924 1423 2021 1478 per
2051 1421 2210 1475 quam
2237 1402 2497 1458 transitus
2542 1412 2646 1451 non
2702 1401 2867 1463 patet,
2922 1390 3195 1460 appellata
3250 1387 3363 1452 sit;
3409 1398 3509 1453 per

1923 1514 2084 1570 quam
2116 1490 2539 1561 incnrruptionis
2568 1500 2738 1557 penus
2794 1483 3087 1552 potuerint,
3148 1490 3310 1547 atque
3361 1491 3511 1529 mor-

1928 1592 2085 1655 tales,
2122 1584 2545 1642 immortalitatis
2576 1578 2781 1633 divitiis
2814 1574 2957 1629 aucti
2990 1573 3097 1625 sint
3125 1589 3140 1625 :
3205 1583 3303 1638 per
3342 1582 3505 1634 quam

1925 1684 2221 1754 primorum
2276 1685 2558 1747 parentum
2616 1670 2844 1725 ﬂuentes
2901 1665 3052 1734 copia
3124 1662 3375 1731 lacrymae
3426 1674 3511 1710 re-

1927 1788 2131 1846 pressae
2193 1769 2326 1835 sint,
2381 1767 2672 1838 gandiique
2722 1759 2964 1822 ﬂumina,
3024 1766 3135 1809 tum
3203 1754 3348 1815 illus,
3394 1759 3509 1804 tum

1857 1847 1901 1904 Β
1927 1881 2113 1922 corum
2140 1872 2407 1932 posteros,
2435 1859 2552 1925 ejus
2585 1852 2853 1925 magnalia
2906 1846 3291 1917 intelligentes,
3345 1857 3373 1896 a
3402 1857 3506 1896 εξε-

1923 1956 2046 2012 culo
2088 1951 2457 2023 irrigaverint.

1994 2046 2347 2118 Angelorum,
2409 2043 2651 2109 inquam,
2703 2030 3203 2093 honorificentiam;
3258 2026 3511 2080 incessa-

1925 2137 2086 2192 bilem
2120 2150 2304 2189 eorum
2336 2132 2713 2202 gloriationem
2741 2141 2756 2192 ;
2790 2123 3013 2179 humani
3043 2121 3259 2191 generis
3288 2118 3505 2186 plenam

1926 2230 2125 2285 laetitiae
2173 2226 2418 2297 gloriam.
2454 2222 2581 2291 Ejus
2637 2219 2832 2290 gratia,
2894 2228 3082 2271 eorum
3114 2211 3344 2283 propitia
3387 2223 3509 2278 pro-

1926 2324 2102 2388 cibus,
2148 2320 2460 2384 faveusque,
2518 2313 2695 2383 quiin
2759 2305 3193 2369 necessitatibus,
3252 2317 3376 2357 cum
3431 2301 3508 2355 ila

1930 2424 2141 2482 tempus
2202 2411 2390 2479 exigit,
2443 2416 2623 2469 orant,
2698 2417 2801 2457 non
2834 2401 2988 2456 vobis
3055 2406 3265 2452 tantum
3315 2394 3507 2448 adesse

1929 2516 2284 2567 monstratur,
2337 2501 2431 2556 sed
2486 2509 2543 2553 et
2595 2507 2724 2569 tunc
2772 2495 3049 2550 ferventer
3097 2486 3504 2551 invocantibus,

1927 2615 2080 2656 suam
2145 2599 2259 2666 ipsa
2307 2595 2493 2664 utique
2538 2589 2931 2661 inspectionem
2982 2596 3304 2652 curamque,
3348 2579 3512 2635 intel-

1930 2691 2094 2760 ligere
2147 2689 2355 2744 tribuit.
2424 2682 2623 2739 Vident
2678 2681 2846 2743 enim,
2911 2686 3072 2749 prout
3144 2675 3232 2728 illa
3288 2672 3510 2741 conspi-

1929 2799 2053 2839 cere
2082 2780 2337 2845 dederit;
2393 2777 2549 2830 modo
2577 2773 2794 2843 quidem
2851 2771 3136 2844 jubentcm
3198 2773 3511 2835 utcgroto—

1931 2893 2049 2930 rum
2076 2887 2260 2927 curam
2324 2869 2611 2933 habeatis;
2670 2866 2831 2920 modo
2861 2876 3040 2918 autem
3060 2859 3364 2915 curationis
3391 2871 3517 2911 tno-
3608 2906 3621 2918 ,

1930 2966 2055 3020 dum
2090 2970 2467 3032 exponentem,
2496 2971 2718 3025 remque
2753 2966 2919 3010 totam
2984 2966 3239 3007 manuum
3287 2962 3504 3003 vestra—

1932 3071 2051 3111 rnm
2086 3053 2349 3122 obsequio
2380 3049 2780 3120 permittentetn
2837 3065 2850 3100 :
2882 3061 2985 3100 non
3026 3044 3076 3097 id
3111 3042 3353 3112 quidem,
3386 3051 3511 3094 tan-

242 3169 472 3221 μνουσιν
501 3152 809 3221 ἐπορέγειν,
836 3153 869 3221 ἢ
906 3152 1052 3220 μόνῳ
1077 3152 1461 3222 προστάγματι
1483 3151 1583 3220 τὴν
1615 3147 1828 3215 εὐεξίαν

1932 3162 2093 3215 quam
2126 3146 2240 3213 ipsa
2278 3141 2645 3195 inclinationis
2676 3139 2942 3193 detrectet
2988 3136 3233 3202 modum,
3267 3145 3361 3188 aut
3395 3149 3513 3188 ma-
3584 3152 3587 3153 '

238 3247 513 3314 ἐνεργεῖν,
549 3244 703 3296 ταῦτ’
736 3246 909 3309 ἐννοξί
944 3245 1037 3297 καλ⁸
1059 3244 1552 3315 πραγματεύεται’
1582 3242 1696 3313 ἔχει
1725 3242 1834 3315 γὰρ

243 3338 308 3389 τὸ
332 3335 526 3404 φιλανθ
538 3334 735 3406 ρώπως
757 3334 1029 3388 ἐπινεύειν
1051 3336 1145 3387 καὶ
1170 3333 1547 3403 κάμπτεσθαι,
1573 3335 1667 3385 καὶ
1687 3332 1835 3385 τοῦθ’

246 3427 393 3497 ὑπὲρ
418 3426 684 3496 γεννητὴν
708 3425 893 3495 φύσιν,
913 3426 1058 3494 μόνῳ
1088 3423 1166 3495 τῷ
1195 3423 1311 3490 ἴ-’ίῷ
1335 3422 1747 3494 παραχωροῦσα
1775 3421 1836 3476 τὸ

243 3517 347 3585 τῆς
375 3516 779 3585 εὐσπλαγχνίας
804 3516 1137 3584 ἀσύγκριτον
1159 3531 1172 3543 ο
1205 3512 1322 3567 ἀλλ’
1348 3513 1424 3576 ὡς
1470 3512 1634 3565 αὑτοῦ
1669 3511 1835 3581 θερά-

247 3624 452 3669 ποντας
484 3606 628 3676 ὑμᾶς
660 3605 901 3676 τιμῶσα,
930 3604 1027 3657 καὶ
1051 3604 1151 3675 τὴν
1179 3602 1269 3658 διὰ
1296 3600 1392 3657 τοῦ
1419 3601 1623 3673 ταύτην
1642 3603 1838 3656 διοικο-

246 3701 438 3769 νομετν
471 3697 637 3769 τιμὴν
672 3694 1087 3752 ἐπιϐεϐαιοῦσα.

324 3978 502 4049 Ᾱδτὴν
531 3973 626 4031 οὖν
650 3978 731 4040 εἰς
761 3976 1060 4048 πρεσϐείαν
1090 3976 1316 4047 ἐτοίμην
1342 3972 1507 4031 οὖσαν
1536 3974 1832 4039 κινοῦντες,

247 4069 346 4121 καὶ
383 4069 549 4121 πᾶσιν
578 4066 818 4135 δαψιλῶς
849 4066 911 4119 τὸ
944 4067 1040 4137 τῆς
1071 4067 1476 4135 εὐσπλαγχνίας
1504 4065 1836 4135 ἐπιχέουσαν

246 4162 453 4224 ἔλαιον,
486 4163 582 4223 τὰς
607 4160 713 4213 τῶν
738 4159 1092 4227 ὀδυνωμένων
1123 4162 1215 4212 καὶ
1239 4159 1537 4230 θεραπείας
1563 4158 1836 4229 δεομένων

244 4249 550 4322 ἀλγηδόνας
585 4251 896 4321 κοιμίσατε.
924 4250 1013 4302 τόν
1035 4266 1094 4302 τε
1124 4250 1288 4303 πόθον
1320 4248 1629 4320 ἀμείψασθε
1655 4249 1749 4302 τοῦ
1775 4247 1837 4300 τὸ

251 4346 400 4416 ἱερὸν
458 4344 612 4412 ὑμῶν
646 4340 980 4410 κοσμοῦντος
1035 4342 1286 4410 τέμενος,
1318 4340 1412 4392 καὶ
1458 4342 1515 4392 ἐν
1568 4342 1635 4411 τῇ
1681 4339 1836 4409 ὑμῶν

248 4437 682 4506 ἐγκαυχωμένου
719 4432 1058 4503 προστασίᾳ·
1110 4433 1202 4484 καὶ
1240 4431 1350 4484 τῶν
1398 4434 1476 4493 είς
1523 4430 1657 4483 Θεοῦ
1692 4431 1837 4496 δοξο-

248 4527 459 4593 λεγίαν.
496 4526 589 4577 καλ⁸
626 4525 728 4592 τῆς
773 4524 905 4592 παρ’
952 4520 1118 4574 αὑτοῦ
1156 4522 1448 4590 δεδομένης
1483 4521 1611 4590 ὑμῖν
1659 4538 1838 4574 συνει-

250 4618 535 4685 λεγμένων
558 4618 634 4678 εἰς
660 4614 939 4684 εὐφημίαν
965 4614 1210 4683 χάριτος,
1241 4612 1341 4675 τὰς
1375 4612 1668 4676 διαπαντὸς
1692 4612 1832 4684 πλη-

256 4706 469 4777 ρώσατε
493 4707 726 4774 δεήσεις.
746 4705 954 4757 Λάϐετε
976 4704 1268 4772 σύμφωνον
1288 4704 1415 4772 ὑμῖν
1443 4704 1835 4772 προτείνουσαν

250 4815 358 4868 πρε
369 4799 575 4858 σΕείαν,
600 4800 679 4859 εἰς
700 4813 759 4848 τε
784 4797 873 4848 τὴν
893 4796 951 4862 ἐξ
972 4797 1140 4865 αὐτῆς
1159 4796 1581 4865 σεσαρκωμένυν
1606 4796 1833 4868 Κύριον,

252 4894 349 4943 καὶ
387 4890 687 4960 μητρόθεον
720 4888 925 4956 ταύτης
962 4888 1393 4957 μεγαλειότητα,
1439 4886 1653 4957 μητέρα
1698 4905 1833 4959 γνη-

254 4986 398 5040 σίαν.
432 4981 849 5050 φιλανθρωπίαν
897 4980 1313 5049 ἐκμιμουμένην
1344 4980 1586 5033 τέκνων·
1625 4980 1716 5051 ἢν,
1757 4981 1834 5044 ὡς

250 5076 487 5143 γάλακτι
511 5073 811 5141 θρέᾲασαν,
832 5071 975 5123 οὕτω
998 5073 1091 5124 καὶ
1110 5070 1341 5140 πράξεσι
1372 5071 1575 5133 ἐνθέοις
1597 5072 1837 5124 τελειοῦ-

256 5182 359 5215 σαν
409 5160 832 5231 ἐκληρὼσασθεο
865 5162 948 5228 ἣν.
992 5160 1067 5221 ὡς
1116 5162 1215 5228 τῆς
1267 5160 1502 5227 φύσεως,
1554 5160 1697 5212 οὕτω
1741 5163 1836 5213 καὶ

254 5258 373 5326 βίον
397 5252 779 5323 ὀμογνὼμονος
810 5253 1151 5320 ηύτυχήσατε
1177 5250 1365 5320 χρῆμα
1384 5268 1397 5281 '
1424 5252 1491 5303 δι’
1514 5247 1603 5323 ἧς,
1636 5254 1833 5321 ὁρατοῦ

250 5365 310 5400 τε
346 5348 463 5416 Ξιμα
496 5346 589 5397 καὶ
620 5343 812 5412 νοητοῦ
860 5344 1032 5407 τρωτὸς
1082 5344 1298 5394 ἀκτῖσιν
1346 5343 1794 5415 περιελάμφθητε
1816 5360 1832 5377 ⁸

250 5440 560 5504 (ηεοδάτη-ι,
605 5438 705 5505 τὴν
753 5434 983 5503 δώρημα
1041 5434 1140 5502 μὲν
1191 5435 1334 5486 θεῖον
1388 5438 1831 5504 χρηματίσασαν,

247 5528 416 5580 δεκτά
474 5527 529 5577 δὲ
574 5525 743 5594 δῶρα,
791 5524 891 5584 τὰς
935 5541 993 5576 τε
1021 5525 1227 5586 οἰκείας
1269 5526 1490 5594 ἀρετὰς,
1542 5526 1637 5578 καὶ
1688 5528 1834 5595 ὑμᾶς

247 5620 373 5686 Ωεῷ
430 5618 933 5687 καρποςορῂσασαν
957 5632 970 5645 ·
1000 5617 1223 5684 ταύτην,
1254 5615 1445 5685 ὥσπερ
1472 5616 1581 5669 τῶν
1611 5619 1833 5685 ἀγαθῶν

251 5709 457 5778 ἔργων,
485 5705 627 5757 οὕτω
652 5704 870 5757 καὶτῶν
900 5705 1159 5775 χαρίτων,
1185 5705 1278 5757 καὶ
1301 5705 1401 5774 τῆς
1432 5709 1565 5776 πρὸς
1590 5706 1683 5760 τὸν
1701 5707 1833 5760 Κτί-

257 5819 391 5869 στην
434 5798 767 5871 παρᾗτοσὲεις,
805 5800 1058 5852 κοινωνὸν
1088 5797 1388 5868 εἰληφότες.
1426 5799 1518 5851 Διὸ
1568 5802 1655 5856 καὶ
1694 5801 1827 5874 πρὸς

1938 3252 2066 3290 num
2124 3234 2284 3302 aegris
2332 3233 2606 3302 porrigere
2647 3228 2801 3291 nolit,
2862 3227 3047 3281 solove
3102 3234 3373 3296 praecepto
3416 3226 3515 3277 bo-

1939 3343 2061 3381 nam
2106 3325 2468 3379 valetu.tinetn
2508 3328 2701 3375 renuat
2728 3320 2966 3387 Operari,
3031 3319 3251 3372 molitur
3309 3318 3410 3370 ista
3438 3331 3502 3369 ac

1937 3419 2232 3486 excogitat,
2268 3415 2512 3486 (quippe
2563 3413 2724 3466 habet
2756 3420 2815 3465 ut
2891 3410 3227 3481 benignitate
3287 3418 3523 3474 annuat,

1935 3528 1997 3566 ae
2029 3510 2303 3571 ﬂectatur,
2352 3506 2512 3575 idque
2576 3518 2737 3572 supra
2770 3512 3012 3557 creatum
3041 3516 3221 3566 omne,
3299 3512 3357 3554 ut
3421 3501 3512 3553 uni

1938 3606 2204 3660 duntaxat
2232 3600 2374 3656 Filio
2435 3595 2877 3662 incomparabilis
2943 3594 3330 3649 misericordia:
3384 3609 3517 3660 prm-

1940 3698 2237 3767 rogativatn
2292 3694 2549 3748 cmicedal
2589 3710 2603 3748 :
2644 3689 2785 3759 )sed
2816 3700 2875 3742 ut
2916 3689 3063 3741 vobis
3114 3685 3230 3754 ejus
3296 3685 3512 3741 famulis

1938 3793 2199 3847 honorem
2234 3787 2449 3851 habeat,
2507 3800 2573 3839 ac
2620 3796 2784 3852 quam
2824 3780 3186 3850 dispensanda
3242 3778 3511 3849 ejusmodi

1937 3875 2248 3932 valetudine
2295 3873 2522 3940 gloriam
2564 3869 2847 3934 obtinetis,
2888 3868 3194 3924 eonllrmet.

2011 3968 2146 4021 Eam
2213 3966 2415 4035 itaque,
2460 3978 2583 4034 qua!
2641 3970 2886 4033 prompta
2942 3962 3011 4015 sit
3041 3964 3106 4013 ad
3164 3954 3513 4014 intereeSsio—

1942 4074 2085 4124 nem,
2123 4071 2186 4112 ac
2217 4055 2486 4110 universis
2526 4054 2912 4109 misericordia:
2969 4051 3150 4107 oleum
3199 4054 3413 4107 abunde
3438 4055 3514 4105 ai-

1941 4152 2147 4216 fondat,
2228 4155 2604 4218 provocantes,
2658 4154 2983 4214 a'grotorum
3033 4142 3270 4209 dolores,
3317 4158 3380 4196 ac
3420 4157 3507 4196 cui

1941 4242 2153 4297 ratione
2188 4238 2490 4307 egentium,
2552 4238 2757 4299 sedate,
2792 4234 3018 4303 ejusque
3076 4232 3354 4288 desiderio
3386 4248 3517 4287 con.

1940 4347 2129 4404 gruam
2172 4328 2450 4396 rependite
2504 4327 2698 4389 vicem,
2731 4325 2822 4393 qui
2872 4336 3087 4376 sacrum
3141 4322 3242 4377 hoc
3275 4333 3515 4377 vestrum

1941 4422 2226 4475 delubrum
2266 4432 2487 4483 ornans,
2546 4418 2599 4470 in
2634 4426 2810 4470 vestra
2843 4417 3108 4485 gloriatur
3159 4417 3517 4483 preteetione:

1946 4530 2044 4568 nec
2075 4527 2180 4567 nan
2217 4526 2428 4571 eorum,
2465 4509 2554 4576 qui
2610 4507 2675 4560 ad
2732 4507 2824 4560 Dei
2879 4506 3111 4572 laudem,
3174 4506 3410 4576 donique
3448 4508 3519 4559 ab

1940 4622 2005 4659 eo
2069 4605 2221 4658 vobis
2281 4601 2525 4657 concessi
2597 4598 3040 4662 celebrationem,
3127 4610 3515 4659 convenerunt.

1937 4712 2151 4767 semper
2177 4695 2454 4749 orationes
2503 4692 2739 4760 implete.
2793 4688 3016 4744 Habetis
3070 4691 3339 4745 sinceram
3392 4706 3518 4743 ma-

1940 4802 2099 4853 trem,
2152 4802 2271 4855 qute
2325 4787 2613 4839 charorum
2646 4782 2931 4851 pignorum
2963 4782 3246 4843 imitatrix,
3321 4796 3515 4834 consov

1939 4898 2063 4936 nam
2105 4878 2256 4932 vobis
2312 4874 2770 4945 deprecationem,
2831 4872 2897 4925 ad
2958 4870 3247 4926 Dominum
3288 4886 3354 4925 ex
3407 4873 3519 4940 ipsa

1938 4975 2295 5032 incarnatum,
2383 4966 2609 5035 ejusque
2667 4961 2759 5016 Dei
2822 4962 3104 5033 genitricis
3154 4961 3517 5029 majestatesu,

1938 5061 2128 5116 oﬂ‘erat
2158 5080 2171 5115 :
2203 5073 2365 5129 quam
2392 5058 2469 5111 uti
2508 5057 2645 5110 lacte
2695 5055 2986 5119 nutricem,
3054 5054 3126 5109 ita
3159 5054 3357 5108 divinis
3385 5071 3518 5125 quo-

1937 5170 2041 5225 que
2120 5151 2432 5206 actionibus
2511 5147 3047 5209 consummatriccm,
3098 5146 3275 5201 sortiti
3337 5149 3514 5212 estis;

1937 5260 2097 5315 quam
2131 5245 2205 5297 uti
2234 5252 2458 5307 naturae,
2511 5241 2583 5293 ita
2620 5247 2674 5293 et
2696 5237 2979 5292 concordis
3005 5237 3127 5291 vitae
3152 5238 3513 5292 substantiam

1937 5338 2201 5391 habuistis
2228 5351 2243 5401 ;
2271 5332 2421 5400 cuius
2448 5345 2632 5399 opera,
2675 5328 2907 5382 visibilis
2941 5328 3145 5396 pariter
3172 5344 3233 5382 ac
3255 5330 3516 5397 spiritalis

1936 5432 2156 5486 luminis
2199 5431 2387 5492 radiis,
2446 5426 2696 5481 illustrati
2751 5424 2973 5493 fuistis;
3002 5422 3335 5479 Theodotatn
3366 5429 3515 5483 scili-

1934 5535 2041 5589 cet,
2074 5525 2312 5578 divinum
2347 5530 2711 5588 nuncupatam
2744 5531 2961 5581 munus,
2985 5532 3104 5585 qua:
3130 5517 3508 5586 nihilominus,

1933 5632 2057 5669 cum
2097 5630 2223 5669 suas
2271 5616 2384 5682 ipsa
2437 5613 2685 5675 virtutes,
2716 5624 2827 5665 tum
2859 5624 2957 5663 vos
2989 5621 3213 5680 accepta
3250 5612 3360 5665 Deo
3391 5629 3512 5667 mn-

1936 5722 2067 5763 nera
2116 5707 2405 5773 obtulerit;
2451 5721 2595 5771 eam,
2632 5704 2707 5759 nti
2743 5704 3009 5759 bonorum
3061 5719 3308 5774 operum,
3343 5705 3415 5758 ita
3457 5716 3512 5760 et

1937 5804 2225 5867 donorum,
2263 5799 2515 5871 illiusque
2538 5799 2605 5856 ad
2637 5798 2803 5856 Deum
2847 5807 3122 5857 auctorem
3150 5797 3383 5865 liduciw,
3417 5815 3508 5855 so-
