4206 6230
583 329 646 417 to
1600 365 1685 418 oe
1724 367 1876 420 \‘l'l'A
1919 367 1977 419 Β.
2023 367 2081 419 ια’.
2125 368 2147 419 ,ι

2247 367 2344 421 ςιΝι
2386 369 2515 424 SEL'
2559 369 2833 424 .-\LCL'|.‘-l
3768 372 3841 427 90

575 474 993 531 correctioribus
1037 473 1240 556 chartis
1263 515 1276 539 ,
1326 475 1378 528 in
1431 476 1690 556 epistolis.
1729 478 1980 556 maritae“
2019 492 2154 546 quas
2185 485 2228 539 Α
2259 482 2430 556 sancti
2472 481 2755 551 Augustini
2794 481 2990 556 ibidem
3020 481 3363 556 przefeetum,
3388 483 3618 556 nominis
3647 485 3838 540 simili-

576 561 761 602 τοίω-ο
801 558 990 615 prope,
1016 544 1342 615 charactere
1381 544 1611 613 scriptas
1659 544 2109 613 deprehendimus
2138 589 2150 610 ,

575 630 771 670 nomen
797 614 953 670 suum
983 614 1113 684 ipse,
1143 624 1203 684 ut
1230 614 1494 684 conjicere
1524 616 1669 680 licet,
1707 616 2038 684 frequentius
2061 633 2154 671 ex-

572 685 771 754 pressit
799 683 1084 754 scribendo
1104 683 1186 736 vel
1218 683 1434 754 Albinus
1464 685 1543 736 vel
1571 683 1876 747 Alclminus,
1900 685 2006 750 vel,
2029 687 2154 740 dum

574 753 642 809 ad
665 755 920 816 Davidem
943 769 1120 814 suum,
1142 754 1207 807 ad
1234 753 1546 818 Homerum,
1572 756 1639 808 ad
1667 756 2000 818 Damoetam,
2026 757 2155 808 ami-

572 839 668 879 cos
710 823 1208 894 aliosi‘familiarins
1236 824 1525 894 scribebat,
1561 822 1790 894 Flacch
1815 825 2032 877 Albinus
2062 835 2156 879 aut

573 894 791 964 Albinus
821 893 1066 964 Flaccus.
1098 892 1351 962 Reliquas
1379 893 1540 962 igitur
1576 892 1991 964 appellationes,
2020 911 2153 964 qua-

572 962 657 1034 les-
679 979 708 1017 a
739 959 1128 1034 posteridribns
1157 959 1510 1034 scriptoribus
1537 959 1771 1034 exaratze
1805 959 2072 1033 leguntur,
2097 974 2154 1018 ut

574 1031 840 1095 Alboinits,
875 1031 1154 1096 Alkainns,
1188 1033 1515 1097 Alc/nuituis,
1545 1033 1831 1102 Alqninns,
1864 1031 1980 1087 ﬁcte.
2003 1075 2016 1096 ,
2056 1035 2144 1088 im-

572 1103 780 1170 peritiae
799 1104 1150 1158 scribentium
1178 1112 1269 1156 aut
1296 1104 1442 1156 durm
1472 1103 1786 1171 aspirationi
1809 1103 2150 1166 dictantium,

570 1171 788 1227 credam
813 1188 949 1242 esse
991 1172 1384 1226 attribuendas.
1409 1172 1602 1227 Nimis
1644 1188 1776 1242 ergo
1823 1183 1979 1227 acute
2021 1189 2154 1228 non-

571 1242 700 1312 nulli
733 1241 891 1310 hujus
915 1243 1148 1298 nominis
1171 1243 1434 1312 originem
1462 1258 1560 1311 per
1587 1241 1738 1297 fictas
1768 1258 1992 1312 prorsus
2015 1244 2154 1297 deris

571 1311 815 1369 vationes
834 1321 886 1367 et
912 1328 1102 1366 vocum
1127 1311 1545 1381 compositiones
1566 1311 1843 1381 inquirunt
1865 1329 1986 1368 cum
2014 1313 2153 1366 Heu-

571 1390 707 1447 toro,
752 1383 842 1452 qui
884 1382 936 1436 in
985 1382 1194 1452 Etymis
1220 1381 1415 1436 Alrwin
1452 1383 1875 1452 interpretatur:
1926 1383 2153 1452 undique

569 1468 677 1505 rem
720 1452 992 1521 facientem
1036 1463 1440 1521 angentemque,
1497 1469 1526 1506 a
1567 1453 1732 1506 verbo
1779 1452 1957 1515 Gwin,
2008 1453 2152 1520 quod

566 1523 707 1589 apud
749 1521 1048 1577 Germanos
1077 1522 1284 1575 lucrum
1321 1521 1934 1591 significat.,C:eterum,
1959 1521 2148 1576 Alcuin

565 1606 660 1647 seu
709 1591 930 1646 Alclmin
977 1607 1171 1646 nomen
1219 1593 1454 1660 patrium
1508 1592 2147 1647 Germano-Saxonicum

566 1661 732 1717 fuisse
761 1663 993 1732 videtur,
1023 1663 1165 1732 quod
1194 1664 1417 1731 posthac
1443 1661 1665 1717 meliore
1692 1670 1746 1732 et
1768 1662 1961 1716 Latino
1991 1677 2149 1716 voca-

565 1732 694 1786 bulo
733 1730 983 1794 Albinus,
1015 1730 1207 1787 efferre
1252 1733 1456 1795 voluit;
1494 1741 1654 1802 prout
1691 1731 1882 1787 fecisse
1926 1739 2150 1802 apparet

565 1802 618 1855 in
648 1802 872 1873 epistola
900 1803 966 1856 ad
997 1803 1304 1873 Elipantum
1329 1803 1550 1873 scripta,
1578 1803 1670 1872 qui
1706 1803 1763 1855 in
1784 1817 1880 1857 sua
1913 1802 2148 1869 Respon-

494 1873 500 1880 ’
565 1871 707 1926 seria
758 1872 826 1926 ad
875 1871 1264 1928 nomen—istud
1317 1871 1561 1928 alludens
1599 1871 1805 1942 insigni
1856 1884 2151 1928 scommate

565 1942 740 2013 ipsum
767 1951 921 1998 vocat
949 1942 1192 2013 Albinum
1223 1945 1491 2013 nigredine
1521 1944 1864 1998 teterrinmm.

633 2013 696 2066 Il.
728 2012 1030 2084 Pronomen
1062 2011 1307 2084 Flaccus,
1340 2015 1480 2084 quod
1508 2029 1895 2083 nonnunquam
1918 2021 2044 2067 ante
2068 2014 2151 2067 vel

561 2082 883 2152 postposuit,
916 2098 946 2136 e
985 2083 1304 2152 baptismate
1344 2082 1592 2140 hausisse
1622 2084 1690 2136 cl.
1719 2082 2059 2150 Quercetano
2097 2085 2150 2138 in

565 2151 772 2221 przefat.
806 2169 954 2207 num.
983 2152 1018 2205 2
1049 2151 1222 2208 visum
1252 2163 1354 2209 est.
1395 2155 1532 2210 Vero
1567 2163 1747 2208 tamen
1777 2155 2006 2208 similius
2043 2163 2146 2219 est,

563 2238 759 2293 nomen
788 2223 889 2278 hoc
920 2238 1042 2277 esse
1067 2225 1380 2287 ascititium,
1421 2239 1529 2293 quo
1559 2227 1751 2280 beatus
1777 2225 2035 2278 Alcuinus
2071 2225 2152 2278 in-

565 2303 648 2347 ter
672 2292 988 2356 familiares,
1009 2309 1145 2362 quos
1171 2295 1223 2348 in
1251 2292 1460 2350 artibus
1480 2294 1793 2350 liberalibus
1819 2309 1883 2347 ac
1910 2295 2150 2348 scientiis

561 2363 871 2419 excolendis
900 2364 1076 2419 socios
1113 2365 1320 2426 habuit,
1353 2365 1431 2418 uti
1454 2365 1750 2426 consuevit,
1779 2380 1845 2417 ex
1869 2379 2017 2420 more
2040 2365 2147 2418 sci-

562 2433 788 2506 licet_sni
816 2435 1096 2506 temporis,
1130 2434 1195 2490 de
1225 2451 1333 2504 quo
1371 2435 1423 2491 in
1454 2435 1679 2506 epistola
1702 2433 1994 2506 1847(nunc
2015 2435 2148 2506 liii)

561 2503 652 2576 ad;
677 2503 1059 2576 Gundradam,
1107 2503 1464 2576 cognomento
1491 2503 1756 2561 Eulaliam
1805 2503 1878 2559 ita
1919 2503 2143 2576 scribit:

567 2593 585 2623 α
622 2572 1145 2645 Smpefamiliaritas
1176 2572 1410 2631 nominis
1445 2576 1874 2631 immutationem
1902 2573 2147 2645 solet_l‘a-

561 2643 723 2707 cere,
758 2644 900 2699 sicut
927 2646 1040 2714 ipse
1078 2647 1336 2702 Dominus
1367 2647 1672 2702 Simeonem
1704 2646 1932 2698 mutavit
1963 2645 2015 2698 in
2045 2643 2146 2699 Pe-

561 2723 728 2777 trum,
777 2723 834 2770 et
880 2714 1020 2770 ﬁlios
1047 2717 1323 2780 Zebedazi,
1359 2715 1498 2771 filios
1527 2715 1824 2771 nominavit
1875 2716 2098 2769 tonitrui
2130 2735 2141 2769 :

561 2784 706 2856 quod
719 2784 911 2856 etiam_
918 2786 969 2856 in
999 2786 1236 2856 antiquis
1263 2788 1342 2842 vel
1370 2788 1450 2841 liis
1479 2786 1690 2842 novellis
1723 2785 1903 2839 diebus
1927 2785 2148 2856 probare

560 2852 775 2928 poteris.
808 2875 827 2928 ξ
865 2852 1090 2928 (aecus
1128 2852 1256 2928 ergo
1302 2874 1496 2928 nomen
1545 2856 1644 2911 fuit
1684 2852 2145 2928 Alcuino'asciti-

565 2925 721 2986 tium,
748 2925 835 2979 vei
867 2925 934 2979 ab
981 2927 1096 2994 ipso
1129 2924 1399 2992 electum;
1441 2927 1700 2982 Alcuinus
1738 2939 1867 2978 vero
1915 2940 2007 2978 seu
2056 2924 2146 2976 Al-

563 2994 792 3074 ehuinus
819 2995 1130 3078 prin‘xevum
1155 2999 1529 3078 e.t__proprium.
1550 2997 1898 3078 Quapropter
1923 2994 2042 3048 loco
2065 2994 2147 3048 in—

563 3063 883 3137 scriptionis
912 3064 1147 3137 Operum
1179 3063 1349 3133 illius,
1373 3083 1477 3137 qua
1516 3067 1584 3121 cl.
1632 3063 2019 3137 QuerCetauus,
2054 3080 2148 3137 an-

564 3133 816 3188 ctoritate
853 3134 990 3190 Sixti
1023 3135 1278 3192 Senensis
1312 3148 1366 3192 et
1394 3133 1629 3192 aliorum
1655 3135 2011 3206 quorumdam
2054 3135 2142 3188 de-

563 3213 770 3272 ceptus,
803 3206 996 3274 primo,
1043 3216 1100 3262 ut
1144 3207 1254 3276 ipse
1303 3207 1502 3262 fatetur
1527 3203 1689 3264 num:
1716 3205 1751 3258 2
1777 3203 1990 3274 prmfat.
2016 3220 2145 3259 usus

561 3281 666 3337 est,
706 3276 994 3345 manendo:
1036 3277 1212 3331 Albini
1251 3276 1434 3332 Flacci
1477 3277 1756 3340 Alchuini,
1801 3291 1901 3329 nos
1948 3276 2156 3345 ubique,

562 3344 880 3414 posuimus:
926 3345 1105 3400 Flacci
1144 3347 1316 3401 Albini
1359 3365 1449 3402 seu
1496 3347 1745 3411 Alcuini;
1787 3345 1840 3398 in
1889 3344 2146 3414 conteth

561 3413 693 3468 vero
719 3424 903 3469 nostro
929 3432 1142 3484 semper
1169 3416 1422 3471 Alcuinns
1451 3416 1757 3478 scribimus,
1786 3413 1930 3482 quod
1957 3422 2011 3467 et
2041 3413 2146 3468 fre-

563 3485 825 3558 quentius
853 3485 970 3539 fieri
997 3487 1064 3558 ab
1089 3487 1319 3542 eruditis
1341 3486 1721 3558 comperimus.
1765 3485 1963 3540 Verum
1984 3484 2037 3537 in
2059 3484 2144 3539 his

565 3553 770 3626 diutius
794 3555 1065 3626 immorari
1096 3571 1272 3625 opera:
1292 3553 1524 3626 prctiu’m
1563 3571 1668 3610 non
1695 3563 1796 3626 est.

636 3624 716 3678 Ill.
752 3624 992 3680 Sollicito
1034 3623 1160 3680 vero
1189 3623 1483 3681 cavendum
1515 3636 1596 3679 est
1626 3643 1691 3680 ne
1719 3625 1806 3679 hic
1833 3631 2017 3679 noster
2047 3623 2132 3678 Al-

562 3695 719 3747 binus
757 3711 848 3749 seu
877 3696 1134 3750 Alcuinns
1163 3696 1522 3751 confundatur
1554 3696 1634 3748 vel
1682 3712 1803 3750 cum
1827 3696 2021 3748 Albino
2047 3696 2143 3749 ab-

563 3763 685 3834 bate
709 3764 1120 3834 Cantuariensi,
1160 3781 1190 3819 a
1220 3782 1338 3819 ven.
1369 3767 1510 3820 Beia
1553 3766 1605 3818 in
1646 3765 1868 3834 prologo
1893 3775 1949 3834 et
1981 3765 2072 3817 lib.
2113 3780 2143 3817 ν

565 3832 700 3885 Hist.
737 3833 917 3902 Angl.,
956 3850 1074 3902 cap.
1104 3834 1194 3898 ΩΙ,
1232 3835 1478 3897 laudato,
1521 3839 1579 3886 et
1609 3832 1676 3888 ad
1717 3832 1876 3902 quem
1905 3833 2144 3900 ejusdem

564 3902 720 3956 Beda:
743 3912 921 3957 exstat
959 3903 1181 3970 epistola
1232 3905 1472 3958 Analcct.
1509 3904 1800 3957 .‘ilabillonii
1839 3919 1989 3955 novre
2027 3902 2144 3955 edi-

561 3974 723 4026 tionis
747 3989 866 4042 pag.
899 3973 1021 4042 598,
1055 3973 1135 4027 vel
1164 3989 1288 4028 cum
1317 3974 1512 4028 Albino
1548 3974 1745 4028 Leonis
1785 3973 1850 4026 ill
1878 3988 2026 4041 papa:
2051 3988 2144 4025 cu-

563 4041 849 4114 biculario’,
885 4041 1038 4114 cujus
1073 4044 1318 4097 meminit
1364 4045 1703 4114 Eginhardns
1754 4045 1804 4097 in
1849 4042 2144 4114 Annalibus

561 4113 628 4164 ad
678 4129 876 4167 annum
918 4113 1049 4175 799,
1085 4114 1166 4167 vel
1202 4111 1568 4168 demum'cum
1605 4115 1838 4167 Albnino
1881 4111 2144 4166 monacho

562 4181 942 4252 llersfcldensi.
976 4183 1049 4236 De.
1077 4184 1288 4238 duobus
1327 4185 1543 4252 quidem
1591 4183 1979 4252 posterioribus
2014 4196 2143 4252 pau-

561 4250 740 4304 t'iores
764 4262 911 4316 sunt,
937 4253 1026 4319 qui
1057 4268 1118 4306 se
1145 4254 1196 4306 in
1228 4250 1469 4308 errorem
1498 4250 1654 4319 hujus
1691 4252 2022 4308 confusionis
2065 4251 2144 4302 in-

561 4320 686 4390 duci
721 4322 864 4388 passi
895 4330 1058 4383 sunt;
1098 4323 1161 4374 dc
1199 4324 1365 4390 priori
1389 4339 1517 4377 vero
1555 4323 1780 4382 Albino,
1829 4320 1982 4386 cujus
2019 4334 2138 4390 ven.

561 4389 703 4443 Beda
734 4390 999 4460 meminit,
1025 4389 1265 4460 plerique
1295 4391 1451 4460 paulo
1478 4392 1794 4445 recentioris
1812 4390 1987 4460 aetatis
2009 4389 2143 4441 scri-

560 4469 741 4528 ptorcs
767 4459 1080 4516 hallucmati
1107 4470 1229 4515 sunt
1257 4480 1268 4514 :
1297 4459 1362 4516 et
1398 4462 1612 4530 quidem
1641 4460 1890 4514 Clemens
1931 4459 2141 4530 Beyne-

563 4516 783 4602 ijus,__vir
810 4531 943 4585 alias
971 4532 1213 4602 apprime
1240 4516 1446 4588 doctus.
1494 4530 1734 4602 Apostol.
1771 4516 2046 4602 Benediei.
2088 4529 2141 4580 in
2173 4516 2219 4574 D

558 4599 750 4671 Anglia
787 4608 944 4671 tract.
976 4599 1018 4663 l,
1047 4611 1181 4657 sect.
1213 4619 1250 4663 ι,
1279 4618 1399 4671 pag.
1425 4603 1492 4655 3i
1515 4599 1689 4669 seqq.,
1723 4599 1905 4654 multis
1927 4606 2144 4671 conten-

559 4668 666 4728 dit,
684 4670 929 4724 eumdem
960 4686 1080 4724 esse
1106 4668 1558 4730 Albinum'Bedae,
1593 4668 1752 4735 quem
1781 4676 1956 4729 vocat,
1983 4669 2144 4723 disci—

560 4737 741 4806 pulum
788 4747 844 4793 et
891 4737 1073 4795 Caroli
1123 4740 1296 4807 Magni
1361 4740 1715 4806 magistrum;
1775 4737 2022 4805 hancque
2067 4739 2145 4791 ait

558 4824 679 4862 esse
706 4823 1045 4863 communem
1073 4809 1454 4862 historicorum
1491 4807 1866 4869 traditionem;
1912 4822 2013 4860 nec
2057 4823 2143 4860 re-

560 4893 800 4948 pugnare
827 4879 1100 4933 existimat
1130 4887 1338 4933 aetatem
1393 4877 1548 4931 Bedze
1593 4886 1647 4928 et
1672 4875 1901 4948 Alcuini
1950 4876 2142 4948 (quam

559 4946 926 5008 difﬁcultatem
960 4949 1020 5002 D.
1053 4949 1422 5015 Qucrcetanns
1442 4946 1815 5016 obmovebat),
1865 4947 2141 5014 quoniam,

561 5028 621 5071 ut
653 5019 928 5079 credebat,
975 5018 1232 5083 Alcuinus
1261 5028 1474 5072 aetatem
1510 5027 1726 5073 centum
1766 5031 2030 5069 annorum
2059 5027 2161 5067 ιιι-.

561 5089 681 5157 tigit
724 5089 804 5158 vel
835 5089 1004 5142 etiam
1043 5090 1334 5158 superavit,
1379 5090 1575 5158 quippe
1622 5085 1713 5155 qui
1753 5087 1813 5158 in
1863 5087 2024 5154 epist.
2076 5087 2144 5138 38

560 5156 727 5218 (nunc
767 5157 880 5226 45),
935 5158 1003 5214 ad
1037 5156 1320 5221 Ca’rolum,
1359 5156 1415 5214 se
1465 5156 1651 5213 senem
1682 5156 1836 5211 valde
1881 5171 2141 5208 annosum

557 5243 679 5280 esse
704 5229 921 5285 indicat.

630 5297 717 5368 IY.
749 5298 944 5368 Yerum
971 5300 1109 5353 hanc
1135 5299 1364 5368 Beyneri
1396 5300 1705 5368 opinionem
1741 5295 1910 5368 solide
1957 5308 2138 5360 repro-

560 5366 652 5420 bat
680 5367 743 5420 B.
777 5367 835 5420 P.
864 5369 1088 5424 Michael
1112 5365 1284 5423 Alfort
1307 5365 1501 5423 Annal.
1534 5369 1740 5423 [iet-les.
1775 5365 1979 5419 Britan.
2009 5371 2138 5416 tom.

560 5435 622 5498 ll,
650 5439 716 5491 ad
747 5454 942 5492 annum
987 5440 1108 5500 7l0,
1163 5454 1310 5494 num.
1352 5438 1385 5491 4
1431 5447 1484 5492 et
1528 5454 1703 5507 seqq.,
1741 5437 2140 5494 demonstrans,

561 5507 901 5562 traditionem
928 5509 1309 5590 historicorum
1333 5524 1452 5590 qum
1480 5509 1849 5590 prartenditur,
1877 5517 2144 5590 neccolm-

561 5591 776 5630 munem
803 5592 941 5640 esse,
973 5592 1072 5631 nec
1100 5579 1285 5633 talium
1316 5573 1552 5632 virorum
1570 5618 1582 5637 ,
1621 5578 1710 5644 qui
1738 5573 2022 5630 vetustatis
2047 5573 2144 5644 ha:

563 5645 752 5716 herent
774 5646 1027 5716 sigillum,
1055 5647 1147 5701 sed
1186 5647 1542 5716 quorumdam
1583 5641 1771 5700 media:
1812 5645 2006 5716 :etatis,
2050 5641 2140 5711 qui

563 5713 630 5765 ad
659 5713 846 5784 pauca'
866 5713 1216 5785 respicientes
1246 5717 1402 5771 facile
1430 5717 1799 5785 pronuntiant.
1847 5715 1970 5768 Istis
2011 5728 2141 5785 ergo

563 5783 868 5857 qni’putant
911 5783 1198 5842 Alcuinum
1224 5783 1542 5842 Cantianum
1581 5785 1764 5848 fuisse,
1806 5794 1859 5839 et
1893 5783 2140 5840 coenobio

2183 1833 2225 1892 Β
2255 1804 2410 1860 facile
2435 1805 2740 1892 perspiciet.

2261 551 2418 621 tudo,
2439 559 2495 604 et
2519 560 2824 621 temporum
2850 551 3027 618 aliqua
3058 551 3305 621 vicinitas
3323 552 3595 621 imposuit,
3629 562 3687 607 ut
3707 557 3841 609 scri-

2257 620 2338 672 bit
2379 619 2748 688 llarpsfeldins
2777 635 2901 674 sate.
2932 635 3006 685 Ix,
3034 638 3083 676 c.
3111 619 3198 680 id,
3223 623 3363 690 apud
3394 619 3639 676 eumdem
3664 623 3840 678 Alfor-

2259 697 2370 760 tum
2398 690 2438 742 l.
2467 690 2560 743 cit.
2592 706 2740 760 nunt.
2775 692 2827 745 8.
2862 690 2929 760 Et
2963 704 3112 754 sane,
3137 690 3180 743 si
3216 691 3508 760 scriptores
3543 691 3616 745 illi
3652 708 3838 746 narra-

2258 759 2456 831 tionem
2491 774 2610 812 vcn.
2653 758 2808 814 Beda:
2847 759 2914 814 de
2958 760 3150 831 Albino
3168 775 3273 831 suo
3307 758 3613 816 accuratius
3639 777 3858 831 capere.

2257 828 2496 901 disserit,
2545 844 2702 901 suum
2749 844 2988 901 errorem
3040 827 3291 901 facillime
3337 827 3834 901 deprehendissent.

2258 896 2450 968 Narrat
2480 898 2622 968 enim
2665 899 2716 951 in
2764 899 2886 952 libri
2931 915 2963 950 v
3008 914 3126 968 cap.
3173 899 3233 952 2|
3266 896 3518 954 Albinum
3549 899 3662 967 jam
3693 917 3836 954 anno

2257 967 2358 1039 77ft)
2389 967 2442 1039 in
2474 966 2733 1039 regimine
2762 966 3086 1039 monasterii
3105 966 3578 1039 sanctiAugnstini
3604 969 3838 1039 cantita-

2256 1037 2451 1110 riensis
2494 1037 3142 1110 Adrianosuccessisse:
3188 1037 3606 1110 etingprologo
3650 1037 3837 1110 laudat
3893 1045 3903 1054 ’

2255 1107 2404 1160 illum
2435 1115 2686 1175 tanquam
2720 1107 2969 1161 abbatem
3017 1107 3521 1163 reverendissifnum
3544 1107 3606 1162 et
3632 1108 3835 1162 doctis-

2255 1177 2473 1238 simum,
2521 1192 2629 1230 non
2670 1193 2698 1230 a
2738 1178 2940 1239 se,1sed
2975 1193 3005 1231 a
3051 1177 3222 1231 beatze
3255 1178 3530 1232 memoria:
3553 1177 3839 1234 Theodoro

2255 1209 2473 1238 suum...
2522 1209 2626 1230 mm
2670 1209 2698 1230 α
2739 1209 2816 1239 ac,
2849 1209 2940 1230 su.
2975 1209 3005 1231 ,ι
3051 1209 3222 1231 manu
3257 1209 3530 1232 meum.“
3562 1209 3834 1234 ,σεωυτυ

2253 1246 2661 1316 archiepiscopo
2705 1257 2759 1300 et
2790 1209 2868 1316 aii
2908 1246 3148 1300 Adriano
3177 1247 3370 1302 abbate
3400 1248 3452 1301 in
3481 1248 3567 1301 illa
3605 1247 3834 1302 ecclesia

2253 1314 2653 1381 CantuarienSi,
2673 1316 2765 1370 ubi
2789 1314 2929 1370 Beda
2957 1331 3229 1384 nunquam
3248 1333 3445 1371 munus
3467 1317 3691 1372 docendi
3718 1317 3836 1372 obi—

2253 1387 2349 1448 vit,
2399 1385 2705 1440 institutum
2754 1385 2936 1440 fuisse.
2979 1383 3203 1454 Insuper
3227 1400 3347 1441 ven.
3392 1386 3531 1442 Beda
3578 1385 3833 1441 Albinum

2255 1456 2402 1510 illum
2453 1473 2471 1504 ι
2527 1457 2609 1510 sui
2644 1455 2888 1524 opusculi
2935 1454 3185 1525 Historia
3221 1456 3396 1524 gentis
3419 1455 3710 1525 Anglorum
3742 1471 3836 1525 au-

2251 1536 2456 1581 ctorem
2509 1534 2636 1580 ante
2681 1523 2873 1579 omnes
2913 1534 2968 1578 et
3003 1523 3300 1592 adiutorem
3352 1545 3376 1576 ι.
3412 1523 3635 1587 laudat,
3679 1523 3838 1593 cujus

2251 1612 2414 1664 opera
2429 1601 2485 1651 et
2499 1595 2724 1651 consilio
2749 1596 2800 1649 in
2827 1594 2917 1649 illa
2941 1594 3174 1650 Historia
3201 1595 3569 1664 etincinnauda
3592 1609 3652 1649 se
3677 1609 3832 1648 usuin

2251 1663 2418 1731 fuisse
2441 1666 2741 1734 profitetur.
2773 1665 2903 1731 Quae
2927 1667 3108 1719 omnia
3132 1663 3374 1734 profecto
3399 1663 3626 1718 Aleuino
3647 1671 3835 1718 nostro

2253 1733 2542 1790 convenire
2588 1735 2731 1790 haud
2769 1749 2951 1858 posse,
2984 1735 3209 1802 quisque
3253 1733 3338 1786 vel
3377 1747 3566 1802 parum
3595 1741 3838 1788 attentus

2255 1804 2410 1858 facile
2435 1805 2740 1858 nersnicict.
2814 1803 3022 1858 onsule.
3047 1805 3089 1858 si
3114 1803 3307 1858 placet.
3329 1819 3450 1858 qua:
3480 1811 3667 1857 contra
3696 1802 3834 1857 Bev-

2814 1803 3022 1864 onsule,
3047 1805 3089 1858 si
3114 1803 3307 1872 placet,
3329 1819 3450 1872 qua:
3480 1811 3667 1857 contra
3696 1802 3834 1872 Rey-

2255 1872 2450 1931 neruni
2481 1872 2649 1930 solide
2677 1875 2914 1945 disputat
2940 1872 3180 1945 Alfortus
3205 1872 3240 1925 l.
3267 1877 3359 1928 cit.
3383 1872 3611 1928 Inferius
3632 1873 3834 1945 pariter

2251 1947 2702 2005 monstrabimus,
2751 1941 2968 1998 beatum
3016 1943 3300 1999 Alcuinum
3351 1959 3624 2005 nunquam
3669 1941 3834 1996 fuisse

2251 2033 2372 2072 ven.
2424 2017 2580 2071 Beda:
2625 2014 2966 2082 discipulum.
3015 2013 3333 2068 Anastasius
3387 2013 3834 2068 Bibliothecarius

2252 2089 2306 2142 in
2334 2087 2453 2142 Vita
2484 2085 2705 2141 Adriani
2751 2084 2770 2138 l
2810 2099 2962 2154 papa:
3011 2084 3334 2154 mentionem
3380 2083 3512 2138 facit
3555 2083 3833 2154 cujuslam

2251 2157 2446 2222 Albini,
2475 2172 2634 2226 quem
2666 2151 2827 2212 vocat
2848 2151 3194 2226 regjstjaroli
3221 2153 3552 2226 deliriosum,
3589 2155 3680 2222 qui
3711 2151 3832 2209 cum

2250 2223 2773 2299 Georgio—episcopo
2819 2234 2875 2299 c_t
2918 2223 3173 2299 Gulfardo
3207 2225 3401 2279 abbate
3447 2227 3644 2299 missus
3684 2226 3754 2299 sit
3802 2241 3831 2279 a

2251 2312 2375 2366 rege
2401 2295 2618 2353 'bcllum
2663 2295 3127 2366 Langobardicum
3181 2303 3498 2366 susceptum
3539 2297 3605 2350 ad
3651 2295 3834 2350 sedem

2237 2365 2596 2436 apostolicam
2628 2381 2771 2421 anno
2797 2365 2919 2418 775.
2955 2365 3153 2418 Verum
3182 2365 3270 2419 hic
3295 2365 3520 2436 Albinus
3543 2366 3836 2421 deliciosns
3933 2388 3939 2391 -

2250 2435 2388 2492 alius
2424 2446 2508 2493 est
2534 2439 2602 2492 ab
2638 2437 2867 2491 Aleuino
2912 2445 3118 2497 nostro,
3163 2435 3252 2503 qui
3289 2435 3382 2489 illo
3410 2451 3552 2490 anno
3601 2437 3829 2492 Eboraci

2249 2508 2556 2562 adhucde
2587 2508 2850 2571 residens,
2881 2506 3108 2562 necdum
3136 2505 3190 2558 in
3217 2504 3444 2559 Galliam
3480 2509 3831 2571 transmigra-

2247 2587 2418 2631 verat.
2463 2579 2696 2646 Vocatur
2743 2584 2920 2646 tamen
2950 2585 3003 2631 et
3029 2577 3144 2646 ipse
3180 2583 3366 2646 noster
3407 2575 3666 2631 Alcuinns
3703 2575 3832 2631 deli-

2247 2648 2424 2702 ciosus
2450 2648 2591 2717 regis
2619 2645 2796 2700 Caroli
2822 2663 2852 2700 a
2881 2645 3162 2716 Sigeberto
3200 2645 3536 2718 Geltilaceusi
3555 2687 3570 2710 ,
3613 2646 3829 2718 Triuia-

2247 2718 2356 2772 mio
2401 2727 2457 2773 et
2501 2715 2640 2777 aliis.
2685 2732 2915 2784 quorum
2954 2715 3270 2770 testimonia
3306 2732 3404 2771 suo
3450 2717 3567 2771 loco
3611 2715 3834 2784 inferius

2245 2787 2551 2911 adereenégs.
2602 2783 2735 2843 Vide
2778 2786 2954 2842 Mabil.
2987 2787 3107 2842 libr.
3143 2801 3270 2839 sxw
3303 2785 3522 2850 Annal.,
3564 2801 3716 2841 num.
3740 2783 3833 2851 45,

2246 2873 2369 2911 ωε.
2511 2898 2524 2910 .

2368 2966 2382 2978 .
2425 2927 2499 2981 De
2529 2926 2688 2998 hujus
2716 2943 2845 2998 ergo
2873 2928 3043 2983 nostri
3076 2928 3253 2983 Flacci
3285 2927 3464 2981 Albini
3495 2941 3589 2981 seu
3619 2925 3835 2998 Alcuini

2246 2873 2688 3006 mizzgghujus
2716 2943 2845 2998 ergo
2873 2928 3043 3006 nostri
3076 2928 3253 3006 Flacci
3285 2927 3464 3006 Albini
3495 2941 3589 2981 seu
3619 2925 3801 3006 Alcuiu

2246 3012 2389 3052 nunc
2416 2997 2592 3067 patria
2622 3005 2677 3050 et
2698 2997 3011 3065 parentibus
3032 3000 3239 3067 paucis,
3270 3005 3532 3066 quantum
3563 2997 3836 3067 egt_cert_is

2247 3065 2608 3121 monumentis
2637 3067 2831 3122 elicere
2865 3065 3138 3135 potuimus
3157 3109 3172 3131 ,
3217 3065 3566 3135 disseramus.
3595 3065 3749 3135 Illum
3778 3065 3834 3118 in

2251 3136 2482 3192 Scotieis
2527 3136 2820 3191 Britannia:
2867 3134 3112 3204 partibus
3160 3145 3345 3190 natum
3399 3134 3566 3190 fuisse
3613 3134 3834 3204 quidam

2173 3181 2220 3243 δ
2252 3181 2446 3262 sEBum
2476 3181 2719 3262 historici
2742 3181 3139 3270 existimarunt,
3163 3207 3303 3261 inter
3333 3206 3432 3259 hos
3452 3181 3831 3267 Bucha'nanus,

2247 3277 2341 3332 lib.
2375 3293 2408 3331 ν
2440 3278 2610 3340 llist.,
2656 3293 2763 3331 non
2789 3292 2820 3330 a
2861 3275 3090 3336 familia,
3126 3277 3220 3330 sed
3253 3292 3283 3329 a
3319 3283 3477 3346 gente
3522 3274 3832 3338 Scotorum,

2248 3348 2340 3416 qui
2369 3363 2428 3401 se
2456 3346 2678 3402 Albinos
2707 3363 2800 3401 sua
2828 3346 3012 3416 lingua
3054 3356 3267 3408 vocant,
3310 3361 3506 3416 nomen
3536 3360 3694 3400 suum
3723 3351 3837 3396 tra-

2248 3415 2392 3471 ﬁsse
2418 3417 2710 3471 contendit.
2740 3417 2889 3469 Alios
2911 3415 3145 3483 quoque,
3170 3425 3230 3470 ut
3258 3417 3345 3471 hic
3375 3415 3436 3469 Ι).
3463 3415 3840 3483 Quercetauas

2249 3487 2492 3550 notavit,
2536 3485 2775 3553 reperire
2805 3481 3008 3553 estqui
3042 3481 3196 3539 illum
3245 3488 3297 3540 in
3345 3485 3608 3540 comitatu
3647 3481 3831 3536 Miille-

2247 3557 2433 3620 sexite,
2484 3569 2589 3609 non
2629 3553 2814 3623 procul
2858 3569 2887 3606 a
2931 3553 3178 3609 Londino
3221 3555 3507 3608 oriundum
3557 3553 3828 3623 dixerunt.

2247 3627 2445 3680 Verum
2476 3624 2609 3679 nihil
2631 3622 2721 3677 est
2756 3623 2899 3692 quod
2928 3623 2982 3676 in
3016 3625 3176 3677 unius
3207 3624 3493 3678 alteriusve
3533 3622 3702 3692 partis
3738 3636 3834 3692 pa~

2248 3696 2537 3750 troeinium
2579 3709 2642 3747 ex
2685 3691 3047 3747 monumentis
3072 3694 3355 3762 vetustatis
3384 3692 3554 3762 possit
3595 3691 3833 3762 adduci:

2246 3767 2458 3821 illorum
2504 3779 2635 3833 ergo
2680 3765 3004 3833 scriptorum
3049 3761 3318 3817 sententia
3365 3762 3523 3833 unice
3555 3761 3830 3833 probanda

2245 3845 2346 3899 est,
2369 3836 2461 3902 qui
2495 3830 2708 3887 beatum
2734 3830 3018 3902 Al'cninum
3049 3849 3114 3885 ex
3147 3835 3365 3902 proprio
3389 3830 3572 3902 ipsius:
3591 3831 3831 3902 testimo-

2245 3907 2336 3958 nio
2363 3899 2595 3957 Eboraci
2623 3903 2673 3956 in
2704 3901 3105 3966 Northumbria:
3135 3899 3300 3973 regno
3332 3899 3517 3973 nattmt
3550 3900 3717 3955 fuisse
3746 3899 3830 3973 af-

2245 3976 2493 4037 firmant;
2523 3975 2595 4027 ita
2617 3973 2759 4027 enim
2791 3973 3014 4043 ipsemet
3037 3967 3224 4028 scribit
3252 3975 3306 4027 in
3327 3974 3481 4042 epist.
3506 3972 3538 4025 5
3565 3972 3730 4042 (nunc
3750 3967 3830 4038 6),

2245 4045 2310 4098 ad
2347 4044 2715 4097 Eboracenscs
2741 4061 2752 4096 :
2794 4062 2822 4114 ε
2841 4043 2962 4114 Vos
2989 4043 3204 4114 fragiles
3235 4043 3471 4112 infantia:
3505 4056 3636 4095 mea:
3660 4054 3832 4093 annos

2243 4122 2488 4168 materno
2516 4115 2722 4170 fovistis
2749 4112 2973 4172 affectu;
3000 4121 3053 4166 et
3078 4112 3334 4166 lascivum
3357 4113 3595 4179 pueritire
3619 4119 3832 4179 tempus

2243 4185 2331 4253 pia
2369 4184 2703 4238 sustinuistis
2743 4183 3002 4253 patientia
3025 4223 3038 4244 ,
3087 4191 3140 4253 et
3189 4178 3432 4253 pateram
3458 4178 3836 4247 castigationis

2244 4250 2540 4322 disciplinis
2588 4254 2653 4306 ad
2700 4250 2993 4322 perfectam
3032 4252 3130 4303 viri
3177 4250 3748 4322 edocuistisgetatcm.
3807 4268 3825 4298 ι

2244 4317 2532 4375 Enimvero
2571 4337 2638 4374 an
2670 4317 2772 4374 non
2806 4321 2877 4373 ibi
2905 4327 3062 4373 natus
3099 4325 3400 4380 censeatur,
3434 4317 3522 4370 ubi
3566 4332 3672 4370 non
3707 4325 3831 4370 tan-

2245 4401 2357 4444 tum
2391 4392 2443 4444 in
2472 4393 2638 4444 virum
2676 4390 2938 4452 excrevit,
2965 4390 3135 4450 sedet
3167 4387 3462 4456 pueritiam,
3510 4386 3619 4440 imo
3653 4395 3708 4440 et
3742 4389 3832 4440 in-

2247 4461 2469 4528 fantiam
2517 4459 2736 4530 exegit?
2776 4461 2868 4513 sed
2899 4461 3086 4513 crebra
3130 4458 3298 4530 forte,
3325 4472 3485 4530 quam
3520 4458 3711 4530 beatus
3738 4457 3836 4511 Al-

2247 4527 2439 4586 cuinus
2489 4531 2541 4583 in
2591 4527 2702 4584 suis
2749 4530 2992 4598 epistolis
3037 4530 3200 4593 facit,
3255 4527 3832 4598 Nordanhumbrorum

2247 4603 2468 4663 mentio,
2503 4601 2594 4670 qui
2643 4597 2886 4670 regiones
2933 4601 3175 4654 Scoticas
3206 4615 3373 4670 usque
3420 4597 3832 4670 adhEdinburgi

2247 4670 2444 4749 {Arctum
2492 4668 2878 4749 possidebant...
2919 4670 3204 4749 prie-dictis
3234 4668 3600 4749 scriptoribus
3645 4680 3833 4749 rerum

2247 4737 2582 4796 Seoticarum
2615 4755 2800 4793 ansam
2832 4737 2998 4802 dedit,
3034 4740 3207 4805 inquit
3234 4740 3294 4792 D.
3325 4737 3692 4803 Quercetanus
3719 4777 3732 4797 ,
3771 4745 3834 4790 ut

2248 4809 2299 4862 in
2330 4810 2512 4864 Seotia
2551 4816 2890 4876 procreatum
2918 4824 3040 4859 eum
3074 4809 3496 4876 suspicarentur.
3543 4806 3670 4877 Legi
3697 4820 3835 4877 quo-

2245 4896 2348 4948 que
2377 4881 2442 4934 de
2471 4875 2571 4933 bac
2597 4878 2890 4948 quaestione
2935 4875 3182 4948 [fateretur
3213 4877 3512 4931 Richardus
3554 4875 3832 4948 Smitheus

2245 4942 2460 5003 Florum
2503 4942 2637 5002 Hist.
2689 4949 2883 5002 cccles.
2931 4947 3224 5017 Anglorum
3269 4947 3408 5000 libro
3453 4962 3524 5009 ιι,
3573 4959 3690 5014 cap.
3739 4942 3827 5006 19..

2245 5028 2377 5074 sect.
2417 5021 2469 5078 '5,
2498 5035 2645 5071 num.
2672 5018 2730 5071 2.

2316 5088 2400 5142 γι.
2439 5089 2551 5141 Νοη
2601 5089 2792 5141 eadem
2837 5087 3163 5140 certitudine
3211 5092 3424 5138 constat
3476 5099 3583 5152 quo
3631 5097 3830 5152 genere

2245 5160 2435 5212 beatus
2462 5157 2738 5218 Alcuinus,
2769 5166 2862 5210 aut
2888 5157 3083 5224 quibus
3106 5155 3420 5224 parentibus
3454 5152 3614 5207 fuerit
3640 5153 3828 5224 oriun-

2244 5229 2382 5281 dus:
2427 5229 2568 5295 quod
2604 5227 2818 5295 quidem
2857 5222 3083 5292 ipsemet
3110 5222 3298 5278 ferme
3328 5224 3618 5289 tacuit,‘et
3641 5222 3831 5295 nullus

2245 5293 2460 5351 actuum
2503 5293 2642 5350 illius
2671 5303 2763 5348 aut
2791 5295 2926 5349 Vita:
2963 5295 3288 5362 scriptorum
3331 5295 3584 5363 prodidit.
3623 5293 3832 5363 Auctor

2246 5368 2380 5421 Vitae
2405 5366 2521 5443 ejus
2551 5366 2704 5420 initio
2733 5379 2852 5432 cap.
2881 5365 2942 5443 ι,
2981 5364 3140 5443 nobili
3168 5363 3315 5416 iilum
3339 5362 3510 5443 gentis
3527 5362 3829 5443 Anglorum

2243 5431 2486 5504 prosapia
2509 5445 2747 5501 exortum
2774 5431 2985 5487 asserit.
3016 5434 3083 5504 Et
3108 5447 3325 5487 rursum
3350 5431 3510 5489 iium‘.‘
3527 5434 3557 5485 7
3585 5431 3827 5500 ejusdem

2245 5503 2363 5572 cap.
2394 5505 2614 5566 indicat,
2645 5512 2864 5574 tyrones
2887 5503 3085 5558 scholae
3110 5504 3480 5574 Eboracensis,
3513 5504 3655 5574 inter
3683 5515 3832 5574 quos

2244 5570 2581 5628 etAlcuinns
2613 5570 3023 5634 numerabatur,
3063 5587 3093 5624 e
3123 5573 3293 5626 classe
3331 5574 3591 5628 nobilium
3620 5570 3786 5624 fuisse
3810 5583 3830 5620 :

2243 5654 2373 5705 erat,
2400 5644 2572 5716 inquit
2602 5642 2866 5716 Ecgberto
2904 5641 3152 5716 _pr:esuli,
3190 5642 3342 5711 cujus
3373 5642 3668 5716 disciplina:
3693 5651 3829 5716 puer

2243 5707 2760 5782 quoquer'Alcuin’us
2800 5707 3030 5782 traditus
3070 5707 3268 5774 fuerat,
3308 5729 3372 5766 ea;
3411 5707 3660 5782 nobilium
3699 5707 3829 5782 ﬁliis

2245 5775 2841 5852 g'rez'scholasticorum.
2878 5780 3002 5835 [hec
3025 5783 3237 5851 generis
3262 5782 3403 5837 beati
3435 5777 3641 5834 Alcnini
3674 5775 3829 5831 nobi-
