4220 6224
572 317 655 373 ’Ἳῒὶ
1585 308 1684 362 DE'
1715 305 1868 362 VITA
1905 305 1963 358 Β.
2007 303 2068 356 F.
2112 300 2184 354 AI

2275 299 2336 354 NI
2366 297 2506 366 \SEU
2539 299 2814 354 ALCL’INI
3793 292 3860 350 7“

589 450 689 490 nus
724 429 966 486 eumdem
995 399 1266 480 abbatiam
1309 424 1490 478 multis
1518 425 1674 478 annis
1710 425 1905 478 absens
1937 421 2167 475 admini-
2197 427 2242 480 Α
2269 433 2363 472 rus
2388 433 2510 472 cum
2532 417 2648 486 ipso
2671 415 2892 490 consilia
2920 415 2986 469 de
3013 415 3626 490 pragparationeanimm
3655 429 3766 490 sum
3791 411 3859 490 ad

589 502 796 564 stravit,
825 499 902 552 ita
936 497 1165 566 idipsum
1200 494 1438 564 Sigultus
1476 494 1671 556 facere,
1706 503 1799 547 aut
1826 493 2028 566 saltem
2061 491 2163 543 ali—

588 561 798 644 quoties
825 567 893 623 ad
917 561 1232 644 magistrum
1259 561 1434 644 suum,
1464 579 1803 644 summopere
1822 563 1897 616 illi
1906 561 2167 644 plicetur}:

589 630 770 696 venire
806 653 870 692 ac
892 630 1190 707 praesertim
1221 635 1272 707 in
1299 634 1488 688 ultimo
1513 630 1702 707 agone,
1749 634 1863 707 ipso
1903 630 2168 707 fort_e_Al-_

587 713 746 767 cuino
775 700 1099 772 postulante,
1127 705 1377 758 assistere
1402 700 1594 772 potuit.
1624 703 1735 756 Nec
1760 700 1902 756 favet
1929 700 2164 772 opinioni

590 783 651 835 D.
680 781 730 835 le
755 769 965 841 Cointe,
997 775 1138 843 quod
1163 769 1422 827 Alcuinus
1457 772 1790 843 in_epistolis
1822 773 1890 826 ad
1919 769 2168 843 Carolqu

588 865 729 904 anno
758 848 863 902 800
890 839 959 899 ac»
981 839 1154 898 serius
1182 843 1398 910 scriptis
1423 839 1628 895 nullum
1657 843 1877 894 verbum
1905 840 1971 910 de
1999 839 2171 910 susci-

588 919 782 990 piendo
811 915 1150 990 monacham,
1182 921 1274 990 aut
1293 907 1616 990 abdicandis
1639 911 1867 990 abbatiis
1891 907 2168 990 adjecerit,

589 979 685 1043 sed
724 989 860 1040 inter
892 985 1168 1037 canonicos
1208 979 1695 1035 San-Martinianos
1731 980 1912 1033 vivere
1943 988 1998 1032 et
2033 979 2170 1031 mori

590 1048 971 1112 desideraverit
1002 1067 1016 1104 :
1045 1052 1318 1106 enimvero
1359 1065 1422 1103 ex
1478 1049 1784 1103 testimonio
1823 1050 1958 1102 Viue
2005 1048 2173 1116 ipsius

591 1123 1197 1194 scriptorisbabemus,
1225 1118 1483 1194 quod__diu
1519 1129 1677 1194 antea
1713 1119 2037 1194 desiderium
2071 1117 2170 1194 ha-

590 1186 784 1258 buerit,
809 1189 1046 1258 quietam
1070 1199 1124 1243 et
1153 1186 1492 1258 tranquillam
1518 1189 1684 1241 vitam
1711 1188 1852 1258 inter
1880 1186 2172 1258 monachos

594 1266 652 1320 S.
688 1256 941 1320 Bonifacii
975 1259 1264 1325 Fuldenses
1287 1256 1545 1317 ducendi;
1579 1265 1633 1310 et
1658 1256 2171 1325 quod-monasteriis

593 1338 704 1390 suis
740 1336 880 1388 inter
913 1329 1204 1406 discipulos
1233 1327 1422 1406 divisis
1461 1326 1718 1406 deinceps
1760 1327 1922 1406 vitam
1958 1326 2173 1405 duxerit

598 1425 615 1456 ι
654 1403 964 1460 monastica:
1000 1396 1140 1452 haud
1171 1396 1499 1460 inferiorem,
1527 1397 1686 1451 unice
1699 1396 1934 1466 jejuniis,
1967 1396 2171 1450 oratio-
2201 1405 2204 1408 ί

595 1477 770 1536 nibus,
803 1470 978 1526 carnis
1000 1466 1416 1538 mortiﬁcatioui,
1444 1465 1817 1538 eleemosynis,
1842 1465 2174 1536 psalmorum

595 1561 658 1599 ac
681 1544 959 1596 missarmn
984 1537 1350 1600 celebrationi,
1367 1538 1594 1605 aliisque
1610 1537 1896 1591 virtutibus
1915 1538 2170 1600 intentus,

595 1613 788 1683 quibus
809 1607 1482 1683 possibileest-humanam
1504 1607 1981 1683 ornarinaturam.
2004 1606 2176 1683 irVitze

594 1675 712 1752 cap.
742 1675 1117 1752 8,'num._14.ﬂ
1146 1675 1344 1752 blullibi
1379 1675 1547 1752 etiam
1583 1677 1771 1752 scribit
1808 1675 2083 1752 Alcuinus,
2118 1681 2176 1727 ut

595 1745 880 1821 praetendit
908 1749 972 1802 D.
1001 1747 1052 1800 le
1079 1746 1296 1821 Cointe,
1328 1745 1785 1821 quod_desideret
1818 1755 1888 1821 et_
1909 1745 2093 1821 vivere
2124 1752 2177 1821 et

568 1867 570 1869 .
595 1813 733 1878 mori
765 1822 907 1874 inter
935 1815 1244 1876 canonicos;
1275 1829 1458 1867 verum
1489 1813 1628 1868 inter
1646 1814 1834 1883 fratres
1856 1815 1913 1868 S.
1942 1814 2173 1877 Martini,

597 1893 706 1962 qui,
732 1899 798 1962 ut
829 1887 952 1942 alibi
976 1885 1170 1962 swpius
1191 1883 1604 1962 insinuavimus,
1630 1887 1730 1939 sub
1739 1886 1898 1962 illius
1922 1885 2178 1962 regimihe

597 1953 833 2043 regulam
851 1953 1293 2043 ’.ρι’ςήί[οἰκτιξὶξξιισΔ
1310 1954 1687 2043 Inominasticarrn.
1739 1953 1962 2043 Demum
1990 1953 2179 2043 etiam

599 2021 830 2101 epistola;
850 2021 918 2101 Si}
948 2025 1114 2101 (nunc
1262 2021 1471 2101 Alcuini
1507 2023 1576 2076 ad
1604 2021 1876 2101 Carolum"
1900 2037 2004 2076 non
2024 2021 2179 2101 favet

600 2091 836 2170 opinioni
885 2091 1211 2170 D._'_Co_intii;
1256 2092 1500 2159 quamvis
1539 2092 1682 2146 enim
1722 2091 1912 2170 ex_illa
1953 2092 2178 2170 epistola

601 2162 898 2230 colligatur,
930 2163 1211 2219 Alcuinum
1235 2176 1298 2215 ex
1323 2170 1564 2228 tempore
1583 2177 1690 2230 quo
1710 2162 1905 2229 scripta
1924 2171 2008 2214 est
2025 2162 2180 2216 scho-

603 2241 708 2294 lam
727 2231 1100 2292 Turonensem
1126 2231 1345 2292 rexisse,
1373 2231 1642 2299 variisque
1667 2231 1960 2298 disciplinis
1986 2231 2181 2285 docen-

603 2311 685 2364 dis
709 2315 1026 2376 occupatuin
1058 2302 1240 2376 fuisse,
1271 2301 1408 2376 levis
1434 2309 1611 2354 tamen
1639 2308 1723 2376 est
1743 2301 1850 2376 _viri
1877 2301 2017 2376 doc._ti
2053 2315 2180 2376 con-

559 2384 564 2388 '
597 2370 1006 2446 jccturafillam
1033 2370 1312 2446 epistolam
1344 2371 1410 2424 ad
1438 2387 1633 2446 annum
1663 2370 1784 2433 801,
1823 2386 1929 2439 quo
1954 2370 2179 2446 Carolus

597 2441 707 2516 jam
738 2455 853 2502 erat
868 2443 1138 2516 imperiali
1166 2441 1686 2516 coronaredimitus,
1715 2457 1778 2495 ex
1796 2456 1873 2516 sea
1898 2441 2067 2516 solum
2087 2457 2182 2516 ra-

603 2510 749 2572 tione
799 2510 1103 2580 referentis,
1154 2511 1298 2580 quod
1342 2510 1487 2563 illius
1532 2527 1746 2580 regnum
1795 2511 1867 2580 ibi
1912 2510 2181 2580 imperiale

605 2588 904 2642 nominetur
933 2598 947 2636 :
977 2600 994 2632 ‹
1024 2579 1094 2634 Ut
1125 2578 1403 2650 plurimos,
1427 2578 1619 2648 inquit,
1649 2581 1715 2633 ad
1737 2578 2039 2650 profectum
2060 2595 2183 2634 san-

604 2668 704 2711 rue
739 2653 988 2709 Ecclesize
1028 2661 1079 2704 et
1123 2648 1188 2702 ad
1225 2649 1480 2719 decorem
1508 2648 1791 2718 imperialia
1829 2651 1972 2719 regni
2014 2651 2181 2704 vestri

606 2726 867 2780 erudiam.
899 2742 916 2774 ι
945 2721 1126 2789 Longe
1152 2719 1294 2772 enim
1315 2718 1669 2789 verosimilius
1688 2727 1788 2789 est,
1811 2735 1873 2774 ea
1891 2718 2180 2774 'Alcuinum

608 2795 886 2865 scripsisse
923 2788 1080 2865 paulo
1102 2788 1664 2865 postquam_scholam
1694 2788 2075 2865 Turonensem'
2093 2805 2180 2844 re-

608 2855 832 2935 gendam
868 2855 1133 2928 su'sccpit',
1164 2855 1320 2935 prout
1345 2855 1420 2935 ad_
1437 2858 1993 2935 eamdcm__epistolam
2012 2868 2152 2935 _not_a_
2163 2891 2180 2898 -

539 2945 548 2956 "
608 2926 801 2994 vimus,
841 2926 1052 3000 regnum
1090 2926 1216 2982 vero
1241 2926 1507 2995 imperiale
1534 2927 1776 3000 ibi__nil_iil
1803 2928 1944 2980 aliud
1982 2928 2183 3000 signiti-

609 3017 732 3057 care
767 2996 997 3063 videtur,
1033 3013 1193 3066 quam
1235 3011 1455 3067 regnum
1493 2996 1880 3067 amplissimum
1919 3012 2040 3051 cum
2076 2997 2180 3051 illi-

610 3073 793 3127 mitata
843 3065 1138 3137 imperandi
1183 3065 1497 3137 potestate;
1541 3065 1727 3137 eodem
1767 3079 1924 3119 sensu
1960 3082 2182 3136 regnum

608 3142 784 3197 Caroli
825 3135 1109 3207 aliquoties
1150 3135 1191 3190 a’
1231 3135 1602 3207 scriptoribus,
1643 3136 1934 3207 imperium
1966 3135 2182 3202 dicitur,

611 3221 898 3279 antequam
913 3205 1034 3279 ipse
1056 3207 1343 3279 imperator
1363 3205 1548 3279 fuisset
1569 3210 1877 3279 coronatus,
1896 3205 2035 3279 sicut
2044 3207 2193 3279 _Pau-

612 3274 1093 3359 linus-patriarcha
1123 3274 1476 3359 équileiensis
1510 3274 2056 3359 initiq'sacrosxllabi
2091 3276 2190 3359 ait,

610 3343 892 3410 concilium
923 3344 1402 3414 ancofordiense
1434 3344 1560 3397 anni
1595 3343 1698 3398 794
1718 3345 1924 3414 imperii
1958 3348 2072 3414 ejus
2102 3345 2192 3399 de-

613 3430 752 3472 creto
785 3425 1133 3471 eonvocatum
1165 3413 1346 3466 fuisse.

684 3485 989 3562 CXXXVII.
1021 3483 1219 3562 [ionius
1260 3482 1423 3562 igitur
1448 3481 1724 3562 Alcuinus,
1747 3496 1807 3537 ea
1833 3498 1937 3552 qua
1957 3483 2190 3562 disimns

615 3559 820 3612 ratione
849 3571 911 3609 ex
951 3555 1093 3622 regis
1125 3552 1340 3623 licentia
1387 3566 1437 3623 a_
1463 3552 1810 3606 scecularibus
1845 3555 2073 3623 negotiis
2111 3554 2189 3608 si-

617 3628 833 3694 mulque
859 3639 890 3677 a
919 3621 1051 3677 cura
1082 3622 1336 3694 pastorali
1365 3621 1586 3694 solutus,
1613 3623 1750 3676 senii
1776 3621 2189 3694 morborumque

614 3690 873 3750 molestiis
913 3690 1278 3747 crescentibus
1311 3690 1604 3744 ferventius
1650 3705 1767 3745 sese
1803 3693 1871 3746 ab
1908 3706 2048 3746 anno
2085 3690 2183 3749 801

611 3767 678 3820 ad
703 3766 909 3819 obitum
930 3771 1092 3829 atque
1119 3761 1186 3814 ad
1210 3761 1470 3813 rationem
1496 3765 1758 3827 supremo-
1777 3759 1944 3826 judici
1965 3763 2189 3817 redden-

613 3839 736 3888 dam
766 3833 1044 3899 dispesuit.
1084 3830 1309 3899 Carolus
1346 3829 1692 3899 nihilominus
1733 3829 2001 3899 Augustus
2047 3831 2190 3885 illius

613 3897 906 3969 discipulus
928 3900 1060 3953 adeo
1080 3898 1196 3966 ejus
1222 3897 1480 3952 doctrinis
1509 3912 1571 3952 ac
1600 3897 1838 3953 consiliis
1864 3908 2109 3955 assuetus
2134 3910 2190 3956 et

615 3981 804 4041 captus
843 3969 965 4032 fuit,
1005 3977 1065 4022 ut
1100 3969 1558 4041 omnibus_modis
1599 3969 1772 4041 virum
1805 3969 1904 4023 etsi
1934 3971 2187 4027 continuo

616 4037 952 4094 infirmitates
979 4054 1104 4092 suas
1130 4037 1434 4106 corporales
1469 4039 1882 4105 praetendentem
1912 4054 1942 4092 a
1972 4056 2065 4095 sua
2095 4057 2186 4095 so-

617 4109 838 4164 litudine
865 4123 1108 4171 avocare,
1137 4117 1190 4160 et
1217 4107 1282 4158 ad
1323 4107 1519 4171 aulam,
1544 4123 1642 4176 pro
1671 4109 2066 4177 emergentibns
2092 4112 2190 4165 abs

615 4180 778 4232 dubio
803 4179 997 4242 causis,
1020 4177 1331 4245 pertrahere
1353 4184 1600 4239 tentaret,
1620 4178 1760 4245 quod
1782 4193 1848 4232 ex
1870 4179 2187 4245 quibusdam

617 4247 856 4316 epistolis
900 4255 1022 4316 post
1064 4245 1412 4316 aiinnmA_800
1461 4248 1680 4316 scriptis
1725 4245 2091 4316 intelligimus.
2132 4249 2189 4315 in

618 4262 856 4316 episwns
900 4262 1022 4368 posr.
1064 4262 1261 4298 annum
1309 4262 1412 4300 δυυ
1461 4262 1680 4316 scriptis
1725 4262 2091 4316 intelligimus.
2132 4262 2189 4315 In

618 4315 891 4386 epistola}
936 4315 969 4368 4
1001 4316 1165 4386 (pune
1192 4313 1335 4386 152),
1365 4329 1504 4367 anno
1533 4315 1656 4380 801,
1685 4315 1752 4369 ad
1778 4316 2027 4370 Carolum
2057 4320 2192 4373 scri-

617 4383 698 4439 bit
729 4401 742 4439 2
783 4403 800 4436 ε
837 4385 974 4456 Ecce
1004 4383 1228 4456 Flaccus
1246 4383 1402 4456 effeto
1428 4393 1669 4456 corpore,
1704 4386 1956 4439 militaris
1981 4387 2194 4456 cingulo

2267 627 2409 696 dico)
2435 626 2683 680 ultimum
2715 624 2836 696 vale
2867 626 2959 679 ﬁat
2987 627 3127 696 inter

2274 497 2500 541 mortem
2547 484 2603 541 et
2645 486 2714 540 ad
2747 486 2985 539 divinum
3021 484 3312 556 judicium;
3357 506 3375 536 ι
3415 486 3624 556 bisque,
3663 485 3858 556 inquit,

2272 557 2558 611 transactis
2579 558 2724 610 inter
2747 571 2845 625 nos
2866 555 3106 609 consiliis
3125 556 3290 625 (quod
3322 557 3438 609 sine
3465 554 3720 625 lacrymis
3751 569 3858 609 non

3199 626 3402 694 quilam
3429 632 3483 679 et
3511 624 3784 678 Albinum.
3812 635 3852 674 ἰ

2270 697 2337 749 Et
2366 694 2418 750 in
2442 696 2666 765 epistola
2683 696 2776 750 191
2797 695 2964 764 (nunc
2988 695 3109 764 161)
3132 711 3274 765 anno
3287 694 3380 748 801
3397 695 3540 765 huic
3561 710 3661 765 suo
3681 694 3860 765 amico

2269 781 2382 836 prae
2410 762 2528 819 aliis
2552 765 2748 820 dilecto
2771 762 3037 836 signiﬁcat
3061 804 3073 823 .
3090 762 3242 832 quod
3264 780 3361 836 per
3394 764 3600 836 Pascha
3625 762 3858 836 febrium

2272 830 2564 889 acerbitate
2589 851 2725 904 pene
2753 830 3281 902 ad'desperationem'
3303 835 3721 904 vitieradductus
3745 830 3859 904 l‘iie-

2271 906 2375 969 rit;
2429 922 2448 955 t
2485 903 2607 969 sed,
2663 905 2864 973 inquit,
2896 906 3150 958 misertus
3189 910 3273 957 est
3321 903 3449 957 mihi
3497 903 3756 973 Dominus
3790 903 3861 956 ob

2310 989 2459 1028 reces
2492 971 2768 1028 servorum
2806 988 3026 1027 suorum
3065 992 3078 1026 :
3112 974 3205 1027 sed
3240 981 3479 1027 remanet
3515 971 3862 1043 quotidianus

2293 1045 2426 1097 abor
2450 1043 2692 1112 ejusdem
2719 1044 3103 1113 castigationis,
3129 1057 3235 1097 non
3262 1052 3439 1113 tamen
3467 1041 3638 1111 usque
3667 1041 3734 1095 ad
3759 1057 3856 1111 pe-

2273 1114 2503 1167 riculum
2524 1115 2665 1174 vitae,
2700 1113 2793 1167 sed
2829 1112 2996 1181 usqne
3025 1113 3090 1166 ad
3122 1112 3580 1176 emundationem,
3614 1119 3673 1166 ut
3708 1121 3858 1181 Opto,

2272 1183 2589 1237 delictorum
2615 1197 2875 1237 meorum.
2918 1202 2936 1234 i

2321 1252 2670 1308 (CXXXVIII.
2706 1253 2929 1306 Demum
2957 1251 3358 1307 inﬁrmitatibus
3397 1251 3478 1305 sui
3515 1251 3759 1322 corporis
3805 1251 3859 1322 in

2274 1320 2395 1376 dies
2426 1323 2814 1376 incrementum
2867 1322 3280 1390 accipientibus,
3327 1320 3731 1376 dissolutionem
3777 1321 3860 1374 sui

2275 1393 2520 1461 corporis
2540 1408 2642 1446 non
2665 1390 2852 1460 procul
2879 1391 3067 1446 abesse
3081 1389 3348 1458 judicans,
3372 1392 3454 1445 Sui
3482 1390 3722 1461 muneris
3739 1405 3861 1461 esse

2275 1460 2606 1516 existimavit
2629 1469 2686 1515 ut
2715 1468 2839 1514 ante
2863 1461 3068 1515 obitum
3099 1461 3336 1515 maximo
3361 1476 3457 1514 suo
3484 1462 3536 1513 in
3572 1460 3734 1515 terris
3763 1460 3859 1513 be-

2279 1529 2539 1584 nefactori
2573 1530 2766 1584 Carolo
2799 1530 3038 1600 Augusto
3067 1530 3275 1584 debitas
3309 1531 3508 1597 gratias
3541 1538 3727 1600 ageret
3761 1543 3862 1600 pro

2277 1615 2340 1653 ea
2368 1600 2583 1668 pietatis
2607 1614 2670 1654 ac
2703 1600 3046 1670 benignitatis
3081 1600 3361 1669 largitate,
3394 1615 3498 1669 qua
3531 1615 3589 1655 se
3618 1615 3650 1653 a
3685 1600 3862 1670 primo

2279 1670 2539 1724 adventus
2568 1671 2649 1724 sui
2686 1669 2740 1722 in'
2767 1669 3055 1723 Fr’anciam
3083 1677 3321 1738 tempore
3347 1670 3638 1723 cumulavit
3671 1687 3683 1721 :
3718 1669 3864 1738 quod

2279 1748 2334 1792 et
2357 1738 2484 1793 fecit
2506 1755 2604 1809 per
2629 1739 2787 1809 epist.
2819 1739 2920 1809 106
2947 1738 3112 1809 (nunc
3141 1737 3260 1809 154)
3302 1756 3314 1791 ;
3361 1758 3378 1790 ι
3409 1739 3547 1804 Quid
3585 1737 3758 1802 enim,
3785 1739 3864 1792 ait

2279 1807 2846 1878 ibidemfaddi—potuit
2876 1807 3116 1862 felicitati
3139 1807 3588 1878 peregrinationis
3620 1822 3750 1862 mete
3775 1809 3862 1878 vel

2277 1887 2469 1932 vestra:
2499 1877 2756 1933 bonitatis
2793 1878 2994 1948 judicio
3031 1892 3192 1946 super
3234 1877 3320 1932 me
3366 1880 3542 1932 minus
3579 1878 3740 1948 digno
3779 1877 3864 1931 liis

2278 1949 2527 2002 omnibus
2548 1947 2809 2002 donorum
2832 1947 3238 2017 largitionibus:
3262 1948 3345 2002 vel
3361 1949 3546 2016 quales
3565 1947 3858 2017 gratiarum

2279 2017 2517 2072 actiones
2559 2027 2751 2071 vestrae
2801 2016 3183 2070 misericordia:
3227 2018 3518 2085 condignas
3559 2016 3863 2086 persolvere

2279 2102 2515 2155 possum,
2548 2088 2650 2140 nisi
2678 2095 2931 2156 perpetua
2967 2087 3067 2155 pia:
3090 2087 3350 2141 orationis
3387 2087 3664 2141 sedulitate
3703 2087 3864 2141 misc-

2279 2156 2627 2225 ricordissimi
2651 2157 2742 2210 Dei
2762 2155 3146 2225 omnipotentis
3165 2157 3504 2210 clementiam
3522 2156 3816 2225 deprecari.
3835 2176 3852 2207 ι

2280 2223 2460 2295 Quam
2485 2226 2675 2279 deinde
2701 2223 2994 2295 gratiarum
3035 2226 3298 2279 actionem
3326 2227 3374 2278 in
3412 2223 3649 2295 carmine
3686 2225 3861 2278 eidem

2280 2294 2516 2361 epistolie
2549 2294 2832 2364 subjuncto
2865 2297 3078 2364 repetit,
3115 2306 3276 2363 atque
3314 2295 3509 2350 ibidem
3549 2294 3734 2348 Davidi
3765 2309 3862 2348 suo

2281 2364 2526 2418 ultimum
2553 2363 2669 2419 vale
2694 2365 2842 2430 dicit,
2878 2363 2950 2418 ita
2974 2380 3172 2419 canens
3203 2383 3214 2417 :

2406 2496 2664 2558 Multiplici
2688 2497 2908 2547 Christus
2936 2497 3108 2546 reddat
3133 2498 3218 2546 tibi
3245 2508 3446 2546 munera
3469 2501 3599 2548 mitts

2471 2557 2520 2605 In
2544 2557 2624 2604 me
2649 2567 2764 2616 quot
2788 2560 2978 2605 bonitas
3002 2558 3207 2607 contulit
3226 2571 3344 2607 erce
3365 2566 3460 2607 tua.

2409 2617 2634 2667 Gramina
2657 2627 2772 2679 quot
2796 2619 2944 2666 tellus
2967 2619 3162 2676 habeat,
3181 2620 3265 2680 vel
3287 2620 3418 2667 littus
3441 2631 3637 2680 arenas,

2466 2679 2557 2729 'l‘ot
2573 2683 2838 2729 miserante
2860 2680 2983 2740 Deo,
3012 2679 3190 2730 Davidl
3218 2681 3396 2729 habeto
3415 2684 3540 2728 vate.

2354 2783 2637 2839 CXXXIX.
2677 2783 2887 2853 Nescio
2927 2800 2994 2838 an
3042 2799 3147 2836 non
3186 2783 3289 2837 huc
3324 2785 3628 2853 pertineant
3677 2800 3868 2841 versus

2285 2855 2541 2907 carminis
2587 2854 2620 2906 6
2645 2852 2830 2923 Caroli
2859 2854 2925 2906 ad
2960 2853 3262 2915 Alcuinum,
3286 2852 3432 2923 quod
3461 2855 3601 2908 inter
3625 2857 3866 2909 carmina

2288 2923 2413 2993 huic
2440 2922 2773 2992 suppositare
2799 2939 3079 2977 censemus
3113 2933 3240 2977 tom.
3265 2922 3327 2987 il,
3354 2925 3406 2977 in
3433 2925 3627 2993 quibus
3643 2925 3868 2980 Carolus

2288 2991 2481 3047 dilecto
2505 2991 2623 3046 suo
2661 2994 2915 3060 magistro
2943 2993 3149 3048 felicem
3185 3009 3251 3048 ex
3293 2996 3395 3050 hoe
3432 2991 3629 3050 mundo
3661 2993 3867 3050 exitum

2288 3063 2498 3132 precari
2527 3063 2739 3116 videtur
2768 3077 2781 3114 :

2413 3171 2595 3222 Ductor
2617 3181 2859 3232 amate,...
2883 3172 3012 3221 volui
3036 3180 3332 3235 quapropter
3357 3175 3404 3223 in
3428 3176 3532 3224 odis

2411 3235 2453 3284 0
2479 3235 2758 3282 venerande
2781 3243 2907 3282 tuam
2929 3237 3080 3282 musis
3101 3235 3262 3283 solare
3280 3244 3596 3286 senectam...

2421 3292 2579 3356 inque
2600 3293 2687 3343 Dei
2712 3296 2844 3342 cultu
2866 3297 3034 3356 vigeas
3055 3298 3312 3345 virtutibts
3335 3299 3473 3344 almis

2413 3354 2467 3415 in
2489 3354 2685 3401 meliora
2706 3363 2882 3403 tenens
2903 3354 3082 3405 sancta
3106 3358 3308 3415 vestigia
3335 3360 3467 3415 vita,

2412 3414 2580 3479 Donec
2603 3422 2654 3479 et
2670 3416 2873 3464 a-therei
2901 3421 3070 3479 venias
3088 3419 3145 3464 ad
3165 3419 3370 3466 culmina
3394 3414 3535 3479 regnl

2411 3476 2732 3536 Congaudeus
2753 3480 2953 3536 sanctis,
2979 3477 3166 3526 Christo
3187 3482 3398 3528 sociatus
3418 3476 3476 3526 iu'
3487 3492 3661 3528 ast-um.

2416 3536 2593 3600 neque
2616 3539 2710 3584 tuis
2730 3540 2960 3600 precibus
2977 3545 3134 3600 tecum
3163 3551 3488 3600 rape,_qu.'eso
3507 3541 3762 3597 magister.

2414 3597 2485 3647 Ad
2505 3600 2600 3658 pia,
2622 3609 2719 3658 qua
2735 3597 2917 3656 tendis,
2941 3597 3447 3648 miserantis‘culmina
3468 3599 3637 3661 Regis.

2879 3721 3102 3778 CAPUT
3139 3723 3272 3778 XIII.

2289 3821 2436 3875 Beati
2473 3821 2683 3878 Alcuini
2713 3823 2903 3886 obitus,
2941 3822 3195 3961 tumrulus,
3233 3824 3569 3894 epitaphium,
3615 3829 3868 3880 memoria

2945 3908 2999 3944 in
3061 3903 3208 3946 estis.

2945 3908 2999 3944 tn
3038 3903 3208 3946 testis.

2357 3979 2512 4052 CXL.
2547 3978 2972 4052 ‘Celeberrimuis
3015 3981 3178 4052 igitur
3219 3984 3307 4037 hic
3345 3984 3698 4052 potentissimi
3737 3986 3870 4041 olim

2286 4050 2429 4124 regis
2457 4065 2520 4124 ac
2545 4049 2884 4124 imperatoris
2916 4049 3092 4124 Caroli
3119 4051 3293 4124 Magni
3328 4049 3596 4124 totiusque
3635 4057 3869 4110 nationis

2290 4117 2564 4191 Francicte
2590 4133 2654 4171 ac
2698 4117 3032 4191 Germanicae
3061 4117 3317 4190 magister
3368 4117 3624 4178 Alcuinus
3647 4164 3661 4187 ,
3714 4124 3867 4191 cujus

2289 4190 2568 4264 hucusque
2584 4195 2749 4264 '_gesta
2792 4203 2855 4264 ac
2896 4189 3087 4242 merita
3132 4189 3431 4264 retulimus,
3478 4208 3541 4245 ac
3583 4193 3682 4247 levi
3727 4189 3868 4264 st'ylo

2291 4258 2746 4330 adumbravimus,
2798 4258 2913 4312 dies
2955 4273 3084 4330 suos
3128 4259 3362 4330 demum,
3404 4270 3684 4330 postquam
3727 4258 3870 4317 inter

2292 4327 2552 4394 plurimos
2581 4326 2791 4398 labores
2829 4342 2926 4398 pro
2955 4327 3192 4398 Ecclesia
3217 4338 3271 4382 et
3309 4326 3576 4398 republica
3627 4333 3869 4386 exantla—

2295 4406 2378 4450 tos
2401 4396 2699 4472 consenuit,
2725 4396 3027 4464 complevit,
3057 4396 3382 4472 metamque
3394 4400 3567 4472 illam,
3605 4403 3670 4472 ad
3705 4416 3867 4472 quam

620 4456 818 4510 laboris
857 4454 1119 4534 ἀερίξδηον
1174 4451 1462 4532 ευοιιιίςιιιηῃ
1514 4451 1812 4521 ῥίίεείῐῐιιιηι
1850 4451 2187 4534 ,ἀοωίηίνευί
2218 4465 2264 4524 D
2291 4479 2480 4519 omnes
2505 4451 2757 4519 mortales
2822 4451 3152 4535 repentinus,
3179 4451 3368 4522 atti'rvit.
3393 4451 3870 4524 iiiié‘éiarﬁieiiﬁi}

620 4525 787 4578 υίινίίί
813 4523 1090 4578 consulum
1118 4522 1227 4576 ι)θο
1253 4523 1349 4576 5011
1369 4531 1548 4588 qu“?ta
1571 4538 1700 4588 Pace
1726 4539 1928 4579 sem"?
1948 4534 2059 4580 ῑοῑο
2081 4527 2189 4580 ele-
2292 4535 2565 4588 piissimus
2610 4543 2724 4588 toto
2765 4480 3030 4588 £FSitJCl‘l0
3067 4513 3370 4588 concuniavit
3401 4539 3616 4588 dissolvi
3656 4547 3710 4588 et
3747 4554 3869 4588 esse

2801 4555 2816 4587 1

619 4525 787 4578 David
813 4522 1090 4578 consilium
1118 4522 1227 4576 Deo
1253 4523 1349 4576 soli
1369 4523 1548 4589 quieta
1571 4538 1700 4591 pace
1726 4524 1928 4579 servire
1948 4534 2059 4580 toto
2081 4527 2189 4580 ele-

620 4596 698 4675 git
721 4593 984 4647 desiderio
1016 4611 1027 4645 ε
1059 4593 1184 4675 quid
1215 4593 1408 4675 iterum
1447 4606 1681 4675 pugnare
1721 4594 1968 4673 cogiturt
1997 4604 2060 4675 et.
2089 4598 2188 4652 sub

620 4660 764 4717 fasce
793 4675 1064 4714 armorum
1092 4661 1371 4721 desudare,
1397 4675 1516 4726 qua:
1542 4660 1735 4712 inﬁrmi
1761 4660 2001 4729 corporis
2029 4666 2190 4718 dene-

621 4741 711 4802 gat
749 4730 1006 4802 fragilitas
1045 4730 1109 4783 de
1133 4735 1294 4802 terra
1330 4729 1696 4802 tantummodo
1729 4729 1926 4785 levare.
1966 4750 1985 4782 ι
2029 4732 2092 4786 Et
2136 4735 2189 4786 in

619 4796 774 4870 Epist.
809 4796 909 4853 106
938 4799 1102 4870 (nunc
1128 4797 1246 4870 154)
1277 4797 1494 4870 eodem,
1530 4799 1584 4850 ni
1612 4796 1780 4863 fallar,
1810 4815 1950 4854 anno
1984 4802 2068 4855 vel
2095 4803 2230 4857 ali--

620 4868 727 4938 quo
748 4869 1026 4938 posteriori
1053 4868 1273 4936 scripta,
1301 4868 1401 4921 etsi
1431 4875 1666 4938 optasset
1689 4870 1979 4938 transactis
2002 4870 2190 4928 diebus

621 4935 703 4992 vel
730 4935 894 4993 semel
919 4939 1093 4991 adhuc
1121 4935 1300 5006 videre
1330 4951 1484 5006 posse
1513 4937 1653 5006 regis
1679 4935 1868 4992 faciem
1891 4979 1906 5003 ,
1940 4955 2081 4994 nunc
2113 4952 2190 4995 ta-

625 5024 742 5062 men
773 5025 789 5056 ε
820 5007 1040 5075 supplex
1069 5005 1393 5075 suppliciter,
1417 5005 1632 5075 humilis
1657 5007 1945 5070 humiliter,
1970 5011 2190 5066 devotus

623 5080 810 5130 devote
854 5074 1135 5144 supplicat,
1174 5084 1229 5126 ut
1265 5074 1364 5126 sibi
1413 5074 1569 5144 liceat
1615 5077 1755 5144 apud
1801 5076 1858 5129 S.
1904 5077 2189 5133 Martinum

623 5160 775 5200 suam
805 5143 1112 5197 instantiam
1140 5157 1330 5211 agere,
1360 5143 1482 5209 quia
1501 5183 1515 5205 ,
1545 5143 1734 5211 inquit,
1765 5145 1918 5200 valde
1949 5147 2188 5202 inﬁrma-

625 5225 712 5268 tus
739 5227 963 5283 corpoﬁre
989 5214 1060 5264 nil
1091 5210 1234 5264 aliud
1262 5210 1466 5283 itineris
1488 5213 1569 5265 vel
1597 5210 1794 5267 laboris
1821 5215 2080 5283 perﬁcere
2100 5234 2192 5271 va-

625 5286 796 5338 ter...
839 5303 856 5333 ι
898 5282 972 5334 De
999 5283 1186 5334 eadem
1216 5281 1490 5334 vocatione
1523 5283 1588 5334 ad
1626 5281 1883 5350 palatium
1916 5294 1970 5337 et
2005 5289 2069 5338 ad
2094 5287 2189 5340 do-

625 5355 827 5406 minum
866 5364 1075 5416 regem,
1105 5352 1274 5417 deque
1313 5351 1554 5418 corporis
1599 5352 1905 5406 inﬁrmitate
1943 5354 1994 5406 ill
2020 5356 2069 5407 id
2098 5359 2194 5409 ob—

625 5432 869 5490 Seqnium
902 5418 1265 5490 prohibente,
1312 5420 1376 5490 de
1407 5421 1662 5490 deposito
1708 5436 1870 5475 onere
1922 5425 2194 5478 saecularis

631 5486 852 5562 aegotii,
884 5486 1054 5562 deque
1087 5495 1289 5562 terrore
1313 5486 1475 5562 divini
1495 5489 1711 5555 judicii,
1741 5493 1824 5544 cui
1852 5507 1909 5544 se
1925 5491 2040 5558 jam
2066 5510 2191 5562 pro~

628 5557 883 5626 pinquare
919 5557 1200 5617 sentiebat,
1233 5557 1478 5624 Aquilam
1513 5573 1665 5611 suum
1702 5557 1984 5614 certiorem
2022 5557 2192 5616 reddit

625 5627 945 5699 inepistolis
985 5627 1089 5699 108
1126 5628 1298 5699 (nunc
1319 5627 1438 5699 145)
1468 5637 1520 5699 et
1561 5627 1662 5680 109
1686 5627 2020 5699 (nunciM).
2052 5641 2103 5685 et
2142 5634 2192 5686 in

628 5696 806 5767 priore
834 5696 1003 5761 ipsum
1028 5696 1092 5748 ad
1116 5711 1173 5750 se
1195 5696 1381 5750 invitat
1406 5696 1460 5749 in
1483 5697 1696 5750 domum
1723 5696 1780 5750 Β.
1813 5696 2022 5754 Martini
2052 5711 2194 5757 actu-

2292 4535 2565 4604 piissiinus
2610 4543 2724 4588 toto
2765 4535 3030 4590 desiderio
3067 4535 3370 4604 concupivit
3401 4539 3616 4593 dissolvi
3656 4547 3710 4593 et
3747 4554 3869 4594 esse

2291 4620 2413 4676 cum
2434 4603 2648 4657 Christo
2668 4623 2695 4676 ε
2727 4613 2886 4676 atque
2920 4607 3145 4676 uthanc
3166 4603 3378 4676 queque
3415 4619 3609 4661 metam
3639 4606 3868 4663 feliciter

2291 4674 2597 4747 attingeret,
2628 4673 2759 4726 nihil
2787 4689 2891 4726 non
2924 4675 3031 4744 egit
3059 4689 3166 4747 quo
3189 4673 3350 4747 Deum
3383 4691 3479 4745 per
3503 4692 3664 4747 opera
3693 4679 3866 4747 pinni-

2291 4743 2471 4816 tentia:
2495 4748 2549 4796 et
2581 4757 2677 4810 per
2718 4752 3025 4797 sanctorum
3059 4743 3306 4814 suﬂ‘ragia
3341 4743 3441 4799 sibi
3472 4743 3718 4802 redderet
3747 4748 3829 4816 pla
3849 4777 3864 4788 -

2290 4811 2537 4885 cabilem.
2563 4816 2895 4879 Quapropter
2922 4822 2981 4885 ut
3012 4828 3172 4873 mors,
3204 4811 3361 4882 quam
3395 4825 3572 4869 mente
3605 4818 3705 4870 sibi
3735 4811 3863 4885 pro-

2288 4881 2545 4950 pinquam
2592 4883 3046 4948 reprtesentabat,
3097 4881 3259 4936 etiam
3314 4894 3438 4938 ante
3491 4885 3677 4940 oculos
3725 4881 3867 4941 illius

2291 4951 2543 5023 continuo
2588 4961 2915 5023 versaretur,
2960 4952 3133 5023 locum
3179 4953 3280 5005 sibi
3317 4953 3473 5022 elegit
3518 4955 3569 5007 in
3601 4969 3711 5022 quo
3747 4965 3868 5023 post

2289 5019 2508 5091 obituul
2523 5021 2903 5088 requiesceret,
2926 5021 2998 5091 ad
3014 5036 3170 5091 quem
3195 5019 3514 5091 vespertinis
3538 5019 3685 5077 horis
3709 5019 3865 5078 accc-

2290 5089 2426 5142 dens
2450 5086 2722 5159 [igninum
2751 5099 2943 5159 sancta:
2974 5086 3160 5142 Maria?
3184 5086 3555 5159 evangelicum,
3577 5091 3667 5146 seu
3695 5094 3868 5147 canti-

2290 5173 2413 5232 cum
2441 5156 2765 5232 Magni/icui,
2803 5156 3332 5232 decantare_sol_ebat
3367 5163 3812 5232 cumuantiphona
3849 5181 3863 5215 :

2368 5224 2525 5301 clavis
2564 5226 2754 5301 David,
2787 5236 2919 5286 ctc.,
2943 5243 3044 5301 qua
3073 5229 3326 5301 Ecclesia
3364 5231 3416 5301 in
3450 5224 3865 5301 omcio'septem

2291 5294 2478 5370 diebus
2504 5304 2627 5370 ante
2666 5293 2797 5370 festa
2840 5293 3033 5370 natalia
3073 5297 3282 5370 Domini
3318 5300 3504 5370 utitur,
3539 5293 3816 5370 suspirans
3847 5320 3860 5354 :

2301 5361 2426 5414 Veni
2458 5372 2503 5414 et
2536 5363 2664 5414 educ
2696 5365 2918 5416 vinctum
2956 5367 3018 5416 de
3056 5365 3208 5418 domo
3236 5361 3498 5431 carceris,
3530 5361 3784 5422 sedamen:
3811 5373 3867 5424 in

2293 5431 2510 5483 tenebris
2546 5442 2588 5483 et
2617 5433 2670 5483 in
2700 5433 2882 5484 umbra
2911 5435 3108 5486 mortis.
3134 5434 3228 5487 Cui
3261 5437 3526 5491 devotioni
3560 5439 3719 5491 etiam
3746 5453 3866 5494 ver-

2294 5515 2381 5552 sus
2410 5502 2666 5566 quosdam
2694 5517 2754 5554 ex
2795 5503 3012 5568 psalmis
3049 5504 3252 5556 addidit
3287 5505 3611 5560 desiderium
3649 5516 3867 5561 aeterna}

2292 5569 2636 5622 beatitudinis
2659 5581 3024 5638 suggerentes,
3051 5574 3138 5639 qui
3168 5585 3514 5629 recensentur
3535 5577 3588 5630 in
3612 5576 3727 5630 Vita
3749 5576 3868 5644 ejus

2293 5636 2421 5691 Cap.
2451 5638 2534 5691 H.
2560 5655 2705 5691 num.
2731 5639 2821 5691 24.

2521 5679 2534 5700 ,
2560 5655 2705 5691 num.
2731 5655 2821 5692 24.

2293 5636 2363 5690 Ca
2410 5676 2421 5688 .
2451 5638 2534 5700 H,
2560 5655 2705 5691 num.
2731 5636 2821 5692 Ἦ.
3067 5636 3084 5639 ”
3776 5636 3796 5644 ⁷

2363 5654 2536 5760 EX”.
2595 5708 2824 5775 Tempus
2851 5708 3302 5779 Quadragrsimre,
3328 5715 3466 5780 quod
3499 5728 3708 5784 semper
3741 5731 3861 5771 cum
