4220 6206
626 328 699 384 79

1640 326 1723 381 DE
1761 325 1917 380 VITA
1955 324 2014 377 Β.
2054 321 2115 377 F.
2155 320 2378 376 ALBINI
2416 320 2545 377 SEU
2585 317 2853 375 ALCUIN’I
3803 311 3871 367 80

623 400 815 510 scopus
852 440 906 495 in
931 438 1187 509 opusculo
1212 407 1298 491 De.
1321 438 1595 510 nonatrina
1623 439 1848 510 Deitate,
1873 445 2003 491 tom.
2028 436 2048 488 l
2075 434 2174 503 0p.
2211 437 2253 494 Λ
2284 433 2406 510 inde
2456 433 2620 510 fuisse
2672 433 2804 486 satis
2853 430 3205 510 iutelligiiur,
3260 431 3504 510 consistit
3531 431 3867 510 .__red_ucat:

620 508 739 579 cap}
779 510 830 573 5,
867 508 989 579 pag.
1025 510 1151 579 4T5,
1178 517 1232 579 et
1260 522 1377 576 cap.
1420 508 1504 572 ll,
1535 523 1656 579 pag.
1690 508 1817 579 507,
1865 512 2177 579 «sanctum

619 590 674 633 et
689 572 1053 634 venerandum
1080 572 1389 641 Alcuinum;
1436 597 1454 629 ι
1495 572 1552 631 εἰ
1586 572 1640 632 in
1680 578 1784 632 line
1823 575 2067 645 epistolic
2090 572 2177 645 ad

618 648 866 704 Carolum
913 646 1131 703 Calvum
1162 647 1317 702 Libro
1345 649 1408 701 de
1453 647 1929 701 Pnedestinatioue
1962 644 2179 714 prmfixa

622 736 640 767 ι
684 719 857 789 virum
903 718 1205 789 religiosum
1236 725 1290 789 et
1312 718 1527 789 doctum
1574 736 1593 768 ι
1638 717 1899 780 nominat,
1950 727 2179 789 eumque

613 788 755 841 inter
774 788 891 843 illos
921 784 1108 843 Patres
1133 785 1385 842 Ecclesia:
1412 795 1673 850 recenset,
1705 804 1722 838 ι
1754 799 1980 854 quorum
2018 784 2178 854 ﬁdem

612 866 667 910 et
686 858 982 913 doctrinam
1005 858 1294 928 apostolica
1316 858 1471 911 sedes
1491 853 1856 928 Romananon
1888 855 2061 928 scium
2087 853 2181 905 be—

613 927 926 998 nignissime
948 924 1265 998 acceptavii,
1304 934 1570 998 verumuet
1597 926 1781 998 multis
1806 924 2051 998 laudibus
2082 937 2180 998 ex—

614 991 753 1067 tulit.
799 996 941 1067 Ardo
990 991 1313 1067 Sm'aragdus
1358 994 1701 1067 in_Libr._de_
1724 996 1844 1067 Vita
1886 992 2054 1067 sancti
2082 991 2181 1044 Bc-

614 1065 812 1120 ncdicti
845 1066 1165 1122 Anianensis
1185 1062 1334 1119 Itum.
1362 1065 1451 1129 56,
1477 1065 1618 1135 apud
1653 1064 1792 1117 Mab.
1821 1082 1832 1116 :
1858 1082 1877 1113 ι
1896 1062 2176 1135 Alcoinum

614 1136 876 1217 sapientia
918 1136 1251 1217 praeclarum,
1310 1131 1610 1217 sa'aciitatis
1648 1135 1843 1217 merito
1888 1131 2178 1217 xuuerabi-

615 1202 716 1259 lein
764 1224 782 1256 ι
828 1202 976 1261 dicit.
1030 1204 1305 1259 Annalista
1358 1204 1639 1257 Fnldensis
1668 1205 1733 1257 ad
1754 1218 1841 1256 an.
1888 1202 1989 1256 794
2030 1202 2176 1254 illum

615 1275 715 1329 hoc
742 1274 912 1344 elogio
932 1275 1269 1344 commendat
1303 1293 1316 1326 :
1366 1292 1383 1323 ι
1435 1273 1527 1326 liis
1550 1272 1878 1343 temporibus
1898 1272 2173 1344 Alcuinus,

612 1340 965 1407 cognomento
1008 1343 1254 1407 Albinus,
1310 1344 1593 1397 sanctitate
1617 1340 1675 1396 et
1714 1344 1955 1397 doctrina
1999 1340 2177 1395 clarus

614 1411 857 1477 habetur,
896 1434 912 1465 ι
947 1415 1103 1483 Apud
1123 1412 1367 1483 Bouquet
1395 1423 1524 1467 tom.
1554 1413 1618 1476 V,
1642 1427 1762 1483 pag.
1788 1413 1909 1483 530.
1938 1411 2176 1483 Denique

612 1484 666 1537 in
694 1484 843 1537 brevi
886 1481 1142 1537 Chronico
1166 1482 1431 1537 Turonico
1466 1481 1684 1537 sanctus
1719 1481 2055 1551 appellatur;
2102 1482 2177 1534 ita

612 1554 755 1606 enim
808 1553 879 1606 ibi
928 1553 1121 1607 lenitur
1165 1570 1177 1605 :
1229 1571 1246 1601 ι
1308 1552 1461 1606 Auno
1506 1551 1610 1607 804
1666 1550 1884 1605 sanctus
1923 1550 2179 1604 Alcoinus

614 1568 755 1606 enim
808 1568 879 1606 im
928 1568 943 1605 1
1015 1568 1121 1605 lllll‘
1165 1570 1177 1605 :
1229 1571 1246 1601 ι
1308 1568 1461 1606 Ληηο
1506 1568 1610 1607 sua
1666 1568 1884 1605 sanctus
1923 1568 2179 1604 meomus

614 1622 767 1703 obiit.
802 1641 820 1673 ι
855 1568 1008 1703 Δριξὲ
1204 1623 1257 1700 in
1290 1623 1495 1703 Elogio,
1525 1637 1672 1675 num.
1698 1622 1787 1675 78.
1818 1621 1912 1703 iiis
1937 1621 2180 1703 testirao-

612 1692 714 1744 niis
738 1689 1065 1746 concordant
1099 1691 1279 1761 Elogia
1306 1689 1627 1759 scriptorum
1658 1692 2033 1761 recentiorum,
2067 1689 2177 1741 Ma-

2290 520 2308 553 ‹
2344 504 2445 568 Tu,
2475 503 2666 572 inquit,
2690 511 2841 556 tenes
2872 503 2921 554 in
2953 498 3197 554 manibus
3223 500 3494 572 quod_nos
3522 499 3651 553 olim
3681 505 3872 572 tenere

2282 568 2672 642 cogitavinius:
2702 572 2792 627 sed
2822 572 3015 625 fluctus
3045 572 3201 642 hujus
3230 568 3409 642 ἐπευιὶ
3443 578 3699 642 nostram
3714 571 3869 623 navi-

2281 639 2456 697 cuiam
2503 642 2815 711 procellosis
2862 642 3037 711 ventis
3094 639 3147 693 in
3193 641 3503 709 voraginem
3549 639 3863 711 divitiarum

2282 709 2688 780 rapuerunt.....
2717 710 3003 779 tranquilla
3028 719 3111 765 est
3142 717 3467 780 paupertis;
3501 725 3623 779 qum
3667 710 3713 763 si
3757 709 3865 763 hu-

2282 726 2688 780 rapuerunt.....
2717 726 3003 779 tranquilla
3028 726 3111 765 eSt
3142 726 3467 833 Rauperns;
3501 726 3623 779 qua:
3667 726 3713 763 δι
3758 726 3859 763 nu-

2282 782 2522 837 militatis
2576 782 2939 850 gubernaculo
2994 790 3050 833 et
3110 796 3139 833 c
3180 780 3391 834 aritatis
3444 780 3562 835 velo
3621 788 3859 849 regatur,

2279 850 2440 905 ﬂante
2468 861 2655 905 sancto
2683 850 2886 919 Spiritu
2913 850 2979 905 ad
3009 859 3223 905 aeternae
3258 850 3608 905 beatitudinis
3642 857 3862 919 portum

2316 922 2575 977 erveniet.
2616 942 2636 973 ι

2279 936 2575 1045 minimi:
2616 942 2903 1062 ’Elipantus
2930 991 3213 1062 episcopus
3236 991 3527 1046 Toletanus
3555 990 3609 1045 in
3636 988 3863 1062 Alcuino

2277 1069 2475 1129 prieter
2547 1060 2943 1115 multitudinem
2965 1060 2980 1062 ⁷
3005 1063 3311 1117 divitiarum
3341 1102 3355 1126 ,
3418 1061 3862 1115 numerositatem

2278 1145 2493 1199 quoque
2534 1146 2832 1202 servorum.
2870 1147 3099 1200 quorum
3137 1134 3325 1202 viginti
3374 1132 3537 1186 millia
3574 1132 3862 1202 Alcuinuni

2279 1202 2479 1255 habere
2507 1201 2660 1264 dixit,
2694 1201 3210 1269 reprehendendam
3233 1218 3354 1257 esse
3399 1202 3612 1257 censuit
3649 1211 3782 1254 tom.
3817 1201 3860 1263 Ι.

2277 1286 2398 1340 pag.
2431 1269 2557 1340 869,
2607 1286 2756 1324 num.
2786 1270 2838 1334 4,
2877 1270 3035 1338 hujus
3077 1272 3206 1325 edit.
3258 1272 3546 1326 Enimvero
3595 1271 3865 1340 ignoravit

2277 1339 2361 1394 vel
2401 1339 2760 1410 calumniandi
2802 1341 2979 1394 studio
3024 1342 3383 1395 dissimulavit
3411 1339 3686 1410 Elipantus
3715 1341 3861 1410 quod

2277 1409 2419 1463 servi
2450 1409 2544 1473 illi,
2575 1412 2621 1464 si
2652 1418 2831 1464 tantus
2858 1419 3037 1465 tamen
3070 1412 3281 1465 illorum
3317 1409 3574 1465 numerus
3603 1409 3861 1475 fuit,’non

2278 1479 2477 1532 fuerint
2529 1479 2715 1550 famuli
2761 1481 2926 1550 ipsius
2980 1482 3199 1535 servitio
3248 1482 3523 1546 destinati,
3575 1481 3669 1535 sed
3716 1480 3860 1534 servi

2279 1551 2345 1602 ad
2374 1557 2544 1630 terras
2565 1548 2916 1630 ecclesiarum
2944 1558 2998 1630 et
3026 1552 3485 1630 munasteriorum
3500 1552 3697 1630 quibus
3720 1564 3861 1630 pra:-

2279 1628 2397 1689 erat
2420 1617 2671 1689 colendas
2696 1620 3003 1689 mancipati.
3057 1621 3192 1675 Hinc
3219 1622 3273 1674 in
3296 1617 3530 1688 epistola
3546 1620 3612 1674 ad
3639 1617 3863 1673 Laidra-

2280 1688 2405 1759 dum
2434 1688 2654 1757 ejusque
2692 1690 2887 1751 socios,
2929 1690 3077 1743 libris
3101 1691 3359 1744 adversus
3390 1690 3691 1759 Elipantum
3725 1703 3863 1757 prte-

611 1761 831 1834 hﬂlonii,
861 1757 1276 1834 lienscheniifet
1300 1757 1545 1834 aliorum,
1574 1761 1664 1829 qui
1686 1774 1874 1834 omnes
1892 1760 2174 1813 Alcuinum
2208 1777 2250 1834 Β
2280 1757 2384 1811 fixa
2428 1767 2760 1834 protestatur
2801 1775 3073 1829 nunquam
3114 1774 3171 1814 se
3212 1760 3444 1834 aliquem
3475 1757 3763 1834 hominem
3792 1760 3861 1834 ad

614 1830 827 1884 Beatum
853 1831 1141 1900 przedicant
1169 1848 1181 1882 :
1218 1845 1334 1898 qua:
1361 1830 1573 1898 quidem
1605 1830 1910 1884 testimonia
1943 1838 2024 1883 tot
2050 1844 2172 1898 gra-

608 1901 1108 1973 viumscripturum
1135 1900 1235 1973 fide
1260 1900 1567 1973 dignissima
1603 1908 1758 1973 sunt;
1809 1900 2173 1973 testimonium

608 1984 738 2023 vero
765 1968 930 2039 ipsius
954 1970 1046 2024 Dei
1075 1968 1242 2037 majus
1262 1968 1344 2024 cst
1368 1969 1511 2037 quod
1534 1984 1598 2023 ex
1618 1969 1903 2039 miraculis
1925 1970 2169 2029 habetur,

609 2054 728 2109 qua:
754 2037 893 2109 Deus
918 2055 1011 2109 per
1043 2041 1257 2093 beatum
1282 2039 1564 2109 Alcuinum
1612 2038 1663 2091 in
1710 2037 2173 2091 conﬁrmationem

610 2107 721 2179 ejus
750 2108 870 2164 fidei
908 2107 961 2163 et
994 2109 1206 2179 pietatis
1238 2117 1348 2162 tam
1389 2110 1449 2179 in
1470 2108 1577 2161 vita
1604 2123 1766 2176 quam
1792 2117 1913 2178 post
1946 2118 2171 2179 mortem

610 2178 749 2231 illius
775 2178 1009 2259 patrare
1035 2178 1221 2243 voluit,
1263 2178 1545 2259 qum‘Vita;
1591 2178 2172 2259 scriptorex‘illorum

608 2246 913 2302 narratione
948 2258 1210 2312 recenset,
1249 2247 1341 2315 qui
1379 2247 1445 2301 de
1486 2247 1602 2299 visu
1647 2246 1830 2300 testari
1861 2255 2168 2315 potuerunt.

614 2338 630 2366 σ
666 2317 939 2386 Nusquam
976 2324 1174 2380 tamen,
1212 2319 1354 2386 quod
1394 2316 1579 2386 sciam,
1620 2316 1792 2385 inquit
1843 2315 1903 2369 D.
1933 2315 2175 2370 Mabillo—

610 2388 727 2440 nius
765 2384 864 2441 loc.
899 2386 1013 2445 cit.,
1042 2384 1249 2441 Alcuini
1276 2386 1417 2440 diem
1463 2384 1657 2440 festum
1696 2384 1869 2441 coluit
1908 2386 2171 2449 Ecclesia,

610 2472 676 2511 ne
719 2458 931 2527 quidem
977 2455 1331 2520 Turonensis,
1379 2476 1397 2507 ι
1449 2472 1569 2525 quae
1612 2457 1683 2527 de
1723 2456 1839 2524 ejus
1888 2457 2173 2511 sanctitate

607 2528 1032 2647 expfrimentum
1075 2527 1261 2581 habuit
1298 2535 1353 2580 et
1392 2527 1612 2581 exuvias
1640 2526 1762 2581 vita:
1800 2527 2042 2580 mortalis
2081 2542 2173 2581 cu-

611 2604 709 2647 sior
736 2606 794 2647 It.

611 2598 794 2650 studit.

679 2664 878 2720 CXLV.
916 2666 1182 2721 Fortassis
1213 2681 1341 2721 vero
1379 2667 1506 2722 illud
1552 2666 1605 2720 in
1633 2666 1754 2721 Vita
1790 2665 1998 2721 Alcuini
2041 2666 2174 2721 alias

615 2733 1062 2808 irreprehensibili
1102 2736 1237 2791 male
1266 2737 1629 2808 accipiendum
1671 2746 1775 2801 est,
1806 2746 1865 2790 ut
1890 2746 2011 2804 pote
2042 2737 2171 2808 legi-

611 2805 1003 2862 bns’Ecclesizn
1052 2816 1107 2861 et
1152 2805 1459 2863 monastica)
1506 2807 1796 2861 humilitati
1861 2805 2169 2870 adversum,

612 2875 750 2942 quod
790 2876 970 2945 plures
998 2877 1051 2931 in
1075 2876 1244 2931 Gallia
1294 2878 1555 2941 abbatias,
1588 2891 1778 2945 nempe
1802 2877 2170 2930 Turonenscm

608 2959 727 2996 cum
776 2944 909 2998 cella
954 2946 1375 3010 Cormariccnsi,
1422 2944 1818 3001 FerrarienSem
1868 2962 1991 2999 cum
2039 2945 2171 3000 cella

611 3015 780 3085 sancti
810 3012 1016 3085 .lgdoci,
1056 3028 1118 3068 ac
1143 3015 1461 3070 Trecensem
1506 3016 1675 3069 sancti
1704 3015 1837 3085 Lupi
1887 3015 2045 3071 simul
2066 3084 2073 3085 ί
2094 3025 2172 3069 te-

610 3152 756 3205 modi
780 3153 851 3205 sit
872 3162 930 3206 ut
957 3169 1113 3207 nemo
1132 3152 1291 3208 facile
1310 3156 1439 3209 illud
1463 3157 1660 3211 imitari
1682 3152 1813 3210 velit
1839 3165 1930 3209 aut
1954 3152 2166 3218 debeat,

612 3221 953 3298 nihilominus
998 3225 1114 3298 haec
1155 3224 1533 3298 beneficiorum
1570 3224 1880 3298 pluralitas
1910 3227 1977 3279 ab
2022 3226 2185 3298 omni.

609 3292 1003 3365 ouipavacasse
1026 3294 1305 3365 dicendum
1331 3303 1431 3349 est.
1462 3296 1511 3349 ls
1540 3292 1802 3365 siquidem
1833 3296 2013 3364 plures
2055 3296 2172 3350 illas

609 3362 850 3415 abbatias
875 3378 974 3417 nec
1011 3378 1077 3418 ex
1113 3364 1403 3418 ambitione
1428 3362 1689 3432 quaesivit,
1726 3362 1917 3419 nec‘cx
1946 3366 2173 3419 avaritia

573 3451 577 3456 ’
609 3432 799 3505 tenuit,
844 3432 945 3505 sed
976 3441 1173 3501 praeter
1201 3448 1374 3505 suam
1394 3433 1720 3505 voluntatem
1768 3450 1801 3505 a
1832 3450 1955 3505 rege
1981 3434 2172 3489 Carolo

611 3501 713 3571 ipsi
737 3516 869 3571 pene
899 3502 1147 3571 obtrusas
1174 3502 1439 3555 obtinuit:
1472 3504 1561 3571 qui
1598 3504 1737 3557 idem
1767 3501 2173 3559 liberalissimus

613 3584 677 3621 ac
703 3569 824 3623 boni
850 3570 1044 3637 publici
1086 3569 1504 3627 studiosissimus
1527 3589 1618 3628 rex
1647 3574 1890 3628 ahbatias
1920 3575 2039 3631 illas
2063 3591 2170 3630 non

616 3639 668 3713 in
696 3638 855 3691 alium
880 3638 1039 3713 _lincm
1057 3641 1285 3713 Alcuino
1308 3644 1680 3697 commendare
1718 3643 1881 3699 voluit
1906 3660 2066 3713 quam
2111 3654 2170 3699 ut

615 3710 661 3761 is
691 3710 978 3781 monachos
1006 3710 1073 3763 ad
1119 3711 1375 3766 laxiorem
1401 3714 1565 3765 vitam
1608 3713 1881 3781 prolapsos
1922 3710 2173 3769 emenda-

614 3784 711 3849 ret,
738 3778 1078 3849 redditusque
1101 3795 1289 3835 omnes
1316 3778 1643 3849 impenderet
1669 3782 1719 3835 in
1747 3778 1901 3836 usum
1923 3784 2170 3849 fratrum,

613 3847 667 3899 in
705 3847 1023 3922 eruditionis
1068 3849 1276 3922 illorum
1321 3847 1654 3922 profectum,
1694 3851 1747 3904 in
1797 3853 2065 3922 hospitum
2110 3847 2173 3909 ac

613 3916 1013 3985 peregrinorum
1058 3916 1371 3991 subsidium,
1402 3934 1463 3973 ac
1511 3921 1567 3991 in
1602 3916 2023 3991 itinerum—qua:
2068 3923 2174 3977 fre.

608 3995 839 4061 quenter
881 4001 1022 4039 nunc
1050 3988 1116 4041 ad
1160 3988 1351 4050 aulam,
1376 4004 1534 4061 Anunc
1554 3989 1608 4043 in
1645 3988 2065 4061 Angliamfetc”
2094 3994 2173 4047 fa-

612 4055 800 4130 cienda
845 4064 1340 4130 erant,_sumptu_s._
1365 4056 1533 4130 Quam
1577 4055 1931 4130 enim'ipsius
1960 4055 2172 4117 Alcuini

611 4126 821 4178 animus
861 4140 889 4178 a
924 4125 1211 4194 cupiditate
1240 4128 1543 4181 divitiarum
1572 4145 1635 4183 ac
1677 4144 1707 4183 a
1743 4125 2173 4187 remuneratione

611 4195 851 4268 laborum
886 4209 1100 4248 suorum
1130 4196 1335 4268 alienus
1374 4197 1553 4268 fuerit,
1582 4214 1648 4252 ex
1685 4199 1775 4252 illo
1805 4216 2061 4268 responso
2092 4203 2172 4254 in-

612 4261 771 4330 telligi
794 4266 1156 4343 putestnquod
1190 4274 1323 4320 teste
1346 4268 1479 4343 Viue
1506 4267 1621 4335 ejus
1646 4261 1921 4343 scriptore
1969 4286 2085 4338 cap.
2114 4270 2171 4335 2,

612 4345 758 4407 num.
787 4331 872 4395 l2,
908 4333 1017 4407 regi
1043 4331 1215 4407 ipsum
1242 4336 1430 4407 amplis
1451 4331 1856 4407 inu'neribus'ad
1882 4354 1937 4391 se
1964 4331 2173 4407 pertra;

612 4402 742 4454 bere
764 4402 996 4463 conanti,
1027 4402 1169 4457 dedit
1201 4403 1251 4456 in
1278 4402 1389 4458 haec
1416 4407 1576 4459 verba
1604 4423 1619 4461 :
1652 4424 1669 4454 ι
1707 4406 1927 4461 Domine
1952 4402 2022 4461 mi
2049 4424 2165 4471 rex,

2279 1843 2435 1899 suum
2480 1830 2761 1882 servitium
2810 1844 3174 1899 comparasse,
3232 1830 3376 1887 (sed
3423 1830 3612 1899 magis,
3653 1829 3858 1899 inquit,

2276 1898 2466 1951 devota
2514 1899 2778 1953 charitate
2822 1898 3071 1953 omnibus
3113 1900 3313 1955 Christi
3347 1899 3439 1954 Dei
3486 1901 3591 1953 mei
3642 1898 3862 1953 famulis

2276 1968 2481 2037 servire
2524 1968 2791 2022 desidero.
2836 1988 2852 2019 ι
2894 1968 3151 2035 Quamvis
3189 1984 3318 2037 ergo
3355 1969 3634 2037 pluralitas
3658 1968 3863 2023 beneﬂ-

2276 2036 2481 2112 ciorum
2509 2038 2963 2112 autabbatiarum
3012 2036 3330 2112 regulariter
3358 2040 3567 2107 legibus
3596 2040 3858 2112 ecclesia-

2274 2106 2424 2162 sticis
2451 2109 2789 2177 reprotetur,
2819 2108 2863 2162 si
2893 2106 3092 2177 nempe
3120 2106 3738 2177 ambitione’qumratur,’
3766 2120 3861 2162 aut

2274 2176 2799 2241 avaritia’teneatur,
2830 2177 2983 2246 culpa
3022 2176 3209 2233 tamen
3240 2186 3412 2243 vacat,
3448 2176 3491 2231 si
3530 2180 3653 2233 inde.
3688 2177 3861 2246 major

2276 2246 2480 2319 utilitas
2505 2260 2568 2319 ex
2594 2262 2838 2319 persona;
2878 2250 3254 2315 promovenda:
3293 2249 3553 2319 dignitate
3578 2256 3633 2301 et
3661 2249 3860 2303 merito

2276 2314 2329 2367 in
2358 2315 2614 2371 ecclesias
2639 2314 2940 2387 redundare
2965 2331 3119 2385 posse
3145 2314 3435 2387 prudenter
3468 2327 3523 2373 et
3553 2319 3668 2387 ipso
3701 2333 3859 2372 cura-

2278 2392 2451 2438 torum
2497 2387 2740 2439 ecclesia:
2779 2386 2980 2443 iudicio
3024 2389 3378 2442 existimetur.
3429 2389 3505 2442 Ea
3554 2386 3701 2443 certe
3755 2387 3859 2442 fuit

2278 2402 2451 2438 torum
2497 2402 2740 2439 ecclesue
2804 2402 2980 2441 uoicio
3024 2402 3378 2442 existimetur.
3430 2402 3505 2442 tua
3554 2402 3701 2443 certe
3755 2402 3857 2442 luit

2275 2465 2513 2528 tempore
2539 2455 2712 2528 Caroli
2747 2402 2920 2528 Βίριδῃὶ
2952 2460 3401 2513 monasteriorum
3433 2460 3487 2514 in
3518 2472 3684 2528 regno
3711 2457 3857 2513 illius

2273 2526 2527 2587 conditio,
2559 2535 2616 2579 ut
2650 2526 2801 2595 plura
2831 2526 3039 2582 illorum
3066 2528 3331 2582 salubrius
3357 2529 3424 2582 ab
3453 2543 3560 2582 uno
3588 2526 3700 2582 tam
3729 2543 3855 2583 san-

2250 2602 2361 2669 _e_to
2388 2596 2717 2669 aqsapiente
2753 2596 2947 2669 abbate
2994 2608 3325 2669 regerentur,
3358 2615 3520 2667 quam
3568 2598 3778 2669 singula
3824 2613 3856 2653 a

2274 2664 2499 2737 singulis
2526 2665 2724 2733 pietate
2752 2680 2823 2737 ac
2841 2664 3081 2737 doctrina
3124 2664 3437 2737 imparibus.
3480 2664 3699 2737 iniquu's
3722 2684 3855 2737 ergo

2275 2734 2636 2807 in_Aleuinum
2676 2736 2865 2807 estiD.
2899 2734 3213 2807 Basnagius,
3240 2739 3455 2806 quando
3492 2739 3543 2792 iu
3577 2734 3858 2792 historicis

2274 2804 2384 2858 suis
2428 2806 2892 2859 observationibus
2934 2804 3099 2861 circa'
3131 2804 3453 2862 Felicianam
3524 2809 3751 2862 Interesin
3801 2817 3859 2862 et

2275 2873 2477 2926 Etherii
2523 2879 2678 2941 atqde
2742 2875 2886 2928 Beati
2932 2875 3119 2941 libros,
3174 2886 3303 2930 tom.
3339 2878 3379 2931 ll
3410 2878 3570 2931 Thes.
3614 2877 3852 2932 Menum.

2273 2942 2471 3015 Canisii
2509 2957 2641 3015 pag.
2670 2943 2797 3015 290,
2821 2945 3146 3000 calumniam
3188 2948 3417 3015 Elipanti
3472 2950 3524 3001 in
3569 2947 3855 3001 Alcuinum

2240 3014 2468 3081 .probat
2508 3013 2591 3066 his
2635 3014 2856 3067 verbis:
2908 3034 2924 3065 ε
2964 3016 3203 3070 Tandem
3234 3013 3519 3072 Alcuinum
3572 3032 3856 3078 servorum

609 3083 1501 3181 nuerit..Verumtamfn,‘quamjis
1526 3083 1823 3181 eaempltuu
1854 3085 1993 3181 isuui
2024 3084 2171 3181 Ejua-
2198 3120 2243 3181 C

2277 3098 2499 3136 numero
2545 3083 2732 3149 viginti
2781 3083 3006 3138 millium
3057 3093 3112 3139 et
3142 3086 3451 3141 divitiarum
3504 3087 3853 3149 abundantia,

2276 3168 2395 3221 qua:
2440 3154 2759 3205 monachum
2814 3156 3010 3209 sreculo
3051 3156 3446 3215 renuntiantem
3490 3172 3595 3210 non
3639 3156 3850 3215 decent.

2276 3231 2529 3289 tanquam
2560 3222 2816 3296 inflatum
2861 3225 3053 3296 merito
3094 3226 3330 3296 traducit
3373 3226 3671 3296 Elipantus.
3704 3246 3724 3278 ι
3774 3225 3853 3280 Ita
3926 3292 3929 3293 ν

2277 3306 2399 3363 cum
2415 3293 2603 3363 corvis
2632 3293 2861 3347 crocitat
2890 3294 3204 3363 Basnagius,
3240 3311 3397 3363 quem
3440 3293 3604 3349 etiam
3648 3310 3754 3349 non
3800 3298 3853 3348 in

2273 3360 2556 3433 Alcuinum
2572 3370 2813 3433 tantum,
2828 3378 3015 3417 verum
3033 3360 3089 3418 ei
3106 3366 3159 3418 in
3178 3360 3312 3419 alios
3331 3366 3643 3433 scriptores,
3659 3364 3857 3421 Felicis

2274 3440 2329 3484 et
2356 3430 2584 3501 Elipanti
2618 3431 2973 3501 adversarios,
3012 3434 3251 3501 iniquum
3282 3430 3476 3489 merito
3508 3434 3855 3501 reprehendit

2275 3502 2336 3583 ρ.
2366 3500 2649 3585 hl:idrisiiis
2676 3499 2909 3584 Qperum
2939 3499 3120 3585 salicti
3149 3503 3360 3585 i’auliiii
3407 3519 3529 3585 pag.
3552 3499 3669 3585 _226
3698 3517 3849 3585 seqq.

2274 3572 2328 3625 in
2355 3571 2819 3644 animadversione
2856 3573 3110 3644 singulari
3147 3574 3201 3627 in
3230 3571 3479 3644 Basnagii
3516 3571 3849 3629 observatio-

2273 3656 2371 3695 nes
2410 3640 2696 3697 historicas
2740 3642 2884 3697 circa
2918 3640 3245 3699 Felicianam
3285 3640 3517 3700 heresin
3559 3652 3617 3700 et
3646 3644 3852 3700 Etherii

2276 3721 2437 3782 atque
2465 3711 2613 3766 Beati
2644 3712 2835 3768 libros.
3352 3742 3357 3747 ι

2852 3812 3080 3869 CAPUT
3134 3814 3271 3869 XIV.

2556 3903 2705 3958 Beati
2732 3904 2940 3958 Alcuini
2976 3906 3200 3958 eruditio
3234 3915 3281 3958 et
3308 3906 3566 3960 doctrina.

2344 3993 2588 4049 CXLVII.
2632 3996 2908 4051 Neminem
2962 3997 3164 4050 nostris
3190 3998 3350 4050 etiam
3381 3997 3709 4054 temporibus
3734 3996 3851 4054 fore

2273 4065 2657 4127 existimamus,
2688 4067 2779 4133 qui
2826 4067 2981 4119 beato
3010 4066 3256 4130 Alcuino,
3300 4063 3452 4133 cujus
3478 4063 3738 4123 hactenus
3769 4070 3850 4121 vi-

2274 4143 2382 4185 tam
2437 4135 2652 4187 modulo
2705 4143 2888 4188 nostro
2938 4136 3343 4205 descripsimus,
3392 4144 3445 4190 et
3495 4136 3651 4204 cujus
3705 4153 3849 4192 nunc

2272 4218 2433 4271 opera
2469 4212 2742 4276 qute'post
2779 4205 3007 4276 primam
3038 4207 3339 4276 editionem
3371 4209 3622 4276 _reperire
3662 4208 3846 4276 potui-

2273 4288 2412 4335 mus,
2438 4272 2737 4343 vulgamus,
2762 4272 3080 4327 eruditionis
3114 4275 3321 4327 laudem
3350 4272 3567 4329 dubiam
3597 4272 3844 4341 reddere,

2274 4352 2366 4394 aut
2396 4344 2449 4394 iu
2480 4344 2899 4416 controversiam
2932 4344 3145 4397 trahere
3173 4343 3300 4416 velit
3344 4352 3437 4416 aut
3468 4346 3639 4414 possit
3680 4347 3849 4416 :_imo

2274 4428 2373 4467 nec
2416 4412 2697 4480 quisquam
2746 4410 2957 4465 futurus
2996 4418 3101 4481 est,
3148 4413 3237 4481 qui
3289 4410 3394 4467 non
3433 4410 3653 4470 censeat
3694 4414 3843 4470 illum

614 4478 716 4563 tua:
753 4471 1105 4551 non-dispono
1129 4472 1383 4526 voluntati
1415 4490 1723 4563 renuere";
1758 4475 1985 4563 libeuter
2009 4468 2169 4563 etiam
2196 4468 2247 4527 D
2275 4468 2532 4563 omnibus
2546 4468 2642 4536 ani
2688 4481 2831 4563 iliius
2877 4482 3005 4534 viris
3042 4468 3357 4563 iliu'sirihus,
3389 4484 3480 4563 qui
3520 4468 3707 4563 aliqua
3720 4468 3845 4563 ﬁdo-7

612 4549 832 4611 paterna
865 4541 916 4593 in
947 4541 1161 4611 regione
1188 4556 1304 4595 mea
1333 4560 1437 4597 non
1466 4545 1670 4597 modica
1701 4545 2007 4599 haereditate
2036 4548 2201 4609 dita-7

612 4618 717 4685 tua,
741 4607 840 4662 hac
865 4607 1062 4685 spreta,
1091 4612 1177 4685 hic
1200 4626 1401 4685 pauper
1438 4622 1582 4666 stare
1611 4614 1863 4667 delector.
1895 4636 1913 4665 ι
1961 4616 2027 4669 Ει
2053 4619 2172 4685 quis

614 4675 755 4730 illius
793 4675 979 4749 sensus
1019 4681 1088 4732 sit
1126 4675 1427 4749 deidiv’itiis
1450 4690 1505 4733 et
1527 4691 1837 4749 paupertate
1871 4675 2173 4741 manifestat

613 4747 828 4819 inApsal.
856 4762 1011 4819 cxxxi
1034 4788 1049 4812 ,
1098 4763 1147 4799 v.
1176 4748 1258 4811 15,
1304 4758 1431 4802 tom.
1458 4750 1497 4813 l,
1529 4747 1657 4819 pag.
1686 4752 1820 4815 388,
1851 4752 1931 4807 his
1960 4756 2168 4809 verbis:

620 4814 931 4899 c_Pauperes
950 4817 1296 4899 Christisunt
1318 4820 1407 4899 qui
1437 4814 1746 4899 non'ar'uaut
1773 4814 1872 4875 huc
1900 4824 2169 4899 sreculum,

614 4886 728 4962 sive
772 4886 1003 4962 habeant
1044 4888 1276 4962 divitias,
1308 4886 1569 4962 sivenon
1610 4890 1879 4962 habeant:
1908 4886 2173 4962 aliquibus

615 4954 757 5007 enim
786 4955 920 5029 data:
944 4965 1069 5009 sunt
1093 4957 1289 5029 divitiae
1313 4959 1378 5029 ad
1402 4958 1813 5029 dispensandum
1838 4954 2033 5029 egenis,
2068 4979 2171 5018 non

616 5032 793 5109 autem
824 5025 958 5109 daue
980 5034 1103 5109 sunt
1148 5025 1249 5078 illis
1277 5027 1344 5079 ad
1373 5025 1775 5109 possidendum;
1825 5025 1995 5109 [itaque
2025 5048 2171 5109 spem

618 5094 671 5145 in
696 5092 803 5166 illis
829 5095 1023 5166 debent
1050 5108 1267 5166 ponere,
1295 5092 1390 5147 nec
1416 5096 1717 5166 satietatem
1745 5101 1798 5151 in
1830 5092 1932 5153 ﬁlis
1954 5092 2169 5166 hab-ere,

618 5160 710 5236 sed
747 5161 801 5236 in
826 5160 1265 5236 nomine'Christi
1304 5164 1588 5236 confidere,
1619 5174 1673 5219 et
1702 5168 1754 5220 in
1784 5168 1987 5236 justitia
2031 5180 2085 5223 et
2121 5160 2171 5226 in

618 5230 876 5283 charitate
905 5233 997 5285 Dei
1024 5241 1080 5287 et
1106 5233 1337 5301 proximi
1369 5249 1380 5283 :
1420 5234 1532 5288 haec
1564 5243 1645 5289 est
1680 5230 1932 5291 saturitas
1960 5248 2170 5293 sancto-

620 5315 898 5375 rum._non_
923 5301 1100 5375 ξορρυιί
1136 5302 1351 5375 divitias.
1383 5320 1400 5353 ι
1434 5304 1590 5357 Eadze
1624 5320 1833 5374 quoque
1862 5309 2171 5375 presbytero

620 5371 672 5442 in
694 5370 849 5442 epist.
879 5368 996 5433 MO,
1028 5380 1282 5437 quantum
1322 5372 1433 5442 ipse
1472 5388 1501 5425 a
1539 5368 1830 5442 cupiditate
1863 5368 2171 5431 divitiarum

621 5436 869 5501 abfuerit,
904 5447 966 5512 _et
1006 5436 1163 5507 quam
1205 5436 1356 5512 aegre
1388 5441 1526 5494 ferat
1566 5436 1706 5512 quod
1748 5461 1778 5497 a
1817 5453 1956 5497 statu
1994 5448 2173 5512 quieto

620 5508 1122 5581 paupertatisguem
1150 5508 1417 5581 professus
1442 5512 1565 5565 olim
1586 5508 1765 5565 fuerat
1790 5514 1841 5566 in
1864 5508 2172 5581 voraginem

620 5575 923 5652 divitiarum
951 5575 1137 5652 fuisset
1152 5575 1410 5652 deiectus,
1439 5581 1716 5652 significat,
1746 5575 2174 5652 illumque-rogat

624 5652 681 5695 ut
707 5658 761 5695 se
788 5648 1116 5702 orationibus
1151 5664 1258 5702 sua:
1306 5648 1598 5703 devotionis
1642 5649 1706 5702 ad
1752 5648 1991 5704 eumdem
2035 5648 2169 5705 na'u-

623 5716 843 5783 pertatis
864 5717 1104 5787 gradum,
1130 5719 1179 5772 in
1208 5733 1311 5787 quo
1340 5721 1447 5787 ipse
1473 5719 1634 5784 Eada,
1664 5733 1829 5787 quem
1851 5716 2167 5776 monachum

2273 4552 2467 4605 ctrimc
2506 4550 2646 4604 fama
2692 4551 3019 4613 claruerunt,
3066 4549 3231 4604 fuisse
3262 4549 3628 4613 super-iorem.—
3665 4554 3843 4608 Testi-

2273 4621 2447 4675 monia
2476 4620 2788 4689 multiplicia
2827 4627 3013 4686 postea
3038 4620 3399 4691 producenda,
3426 4637 3615 4676 eorum
3643 4623 3734 4691 qui
3766 4624 3843 4676 ei-

2273 4692 2391 4745 dem
2435 4691 2807 4760 convixerunt,
2862 4690 3193 4760 eorum_qui
3240 4704 3404 4759 prOpe
3450 4692 3623 4760 ipsum
3662 4690 3845 4747 secuti

2273 4770 2416 4831 sunt,
2444 4766 2497 4831 et
2520 4772 2702 4831 eorum
2730 4758 2963 4831 demum,
2988 4757 3077 4825 qui
3108 4758 3173 4811 ad
3198 4757 3379 4831 nostra
3406 4757 3576 4831 usilue
3601 4769 3841 4830 tempora

2274 4829 2581 4902 illiusinter
2607 4828 2750 4902 viros
2780 4826 3012 4902 illustres
3040 4826 3521 4902 ac_ecciesiastico"s
3548 4826 3841 4902 scriptores

2272 4898 2599 4969 mentionem
2643 4895 2909 4969 fecerunt,
2946 4896 3415 4969 abunde‘docent,
3450 4915 3611 4967 quam
3651 4895 3843 4969 magna

2273 4981 2485 5035 semper
2521 4966 2679 5019 fuerit
2709 4966 2773 5017 de
2813 4964 2951 5035 ejus,
2977 4965 3275 5035 vastissima
3318 4964 3620 5024 eruditione
3654 4976 3709 5022 et
3740 4964 3843 5023 illi-

2273 5033 2402 5107 bata
2424 5034 2541 5089 fidei
2576 5050 2644 5107 ac
2678 5048 2885 5107 morum
2924 5033 3164 5086 doctrina
3212 5036 3569 5107 existimatio,
3616 5048 3671 5092 et
3696 5040 3841 5107 quod

2271 5105 2403 5175 plus,
2425 5112 2525 5167 est,
2572 5106 2703 5175 ipsa
2732 5102 2871 5175 illius
2906 5117 3066 5175 opera
3107 5112 3160 5153 et
3185 5104 3317 5175 varii
3358 5109 3655 5175 argumenti
3690 5102 3843 5161 lucu-

2274 5174 2561 5244 brationes,
2594 5171 2787 5244 :quibus
2806 5171 3095 5244 Ecclesium
3126 5179 3179 5224 et
3206 5171 3519 5241 litterariam
3552 5178 3843 5244 rempubli-

2274 5258 2389 5296 cam
2435 5241 2803 5311 locupletavit,
2850 5242 3185 5311 apertissime
3225 5246 3604 5311 comprobant,
3636 5241 3838 5301 nullam

2273 5326 2407 5378 pene
2460 5308 2630 5363 artem
2662 5308 2744 5361 vel
2786 5308 3078 5371 scientiam,
3117 5308 3161 5361 si
3192 5308 3361 5363 solani
3396 5314 3657 5368 medicam
3693 5316 3842 5371 exci-

2272 5381 2408 5454 pias,
2450 5394 2567 5432 esse
2603 5394 2759 5454 quam
2808 5393 2914 5431 non
2962 5378 3241 5454 docuerit,_
3267 5395 3426 5448 quam
3463 5398 3579 5454 non
3622 5386 3841 5454 scriptis

2274 5451 2385 5502 suis
2427 5449 2755 5511 tractaverit,
2786 5456 2839 5500 et
2876 5461 2973 5514 pro
3023 5461 3120 5498 suo
3148 5449 3351 5515 aevique
3396 5452 3477 5504 sui
3527 5454 3681 5515 genio
3719 5449 3840 5508 iliu-

2274 5525 2465 5578 strare,
2507 5515 2647 5569 felici
2682 5530 2903 5583 prorsus
2942 5524 3155 5577 conatu,
3200 5518 3482 5584 studuerit,
3514 5515 3840 5575 Grammati-

2274 5600 2394 5669 cus,
2448 5587 2649 5669 rhetor,
2697 5595 2909 5669 pocla,“
2950 5584 3334 5669 philosophus,
3368 5589 3678 5669 theologus,
3728 5590 3840 5669 ium

2274 5655 2454 5716 etiam,
2488 5663 2627 5727 quod
2672 5653 2910 5706 nonnulli
2958 5652 3679 5727 infitiantur,ajurisperitus.
3727 5658 3836 5714 Ex-

2273 5732 2413 5777 stant
2446 5721 2741 5788 enimvero,
2781 5737 2932 5777 sccus
2963 5736 3026 5775 ac
3070 5722 3131 5775 D.
3159 5721 3491 5781 Mabillonius
3532 5728 3737 5797 praefat.
3769 5730 3840 5783 ad
