4220 6196
363 366 376 420 Γ
395 376 464 432 er.

1589 374 1899 432 FROBENH
1935 376 2457 435 COMMENTATIO’.
3536 385 3539 387 ’
3579 387 3660 442 86‘

458 485 610 563 CLVf.
668 483 959 563 Bas_npgius
988 481 1186 563 ιοωημ
1208 482 1471 563 Thesauri
1501 483 1964 563 lilpnumentorum
1992 491 2042 549 Α
2068 487 2136 540 Et
2184 487 2238 540 in
2280 488 2505 563 epistola
2549 489 2618 563 δᾳ
2651 491 2813 563 (nunc
2855 489 2945 563 44)
2983 491 3218 548 Flavium
3249 495 3549 552 Damcetam
3580 501 3645 552 ad

388 555 592 636 (lapisu
617 570 736 635 pag.
755 553 860 619 397
880 555 947 636 in
960 562 1076 636 not.
1107 554 1186 626 (h)
1211 555 1270 636 in
1285 554 1444 636 epist.
1469 553 1535 607 ad
1555 554 1960 636 Lugdunenses,

390 628 479 682 ubi
507 623 764 694 Alcuinus
788 623 976 677 scribit
1004 623 1126 678 tres'
1153 623 1338 679 noctes
1372 633 1585 692 tresque
1608 623 1742 694 dies,
1771 625 1966 694 quibus

386 696 551 751 Jonas
581 693 681 747 fuit
721 692 773 745 in
801 701 988 747 ventre
1012 694 1114 748 ceti
1152 703 1208 747 et
1229 694 1478 748 Christus
1511 695 1562 748 in
1591 693 1753 749 corde
1783 692 1962 760 terrae,

387 781 443 836 sy
457 764 733 836 necdotice
758 777 914 836 posse
949 772 1058 816 tres
1100 764 1398 836 mersiones
1421 771 1477 818 et
1496 772 1607 836 tres
1639 763 1966 836 elevationes

388 833 439 889 in
472 834 738 903 baptismo
775 833 1080 903 designare,
1108 833 1281 901 ipsum
1305 834 1422 903 hac
1461 833 1588 886 crisi
1635 833 1757 887 ferit
1787 851 1798 886 :
1833 854 1849 884 ι
1882 835 1968 888 ΑΙ-

393 901 601 965 cuinus,
651 901 840 969 inquit,
873 902 1112 971 numeris
1151 902 1412 965 inhiabat,
1457 911 1512 956 et
1544 903 1666 956 inde
1691 904 1966 971 pueriliter

393 973 652 1044 mysteria
695 971 860 1044 voluit
901 971 965 1044 a_d
1010 970 1310 1044 fatuitatem
1335 986 1501 1040 usque
1539 970 1753 1044 elicere.
1787 991 1803 1022 ι
1848 972 1964 1026 Νοιι

392 1042 643 1106 attendit,
681 1042 1214 1112 OpinortBasnagius
1256 1055 1353 1112 per
1382 1056 1562 1095 acrem
1591 1042 1731 1112 hanc
1774 1056 1969 1097 censu-

397 1131 510 1167 ram
562 1111 728 1167 simul
748 1113 854 1182 peti
886 1111 1074 1182 Patres
1118 1111 1468 1179 antiquiores,
1514 1111 1605 1179 qui
1634 1113 1964 1182 certepueri

393 1199 499 1238 non
527 1190 709 1245 erant,
741 1190 797 1236 et
825 1181 1141 1234 nominatim
1187 1182 1586 1235 sanctissimum
1628 1195 1692 1234 ac
1727 1181 1966 1235 celeber-

393 1255 585 1332 rimum
621 1250 939 1332 poniificem‘
973 1250 1207 1332 Le-pnem
1230 1249 1403 1332 huius
1440 1250 1673 1332 nomin_is
1706 1251 1961 1332 primum,

392 1324 577 1378 eodem
625 1321 784 1374 modo
829 1321 991 1375 verba
1030 1321 1092 1374 D.
1116 1320 1265 1376 Pauli
1292 1320 1448 1375 Rom.
1489 1336 1562 1383 vi,
1609 1322 1662 1382 5,
1705 1320 1966 1390 interpre-

393 1402 614 1455 tantem,
637 1390 787 1458 cujus
810 1392 1130 1445 auctoritate
1155 1391 1313 1445 nixus
1335 1390 1608 1454 Alcuinus,
1633 1391 1796 1443 verba
1822 1391 1966 1446 illius

390 1481 454 1516 ex
480 1463 634 1532 epist.
665 1461 726 1514 17
757 1461 822 1532 ad
845 1461 1123 1532 episcopos
1151 1460 1345 1532 Siciliae
1374 1461 1445 1514 ibi
1476 1459 1712 1532 adducit,
1742 1475 1861 1528 qua:
1880 1461 1963 1532 ita

391 1528 584 1586 sonant
636 1549 649 1584 :
705 1549 722 1582 ‹
769 1528 1109 1598 Sepulturam
1164 1529 1468 1584 triduanam
1529 1528 1772 1582 imitatur
1825 1531 1964 1584 trina

391 1603 676 1665 demersio,
703 1609 757 1655 et
782 1601 850 1654 ab
881 1602 1035 1668 aquis
1062 1600 1290 1654 elevatio
1321 1599 1651 1670 resurgentis
1686 1599 1857 1653 instar
1883 1608 1965 1654 est

393 1672 456 1726 de
495 1671 760 1740 sepulcro.
803 1690 821 1722 ι
885 1671 1024 1736 Quid
1059 1672 1113 1724 in
1145 1671 1244 1724 hac
1281 1669 1726 1740 interpretatione
1757 1670 1964 1738 puerile

389 1743 476 1805 sit,
505 1739 566 1795 et
587 1757 653 1794 an
679 1756 786 1794 non
809 1741 976 1811 magis
1000 1741 1221 1808 puerilis
1244 1740 1315 1793 sit
1339 1739 1586 1811 Basnagii
1615 1754 1842 1811 censura
1872 1741 1965 1792 ad-

388 1826 574 1866 versus
616 1818 825 1891 veteres
867 1808 1118 1866 Ecclesiae
1155 1811 1420 1875 doctores,
1441 1808 1682 1876 judicent
1709 1809 1848 1878 aequi
1878 1825 2039 1892 κιρ-Β

391 1897 506 1936 rum
527 1881 902 1936 aestimatores.

688 1979 716 2053 §
754 1981 820 2035 V.
857 1979 934 2033 De
963 1979 1285 2048 confessione
1309 1987 1658 2050 peccatorum.

457 2071 628 2127 CLVI.
681 2072 959 2143 Baptismo
988 2072 1357 2143 paenitentiam
1381 2079 1658 2143 comparat
1685 2070 1960 2143 Alcuinus,

388 2143 632 2212 hancque
657 2139 814 2196 vocat
858 2139 1164 2212 secundum
1201 2142 1256 2194 in
1285 2141 1522 2212 Ecclesia
1569 2139 1833 2212 baptisma
1856 2158 1963 2211 quo

387 2211 484 2283 per
520 2209 937 2283 confessionem
1000 2211 1256 2283 humilem
1319 2209 1686 2283 sacerdotibus
1764 2209 1962 2265 factam

388 2280 658 2352 abluimur
684 2299 714 2336 a
740 2282 976 2352 peccatis
1001 2290 1121 2350 post
1148 2281 1379 2352 primum
1404 2280 1666 2352 baptisma
1679 2290 1962 2352 perpetra-

389 2353 497 2422 tis,
518 2371 536 2401 ‹
576 2349 782 2422 Nonne,
811 2349 1070 2421 inquit’in
1108 2349 1264 2422 epist.
1301 2349 1369 2404 96
1407 2351 1572 2420 (nunc
1601 2350 1723 2419 H2)
1756 2349 1822 2422 ad
1848 2367 1964 2406 mo-

389 2421 585 2476 nachos
629 2421 867 2485 Gothiae,
910 2423 962 2476 in
1019 2421 1175 2477 sacro
1222 2421 1542 2489 baptismate
1594 2421 1963 2476 sacerdotibus

387 2490 587 2545 Christi
631 2499 830 2546 nostra:
865 2492 985 2546 fidei
1025 2490 1413 2547 confessionem
1448 2490 1577 2544 dare
1605 2491 1880 2555 debemus,
1910 2501 1963 2546 et

388 2562 466 2615 sic
495 2561 814 2616 sacerdotali
845 2562 1160 2623 ministerio,
1188 2561 1363 2614 divina
1393 2568 1651 2628 operante
1676 2562 1869 2629 gratia,
1893 2563 1960 2616 ab

387 2631 636 2686 omnibus
673 2631 814 2686 ablui
852 2632 1130 2700 peccatis?
1164 2630 1273 2701 Cur
1299 2631 1462 2701 etiam
1504 2631 1558 2684 in
1590 2630 1824 2686 secundo
1847 2646 1962 2701 pce-

387 2701 626 2756 nitentite
654 2699 972 2771 baptismate
991 2715 1086 2769 per
1107 2699 1496 2755 confessionem
1523 2699 1962 2771 humilitatis'no-

387 2779 532 2834 strze,
574 2772 640 2824 ab
669 2770 920 2825 omnibus
973 2779 1090 2839 post
1127 2771 1357 2840 primmn
1395 2770 1658 2840 baptisma
1705 2771 1958 2839 peractis,

386 2840 574 2894 eadem
600 2841 780 2896 divina
810 2842 1101 2896 miserante
1129 2839 1328 2904 gratia,
1355 2839 1670 2893 sacerdotali
1712 2840 1962 2895 similiter

386 2858 574 2894 (3308111
600 2858 780 2896 amna
810 2858 1101 2896 miserante
1175 2858 1328 2904 rana,
1355 2858 1670 2893 saccruowu
1712 2858 1954 2895 διηιιιιιοῐ

386 2909 584 2963 auxilio
609 2926 712 2964 non
739 2912 994 2966 debemus
1017 2858 1214 2966 absoﬁvi
1240 2909 1516 2978 peccatis?
1553 2929 1579 2978 ι¹
1614 2910 1682 2964 Et
1712 2910 1765 2962 in
1796 2911 1954 2978 epist.

387 2978 646 3050 79_(nunc
667 2980 756 3050 94)
787 2982 854 3034 ad
881 2981 1152 3050 Aquilam,
1182 2982 1480 3050 animarum
1524 2980 1831 3049 pastoribus
1873 2981 1958 3034 in-

385 3048 575 3112 culcat,
609 3060 668 3104 ut
696 3048 976 3104 hei-tentur
1004 3049 1184 3103 ﬁdeles
1207 3051 1272 3102 ad
1293 3048 1646 3105 confessionis
1670 3053 1961 3119 puritatem

383 3128 438 3172 et
477 3120 807 3188 paenitentia:
850 3121 1336 3189 compunctionem,
1388 3137 1405 3168 ι
1451 3119 1600 3188 quia,
1627 3119 1826 3188 inquit,
1853 3121 1955 3174 hoc

384 3166 1111 3259 gécﬁKdiiiﬁ'BABnEIna'esiv
1131 3166 1186 3243 in
1208 3166 1554 3248 Ecclesiarut
1582 3166 1671 3257 qui
1695 3166 1826 3259 post,
1845 3190 1957 3257 pri-
1983 3166 2028 3228 Ο

386 3273 528 3311 mum
554 3257 814 3313 erraverit
858 3261 910 3313 in
933 3260 1112 3329 aliquo
1135 3259 1346 3323 delicto,
1377 3259 1430 3312 in
1449 3259 1555 3329 hoc
1577 3257 1809 3329 secundo
1834 3273 1954 3312 cor-

383 3329 610 3397 rigatur.
646 3348 662 3379 i
701 3329 866 3383 Porro
906 3330 956 3382 in
1003 3331 1165 3384 citata
1190 3329 1344 3397 epist.
1392 3328 1459 3382 ad
1498 3328 1701 3382 Gothos
1732 3343 1951 3396 pravam

383 3412 501 3466 qua:
533 3397 711 3467 inilla
751 3399 1022 3467 provincia
1069 3399 1361 3453 inoleverat
1395 3399 1832 3452 consuetudinem
1876 3412 1956 3451 rc-

383 3466 666 3536 prehcndit
693 3466 1032 3532 et’eonfutat,
1061 3469 1201 3536 quod
1229 3468 1350 3522 laici
1395 3477 1613 3536 peccata
1644 3484 1738 3522 sua
1779 3484 1952 3522 sacer-

383 3537 596 3590 dotibus
637 3537 878 3592 confiteri
928 3539 1145 3601 unllent,
1176 3539 1546 3591 existimantes
1580 3537 1824 3592 sufficere
1861 3537 1951 3593 illa

385 3607 437 3660 in
466 3607 676 3661 occulto
702 3608 810 3662 Deo
853 3608 1116 3662 confiteri.
1167 3606 1549 3660 Necessitatem
1583 3622 1712 3675 ergo
1746 3607 1955 3662 confes-

385 3677 550 3731 sionis
596 3679 961 3732 sacerdotibus
1004 3676 1258 3746 facieudze
1309 3678 1500 3746 probat
1535 3677 1588 3746 l°
1621 3676 1762 3746 quod
1797 3676 1953 3746 Chri-

384 3755 501 3800 stus
545 3748 912 3803 sacerdotibus
942 3744 1147 3802 dcderit
1180 3744 1496 3816 potestatem
1538 3744 1735 3816 ligandi
1762 3753 1818 3799 et
1847 3745 1954 3798 sol-

387 3817 541 3886 vendi
575 3835 586 3868 :
626 3818 804 3886 iquid
851 3818 1040 3883 solvit,
1087 3814 1276 3886 inquit,
1302 3814 1649 3886 sacerdotalis
1691 3823 1948 3883 potestas,

383 3885 430 3937 si
463 3883 820 3957 vincula—non
858 3883 1376 3957 considerat'ligati?
1418 3907 1436 3938 ι
1487 3885 1543 3938 2°
1580 3883 1732 3957 idem
1763 3885 1955 3957 probat

385 3954 628 4026 exemplo
682 3955 1033 4024 lcprosorum,
1081 3954 1840 4026 quos'sanandoeromiuus
1884 3956 1954 4026 ad

384 4025 693 4094 sacerdotes
722 4027 900 4091 misit;
938 4034 992 4080 et
1019 4028 1073 4080 5°
1101 4025 1347 4094 exemplo
1373 4025 1584 4088 Lazari,
1615 4039 1786 4094 quem
1819 4025 1953 4079 solvi

385 4110 482 4163 per
507 4093 800 4162 discipulos
831 4094 1028 4162 jussit:
1060 4113 1077 4144 ι
1106 4092 1366 4162 nunquid,
1410 4098 1602 4157 inquit,
1630 4108 1734 4146 non
1764 4092 1955 4148 fascia-

385 4171 566 4218 menta
615 4165 810 4218 mortui
860 4164 1045 4219 eodem
1092 4165 1257 4217 verbo
1299 4165 1506 4218 solvere
1553 4170 1796 4231 poterat,
1847 4179 1954 4232 quo

386 4243 655 4288 mortuum
682 4233 804 4288 vitae
830 4234 1094 4289 redditum
1123 4232 1188 4287 de
1214 4234 1458 4302 sepulcro
1481 4231 1696 4302 prodire
1714 4231 1904 4301 jussit?
1928 4253 1946 4285 ι

385 4303 444 4357 ιο
476 4304 730 4374 Exemplo
761 4304 974 4363 Davidis
1012 4305 1103 4374 qui
1142 4319 1322 4382 co_ram
1353 4302 1580 4382 Nathan
1600 4302 1856 4382 prepheta
1889 4303 1955 4357 de

384 4383 608 4446 peccato
637 4372 732 4430 suo
763 4383 934 4430 semet
971 4372 1243 4446 accusavit
1271 4391 1284 4426 :
1317 4391 1335 4425 ι
1372 4373 1606 4438 Homini,
1627 4372 1828 4446 inquit,
1858 4387 1955 4442 pa-

388 4442 569 4497 tefecit
593 4446 786 4497 vulnus
815 4460 989 4507 suum,
1022 4453 1076 4498 et
1114 4461 1146 4498 a
1173 4445 1280 4499 Deo
1310 4460 1432 4500 mox
1459 4442 1754 4499 remedium
1799 4459 1954 4499 aece.

2067 559 2410 632 pugnandum
2445 573 2568 612 cum
2597 560 2751 632 hoste
2790 561 2893 632 iter
2926 559 3246 619 molientem
3287 565 3556 632 hortatur,
3590 578 3649 623 ut

2066 628 2463 706 prips'peccata
2494 644 2588 706 sua
2619 628 2956 706 confessione
2978 633 3181 706 expiet,
3211 634 3428 692 laudato
3449 628 3645 706 priscis

2067 695 2324 771 militibus
2360 713 2529 771 more,
2566 695 3220 771 inquitjCanisiusfcujuS
3247 707 3408 762 verba
3449 695 3637 762 'retuli-

2068 781 2186 820 mus
2220 767 2275 819 in
2302 767 2441 820 notis
2467 769 2532 820 ad
2561 769 2841 837 epistolam
2870 772 3110 826 citatam.

2552 871 2578 943 §
2617 871 2704 927 Vl.
2741 871 2818 926 De
2844 874 3182 929 cuchan’stia.

2137 955 2333 1010 CLVII.
2393 958 2522 1025 Qum
2550 977 2702 1015 mens
2731 976 2794 1015 ac
2841 965 3105 1016 sententia
3133 965 3276 1019 beati
3301 965 3508 1021 Alcuini
3535 967 3637 1023 fue~

2068 1025 2224 1114 rit‘de
2246 1029 2500 1114 mysterio
2525 1032 2864 1114 eucharistize
2894 1041 2949 1112 ei
2974 1033 3219 1114 dogmate
3245 1038 3641 1114 transsulistan-

2067 1095 2325 1174 tipiionis‘,
2355 1099 2683 1174 expluribus
2703 1100 2847 1174 iliius
2862 1095 3120 1174 epistolis,
3141 1120 3332 1174 nempe
3359 1105 3449 1170 56,
3473 1108 3558 1170 75,
3589 1117 3644 1162 et

2220 1164 2508 1244 (numen-Ci,
2539 1168 2809 1244 90,_l63)_
2835 1164 3123 1244 innotescit
3152 1191 3162 1226 :
3189 1164 3488 1244 prtiaprimis
3516 1164 3642 1230 vero

2067 1234 2440 1315 iliampandit
2487 1238 2540 1291 in
2569 1234 2811 1315 epi_s_t._4l
2858 1239 3139 1315 Paulinum
3167 1234 3361 1315 rogans
3400 1246 3484 1300 his
3523 1261 3643 1300 ver-

2067 1305 2185 1358 bis:
2221 1324 2238 1355 ‹
2273 1305 2350 1359 Ne
2371 1320 2552 1374 quazso
2584 1305 2919 1364 obliviscaris
2955 1311 3008 1363 in
3041 1313 3148 1366 tuis
3193 1305 3395 1368 sanctis
3443 1316 3642 1370 oratio-

2067 1374 2224 1453 nibus
2256 1391 2451 1453 nomen
2487 1378 2645 1453 amici
2677 1378 2753 1432 tui
2777 1378 2976 1453 Albini,
3021 1381 3112 1434 scd
3149 1382 3203 1434 in
3238 1384 3417 1453 aliquo
3442 1401 3642 1440 memo-

2066 1444 2160 1497 riae
2189 1444 2565 1515 gazophylacio
2597 1447 2824 1502 reconde
2850 1448 2999 1524 iliud,
3025 1460 3080 1524 et
3106 1453 3289 1524 profer
3313 1444 3644 1524 éogtempore

2065 1524 2385 1581 opportuno,
2413 1530 2518 1583 quo
2548 1531 2738 1584 panem
2766 1528 2820 1571 et
2843 1519 3025 1573 vinum
3057 1519 3121 1572 ini
3139 1523 3495 1576 substantiam
3518 1519 3640 1578 cor—

2064 1584 2210 1658 poris
2240 1593 2296 1638 et
2323 1585 2598 1658 sanguinis
2623 1585 2823 1658 Christi
2855 1592 3274 1645 consecraveris.
3314 1611 3332 1644 ι
3368 1591 3484 1658 Quo
3511 1607 3641 1648 sane

2068 1655 2372 1738 testimonio
2396 1654 2597 1738 nullum
2621 1669 2717 1738 pip
2739 1657 2985 1738 dogmate
3017 1654 3641 1738 _trai'issubsipn'tiationis

2064 1736 2129 1798 eo
2154 1732 2392 1798 tempore
2409 1725 2614 1779 credito
2642 1725 2899 1798 illustrius
2916 1729 3028 1781 dari
3046 1730 3236 1798 potuit.
3259 1749 3277 1780 ι
3300 1731 3424 1787 Haec
3438 1742 3641 1797 nostra,

2070 1791 2182 1870 hmo
2209 1791 2468 1870 majorum
2495 1791 3113 1870 nostroru_m_fiilesu(qure
3133 1799 3444 1870 pbservatio
3471 1803 3523 1870 ip
3550 1791 3637 1855 illa

2069 1864 2230 1941 verba
2274 1874 2358 1918 est
2401 1864 2692 1941 doctissimi
2730 1867 2789 1941 1):
2815 1864 3102 1941 Mabillio—nii
3133 1868 3278 1941 Libr.
3307 1871 3372 1924 de
3400 1864 3640 1941 Liturgia

2052 1930 2338 2008 ‘Gallicana
2400 1949 2522 2003 pag.
2556 1933 2643 1997 95,
2700 1937 2829 2008 edit.
2881 1937 3046 2008 Paris.
3103 1940 3228 1992 anni
3275 1941 3429 2004 1729)
3478 1930 3638 2008 quam

2067 2002 2267 2054 utinam
2312 2001 2508 2057 fratres
2555 2005 2724 2058 nostri
2779 2006 2951 2060 aversi
2993 2005 3105 2074 jam
3155 2010 3369 2065 tandem
3404 2001 3641 2066 vel-sero

2066 2080 2375 2145 agnoscant,
2407 2089 2581 2145 neque
2614 2089 2712 2128 nos
2735 2074 2961 2145 amplius
2982 2088 3276 2145 provocent
3302 2080 3368 2134 ad
3396 2080 3636 2135 fictiliani

2064 2139 2603 2207 illam'novationem,
2632 2158 2792 2212 quam
2817 2139 3103 2202 Paschasio
3131 2147 3398 2204 Radberto
3424 2159 3640 2206 auctore

2063 2225 2186 2266 szcc.
2219 2227 2274 2265 ix
2300 2214 2590 2281 contigisse
2617 2215 2992 2268 criminantur.
3026 2217 3197 2272 Unius
3217 2217 3428 2273 Alcuini
3456 2228 3638 2273 aucto-

2066 2281 2197 2334 ritas
2246 2289 2374 2335 tam'
2403 2283 2552 2338 clara
2600 2291 2655 2337 et
2693 2285 2973 2339 manifesta
3026 2287 3165 2341 hanc
3215 2290 3634 2344 controversiam

2064 2350 2660 2427 dirim_ere_deberet...
2717 2362 2771 2410 et
2816 2356 2906 2424 qui
2958 2364 3066 2410 tam
3111 2358 3410 2427 perspicuis
3458 2359 3639 2414 verbis

2062 2419 2298 2493 detrahit
2333 2421 2510 2493 fidem,
2549 2424 2593 2477 is
2617 2439 2721 2477 non
2748 2419 3515 2493 veritatis,sed'conientionis,
3542 2430 3632 2484 sed

2062 2491 2283 2554 erroris,
2313 2492 2406 2545 sed
2441 2493 2746 2547 schismntis
2782 2505 3000 2549 .amator
3037 2504 3133 2550 est.
3172 2517 3188 2548 i
3239 2498 3388 2553 Hanc
3427 2491 3634 2552 Alcuini

2062 2569 2296 2636 pientein
2343 2576 2692 2636 corrumpere
2741 2563 2890 2617 nisus
2916 2575 3008 2636 est
3056 2565 3118 2618 D.
3148 2567 3386 2636 Basuage
3420 2576 3549 2636 tom.
3595 2568 3636 2622 ll

2062 2629 2199 2683 Hist.
2231 2631 2437 2705 Eccles.
2477 2629 2598 2705 libr.
2635 2636 2685 2696 v,
2713 2649 2841 2705 pag.
2869 2635 2972 2689 899
3008 2650 3156 2704 seqq.
3193 2629 3352 2705 queui
3384 2635 3634 2690 refutavi—

2063 2715 2181 2754 mus
2207 2701 2666 2756 auimadversione
2710 2701 2760 2755 in
2796 2701 3050 2758 censuras
3081 2701 3227 2760 illius
3245 2709 3501 2760 adversus
3528 2706 3635 2760 dis-

2060 2770 2406 2837 quisitionem
2439 2773 2500 2826 D.
2532 2772 2821 2827 Mabillonii
2853 2775 2919 2828 de
2949 2783 3167 2830 auctore
3197 2775 3385 2831 Libelli
3416 2774 3636 2831 Confes-

2062 2840 2544 2913 siopigfideijom.
2571 2843 2634 2907 ll,
2664 2859 2785 2913 pag.
2811 2844 2935 2898 584.

2128 2909 2498 2985 Cthll._Fnit
2519 2921 2642 2985 tunc
2664 2909 2917 2985 temporis
2941 2915 2992 2968 in
3011 2914 3261 2984 Hispania
3280 2915 3630 2985 quorumdam

2060 2980 2256 3047 opinio,
2283 2979 2443 3034 salem
2464 2997 2572 3042 esse
2594 2982 2647 3034 in
2670 2979 3008 3050 sacriﬁcium,
3031 2979 3130 3039 hoc
3148 2994 3248 3050 est,
3272 2979 3325 3039 in
3351 2987 3632 3039 materiam

2060 3051 2214 3130 panis
2239 3051 2579 3130 eucharistici
2610 3051 2944 3130 mittendum,
2974 3069 3065 3108 seu
3096 3055 3422 3130 miscendum
3447 3095 3460 3118 ,
3492 3057 3632 3130 quod

2060 3119 2328 3189 improbat
2383 3122 2572 3176 beatus
2615 3121 2874 3195 Alcuinus
2920 3124 2973 3177 in
3026 3124 3181 3194 epist.
3235 3123 3303 3178 75
3349 3119 3645 3195 (nunc—90).

2058 3198 2406 3256 contestatus,
2461 3210 2480 3241 ι
2521 3192 2661 3260 quod
2713 3193 2853 3245 illam
2901 3192 3477 3249 consu'etndinem'nec
3506 3192 3627 3249 uuié

2056 3261 2282 3313 versalis
2346 3263 2596 3314 observat
2643 3260 2918 3324 Ecclesia,
2969 3279 3068 3317 nec
3111 3264 3349 3317 Romana
3401 3265 3632 3319 custodit

2053 3332 2366 3385 auctoritas.
2398 3330 2519 3383 Tria
2549 3339 2702 3394 sunt,
2732 3333 2931 3399 inquit,
2963 3333 3013 3385 in
3041 3333 3308 3386 sacrificio
3334 3333 3627 3396 offerenda,

2051 3399 2223 3473 panis,
2256 3415 2392 3468 aqua
2418 3410 2471 3454 et
2499 3401 2746 3454 vinum...
2774 3412 2824 3473 et
2853 3403 3022 3473 panis,
3051 3403 3139 3473 qui
3169 3403 3222 3456 in
3265 3418 3459 3473 corpus
3482 3404 3630 3457 Chri-

2053 3469 2120 3522 sti
2146 3478 2511 3533 consecratur,
2538 3473 2739 3539 absque
2769 3469 3028 3526 fermento
3054 3469 3213 3527 ullius
3243 3469 3465 3528 alterius
3496 3473 3627 3528 infc-

2052 3539 2246 3612 ctionis
2269 3541 2426 3612 debet
2448 3557 2566 3596 esse
2593 3542 2991 3612 mundissimus.
3017 3552 3071 3597 et
3090 3558 3224 3612 aqua
3253 3544 3454 3612 absque
3479 3545 3622 3596 omni

2052 3610 2210 3682 sorde
2234 3611 2548 3682 purissima;
2576 3620 2629 3682 et
2650 3611 2830 3682 viuum
2859 3613 3057 3680 absque
3082 3610 3224 3682 omni
3247 3610 3627 3682 commixtione

2053 3677 2272 3752 alterius
2297 3680 2540 3752 liquoris,
2565 3681 2665 3732 nisi
2692 3696 2865 3752 aqum,
2894 3677 3347 3752 purgatissimum.
3383 3681 3460 3752 Ex
3487 3697 3623 3752 aqua

2051 3756 2106 3798 et
2136 3745 2304 3800 farina
2329 3745 2482 3818 panis
2510 3751 2585 3811 fit,
2615 3749 2704 3815 qui
2729 3745 3073 3803 consecratur
3098 3751 3150 3803 in
3177 3766 3368 3818 corpus
3388 3745 3584 3804 Christi
3607 3772 3618 3802 :

2053 3831 2189 3886 aqua
2218 3827 2272 3870 et
2291 3817 2472 3870 vinum
2505 3819 2556 3871 in
2585 3819 2894 3886 sanguinem
2922 3817 3322 3874 consecrabitur
3347 3820 3565 3874 Christi.
3598 3842 3614 3871 ι

2054 3884 2131 3938 Ex
2163 3888 2356 3954 quibus
2384 3888 2562 3943 verbis
2603 3884 2998 3943 evidentis‘sime
3035 3890 3431 3943 demonstratur
3468 3906 3622 3944 usum

2051 3958 2206 4029 panis
2235 3958 2410 4029 azymi
2452 3958 2505 4010 in
2549 3958 2871 4013 eueharistia
2908 3967 3145 4028 tempore
3173 3959 3405 4023 Aleuini,
3447 3969 3619 4029 atque

2053 4026 2188 4080 adeo
2210 4026 2332 4081 ante
2360 4028 2530 4082 Pbotii
2562 4029 2862 4092 discidium,
2889 4026 3032 4097 pene
3052 4029 3405 4084 universalem
3435 4026 3618 4092 fuisse.

2053 4111 2165 4167 non
2192 4097 2245 4150 in
2270 4097 2541 4151 Britannia
2570 4105 2798 4161 tantum,
2826 4099 2877 4150 in
2906 4113 3010 4166 qua
3042 4101 3154 4167 ipse
3179 4106 3336 4153 natus
3361 4107 3463 4161 est,
3490 4111 3542 4154 et
3567 4102 3618 4154 in

2053 4162 2224 4219 Gallia
2263 4167 2352 4219 ubi
2399 4167 2488 4219 diu
2519 4173 2775 4229 moratus,
2806 4162 2991 4221 verum
3021 4162 3184 4222 eiiam
3217 4169 3271 4220 in
3296 4168 3536 4222 Romana
3569 4179 3623 4223 ct

2054 4242 2166 4288 tota
2201 4235 2515 4289 occidentali
2546 4235 2812 4298 Ecclesia;
2857 4237 2999 4304 quod
3042 4237 3269 4301 erudite,
3302 4252 3450 4291 more
3497 4254 3612 4301 suo.

2052 4305 2284 4358 ostendit
2323 4305 2382 4358 D.
2415 4304 2611 4377 Habill.
2673 4305 2727 4377 i_n
2757 4305 2977 4377 Dissert.
3033 4305 3098 4359 de
3136 4306 3338 4377 Azymo
3393 4318 3448 4360 et
3478 4307 3612 4374 Fer:

2056 4383 2294 4498 insevntato
2323 4389 2450 4444 'cap.
2475 4375 2508 4430 9
2538 4384 2665 4428 tom.
2693 4374 2714 4428 ι
2749 4375 2841 4430 des
2865 4391 3127 4447 ouvrages
3154 4374 3466 4448 posthumes
3496 4393 3619 4449 pag.

2127 4460 2179 4498 θ.

2057 4444 2179 4500 155.

386 4515 482 4595 pit.
519 4530 538 4593 ρ
595 4512 836 4595 ldipsum
871 4516 1062 4595 probat
1107 4529 1172 4568 ex
1203 4513 1636 4595 Sacranientario
1674 4512 1946 4595 Ecclesiae,
1979 4509 2028 4570 Ι)
2098 4514 2299 4595 CLIX-'3
2330 4514 2412 4595 {id
2437 4515 2580 4570 hunc
2608 4515 2780 4595 locum
2807 4514 3016 4571 Alcuini
3046 4532 3169 4595 me;
3197 4532 3227 4570 a
3258 4517 3627 4595 nobisdescri-

386 4581 634 4653 inquiens
663 4581 679 4633 :'
716 4601 734 4632 ε
783 4581 839 4653 Si
869 4581 1088 4653 peccata
1133 4585 1504 4653 sacerdotibus
1543 4599 1648 4653 non
1673 4592 1805 4653 sunt
1832 4599 1956 4653 pro-

385 4652 576 4716 denda,
606 4666 774 4728 quare
809 4651 863 4704 in
893 4651 1326 4728 Sacramentario
1355 4651 1956 4728 reconciliatioriis_i_)_ra-

389 4724 561 4777 tiones
595 4721 809 4790 scripta:
835 4722 991 4775 sunt?
1025 4721 1301 4788 Quomodo
1344 4721 1593 4775 sacerdos
1622 4721 1952 4785 reco'nciliat,

387 4807 548 4863 quem
582 4806 809 4863 peccare
847 4807 951 4863 iion
979 4793 1160 4863 novit?
1201 4812 1224 4863 »ν
1270 4791 1493 4863 Demum
1518 4803 1648 4863 vero
1671 4790 1958 4863 confessio-

387 4859 508 4917 nem
537 4859 730 4942 asserit
761 4865 811 4914 in
848 4861 1051 4942 iis,_qui
1080 4862 1419 4942 gravioribus
1448 4860 1682 4942 peccatis
1720 4859 1804 4942 vel
1835 4875 1956 4940 con-

387 4941 549 4986 s'ensu
578 4930 660 4985 vel
689 4946 849 4999 opere
873 4930 955 4984 vel
983 4930 1145 4999 prava
1172 4931 1560 4985 consuetudine
1594 4946 1652 4985 se
1694 4931 1954 4985 obnoxios

387 5002 630 5056 fecerunt
670 5000 836 5072 (quos
867 5001 1036 5072 tribus
1068 5002 1292 5054 mortuis
1319 5017 1348 5053 a
1380 5001 1596 5072 Christo
1625 5001 1956 5072 resuscitatis

387 5070 709 5142 comparat),
727 5070 1082 5126 necessariam
1106 5085 1222 5123 esse
1245 5071 1688 5142 prrcparationcm
1720 5073 1785 5124 ad
1801 5071 1956 5142 digne

386 5139 891 5219 communicandum
927 5143 992 5194 de
1021 5155 1244 5219 corpore
1278 5149 1331 5219 et
1356 5141 1614 5219 sanguini:
1655 5139 1955 5219 JesuChri-

383 5211 456 5264 sti
475 5228 540 5280 int
570 5211 714 5277 Haec,
748 5212 938 5280 inquit,
965 5211 1214 5280 cogitate,
1245 5208 1547 5280 charissimi
1579 5208 1792 5273 fratres,
1820 5218 1874 5262 et
1901 5210 1955 5280 in

387 5279 748 5350 qualicunque
792 5278 984 5335 harum
1030 5278 1190 5350 t'rium
1229 5278 1509 5350 mortium
1540 5294 1734 5348 genere
1761 5280 1806 5332 si
1836 5279 1956 5347 quis

375 5347 578 5416 jaceat,
615 5347 775 5405 citius
817 5352 882 5405 ad
917 5348 1268 5405 confessionis
1305 5347 1684 5416 probatissima
1725 5349 1958 5403 medica-

385 5426 573 5491 menta
611 5419 950 5491 confugiat...
977 5429 1037 5472 ut
1061 5435 1182 5491 non
1199 5419 1274 5491 ad
1285 5417 1545 5484 judicium
1577 5419 1954 5491 damnationis,

387 5488 482 5542 sed
507 5487 575 5543 ad
607 5487 833 5543 salutem
870 5488 1308 5557 sanctificationis
1343 5488 1700 5557 communicet
1735 5503 1958 5557 corpore

388 5567 442 5629 et
481 5559 741 5629 sanguine
785 5559 992 5614 Domini
1039 5560 1210 5614 nostri
1250 5555 1626 5629 Jesu._Christi.
1669 5577 1686 5608 ι
1718 5555 1956 5629 _Similia

388 5626 706 5683 documenta
749 5630 815 5682 de
862 5629 1184 5683 necessitate
1232 5635 1285 5682 et
1330 5626 1556 5681 utilitate
1605 5626 1956 5681 confessionis

388 5705 734 5766 peccatorum
768 5697 1009 5751 facienda
1045 5699 1411 5754 sacerdotibus
1462 5696 1623 5750 tradit
1648 5697 1836 5749 beatus
1864 5697 1948 5748 Al-

387 5765 582 5824 cuinus
631 5767 885 5825 fratribus
931 5767 1330 5824 Turonensibus
1387 5779 1512 5822 tom.
1552 5766 1630 5831 li,
1678 5781 1797 5835 pag.
1835 5765 1950 5819 154.

2054 4594 2205 4654 ptum
2251 4585 2314 4636 ι).
2337 4585 2575 4654 Basnage
2625 4586 2761 4654 hanc
2808 4595 2988 4638 notam
3039 4588 3226 4640 addit:
3285 4604 3302 4636 ι
3357 4587 3623 4653 Hispanos

2056 4653 2349 4722 theologos,
2381 4654 2476 4722 ait,
2527 4653 2636 4706 non
2681 4653 2842 4706 fuisse
2888 4662 3014 4707 tunc
3062 4655 3319 4722 temporis
3345 4655 3621 4708 transsub-

2054 4721 2402 4794 stantiatores
2431 4721 2588 4776 facile
2620 4723 2959 4794 probaretur,
2993 4724 3036 4776 si
3065 4739 3130 4777 ex
3166 4721 3274 4778 sale
3307 4725 3471 4778 mixto
3498 4727 3622 4794 pani

2054 4790 2250 4844 ducere
2290 4790 2678 4862 licet'etino'iis
2722 4802 3119 4862 argumentum.
3166 4813 3184 4846 ι
3242 4793 3466 4848 Mirum!
3501 4790 3627 4848 ’θυι-

2055 4870 2428 4930 argumentum
2473 4861 2671 4917 ducere
2719 4861 2826 4915 non
2877 4863 3054 4928 liceat,
3087 4880 3194 4986 quo
3224 4865 3301 4918 rei
3349 4865 3625 4932 cujusdam

2055 4931 2256 4984 veritas
2281 4930 2435 4985 facile
2460 4933 2675 4986 nrobari
2708 4935 2920 4986 nosset?
2946 4935 3022 4986 Ex
3049 4949 3107 4986 sa
3130 4951 3160 4986 e
3189 4934 3310 4986 naui
3342 4936 3508 4986 mixto
3541 4934 3621 4986 fa-

2054 4931 2256 5004 veritas
2281 4930 2435 5004 facile
2460 4933 2920 5004 probariiposset?
2946 4935 3022 4986 Ex
3049 4930 3160 4988 sale
3189 4934 3310 5004 pani
3342 4930 3508 4992 mixto
3541 4934 3621 4986 fa-

2056 5001 2158 5074 cile
2183 5001 2542 5074 probaretur,
2598 5003 3001 5072 sibasnagium
3059 5001 3206 5058 recte
3254 5004 3617 5074 intelligimus,

2057 5070 2330 5140 theologos
2369 5070 2631 5138 Hispanos
2659 5070 2664 5072 ’
2692 5080 2818 5125 tunc
2865 5070 3464 5127 transsubstantiatores
3514 5090 3619 5126 non

2057 5139 2254 5210 fuisse;
2288 5152 2674 5210 verumtamen
2699 5155 2762 5193 eo
2798 5150 3110 5210 argumento
3140 5141 3214 5197 uti
3245 5144 3317 5197 illi
3354 5159 3455 5196 non
3495 5143 3623 5196 licc-

2056 5209 2351 5281 bataQuid
2377 5209 2879 5281 veroiprohibcbat?
2918 5211 3115 5281 Nempe
3145 5215 3260 5266 viro
3297 5214 3450 5267 docto
3489 5213 3619 5265 satis

2055 5294 2120 5330 ex
2148 5279 2268 5333 aliis
2298 5277 2606 5331 fortioribus
2636 5280 2968 5335 documentis
2999 5277 3064 5335 ac
3093 5282 3410 5335 testimoniis
3435 5290 3619 5336 uotum

2055 5357 2192 5411 erat,
2225 5349 2485 5416 Hispanos
2514 5347 2787 5418 theologos
2813 5359 2959 5413 tunc,
2990 5360 3043 5405 et
3071 5351 3461 5419 antiquioribus
3491 5360 3621 5404 tem-

2057 5419 2277 5486 poribus
2327 5418 3126 5484 transsubstantiatoresfuisse,
3180 5418 3374 5489 quibus
3417 5421 3625 5475 levissi-

2060 5503 2202 5540 mum
2255 5495 2636 5558 argumentum
2696 5504 2758 5542 ex
2811 5489 3164 5558 quorumdam
3218 5491 3622 5553 consuetudine,

2059 5558 2221 5611 salem
2251 5557 2301 5609 in
2329 5555 2651 5609 sacrificium
2681 5555 2942 5621 mittendi,
2987 5572 3258 5627 opponere
3299 5574 3402 5612 non
3444 5560 3622 5622 licuit;

2058 5628 2197 5680 sicut
2222 5641 2319 5678 nec
2344 5640 2408 5677 ex
2436 5641 2533 5677 usu
2562 5629 2712 5694 panis
2747 5629 3051 5681 fermentati
3081 5630 3444 5696 argumentari
3479 5629 3620 5688 licet.

2057 5696 2271 5767 Graecos
2317 5710 2420 5767 non
2472 5711 2591 5750 esse
2636 5699 3252 5751 lranssubstantiatorcs.
3318 5699 3622 5767 Sapientiae

2058 5781 2186 5834 ergo
2215 5765 2294 5817 vir
2324 5765 2509 5819 doctus
2543 5767 2679 5818 hanc
2709 5777 2887 5818 notam
2918 5769 3318 5835 suppressissct.
