4220 6218
501 328 570 383 93
1662 321 1748 378 Β.
1792 319 1852 374 F.
1896 319 2121 373 ALlllNl
2160 316 2291 373 SEU
2333 317 2608 373 ALCUINI
3727 321 3797 376 96

501 443 568 506 liti
605 451 808 506 sequax
857 447 1092 506 perraro
1127 432 1394 506 reperitur
1441 430 1738 506 monachus
1777 444 1843 482 ex
1864 428 2098 506 _dcbito.
2134 433 2176 488 Α
2205 435 2418 481 cantem
2468 429 2742 496 abyssum.
2801 425 3019 506 liit‘l'tllls
3067 427 3211 506 illius
3252 428 3490 506 vestigiis
3535 437 3666 494 stat,
3705 433 3797 498 qui

501 498 780 564 imitemur
806 498 937 574 ergo
976 498 1228 557 Albinum
1259 503 1403 574 pium
1427 499 1826 574 adolescentem
1864 498 2096 561 Domini,

503 579 755 650 fugiendo
781 569 1416 650 tenébraspharaonicas
1433 569 1730 650 palpabiles
1755 585 1769 630 ;
1799 577 2103 650 vertamus-

504 639 611 717 qoi'e
653 657 867 701 noctem
912 645 964 698 in
997 639 1260 717 dic-uitet
1289 650 1410 717 post
1434 639 1690 696 tenebras
1716 654 1996 717 speremus
2023 639 2104 692 lu-

505 708 643 782 .ch,
689 731 910 771 carcere
959 708 1222 781 principis
1269 708 1620 782 tenebrarum
1665 708 1846 766 evaso.
1897 709 2101 763 Recor-

503 792 693 844 demur
723 799 1072 860 squamarum
1115 782 1410 860 Behemoth
1442 781 1649 846 sedulo,
1684 782 2104 860 quibus_c_ot'pus

502 861 620 930 ejus
648 873 707 912 se
755 849 983 930 invicem
1031 852 1403 930 prementibus
1440 849 1783 930 compactum
1812 849 2058 930 redditur
2087 864 2101 902 :

507 920 610 984 uita
639 931 783 982 enim
810 928 902 980 uui
932 920 1295 994 conjungitur,
1343 933 1398 977 et
1435 939 1501 977 ne
1528 920 2104 991 spiraculumlquidem

505 1001 707 1056 incedit
750 1013 844 1066 per
883 1009 1015 1050 eas:
1047 1009 1150 1048 una
1181 994 1630 1066 alteri_adh_:erct
1667 1000 1721 1066 e_t
1772 999 2016 1066 tenentes
2038 1005 2106 1066 _se

503 1059 842 1141 nequaquam
887 1073 1250 1141 superantur;
1284 1064 1438 1133 cujus
1483 1061 1741 1141 fortitudo
1789 1059 2103 1141 in_ltimbis,

503 1131 658 1210 cujiis
688 1131 813 1194 sunt
856 1131 1008 1190 nervi
1038 1131 1413 1210 testiculorum
1456 1133 1696 1210 perpleiti
1721 1147 1750 1210 :_
1776 1131 1867 1201 qui
1905 1131 2109 1210 dormit

507 1201 606 1266 sub
638 1211 829 1264 umbra
866 1217 920 1260 et
959 1213 1172 1260 secreto
1222 1204 1414 1259 calami
1459 1201 1518 1256 et
1562 1201 1693 1258 locis
1737 1201 2104 1256 humentibus.

504 1283 817 1334 Gaudemus
859 1286 1027 1339 tuam,
1080 1275 1290 1339 Albine,
1341 1284 1647 1328 correctam
1704 1271 1992 1342 pueritiam
2039 1281 2106 1326 ex

507 1352 678 1406 hostis
705 1348 911 1416 antiqui
956 1345 1300 1408 crudelitate,
1333 1344 1460 1398 dum
1495 1345 1548 1398 in
1591 1345 1790 1416 bonum
1819 1351 2109 1416 tuumnia-

504 1424 615 1476 litia
647 1421 788 1475 illius
820 1412 989 1472 utitur
1019 1418 1176 1470 Deus.
1218 1416 1556 1470 Veneramur
1599 1414 1796 1468 mentis
1848 1413 1899 1466 in
1931 1412 2109 1466 adole-

503 1502 687 1546 scente
729 1490 1043 1572 puritatem,
1072 1495 1233 1568 atque
1270 1484 1774 1572 consian‘tlissiinam.
1798 1483 2107 1572 firmitatem

504 1578 699 1629 magno
730 1554 782 1613 in
814 1559 1133 1629 certamine,
1169 1557 1222 1610 in
1244 1572 1357 1629 quo
1386 1555 1670 1609 duellionis
1697 1555 1887 1623 spiritu
1913 1554 2110 1629 szepius

503 1623 702 1701 agitata
733 1645 862 1701 caro
889 1645 1030 1701 ossa,
1061 1628 1114 1681 in
1147 1623 1332 1701 multis
1373 1642 1493 1701 qua:
1524 1635 1798 1694 nequeunt
1841 1637 1972 1701 pace
2005 1623 2109 1676 frui

503 1694 707 1772 quieta,
765 1699 992 1772 Domino
1042 1694 1404 1772 custodiente
1434 1698 1489 1749 in
1541 1705 1593 1772 te
1643 1703 1869 1772 manent
1918 1694 2104 1772 illmsa.

2205 506 2598 568 supramontes
2614 497 2970 568 evangelizal,
2991 498 3316 560 anttuntmns
3346 499 3505 563 bona,
3532 497 3800 568 quatenus

2205 566 2603 636 speculatorum
2632 565 2858 636 levatam
2887 578 3066 636 posset
3095 568 3282 622 audire
3307 584 3513 624 vocem.

2279 636 2345 690 Χ.
2377 635 2586 707 Legens
2614 637 2778 712 igitur
2805 635 3030 712 Joannis
3061 637 3411 712 Evangelium
3451 643 3588 695 ante'
3623 643 3798 712 magi-

2207 715 2378 762 strum
2403 723 2507 760 una
2545 709 2658 761 suis
2685 724 2815 778 cum,
2835 707 3245 778 condiscipulis,
3294 712 3536 778 pervenit
3579 712 3647 765 ad
3677 707 3798 767 eam

2207 785 2414 850 partem
2440 818 2455 840 ,
2509 793 2671 850 quam
2722 777 2820 832 soli
2874 777 3092 833 norunt’
3120 777 3308 834 mente
3346 781 3802 850 comprehendere

2209 847 2608 922 mundieordes,
2637 864 2757 922 qnze
2783 858 2866 922 est
2905 851 2970 902 ab
3005 866 3080 922 eo
3093 850 3217 922 loco
3238 865 3343 918 quo
3369 847 3482 920 ipse
3508 867 3669 921 supra
3705 867 3800 922 pe-

2209 927 2328 991 ctus
2360 917 2570 991 Domini
2605 920 2916 974 recubuisse
2961 937 3017 974 se
3050 920 3214 991 dicit,
3246 917 3530 991 usqu—equo
3559 917 3684 976 cum
3705 917 3801 979 'di-

2210 987 2430 1063 scipulis
2459 989 2571 1063 suis
2593 999 2743 1063 tr_a_ns
2772 997 3067 1044 torrentem
3087 990 3296 1063 Cedron
3319 987 3502 1046 Jcsuin
3521 1008 3799 1063 egressum

2210 1057 2378 1131 fuisse
2403 1059 2612 1131 recolit.
2639 1057 2755 1114 llac
2789 1075 2918 1128 ergo
2955 1061 3263 1131 evangelica
3301 1078 3422 1116 cum
3460 1057 3801 1119 debriarctur

2211 1129 2693 1203 iectione‘Albinus
2721 1132 2970 1203 mystica,
3000 1129 3190 1186 sedens
3212 1142 3335 1186 ante
3363 1133 3607 1203 magistri
3635 1134 3804 1196 lcctu-

2211 1199 2342 1276 lum,
2375 1199 2555 1276 subito
2581 1199 2913 1276 ejus_snir_i_tu
2937 1203 3221 1276 iuexstasi
3261 1199 3511 1276 ducitur;
3542 1219 3606 1276 ac
3629 1205 3798 1276 idem,

2209 1271 2302 1338 qui
2329 1270 2598 1338 quondam
2637 1271 2737 1325 sub
2763 1270 2892 1326 Solis
2924 1273 3076 1328 radio
3105 1282 3228 1326 ante
3261 1274 3586 1328 sanctissimi
3623 1274 3804 1332 Patris

2211 1340 2508 1414 Benedicti,
2526 1357 2667 1414 nunc
2688 1351 2812 1396 ante
2837 1343 2994 1414 hujus
3013 1343 3217 1408 oculos,
3233 1354 3385 1398 curte
3407 1348 3519 1398 sive
3540 1360 3802 1414 equarum

2211 1411 2313 1465 sub
2337 1427 2445 1465 uno
2473 1427 2635 1480 parco
2652 1411 2698 1475 δ,
2715 1411 3156 1469 οιηιιίδῖηυυόυε
3181 1414 3437 1469 collectus
3467 1411 3800 1472 ostenditur:

2212 1482 2306 1548 qui
2351 1482 2477 1535 dum
2509 1482 2561 1535 in
2609 1482 2726 1552 hoc,
2757 1483 2900 1552 quod
2931 1485 3187 1538 cernebat
3226 1492 3487 1538 attentam
3518 1485 3804 1542 oculorum

2213 1552 2403 1624 ﬁgeret
2425 1553 2619 1624 aciem,
2646 1551 2787 1624 vidit
2809 1562 2973 1607 totam
3006 1570 3101 1624 per
3119 1569 3309 1624 gyrum
3336 1555 3474 1610 hanc
3497 1556 3801 1612 clausuram

2212 1622 2364 1694 quasi
2388 1622 3103 1694 sanguinecircumscptam.
3131 1622 3379 1694 Cumque
3403 1626 3503 1681 hac
3526 1637 3802 1682 teneretur

2215 1692 2420 1746 visione
2444 1693 2710 1757 ‘mirabili,
2743 1695 2822 1747 sui
2863 1694 2916 1748 in
2939 1692 3070 1747 “eum
3114 1692 3307 1750 oculos
3331 1705 3601 1753 vertentes
3636 1698 3801 1752 nimia

507 1761 750 1827 Meritiin
781 1771 1066 1825 Dominum
1094 1768 1370 1840 Christum
1402 1768 1599 1840 mentis
1637 1775 1742 1820 tua:
1784 1765 1984 1840 habere
2007 1765 2110 1840 iio-
2145 1781 2186 1840 Β
2217 1778 2338 1840 cum
2369 1761 2724 1840 admiratione
2747 1764 3117 1840 condiscipuli,
3152 1781 3341 1834 nempe
3369 1767 3475 1840 qui
3490 1768 3621 1840 nihil
3653 1769 3802 1822 vide-

503 1846 721 1913 spitem,
759 1857 868 1911 quo
897 1847 1289 1915 leprotegente
1316 1838 1502 1891 aiebas
1530 1857 1540 1888 :
1575 1837 1718 1915 lu__te
1744 1835 1966 1903 eripiar,
2007 1835 2111 1915 Do:

508 1908 674 1978 mine,
707 1929 735 1965 a
773 1908 1092 1973 ientatione,
1119 1910 1245 1963 etin
1280 1918 1330 1962 te
1356 1908 1723 1978 transgrediar
1751 1921 1988 1970 murum,
2019 1908 2111 1975 qui

505 1985 729 2055 posuisti
774 1981 1173 2055 immaculatain
1214 1980 1355 2055 viam
1406 1978 1964 2055 meatii,bracliiaque
1992 1992 2110 2055 mea

505 2047 561 2108 iit
586 2069 770 2108 arcum
813 2068 1035 2107 aereum.
1087 2049 1239 2124 lililes
1266 2051 1431 2119 igitur
1462 2049 1560 2124 iste
1589 2048 1870 2124 videamus
1907 2047 2114 2124 quibus

505 2143 567 2179 ex
599 2125 826 2179 adverso
849 2136 1064 2176 rursum
1092 2116 1587 2188 hmiari'qumritur
1630 2117 1872 2187 spiculis,
1906 2116 1959 2170 in
1997 2131 2113 2170 mo-

505 2198 739 2266 dumque
774 2193 1048 2266 exercitus
1078 2189 1228 2244 Judre
1270 2190 1558 2266 lilacha‘bafi
1603 2189 1852 2266 antiquis
1894 2195 2112 2258 patrum

505 2268 570 2320 de
596 2260 840 2320 victoriis
867 2278 1142 2317 armentur
1161 2261 1329 2315 armis
1355 2260 1746 2315 invictissimis.

1153 2385 1382 2442 CAPUT
1413 2386 1503 2441 IV.

595 2501 859 2556 Invidiam
890 2499 1155 2554 sociarum
1185 2507 1418 2570 superat.
1447 2497 1513 2552 lu
1539 2497 1772 2553 exstasin
1804 2498 2024 2568 rapitur.

572 2634 664 2689 ιχ.
698 2651 797 2688 xm
841 2633 960 2685 Kal.
1009 2633 1261 2686 Deccmb.
1301 2643 1325 2670 α
1357 2631 1520 2699 igitur
1556 2633 1850 2686 amissione
1887 2633 2111 2687 orbatus

501 2706 672 2774 patris
701 2703 988 2757 lleehherti
1020 2703 1281 2774 Alcuinus
1328 2701 1511 2774 divino
1543 2718 1765 2756 munere
1801 2701 2109 2774 Elcbertum

503 2772 680 2828 virum
711 2775 928 2827 beatum
969 2783 1024 2826 et
1073 2772 1276 2826 clarum
1330 2773 1447 2826 loco
1486 2774 1671 2827 amissi
1717 2773 1948 2842 excepit,
1995 2788 2110 2825 ma-

501 2847 673 2926 gistro
720 2859 815 2913 per
841 2844 1020 2898 omnia
1070 2843 1318 2897 similem.
1352 2842 1484 2926 Cum
1517 2860 1648 2926 ergo
1689 2843 1996 2926 nonnmodo
2024 2849 2110 2924 sa-

508 2912 732 2984 pientia!
769 2923 1072 2976 venustate,
1122 2930 1310 2984 verum
1365 2914 1486 2984 aliis
1527 2912 1691 2969 etiam
1740 2912 1948 2983 pollens
1997 2915 2110 2967 vir-

503 2983 710 3039 tutibus
740 2987 916 3038 socios
942 2983 1295 3052 praecederet,
1325 2983 1456 3037 nulli
1489 2985 1761 3038 secundus
1809 2998 2104 3052 apparens,

503 3056 667 3108 sentit
698 3055 878 3108 multis
918 3055 970 3106 in
1011 3055 1169 3106 rebus
1205 3069 1301 3106 suo
1343 3055 1409 3108 de
1450 3053 1695 3123 profectu
1740 3055 1955 3108 invidia:
1999 3053 2107 3121 spi-

504 3130 610 3178 ritu
638 3140 825 3177 corum
868 3125 1029 3212 corda
1077 3124 1301 3204 turbari,
1352 3124 1404 3177 in
1437 3132 1664 3212 tantum,
1695 3134 1918 3212 i‘tt'leutn
1956 3124 2104 3212 claro
2134 3153 2179 3212 ρ

506 3209 848 3263 nequaquam
897 3193 1054 3264 oculo
1094 3195 1357 3264 aspicere,
1407 3209 1582 3264 neque
1629 3193 1876 3249 dulcibus
1925 3196 2104 3250 verbis

503 3265 701 3334 alloqui
734 3265 970 3331 quirent.
1014 3263 1312 3318 Seiscitans
1345 3280 1473 3317 vero
1522 3265 1768 3334 magistri
1813 3281 1974 3334 super
2004 3266 2106 3321 hac

504 3352 563 3388 re
589 3336 898 3398 consilium,
929 3337 1177 3388 hortatur
1220 3336 1497 3391 beneliciis
1523 3336 1785 3390 carbones
1812 3336 1952 3405 ignis
1977 3351 2106 3390 con—

502 3423 689 3472 gerere
721 3422 883 3474 super
928 3408 1102 3475 capita
1135 3421 1344 3459 eorum.
1384 3406 1623 3461 Audiens
1665 3407 1896 3474 denique
1919 3406 2106 3476 'patris

503 3476 918 3528 saluberrimum
961 3476 1268 3536 consilium,
1302 3490 1406 3528 non
1433 3487 1557 3529 ante
1585 3478 1652 3529 ab
1689 3475 1986 3531 intentione
2017 3492 2105 3530 ra-

503 3547 666 3628 tionis
864 3545 1150 3628 orationis]
1197 3546 1846 3628 cessavit.(eonsiderans
1891 3563 1959 3628 ne
2006 3547 2104 3628 ali-

503 3615 647 3684 quod
678 3614 778 3670 sibi
808 3614 1142 3668 contrarium’
1185 3630 1248 3667 ex
1283 3630 1376 3669 ore
1419 3614 1536 3683 ejus
1563 3617 1784 3670 verbum
1833 3617 2104 3682 audirent,

502 3702 691 3740 eorum
720 3687 914 3754 smpius
957 3686 1308 3740 substernens
1356 3701 1412 3740 se
1445 3687 1708 3757 vestigiis,
1757 3688 1950 3758 injuste
1983 3688 2107 3742 licet

501 3770 627 3812 cum
674 3758 743 3811 ab
791 3758 870 3810 eis
920 3757 1262 3826 argueretur)
1312 3773 1472 3825 quam
1520 3757 1825 3812 evidentem
1877 3757 2106 3813 Domino

503 3827 699 3881 mentis
743 3829 1026 3881 sanitatem
1073 3829 1408 3894 impetraret,
1449 3827 1583 3881 adeo
1622 3837 1681 3880 ut
1730 3836 1948 3896 repente
1990 3845 2107 3882 mu-

503 3897 601 3950 tati
647 3897 943 3950 secundum
987 3911 1112 3948 eum
1161 3914 1190 3948 a
1241 3897 1496 3965 Magistro
1541 3898 1866 3951 omnimodis
1907 3899 2106 3951 habere

500 3966 816 4036 gauderent.
857 3966 1220 4034 Trahiturque
1243 3965 1457 4036 regulus
1482 3982 1640 4020 manu
1671 3967 1924 4020 ablactati
1953 3969 2105 4036 pueri

496 4039 566 4090 de
587 4051 704 4099 sua,
734 4051 840 4106 qua
869 4037 1127 4100 cubabat,
1159 4051 1411 4100 caverna,
1435 4045 1490 4091 et
1519 4037 1701 4090 blandi
1734 4037 2105 4092 columbarum

504 4107 578 4160 ibi
613 4116 925 4160 statuuntur
951 4106 1248 4175 amplexus.
1293 4107 1498 4176 Magnm
1526 4117 1651 4161 sunt
1692 4117 1839 4162 certe
1881 4119 2099 4163 sancto-

504 4192 623 4248 rum
673 4177 927 4241 virtutes,
974 4192 1072 4248 per
1117 4193 1252 4246 quas
1302 4193 1530 4247 corpora
1567 4189 1852 4244 sanantur,
1902 4186 1958 4232 at
1996 4195 2104 4233 non

508 4247 735 4301 minoris
780 4248 1157 4302 admirationis
1205 4264 1269 4302 ac
1307 4250 1674 4304 venerationis
1703 4249 1961 4304 :estimari
2009 4250 2099 4304 de-

501 4316 652 4388 bent,
676 4317 873 4388 quibus
903 4319 1188 4372 medentur
1208 4320 1422 4373 animae.
1448 4320 1560 4374 Hac
1587 4329 1767 4374 autem
1789 4319 2102 4388 insignitum

498 4386 698 4439 virtute
727 4385 981 4439 Albinum
1027 4389 1162 4440 mira
1209 4404 1332 4441 cum
1376 4390 1581 4456 pietate
1625 4385 1970 4453 veneremur,
2007 4389 2102 4456 qui

501 4456 672 4510 noluit
709 4456 1042 4511 absinthium
1084 4457 1360 4512 saecularis
1405 4458 1725 4514 litteratura:
1777 4472 1954 4519 nosse,
2007 4457 2101 4512 Dei

498 4536 767 4594 quatenus
818 4527 1044 4581 intraret
1091 4528 1143 4581 in
1197 4529 1513 4598 potentiam.
1561 4528 1850 4583 Enimvero
1897 4528 2100 4598 Sprevit

497 4592 754 4670 inundum
785 4599 836 4652 in
881 4599 1115 4670 maligno
1142 4592 1399 4668 positum,
1430 4592 1590 4655 altior
1613 4608 1670 4653 ut
1700 4600 1898 4655 mundo
1925 4592 2099 4654 l'actus

489 4667 807 4740 jungeretur
849 4670 944 4732 illi,
974 4667 1240 4724 eicelsior
1281 4673 1370 4739 qui
1403 4681 1486 4726 est
1523 4671 1676 4726 cwlis
1706 4671 1900 4725 lactus.
1929 4670 2098 4740 Lege-

498 4747 584 4791 r.tt
634 4739 687 4808 in
731 4737 1003 4805 Apostolo,
1055 4741 1181 4807 quia
1227 4737 1507 4808 prudentia
1553 4742 1728 4793 carnis
1769 4741 1984 4793 inimica
2013 4737 2094 4794 'mt

499 4807 642 4861 Deo:
673 4807 771 4876 legi
810 4810 945 4879 enim
998 4808 1093 4879 Dei
1142 4807 1244 4861 non
1285 4819 1357 4861 est
1399 4810 1631 4878 subjecta
1661 4815 1837 4877 (Nam.
1868 4825 1987 4870 vm,
2014 4810 2090 4879 7),

497 4893 659 4946 quam
688 4878 838 4946 sequi
867 4877 910 4931 si
953 4878 1113 4931 vellet
1142 4879 1352 4931 illorum
1381 4877 1620 4932 omnium
1647 4877 2095 4948 generosissimus

498 4948 726 5002 Albinus
764 4963 861 5016 pro
891 4948 1086 5001 talibus
1123 4949 1268 5003 ausis
1297 4965 1402 5003 non
1431 4950 1519 5004 diu
1559 4949 1954 5018 procrastinata
1979 4950 2094 5003 vin-

497 5021 639 5074 dicta
690 5034 782 5073 cos
831 5019 1164 5086 percelleret.
1221 5018 1339 5073 Jam
1393 5029 1572 5074 autem
1625 5021 1862 5074 lubricos
1918 5018 2096 5073 adole-

494 5091 715 5143 scentia:
737 5089 901 5143 calles
924 5089 1085 5158 digno
1120 5106 1240 5142 eum
1270 5092 1538 5159 prazconio
1569 5091 1895 5152 transiliens,
1938 5090 2093 5159 qyasi

494 5160 572 5212 sul
598 5161 797 5232 inirmli
830 5174 956 5215 arce
983 5155 1180 5220 inedia,
1210 5155 1406 5232 magno
1439 5161 1742 5232 juventutis
1771 5160 1948 5215 calore
1969 5155 2092 5228 ligi-

497 5241 602 5310 tur.
641 5230 760 5310 iam
804 5246 1017 5310 quoque
1044 5245 1165 5284 cum
1210 5229 1388 5300 Moyse
1433 5229 1751 5310 {'Egyptiaca
1779 5232 1968 5310 doctus
2002 5245 2092 5285 sa-

495 5301 719 5368 pientia,
767 5302 920 5374 c_ujus
959 5310 1334 5374 amputaverat
1376 5301 1555 5358 crines
1583 5310 1637 5357 et
1661 5301 2096 5374 iungulas‘hmon-

499 5385 627 5436 tein,
654 5387 762 5440 quo
791 5371 932 5426 Deus
960 5372 1130 5425 videri
1177 5380 1378 5440 posset,
1406 5371 1826 5438 conscenderat;
1857 5371 2095 5425 viderat-

494 5457 600 5508 que
624 5443 828 5510 virgam
860 5444 911 5496 in
939 5443 1242 5505 colubrum,
1267 5458 1588 5512 rursumque
1611 5445 1897 5499 colubrum
1921 5443 2093 5496 cauda

499 5521 697 5565 tactum
729 5515 783 5566 in
809 5515 1011 5582 virgam
1037 5529 1273 5580 versum,
1303 5514 1666 5584 ahyssumque
1691 5521 1920 5570 noverat
1947 5513 2095 5567 invo-

568 5699 591 5725 ⁸
624 5688 761 5741 Anni
792 5688 1298 5762 766,__cpiscopalus
1342 5692 1429 5747 5i.
1458 5692 1576 5745 Vid.
1611 5709 1796 5762 poema
1825 5694 1888 5750 de
1932 5693 2086 5749 Petit.

497 5757 726 5813 Eborac.
761 5767 889 5814 tom.
926 5757 1156 5824 II,chrs:
1187 5763 1316 5818 1281
1356 5772 1407 5816 et
1443 5763 1592 5817 159.").

2193 1833 2376 1907 ibatur
2401 1833 2608 1907 habere
2633 1835 2929 1903 sanguinis,
2967 1833 3232 1890 conantur
3259 1833 3411 1905 quasi
3445 1836 3803 1894 dormientem

2213 1904 2489 1974 excitare;
2545 1904 2611 1958 ad
2659 1921 2890 1974 quorum
2939 1909 3174 1961 sonitum
3216 1904 3399 1962 oculos
3449 1907 3500 1962 in
3547 1908 3801 1964 Albinum

2213 1973 2405 2048 beatus
2433 1973 2714 2048 Elcbertus
2752 1975 2989 2046 dirigens
3013 1991 3134 2048 eum
3163 1977 3363 2031 diutius
3396 1979 3558 2048 tacite
3584 1980 3768 2048 conspi
3788 2007 3801 2018 -

2213 2044 2540 2116 citdicens:
2579 2044 2793 2113 Legite,
2834 2044 2958 2107 lilii;
3013 2056 3066 2100 ct
3120 2047 3282 2101 istum
3329 2047 3490 2103 nolite
3538 2044 3798 2116 excitare,

2213 2114 2486 2189 paululum
2516 2123 2576 2169 ut
2601 2132 2790 2189 somno
2819 2116 3099 2189 indulgens
3121 2117 3391 2174 efﬁcacius
3433 2135 3518 2174 me
3547 2130 3669 2189 post
3706 2114 3804 2174 au-

2213 2185 2330 2238 dire
2355 2193 2517 2260 queat
2549 2187 2873 2260 tradentem.
2907 2185 3023 2260 Jain
3055 2204 3181 2243 vero
3225 2190 3292 2260 ad
3338 2185 3570 2260 seipsuni
3609 2189 3806 2246 Albino

2215 2270 2453 2332 reverso,
2480 2255 2717 2332 iectione
2735 2268 2975 2332 accepta,
3001 2259 3222 2332 jubente
3249 2255 3626 2332 Patre-omnes
3648 2276 3803 2332 egre-

2212 2323 2433 2380 diuntur
2474 2325 2645 2390 foras,
2692 2323 2944 2381 Albinum
2989 2323 3160 2384 solum
3198 2331 3436 2385 retinens
3468 2323 3803 2387 secumf'Cui

2213 2394 2376 2469 Pater
2440 2397 2579 2450 idem
2627 2398 2742 2455 ait:
2789 2399 2918 2468 quid
2966 2401 3181 2454 vidisti?
3212 2415 3340 2469 rogo
3386 2416 3454 2456 ne
3506 2418 3590 2457 me
3637 2402 3800 2459 celes.

2214 2465 2412 2540 Yolens
2435 2474 2614 2540 autem
2641 2465 2861 2540 omnino
2885 2480 3152 2540 secretum
3184 2465 3383 2525 habere
3406 2473 3549 2540 quod
3571 2474 3801 2536 viderat,

2213 2536 2411 2614 timens
2434 2552 2500 2614 ne
2521 2537 2657 2614 forte
2677 2539 2936 2614 elaiionis
2958 2539 3166 2614 foveam
3197 2536 3475 2614 incideret,
3493 2543 3801 2614 respondit:

2210 2605 2485 2682 Quid?_ini
2513 2608 2728 2682 domine
2752 2609 2938 2682 Pater!
2966 2609 3046 2666 Ad
3072 2627 3232 2682 quem
3256 2605 3442 2668 rursus
3465 2605 3552 2666 vir
3577 2605 3801 2669 beatus:

2211 2676 2350 2751 i‘ioli,
2379 2677 2474 2742 ﬁli,
2502 2680 2610 2733 noli
2638 2681 2912 2735 occultare
2940 2676 3105 2749 mihi;
3123 2697 3294 2751 neque
3314 2683 3456 2736 enim
3487 2684 3804 2739 curiositate

2212 2747 2339 2801 illud
2366 2759 2481 2820 ate
2511 2752 2730 2820 requiro
2760 2768 2916 2814 vana,
2943 2753 3036 2806 sed
3072 2747 3303 2806 utilitate
3331 2763 3442 2806 tua.
3474 2753 3675 2809 Videtis
3705 2769 3803 2816 au-

2211 2819 2664 2893 temAAlbinus’se
2689 2823 2864 2877 celare
2898 2839 3002 2876 non
3035 2837 3210 2893 posse,
3242 2822 3518 2877 humiliter
3539 2824 3800 2893 quemad-

2211 2889 2428 2943 modum
2474 2893 2731 2944 mundum
2772 2908 2984 2946 omnem
3033 2889 3276 2957 viderat,
3327 2889 3604 2950 indicavit.
3646 2894 3800 2950 Tunc

2211 2957 2372 3035 Pater
2405 2959 2545 3014 idem
2573 2961 2708 3015 dixit
2757 2963 2856 3017 sibi
2883 2981 2913 3035 _:_
2940 2962 3090 3030 Vide,
3121 2964 3200 3035 ﬁli
3223 2963 3312 3026 mi,
3343 2965 3482 3030 vide,
3513 2981 3581 3020 ne
3601 2973 3801 3035 praeter

2211 3029 2322 3091 uni,
2342 3045 2502 3098 quem
2525 3040 2646 3100 post
2669 3048 2845 3088 meum
2865 3029 3159 3088 discessum
3182 3029 3552 3090 ﬁdelissimum
3576 3029 3803 3090 habebis

2210 3114 2373 3173 super
2390 3110 2483 3173 tua
2509 3116 2756 3170 persona,
2791 3105 2893 3158 hoc
2918 3105 3120 3159 iudices
3144 3105 3360 3159 vidisse.
3395 3105 3498 3173 Ipsi
3525 3107 3689 3160 etiam
3715 3105 3800 3160 in-

2213 3171 2483 3242 ter-dicito,
2515 3181 2575 3225 ut
2601 3189 2770 3242 usque
2796 3175 2863 3227 ad
2889 3183 3037 3227 tuum
3061 3175 3266 3226 obitum
3291 3171 3559 3229 secretum
3584 3177 3798 3231 habeat.

2209 3238 2376 3308 Cujus
2403 3242 2490 3317 ilie
2513 3238 2893 3317 obtemperans
2917 3244 3156 3317 consiliis
3179 3243 3382 3317 Sigull‘o
3405 3254 3612 3317 tantum
3637 3263 3801 3317 super

2211 3325 2268 3364 se
2305 3326 2400 3366 sua
2429 3312 2702 3386 iudicavit
2731 3315 2800 3386 in
2837 3316 2964 3386 vita.
2998 3315 3098 3381 Qui
3137 3312 3299 3386 igitur
3340 3315 3482 3372 scire
3527 3312 3802 3372 desiderat

2209 3382 2478 3457 quomodo
2511 3398 2614 3457 una
2661 3385 2775 3457 sub
2806 3384 3051 3457 clausura
3089 3382 3258 3440 totum
3297 3386 3554 3441 mundum
3588 3387 3800 3457 conspi-

2211 3466 2334 3526 cere
2356 3453 2609 3526 quiverit,
2629 3454 2694 3508 ad
2719 3453 3060 3526 Dialogorum
3086 3457 3256 3512 sancti
3283 3457 3528 3526 Gregorii
3553 3453 3801 3526 recurrat

2209 3521 2406 3576 librum
2436 3522 2550 3592 (lib.
2585 3540 2643 3588 ll,
2686 3542 2805 3596 cap.
2835 3521 2947 3650 ὅδὲ.
2978 3527 3194 3582 [nterim
3239 3521 3419 3582 tamen
3464 3525 3696 3591 noverit,
3745 3528 3800 3582 in

2211 3592 2416 3647 visione
2445 3596 2627 3649 mundi
2674 3612 2779 3650 non
2819 3613 2903 3650 cce
2928 3613 3015 3650 um
3047 3606 3100 3650 et
3131 3606 3331 3650 terram
3374 3595 3542 3650 fuisse
3585 3605 3800 3650 contra-

2211 3592 2416 3647 visione
2445 3596 2627 3649 mundi
2674 3592 2779 3650 non
2819 3592 3015 3652 ccelum
3047 3606 3100 3652 et
3131 3606 3331 3651 terram
3374 3595 3542 3651 fuisse
3585 3605 3801 3652 eontra-

2209 3671 2377 3723 ctum,
2405 3664 2504 3736 sed
2529 3665 2760 3720 videntis
2782 3669 3021 3721 animum
3040 3667 3346 3730 dilatatum,
3375 3667 3464 3736 qui
3495 3666 3549 3721 in
3572 3667 3801 3723 Domino

2211 3742 2398 3806 raptus
2415 3735 2607 3806 videre
2634 3737 2750 3790 sine
2778 3737 3089 3792 difﬁcultate
3113 3737 3287 3806 potuit
3312 3735 3471 3791 omne
3494 3739 3638 3806 quod
3657 3738 3797 3794 infra

2211 3804 2377 3876 Deum
2407 3804 2525 3858 fuit.
2555 3805 2826 3876 Fortassis
2853 3807 3016 3861 etiam
3043 3804 3247 3876 quieret
3283 3807 3478 3876 aliquis
3504 3804 3800 3864 studiosius

2209 3874 2436 3950 c_ur_ha_c
2471 3875 2806 3950 subligura,
2827 3892 2990 3950 curve
3017 3874 3406 3950 circumdatum
3437 3880 3698 3950 sanguine
3718 3880 3800 3934 vi-

2209 3943 2366 4018 derit.
2394 3943 2622 4018 Noverit,
2640 3946 2729 4000 ille
2750 3946 2951 4003 Christi
2979 3949 3236 4018 sanguine
3268 3958 3438 4004 totum
3475 3943 3676 4006 sancta:
3698 3950 3800 4005 Ec-

2208 4012 2386 4068 clesia:
2412 4014 2552 4068 ovile
2578 4017 2991 4090 circumdatum,
3021 4012 3104 4074 ita
3116 4028 3220 4074 uta
3242 4020 3370 4075 solis
3396 4030 3518 4076 ortu
3539 4036 3708 4090 usque
3730 4020 3800 4076 ad

2207 4097 2460 4139 occasum
2509 4087 2777 4162 redempti
2806 4090 2880 4162 de
2909 4106 3070 4162 manu
3097 4091 3319 4162 inimici
3364 4090 3480 4160 ejus
3524 4087 3795 4162 passione.

2206 4169 2328 4230 quge
2375 4164 2504 4211 tunc
2551 4157 2666 4230 sine
2692 4157 2854 4214 dubio
2899 4161 3175 4216 ardentius
3199 4157 3801 4230 Albini'supersidebat

2207 4226 2469 4300 animum,
2503 4229 2791 4300 eum_hanc
2823 4238 2946 4300 ante
2985 4232 3300 4300 magistrum
3344 4226 3567 4300 legeret,
3616 4231 3798 4286 dicere

2206 4297 2455 4370 possint:
2499 4294 2832 4370 Canﬁtemjm‘
2872 4294 3128 4370 Domino,
3157 4294 3422 4370 quoniam'
3441 4302 3638 4366 bonus,
3683 4307 3789 4356 etc.

2205 4364 2397 4419 Omnis
2424 4381 2554 4438 ergo
2596 4367 2829 4423 mundus
2872 4369 3131 4438 sanguine
3169 4364 3380 4424 Christi
3428 4364 3796 4427 circumdatus

2207 4449 2315 4488 una
2361 4437 2461 4490 sub
2493 4436 2739 4513 clausura
2762 4436 3048 4513 cernitur,
3068 4440 3284 4513 quando
3311 4441 3514 4508 omnia,
3539 4456 3798 4513 quacun-

2129 4499 2180 4559 D
2207 4517 2323 4583 quo
2342 4521 2371 4559 a
2403 4508 2608 4583 sanctis
2631 4508 2879 4583 Patribus
2916 4499 3270 4583 signiﬁ'cative
3297 4520 3422 4567 sunt
3447 4499 3618 4583 gesta,
3645 4521 3701 4568 et
3725 4511 3796 4567 ab

2209 4576 2363 4631 initio
2390 4578 2834 4664 niundi'scripta,
2862 4576 3002 4664 sola".
3025 4583 3221 4664 Christi
3251 4576 3524 4664 passione
3545 4576 3795 4664 reseran-

2205 4657 2310 4712 tur,
2345 4649 2437 4719 qui
2468 4658 2551 4703 est
2584 4649 2692 4706 Leo
2715 4651 2779 4705 de
2807 4654 2948 4706 tribu
2975 4651 3131 4716 Juda,
3173 4649 3324 4707 radix
3359 4654 3545 4708 David.
3577 4653 3672 4708 Sin
3697 4666 3794 4705 au-

2204 4726 2310 4772 tem
2342 4735 2438 4791 per
2465 4720 2771 4791 clausuram
2803 4732 3048 4791 gyratam
3068 4765 3080 4784 ,
3118 4724 3283 4778 vitam
3329 4724 3629 4779 carnalium
3668 4735 3792 4791 suo-

2200 4803 2318 4862 rum
2346 4790 2630 4862 criminum
2663 4790 3046 4846 circuindatam
3085 4795 3342 4862 sanguine
3367 4796 3495 4849 velit
3535 4790 3786 4859 intelligi,

2199 4859 2323 4925 quia
2349 4860 2419 4913 ob
2446 4860 2546 4912 hoc
2579 4861 2648 4913 sit
2678 4862 2726 4913 ei
2772 4870 3009 4926 ostensa,
3043 4871 3100 4916 ut
3125 4859 3286 4919 ab'eo
3311 4866 3514 4922 calcata
3541 4869 3789 4919 contem-

2198 4936 2439 4994 neretur,
2466 4929 2686 4999 proprio
2716 4931 3056 5001 relinquatur
3077 4934 3303 5005 judicio.

2829 5040 3056 5099 CAPUT
3097 5045 3161 5098 ν.

2313 5129 2566 5184 Alcuinus
2589 5131 2742 5186 levita
2772 5133 3071 5188 ordinatur.
3106 5131 3486 5188 In-Franciam
3516 5134 3666 5188 venit.

2270 5229 2358 5282 XI.
2385 5229 2513 5283 Post
2539 5231 2652 5286 hzec
2686 5232 2751 5286 de
2781 5234 2981 5286 virtute
3018 5234 3070 5287 in
3093 5232 3352 5286 virtutem
3396 5248 3744 5288 succreseens
3767 5276 3780 5296 .

2197 5300 2283 5353 die
2309 5299 2707 5356 Puriﬁcationis
2735 5313 2935 5358 sancta:
2961 5303 3140 5357 Mariae
3167 5303 3324 5357 levita
3347 5313 3623 5358 sacratur:
3658 5320 3780 5359 nam

2197 5368 2395 5444 dudum
2425 5373 2609 5444 eadem
2644 5374 2728 5426 die
2761 5389 2969 5427 comam
3001 5374 3192 5441 capitis
3221 5374 3495 5428 amiserat.
3539 5375 3782 5444 Cumque

2191 5439 2303 5509 jam
2331 5442 2546 5515 beatum
2559 5443 2876 5515 _Elcbertum
2889 5439 3109 5515 patrem
3135 5459 3287 5496 suum
3313 5444 3623 5501 infirmitate
3644 5439 3780 5515 prae;

2198 5512 2445 5566 nuntiata
2493 5513 2720 5568 celerius
2762 5514 2830 5568 ad
2875 5513 3144 5567 Christum
3181 5516 3411 5570 transire
3445 5512 3661 5582 nosset,
3687 5512 3775 5582 qui
3803 5534 3815 5544 ο

2232 5692 2294 5770 ἰ·
2331 5690 2702 5746 llenschcnius
2747 5693 2847 5763 legi
2878 5709 3032 5765 posse
3075 5696 3239 5754 credit
3271 5717 3282 5752 ;
3328 5698 3436 5755 Sub
3479 5710 3580 5751 uno
3617 5705 3782 5764 ινατω

2201 5780 2299 5816 m'c
2327 5771 2470 5817 curto
2505 5779 2777 5832 equarum.
