4206 6236
576 256 643 309 99
1230 297 1237 305 .
1762 251 1820 305 B.
1860 250 1920 304 Ρ.
1962 250 2185 304 ALBINI
2224 249 2354 305 SEU
2393 249 2666 304 ALCUNI

572 366 706 419 velle
738 380 793 418 se
817 364 861 417 si

574 435 845 503 postulans
869 431 1146 487 licentiam
1167 450 1194 485 a
1219 435 1305 486 ιιιά
1331 442 1575 486 sanctum
1602 431 1930 485 Bouil‘acium
1961 449 2145 486 mona-

574 506 760 554 sticam
803 505 968 554 vitam
1023 450 1314 554 secundum
1357 502 1594 554 recolam
1648 502 1817 554 sancti
1872 500 2145 554 Benedicti

573 500 760 559 sticam
803 505 968 556 vitam
1023 500 1314 555 secundum
1357 502 1594 569 regulam
1648 502 1817 555 sancti
1872 500 2146 554 Benedicti

572 576 785 635 ducere,
826 574 1257 639 monasteriaque
1288 572 1388 625 sibi
1419 572 1705 625 commissa
1752 585 1876 623 suos
1920 580 1977 623 ut
2009 572 2149 623 inter

570 644 862 709 discipulos
882 642 1158 701 divideret,
1194 643 1235 694 si
1264 640 1376 693 fieri
1403 648 1602 708 posset.
1637 640 1739 694 Sed
1770 655 1861 693 rex
1889 641 2147 693 terribilis

482 715 492 731 ’
571 721 625 765 et
656 728 773 780 pius
814 727 977 764 unum
1006 726 1124 763 cum
1164 711 1310 763 omni
1346 710 1717 780 postulationis
1760 710 1960 780 affectu
1986 710 2149 780 dene-

570 778 750 849 gavit:
782 780 1008 833 alterum
1035 780 1264 833 libenter
1300 779 1532 849 audivit,
1554 778 1836 849 ﬂagitans,
1874 778 2147 849 quietissi-

572 847 693 903 inus
721 850 951 904 Turonis
988 860 1148 918 atque
1194 847 1729 902 honorificentissime
1758 856 1817 918 ut
1856 848 2141 918 resideret,

571 921 778 988 sibique
807 930 861 974 et.
896 921 1040 973 omni
1063 914 1281 971 sanctae
1308 918 1547 970 ecclesiae
1591 917 1891 971 commissre
1935 914 2145 1036 “curam

572 989 903 1036 imnenderel
932 1004 1038 1036 non
1064 989 1422 1036 detrectaret:
1451 1003 1613 1036 onera
1647 1000 1772 1036 vero
1804 1001 1941 1036 sascu
1970 986 2003 1036 i.
2029 1001 2145 1036 una:

572 986 903 1066 impendere]
932 1004 1038 1043 non
1064 989 1386 1066 detrectaret
1409 1002 1422 1038 :
1451 1003 1613 1066 onera
1647 1000 1772 1039 vero
1796 986 2003 1066 surculi,
2029 1001 2148 1066 qua:

572 1056 685 1124 ipse
720 1056 1011 1121 habuerat,
1054 1057 1355 1125 discipulis,
1404 1066 1459 1108 ut
1494 1057 1750 1123 petierat,
1795 1056 2148 1109 libentissime

569 1127 857 1196 dispertiit.
900 1129 1051 1182 Fecit
1082 1124 1209 1197 ergo
1234 1135 1287 1179 et
1312 1127 1425 1194 ipse
1456 1125 1680 1197 Albinus
1708 1133 1767 1197 ut
1795 1139 1887 1197 rex
1931 1124 2145 1197 sapien-

572 1193 809 1251 tissimus
826 1206 1120 1267 rogaverat,
1143 1193 1249 1267 ᾖσι]
1272 1209 1521 1267 quaerens
1540 1195 1683 1262 quod
1708 1193 1971 1267 sibiforet
1994 1196 2144 1258 utile,

569 1268 665 1319 sed
690 1268 831 1335 quod
864 1263 1042 1321 inultis
1066 1284 1079 1329 ;
1111 1282 1173 1318 ac
1202 1265 1432 1335 Turonis
1460 1265 1599 1317 diem
1629 1263 1979 1335 novissimum
2006 1278 2145 1335 prie-

570 1332 796 1391 stolatus
824 1335 942 1389 fuit.
981 1338 1101 1391 Vita
1126 1336 1352 1403 denique
1377 1332 1490 1401 ejus
1517 1348 1620 1386 non
1664 1333 1975 1387 monasticre
2014 1332 2149 1388 infe-

574 1406 683 1460 rior
708 1405 827 1459 fuit.
861 1405 992 1459 Nam
1017 1404 1191 1473 qualis
1225 1408 1275 1456 in
1313 1403 1559 1456 I’atribus
1584 1404 1830 1473 superius
1851 1404 2148 1473 nominatis

572 1485 945 1545 praecesserat,
976 1471 1177 1528 talis.et
1213 1474 1265 1526 in
1303 1474 1391 1526 illo
1419 1474 1680 1545 durabat;
1715 1471 2008 1545 in‘jejuniis
2041 1474 2147 1545 sci-

574 1541 727 1607 licet,
762 1546 816 1598 in
851 1546 1212 1605 orationibus,
1262 1545 1315 1595 in
1366 1543 1546 1596 carnis
1597 1541 2045 1607 inortiﬂeatione,
2094 1542 2147 1595 in

572 1615 943 1684 clecmosynis,
974 1615 1028 1667 in
1055 1614 1461 1684 psalmorumet
1488 1612 1775 1684 missarum
1816 1612 1985 1684 multa
2008 1612 2149 1666 cele-

573 1680 835 1747 bratione,
874 1694 928 1737 et
956 1685 1006 1736 in
1034 1684 1155 1735 aliis
1196 1682 1496 1742 virtutibus,
1546 1680 1740 1749 quibus
1766 1681 2021 1747 possibile
2064 1690 2147 1735 est

572 1754 859 1806 humanam
883 1753 1061 1806 ornari
1084 1760 1349 1805 naturam.
1375 1750 1575 1803 Praeter
1595 1750 1737 1803 enim
1765 1750 1877 1804 dies
1908 1766 2149 1804 resurre—

572 1824 770 1876 ctionis
812 1831 865 1876 et
894 1821 1219 1885 festivitatis,
1245 1819 1505 1887 jejunium
1538 1820 1839 1889 protelabat
1881 1821 1932 1873 in
1963 1834 2149 1889 vespe—

575 1908 714 1956 rum,
744 1907 969 1960 parcens
998 1893 1137 1952 cibo,
1175 1908 1281 1960 quo
1320 1889 1550 1956 amplius
1580 1888 1975 1960 delectabatur;
2018 1888 2150 1958 quo-

572 1961 713 2015 circa
743 1958 941 2016 tantam
968 1958 1262 2029 saepissime
1287 1960 1367 2013 ori
1392 1973 1489 2011 suo
1514 1958 1724 2011 cmlitus
1748 1960 1924 2010 datam
1952 1961 2151 2027 gaude-

573 2032 665 2085 hat
693 2032 891 2086 habere
926 2032 1256 2086 dulcedinem
1277 2070 1290 2093 ,
1341 2037 1621 2097 quantam
1649 2029 1833 2096 nequit
1884 2030 2149 2082 humanus

574 2116 752 2155 sermo
778 2101 897 2154 fari.
928 2101 1078 2155 Tunc
1103 2114 1233 2153 vero
1259 2098 1515 2166 quidquid
1542 2096 1774 2159 volebat,
1825 2098 2005 2151 labore
2033 2098 2149 2152 sine

574 2171 682 2223 ullo
710 2170 1044 2224 velocissime
1071 2169 1274 2222 dictare
1297 2169 1483 2235 quibat
1509 2184 1519 2218 :
1552 2166 1623 2217 ita
1651 2176 1709 2217 ut
1731 2167 1909 2218 dicere
1932 2177 2143 2234 posset:

573 2239 778 2299 Dilexi,
820 2240 1062 2297 Domine.
1093 2239 1341 2291 mandata
1386 2247 1475 2288 tua
1510 2252 1665 2305 super
1700 2252 1887 2287 aurum
1925 2247 1971 2287 et
2002 2247 2150 2305 (opu,-

575 2310 711 2361 ziou.
734 2307 903 2372 Quam
923 2308 1097 2360 dulcia
1121 2308 1356 2373 faucibus
1378 2306 1503 2358 meis
1519 2304 1721 2373 eloquia
1740 2306 1862 2373 tua!
1883 2304 2149 2373 superine!

571 2388 618 2430 et
646 2379 817 2446 [arum
841 2379 917 2430 ori
943 2394 1054 2431 mea
1075 2372 1246 2446 (Paul.
1269 2390 1456 2438 cxvm,
1481 2374 1623 2443 127).
1644 2374 1743 2439 Qui
1766 2372 1979 2441 juvenis
2004 2374 2152 2427 Psal-

576 2462 781 2500 morum
805 2447 1218 2501 modulationem
1238 2454 1501 2499 secretam
1519 2459 1622 2494 non
1644 2452 1872 2505 tantum,
1890 2455 2150 2511 quantum

573 2517 733 2569 aliam
772 2516 1055 2570 lectionem
1083 2522 1373 2574 amaverat,
1404 2510 1688 2577 modojam
1730 2528 1891 2565 senex
1912 2510 2151 2566 "nullate-

575 2601 675 2639 nus
707 2599 894 2638 eorum
926 2584 1301 2638 deeantatione
1325 2582 1553 2635 saturari
1582 2591 1805 2649 poterat.
1843 2582 2151 2637 S:-cretissi—

574 2669 717 2707 mam
744 2654 1043 2708 orationem
1079 2668 1290 2720 semper
1315 2654 1366 2705 in
1394 2652 1496 2712 die,
1526 2652 1664 2704 sicut
1690 2651 1946 2723 supraide
1984 2653 2151 2723 magi-

574 2734 686 2777 stro
720 2723 836 2791 ejus
879 2732 1119 2777 taxatum
1164 2732 1273 2785 est,
1304 2737 1423 2775 cum
1458 2736 1709 2773 manuum
1740 2722 1945 2773 diutina
1975 2722 2152 2778 crucis

573 2796 908 2855 extensione,
934 2795 1119 2847 eodem
1151 2793 1305 2845 modo
1332 2791 1512 2845 multis
1542 2806 1666 2860 cum
1688 2792 1976 2859 gemitibus
2004 2794 2150 2860 (nam

571 2864 840 2932 lacrymas
884 2876 1105 2931 perraro
1153 2861 1351 2915 habere
1378 2861 1608 2932 poterat)
1638 2859 1903 2932 fundebat
1921 2877 1947 2932 ξ
1961 2929 1969 2932 _
1993 2859 2153 2932 disci-

574 2928 713 3000 pulis
735 2928 981 2986 similiter
999 2932 1263 2995 tradebat,
1280 2928 1891 3000 quoruinnobilissimus
1917 2928 2153 3000 Sigulfus

574 2998 694 3055 erat
718 3002 960 3068 Vetulus,
986 3002 1462 3068 magnanimusque
1488 2998 1725 3062 Withso;
1752 3007 1874 3065 post
1902 3000 1997 3052 hos
2022 2999 2153 3055 Fre-

575 3046 791 3140 dcgisus
818 3046 1008 3138 et‘ejits
1034 3046 1184 3124 sd’cii.
1209 3068 1279 3122 At
1305 3046 1544 3140 tempore
1562 3070 1671 3135 jam
1697 3046 1883 3123 ιῖιῖἱιῐιο
1914 3046 2152 3124 hzcrebat
2180 3046 2226 3110 Ο

576 3140 624 3192 ei
651 3137 870 3207 assiduo
898 3137 1266 3207 llaganardus,
1304 3137 1703 3202 \Valdramnus,
1736 3139 1827 3206 qui
1858 3139 2033 3192 adhuc
2059 3156 2138 3194 su-

585 3220 802 3279 persunt
828 3228 841 3263 :
873 3211 1194 3264 Adclbertus
1223 3223 1433 3277 quoque
1468 3210 1635 3261 beatae
1662 3210 1955 3269 memoriaa,
1987 3223 2156 3276 quau-

579 3289 957 3349 tumﬂpoterat,
976 3279 1174 3349 ‘Sigulli
1204 3290 1329 3331 tunc
1359 3279 1513 3337 Illius,
1545 3287 1666 3345 post
1696 3286 1874 3349 autem
1896 3293 2156 3349 veneran-

578 3349 680 3401 dus
705 3348 882 3412 Pater,
904 3360 963 3403 et
987 3347 1141 3401 multi
1173 3350 1281 3409 alii,
1311 3361 1535 3412 quorum
1564 3348 1803 3400 omnium
1831 3347 2035 3401 utinam
2061 3365 2158 3402 no-

582 3419 718 3470 verit
742 3419 990 3471 Christus
1034 3418 1271 3471 nomina.
1310 3416 1371 3469 lli
1413 3417 1710 3487 veroiomni
1745 3432 1803 3470 se
1826 3416 2157 3487 circumspe—

580 3486 757 3540 ctione
782 3489 1137 3555 prazvidentes
1164 3488 1447 3540 studebant
1477 3486 1705 3539 sollicite
1731 3501 1794 3539 ne
1818 3488 1945 3553 quid
1970 3486 2154 3541 coram

580 3571 645 3608 eo
675 3557 1103 3628 reprehensionis
1125 3564 1363 3628 agerent,
1391 3555 1659 3609 multotics
1685 3557 1846 3628 etiam
1874 3567 1927 3609 et
1953 3558 2157 3627 absque

579 3641 663 3695 eo.
690 3625 959 3681 Noverant
985 3629 1126 3681 enim
1150 3625 1271 3679 eum
1292 3627 1529 3695 vinctum
1556 3640 1674 3678 esse
1700 3625 1829 3687 Deo,
1858 3625 2159 3695 spirituque

579 3694 697 3762 ejus
720 3696 1074 3759 illustratum;
1106 3696 1233 3749 licet
1258 3694 1624 3762 corporalibus
1649 3695 1837 3757 oculis,
1881 3694 2157 3750 senectute

580 3760 743 3833 atque
768 3767 1080 3819 infirmitate
1120 3766 1422 3824 resistente,
1442 3760 1554 3829 jam
1594 3763 1736 3817 dare
1766 3765 1946 3817 videre
1970 3766 2159 3834 nequi-

582 3842 702 3887 ret:
750 3843 805 3888 et
848 3835 967 3889 ideo
1015 3835 1275 3888 timebant
1319 3843 1471 3887 actus
1516 3848 1641 3887 suos
1681 3849 1805 3888 eum
1852 3834 2019 3889 latere
2050 3852 2157 3890 [.OII

620 3919 758 3959 0559.

806 3972 1005 4041 Spiritu
1034 3974 1295 4041 siquidem
1326 3972 1560 4040 repletus
1600 3974 1897 4040 prophetia:
1929 3975 2153 4041 quibus-

582 4044 702 4096 dam
746 4060 865 4111 quze
918 4044 997 4098 eis
1044 4051 1225 4097 essent
1270 4050 1495 4095 ventura
1541 4044 1810 4111 praedixit,
1846 4044 2003 4097 sicuti
2034 4046 2160 4099 fecit

586 4112 901 4181 Itaganardo
969 4114 1036 4167 de
1103 4111 1288 4167 Osulfo
1337 4124 1384 4163 δ.
1430 4112 1562 4167 Nam
1622 4112 1761 4166 idem
1812 4112 2160 4182 Raganardus

584 4183 867 4249 quamdam
899 4184 1205 4237 horribilem
1231 4182 1408 4250 sopori
1440 4182 1650 4235 deditus
1668 4183 1854 4237 videns
1876 4185 2157 4250 visionem,

586 4265 745 4318 quam
798 4250 995 4304 bonum
1044 4262 1126 4304 est
1182 4252 1355 4311 silere,
1391 4252 1562 4304 eidem
1607 4251 1753 4303 Patri
1802 4255 2047 4319 sequenti
2075 4254 2162 4307 die

585 4334 708 4391 cum
731 4332 927 4387 pavore
954 4321 1131 4373 retulit
1160 4322 1371 4385 timens,
1415 4335 1480 4373 ne
1502 4320 1567 4373 de
1590 4333 1647 4373 se
1672 4330 1939 4391 ageretur.
1957 4322 2025 4376 At
2048 4323 2161 4391 ipse

3720 245 3821 301 100

936 363 1134 417 iﬂcavit
1170 365 1278 431 regi
1303 362 1512 424 Carolo,
1541 362 1792 416 saeculum
1823 363 2142 431 relinquere,
2181 373 2221 427 Α
2253 363 2410 415 tasti?
2448 361 2580 413 Nam
2616 377 2714 430 ego
2744 363 3086 417 considerans
3126 370 3175 413 te
3225 358 3358 431 velle
3408 360 3509 431 hoc
3547 374 3726 431 agere,
3768 363 3823 415 in

2250 432 2431 495 domo,
2462 432 2513 483 in
2538 428 2907 498 qua'doraio,
2965 439 3015 482 te
3044 444 3255 497 quoque
3299 428 3531 483 dormire
3549 428 3685 495 jussi
3719 446 3730 482 :
3769 440 3825 483 tu

2250 516 2378 551 vero
2425 501 2627 561 statim,
2662 508 2717 551 ut
2747 515 2776 552 0
2822 514 2932 551 :nes
2984 499 3219 552 dormire
3259 513 3502 560 noveras,
3548 499 3824 552 candelam

2250 568 2478 621 latenter
2505 570 2770 621 accenden
2832 571 2883 621 in
2916 567 3119 619 laterna
3151 568 3379 626 celabas,
3428 582 3491 620 ac
3534 569 3599 620 ad
3648 567 3826 621 locum

2252 638 2400 690 illum
2448 653 2673 707 pergens
2723 647 2830 689 tota
2884 646 3039 689 nocte
3085 636 3365 704 vigilabas.
3403 656 3420 687 ι
3457 636 3537 707 Et_
3566 637 3829 707 quidquid

2248 705 2462 760 occulte
2489 705 2564 758 ibi
2591 707 2839 767 faciebat,
2874 715 3099 759 noverat
3142 707 3283 775 quod
3325 706 3470 759 solus
3512 705 3671 767 Deus,
3714 705 3826 776 ipse

2247 778 2295 830 ei
2347 776 2619 836 indicavit,
2652 776 2852 829 addens
2884 794 2895 827 :
2928 792 2945 824 ι
2981 776 3203 839 Quando
3250 791 3456 829 mecum
3500 790 3712 843 quoque
3759 778 3827 830 ad

2248 846 2557 898 mandatum
2587 847 2870 913 pergebzis,
2913 853 2965 897 et
3011 854 3059 898 te
3100 844 3279 898 vinum
3325 845 3505 898 bibere
3548 844 3824 910 juhebam,

2248 924 2365 967 arte
2394 914 2717 967 calidissima
2746 913 3005 967 dicebas:
3052 914 3182 977 bibi,
3228 914 3440 968 domine
3490 913 3665 977 Pater,
3710 930 3830 968 meo

2248 1000 2369 1038 cum
2397 983 2659 1037 avunculo
2685 982 3028 1037 sufficienter.
3054 983 3186 1037 Cum
3214 992 3390 1037 autem
3415 984 3479 1035 ad
3509 993 3659 1036 tuum
3681 985 3831 1037 veni-

2248 1070 2337 1108 res
2365 1053 2705 1111 avunculum,
2737 1062 2792 1106 et
2814 1054 2928 1121 ipse
2954 1068 3166 1121 quoque
3196 1054 3297 1107 hoc
3320 1062 3371 1106 te
3394 1054 3628 1121 juberet,
3648 1055 3831 1107 aiebas

2248 1138 2461 1178 meeum
2489 1132 2541 1176 te
2566 1123 2785 1176 bibisse.
2811 1123 3035 1176 Voluisti
3066 1138 3164 1175 nos
3190 1123 3463 1186 deludere,
3494 1130 3549 1176 et
3576 1124 3832 1192 deceptus

2247 1208 2326 1245 es.
2358 1194 2499 1247 Cave
2520 1208 2647 1260 ergo
2674 1193 2795 1255 ista,
2828 1200 3109 1261 postquam
3137 1192 3439 1246 surrexeris
3469 1192 3533 1245 de
3561 1192 3731 1257 febre,
3758 1208 3828 1247 ne

2250 1263 2354 1315 tale
2384 1262 2582 1331 aliquid
2606 1263 2894 1315 indiscrete
2923 1277 3158 1330 unquam
3184 1262 3395 1315 coneris
3415 1276 3592 1330 agerc.
3627 1281 3646 1313 ι

2319 1332 2455 1385 XVI.
2476 1330 2737 1385 ’Audiens
2770 1332 2932 1400 igitur
2965 1333 3064 1384 ista
3102 1330 3455 1399 Raganardus
3491 1332 3557 1383 ab
3594 1331 3709 1397 ipso
3738 1332 3831 1399 qui

2248 1403 2542 1455 vocabatur
2557 1400 2797 1464 Vetulus,
2819 1401 3033 1455 erubuit
3056 1400 3387 1469 multumque
3402 1400 3636 1468 expavit,
3655 1401 3834 1454 sciens

2249 1487 2308 1526 se
2329 1471 2744 1538 deprehensum,
2774 1486 2977 1539 suaque
2999 1470 3206 1523 occulta
3238 1470 3405 1523 latere
3437 1470 3685 1522 Albinum
3724 1485 3832 1523 non

2248 1556 2425 1609 posse,
2456 1548 2510 1593 et
2540 1540 2812 1593 admirans
2846 1538 3058 1594 dicebat
3091 1558 3103 1591 :
3137 1539 3416 1605 Quomodo
3456 1538 3633 1607 palam
3686 1539 3831 1593 istud

2250 1609 2448 1664 factum
2478 1610 2593 1662 est?
2620 1610 2872 1663 Testatur
2900 1610 3163 1676 hodieque
3198 1610 3308 1676 ipse
3334 1624 3515 1662 coram
3548 1610 3676 1672 Deo,
3702 1608 3828 1661 nul-

2182 1711 2222 1769 Β
2255 1681 2363 1769 lum
2394 1679 2707 1769 cognovisse
2748 1680 3027 1769 Iholni'ucm
3048 1678 3830 1769 ‘lurcuanteahomineneve;

2254 1750 2416 1813 lante,
2441 1758 2639 1816 praeter
2682 1749 2854 1803 solum
2900 1749 3088 1803 Deum.
3135 1748 3408 1802 Pmnitens
3434 1749 3665 1816 denique
3688 1748 3833 1816 quod

2252 1830 2437 1899 egerat
2459 1820 2639 1899 stulte,
2663 1834 2937 1899 per_omnc
2960 1829 3078 1899 post
3109 1830 3319 1899 tempus
3342 1817 3462 1897 vitae
3499 1817 3679 1871 Albini
3702 1816 3837 1871 nihil

2254 1889 2359 1942 tale
2385 1892 2501 1942 s'ne
2522 1889 2664 1941 illius
2692 1889 2802 1956 egit
2827 1889 3055 1941 eonsilio
3080 1896 3241 1957 atque
3263 1889 3505 1956 imperio.

2846 2016 3071 2072 CAPUT
3118 2016 3206 2070 IX.

2331 2125 2593 2177 Benedicti
2619 2126 2932 2177 Ananiensis
2961 2126 3162 2179 abbatis
3198 2126 3473 2178 adventum
3507 2125 3763 2195 pra-dicit.

2322 2232 2481 2287 XVII.
2526 2232 2832 2302 Saepissime
2877 2234 3039 2287 etiam
3091 2234 3159 2287 ad
3197 2249 3320 2287 eum
3367 2236 3514 2289 missi
3561 2236 3841 2290 venientes

2253 2304 2394 2372 regis
2416 2303 2751 2372 aliorumque
2778 2305 3095 2375 amicorum,
3127 2320 3247 2375 cum
3276 2306 3451 2358 adhuc
3479 2306 3545 2357 ab
3575 2321 3639 2359 eo
3680 2306 3839 2375 longe

2252 2382 2463 2432 essent,
2520 2388 2706 2425 eorum
2758 2374 3083 2441 przedicebat
3144 2374 3452 2435 adventum,
3509 2374 3839 2443 causamque

2253 2444 2534 2503 adventus,
2576 2442 2703 2510 quid
2735 2458 2948 2511 quoque
2978 2442 3248 2507 aﬂ‘errent,
3279 2444 3474 2511 quidve
3512 2459 3692 2498 secum
3746 2442 3839 2498 ve-

2255 2513 2383 2583 bere
2403 2519 2723 2583 quzererent.
2754 2512 3045 2566 Audientes
3089 2520 3266 2567 autem
3298 2512 3397 2565 ista
3440 2515 3683 2583 discipuli
3711 2516 3837 2583 qui-

2255 2582 2420 2652 dam,
2452 2581 2750 2649 usquedum
2792 2584 3100 2650 probarent,
3152 2592 3481 2636 senectutem
3522 2581 3637 2652 ejus
3681 2581 3835 2650 quasi

2254 2650 2605 2719 desipientem
2648 2652 2957 2719 culpabant.
3017 2654 3110 2705 Vir
3150 2667 3363 2720 quoque
3414 2650 3620 2706 Domini
3662 2651 3836 2706 Bene-

2255 2721 2431 2774 dictus
2446 2722 2494 2773 ei
2512 2735 2619 2787 pra:
2639 2722 2888 2774 omnibus
2911 2722 3186 2776 monachis
3218 2721 3581 2775 familiaritate
3595 2721 3835 2787 junctus,

2256 2790 2468 2862 adeum
2490 2790 2660 2862 gratia
2691 2790 2900 2862 consilii
2941 2791 3129 2845 salutis
3177 2809 3286 2846 sua:
3316 2800 3371 2844 et
3415 2808 3635 2862 suorum
3693 2794 3839 2846 acci-

2255 2860 2453 2931 piendi.
2488 2860 2682 2931 sepius
2712 2860 3007 2931 Gotliimde
3033 2862 3275 2931 partibus
3316 2860 3658 2931 properabat.
3695 2863 3840 2927 Qua-

2256 2928 2379 2981 dam
2425 2944 2554 2983 vero
2609 2930 2726 2983 vice
2766 2930 2934 2982 voluit
2985 2928 3166 2985 taliter
3204 2928 3433 2993 venire,—
3460 2947 3618 2986 nemo
3647 2943 3703 2985 ut
3737 2934 3841 2986 hoc

2257 3007 2569 3065 agnosceret
2608 2999 2858 3062 Turonis,
2909 3014 3185 3068 quousque
3214 3004 3277 3053 ad
3300 3002 3499 3054 ostium
3551 3002 3834 3055 assisteret

2258 3068 2666 3151 domus‘Albini.
2700 3068 2941 3136 Cumque
2962 3071 3136 3124 adhuc
3156 3070 3302 3151 haud
3318 3084 3517 3151 "prope
3549 3080 3710 3134 esset,
3743 3087 3837 3124 vo-

2256 3153 2387 3192 cans
2414 3138 2639 3191 Albinus
2665 3154 2828 3191 unum
2857 3154 3092 3199 suorum,
3119 3140 3193 3192 ait
3217 3154 3230 3192 :
3266 3158 3283 3189 ι
3316 3138 3532 3193 Festina
3553 3156 3841 3195 occurrere

2256 3207 2548 3261 Benedicto
2591 3208 2772 3261 abbati
2798 3208 2850 3260 in
2880 3208 2997 3262 loco
3036 3210 3148 3272 tali,
3178 3219 3233 3263 et
3270 3210 3353 3263 die
3384 3211 3454 3271 ei,
3490 3211 3746 3264 velociter
3772 3212 3841 3265 ad

2258 3292 2344 3330 me
2390 3279 2683 3346 perveniat.
2719 3297 2737 3327 ι
2781 3277 2931 3331 Fecit
2982 3281 3179 3332 missus
3210 3281 3383 3348 patris
3419 3280 3619 3345 Albini,
3651 3286 3710 3333 ut
3736 3280 3840 3333 sibi

2256 3359 2615 3417 praeceptumﬂ
2637 3348 2829 3408 fuerat,
2860 3350 3209 3417 pervenitque
3242 3356 3366 3416 post
3402 3350 3635 3403 triduum
3669 3350 3759 3402 ubi
3787 3351 3841 3403 ei

2257 3418 2485 3487 dixerat,
2515 3427 2569 3470 et
2592 3416 2939 3487 Benedictum
2968 3416 3199 3487 reperit,
3227 3420 3403 3487 eique,
3433 3418 3574 3487 quod
3601 3418 3842 3487 sibijus-

2258 3501 2373 3557 sum
2398 3484 2594 3550 fuerat,
2625 3486 2908 3539 nuntiavit.
2958 3484 3192 3557 Stupeus
3238 3484 3418 3543 autem
3450 3484 3619 3542 suum
3652 3484 3844 3557 depre-

2260 3555 2485 3627 hensum
2513 3565 2782 3627 conatum,
2814 3572 2935 3627 cum
2983 3555 3268 3613 velocitate
3317 3559 3561 3627 pervenit
3606 3555 3846 3614 Turonis

2258 3625 2324 3696 ad
2354 3640 2495 3678 eum.
2526 3626 2768 3696 Cumque
2789 3641 2845 3679 se
2875 3626 3192 3682 alterutrum
3234 3625 3588 3696 tripudiantes
3616 3628 3845 3683 deoscu-

2259 3694 2518 3766 larentur,
2548 3695 2665 3766 infit
2695 3697 3010 3766 Benedictus
3040 3696 3198 3751 l‘ater
3234 3694 3560 3752 reverendus
3588 3697 3845 3766 supplici-

2261 3771 2341 3817 ter
2374 3782 2385 3815 :
2427 3782 2442 3813 α
2479 3764 2702 3817 Domine
2729 3765 2907 3828 Pater,
2934 3767 3057 3833 quis
3082 3783 3261 3822 meum
3293 3769 3441 3821 vobis
3466 3764 3718 3834 praedixit
3752 3768 3846 3819 ad-

2260 3836 2523 3887 ventum?
2552 3856 2568 3885 ι
2596 3834 2890 3904 Respondit
2914 3836 2964 3889 ei
2999 3855 3011 3889 :
3051 3856 3069 3887 ‹
3106 3837 3289 3891 Nullus
3315 3838 3476 3891 homo
3498 3837 3679 3891 verbis
3708 3836 3845 3890 mihi

2262 3904 2511 3958 innotuit.
2548 3925 2565 3954 ι
2596 3905 2691 3959 Cui
2732 3905 2872 3960 idem
2908 3923 2919 3958 :
2959 3925 2977 3955 ‹
3016 3908 3147 3973 Quis
3189 3917 3336 3969 tunc,
3369 3906 3627 3961 Domine?
3671 3905 3841 3961 forsi-

2262 3984 2352 4027 tan
2404 3975 2596 4027 litteris
2638 3974 2951 4043 cujusquam
3000 3978 3258 4031 audistis?
3306 3996 3324 4027 ι
3368 3976 3437 4030 At
3477 3976 3585 4040 ille,
3629 3995 3646 4026 ι
3689 3991 3843 4043 vere.

2262 4043 2457 4111 inquit,
2509 4044 2689 4101 nullis.
2730 4064 2747 4094 ι
2780 4045 2860 4098 Ad
2912 4061 3072 4114 quem
3124 4048 3208 4101 vir
3251 4046 3392 4101 idem
3441 4061 3652 4100 rursum
3685 4064 3697 4098 :
3728 4064 3747 4095 ε
3783 4044 3845 4099 Si

2262 4128 2435 4185 neque
2478 4114 2545 4167 ab
2586 4115 2815 4168 'liomine
2845 4115 2954 4169 ullo
3005 4117 3234 4177 dicente,
3280 4132 3453 4185 neque
3508 4117 3702 4169 litteris
3748 4130 3847 4169 cu-

2257 4184 2504 4256 jusquam
2528 4186 2838 4251 praescistis,
2870 4202 3083 4254 precor,
3113 4188 3183 4239 mi
3208 4184 3389 4249 Pater,
3424 4201 3658 4256 quonam
3682 4184 3848 4256 modo

2265 4252 2391 4305 illud
2412 4260 2641 4313 noveris,
2678 4252 2889 4308 edicite'.
2929 4275 2946 4305 ι
2979 4256 3077 4309 Cui
3109 4256 3334 4310 Albinus
3365 4274 3377 4308 :
3419 4252 3583 4309 (Noli
3610 4255 3846 4323 amplius

2264 4323 2380 4393 hoc
2396 4336 2479 4375 me
2510 4324 2863 4393 interrogare.
2905 4345 2922 4375 ι
2956 4325 3088 4379 Cum
3115 4342 3242 4381 vero
3276 4325 3599 4380 venerabilis
3625 4325 3710 4378 vir
3734 4324 3841 4377 Be-

587 4389 745 4464 Pater
777 4404 969 4464 magno
995 4405 1116 4443 cum
1146 4391 1328 4464 dolore
1378 4391 1652 4464 respondit
1683 4389 1828 4464 κιο
1863 4389 2080 4464 Osolfel'
2104 4402 2157 4446 tu
2188 4390 2237 4449 D
2265 4391 2507 4464 nedictus
2520 4393 2632 4461 jam
2665 4389 2857 4447 reverti
2885 4396 3235 4464 vellet,petiit
3256 4402 3475 4458 eum,ut
3497 4394 3851 4463 quemadmo-

589 4457 772 4529 iniser,
814 4457 1023 4526 quoties
1049 4467 1101 4514 te
1126 4461 1326 4521 monui,
1375 4457 1586 4528 quoties
1633 4461 1889 4529 corripui.
1934 4462 2155 4516 Multum

587 4526 819 4593 denique
860 4529 1095 4583 laborem
1130 4531 1183 4582 in
1214 4526 1536 4583 avunculum
1585 4537 1731 4583 tuum
1763 4526 1946 4597 habui,
1991 4543 2050 4586 ut
2099 4548 2158 4587 se

587 4597 904 4670 corrigeret“
924 4605 980 4670 et
1024 4599 1162 4670 viam
1196 4598 1698 4670 mandatornm‘Dei
1728 4604 1938 4666 operari
1966 4604 2161 4670 coepis-

588 4673 665 4718 set
702 4682 715 4717 :
740 4666 1071 4739 prtedixique
1096 4668 1168 4731 ei,
1191 4671 1322 4739 quia
1348 4669 1453 4739 nisi
1495 4667 1728 4732 fecisset,
1762 4666 2071 4739 priusquam
2093 4674 2158 4727 de

589 4737 787 4810 smculo
834 4737 1104 4810 migraret,
1150 4738 1301 4806 plaga
1346 4737 1504 4810 leprm
1530 4737 1943 4810 percutereturi
1976 4743 2160 4810 sicque

592 4806 796 4858 factum
822 4813 922 4858 est.
954 4806 1191 4877 Prasdico
1217 4822 1345 4877 ergo
1374 4821 1425 4859 et
1448 4808 1562 4871 tibi,
1596 4808 1669 4860 ﬁli
1716 4810 1809 4872 mi,
1860 4810 1925 4863 de
1952 4806 2157 4875 Osul'fo,

590 4888 751 4947 super
773 4890 880 4943 quo
901 4884 983 4927 est
1016 4876 1127 4947 lucc
1151 4876 1305 4941 visio,
1329 4878 1581 4945 quoniam
1612 4894 1786 4947 neque
1836 4879 1887 4931 in
1942 4882 2042 4933 hac
2078 4897 2162 4933 re-

592 4944 765 5012 gione,
809 4958 981 5018 neque
1007 4944 1070 5018 in
1118 4961 1221 5013 qua
1273 4944 1429 5018 natus
1476 4955 1577 5009 est,
1627 4944 1915 5013 morietur;
1964 4969 1982 5001 ι
2020 4951 2163 5018 quod

594 5021 777 5081 postea
802 5014 1046 5081 probavit
1087 5023 1328 5067 eventus.
1362 5014 1599 5070 Mortuus
1643 5025 1726 5069 est
1760 5018 1902 5070 enim
1937 5020 1988 5072 in
2020 5014 2161 5073 Lan—

594 5081 869 5153 gobardia.
884 5116 885 5119 η
898 5082 1039 5137 Idem
1068 5098 1279 5152 quoque
1295 5084 1644 5153 Raganardus
1666 5088 1891 5139 tentavit
1909 5104 1965 5141 se
1983 5090 2164 5143 nimiis

597 5150 794 5226 vigiliis
820 5150 1226 5226 e.t_abstin_entia:
1252 5150 1414 5226 nimia
1450 5157 1839 5224 superﬂuitate,
1868 5158 2166 5226 ignoranti-

599 5221 697 5273 bus
721 5220 985 5295 omnibus,
1015 5222 1267 5293 afﬂigere,
1318 5225 1477 5295 itaut
1497 5220 1716 5295 probae
1753 5220 2163 5295 intemperantia

633 5290 908 5364 ravissime
934 5290 1306 5364 succumberet
1348 5293 1483 5347 febri
1500 5290 1521 5344 ἒ
1554 5294 1618 5347 ad
1654 5311 1810 5364 quem
1842 5290 2166 5351 visitandum

598 5360 755 5437 Pater
775 5361 994 5450 veniens
1020 5361 1096 5437 AI.
1122 5360 1240 5443 inus
1260 5364 1413 5443 jubet
1437 5360 1851 5445 attines,ni':etc1'
1878 5366 2166 5450 Sigiilfu'in,

596 5429 746 5500 exire
771 5429 1013 5484 dedomo
1043 5429 1176 5496 ejus',
1208 5429 1363 5500 quem
1396 5434 1679 5500 increpans
1725 5436 1797 5486 ait
1828 5454 1839 5487 :
1874 5455 1891 5483 ‹
1921 5429 2030 5489 Cur
2050 5437 2167 5489 sine

595 5494 908 5565 cujusquam
950 5494 1171 5554 consilio
1220 5494 1326 5553 tam
1373 5494 1789 5571 interiiperanter
1835 5519 1993 5574 agere
2053 5516 2171 5559 ten-

2265 4463 2391 4515 dum
2420 4464 2641 4534 speciali
2672 4465 2915 4517 oratione
2940 4482 3036 4534 pro
3065 4463 3123 4518 Se
3155 4468 3368 4529 orabat,
3391 4465 3439 4517 ei
3469 4465 3745 4533 panderet.
3775 4464 3850 4517 At

2265 4534 2379 4600 ipse
2401 4533 2477 4584 ait
2508 4551 2518 4583 :
2554 4552 2570 4582 ι
2601 4532 2715 4587 IIoc
2741 4532 2971 4601 namque
2999 4535 3272 4589 Christum
3302 4551 3432 4603 rogo
3452 4532 3481 4597 ;’
3500 4534 3743 4603 Domine,
3776 4534 3847 4588 da

2269 4603 2397 4656 mihi
2426 4602 2720 4669 intelligere
2750 4612 2967 4671 peccata
3000 4620 3138 4667 mea,
3162 4616 3215 4659 et
3242 4602 3425 4658 verant
3450 4602 3848 4657 confessionem

2268 4673 2474 4744 facere,
2500 4680 2553 4725 et
2602 4674 2816 4741 dignam
2874 4676 3242 4742 paenitentiam
3298 4690 3485 4744 agere;
3534 4680 3589 4727 et
3613 4674 3681 4744 da
3710 4673 3848 4744 mihi

2268 4741 2638 4795 remissionem
2681 4754 3025 4810 peccatorum
3073 4741 3352 4797 meorum;
3383 4764 3402 4795 ι
3458 4743 3555 4798 Cui
3603 4743 3685 4796 vir
3733 4743 3849 4796 Deo

2266 4812 2459 4880 dignus
2499 4812 2817 4865 Benedictus
2843 4813 2915 4864 ait
2948 4832 2961 4863 :
2999 4831 3017 4861 ι
3051 4812 3347 4877 Addamus,
3398 4814 3470 4866 mi
3510 4813 3688 4875 Pater,
3720 4812 3851 4865 huic

2264 4882 2493 4952 orationi
2522 4898 2684 4952 unum
2712 4896 3011 4936 sermonem
3042 4902 3053 4936 :
3082 4891 3136 4936 et
3156 4892 3276 4952 post
3301 4883 3670 4937 remissionem
3697 4881 3849 4935 salva

2267 4967 2370 5005 me.
2411 4972 2428 5002 ι
2465 4950 2804 5021 ΑιίΑΙιιὶηυε
2856 4954 3093 5021 gaudens
3120 4950 3257 5006 dixit
3296 4971 3308 5004 :
3363 4971 3381 5002 ι
3417 4952 3563 5021 Fiat,
3593 4964 3850 5005 reveren-

2266 5021 2487 5074 dissime
2515 5020 2608 5083 fili,
2636 5020 2747 5074 fiat.
2780 5042 2797 5071 ι
2824 5020 3023 5075 Iterum
3056 5031 3237 5075 autem
3267 5023 3351 5075 vir
3377 5023 3515 5076 idem
3546 5020 3845 5089 ﬂagitabat,

2266 5101 2325 5143 ut
2352 5090 2453 5143 sibi
2503 5090 2743 5153 diceret,
2793 5093 3008 5159 quando
3049 5108 3265 5146 crucem
3315 5092 3503 5146 videns
3558 5106 3615 5145 se
3657 5098 3848 5143 contra

2267 5176 2385 5213 eam
2414 5159 2722 5222 inclinabat,
2754 5176 2871 5228 quae
2896 5162 3056 5215 verba
3087 5162 3255 5215 labris
3302 5162 3523 5215 silenter
3567 5160 3853 5228 deprome-

2268 5238 2370 5283 ret.
2401 5228 2493 5282 Ille
2525 5245 2653 5282 vero
2680 5231 2781 5283 hoc
2812 5231 2982 5299 inquit
3010 5250 3021 5283 ;
3063 5250 3080 5280 ι
3110 5230 3278 5285 Tuam
3303 5246 3515 5285 crucem
3538 5232 3849 5299 adoramus,

2270 5300 2511 5359 Domine,
2546 5307 2689 5352 tuam
2720 5297 3005 5369 gloriosam
3044 5302 3330 5355 recolimus
3386 5300 3708 5369 passionem.
3732 5297 3853 5369 iMi-

2270 5383 2451 5440 serere
2494 5370 2686 5431 nostri,
2732 5368 2832 5437 qui
2880 5387 3068 5440 passus
3089 5385 3149 5423 es
3185 5385 3281 5439 pro
3313 5371 3485 5423 nobis.
3523 5389 3543 5440 ι
3577 5369 3705 5423 Post
3731 5368 3853 5440 huic

2272 5439 2541 5510 deducens
2562 5452 2683 5491 eum
2713 5435 3123 5506 aliquantulum,
3160 5435 3368 5494 remisit
3410 5438 3729 5510 gaudentem
3756 5435 3855 5491 Al-

2274 5508 2430 5561 binus
2458 5508 2523 5561 ad
2552 5523 2646 5560 sua
2669 5523 2920 5577 suosque.

672 5660 694 5688 ⁸
720 5646 919 5720 Osulfo.
942 5653 1014 5705 De
1030 5653 1179 5723 cujus
1200 5656 1351 5726 lapsu
1370 5657 1615 5711 videntur
1650 5659 1975 5727 accipiendae
1994 5661 2232 5728 epistolzr
2264 5660 2358 5715 I33
2389 5672 2441 5717 et
2479 5663 2573 5715 li?!)
2604 5663 2765 5732 (nunc
2791 5661 2891 5714 207
2920 5672 2975 5717 et
2997 5662 3143 5735 ~208).
