4220 6194
420 345 520 400 “7

1559 339 1618 391 D.
1663 335 2100 403 QUERCETAM
2140 333 2531 392 I‘RA'LFATIO.

3573 332 3664 385 118

416 475 479 511 ac
508 455 668 511 nobili
707 455 777 507 ibi
823 453 1088 507 auditorio
1132 452 1386 507 claruisse
1422 457 1663 504 testatur.
1694 449 1761 502 Et
1784 448 1873 502 alii
1905 461 1986 501 re-
2017 453 2063 506 Α
2092 445 2368 501 benefacta
2399 447 2584 510 fuisse,
2617 446 2698 500 vel
2727 463 2791 501 ex
2816 449 2973 515 epist.
3023 447 3116 501 154
3143 447 3207 500 ad
3235 446 3482 501 Carolum
3511 446 3668 502 disoi-

414 527 684 584 centiores
712 536 737 563 α
779 523 1000 577 Parisiis
1029 537 1241 590 quoque
1279 520 1486 588 legendi
1525 533 1748 590 munere
1774 516 1990 586 perfun-

416 608 561 650 ctum
597 602 866 655 asserunt,
909 589 1119 645 illorum
1154 589 1448 658 sequentes
1484 589 1790 656 opinionem
1818 599 1873 640 et
1899 603 1992 658 au-7

417 666 740 725 ctoritatem,
757 662 846 730 qui
869 660 1203 715 celeberrimi
1219 657 1378 730 hujus
1395 658 1744 730 scientiarum
1766 657 1992 730 emporii

416 725 822 789 fundamentum
873 731 940 784 ab
983 745 1048 785 eo
1097 743 1221 782 eum
1264 725 1592 782 doctissimis
1625 725 1830 794 aliquot
1863 726 1994 778 viris

416 805 537 858 aliis
553 801 759 869 iactum
783 799 946 854 fuisse
969 799 1324 869 tradiderunt.
1351 799 1432 869 An
1454 805 1630 869 au_tem
1655 795 1758 869 hoc
1783 809 1989 869 verum;

419 863 578 928 nullis
599 874 710 941 ipse
730 870 842 941 suis
867 870 1082 941 scriptis
1110 867 1366 941 declarat.
1397 866 1453 941 In
1498 865 1731 941 Francia
1752 863 1994 941 profecto

416 959 475 999 se
502 933 712 997 schdlas
759 933 1000 1008 publicas
1055 938 1290 1008 tenuisse
1334 936 1500 1008 refert
1542 933 1768 1008 epistpla
1812 933 1882 987 45
1925 935 1994 987 ad

416 1012 666 1068 Carolum
689 1002 936 1081 Magnum
958 1009 1042 1062 his
1061 1007 1239 1081 verbis
1265 1026 1276 1059 :
1297 1025 1336 1081 _¢_
1351 1005 1502 1081 Nunc
1524 1002 1652 1059 vero
1675 1002 1994 1081 frigescente

415 1074 879 1152 sanguine_qtiasi
927 1089 1148 1152 vespere
1195 1077 1264 1152 in_
1297 1075 1524 1152 Francia
1577 1074 1994 1152 seminaremon

416 1141 589 1205 cesso.
622 1170 638 1200 1
674 1141 992 1215 Et'epistola
1021 1141 1087 1200 iul
1109 1147 1356 1199 eumdem
1388 1145 1493 1200 86:
1519 1163 1549 1215 7t
1585 1143 1694 1198 Nec
1718 1141 1994 1215 fastidiosa

416 1220 672 1290 segnities
724 1212 1033 1290 legentium,
1081 1216 1281 1290 inquit_,
1323 1214 1693 1290 benivolentia:
1751 1212 1995 1290 magistri

408 1284 552 1356 iuste
599 1284 842 1356 deputari
895 1286 1080 1350 debet,
1132 1287 1175 1339 si
1222 1285 1467 1356 plurimis
1503 1284 1758 1356 inclytum
1801 1286 1996 1356 vestra:

421 1352 735 1413 intentionis
785 1356 1021 1409 studium
1077 1352 1466 1422 sequentibus;
1518 1352 1995 1422 forsitanAthene

416 1444 552 1483 nova
573 1426 922 1496 perficeretur
945 1426 995 1496 in
1022 1420 1247 1496 Francia
1266 1426 1413 1496 :7i717no
1438 1425 1604 1476 multo
1623 1420 1993 1496 excellentior,

415 1499 540 1567 quia
575 1492 697 1567 lucc
716 1495 918 1567 Christi
951 1494 1162 1567 Domini
1192 1493 1489 1567 nobilitata
1523 1492 1996 1567 niagistei'iotom-

417 1561 536 1621 dem
587 1563 891 1618 Academia:
930 1563 1331 1618 exercitationis
1357 1632 1360 1633 7
1385 1571 1603 1633 superat
1620 1561 1633 1563 ⁷
1651 1561 1991 1629 sapientiam.

416 1637 504 1691 Illa
535 1633 902 1688 tantummodo
929 1633 1169 1687 Platonis
1216 1632 1424 1687 erudita
1455 1632 1791 1702 disciplinis,
1822 1643 1997 1700 septe-

417 1707 502 1762 nis
553 1702 841 1770 informata
875 1703 1069 1757 claruit
1119 1703 1344 1756 artibus.
1397 1702 1526 1758 IImc
1567 1702 1730 1757 etiam
1777 1702 1997 1770 insuper

2096 526 2203 579 tur,
2248 517 2339 569 ubi
2388 517 2466 570 sic
2510 517 2629 569 ait:
2675 535 2692 564 ι
2738 516 2959 569 Summa
3006 516 3146 570 Deus
3191 515 3428 570 Trinitas
3478 525 3668 570 vestra:

2092 585 2340 650 bonitati,
2380 586 2621 639 omnium
2649 585 2995 639 dilectissime
3041 585 3228 647 David,
3269 594 3465 639 :eteroa
3515 587 3670 640 resti-

2095 663 2210 707 tuat
2238 655 2584 724 beatitudine,
2608 654 2865 724 quidquid
2891 655 3108 721 pietatis
3133 655 3215 707 vel
3241 655 3583 724 benignitatis
3615 655 3668 708 in

2095 738 2180 777 me
2229 722 2486 778 famulum
2532 722 2794 794 vestrum,
2847 725 2986 794 sicut
3027 725 3198 794 prima
3234 722 3535 794 cognitione
3571 724 3665 778 ad-

2094 802 2288 846 ventus
2334 795 2435 847 mei
2486 793 2554 848 ad
2599 809 2695 848 vos
2745 793 3160 847 misericorditer
3203 793 3549 861 promisistis,
3596 794 3668 849 ita

2095 864 2274 915 omnia
2306 862 2533 917 fideliter
2558 863 2848 932 implestis;
2877 871 2930 916 et
2956 862 3023 916 ad
3048 863 3317 918 cumulum
3347 863 3668 931 plenissima:

2095 932 2360 996 veritatis,
2396 948 2523 1002 qua:
2558 948 2768 1002 semper
2809 933 2974 987 vestri
3008 933 3242 1000 pectoris
3280 932 3511 986 insident
3555 932 3672 986 the-

2096 1015 2276 1065 sauro,
2314 1001 2622 1069 centuplum
2658 1001 2960 1066 addidistis,
2992 1010 3050 1055 ut
3079 1009 3388 1056 cunctorum
3418 1002 3534 1056 luce
3560 1002 3668 1057 cla—

2096 1072 2208 1125 rius
2233 1071 2402 1126 oculis
2433 1072 2680 1141 patescit,
2709 1073 3032 1139 auribusque
3058 1086 3154 1140 per
3181 1071 3466 1140 longinqua
3496 1079 3669 1126 terra-

2098 1157 2216 1195 rum
2248 1150 2465 1196 resonat
2493 1143 2802 1194 multornm.
2846 1162 2863 1192 1
2890 1141 3155 1208 Imprimis
3182 1149 3360 1195 autem
3392 1141 3467 1194 illi
3502 1143 3669 1196 sancti

2097 1210 2232 1279 Lupi
2263 1212 2546 1265 Trecensis
2575 1212 2844 1281 abbatiam
2882 1211 3048 1272 dedit,
3085 1219 3144 1263 ut
3169 1210 3333 1265 refert
3377 1227 3672 1281 anonymus

2097 1282 2216 1350 ejus
2268 1281 2401 1334 Vita:
2449 1282 2697 1349 scriptor.
2747 1279 2897 1345 Quod
2947 1289 3001 1334 et
3047 1281 3157 1348 ipse
3206 1281 3416 1334 videtur
3453 1279 3673 1334 innuero

2098 1351 2321 1419 epistola
2350 1350 2450 1403 126
2483 1352 2549 1404 ad
2583 1366 2823 1405 sororem
2853 1365 3025 1412 suam,
3068 1351 3149 1404 his
3187 1350 3364 1403 verbis
3395 1369 3406 1402 :
3448 1369 3465 1400 ‹
3503 1350 3673 1402 Pluri-

2097 1436 2245 1472 mum
2273 1419 2404 1472 mihi
2435 1421 2637 1488 placuit
2666 1436 2798 1474 crux
2827 1435 2988 1488 quam
3019 1432 3194 1474 vestra
3222 1420 3349 1472 mihi
3377 1420 3674 1489 benignitas

2098 1489 2315 1544 direxit.
2360 1489 2426 1542 Et
2461 1490 2622 1544 credo
2651 1505 2744 1543 vos
2772 1498 3028 1544 teter-nam
3071 1490 3269 1542 habere
3312 1505 3339 1540 a
3388 1489 3496 1544 Deo
3535 1503 3671 1542 mer—

2099 1560 2283 1613 cedem
2313 1574 2410 1626 pro
2447 1559 2891 1629 illius70pere,7et
2932 1559 3173 1629 assiduas
3214 1559 3384 1612 sancti
3428 1558 3559 1628 Lupi
3597 1558 3672 1629 in-

2102 1629 2479 1693 tercessiones,
2507 1638 2563 1683 et
2593 1628 2886 1683 laudabiles
2921 1628 3210 1696 gratiarum
3241 1629 3478 1682 actiones
3504 1629 3570 1682 ab
3598 1628 3676 1680 eis

2101 1699 2192 1768 qui
2219 1698 2286 1753 ad
2315 1698 2457 1768 illius
2478 1699 2773 1767 patrocinia
2806 1700 3093 1768 confugere
3120 1699 3309 1752 solent.
3347 1698 3673 1768 iﬁbbatiam

417 1774 716 1848 septiforrni
739 1765 1533 1848 saricti_Spiritus_plenitndine
1568 1765 1994 1848 ditata,_omn'er7n
2028 1786 2074 1848 Β
2101 1765 2314 1838 quoque
2370 1765 2715 1848 Be_l7filelieni,
2747 1769 2880 1848 sive
2929 1767 3208 1848 Ferrarias
3245 1767 3307 1847 in
3349 1765 3676 1848 XVastinensi

417 1841 688 1902 saecularis
710 1842 984 1911 sapientia:
1009 1842 1220 1895 excellit
1246 1842 1581 1911 dignitatem.
1618 1861 1634 1892 1
1665 1842 1772 1895 Sed
1799 1841 1852 1893 in
1876 1841 1996 1909 qui—

420 1917 519 1970 bus
561 1913 801 1968 Francia:
832 1912 1122 1982 provinciis
1151 1911 1412 1982 ejusmodi
1435 1981 1441 1982 7
1461 1912 1994 1982 litterarurnsemina

411 1985 575 2054 jecit?
602 1992 695 2054 aut
728 1980 1200 2054 ubinam_urbiunt7
1233 1980 1637 2054 vcl_civitatum7
1666 1980 1996 2054 Gallicarum

419 2050 534 2109 inec
586 2053 792 2106 Athene
845 2050 1094 2121 perfecta
1130 2050 1266 2103 fuit?
1313 2050 1473 2121 Forte
1511 2051 1563 2104 in
1614 2051 1995 2104 facundissima

419 2123 746 2177 Parisiorum
775 2119 1002 2183 Lutetia,
1034 2120 1098 2173 ad
1121 2135 1281 2188 quam
1304 2119 1528 2173 Carolus
1550 2135 1643 2172 rex
1674 2121 1906 2174 studium
1932 2121 1997 2172 de

421 2195 553 2248 urbe
575 2192 744 2246 Roma
775 2191 1133 2251 transtulisse,
1165 2191 1306 2258 quod
1334 2190 1397 2241 de
1432 2189 1637 2243 Grzecia
1670 2191 1793 2243 illuc
1824 2198 1998 2244 trans-

420 2264 586 2316 latum
636 2260 810 2314 fuerat
840 2276 868 2313 a
902 2261 1156 2314 Romanis
1182 2301 1196 2321 ,
1241 2260 1292 2312 in
1342 2259 1531 2328 Magno
1579 2259 1845 2312 Chronico
1877 2259 1996 2312 Bel-

457 2334 538 2386 ico
586 2331 812 2399 legitur?
863 2330 1097 2383 Plurima
1152 2338 1277 2383 sunt
1332 2344 1451 2396 qua:
1513 2337 1696 2382 vetant
1754 2330 1994 2399 credere.

465 2402 617 2460 rimo,
645 2398 786 2468 quod
821 2399 1098 2459 Alcuinus,
1127 2400 1210 2454 vel
1258 2399 1585 2452 Parisiorum
1606 2439 1620 2462 ,
1660 2400 1742 2452 vel
1775 2398 1999 2451 Lutetire

421 2471 604 2525 nullibi
657 2471 917 2540 meminit.
971 2471 1235 2531 Secundo,
1293 2469 1436 2540 quod
1483 2485 1603 2524 cum
1655 2469 1711 2522 in
1756 2468 1999 2540 pluribus

420 2541 604 2596 Gallia:
633 2540 766 2594 Iocis
804 2539 980 2604 fuerit,
1017 2549 1110 2592 aut
1140 2556 1260 2593 cum
1299 2538 1492 2592 Carolo
1542 2554 1687 2610 rege,
1716 2538 1776 2593 ut
1811 2538 2002 2608 Aquis-

421 2612 571 2698 grani
603 2610 741 2698 apud
771 2620 1043 2698 auctorem
1078 2611 1210 2698 \iita:
1241 2610 1420 2698 sanct'i‘
1435 2610 1660 2698 Iindger‘i
1687 2610 1777 2698 iiIi.
1812 2627 1852 2698 i7,
1877 2626 1995 2698 cap.

420 2679 509 2743 5-1,
547 2679 779 2733 autsine
811 2693 933 2748 rege
960 2679 1171 2743 Carolo,
1203 2687 1260 2731 ut
1292 2679 1343 2731 in
1381 2679 1591 2748 Belgica
1637 2679 1916 2732 latitudine
1950 2685 1996 2743 ιι,

422 2749 651 2818 Turonis
675 2761 722 2813 ε,
749 2750 800 2802 in
825 2748 1051 2802 Centulo
1076 2748 1125 2811 ἀ,
1163 2749 1302 2818 apud
1342 2759 1586 2801 sanctum
1617 2748 1917 2801 Amandum
1950 2759 1995 2811 ε,

417 2826 473 2871 et
498 2815 623 2872 alibi
652 2818 670 2856 τ
703 2837 714 2870 :
744 2834 1014 2886 nunquam
1041 2815 1215 2871 tamen
1246 2819 1488 2872 docuisse
1511 2832 1570 2870 se
1593 2819 1769 2870 verbis
1798 2819 2000 2886 apertis

419 2887 640 2952 indicat,
676 2888 778 2941 nisi
807 2887 890 2939 vel
921 2888 971 2939 in
1004 2887 1202 2956 palatio
1231 2889 1391 2956 regis,
1417 2887 1498 2942 vel
1524 2886 1869 2941 Cmsaroduni
1894 2888 2000 2942 Tu—

419 2973 630 3011 ronum.
671 2958 729 3011 In
759 2956 956 3026 palatio
986 2957 1131 3010 enim
1171 2956 1408 3010 scholam
1442 2956 1605 3011 fuisse
1631 2958 2001 3026 demonstrant

423 3028 536 3081 lucc
584 3027 701 3097 ejus
739 3013 806 3080 a'd
847 3026 1095 3080 Carolum
1124 3027 1288 3097 verba
1316 3029 1340 3066 ε
1374 3045 1385 3078 :
1424 3046 1440 3077 ‹
1477 3029 1588 3097 Ego
1615 3013 1878 3097 ignarus:
1908 3044 1999 3081 neu

422 3099 598 3151 sciens
627 3096 802 3167 Ᾰιῖίςῃ)
829 3097 999 3151 iaearn
1031 3096 1266 3167 scholam
1298 3098 1350 3150 in
1382 3096 1578 3167 palatio
1605 3096 1859 3167 Davitica:
1883 3112 1998 3150 ver-

422 3167 529 3221 sari
575 3165 780 3238 gloriae.
822 3167 932 3238 Ego
977 3167 1162 3238 abiens
1204 3165 1427 3238 Latinos
1465 3168 1544 3238 ibi
1588 3165 1785 3227 dimisi,
1818 3168 1999 3238 nescio

421 3239 541 3305 quis
565 3235 962 3292 subintroduxit
1004 3235 1304 3305 lEgyptios.
1347 3256 1364 3286 1
1397 3236 1548 3301 Quod
1596 3250 1724 3288 vero
1767 3243 1820 3288 et
1859 3237 2000 3305 apud

421 3254 541 3292 «uis
565 3253 962 3292 suotntrouuxtt
1004 3253 1304 3304 mgypuos.
1347 3256 1364 3286 1
1397 3253 1548 3301 uuou
1596 3253 1724 3288 vero
1767 3253 1820 3288 et
1859 3253 1996 3305 apud

419 3253 665 3362 'furonos
689 3306 945 3360 Gallicam
989 3306 1248 3358 erudierit
1279 3303 1634 3370 juventulem,
1682 3320 1785 3359 non
1815 3306 1996 3367 semel,

422 3378 514 3430 sed
544 3375 855 3444 frequenter
886 3376 1096 3443 repetit.
1131 3374 1378 3444 Epistula
1415 3373 1490 3428 ’.15
1520 3373 1587 3427 ad
1613 3374 1862 3430 Carolum
1911 3391 1996 3429 re—

421 3461 538 3516 gem
566 3463 577 3496 :
618 3443 896 3516 «’éAliquos
913 3461 977 3516 (11(
993 3443 1174 3516 pueris
1195 3444 1394 3516 nostris
1414 3445 1706 3508 remittam,
1733 3446 1821 3513 qui
1851 3461 2001 3501 reve-

425 3513 550 3569 hant
577 3517 628 3568 in
651 3513 930 3568 Franciam
953 3514 1109 3568 flores
1128 3513 1436 3578 Britannim,
1460 3524 1520 3567 ut
1548 3531 1652 3568 non
1690 3517 1759 3568 sit
1795 3523 1998 3569 tantum

423 3586 579 3639 modo
609 3587 661 3638 in
685 3585 951 3638 Euborica
980 3585 1168 3638 hortus
1192 3585 1493 3649 conclusus,
1529 3586 1620 3639 sed
1651 3585 1705 3637 in
1735 3583 1999 3639 Turonica

421 3656 736 3708 emissiones
761 3655 993 3724 paradisi
1024 3670 1144 3708 cum
1181 3669 1461 3724 pomorum
1490 3653 1777 3724 fructibus,
1814 3660 1870 3724 u_t
1908 3668 1998 3706 ve--

422 3725 573 3778 nicns
610 3721 803 3778 Auster
831 3724 1057 3792 perﬂare
1103 3721 1290 3779 hortos
1323 3723 1500 3793 Ligeri
1536 3722 1805 3793 fluminis,
1831 3721 2002 3776 ﬂuant

423 3804 661 3848 aromata
693 3791 851 3847 illius.
903 3814 920 3863 1
964 3794 1094 3846 Item
1140 3793 1366 3863 epistola
1395 3791 1495 3846 ]0l
1540 3809 1551 3842 :
1598 3809 1615 3841 ι
1654 3791 1764 3860 Ego
1794 3792 1994 3860 itaque.

419 3863 542 3916 licet
577 3879 764 3932 parum
795 3862 1097 3932 proficiens,
1131 3862 1252 3916 cum
1280 3862 1546 3932 Turonica
1571 3877 1750 3931 pugno
1786 3863 2000 3916 rustici-

422 3940 545 3984 tate.
582 3931 765 3986 Vestra
797 3947 926 3985 vero
972 3934 1267 3986 auctoritas
1308 3931 1571 3999 palatinos
1615 3932 1825 3985 erudiat
1870 3947 2000 4001 puc-

418 4016 524 4054 ros.
565 4022 582 4052 1
614 4001 681 4054 Et
708 4002 754 4055 si
782 4001 1028 4055 ascititiis
1057 4003 1217 4054 eziam
1254 4003 1350 4054 niti
1381 4002 1704 4056 testimoniis
1731 4003 1875 4069 licet,
1909 4004 1998 4059 ubi

417 4069 624 4124 Athcne
661 4069 748 4124 illa
798 4085 955 4135 nova,
989 4073 1053 4126 de
1085 4087 1191 4140 qua
1222 4088 1365 4126 nunc
1422 4073 1554 4134 dixi,
1605 4073 1794 4127 melius
1838 4074 1999 4128 collo-

416 4141 526 4216 cari
581 4149 968 4216 potest__qna_m
1019 4142 1072 4195 in
1127 4142 1386 4216 ejusmodi
1433 4143 1615 4216 schola
1665 4145 1998 4216 Turonensi?

419 4210 550 4283 liam
591 4211 953 4283 Sangallensis
975 4282 978 4283 7
999 4210 1292 4278 Inopachus
1326 4213 1404 4267 sic
1437 4229 1498 4268 ea
1545 4214 1609 4268 de
1640 4230 1696 4267 re
1722 4214 1745 4252 h
1780 4229 1793 4266 :
1840 4233 1855 4264 I
1896 4214 1997 4268 De—

419 4280 495 4332 dit
522 4280 927 4336 autem'Albino
955 4282 1181 4338 Carolus
1221 4299 1312 4338 rex
1351 4284 1619 4337 abbatiam
1649 4285 1819 4336 sancti
1852 4283 1991 4335 illar-

420 4349 515 4400 tini
540 4350 692 4416 juxta
724 4351 1046 4421 Turonicam
1088 4353 1379 4415 civitatem,
1412 4363 1470 4406 ut
1495 4353 1708 4421 quando
1750 4353 1863 4419 ipse
1901 4353 1997 4407 al)-

418 4432 540 4488 sens
573 4427 736 4488 esset,
775 4420 881 4474 illic
919 4422 1283 4488 requiescere,
1336 4432 1390 4476 et
1437 4420 1526 4475 ad"
1550 4438 1610 4476 se
1669 4422 1994 4475 confluentes

2098 1835 2241 1907 pago
2265 1839 2517 1905 possedit,
2563 1849 2622 1892 ut
2667 1839 2719 1891 in
2747 1839 2862 1893 Vita
2907 1839 3076 1892 sancti
3111 1837 3310 1892 Aldrici
3354 1835 3676 1907 Senoncnsis

2099 1905 2486 1978 archiepiscopi
2530 1908 2762 1978 legitur:
2797 1923 2894 1961 nec
2923 1923 3028 1961 non
3059 1907 3246 1961 cellam
3279 1909 3444 1978 sancti
3487 1905 3673 1978 Judoci

2099 1977 2165 2029 ad
2194 1975 2481 2045 hospitium
2511 1975 2808 2046 peregrinis
2845 1979 3204 2046 przestandnm
3249 1977 3297 2030 ei
3336 1975 3674 2031 commenda-

2100 2056 2230 2099 tam.
2261 2047 2355 2100 Est
2378 2045 2526 2100 enini
2550 2048 2615 2101 de
2637 2050 2736 2102 hac
2766 2047 3128 2102 testimonium
3160 2045 3291 2114 Lupi
3314 2046 3675 2110 Ferrariensis

2099 2116 2340 2187 inepist.
2371 2116 2451 2183 Il,
2466 2117 2533 2170 ad
2558 2117 2868 2187 Lotharium
2908 2131 3107 2187 regem,
3136 2132 3254 2187 cum
3285 2117 3536 2187 eamdem
3562 2117 3674 2183 ipse

2100 2185 2290 2240 cellam
2320 2187 2615 2257 accepisset
2651 2203 2680 2241 a
2722 2185 2898 2241 Caroli
2928 2185 3100 2257 Magni
3145 2185 3550 2257 lilio_Ludovico
3577 2187 3675 2238 1111-

2099 2265 2346 2323 peratore
2375 2276 2386 2310 :
2420 2275 2438 2306 ί
2479 2255 2714 2321 Cellam,
2755 2257 2964 2325 inquit,
3021 2255 3192 2312 Sancti
3241 2255 3450 2319 .Iudoci,
3515 2269 3674 2323 quam

2101 2326 2323 2393 Magnus
2354 2326 2584 2396 Carolus
2610 2330 2878 2396 quondam
2927 2328 3151 2382 Alcuino
3188 2327 3254 2380 ad
3283 2327 3673 2394 eleemosynam

2100 2395 2453 2449 exhibendam
2490 2395 2788 2465 peregrinis
2815 2398 3178 2456 commiserat.
3211 2397 3378 2450 beata:
3407 2396 3674 2449 memoria-

2099 2472 2252 2533 pater
2274 2474 2452 2519 vester
2478 2467 2631 2520 nobis
2657 2481 2718 2520 ea
2746 2467 2948 2520 ratione
2971 2466 3255 2528 concessit,
3284 2465 3423 2518 sicut
3446 2465 3674 2517 edictum

2101 2534 2244 2588 illius
2271 2543 2593 2600 attestatur;
2629 2544 2688 2589 ut
2718 2537 2858 2604 quod
2885 2535 3234 2604 elcemosyna:
3267 2541 3588 2604 superesset,
3622 2533 3675 2586 in

2100 2613 2342 2659 nostrum
2381 2620 2538 2659 usum
2565 2603 2798 2660 cederet.
2841 2625 2857 2657 1
2888 2605 2996 2660 Nec
3025 2603 3209 2659 dubito
3237 2605 3362 2672 quin
3406 2603 3678 2657 cella-haec

2101 2675 2170 2728 ab
2199 2675 2284 2728 illa
2315 2676 2585 2729 maritima
2632 2676 2818 2730 cellula
2861 2675 3088 2738 differat,
3137 2675 3221 2728 cui
3250 2675 3410 2727 etiam
3441 2672 3676 2742 legitima

2101 2758 2159 2796 se
2204 2746 2546 2799 successione
2586 2746 2887 2800 deseruisse
2929 2746 3116 2800 scribit
3155 2743 3408 2798 Aleninus
3450 2739 3517 2795 ίῘ
3543 2739 3676 2795 Nam

2102 2813 2244 2882 illius
2279 2823 2538 2882 patronus
2573 2825 2792 2869 sanctus
2823 2815 3085 2878 Andreas,
3117 2814 3275 2880 hujus
3309 2827 3434 2866 vero
3460 2819 3677 2882 sanctus

2099 2879 2353 2954 Judocus.
2385 2882 2473 2936 Illa
2504 2898 2730 2954 corpore
2765 2885 2936 2938 sancti
2967 2879 3198 2954 Wilgisi,
3244 2881 3559 2954 haecsaucti
3586 2879 3680 2954 {u-

2102 2953 2222 3008 doci
2253 2953 2491 3022 reliquiis
2517 2949 2681 3008 clara.
2737 2954 2988 3022 Utrzeque
3035 2949 3208 3006 tainen
3252 2951 3558 3022 maritique,
3589 2949 3678 3022 illa

2102 3023 2154 3076 in
2183 3017 2582 3093 promontoriis,
2630 3039 2748 3093 qua:
2779 3017 2917 3078 mari
2958 3023 3191 3088 Oceano,
3222 3031 3296 3093 et
3321 3017 3679 3093 IInmbri_tlu—

2102 3087 2246 3145 mine
2281 3087 2591 3162 cinguntur,
2621 3087 2672 3148 in
2702 3093 3116 3148 Northumbria:
3149 3095 3263 3147 hmc
3289 3092 3341 3145 in
3369 3090 3532 3160 Belgii
3561 3087 3678 3143 loco

2103 3162 2395 3231 maritimo;
2432 3164 2617 3217 Wicus'
2643 3163 2769 3218 olim
2797 3172 3121 3231 nuncupato,
3153 3163 3236 3214 vel
3271 3178 3298 3214 a
3327 3163 3546 3216 sinuoso
3568 3174 3679 3212 ma-

2103 3231 2177 3284 ris
2201 3230 2470 3296 anfractu,
2501 3233 2592 3300 qui
2642 3232 2906 3286 Saxonice
2939 3230 3055 3284 Wic
3089 3232 3400 3298 appellatur,
3431 3240 3488 3285 ut
3526 3231 3680 3284 docet

2101 3300 2412 3364 Rhenanus,
2439 3301 2522 3355 vel
2551 3317 2579 3354 a
2607 3302 2835 3356 statione
2858 3316 3066 3366 secura,
3106 3303 3193 3355 ubi
3225 3300 3680 3368 conjunctioribus

2099 3370 2340 3424 :edifici—is
2385 3372 2675 3435 habitatur,
2723 3373 2766 3426 si
2805 3371 2921 3424 Wic
2965 3371 3016 3423 id
3046 3373 3281 3432 denotat,
3315 3381 3371 3424 ut.
3408 3370 3680 3424 contendit

2099 3440 2369 3496 Adrianus
2397 3441 2616 3506 Junius;
2657 3443 2739 3494 vel
2784 3458 2814 3495 a
2863 3441 3104 3504 castello,
3144 3442 3187 3494 si
3242 3439 3355 3493 Wic
3404 3439 3678 3493 castellum

2099 3518 2273 3573 sonat,
2299 3520 2358 3564 ut
2380 3511 2616 3566 Alfricus
2643 3523 2795 3567 vetus
2821 3521 3009 3566 auctor
3038 3512 3229 3565 asserit
3282 3528 3293 3561 :
3335 3525 3474 3564 nunc
3501 3518 3677 3562 autem

2081 3579 2255 3647 ‘vulgo
2288 3580 2898 3648 Saint-Josse-mr-Mer.
2942 3581 3007 3632 Et
3035 3592 3180 3635 certe
3215 3581 3357 3648 quod
3405 3579 3552 3635 locus
3591 3578 3680 3631 ille

2099 3650 2268 3702 sancti
2297 3647 2486 3701 Judoci
2530 3649 2732 3708 Wicns,
2763 3665 2853 3702 seu
2884 3649 3021 3702 Wici
3044 3647 3484 3718 plurali’numero
3513 3663 3679 3716 quon-

2098 3719 2221 3770 dam
2243 3718 2418 3772 dictns
2456 3720 2547 3781 sit,
2571 3727 2627 3772 et
2654 3719 2722 3772 ah
2754 3719 2976 3772 Alcnino
3001 3734 3213 3787 quoque
3257 3728 3438 3771 nostro
3463 3732 3674 3786 posses-

2097 3802 2190 3840 sus
2222 3799 2406 3856 aperte
2436 3789 2675 3844 declarat
2710 3790 2822 3859 ipse
2858 3791 3014 3858 epist.
3063 3788 3152 3850 Ili,
3179 3788 3266 3859 ubi
3295 3787 3358 3841 de
3395 3789 3679 3859 solitudine

2099 3871 2193 3912 sua
2227 3861 2304 3913 sic
2345 3860 2694 3928 conqueritur
2717 3857 2745 3912 ;“
2769 3878 2786 3910 1
2823 3857 2934 3930 Ego
2966 3874 3100 3930 pene
3121 3858 3269 3930 quasi
3307 3857 3676 3930 orbatus77liliis

2099 3941 2352 3983 remaneo
2374 3931 2538 3985 domi.
2565 3931 2805 3984 Dammta
2829 3928 3141 3991 saxoniam,
3167 3929 3430 3983 IIomcrus
3449 3928 3674 3988 Italiam,

2098 3997 2372 4053 Candidus
2412 4000 2744 4053 Britanniam
2799 4000 3050 4061 recessit;
3106 3999 3364 4053 Martinus
3408 4000 3460 4051 in
3496 3998 3678 4052 Wicos

2098 4068 2238 4134 apud
2265 4078 2510 4122 sanctum
2535 4068 2797 4123 Jndocum
2827 4068 3071 4122 infirmus
3103 4068 3380 4122 remansit.
3413 4067 3541 4120 Item
3568 4067 3677 4133 epi-

2098 4135 2233 4189 stola
2260 4136 2328 4190 96
2357 4138 2424 4190 ad
2448 4137 2698 4190 (Iarolum
2728 4150 2907 4206 regem
2934 4155 2943 4189 :
2986 4156 3002 4185 ι
3043 4136 3347 4198 Revertenti
3379 4153 3462 4189 mc
3489 4137 3552 4190 de
3572 4135 3678 4189 Wi-

2097 4221 2211 4267 cus,
2252 4215 2471 4276 prepter
2502 4222 2691 4261 causas
2719 4207 3072 4277 necessarias,
3102 4223 3236 4275 quas
3265 4207 3462 4260 ibidem
3491 4207 3677 4260 hami

2097 4292 2217 4329 mus
2242 4277 2544 4346 disponere,
2578 4287 2930 4332 occurrerunt
2959 4278 3086 4331 mihi
3131 4277 3458 4331 excellentia:
3486 4285 3676 4331 vestra:

2097 4346 2391 4402 dulcissimi
2419 4348 2616 4416 apices.
2654 4368 2671 4400 1
2709 4349 2945 4417 Denique
2971 4348 3140 4402 sancti
3163 4347 3374 4401 Martini
3405 4347 3677 4401 Turonen-

2097 4417 2171 4471 sis
2192 4418 2460 4472 abhatiam
2485 4419 2552 4473 ab
2594 4418 2780 4488 eodem
2809 4418 3002 4473 Carolo
3041 4433 3163 4488 rege
3191 4419 3362 4471 adlmc
3393 4417 3675 4488 regendam

419 4486 610 4541 docere
647 4487 884 4542 deberet.
924 4486 1087 4556 Cujus
1126 4491 1178 4543 in
1220 4499 1428 4544 tantum
1480 4491 1721 4545 doctrina
1770 4491 1994 4545 fructiti-
2026 4487 2072 4546 D
2099 4489 2314 4554 recepit,
2341 4504 2461 4541 eum
2483 4487 2766 4541 saeculares
2785 4486 3162 4556 occupationes
3178 4488 3394 4541 omnino
3411 4486 3678 4556 declinare

419 4557 581 4630 cavit,
612 4559 935 4630 utmoderni
964 4559 1127 4624 Galli,
1154 4561 1265 4613 sive
1293 4559 1510 4623 Franci,
1535 4561 1772 4630 antiquis
1799 4562 1994 4616 Roma-

419 4626 524 4691 nis,
549 4627 631 4680 vel
665 4627 1081 4684 Atheniensibus
1107 4640 1470 4699 :equarentur.
1513 4653 1529 4682 1

1011 4743 1236 4800 CAPUT
1277 4744 1391 4798 XV.

589 4809 789 4874 Quibus
816 4829 848 4865 a
874 4811 1062 4867 Carolo
1102 4815 1361 4883 beneﬁciis
1396 4817 1696 4869 honestatus
1727 4827 1819 4868 est.

487 4900 704 4971 Verum,
755 4903 878 4971 quia
913 4903 966 4956 in
1009 4905 1332 4958 mentionem
1374 4905 1600 4959 abbatue
1644 4907 1810 4959 sancti
1863 4904 1992 4958 illar-

419 4970 518 5026 tini
546 4970 848 5042 incidimus,
886 4986 1062 5039 opera:
1114 4974 1340 5041 pretium
1379 4983 1463 5027 est
1497 4990 1636 5027 nunc
1663 4975 1991 5042 perscrutari

420 5042 614 5108 quibus
644 5056 738 5095 rex
775 5041 997 5094 Carolus
1041 5042 1314 5095 beneficiis
1351 5044 1491 5096 hunc
1530 5041 1843 5109 praeelarnm
1883 5060 1994 5095 ma-

423 5111 645 5177 gistrum
673 5111 996 5182 honestavit,
1027 5120 1114 5163 aut
1153 5126 1285 5178 quas
1314 5112 1383 5164 illi
1412 5113 1721 5180 largitiones
1748 5114 1798 5165 in
1832 5128 1993 5182 regno

422 5193 519 5232 suo
539 5181 779 5236 contulit.
806 5180 963 5234 Multa
988 5196 1218 5248 namque
1247 5182 1403 5249 regia:
1426 5183 1767 5251 benignitatis
1791 5183 1843 5236 in
1870 5180 1991 5236 eum

492 5323 518 5352 ι
545 5311 965 5386 PolydLVergil.
1026 5315 1144 5368 libr.
1185 5330 1226 5386 ις
1258 5312 1406 5386 Hist.
1444 5315 1595 5384 Angl.
1643 5328 1692 5370 ct
1744 5316 1994 5371 Nicolans

423 5381 686 5454 Serarius.
715 5383 836 5454 libr.
871 5381 920 5437 [ν
950 5385 1147 5438 Rerun
1183 5381 1654 5454 Illoguutiacarum.

490 5453 517 5490 δ
553 5451 719 5520 Epist.
750 5453 836 5520 786.

492 5533 511 5555 τ·
545 5519 713 5590 Epist.
743 5519 832 5581 43.
863 5523 980 5583 109,
1013 5524 1127 5584 101,
1168 5523 1281 5576 I32.

491 5592 512 5630 4
548 5590 771 5652 I’rologo
802 5593 853 5642 in
887 5592 1060 5646 Vitam
1091 5595 1260 5646 sancti
1293 5593 1546 5647 Richarii.

497 5675 516 5700 ε
548 5659 711 5730 Epist.
753 5660 866 5713 l0'2.

499 5731 510 5768 ί
552 5732 712 5795 Epist.
755 5731 870 5784 100.

2095 4558 2376 4624 cogitaret.
2409 4556 2520 4610 Hoc
2548 4557 2688 4609 enim
2722 4557 2859 4610 idem
2894 4555 3005 4624 ipse
3027 4557 3092 4610 de
3113 4571 3168 4610 se
3197 4563 3423 4608 testatur
3449 4555 3670 4622 epistola

2098 4627 2198 4678 19.9
2224 4625 2559 4694 adeumdem
2603 4640 2807 4693 regem,
2858 4641 2979 4679 cum
3033 4626 3142 4678 ait:
3182 4643 3199 4674 ‹
3235 4624 3367 4678 Nam
3408 4624 3526 4694 fere
3553 4635 3673 4678 ante

2095 4696 2197 4748 hoc
2235 4693 2660 4764 qninquenninm
2707 4697 2990 4750 s:eculares
3043 4695 3454 4764 occupationes,
3505 4693 3671 4748 Deum

2094 4773 2280 4828 testor,
2307 4782 2415 4820 non
2446 4766 2570 4820 ficto
2594 4767 2754 4820 corde
2783 4766 3051 4820 declinare
3074 4767 3321 4833 cogitavi.
3355 4764 3460 4818 Sed
3485 4773 3674 4818 vestra:

2093 4835 2194 4901 pia:
2223 4837 2572 4902 providentia:
2601 4837 2822 4890 consilio
2855 4837 3145 4890 translatus
3171 4851 3288 4890 sum
3315 4837 3365 4888 in
3397 4835 3672 4887 servitium

2095 4905 2264 4958 sancti
2310 4905 2546 4968 Martini,
2596 4905 2717 4958 fidei
2752 4907 3029 4960 catholica:
3056 4915 3110 4959 et
3149 4906 3520 4960 ecclesiasticm
3552 4919 3674 4957 san-

2095 4975 2280 5039 ctioni,
2312 4978 2544 5030 donante
2569 4975 2676 5028 Deo
2703 4976 3019 5043 proficuum.
3071 4997 3088 5027 1
3125 4977 3277 5031 Ante.
3305 4989 3460 5043 quam
3495 4980 3673 5043 tamen

2096 5046 2521 5108 translationem,
2549 5041 2728 5098 nescio
2755 5061 2819 5098 an
2845 5047 2981 5114 apud
3006 5047 3106 5100 hoc
3136 5041 3667 5114 monasterium_acci-

2096 5115 2252 5178 derit,
2285 5117 2426 5183 quod
2454 5114 2567 5169 Odo
2594 5111 2960 5170 Cluniacensis
2989 5114 3036 5178 i,
3069 5113 3392 5169 Ilelinandns
3417 5113 3463 5174 ιί,
3496 5111 3668 5179 Magni

2093 5183 2345 5240 Chronici
2373 5185 2569 5253 Belgici
2614 5185 2916 5253 scriptor‘,
2949 5195 3002 5241 et
3041 5186 3127 5238 alii
3167 5184 3380 5253 plurimi
3426 5191 3669 5238 narrant.

2171 5320 2192 5356 ε
2221 5318 2388 5387 Epist.
2425 5317 2570 5387 175.7
2855 5323 2874 5340 ο

2167 5389 2188 5462 ⁵1
2223 5386 2370 5468 Libi'.
2402 5403 2416 5439 l
2450 5388 2516 5466 de
2543 5386 2690 5468 gest.
2718 5387 2897 5443 Caroli
2921 5388 3122 5468 ᾕρειιῇ

2175 5459 2186 5495 ι
2223 5456 2446 5523 Prolngo
2481 5457 2533 5508 in
2561 5458 2735 5511 Vitam
2765 5458 2930 5510 sancti
2966 5456 3293 5510 Willihrorili

2171 5538 2189 5601 !_
2219 5525 2274 5577 In
2309 5526 2561 5579 Tractatu
2595 5529 2660 5581 de
2688 5527 3034 5579 translatione
3059 5528 3301 5594 corporis
3328 5525 3496 5580 satuti
3528 5524 3666 5580 Mar»
3699 5572 3704 5578 .

2098 5607 2214 5646 11111.
3067 5637 3073 5643 .

2170 5665 2190 5733 ιτ
2225 5664 2373 5728 Apud
2407 5664 2743 5719 Vincentium
2774 5665 2944 5719 Belac.
2983 5667 3103 5721 libr.
3141 5682 3289 5720 χχιιι.
3325 5681 3436 5733 cap.
3483 5665 3596 5716 173.

2180 5731 2188 5767 l
2227 5733 2302 5783 ,ιιι
2339 5749 2534 5788 annum
2566 5735 2684 5786 770.
