4220 6210
573 377 672 429 119

1097 375 1189 427 AD
1230 375 1288 429 Β.
1329 375 1390 429 ι’.
1435 374 1736 430 ALBINL'H
1772 374 1901 430 SEU
1943 374 2139 430 ALClI—l

2163 375 2296 430 NUM
2339 374 2401 428 D.
2444 374 2883 442 QL'ERCETANI
2922 375 3313 432 PRJL'FATIO.

3730 381 3826 436 120

571 502 758 560 oinnes
788 485 924 560 illius
951 487 1262 560 monachos,
1294 495 1587 560 unanocte
1607 486 1677 560 ab
1709 485 1912 560 angelis
1941 487 2149 560 occisos
2181 493 2222 546 Α
2254 486 2415 560 riensi
2444 485 2643 560 futuro,
2671 488 3026 560 consecravit.
3072 486 3412 560 Eneliiridiun
3443 505 3674 560 quoque,
3715 493 3828 548 sive

572 557 754 618 fuisse,
782 556 905 624 quia
943 555 1226 624 pnt'teritze
1268 555 1540 624 religionis
1572 555 1722 609 obliti
1748 556 1934 610 sericis
1965 558 2150 611 indue-

572 628 767 680 bantur
800 625 1056 689 vestibus,
1109 625 1484 692 deauratisque
1527 625 1903 679 calceamentis
1938 626 2150 681 incede-

570 697 699 750 bant
739 713 750 747 :
791 703 1016 763 excepto
1062 694 1152 747 illo
1198 693 1340 754 solo,
1385 696 1476 763 qui
1525 695 1743 763 angelos
1789 696 2151 762 percutientes

571 767 720 827 vidit,
749 775 803 818 ct
843 775 900 817 ut
947 764 1012 817 ad
1055 763 1427 832 pmnitcntiam
1457 766 1716 833 agemlam
1760 777 2145 828 reservaretur,

567 851 661 888 eos
685 834 879 894 oravit,
907 849 969 887 ac
991 835 1204 886 tandem
1234 838 1495 886 exoravit.
1533 833 1831 887 Adeniarus
1871 835 2014 887 enim
2045 836 2149 889 En-

570 905 906 970 golismensis
929 905 1028 957 hoc
1057 904 1107 954 in
1135 903 1286 970 longe
1314 905 1606 970 posteriora
1633 911 1870 972 tempora
1889 903 2076 972 rejicit.
2095 915 2150 958 et

569 974 671 1025 alia
700 974 766 1027 de
795 989 953 1028 causa
981 973 1180 1039 pariter
1219 973 1476 1027 accidisse
1506 975 1583 1026 sic
1610 972 1835 1025 allirmat
1868 991 1878 1024 :
1922 992 1937 1022 ι
1972 975 2146 1038 Tunc,

570 1043 741 1110 inquit
770 1055 816 1105 η,
846 1043 1048 1096 scilicet
1085 1041 1277 1095 Carolo
1313 1042 1478 1095 Calvo
1510 1051 1782 1110 regnante,
1811 1044 1978 1096 sancti
2010 1044 2148 1096 Mar—

567 1113 664 1166 tini
694 1114 942 1167 monachi
973 1113 1312 1166 'l‘uroneases
1353 1113 1562 1164 nemine
1597 1122 1840 1180 cogente,
1883 1122 2005 1165 ante
2030 1130 2147 1167 cor-

567 1197 667 1249 pus
715 1183 978 1251 ejusdem,
1031 1181 1238 1249 abjecto
1290 1183 1534 1234 monachi
1586 1182 1884 1243 schemate,
1931 1183 2145 1236 schema

569 1253 794 1306 induunt
823 1251 1132 1306 canonicale
1161 1265 1174 1301 :
1205 1251 1296 1303 sed
1326 1265 1445 1303 mox
1476 1252 1527 1304 in
1560 1251 1638 1304 eis
1662 1251 1826 1319 pestis
1857 1252 2042 1314 irruit,
2090 1261 2149 1306 ut

569 1337 672 1375 una
695 1332 850 1378 nocte
872 1337 1058 1375 omnes
1088 1329 1447 1382 morerentur,
1469 1331 1522 1373 et
1551 1322 1615 1374 de
1646 1322 1849 1390 reliquo
1872 1339 1900 1374 a
1929 1323 2147 1375 canoni-

565 1392 644 1446 cis
669 1393 779 1460 ipsc
803 1392 1131 1445 inhabitatur
1169 1390 1336 1443 locus.
1369 1410 1386 1442 ι
1421 1390 1548 1456 Quae
1591 1393 1750 1444 verba
1798 1392 1927 1460 mihi
1968 1395 2147 1460 suspi-

563 1463 773 1517 cionem
824 1461 1106 1530 injiciunt,
1157 1475 1255 1512 nec
1299 1464 1679 1530 usquequaque
1731 1461 1901 1515 adhuc
1938 1471 2144 1515 certum

564 1547 703 1594 esse,
727 1533 869 1600 quorl
897 1533 950 1583 in
977 1529 1240 1583 Chronico
1273 1530 1567 1584 'l'uronensi
1600 1532 1866 1598 reperitur
1895 1551 1905 1583 :
1945 1548 1962 1581 ι
1992 1533 2147 1587 Anno

564 1601 668 1655 796
698 1601 946 1655 Carolum
977 1615 1154 1663 regem
1193 1601 1485 1653 instituisse
1516 1602 1806 1655 canonicos
1839 1602 1890 1654 in
1919 1601 2144 1655 ecclesia

564 1672 707 1724 beati
741 1671 953 1724 Martini
985 1671 1330 1731 Turonensis,
1361 1671 1682 1722 auctoritate
1722 1670 1938 1725 Adriani
1973 1685 2142 1739 papae,

563 1741 748 1809 eisque
770 1752 1012 1794 sanctum
1044 1739 1362 1793 Alcboinum
1386 1741 1699 1807 magistrum
1722 1755 1874 1797 suum
1897 1741 2143 1796 abbatem

562 1811 890 1882 pnet‘ecisse.
930 1832 948 1861 ι

1153 1899 1378 1955 CAPUT
1423 1901 1556 1954 XVI.

563 1994 760 2047 Carolo
805 1991 997 2062 Magno
1024 1993 1124 2062 fuit
1171 2009 1202 2044 a
1231 1994 1482 2054 consiiiis,
1525 2003 1571 2044 et
1616 1993 1679 2044 ab
1706 2010 1764 2044 eo
1803 1991 2022 2046 Romam
2065 1995 2141 2048 le-

1260 2073 1431 2130 gntus.

633 2152 896 2209 Cteterum
924 2154 1009 2207 vir
1037 2162 1116 2207 tot
1140 2161 1195 2205 et
1225 2161 1332 2205 tam
1364 2153 1639 2221 pneclaris
1669 2155 1899 2209 abbatiis
1940 2156 2142 2210 ditatus

562 2239 668 2276 non
700 2223 872 2276 solum
897 2224 976 2277 eis
1006 2237 1198 2292 magna
1228 2224 1529 2277 sanctitatis
1575 2239 1637 2276 ac
1665 2225 1922 2277 doctrinm
1971 2225 2140 2291 gloria

562 2292 811 2362 pnefuit,
867 2293 962 2346 sed
1015 2302 1070 2345 et
1121 2309 1150 2345 a
1198 2293 1445 2363 civilibus
1496 2293 1718 2363 interim
1781 2294 2010 2363 negotiis
2077 2310 2140 2350 ac

565 2363 872 2431 reipublicae
900 2378 1044 2432 cura
1081 2375 1187 2416 n0n
1234 2361 1422 2416 abfuit.
1461 2362 1594 2415 Nam
1637 2361 1873 2417 Carolus
1920 2363 2140 2432 Magnus

565 2433 712 2486 illum
741 2431 982 2486 consiliis
1015 2433 1117 2502 sibi
1150 2447 1362 2499 semper
1390 2433 1636 2486 intimum
1662 2432 1788 2488 fecit
1808 2475 1820 2497 ,
1850 2431 2141 2502 omniaque

565 2523 581 2553 ι
623 2503 914 2570 imperialis
939 2501 1092 2563 aulzr,
1124 2512 1177 2556 et
1209 2502 1406 2569 majora
1437 2504 1647 2571 negotia
1668 2543 1680 2564 ,
1712 2520 1823 2558 sua)
1850 2501 2135 2558 discretim

557 2574 642 2626 nis
670 2573 892 2628 arbitrio
923 2571 1190 2635 dillinivit,
1225 2593 1240 2619 ι
1280 2573 1449 2640 inquit
1476 2573 1816 2628 ani-torViue
1843 2575 2014 2628 sancti
2041 2574 2133 2627 ΑΙ-

557 2643 692 2696 drici
739 2640 1068 2697 Senonensis
1103 2643 1512 2711 archiepiscopi.
1544 2642 1722 2707 Quare
1759 2652 1812 2694 et
1857 2645 1924 2696 ab
1970 2658 2034 2696 eo
2083 2646 2134 2697 in

558 2712 737 2781 aulam
767 2728 908 2781 saepe
943 2714 1236 2765 accersitus
1260 2712 1455 2780 legitur
1479 2713 1526 2776 δ,
1562 2713 1687 2765 (Ιιιιιι
1722 2714 1916 2767 absens
1952 2723 2132 2767 esset:

554 2795 619 2834 ac
647 2780 870 2834 Romam
897 2783 1059 2835 etiam
1083 2783 1148 2834 de
1171 2782 1394 2849 justitiis
1417 2783 1584 2836 sancti
1613 2782 1757 2838 Petri
1789 2793 1973 2837 contra
1997 2783 2138 2837 Lon-

556 2849 916 2923 gobardorum
969 2867 1148 2923 regem
1196 2852 1546 2920 inquisiturus
1587 2871 1689 2906 una
1738 2871 1858 2907 cum
1901 2853 2135 2923 Georgio

477 2965 483 2970 .
556 2922 826 2990 episcopo,
870 2930 925 2975 et
951 2921 1208 2994 Gulfardo
1238 2924 1448 2994 abbate,
1481 2925 1547 2976 ab
1578 2925 1764 2994 eodem
1797 2925 2036 2994 principe
2051 2921 2135 2979 le.

556 2999 710 3058 gatus
762 3003 864 3054 est,
912 3000 971 3045 ut
1028 2991 1193 3045 refert
1250 2991 1566 3047 Anastasius
1610 2991 1859 3047 Biblioth.
1909 2991 1986 3047 in'
2015 2995 2134 3048 Vita

554 3061 776 3134 ᾼόιῆιιιιί
800 3060 820 3115 1
845 3075 1019 3134 ιιιιρτι)ἶ
1041 3060 1282 3134 Cumque
1298 3061 1451 3134 inter
1473 3062 1642 3116 Oll'am
1660 3078 1836 3134 regem
1854 3072 1908 3116 et
1933 3065 2133 3118 dictum

555 3130 807 3200 Carolum
846 3130 1057 3200 aliquid
1085 3130 1434 3186 dissensionis
1479 3130 1743 3188 exortunf
1758 3133 1965 3194 fuisset,
1996 3151 2134 3188 unus

557 3197 733 3252 adhuc
767 3215 876 3273 pra:
913 3197 1122 3254 caeteris
1159 3211 1240 3273 est
1274 3202 1500 3273 elccws,
1532 3203 1622 3271 qui
1658 3218 1757 3273 pro
1781 3219 1912 3273 pace
1935 3205 1989 3258 in
2019 3205 2135 3260 illas

557 3279 740 3344 partes
767 3271 1071 3344 mitteretur
1094 3282 1138 3323 ε.
1179 3271 1419 3344 Denique
1458 3271 1682 3326 Romam
1712 3271 1960 3344 cogitans,
1993 3275 2136 3344 idem

555 3337 780 3411 Carolus
810 3355 950 3405 anno
975 3340 1080 3395 800
1099 3343 1303 3411 Optavit
1333 3337 1514 3396 Secum
1557 3358 1679 3396 eum
1723 3337 1919 3398 du'cere
1941 3343 1988 3396 ἀ.
2029 3343 2137 3398 Sed

557 3408 764 3463 duabus
797 3411 1037 3479 epistolis
1065 3408 1341 3465 excusavit
1367 3426 1446 3473 se,
1475 3411 1622 3463 fumo
1662 3413 1933 3465 sordentia
1965 3413 2138 3468 Turo—

557 3494 748 3551 norum
764 3489 901 3534 tecta
919 3481 1122 3533 auratis
1137 3480 1502 3551 Romanorum
1516 3482 1730 3534 arcibus
1745 3498 2061 3551 prasponens
2079 3495 2132 3535 ετ

557 3550 868 3617 rogavitque
919 3566 1120 3618 regem,
1150 3559 1208 3602 ut
1231 3548 1527 3604 dimitteret
1556 3566 1678 3604 eum
1707 3548 1935 3606 ﬁdeliter
1960 3560 2014 3606 et
2055 3554 2136 3606 in-

555 3620 1126 3691 stanterorationilnis
1158 3635 1279 3674 cum
1321 3620 1816 3691 Deoscrvientibus
1848 3623 1986 3691 apud
2012 3638 2135 3677 sau-

554 3698 701 3742 cttun
733 3689 1153 3762 Martinumitcr
1176 3706 1331 3762 squm
1359 3690 1616 3762 adjuvare
1647 3690 1688 3743 τ.
1720 3692 1833 3757 Qua
1876 3689 2134 3762 re‘impe-

555 3768 718 3823 trata,
766 3762 966 3835 certior
1013 3761 1185 3814 factus
1211 3759 1462 3835 Caro‘lnm
1493 3760 1682 3835 Qaliici
1731 3763 1930 3835 littoris
1956 3759 2136 3835 perlu-

553 3838 728 3883 strare
755 3830 886 3882 velle
913 3829 1082 3892 littus,
1113 3841 1402 3896 antequam
1431 3831 1482 3882 in
1518 3830 1725 3883 italiam
1762 3829 2131 3893 descenderet,

553 3901 948 3968 occurrendum
1000 3908 1176 3950 tamen
1230 3899 1300 3950 illi
1359 3900 1567 3968 putavit
1605 3900 1656 3951 in
1709 3900 1935 3954 Centulo
1993 3902 2132 3967 apud

552 3976 800 4024 sanctum
826 3967 1136 4020 Richariuin
1166 3987 1177 4020 :
1206 3967 1388 4035 ibique
1415 3984 1538 4022 cum
1561 3984 1624 4021 eo
1649 3969 1961 4023 Paschalem
1988 3970 2135 4024 festi-

553 4040 775 4091 vitatem
831 4038 1109 4092 celebrans
1134 4040 1178 4096 ⁸.
1225 4038 1455 4106 scripsit.
1491 4053 1581 4092 seu
1610 4041 1788 4106 potius
1825 4041 2126 4095 emendavit

555 4110 731 4161 Vitam
758 4106 997 4174 ejusdem
1022 4109 1191 4162 sancti
1225 4107 1462 4179 llicharii
1495 4110 1840 4172 confessoris,
1870 4127 2030 4179 quam
2077 4119 2130 4166 et

553 4179 654 4257 ipsi
690 4179 800 4248 regi
827 4179 1072 4250 piissimo
1098 4177 1288 4234 Carolo
1317 4179 1583 4233 dedicavit
1610 4180 1832 4249 epistola
1858 4177 2130 4251 nuncupa-

552 4259 710 4300 toria.

1141 4339 1366 4395 CAPUT
1402 4341 1559 4394 XVII.

550 4427 741 4482 Docuit
759 4426 981 4480 Turonis
1004 4429 1071 4480 ad
1096 4438 1378 4500 extremum
1404 4429 1519 4482 vitw
1539 4431 1697 4500 diem,
1720 4430 1891 4500 ibique
1901 4430 2129 4499 plurima

1085 4498 1345 4552 volumina
1367 4499 1594 4568 scripsit.

620 4600 748 4653 Inde
785 4608 972 4671 autem
1020 4599 1265 4654 Turonos
1319 4616 1586 4668 reversus,
1645 4617 1806 4671 quam
1847 4603 1916 4656 ab
1972 4603 2126 4659 initio

548 4672 673 4723 vita:
697 4669 1310 4740 ratlonenrinstituerat,
1339 4671 1406 4723 ad
1427 4669 1729 4740 extremum
1757 4687 1926 4740 usque
1952 4674 2126 4728 astatis

551 4755 662 4793 suae
689 4738 833 4790 diem
880 4737 1118 4808 retinnit.
1152 4739 1228 4791 lbi
1256 4741 1398 4808 enim
1442 4739 1528 4808 pie
1571 4737 2042 4808 sanctequevixit,
2072 4753 2127 4795 et

543 4809 883 4878 juventutem
925 4805 1183 4878 Gallicam
1212 4805 1456 4878 erudire
1495 4805 1818 4862 continuatis
1859 4807 2126 4878 frequenti

547 4873 712 4933 etiam
748 4893 811 4932 ac
846 4873 1101 4945 frugifbra
1142 4876 1470 4930 voluminum
1500 4878 1733 4932 editione
1776 4873 1988 4934 laudem
2024 4881 2127 4933 sibi

550 4963 821 5018 nunquam
894 4946 1213 5018 morituram
1277 4948 1502 5018 peperit.
1585 4946 1928 5018 Potissimum
1998 4963 2128 5003 vero

551 5017 897 5081 Orimstiones,
961 5016 1132 5087 velut
1181 5016 1294 5086 ipse
1345 5016 1522 5079 vocat,
1577 5016 2019 5087 lnterrogationes
2065 5019 2128 5071 de

550 5089 682 5141 libro
705 5087 959 5141 Geneseos
996 5086 1104 5140 illic
1140 5088 1460 5153 composuit,
1503 5105 1566 5140 ac
1593 5104 1686 5142 eas
1715 5086 1923 5155 Sigulfo
1954 5089 2127 5140 veteri

549 5167 602 5210 et
649 5157 920 5212 individuo
946 5157 1112 5219 socio,
1141 5157 1546 5224 successorique
1588 5157 1642 5210 in
1674 5158 1890 5213 abbatia
1929 5156 2125 5210 Ferra—

622 5302 646 5328 ·
677 5289 732 5343 In
758 5290 1044 5345 Chronico.

621 5359 650 5398 δ
680 5360 849 5427 Epist.
884 5360 986 5414 109
1015 5370 1068 5414 et
1107 5360 1220 5414 152.

623 5439 644 5465 ⁸
677 5429 992 5485 Guillelmus
1019 5430 1291 5485 Malmesb.
1333 5431 1452 5483 libr.
1485 5430 1574 5485 cit.
1605 5432 1708 5487 3et
1736 5432 1788 5484 4.

621 5498 647 5535 ἀ
681 5499 848 5566 Epist.
878 5497 947 5552 96
977 5509 1031 5553 et
1067 5500 1183 5553 l09.

625 5579 649 5604 ο
682 5569 846 5635 Epist.
883 5568 1000 5621 l09.

629 5639 646 5672 τ
687 5637 854 5704 Epist.
893 5637 981 5689 96.

625 5710 650 5747 ι
689 5707 806 5760 Vita
842 5707 1017 5780 Caroli
1073 5707 1269 5780 Magni,
1303 5723 1352 5766 et
1399 5711 1608 5766 Meuini
1655 5714 1897 5780 praefatio
1944 5715 1992 5767 in
2047 5715 2126 5767 ιι-

551 5793 659 5837 tam
693 5778 859 5833 sancti
894 5777 1164 5833 Richareli.

2254 557 2398 644 piam
2425 570 2488 644 ac
2510 556 2732 644 brevem
2777 557 3163 644 espositionem
3206 559 3258 611 in
3287 556 3826 644 ⁸(ιυοεᾱιτιιιιξειειψιξοι

2255 633 2382 679 tunc
2421 625 2737 697 elaboravit.
2773 624 2915 697 iltem
2945 624 3524 697 Coniiiientarid_super
3563 624 3828 684 Ecclesia-

2252 704 2384 766 sten,
2436 711 2556 764 qua:
2607 695 3286 766 dilectissimisdiscipulis
3329 694 3478 751 Onia:
3521 699 3826 766 sacerdoti,

2251 764 2490 838 C_and_ii_lo
2514 766 2851 838 presbytero,
2878 774 2932 818 et
2954 765 3270 838 _l\'athanae_li
3300 766 3525 821 diacono
3552 764 3824 838 nuncupaQ

2253 835 2346 885 vit.
2395 832 3164 905 Nec—non'luculentissimos
3213 835 3331 889 illos
3363 846 3553 905 septem
3595 832 3824 892 aliorum

2252 904 2741 972 commentariorum
2767 903 2944 965 libros,
2969 919 3104 972 quos
3133 905 3198 956 ad
3229 903 3538 972 petitionem
3571 905 3732 961 Gislzn
3769 918 3825 961 et

2253 971 2575 1045 Iticbtrudte
2621 972 2729 1045 Deo
2780 971 3091 1045 dicatarum
3146 971 3440 1043 virginum,
3491 990 3827 1045 suarumque

2251 1041 2520 1115 quondam
2565 1043 2616 1094 in
2636 1042 2845 1115 Anglia
2870 1041 3272 1115 discipularum,
3300 1060 3457 1115 super
3482 1041 3825 1115 Evangetium

2249 1112 2418 1162 sancti
2451 1111 2676 1184 Joannis
2705 1113 2985 1184 exaravit.
3007 1111 3273 1184 Praeterea
3299 1111 3476 1184 ρπυιί
3518 1111 3662 1184 regis
3685 1129 3827 1184 pra:-

2251 1189 2421 1247 cepto,
2460 1189 2583 1233 lttttC
2610 1183 2770 1234 etiam
2812 1181 3021 1235 Veteris
3047 1196 3111 1236 ac
3149 1180 3277 1235 Novi
3306 1180 3635 1237 Testamenti
3675 1180 3827 1239 Scri-

2250 1261 2436 1317 pturas
2458 1263 2645 1304 omnes
2671 1251 2925 1312 correxit,
2951 1260 3005 1303 et
3029 1259 3297 1306 conectas
3327 1251 3398 1304 illi
3422 1268 3452 1306 e
3477 1261 3667 1306 sancto
3689 1253 3826 1308 Mar-

2251 1320 2363 1372 tino
2389 1320 2755 1390 transmisith.
2792 1318 3108 1374 Psalterium
3151 1321 3460 1374 Davidicum
3495 1337 3592 1390 per
3615 1322 3823 1377 hebdo-

2250 1390 2460 1460 madam
2509 1387 2794 1460 disposuit,
2833 1390 2973 1460 quod
3017 1391 3116 1442 sub
3143 1387 3823 1460 inscriptioneOﬂiciorum

2247 1459 2530 1530 perferias
2553 1476 2585 1511 a
2611 1458 2816 1530 Joanne
2863 1459 3264 1530 lia/cogebatur,
3297 1461 3476 1527 itaque
3501 1475 3531 1530 a
3563 1458 3716 1516 nobis
3756 1477 3824 1516 ex

2249 1528 2628 1600 antiquissimo
2696 1528 2883 1600 codice
2939 1529 3038 1581 viri
3100 1529 3444 1600 illustrissimi
3504 1528 3617 1583 Jac.
3680 1532 3821 1600 Aug.

2249 1598 2459 1653 'l‘buani
2491 1612 2632 1650 nunc
2659 1598 2894 1665 primum
2923 1600 3125 1652 editum
3151 1607 3252 1652 est.
3286 1599 3541 1654 llomilias
3565 1614 3658 1654 seu
3688 1598 3820 1654 con-

2248 1670 2430 1721 ciones
2461 1682 2556 1736 per
2583 1683 2780 1719 annum
2807 1668 3054 1736 legendas
3077 1684 3142 1720 ex
3174 1669 3409 1736 antiquis
3437 1667 3688 1724 Ecclesia:
3719 1670 3822 1724 Pa-

2247 1738 2422 1792 tribus
2452 1735 2665 1806 collegit
2697 1739 2739 1789 ί.
2787 1735 3006 1790 Librum
3049 1737 3124 1790 De
3166 1735 3436 1792 rirluiibns
3481 1747 3531 1790 et
3579 1739 3714 1792 vitiis
3752 1740 3822 1791 ad

2175 1817 2223 1877 Β
2253 1806 2531 1877 Widonem
2584 1808 2697 1860 sive
2727 1806 3022 1877 Wittonem
3053 1807 3243 1862 Marem
3287 1807 3610 1861 Britannicae
3657 1809 3825 1863 comi-

2249 1887 2356 1932 tem
2391 1874 2403 1925 i
2447 1877 2702 1946 scripsit:
2717 1875 2974 1946 Libellum
3016 1877 3079 1930 de
3111 1876 3464 1942 Antichristo,
3493 1891 3652 1946 quem
3684 1895 3824 1932 non-

2247 1947 2376 2019 nulli
2409 1948 2638 2019 antehac
2669 1945 2938 2019 Rhabano,
2975 1946 3189 2019 quidam
3216 1948 3376 2019 etiam
3411 1945 3599 2002 sancto
3623 1948 3822 2019 AAugu-

2246 2017 2391 2069 stino
2439 2015 2765 2078 tribuerunt,
2825 2014 3176 2068 elucubravit.
3242 2014 3408 2069 Vitam
3459 2028 3507 2071 et
3563 2014 3822 2070 miracula

2244 2085 2413 2157 sancti
2446 2083 2662 2157 Martini
2694 2085 2794 2157 sub
2820 2086 3136 2157 compendio
3166 2085 3391 2157 miriﬁce
3422 2087 3669 2139 arctavit.
3695 2087 3822 2157 Epi-

2245 2156 2412 2210 stolas
2437 2153 2667 2222 denique
2687 2154 2884 2208 multas
2905 2155 3205 2208 eruditione
3226 2155 3408 2223 plenas
3434 2157 3501 2208 ad
3522 2153 3818 2210 Adriamim

2243 2234 2298 2278 et
2325 2224 2556 2278 Leonem
2581 2239 2834 2295 summos
2867 2224 3172 2295 pontiﬁces,
3204 2226 3268 2276 ad
3319 2225 3820 2295 gloriosumﬂregem

2243 2295 2510 2364 Carolam,
2532 2293 2597 2364 ad
2615 2293 2993 2364 Angelbertum
3017 2293 3384 2364 primicerium
3408 2293 3819 2364 palatiiPippini

2245 2365 2404 2432 regis,
2435 2362 2500 2415 ad
2534 2361 2919 2432 Megenfridum
2946 2363 3140 2432 regalis
3169 2363 3350 2431 palatii
3382 2361 3721 2429 a’rcharium',’
3747 2365 3817 2418 ad

2241 2433 2484 2488 Alricum
2535 2434 2646 2485 sive
2694 2431 2979 2486 Ebericum
3016 2431 3212 2502 iducem
3254 2433 3704 2502 Forojuliensem,
3751 2435 3818 2488 ad

2244 2503 2646 2571 Magenbarium
2703 2503 2955 2556 comitem
3008 2499 3400 2566 Scnonensem,
3457 2505 3523 2557 ad
3571 2503 3816 2556 Flavium

2243 2573 2532 2626 llomerum
2584 2571 2759 2625 Caroli
2803 2572 2945 2639 regis
2993 2572 3396 2636 auricularium,
3429 2573 3493 2626 ad
3533 2571 3814 2626 Paulinum

2241 2643 2604 2712 patriarcham
2630 2641 3044 2712 Aquileiensem,
3064 2643 3128 2695 ad
3158 2641 3476 2696 Laidradum
3501 2641 3817 2712 Lugdunen-

2239 2711 2350 2766 SCIII
2372 2722 2426 2766 et
2445 2712 2740 2766 Nefridium
2767 2711 3167 2766 Narbonensem
3192 2712 3489 2779 episcopos,
3518 2719 3572 2765 et
3591 2711 3657 2765 ad
3683 2711 3818 2766 alios

2238 2783 2420 2850 plures
2458 2797 2667 2851 magna:
2701 2782 3042 2851 auctoritatis
3094 2795 3158 2834 ac
3202 2783 3453 2848 potentiae
3488 2782 3633 2835 viros
3677 2782 3819 2836 seri-

2237 2849 2362 2920 psit.
2397 2852 2528 2904 Nam
2555 2849 2620 2904 de
2647 2851 2764 2903 aliis
2788 2849 2904 2916 ejus
2926 2851 3077 2902 libris
3108 2866 3213 2903 non
3245 2851 3376 2920 adeo
3401 2851 3557 2920 plane
3575 2860 3814 2915 constat,

2237 2919 2328 2974 ubi
2360 2921 2439 2974 vel
2466 2921 2680 2988 quando
2711 2920 2993 2988 compositi
3037 2928 3161 2974 sunt
3192 2935 3205 2972 :
3248 2919 3364 2974 Vita
3395 2919 3655 2974 duntaxat
3683 2937 3815 2974 san-

2237 2991 2307 3060 cti
2354 2989 2718 3060 H’illibrordi,
2762 3006 2917 3059 quam
2964 2991 3017 3043 in
3067 2989 3286 3060 Anglia;
3340 2991 3815 3060 Rhetoricisqueiet

2243 3059 2538 3114 Dialecticis
2564 3058 2992 3130 prwceptionibus
3010 3100 3024 3122 ,
3053 3073 3186 3127 quas
3225 3059 3278 3111 in
3309 3060 3504 3128 palatio
3540 3058 3675 3130 regis
3703 3058 3815 3112 ela-

2240 3131 2472 3194 boravit,
2521 3131 2780 3198 exceptis.
2809 3129 3119 3198 Tribuimus
3150 3143 3277 3198 vero
3322 3130 3483 3181 etiam
3530 3129 3604 3182 illi
3632 3130 3814 3198 Libros

2241 3194 2701 3254 Sacramentorum
2733 3214 2796 3251 ac
2826 3197 2903 3250 De
2939 3197 3127 3248 divinis
3157 3194 3371 3266 Officiis,
3402 3198 3525 3265 quia
3557 3199 3657 3252 sub
3696 3195 3814 3265 ejus

2239 3270 2455 3323 nomine
2493 3269 2606 3336 jam
2640 3266 3095 3336 antehacgexcusi
3142 3275 3284 3328 sunt,
3338 3268 3440 3321 etsi
3479 3280 3577 3320 nec
3635 3268 3814 3334 conje-

2237 3339 2406 3393 cturis
2453 3333 2814 3399 déstituimur,
2848 3333 3094 3389 ultimum
3141 3337 3209 3391 ab
3240 3351 3305 3390 eo
3335 3352 3610 3405 nunquam
3647 3333 3814 3391 fuiSse

2238 3409 2624 3476 conscriptum.
2657 3406 2861 3477 Auctor
2887 3406 3030 3460 enim
3060 3406 3199 3461 illius
3234 3407 3478 3477 quisquis
3509 3408 3595 3468 sit,
3626 3405 3815 3462 @allia:

2236 3476 2510 3530 Braccata'.
2558 3476 2785 3532 incolam
2842 3493 2899 3532 se
2947 3477 3227 3544 proﬁtetur
3255 3476 3407 3547 '(eap.
3448 3477 3539 3544 54)
3575 3495 3594 3547 εν
3627 3490 3814 3530 exem-

2236 3547 2459 3628 plarque
2485 3557 2698 3628 vetusto
2736 3547 2873 3618 stylo
2901 3557 3199 3628 exaratum,
3226 3546 3615 3628 cujusnopenig
3638 3547 3814 3615 capita

2236 3616 2440 3688 integra
2490 3616 2864 3688 restituimu‘s,
2897 3620 3245 3685 quaestionem
3276 3617 3342 3688 de
3373 3616 3648 3688 ﬂatalitiis
3688 3630 3812 3668 san-

2235 3686 2443 3741 ctorum
2473 3689 2630 3757 capiti
2665 3689 2726 3741 l8
2754 3686 3088 3751 subjunctam
3126 3687 3348 3740 ascribit
3372 3686 3604 3757 Elprieo
3626 3699 3813 3757 mona-

2235 3758 2358 3820 cbo,
2387 3759 2478 3824 qui
2505 3753 2656 3826 juxta
2687 3757 3040 3810 Trithemium
3071 3757 3255 3808 ﬂoruit
3286 3771 3428 3826 anno
3479 3754 3614 3808 1040
3645 3762 3697 3806 et
3727 3753 3814 3807 de-

2237 3841 2383 3878 mum
2417 3827 2468 3878 in
2503 3825 2568 3879 eo
2595 3829 2734 3894 (cap.
2781 3826 2870 3892 32)
2904 3826 3208 3878 festivitatis
3235 3825 3473 3878 omnium
3501 3833 3809 3878 sanctorum

2235 3895 2501 3950 institutio
2555 3895 2808 3948 Kalendis
2870 3894 3259 3948 Novembribus
3304 3904 3653 3958 memoratur,
3703 3909 3812 3958 quo

2233 3965 2318 4018 die
2347 3974 2525 4020 tamen
2555 3980 2673 4018 eam
2709 3964 2862 4034 longe
2908 3974 3024 4034 post
3068 3964 3279 4018 Alcuini
3307 3967 3514 4018 obitum
3541 3965 3596 4019 in
3638 3963 3812 4034 Gallia

2234 4049 2297 4089 ac
2336 4034 2624 4089 Germania
2670 4033 3213 4104 celebraricoepisse,
3256 4035 3461 4089 scilicet
3504 4051 3645 4090 anno
3685 4033 3810 4097 8'55,

2232 4120 2296 4158 ex
2351 4105 2630 4175 Sigeberto
2671 4115 2725 4158 et
2768 4107 2889 4159 aliis
2932 4101 3086 4159 facile
3122 4105 3364 4175 discitur.
3403 4104 3672 4173 Quidquid
3715 4105 3809 4164 sit,

2232 4173 2462 4243 plurima
2507 4176 2728 4241 insuper
2771 4176 2887 4242 ejus
2915 4177 3110 4240 scripta
3153 4173 3581 4243 feruntur,_qu:e
3605 4183 3811 4241 tempo-

2234 4241 2353 4298 rum
2381 4245 2493 4298 sive
2519 4243 2709 4311 injuria
2742 4241 2853 4296 sive
2880 4244 3200 4312 negligentia
3231 4243 3404 4295 adhuc
3430 4241 3618 4294 latent.

2796 4347 3019 4403 CAPUT
3057 4347 3237 4402 XVlll.

2493 4437 2623 4508 Ejus
2660 4439 2848 4502 obitas,
2889 4438 3154 4509 sepultura
3189 4450 3236 4493 et
3270 4443 3540 4495 sanctitas.

2152 4500 2206 4560 Β
2303 4531 2405 4585 Tot
2453 4531 2622 4601 igitur
2659 4548 2720 4586 ac
2770 4541 3038 4585 tantorum
3099 4532 3296 4601 ingenii
3359 4543 3807 4591 ornamentorum

2230 4600 2632 4673 lauderelakrus,’
2660 4603 2764 4673 sub
2796 4603 2986 4657 umbra
3023 4600 3275 4673 potentiae
3324 4611 3379 4655 et
3431 4603 3530 4673 sub
3573 4605 3811 4673 tegmine

2228 4672 2444 4742 pietatis
2480 4670 2656 4725 Caroli
2695 4672 2997 4742 religiosam
3046 4672 3247 4725 ducens
3285 4673 3451 4742 vitam
3497 4672 3523 4711 ι
3576 4691 3588 4725 :
3634 4670 3809 4730 totam

2231 4741 2561 4794 inﬁrmitatis
2624 4741 3024 4806 senectutisque
3089 4755 3200 4792 sua:
3264 4741 3686 4796 consolationem
3753 4744 3808 4797 in

2230 4810 2397 4863 Deum
2453 4810 2758 4870 intendens,
2815 4808 2956 4860 inter
3004 4807 3201 4861 fratres
3246 4809 3298 4861 in
3349 4810 3574 4863 ecclesia
3635 4813 3807 4865 sancti

2230 4878 2443 4934 Martini
2491 4877 2600 4930 Deo
2641 4878 2868 4932 ﬁdeliter
2904 4879 3216 4940 servientes,
3249 4879 3464 4931 tandem
3504 4880 3642 4932 sicut
3666 4880 3808 4934 desi-

2231 4949 2471 5012 derabat,
2526 4945 2754 5000 feliciter
2802 4945 3110 5015 requievitl
3159 4964 3296 4999 anno
3339 4946 3536 5000 Christi
3575 4946 3678 5002 804
3723 4965 3808 5004 se-

2229 5019 2463 5072 cundum
2514 5017 2750 5070 omnium
2790 5031 2926 5083 pene
2965 5018 3309 5084 antiquorum
3356 5018 3720 5070 testimonium
3742 5031 3804 5083 πι,

2229 5098 2283 5141 et
2306 5089 2370 5141 ad
2398 5086 2516 5141 (δαδιί
2543 5087 2759 5155 prazmia
2790 5087 3008 5140 evolans
3041 5102 3129 5139 XIV
3158 5086 3273 5138 Kal.
3300 5084 3506 5149 Junias,
3537 5088 3589 5140 in
3619 5088 3808 5143 eadem

2229 5158 2458 5212 ecclesia
2484 5173 2606 5211 cum
2629 5157 2919 5225 epitaphio,
2958 5158 3099 5227 quod
3123 5157 3234 5224 ipse
3274 5157 3373 5210 sibi
3406 5158 3589 5210 vivens
3615 5171 3808 5227 posue-

2302 5291 2327 5329 δ
2360 5290 2592 5359 Epistola
2625 5305 2742 5357 qua:
2777 5290 3029 5356 praecedit
3069 5288 3189 5341 libr.
3226 5303 3273 5340 vr
3304 5287 3604 5342 Comment.
3636 5292 3806 5347 sancti

2232 5359 2386 5429 Joan.
2419 5369 2472 5413 et
2497 5362 2653 5429 epist.
2691 5360 2826 5429 lbl.
3119 5383 3129 5396 -

2312 5431 2325 5468 ί
2363 5427 2674 5497 Anonjmus
2701 5431 2752 5482 in
2783 5427 2898 5497 ejus
2924 5430 3062 5482 Vita.

2308 5498 2318 5544 i
2359 5497 2548 5569 Annal.
2583 5500 2685 5553 inc.
2712 5500 2946 5553 auctoris
2973 5506 3025 5554 et
3048 5497 3166 5552 Vita
3199 5497 3373 5551 Caroli
3400 5499 3593 5569 Magni.

2308 5570 2329 5604 λ
2363 5568 2528 5635 Epist.
2567 5570 2681 5623 155.

2313 5637 2323 5673 ι
2362 5639 2526 5706 Epist.
2574 5640 2685 5691 I29.

2309 5721 2342 5743 η·
2378 5705 2713 5770 Odorannus,
2753 5710 3055 5762 Cbrenicon
3116 5710 3425 5764 Turonensc
3471 5716 3522 5759 et
3570 5705 3805 5760 Lemovi-

2237 5795 2415 5842 ct'nst',
2447 5794 2742 5847 illlOll)'llllla
2779 5779 2888 5846 ejus
2927 5781 3052 5833 Vite
3079 5783 3327 5849 scriptor,
3364 5789 3412 5830 ct
3444 5777 3550 5826 alii.
