4206 6210
530 265 623 317 151

1601 264 1686 317 DE
1725 264 1782 317 Β.
1826 264 1885 317 F.
1927 262 2177 318 ALBINO
2218 263 2348 320 SEU
2386 265 2682 321 ALCUINO

3666 269 3765 319 13:2

3699 296 3767 319 ,νς

529 378 731 439 uensis,
784 376 998 429 natione
1024 375 1298 444 Anglicus,
1328 374 1483 427 Beda:
1531 373 1831 442 presbyteri
1858 374 2091 439 auditor,
2122 382 2168 438 Α
2197 377 2387 430 doctus
2415 376 2536 428 erit.
2609 374 2718 428 Nos
2763 375 2963 444 interea
3020 374 3370 428 indicabimus
3417 390 3551 443 quos
3602 377 3769 431 litum

533 448 618 500 vir
648 448 699 499 in
720 435 869 498 omni
894 435 1239 498 scientiarum
1262 458 1457 511 genere
1476 435 1574 496 sn'o
1601 435 1838 510 tempore
1859 435 2097 497 celebra-1

534 517 775 569 tissimus
801 518 861 568 et'
876 514 1053 567 Caroli
1091 513 1261 582 Magni
1287 513 1509 582 Augusti
1538 519 1855 582 praseeptor,
1881 514 2099 582 scripsit

534 588 585 640 itt
608 594 791 639 ‘sacras
817 584 1025 637 litteras
1050 581 1131 635 inf
1132 580 1388 651 ra'scripta
1410 580 1701 651 volumina.

600 654 682 708 Ad
702 652 963 724 Sigull'um
988 650 1358 724 presbyterum
1398 650 1729 724 interpolata:
1752 651 2101 717 expositionis

533 740 599 777 ex
630 719 849 777 Patrum
875 719 1160 776 sententiis
1183 721 1236 773 in
1258 719 1490 775 Genesin
1518 720 1736 773 brevem
1767 731 2097 773 commenta-

532 794 726 848 riolum
753 808 851 861 per
878 790 1347 861 interrogationem
1370 799 1425 861 et
1446 789 2099 861 t'esponsionemsimplici

532 873 587 935 et
610 857 860 935 historica
891 857 1195 935 narratione
1209 860 1557 935 dispositum;
1586 857 1962 935 cujusinitium
1984 869 2094 935 est:

530 932 875 986 Dilectissimo
896 932 950 984 in
976 929 1181 983 Christo
1210 929 1363 997 fratri
1393 927 1667 997 Sigitlplto.
1714 928 1769 979 In
1794 928 2101 995 quindecim

532 1001 738 1054 cantica
763 1000 1056 1061 Graduum,
1097 1000 1199 1052 hoc
1232 1006 1332 1063 est,
1383 1013 1413 1050 a
1462 998 1668 1065 psalmo
1711 997 1811 1050 119
1838 1012 2005 1063 usque
2035 997 2102 1049 ad

535 1072 638 1124 155
660 1071 939 1123 moralium
966 1068 1369 1121 annotationum
1392 1068 1608 1120 brevem
1632 1066 2099 1129 commentarium,

530 1140 621 1209 qui
652 1140 836 1209 incipit
869 1158 881 1191 :
917 1137 1123 1192 Gradus
1144 1137 1383 1209 sunt._ln
1414 1144 1618 1209 septem
1664 1136 1897 1204 psalmos
1929 1135 2101 1202 paeni—

534 1206 882 1284 tentiai‘juitta
908 1223 1121 1261 sensum
1148 1207 1400 1284 moralem
1428 1206 1996 1284 succinctas,_argutas
2020 1219 2104 1284 _t_t_c

532 1280 667 1333 mire
693 1274 1057 1347 significantes
1074 1277 1472 1347 annotationes,
1498 1291 1727 1347 quarunt
1750 1274 2106 1347 inigtiumgngi—

528 1348 671 1400 talus
700 1344 907 1417 ps'almi.
942 1344 1475 1417 ln_Ecclesiasten_ad
1504 1344 1695 1417 Oniam
1724 1353 1778 1398 et
1807 1344 2105 1417 Candidum

530 1413 723 1470 librum
748 1432 931 1470 unum.
989 1415 1045 1467 In
1074 1415 1352 1467 Canticum
1377 1413 1531 1467 Cant.
1567 1413 1758 1467 librum
1790 1429 1974 1466 unum.
2048 1413 2105 1465 ln

532 1486 755 1539 Joannis
783 1486 1127 1552 Evangelium
1160 1485 1452 1537 succincta:
1487 1484 1780 1551 lucidteque
1824 1483 2106 1552 brevitatis

536 1551 1041 1608 commentariorum
1092 1553 1255 1606 libros
1306 1563 1530 1620 septem.
1605 1552 1662 1604 Itt
1721 1567 1907 1605 omnes
1956 1551 2106 1604 Pauli

536 1624 797 1692 Epistolas
812 1624 974 1677 libros
999 1622 1423 1691 quatuordecim.
1449 1621 1504 1673 ln
1528 1621 1883 1689 Apocalypsin
1911 1620 2107 1673 librum

538 1709 722 1746 unum.

604 1762 833 1832 Collegit
853 1762 1017 1814 etiam
1058 1767 1113 1832 et
1142 1760 1194 1813 in
1223 1760 1464 1832 ordinem
1514 1759 1724 1832 redegit
1747 1757 1895 1825 jussu
1927 1757 2103 1832 Caroli

538 1832 708 1899 Magni
737 1828 1293 1899 p‘rrestautissimorum
1324 1829 1575 1883 Ecclesia:
1623 1828 1901 1881 dOctorum
1929 1828 2105 1899 homi-

536 1892 705 1954 liasin
737 1892 1044 1967 Evangelia,
1078 1914 1197 2003 qua:
1219 1914 1313 1967 per
1351 1899 1473 1951 anni
1511 1899 1769 1952 ambitum
1801 1897 2027 2003 Cpublicc
2052 1898 2105 1950 in

538 1970 743 2003 ηιηιηιῖο
766 1970 1012 2003 ‘anllnllll'
1086 2001 1089 2003 .
1126 1977 1217 2003 nni
1248 1976 1423 2003 -ιηιοησι
1454 1968 1535 2003 lim
1556 1983 1779 2003 nil-narrt
1838 1967 1905 2003 ΠΟ
1965 1968 2105 2003 anili-

538 1970 747 2039 templis
766 1970 1043 2039 leguntur.
1084 1967 1221 2039 Sunt
1247 1976 1424 2020 autem
1443 1968 1535 2039 liae
1556 1983 1779 2039 numero
1801 1967 2108 2039 209,5cjli-

539 2050 623 2093 cet
649 2036 669 2091 Ξ
713 2036 992 2106 Aughstini
1024 2038 1112 2099 18,
1144 2036 1455 2106 Hieronymi
1499 2036 1572 2106 6,7
1594 2036 1863 2089 Ambrosii
1894 2037 1980 2106 10,
2018 2036 2109 2089 Hi-

537 2110 654 2162 larii
685 2110 731 2171 l,
781 2108 1042 2178 Fttlgcntii
1074 2106 1127 2178 2,
1151 2105 1418 2178 Origenis
1440 2106 1495 2178 4,
1528 2105 1743 2178 Maximi
1767 2105 2111 2178 l7,_Ch_ryso-

538 2180 694 2232 stomi
726 2180 811 2241 11,
841 2174 1115 2231 Séveriani
1144 2176 1191 2241 l,
1219 2176 1412 2230 Leonis
1434 2175 1524 2239 2|,
1555 2174 1798 2243 Gregorii
1828 2176 1914 2238 59,
1957 2174 2112 2229 Beda:

543 2248 630 2301 48.
655 2247 841 2301 lsidori
859 2248 905 2299 1.

543 2248 630 2309 48,
655 2248 841 2301 lsidori
859 2248 905 2299 1.

613 2318 668 2371 In
685 2317 767 2370 his
790 2327 988 2379 autem,
1013 2315 1243 2383 qumsub
1263 2313 1776 2375 llilarii,Ambrosii,
1804 2313 2113 2383 Hieronymi

541 2395 598 2440 et
623 2387 887 2441 interdum
914 2386 1069 2439 Beda:
1117 2384 1272 2437 titulo
1303 2384 1688 2447 inscribuntur,
1746 2383 1979 2437 ltomilia:
2008 2399 2114 2437 non

542 2465 684 2518 sunt,
700 2457 791 2509 sed
810 2464 1065 2510 centones
1086 2454 1519 2523 explanationum
1540 2468 1602 2506 ex
1627 2453 1817 2506 horum
1835 2462 2116 2507 auctorum

540 2526 941 2580 commentariis
973 2526 1181 2587 dissuti,
1231 2532 1286 2576 et
1312 2524 1363 2576 in
1408 2524 1508 2576 hoc
1541 2523 1810 2576 volumine
1840 2524 1979 2575 inter
2022 2534 2117 2577 eas

542 2612 664 2682 qua;
685 2592 1346 2682 veteressupthomiliaek
1358 2594 1722 2682 anitumg'rati.
1784 2592 1994 2646 Claruit
2016 2594 2116 2646 sub

541 2661 735 2719 Carolo
768 2664 956 2734 Magno
984 2663 1117 2732 Aug.
1145 2678 1285 2715 anno
1306 2661 1516 2715 Domini
1551 2661 1673 2713 770.

1228 2761 1450 2816 XLVIII.

662 2856 890 2908 Joannes
918 2853 1179 2905 Lelandus
1214 2852 1290 2904 De
1310 2852 1645 2920 scriptoribus
1671 2851 2007 2905 Britannicis.

612 2944 727 3011 Quo
751 2953 987 3012 tempore
1021 2981 1067 2993 ..
1102 2982 1114 2993 .
1149 2941 1374 2995 Eboraci
1404 2941 1875 3012 elegantissintam,
1915 2942 1966 2993 in
1994 2956 2117 3011 gra-

544 3010 671 3068 tiam
696 3010 1043 3081 posteritatis,
1078 3012 1453 3081 bibliothecam
1480 3010 1783 3081 (Ecbertus)
1815 3010 1973 3063 homo
1993 3010 2116 3078 pro-

542 3080 817 3137 movendis
842 3082 1032 3134 studiis
1060 3080 1217 3148 plane
1248 3088 1404 3133 natus
1433 3080 1681 3133 instituit.

545 3167 675 3206 suus
698 3160 877 3205 custos
894 3150 1113 3218 pervigil
1144 3150 1408 3203 thesauris
1442 3165 1545 3203 non
1577 3149 1817 3218 deesset,
1860 3149 2110 3203 Flaccum

544 3222 797 3275 Albinunt
826 3217 1098 3273 alumnum
1126 3234 1278 3273 suum
1303 3218 1623 3287 eloquentia,
1674 3217 1989 3279 eruditione.
2020 3218 2111 3285 ju-

547 3292 688 3345 dicio
710 3291 938 3359 denique
973 3288 1241 3359 valentem
1289 3286 1436 3357 operi
1462 3286 1701 3357 praefecit
1750 3302 1907 3359 novo.
1966 3287 2115 3340 Idem

544 3378 659 3430 cap.
689 3360 778 3421 87,
820 3357 1085 3430 pag.ll9,
1134 3358 1383 3430 Albinum
1410 3365 1567 3430 vocat
1611 3358 1761 3430 inter_
1778 3357 1964 3430 doctos
2012 3373 2115 3430 sua

545 3426 703 3484 (etate
737 3426 1122 3481 doctissimum.
1157 3426 1304 3478 Idem
1331 3444 1445 3495 cap.
1475 3427 1560 3486 88,
1588 3442 1707 3495 pag.
1742 3426 1836 3478 l2l
1872 3464 1886 3477 .
1913 3466 1925 3477 .
1957 3464 1971 3477 .
2001 3426 2117 3480 Offa

547 3499 864 3552 Merciorum
897 3497 1144 3565 princeps
1172 3496 1572 3565 potentissimus
1622 3510 1726 3548 una
1761 3510 1881 3547 cum
1911 3496 2118 3549 creteris

548 3569 750 3636 Anglize
786 3563 1580 3636 regulishabebatjustissimas
1630 3578 1822 3619 causas
1872 3565 2118 3618 mittendi

547 3633 790 3691 oratores
817 3633 881 3688 ad
905 3634 1154 3689 Carolum
1184 3635 1449 3702 Magnum.
1483 3633 1750 3697 Qumrenti
1779 3642 1954 3687 autem
1985 3649 2119 3702 quos

547 3707 878 3775 potissimum
925 3706 1181 3775 mitteret,
1212 3704 1460 3775 Albinus
1510 3704 1915 3775 occurritinter
1963 3704 2116 3775 alios,

547 3771 705 3844 quem
732 3784 835 3827 tant
867 3774 1181 3827 necessarite
1204 3772 1441 3844 juxtaac
1460 3772 1584 3844 utili
1607 3771 1855 3844 legationi
1884 3772 2121 3839 practice-

530 3839 650 3913 ret.
705 3844 803 3897 Hic
826 3844 1005 3913 itaque
1031 3857 1133 3913 una
1157 3856 1277 3913 cum
1311 3842 1429 3894 aliis
1455 3850 1509 3893 et
1555 3839 1881 3913 doctissimis
1907 3850 2120 3913 et‘pru-

550 3912 878 3967 deittissimis
908 3912 1036 3965 viris
1064 3911 1114 3962 in
1146 3910 1369 3963 Galliam
1400 3909 1783 3973 transfretavit,
1822 3911 2121 3977 Caroloque

552 3982 741 4051 Magno
770 3980 1431 4051 principumAnglicorum
1455 3995 1647 4034 causas
1673 3996 1861 4051 magna
1883 3980 2119 4033 dexteri-

550 4048 677 4114 tate,
704 4050 887 4117 majori
904 4048 1167 4111 facundia,
1187 4048 1415 4101 maxima
1444 4064 1567 4103 vero
1584 4049 1861 4117 prudentia
1882 4051 2119 4116 aperuit:

550 4136 720 4189 usque
744 4118 874 4173 adeo
901 4128 956 4171 ut
972 4118 1195 4189 Carolus
1215 4118 1528 4189 delectatus,
1561 4134 1721 4185 supra
1747 4135 1906 4189 quam
1931 4119 2123 4186 cuique

550 4187 807 4245 credibile
832 4196 933 4252 est,
988 4188 1219 4241 hominis
1265 4187 1567 4255 eloquentia
1593 4196 1645 4239 et
1684 4188 1963 4254 sapientia,
2012 4197 2123 4239 tum

551 4260 717 4313 etiam
748 4273 955 4311 morum
985 4257 1245 4310 suavitate
1274 4256 1419 4309 illum
1448 4258 1499 4310 itt
1537 4255 1725 4319 Gallia,
1757 4255 1937 4310 forsan
1960 4258 2123 4310 etiam

554 4325 949 4394 annuenteOﬂ‘a
978 4340 1119 4394 rege,
1143 4326 1430 4394 propositis
1455 4326 1843 4379 honestissimis
1867 4328 2127 4380 conditio-

552 4398 711 4451 nibus
736 4393 1056 4473 reti_nuerit.’
1083 4394 1225 4473 Erat
1253 4395 1363 4473 ipse
1392 4393 1615 4473 Carolus
1659 4395 2120 4473 optimojngenio,
2157 4416 2202 4473 υ
2227 4393 2308 4450 Ab
2356 4393 2497 4473 _(_)ii‘a'
2523 4393 2894 4473 potentissimp
2941 4393 3253 4473 Merciorum
3302 4412 3424 4473 rege
3458 4396 3523 4449 ad

552 4476 608 4521 et
632 4482 736 4520 non
772 4480 796 4517 a
828 4464 1020 4534 litteris
1046 4462 1378 4516 abhorrenti.
1428 4462 1604 4528 Quare
1644 4479 1767 4516 cum
1800 4462 1992 4517 Albino
2015 4465 2125 4534 egit

552 4536 745 4603 quibus
772 4535 943 4603 modis
966 4532 1199 4587 Francos
1225 4548 1350 4587 suos
1366 4533 1590 4587 eruditis
1610 4534 1814 4603 artibus
1836 4532 2121 4587 excoleret.

553 4602 670 4658 Non
709 4604 797 4658 hic
834 4602 1000 4657 defuit
1037 4618 1223 4656 sanum
1250 4602 1429 4655 Albini
1464 4602 1763 4665 consilium,
1808 4603 1898 4670 qui
1952 4604 2123 4669 ipsum

595 4672 816 4753 t'incipio
837 4669 1084 4753 Carolum
1099 4672 1296 4753 insigni
1320 4672 1552 4753 quadam
1560 4669 1867 4753 diligentia,
1881 4672 2038 4753 editis
2060 4672 2125 4753 ad

556 4690 816 4796 EI'IHCIPIO
837 4690 1084 4725 uaroutm
1099 4690 1292 4739 lﬂSlgnl
1320 4690 1549 4750 quanam
1574 4690 1866 4749 atugcnua,
1881 4690 2038 4725 CUIUS
2060 4690 2125 4725 au

596 4758 661 4797 oc
674 4740 1162 4809 aliquotquiadbuc
1183 4738 1875 4809 exstantlthellisinstruant
1902 4758 1913 4790 ε
1937 4741 2125 4793 deinde

556 4811 784 4891 publicis
811 4808 1241 4891 przclectiotiibus
1267 4808 1599 4891 nobilitatem
1628 4808 1945 4891 Francicam
1967 4809 2127 4862 Lute-

559 4878 685 4935 iiam
711 4878 1037 4934 Parisiorum
1064 4879 1259 4941 illexit;
1289 4885 1617 4944 postremum
1640 4878 1908 4946 etplebem
1934 4879 2123 4946 ipsam,

558 4961 615 5004 tit
655 4950 879 5018 quisque
905 4956 1022 5018 erat
1049 4948 1302 5017 praeclaro
1349 4948 1580 5018 ingenio,
1636 4948 1701 4999 ad
1724 4947 1923 5015 optima
1952 4948 2126 5000 studia

558 5016 818 5073 incitavit.
888 5017 1035 5071 Unde
1065 5018 1209 5070 brevi
1255 5016 1695 5070 scholasticorum
1729 5031 1984 5069 numerus
2010 5032 2125 5067 ma-

595 5104 693 5143 nus
719 5086 982 5140 Lutetiam
1018 5085 1291 5139 confluxit.
1350 5086 1522 5153 Atque
1553 5086 1665 5139 hrec
1694 5082 1797 5136 fuit
1825 5086 2128 5138 Academiae

605 5158 886 5209 arisiorum
910 5155 1079 5233 origo,
1111 5171 1269 5223 quam
1284 5154 1693 5233 .nostro_Albino
1709 5154 1947 5233 debent.“
1974 5154 2127 5233 Quod

560 5226 607 5280 si
639 5241 776 5278 nunc
804 5240 960 5293 quem
982 5220 1155 5291 juvat,
1206 5224 1333 5293 quid
1361 5223 1680 5293 ampliusgin
1704 5220 1873 5276 Gallia
1922 5222 2126 5285 fecerit,

560 5294 721 5359 scire,
760 5291 993 5363 perlegat
1023 5294 1217 5347 librum
1255 5292 1370 5361 ejus
1415 5291 1799 5363 Epistolarum,
1836 5301 1888 5344 et
1920 5293 2131 5347 abunde

632 5440 658 5468 ι
685 5427 844 5480 Forte
869 5443 881 5477 :
915 5426 991 5479 De
1026 5428 1211 5480 divinis
1237 5427 1433 5495 ofﬁciis.

641 5496 667 5533 ιτ
692 5495 937 5549 Praefatio
974 5498 1087 5549 haec
1116 5496 1328 5562 pneftxa
1371 5505 1453 5549 est
1491 5496 1707 5550 editioni
1753 5496 2135 5549 Commentarii

560 5568 611 5619 in
645 5567 1002 5619 Ecclesiasten
1032 5566 1267 5627 Basilem,
1299 5566 1452 5619 1551.
1498 5565 1636 5617 Idem
1662 5568 1725 5619 de
1751 5566 1975 5618 Alcuinn
1996 5565 2138 5633 judi-

561 5638 705 5688 cium
758 5636 875 5687 tulit
927 5634 1190 5687 Adrianus
1242 5635 1645 5704 Erntspergius
1696 5636 1747 5687 in
1802 5635 2022 5702 rpistola
2073 5635 2139 5686 al

2198 445 2423 501 ediderit
2446 453 2580 498 teste
2606 444 2809 497 Donato
2858 442 3027 505 Gallo,
3073 445 3291 498 minime
3322 442 3576 499 men’dace
3600 448 3768 502 histo-

2201 515 2507 581 riographo.

2270 580 2345 637 De
2371 580 2633 636 Trinitate
2678 582 2771 636 lib.
2819 584 2872 636 5.
2904 582 3124 635 Domino
3172 580 3411 636 Glorioso
3452 582 3660 637 Carolo.
3712 586 3766 639 In

2200 653 2431 711 Genesin
2460 653 2551 705 lib.
2588 652 2637 704 1.
2673 650 2943 715 Quomodo
2982 651 3231 705 convenit.
3263 651 3319 704 lu
3340 651 3557 708 Cantica
3583 653 3770 709 Canti-

2202 737 2388 779 corum
2433 721 2525 774 lib.
2562 721 2612 773 1.
2644 720 2699 773 ln
2732 721 3087 775 Ecclesiasten
3127 720 3218 773 lib.
3250 721 3303 775 1.
3340 720 3395 773 In
3424 721 3769 779 Evanueliunt

2200 792 2419 846 Joannis
2448 791 2539 843 lib.
2572 791 2622 842 7.
2653 790 2709 843 lu
2739 790 3030 859 Epistolam
3062 789 3135 859 a:l
3156 788 3406 844 Hehrmos
3448 791 3539 845 lib.
3567 788 3617 844 1.
3647 794 3771 846 Dia-

2201 863 2441 931 logorum
2473 860 2859 931 adAdiscipulos
2888 859 2980 931 lib.
3016 863 3065 911 1.
3216 861 3421 931 ratione
3462 860 3654 931 anima:
3703 864 3770 915 ad

2203 927 2483 985 Eulaliam.
2531 927 2884 981 Charissimw.
2932 927 3329 981 Sententiarum
3368 930 3486 982 libr.
3520 930 3569 982 1.
3600 931 3771 984 Moses

2201 1016 2292 1070 per
2317 998 2691 1070 ret'elationent.
2726 996 3340 1070 Vitatnsanctiﬂedasti
3375 1000 3765 1054 Atrebatensis.

2202 1065 2510 1123 Cartninum
2537 1067 2601 1119 ad
2631 1066 2870 1121 diversos
2896 1067 2988 1119 lib.
3023 1067 3073 1119 1.
3100 1065 3243 1118 Inter
3267 1083 3384 1134 qua:
3404 1077 3579 1121 exstat
3609 1086 3773 1122 unum

2203 1140 2269 1191 de
2298 1145 2500 1205 septem
2538 1136 2795 1197 scientiis,
2838 1136 3029 1205 quibus
3055 1143 3109 1189 et
3136 1135 3235 1189 bos
3258 1137 3405 1189 addit
3437 1136 3771 1193 Tritltemius.

2215 1205 2342 1259 Vide
2367 1221 2524 1273 supra
2550 1221 2693 1257 num.
2720 1205 2809 1258 45.

2276 1274 2384 1345 Nos
2418 1275 2930 1345 prtctereavidimus
2955 1289 2996 1345 :_
3024 1274 3098 1327 De
3124 1274 3434 1330 sdoratione
3460 1276 3772 1345 imaginum.

2205 1344 2280 1397 De
2301 1343 2619 1412 Genealogia
2634 1342 2853 1397 Christi.
2885 1342 3328 1398 DeAstronomia.
3362 1346 3434 1398 De
3462 1342 3772 1400 Dial't'ctiea.

2206 1414 2280 1469 De
2307 1414 2629 1477 Rhetorica;
2658 1414 2760 1466 nisi
2784 1414 2904 1480 quis
2937 1423 3086 1478 putet
3119 1413 3214 1466 hos
3252 1414 3459 1469 libellos
3502 1416 3641 1468 inter
3663 1418 3778 1469 dia—

2209 1484 2357 1552 logos
2380 1482 2759 1552 numerandos.
2812 1483 2887 1537 De
2923 1481 3335 1551 Orthograpltia.
3375 1483 3450 1538 De
3488 1486 3787 1540 auriculari

2207 1550 2553 1622 Confessione
2583 1550 2843 1622 libellum,
2894 1553 2983 1621 qui
3032 1553 3083 1606 in
3106 1550 3339 1622 Librum
3370 1552 3486 1620 ejus
3513 1553 3752 1622 Epistula

2208 1636 2327 1674 rum
2360 1620 2591 1689 irrepsit.
2627 1620 2960 1690 orationum,
3004 1636 3134 1690 quas
3163 1621 3400 1677 Missales
3432 1620 3623 1677 voca—nt
3651 1623 3775 1677 libr.

2212 1690 2262 1742 1.
2292 1690 2367 1743 De
2393 1690 2642 1744 Sacrario
2686 1689 2779 1743 Dei
2809 1702 2834 1730 ιι
2861 1704 2875 1741 :
2904 1690 2994 1759 qui
3026 1689 3159 1744 liber
3184 1699 3360 1745 tamen
3389 1691 3525 1746 falso
3550 1694 3777 1747 ascribi-

2209 1769 2296 1812 tur
2324 1759 2534 1813 Albino.
2586 1760 2762 1813 Vitam
2811 1760 2918 1812 divi
2970 1760 3202 1812 Martini.
3262 1760 3611 1815 Homiliarum
3651 1762 3775 1816 libr.

2210 1830 2260 1881 1.
2297 1829 2563 1899 Dogmata
2579 1828 2755 1882 Albini
2784 1829 2849 1882 ad
2877 1828 3125 1884 Carolum
3161 1830 3285 1898 imp.
3328 1828 3635 1899 Orationem
3672 1832 3780 1886 Do-

2208 1896 2494 1961 minicam,
2542 1896 2855 1968 Symbolum
2899 1896 3279 1967 apostolorum,
3330 1898 3606 1953 Canticum
3652 1901 3783 1955 Am-

2210 1968 2376 2039 brosii
2416 1967 2675 2039 carmine.
2718 1967 2793 2021 De
2816 1977 2939 2039 octo
2939 1969 3199 2039 partibus
3240 1969 3517 2039 orationis,
3548 1985 3642 2039 per
3666 1971 3782 2023 dia-

2212 2037 2408 2106 logum,
2444 2037 2912 2106 interlocutorihus
2936 2037 3211 2091 Francone
3239 2046 3293 2091 et
3319 2037 3559 2093 Saxone.
3582 2038 3779 2095 Hacte-

2212 2104 2313 2160 nus
2343 2108 2407 2160 de
2432 2106 2584 2159 libris
2611 2104 2678 2159 ah
2701 2121 2767 2159 eo
2791 2106 2968 2159 editis.

2286 2176 2432 2248 [dem
2477 2175 2735 2248 Lelandus
2765 2174 2801 2227 ι.
2832 2177 2919 2229 cit.
2952 2192 3063 2245 cap.
3100 2176 3217 2239 100,
3263 2178 3319 2230 in
3346 2174 3582 2230 Candida
3606 2218 3618 2240 ,
3658 2197 3778 2248 pag.

2216 2245 2336 2307 155,
2372 2246 2443 2297 ita
2470 2244 2645 2297 scribit
2678 2261 2694 2297 :

2286 2314 2453 2380 llujus
2502 2313 2801 2382 (lligebaldi
2846 2314 3103 2381 episcopi)
3149 2328 3275 2366 cura
3320 2313 3533 2368 tandem
3581 2315 3783 2370 laetum

2215 2392 2296 2437 est
2328 2392 2383 2436 ut
2414 2382 2681 2436 Candidus
2707 2382 2760 2435 itt
2790 2382 3013 2435 Galliam
3045 2384 3403 2452 commigrans
3444 2400 3500 2437 se
3539 2386 3605 2437 ad
3634 2385 3785 2439 Flac-

2216 2468 2337 2506 cum
2374 2452 2646 2515 Alhinum,
2695 2462 2945 2519 tanquam
2973 2454 3035 2504 ad
3060 2461 3347 2505 torrentem
3394 2453 3690 2506 litterarum
3720 2472 3786 2508 eo

2215 2526 2411 2576 saeculo
2442 2520 2945 2587 proﬂuentissimum
2976 2522 3262 2575 conferret.
3292 2562 3305 2573 .
3331 2560 3343 2573 .
3376 2560 3387 2573 .
3420 2562 3434 2574 .
3490 2521 3602 2577 lloc
3640 2524 3786 2578 lucu-

2217 2592 2359 2645 lente
2406 2591 2531 2643 mihi
2594 2598 2840 2654 constat,
2898 2592 3037 2657 quod
3086 2591 3308 2644 Albinus
3360 2591 3788 2649 Commentarios

2216 2659 2473 2729 quosdam
2518 2659 2757 2729 Candide
2801 2661 3110 2728 presbytero
3155 2669 3207 2711 et
3253 2660 3565 2714 Nathanaeli
3592 2700 3608 2724 ,
3654 2663 3787 2716 alias

2216 2728 2441 2783 Naitano
2465 2729 2690 2783 diacono
2714 2728 3056 2781 dedicaverit.
3085 2729 3257 2795 Atque
3278 2729 3408 2782 adeo
3431 2730 3683 2784 credibile
3706 2745 3792 2785 est.

2216 2799 2597 2853 Nathanaelem
2625 2798 3107 2851 Lindisfarnensem
3134 2799 3294 2853 fuisse
3322 2798 3638 2852 familiarem
3666 2803 3787 2868 qui-

2217 2872 2335 2922 dem
2370 2869 2653 2932 aliquando
2690 2867 2900 2930 Albino,
2950 2878 3005 2921 et
3042 2870 3421 2921 consm-tudiue
3464 2868 3791 2935 conjunctis-

2217 2939 2411 2990 simum
2439 2937 2696 2991 Candide.
2745 2937 2817 2990 De
2845 2937 2995 2989 libris
3037 2941 3207 2990 fructu
3255 2940 3533 3005 utriusque
3574 2939 3793 3006 scriptis

2219 3007 2410 3076 frigida
2438 3016 2491 3061 et
2517 3006 2702 3076 jejuna
2745 3015 2845 3070 est,
2890 3022 3007 3076 quce
3036 3015 3223 3070 restat,
3262 3007 3520 3076 cognitio.
3553 3007 3794 3063 Pessime

1786 3055 2113 3146 ιᾷιῖἕῖειῖιὶῖε
2142 3055 2188 3118 0
2217 3055 2489 3147 statim;
2517 3055 2727 3144 suis,
2751 3055 3223 3129 litteratast;
3262 3055 3791 3147 cruentatus;

2215 3145 2567 3217 pulatoribus.

2919 3236 3102 3291 XLIX.

2216 3329 2446 3382 Joannes
2491 3327 2701 3381 Balarus
2743 3326 3311 3408 Anglus.Scriptorum
3354 3326 3559 3379 Britan.
3618 3338 3798 3379 cemit-

2918 3414 3000 3449 για
3041 3412 3100 3449 Il.

2290 3498 2512 3551 Flaccus
2538 3497 2780 3560 Albinus,
2830 3498 2920 3564 qui
2945 3506 3000 3550 et
3034 3498 3292 3551 Alcuinus
3320 3499 3577 3552 diaconus
3599 3514 3799 3566 cogno-

2220 3568 2544 3629 minabatur,
2585 3582 2614 3619 a
2644 3567 2913 3621 nonnullis
2944 3568 3296 3632 scriptoribus
3323 3568 3678 3621 Eboracensis
3700 3582 3802 3633 pn-

2222 3646 2395 3699 tatttr,
2446 3635 2513 3689 ab
2560 3637 2680 3689 aliis
2728 3651 2853 3688 vero
2884 3636 3122 3689 Londino
3169 3653 3270 3689 non
3302 3638 3485 3705 procul
3537 3637 3801 3690 oriundus

2222 3707 2409 3759 fertur.
2470 3705 2567 3759 Hic
2622 3706 2775 3758 Beda:
2823 3706 3088 3771 primunt,
3142 3706 3357 3774 Egberti
3412 3707 3803 3775 archiepiscopi

2221 3783 2405 3843 postea
2438 3776 2954 3841 obsequettti~simus
2991 3775 3116 3827 olim
3154 3775 3442 3844 discipulus
3466 3817 3479 3839 ,
3528 3776 3804 3841 theologo-

2225 3860 2342 3914 rum
2368 3859 2477 3897 sua:
2500 3845 2692 3914 aetatis,
2739 3844 2845 3895 imo
2870 3844 3107 3896 omnium
3136 3844 3424 3911 Anglorum
3453 3852 3575 3914 post
3602 3845 3803 3897 Bedam

2221 3923 2275 3967 et
2297 3912 2357 3965 AI
2384 3914 2630 3965 tlu-Imum
2656 3913 2807 3980 longe
2838 3914 3228 3966 eru'litissimus
3255 3912 3589 3976 credebatur,
3619 3914 3710 3977 ita,
3743 3922 3807 3966 ttt

2225 3993 2368 4036 esset
2394 3983 2571 4035 Caroli
2615 3982 2788 4051 Magni
2814 3991 3127 4050 praeceptor,
3157 3992 3209 4035 et
3238 3982 3562 4036 Parisiorum
3590 3982 3805 4035 Acade-

2225 4053 2346 4105 ini-.1:
2400 4053 2675 4105 institutor
2730 4052 2954 4120 primus.
3012 4051 3285 4121 Gymnasii
3341 4051 3805 4119 Cantabrigiensis

2226 4122 2443 4174 annales
2479 4122 2673 4174 habent
2694 4161 2708 4183 ,
2749 4123 2888 4185 quod
2916 4120 3101 4173 omnes
3133 4121 3237 4173 illic
3266 4120 3505 4174 liberales
3532 4129 3673 4188 artes
3703 4134 3806 4188 pu-

2227 4191 2364 4243 hlice
2397 4200 2515 4257 post
2528 4181 2722 4242 Bedant
2751 4181 3013 4250 docuerit,
3040 4190 3245 4251 Latine,
3271 4190 3457 4243 Grtece
3479 4181 3806 4243 etllehraice

2227 4260 2452 4380 peritus.
2506 4260 2568 4313 Et
2597 4261 2736 4327 quod
2785 4260 3000 4312 tandem
3028 4259 3251 4311 Eboraci
3282 4259 3379 4311 sub
3410 4258 3638 4323 Egberto
3666 4271 3808 4325 pra:-

2250 4331 2438 4380 eeerit.
2482 4329 2917 4380 philosophorum
2964 4329 3043 4380 sui
3098 4328 3355 4380 temporis
3396 4328 3801 4380 antesignanus.

2250 4331 2438 4397 egerit,
2482 4329 2917 4397 philosophorum
2964 4329 3043 4380 sui
3098 4328 3355 4397 temporis
3396 4328 3801 4381 antesivnanus.

2250 4398 2308 4449 lb
2360 4398 2473 4449 Ofi‘a
2524 4398 2894 4449 potentissimo
2941 4397 3253 4449 Merciorum
3302 4412 3424 4449 reae
3458 4396 3523 4449 ad
3554 4368 3801 4449 Carolum

3598 4412 3808 4449 arcium

2226 4467 2538 4534 prtedictunt
2570 4481 2666 4533 pro
2690 4467 2836 4538 pacis
2856 4466 3053 4538 fmolere
3081 4467 3467 4538 confirmando,
3500 4473 3661 4538 atque
3684 4465 3810 4538 aliis

2230 4551 2513 4615 regnorum
2546 4537 2771 4615 negotiis
2798 4535 2994 4615 missus
3018 4553 3030 4587 :
3061 4543 3336 4615 perspecta
3365 4535 3480 4603 ejus
3502 4535 3807 4615 eruditione

2227 4622 2361 4673 pene
2389 4604 2685 4658 incredibili
2710 4605 2774 4657 lit
2814 4619 2879 4657 ex
2929 4604 3099 4672 legato
3142 4605 3353 4670 hospes,
3404 4613 3457 4655 et
3486 4618 3553 4655 ex
3598 4604 3811 4673 hospite

2228 4676 2442 4728 demum
2472 4674 2729 4742 magister
2754 4673 3036 4742 deliciosus
3062 4692 3073 4724 :
3124 4688 3225 4725 non
3257 4673 3430 4733 aliter,
3474 4687 3635 4740 quam
3664 4674 3809 4740 apud

2230 4740 2583 4796 Athenienses
2608 4740 2769 4795 fuerit
2788 4742 2912 4795 olim
2928 4740 3169 4809 Gorgias.
3198 4742 3459 4811 Deinceps
3476 4742 3637 4811 igitur
3656 4742 3809 4795 illum

2229 4812 2607 4864 instructorem
2638 4827 2748 4880 pta:
2770 4812 2886 4863 aliis
2915 4813 3163 4865 omnibus
3192 4810 3415 4865 Carolus
3438 4810 3617 4865 Cresar
3637 4812 3808 4865 hahe-

2230 4880 2319 4932 hat
2348 4882 2398 4933 in
2435 4881 2734 4939 rhetoricis,
2769 4880 3081 4944 dialecticis,
3134 4881 3524 4935 mathematicis
3567 4895 3630 4934 ac
3658 4882 3809 4936 tlieo«

2233 4950 2450 5018 logicis;
2480 4952 2569 5016 qui
2602 4958 2655 5002 et
2696 4949 2851 5002 simul
2894 4950 3239 5017 computandi
3268 4959 3437 5001 artem
3470 4958 3633 5018 atque
3664 4950 3808 5002 side-

2234 5017 2350 5071 rum
2396 5034 2584 5073 cursus
2630 5020 2807 5071 varios
2851 5021 3043 5072 subeo
3086 5018 3299 5085 eopiose
3338 5018 3542 5071 didicit.
3593 5017 3668 5071 De
3702 5033 3809 5084 quo

2234 5087 2476 5141 Bebelius
2518 5089 2568 5141 in
2605 5089 2831 5155 quadam
2873 5086 3233 5155 pnefationeb
3264 5087 3365 5140 hoc
3402 5088 3626 5141 scribit:
3669 5106 3685 5135 ι
3718 5086 3811 5138 Al-

2232 5157 2407 5217 binus,
2443 5158 2634 5224 inquit,
2667 5166 2852 5208 auctor
2882 5157 3075 5223 ubique
3101 5156 3240 5223 pius,
3268 5156 3592 5219 succinctus,
3636 5163 3809 5208 matu—

2234 5241 2345 5281 rus.
2394 5228 2608 5291 gravis,
2659 5225 2881 5277 scicntia
2931 5226 3155 5293 plenus,
3194 5234 3247 5279 et
3288 5232 3412 5293 ante
3445 5226 3642 5279 multos
3675 5224 3809 5293 alios

2236 5296 2502 5364 praecipue
2529 5296 2740 5365 dignus,
2786 5295 2875 5361 qui
2920 5291 2974 5347 in
3018 5294 3263 5347 manibus
3310 5292 3585 5347 hominum
3612 5291 3811 5348 habea-

2208 5404 2211 5405 r
2239 5424 2525 5503 Georgium
2565 5424 2825 5503 latronem
2855 5424 2923 5477 de
2960 5422 3270 5503 Graveneck
3299 5416 3546 5503 abbatem
3763 5419 3804 5475 l.

2242 5492 2537 5563 principem
2558 5493 3043 5563 Canipidonensem
3066 5492 3280 5559 przefixa
3311 5492 3458 5563 libro,
3472 5492 3545 5545 De
3576 5492 3808 5563 Psalteri-

2245 5561 2361 5615 ium
2407 5578 2534 5622 usu,
2572 5577 2731 5629 quem
2761 5563 2805 5615 is
2851 5562 3067 5630 procudi
3118 5562 3240 5616 fecit
3280 5562 3512 5616 Colonim
3545 5561 3668 5615 1511
3716 5572 3807 5626 per

2249 5633 2542 5684 Maternum
2570 5631 2850 5685 Choliuuni
2884 5633 3038 5685 Ili-8".
