4206 6220
612 302 714 359 {59

1456 300 1519 352 Β.
1558 299 1619 354 F.
1660 300 1881 353 ALBINI
1919 300 2049 357 εει]
2082 301 2354 358 ALCUINI
2391 299 2669 355 OPERUM
2707 295 2882 352 PARS
2922 294 2959 351 Ι.

3728 288 3848 346 ~NO

614 432 633 463 (
677 425 813 491 qttas
842 412 1146 491 vulgaveeat
1165 390 1452 491 Chesnius,
1477 410 1544 462 ab
1572 410 1788 491 iisquae
1815 410 2050 491 nondum
2084 420 2167 491 ιγ-
2192 414 2239 469 Α
2272 429 2290 461 ε
2331 410 2651 464 eruditionis
2679 416 2934 491 epparatu
2959 407 3218 491 edendam
3241 404 3379 491 hanc
3408 420 3579 491 meam
3595 406 3849 491 qualern-

617 501 633 531 ι
678 476 761 548 pis
784 476 1047 548 mandata:
1070 476 1285 548 fuerant
1308 495 1323 530 :
1346 476 1487 531 unde
1512 492 1617 530 non
1644 476 1867 541 témere,
1894 487 1954 532 ut
1973 476 2161 548 credo,

614 569 632 600 ι
677 545 1037 615 conjecturam
1061 545 1339 608 faciebam,
1370 548 1764 601 Armacbanum
1794 547 2073 615 praesulem
2100 547 2166 602 de

612 638 630 670 ‹
679 617 744 672 iis
772 626 904 673 tunc
933 616 1083 684 prelo
1111 616 1504 671 committendis
1529 617 1808 683 cogitasse.

679 704 697 737 ι
745 686 808 739 Et
841 696 988 739 certe
1009 725 1024 749 ,
1056 700 1154 739 nec
1187 685 1304 738 luce
1337 684 1566 752 publica,
1602 700 1699 738 nec
1728 684 1859 738 tanti
1884 685 1986 740 viri
2021 686 2167 739 curis

574 766 577 769 ·
612 774 626 804 ι
664 755 876 825 indigna
905 754 1186 825 videbatur
1213 751 1583 825 haeciAlcuiniA
1612 754 1957 824 epistularum
2005 754 2166 825 colles

610 843 628 873 ο
672 821 811 889 οιίο’;
869 823 1010 904 qu_od
1054 821 1300 904 profeeto
1344 821 1797 904 constabit_:inter
1840 838 2047 904 omnes
2074 824 2165 904 qui

610 914 625 942 ι
672 907 793 948 eam
836 891 1149 945 evolverint.
1203 891 1283 943 Ex
1311 891 1555 959 plurimis
1603 891 1798 945 litteris
1827 907 1959 959 quas
1985 892 2166 946 ΔΙουί-

608 977 628 1010 ‹
673 977 773 1016 nus
802 962 866 1015 ad
897 968 1141 1014 sanctum
1169 959 1511 1013 Benedictum
1535 960 1892 1013 Anianensem
1937 962 2166 1028 scripse-

609 1052 626 1080 ι
674 1037 774 1088 rat,
811 1029 1009 1083 nullam
1053 1028 1120 1081 ad
1167 1044 1266 1083 nos
1306 1028 1612 1097 pervenisse
1664 1029 2057 1086 existimarunt.
2111 1038 2167 1084 et

608 1118 623 1147 ι
674 1099 1016 1151 vehementer
1044 1097 1327 1150 doluerunt
1353 1098 1642 1165 scriptores
1674 1097 1919 1151 Historia:
1960 1098 2166 1151 littera-

607 1188 623 1216 ε
671 1168 766 1235 rite
792 1166 1082 1221 Galliarum
1127 1166 1281 1235 (tom.
1310 1166 1398 1228 lV,
1451 1180 1553 1235 pag
1599 1166 1744 1235 329).
1810 1165 2013 1219 Harum
2056 1182 2161 1220 una

608 1255 624 1282 ι
672 1222 859 1305 saltem
886 1235 1029 1305 (duce
1064 1222 1229 1305 certe)
1265 1222 1677 1302 superestinter
1703 1222 1796 1289 eas
1820 1249 1955 1303 quas
1992 1236 2159 1290 codex

608 1323 622 1353 ι
671 1302 985 1358 Harlcianus
1010 1302 1246 1356 exhibet.

676 1416 695 1445 s
738 1394 882 1448 Alias
904 1408 1117 1462 quoque
1139 1393 1390 1461 epistolas
1410 1400 1603 1461 pneter
1625 1392 1971 1449 Alcuinianas
2002 1396 2164 1451 habet

607 1485 623 1513 ο
668 1465 809 1518 idem
852 1465 1040 1525 codex,
1070 1477 1296 1529 quarum
1329 1468 1532 1529 septem
1567 1463 1803 1531 Dungalo
1839 1463 2016 1519 abbati
2069 1467 2163 1518 tri-

604 1550 625 1584 ς
670 1535 927 1592 buuntur,
969 1533 1158 1584 breves
1210 1530 1445 1597 quidem,
1497 1530 1588 1583 sed
1632 1530 1905 1585 anccdotte
1950 1549 2159 1588 omnes.

605 1620 623 1650 ‹
670 1600 776 1670 Has
810 1600 1051 1670 proxime
1087 1598 1353 1670 antecedit
1398 1600 1871 1670 epistolamaioris
1910 1604 2162 1657 momenti

608 1690 623 1718 ο
671 1685 700 1723 a
732 1667 923 1748 Carolo
948 1668 1136 1737 Magno
1182 1668 1382 1748 scripta
1428 1667 1493 1720 ad
1531 1668 1846 1748 Michaelem
1877 1670 2168 1748 imperati»

606 1758 622 1788 ι
670 1755 802 1793 rem.
836 1738 985 1791 Hanc
1029 1730 1338 1804 appendicis
1368 1736 1486 1789 loco
1521 1737 1761 1804 epistolis
1786 1730 1991 1793 Alcuini
2040 1740 2165 1793 sub-
2199 1730 2242 1789 Β

607 1826 625 1858 ι
670 1816 882 1861 nectere
922 1806 1099 1868 libuit,
1144 1806 1285 1873 quutl
1313 1821 1417 1857 non
1449 1805 1712 1874 ingratum
1745 1807 1934 1861 fecisse
1974 1822 2061 1862 me
2083 1824 2169 1862 ar-

608 1894 625 1926 ‹
670 1877 861 1996 ῠίιίιὲοις,
878 1875 1100 1996 tomissis
1122 1875 1344 1943 Dungali
1378 1875 1570 1929 litteris
1591 1915 1606 1937 ,
1633 1891 1767 1943 quas
1791 1877 1879 1931 hic
1904 1878 2169 1933 indicasse

608 1964 625 1995 ι
673 1960 731 1996 ευ
774 1961 871 1996 1018
902 1982 917 1996 .

608 1964 625 1995 ι
673 1945 917 1999 suliiciat.

675 2032 693 2063 ι
739 2013 853 2067 Non
882 2026 1334 2080 supervacaneum
1372 2027 1501 2070 sane
1526 2013 1793 2066 duxissem
1823 2021 1988 2067 totum
2014 2016 2167 2069 codi-

605 2100 623 2131 ε
668 2097 781 2162 cem
802 2082 1181 2162 exscripsisse;
1214 2084 1305 2136 sed
1329 2081 1858 2162 mihi’aliisitnpedito
1878 2099 1982 2162 non
1999 2084 2163 2162 licuit.

604 2168 621 2200 ε
668 2150 722 2205 Id
750 2159 955 2204 tantum
987 2150 1040 2203 in
1070 2166 1155 2203 me
1170 2152 1397 2218 sumpsi,
1424 2161 1481 2203 ut
1508 2166 1642 2218 quas
1666 2151 1913 2205 Usserius
1938 2154 2167 2206 ineditas

602 2238 619 2268 ‹
667 2222 918 2301 docuerat
950 2219 1160 2301 Alcuini
1195 2220 1468 2286 epistolas,
1493 2235 1613 2273 cum
1646 2234 1737 2271 eas
1780 2235 1876 2301 nee
1899 2222 2165 2301 posterius

604 2308 619 2337 ι
665 2289 835 2341 editas
853 2288 1331 2355 deprehenderem,
1353 2303 1596 2341 curarem
1628 2288 1934 2349 transcribi,
1962 2290 2161 2351 addita,

602 2376 617 2403 ο
665 2372 821 2427 ηιιιιηι
854 2356 1009 2427 modo
1040 2356 1276 2427 laudavi,
1307 2356 1481 2410 Caroli
1514 2357 1686 2427 Magni
1713 2358 1937 2427 epistola
1976 2360 2161 2413 itidem

600 2444 618 2474 ι
668 2426 921 2479 hactenus
949 2425 1167 2479 inedita.

669 2513 686 2543 ι
730 2493 847 2563 Ipse
876 2495 974 2547 has
1002 2510 1191 2563 omnes
1217 2510 1337 2549 cum
1368 2496 1552 2549 codice
1582 2511 1681 2548 ms.
1714 2496 1914 2549 contuli
1941 2508 1995 2550 et
2022 2496 2165 2549 aﬂir-

599 2580 616 2611 ‹
656 2562 803 2617 mare
827 2564 1021 2627 ausim,
1048 2562 1113 2615 ad
1137 2563 1439 2629 exemplum
1466 2564 1738 2631 archetypi
1760 2566 2165 2619 accuratissime

598 2650 614 2679 ι
662 2645 962 2711 expressas,
992 2631 1387 2711 mendisOetiam
1414 2646 1532 2711 qua:
1568 2632 1770 2686 incuria
1804 2634 2002 2711 veteris
2032 2634 2165 2687 scri-

597 2718 613 2748 ς
663 2701 831 2772 ptoris
870 2701 922 2772 in
954 2700 1375 2772 manuscriptum
1427 2700 1773 2772 irrepserant,
1830 2702 1882 2756 iu
1934 2717 2161 2772 apogra-

598 2789 614 2817 ι
665 2770 827 2837 phum
859 2769 924 2821 ad
956 2768 1211 2835 majorem
1241 2768 1398 2823 fidem
1424 2768 1715 2824 translatis.

668 2855 685 2886 α
732 2839 871 2907 Ergo
914 2838 1287 2891 emendatione
1328 2839 1380 2891 in
1411 2838 1542 2893 locis
1570 2854 1677 2892 non
1713 2840 1930 2906 paucis,
1977 2841 2084 2893 imo
2111 2848 2165 2894 et

548 2904 556 2912 ’
597 2923 613 2952 ο
663 2907 714 2987 in
737 2904 983 2987 pluribus
1013 2907 1367 2987 “lustratione
1396 2908 1631 2976 indigent
1658 2904 1895 2979 epistola:
1922 2908 2164 2987 illre,_sed

597 2993 615 3025 ι
663 2976 789 3047 huic
809 2976 976 3047 labori
995 2976 1336 3047 suscipiendo
1362 2991 1459 3047 nec
1476 2992 1575 3047 ego
1594 2992 1691 3047 par
1708 2976 1848 3039 sum,
1870 2991 1968 3029 nec
1991 2978 2158 3047 otium

598 3062 615 3091 ι
664 3044 792 3113 mihi
835 3044 1011 3097 datur.
1064 3041 1207 3098 Satis
1246 3044 1428 3107 luerit,
1460 3041 1610 3097 si'in‘
1642 3041 1873 3113 Operum
1916 3046 2158 3099 omnium

598 3131 615 3160 ι
661 3112 869 3167 Alcuini
910 3113 1282 3167 collectionem
1312 3130 1341 3167 a
1371 3112 1828 3168 doctissimo'viro
1855 3130 1977 3167 cum
2017 3116 2163 3169 omni

996 3240 1056 3338 ’4
1086 3280 1110 3306 ι
1140 3266 1470 3321 EPISTOLA
1506 3265 1733 3338 puum.

1059 3352 1126 3388 Αι)
1165 3350 1393 3389 Αεπιεωι
1433 3351 1603 3388 ιιυεειι
1634 3336 1683 3386 ι’.

1192 3403 1369 3470 (Anno
1401 3402 1549 3472 787.)

588 3492 794 3545 Laudat
823 3492 969 3545 illum
997 3492 1057 3543 ob
1082 3491 1312 3544 studium
1346 3508 1512 3545 sacrm
1540 3490 1773 3544 lectionis
1803 3501 1851 3544 et
1887 3493 2159 3545 humilita-

659 3572 792 3640 tem:
815 3570 953 3640 optat
976 3559 1055 3613 illi
1081 3560 1346 3640 victoriam
1373 3560 1622 3640 adversus
1640 3560 1911 3630 inﬁdeles;
1953 3562 2160 3640 pietatis

659 3629 968 3681 Christianae
1007 3638 1369 3697 praceptorem
1406 3631 1642 3697 proponit
1692 3629 1929 3683 sanctum
1955 3629 2164 3683 Pauli-

659 3714 779 3750 num
804 3697 1198 3765 Aquileiensem.

660 3786 975 3839 Venerando
995 3785 1112 3839 viro
1141 3785 1335 3839 Aerico
1365 3786 1507 3850 duci,
1539 3785 1764 3840 Albinus
1794 3789 2049 3857 magister
2070 3806 2158 3844 sa-

589 3876 775 3929 bilem.

659 3964 800 4017 Satis
826 3964 956 4018 mihi
990 3979 1155 4018 sacrae
1192 3964 1435 4019 lectionis
1474 3966 1701 4021 intentio
1728 3975 1788 4023 'et
1812 3970 1914 4036 pia:
1947 3970 2163 4022 humili—

586 4055 714 4107 tatis
742 4056 1077 4107 conversatio
1103 4054 1278 4123 placet
1301 4054 1353 4107 in
1380 4056 1555 4120 vobis,
1583 4065 1637 4109 et
1674 4058 1727 4110 in
1758 4074 1862 4126 qua
1887 4073 2019 4113 mea:
2042 4075 2161 4128 par-

586 4144 767 4196 vitatis
798 4143 1137 4197 familiariter
1173 4145 1598 4200 mansiunculam
1633 4148 1855 4203 visitare
1884 4165 1987 4204 non
2014 4166 2163 4219 spre-

587 4230 757 4284 vistis.
798 4232 948 4285 Unde
993 4242 1045 4286 et
1094 4234 1296 4299 gratias
1342 4236 1551 4304 agimus
1594 4246 1787 4293 vestra:
1826 4240 2159 4309 benignitati,

588 4317 862 4385 Deumque
888 4319 1229 4374 dilectissime
1252 4321 1359 4392 [ΑΙ.
1383 4324 1810 4405 diligentissime]
1852 4343 1951 4395 pro
1984 4339 2160 4383 vestra

588 4407 939 4475 deprecamur
984 4409 1278 4475 sospitate,
1354 4420 1619 4479 quatenus
1677 4424 1779 4469 tute
1834 4415 2163 4474 fortitudinis

588 4496 859 4550 dexteram
891 4505 1087 4549 contra
1134 4498 1471 4555 adversarios
1518 4504 1687 4557 sancti
1714 4504 1796 4557 sui
1826 4505 2060 4560 nominis
2083 4507 2161 4559 vi-

587 4588 810 4641 ctricem
838 4588 1033 4655 ubique
1070 4587 1230 4641 faciat
1266 4601 1319 4641 et
1347 4593 1412 4644 ab
1447 4595 1591 4645 omni
1621 4595 1945 4648 adversitate
1983 4595 2165 4651 diabo-

588 4677 703 4731 lica:
736 4676 957 4739 fraudis,
987 4693 1079 4730 seu
1112 4693 1141 4729 a
1174 4681 1383 4732 cunctis
1412 4681 1747 4735 inimicorum
1778 4684 2005 4747 insidiis,
2048 4700 2159 4739 sua:

590 4782 793 4837 magna:
833 4767 1048 4835 pietatis
1087 4769 1321 4836 potentia
1354 4770 1645 4824 clementer
1671 4772 1968 4826 custodiat:
1991 4772 2154 4841 cujus

588 4856 980 4910 sanctissimam
1028 4857 1352 4911 voluntatem
1394 4860 1444 4911 in
1485 4862 1858 4916 observatione
1885 4864 2157 4917 mandato-

659 4977 681 5002 ει
724 4965 847 5019 Harc
868 4966 1089 5035 epistola
1136 4967 1275 5019 inter
1318 4969 1679 5033 Quercetanas
1714 4973 1803 5035 94,
1836 4974 1975 5027 inter
1997 4974 2157 5029 Cani—

588 5035 768 5107 sianas
808 5035 875 5088 55
918 5046 1019 5088 est.
1070 5036 1209 5107 _V’iro
1253 5038 1547 5107 clarissimo
1600 5042 1852 5095 Madrisio
1889 5043 2154 5107 Utinensi,

587 5103 818 5189 Operum
854 5104 1633 5189 sanctiﬁl‘au‘linjpatriarchae
1674 5111 2032 5179 Aquileiensis
2062 5103 2158 5166 Pa-

588 5171 826 5245 trologire
851 5174 1076 5245 tomoC,
1108 5174 1207 5227 col.
1232 5171 1378 5245 £525,
1416 5179 1609 5245 scripta
1641 5171 1851 5233 videtur
1881 5182 2062 5234 statim
2089 5185 2157 5237 ab

587 5241 816 5313 adventu
847 5241 1020 5295 Aerici
1051 5245 1199 5296 ducis
1228 5241 1571 5313 Forojulium.
1600 5249 1703 5303 hoc
1735 5258 1836 5307 est,
1867 5265 2006 5303 anno
2033 5252 2151 5303 787.

592 5328 611 5361 ‹
632 5309 710 5363 Eo
736 5312 878 5363 enim
913 5319 1149 5377 tempore
1174 5354 1183 5373 ,
1220 5315 1293 5365 ait
1324 5354 1337 5375 ,
1363 5309 1634 5369 'Alcuinus
1668 5318 1950 5371 Franciam
1979 5359 1991 5378 ,
2018 5322 2157 5373 unde

588 5380 743 5454 paulo
766 5389 891 5434 ante
914 5381 1233 5454 discesserat
1256 5382 1518 5454 Henricus
1543 5386 1832 5454 (Aericus),
1862 5387 2149 5447 incolebat,

588 5448 985 5526 quiantequarn
1035 5451 1363 5526 provinciam
1403 5448 1829 5526 ducatusadiit,
1870 5455 2152 5509 Alcuinum

590 5520 821 5571 invisere
842 5521 1011 5585 potuit
1037 5560 1049 5581 ,
1100 5521 1295 5573 monita
1343 5520 1477 5575 forte.
1504 5523 1691 5575 salutis
1716 5534 1929 5579 retenta:
1953 5526 2018 5577 ad
2041 5542 2156 5580 sus-

590 5596 799 5705 eepltum
847 5604 981 5657 Opus
1024 5590 1138 5643 sine
1182 5589 1274 5642 Dei
1329 5592 1529 5646 olTensa
1580 5594 1960 5645 cxantlandum
1999 5612 2159 5663 expo-

592 5664 675 5705 δίη
703 5665 901 5705 alurus.
938 5678 954 5705 ι

592 5664 901 5710 slulalurus.
938 5678 954 5708 ›

2272 498 2292 530 ι
2336 493 2546 547 cunque
2573 475 2866 547 symbOIam
2892 476 3235 547 contulerim,
3262 475 3314 528 in
3341 490 3536 545 magno
3559 489 3722 543 opere
3747 475 3847 529 ad-

2272 566 2289 599 (
2331 544 2479 617 ξυιρὲ
2499 546 2687 617 debilis
2706 555 2759 617 et
2786 544 3007 617 pusillus
3038 544 3373 617 administer.

2342 635 2360 667 ι
2405 615 2479 669 Ita
2507 615 2732 670 Londini
2772 614 3149 682 transcriptum
3177 614 3325 680 prius
3354 614 3467 667 fieri
3495 627 3839 678 curaveram,

2271 704 2291 737 ‹
2336 696 2395 740 ιιι
2419 701 2516 740 suo
2539 698 2873 752 unaqumque
2909 683 3132 751 epistola
3160 684 3514 750 quaternione
3538 684 3852 737 continere-

2271 773 2290 805 ι
2337 755 2668 815 tur.V'erum,
2683 752 2809 806 dum
2825 767 2890 806 ex
2907 753 2992 806 his
3011 753 3455 821 quater-itionibus
3476 752 3528 805 in
3555 754 3847 821 spissiores

2270 842 2290 874 ε
2335 823 2583 878 foliorum
2641 822 2925 875 fasciculos
2983 821 3217 876 secunda
3262 836 3425 891 manu
3469 830 3843 891 congeruntur

2270 910 2291 943 ι
2330 892 2586 961 epistolm,
2620 905 2719 943 nec
2742 904 2871 944 suus
2900 891 3187 959 unicuique
3207 890 3510 961 assignatur
3530 890 3834 958 quaternio,

2271 980 2289 1011 ι
2329 959 2461 1015 ordo
2484 961 2538 1014 in
2557 974 2659 1013 ms.
2687 969 2931 1013 servatus
2952 959 3317 1013 iutervertitur
3339 962 3683 1014 amanuensis
3704 960 3851 1015 osci-

2272 1049 2291 1081 ο
2335 1030 2523 1083 tantia.
2556 1029 2661 1082 Sed
2685 1029 2806 1097 quis
2834 1028 2997 1081 fuerit
3028 1029 3161 1081 ordo
3191 1028 3300 1090 ille,
3323 1030 3455 1082 satis
3474 1030 3750 1097 apparebit
3768 1044 3839 1083 ex

2272 1117 2290 1149 ι
2335 1113 2559 1152 numero
2605 1097 2852 1168 foliorum
2882 1112 2983 1168 ins.
3013 1098 3238 1168 codicis,
3272 1097 3502 1168 singulis
3545 1108 3705 1167 prout
3744 1113 3845 1152 ex-

2273 1187 2290 1218 l
2336 1168 2549 1234 scriptae
2576 1176 2699 1220 sunt
2718 1166 2958 1235 epistolis
2985 1165 3160 1219 aliixo.

2341 1256 2359 1287 ι
2408 1236 2533 1290 Haec
2581 1234 2773 1301 raptim
2824 1235 3127 1289 scribebam
3153 1234 3378 1289 Parisiis
3419 1250 3473 1288 vt
3515 1234 3640 1291 ldus
3665 1235 3843 1290 Martii

2272 1323 2291 1355 ι
2338 1304 2474 1359 1769
2497 1305 2562 1357 ad
2592 1320 2747 1357 usum
2768 1304 3197 1358 reverendissimi
3223 1313 3277 1358 et
3306 1305 3650 1359 illustrissimi
3674 1305 3737 1357 Ι).
3772 1304 3837 1358 D.

2272 1392 2289 1424 ι
2336 1373 2608 1437 Frobenii,
2643 1374 2853 1426 abbatis
2880 1373 3135 1441 principis
3155 1372 3211 1427 S.
3244 1374 3567 1427 Emmerami
3594 1374 3844 1442 Ratispoo

2272 1463 2292 1493 ι
2336 1444 2517 1496 nensis
2538 1482 2553 1505 ,
2583 1443 2668 1495 cui
2710 1442 2934 1495 salutem
2964 1442 3247 1510 plurimam
3282 1443 3410 1496 dare
3439 1443 3599 1497 liceat
3626 1452 3681 1499 et
3713 1458 3829 1511 pre-

2273 1529 2293 1563 s
2338 1511 2446 1565 cari
2481 1510 2655 1565 fausta
2688 1511 2888 1564 omnia.

2983 1598 2999 1628 ι
3040 1579 3119 1633 Ds
3156 1580 3478 1646 Buomcar,

2417 1664 2435 1696 ι
2467 1646 2643 1718 Regiis
2665 1648 2898 1717 inscript.
2922 1657 2969 1701 et
2990 1648 3134 1702 Itum.
3160 1650 3260 1702 litt.
3284 1651 3578 1703 Academia
3594 1657 3786 1704 socius.
3821 1671 3841 1701 ο

2343 1737 2448 1792 «Ita
2465 1738 2548 1807 vir
2559 1736 2898 1791 doctissimus
2914 1736 3070 1807 simul
3094 1752 3157 1791 ac
3176 1737 3622 1799 modestissimus,
3640 1739 3725 1791 cui
3744 1753 3848 1807 pro

2268 1807 2481 1877 detecto
2522 1806 2624 1860 hoc
2651 1811 2903 1877 thesauro
2938 1806 3220 1877 litterario,
3270 1806 3361 1877 qui
3405 1821 3537 1861 sane
3568 1806 3761 1877 magni
3788 1807 3846 1860 in

2268 1876 2495 1930 historia
2511 1884 2620 1929 tam
2643 1876 2785 1929 civili
2807 1890 2969 1942 quam
2989 1875 3354 1929 ecclesiastica
3382 1877 3641 1930 aestimari
3662 1875 3844 1939 debet,

2266 1953 2446 2013 grates
2473 1952 2757 2013 perpetuas
2783 1944 3012 2013 habeant
3040 1944 3235 1997 eruditi
3261 1959 3467 1997 omnes.

2344 2032 2361 2063 ι
2385 2013 2613 2083 Errores
2644 2012 2843 2067 veteris
2862 2012 3140 2083 scriptoris
3168 2013 3219 2065 in
3244 2021 3390 2067 textu
3417 2014 3695 2067 emendavi
3725 2014 3846 2083 qui-

2266 2085 2409 2153 dem,
2450 2082 2678 2153 lectione
2706 2090 2886 2136 tamen
2932 2081 3133 2135 codicis
3181 2090 3383 2153 notata,
3435 2091 3495 2135 ut
3520 2083 3716 2151 eruditi
3743 2081 3850 2153 *Ξυ-

2266 2151 2447 2205 dicare
2490 2152 2696 2218 possint
2737 2166 2864 2203 num
2905 2160 3086 2204 nostra
3138 2152 3403 2205 correctio
3440 2154 3508 2205 sit
3564 2151 3841 2219 probanda

2266 2220 2348 2271 vel
2377 2220 2745 2285 improbanda.

2342 2307 2359 2337 ι
2388 2288 2622 2355 Epistula
2656 2288 2830 2357 Caroli
2862 2287 3033 2357 Magni
3062 2288 3128 2341 ad
3157 2287 3468 2342 Michaelem
3491 2288 3643 2357 imp.,
3681 2303 3849 2355 quam

2265 2358 2350 2410 vir
2370 2359 2702 2412 clarissimus
2720 2356 3051 2410 Alcuinianis
3070 2357 3379 2425 appendicis
3401 2357 3519 2411 loco
3532 2356 3844 2417 subnexuit,

2266 2426 2353 2480 illa
2392 2436 2475 2480 est
2499 2441 2661 2495 quam
2696 2426 2834 2495 idem
2877 2426 3066 2495 legatis
3103 2427 3236 2495 suis,
3270 2426 3542 2481 Amalario
3586 2427 3845 2495 episcopo

2266 2493 2607 2557 'l‘revirensi,
2655 2502 2709 2547 et
2750 2494 2911 2547 Petro
2934 2493 3112 2548 abbati
3143 2493 3542 2563 Nonantulano,
3582 2493 3681 2562 pro
3711 2493 3847 2563 pace

2266 2564 2408 2617 inter
2446 2571 2733 2629 utrumque
2773 2564 3055 2630 imperium
3092 2562 3460 2618 conﬁrmanda
3505 2562 3727 2627 missis,
3776 2564 3850 2617 ad

2264 2632 2546 2702 pnefatnm
2579 2634 2955 2702 imperatorem
2985 2646 3089 2702 una
3135 2648 3257 2686 cum
3306 2633 3663 2702 instrumento
3696 2633 3852 2699 pacis

2265 2700 2607 2757 deferendam
2631 2700 2866 2770 tradidit.
2885 2701 3032 2753 Illam
3047 2700 3165 2755 loco
3186 2709 3488 2770 opportuno
3516 2701 3656 2770 inter
3675 2715 3843 2770 opera

2265 2771 2490 2825 Alcuino
2529 2769 2800 2839 supposita
2834 2770 3099 2831 dabimus,
3146 2768 3269 2837 ρος(
3302 2769 3537 2837 ejusdem
3586 2768 3851 2839 Amalarii

2264 2840 2581 2907 opusculum
2604 2838 2679 2891 De
2717 2838 3051 2892 cmremoniis
3081 2839 3352 2907 baptismi,
3402 2839 3535 2892 falso
3586 2838 3853 2891 hactenus

2265 2908 2491 2962 Alcuino
2518 2907 2841 2979 ascriptum,
2871 2922 3125 2979 una‘cum
3148 2907 3696 2979 Hoduaporicqillius,
3720 2907 3853 2979 bac-

2268 2986 2422 3030 tenus
2453 2991 2663 3044 quoque
2692 2975 3082 3038 desideratum,
3109 2984 3164 3029 et
3194 2976 3435 3044 epistolis
3469 2976 3609 3030 illius
3634 2975 3699 3028 ad
3743 2975 3849 3029 Pe-

2270 3055 2411 3100 trum
2436 3047 2643 3100 itineris
2665 3045 2889 3109 socium,
2911 3044 3171 3113 hujusque
3193 3046 3548 3113 responsoriis
3570 3046 3855 3114 hucusque

2268 3116 2471 3184 pariter
2498 3114 2763 3167 incditis.»

2263 3284 2380 3321 rum
2417 3267 2580 3329 illius,
2608 3266 2867 3336 quantum
2901 3268 3145 3322 humanae
3170 3268 3423 3337 possibile
3451 3269 3523 3322 sit
3546 3267 3852 3337 fragilitati,

2261 3354 2619 3410 intentissime
2648 3354 2904 3420 efﬁciens,
2937 3364 2997 3409 ut
3024 3365 3075 3410 te
3106 3356 3156 3410 in
3180 3358 3453 3425 prosperis
3484 3371 3673 3425 regere
3704 3366 3761 3411 et
3790 3358 3852 3411 in

2264 3447 2503 3501 adversis
2527 3456 2808 3518 protegere
2834 3448 3101 3516 dignetur.
3134 3448 3293 3501 Plura
3330 3449 3445 3511 tibi,
3468 3449 3552 3500 vir
3583 3462 3901 3521 veneratum

2264 3537 2349 3602 de,
2369 3537 2433 3591 de
2450 3536 2771 3592 Christiana:
2795 3539 3012 3607 pietatis
3036 3540 3412 3594 observatione
3438 3537 3576 3594 forte
3597 3539 3855 3607 scripsis-

2265 3640 2397 3689 sem,
2452 3628 2494 3680 si
2543 3628 2637 3681 tibi
2683 3628 2869 3683 doctor
2904 3630 3153 3699 egregius
3197 3638 3252 3684 et
3295 3631 3415 3698 pius
3453 3630 3687 3683 cmlestis
3723 3630 3853 3682 vita:

2264 3726 2563 3785 prreceptor
2605 3717 2861 3772 Paulinus
2903 3733 3054 3772 meus
3086 3731 3135 3781 ο,
3188 3727 3383 3786 praesto
3426 3733 3530 3771 non
3579 3726 3745 3780 esset,
3782 3719 3854 3771 de

2264 3804 2417 3872 cujus
2460 3807 2619 3861 corde
2657 3816 2871 3862 emanat
2914 3808 3033 3863 fons
3082 3810 3310 3863 viventis
3358 3824 3538 3876 aqum,
3582 3808 3635 3861 in
3678 3807 3849 3861 vitam

2266 3893 2505 3948 salientis
2534 3902 2787 3949 :etemam
2824 3897 3001 3966 (Joan.
3038 3913 3111 3961 iv,
3138 3895 3247 3965 M).
3310 3896 3460 3949 illum
3509 3896 3706 3949 haLcas
3744 3895 3847 3950 til.i

2266 3984 2454 4038 salutis
2478 3993 2691 4039 aeterna:
2714 3987 3113 4041 conciliatorem
3136 4026 3150 4050 ,
3174 4001 3242 4039 ne
3266 3986 3459 4039 alicubi
3488 3993 3590 4038 tua:
3615 4000 3849 4041 conver—

2266 4074 2493 4129 sationis
2542 4089 2636 4144 pes
2688 4075 2987 4144 impingat:
3034 4076 3126 4129 sed
3176 4084 3323 4128 recto
3358 4074 3548 4127 itinere
3590 4089 3842 4137 currens,

2266 4163 2445 4217 divina
2470 4164 2699 4232 donante
2730 4165 2920 4232 gratia,
2949 4165 3016 4217 ad
3043 4172 3310 4232 perpetuce
3336 4173 3520 4232 portas
3560 4163 3683 4215 vita:
3718 4178 3850 4233 per-

2267 4256 2449 4307 venire
2485 4264 2774 4309 merealur.
2817 4256 2947 4308 Vive
2975 4264 3029 4308 et
3053 4254 3167 4307 vale
3195 4254 3425 4309 feliciter
3443 4254 3496 4306 in
3519 4262 3804 4306 aeternum.

2764 4362 2815 4431 5
2852 4364 2877 4400 ἀ
2916 4362 3244 4417 EPISTOLA
3282 4364 3343 4419 ιι.

2868 4449 2933 4485 Δι’)
2971 4450 3236 4487 ARNONEW.

2851 4503 3048 4567 (Auro
3088 4504 3207 4556 790.
3240 4504 3257 4571 )

2268 4567 2427 4621 Illum
2458 4580 2756 4635 pra'sentem
2782 4571 2969 4623 habere
2992 4567 3248 4627 desiderat
3273 4590 3289 4633 ,'
3316 4573 3554 4625 hortatur
3581 4574 3650 4627 ad
3676 4576 3852 4629 soler-

2338 4648 2438 4709 t_ent
2461 4655 2647 4709 puram
2678 4640 2973 4709 animarum
3002 4656 3096 4692 suo
3130 4642 3367 4708 regimini
3398 4645 3795 4697 commissarum
3826 4664 3846 4709 ;

2339 4706 2906 4781 Laidradum-salutari
2940 4709 3077 4781 cupit
3096 4725 3123 4781 _;r
3154 4706 3206 4781 se
3234 4726 3348 4781 vero
3376 4711 3436 4762 ob
3465 4713 3613 4781 regni
3634 4706 3845 4767 navita;

2338 4787 2439 4826 tem
2468 4774 2636 4825 adhuc
2668 4775 2720 4825 in
2748 4776 2922 4843 patria
2950 4774 3181 4845 (Anglia)
3210 4780 3417 4831 retineri
3448 4774 3730 4847 signiﬁcat.

2339 4863 2543 4917 Dilecto
2570 4861 2712 4915 Patri
2745 4862 2949 4930 Aquila:
2977 4866 3229 4933 episcopo
3261 4867 3487 4922 Albinus
3514 4869 3765 4925 salutem.

2330 4974 2359 5015 δ
2401 4974 2612 5027 Aer-iens
2638 4975 2703 5027 ab
2723 4974 2840 5027 aliis
2867 4975 3141 5038 Henricus,
3184 4976 3373 5031 Erit-ns
3402 4988 3455 5033 et
3482 4980 3707 5033 Ericlms
3738 4997 3843 5038 an-

2335 4998 2359 5015 υ
2401 4998 2612 5027 aeneus
2638 4998 2703 5027 ut)
2723 4998 2840 5027 auls
2867 4998 3141 5038 Henricus,
3184 4998 3373 5031 ancus
3402 4998 3455 5033 et
3482 4998 3707 5033 (melius
3738 4998 3767 5034 a
3816 5015 3843 5025 -

2255 5046 2503 5117 pellatur.
2538 5044 2834 5117 provincia:
2881 5044 3259 5117 Forojuliensis
3288 5048 3391 5101 dux
3441 5064 3471 5101 a
3509 5048 3703 5103 Carolo
3732 4998 3843 5106 ME!-

2293 5114 2699 5188 no_constitu_tus
2720 5123 2802 5188 est
2824 5114 3135 5188 a_uno__787;
3186 5117 3249 5188 de
3280 5131 3345 5188 eo
3368 5118 3521 5188 plura
3550 5118 3671 5188 vide
3693 5123 3840 5188 apud

2293 5136 2359 5169 tto
2381 5136 2699 5166 ωιιδιιιιιιυδ
2720 5136 2802 5166 υδι
2824 5136 2965 5165 anno
3012 5136 3097 5169 tat
3122 5136 3135 5177 ;
3186 5136 3249 5168 nc
3280 5136 3345 5169 eo
3371 5136 3521 5183 plura
3550 5136 3671 5173 vtae
3693 5136 3839 5188 apud

2254 5136 2567 5238 gladrisium
2598 5182 2698 5236 loc.
2730 5182 2823 5236 cit.
2855 5182 2905 5235 in
2955 5184 3170 5238 dissert.
3218 5186 3269 5237 in
3321 5186 3539 5239 Librum
3572 5187 3844 5242 Exhorta-

2256 5254 2418 5307 tionis
2448 5252 2618 5305 sancti
2657 5251 2882 5304 Paulini.

2330 5334 2349 5360 ο
2395 5320 2651 5392 Paulinus
2676 5320 3034 5392 mensiliujus
3057 5322 3239 5392 in'itam
3271 5325 3481 5392 egregie
3510 5324 3840 5379 illustratam

2261 5390 2327 5443 ab
2352 5390 2537 5463 eodem
2573 5390 2689 5463 viro
2729 5390 3027 5463 clarissimo
3053 5390 3455 5463 Madrisiu‘vide
3488 5394 3543 5447 in
3570 5393 3841 5463 Operibus

2263 5459 2432 5531 sancti
2471 5455 2676 5531 Paulini
2695 5528 2701 5531 _
2720 5459 2786 5531 ab
2815 5458 2919 5531 illo
2948 5458 3124 5531 editis.
3151 5460 3404 5531 Paulinus
3432 5476 3559 5516 vero
3586 5455 3841 5531 prmstitit

2264 5526 2472 5599 Aerico.
2513 5526 2652 5599 quod
2679 5527 2932 5599 Alcuinus
2958 5529 3044 5581 hic
3070 5538 3239 5596 optat,
3265 5546 3360 5599 per
3383 5526 3600 5584 Librum
3630 5532 3843 5585 Exhor-

2268 5596 2483 5648 tationis
2512 5596 2599 5661 qui
2628 5605 2799 5648 exstat
2826 5596 3043 5649 ibidem.

2338 5664 2360 5702 ά
2402 5664 2523 5717 ηερε
2550 5664 2768 5731 epistola
2804 5667 3027 5718 habetur
3067 5668 3115 5719 in
3158 5670 3274 5720 cod.
3307 5685 3404 5723 ms.
3438 5670 3838 5733 Salisburgi-nsi
