4220 6242
337 337 422 390 lii
1784 327 2164 384 ιςιηςτοιλε.

3499 322 3604 380 149

396 442 540 498 Satis
570 444 719 496 Sttavi
751 442 1263 496 commemoratione
1292 450 1530 495 vestram
1561 441 1763 504 recolo,
1797 457 1920 496 san—
1949 447 1997 501 Α
2027 439 2272 501 obsecro,
2306 436 2573 506 quomodo
2604 437 2848 490 habeatis
2869 479 2882 499 ,
2912 447 2964 491 et
2998 438 3125 504 quid
3170 439 3291 490 novi
3334 438 3470 505 apud
3511 451 3610 492 vos

328 533 567 587 ctissime
581 530 762 593 Pater,
784 531 1150 596 dilectionem,
1173 540 1228 584 et
1245 531 1689 594 familiaritatem,
1706 541 1918 600 optans,

331 635 392 678 nt
420 624 744 693 quandoque
775 624 987 676 eveniat
1016 623 1145 676 mihi
1173 632 1384 690 tempus
1410 623 1659 687 amabile,
1687 639 1794 693 quo
1816 625 1925 679 col-

331 715 441 770 lum
472 715 754 769 charitatis
778 724 972 768 vestra:
996 715 1391 769 desideriorum
1413 731 1659 769 meorum
1687 717 1926 785 digitulis

335 806 650 874 amplecter.
682 804 727 859 Ο
759 805 803 859 si
832 805 961 857 mihi
993 805 1279 858 translatio
1301 805 1554 859 llabacuc
1577 816 1723 860 esset
1747 809 1925 861 subito

336 912 595 950 concessa
616 937 629 960 ,
656 911 818 963 quam
845 895 1026 948 citatis
1050 895 1296 948 manibus
1324 910 1536 947 ruerem
1567 896 1619 949 in
1648 896 1927 964 amplexus

332 987 680 1055 paternitatis
709 994 902 1038 vestra:
921 1025 933 1048 ,
965 993 1020 1038 et
1046 1001 1208 1053 quam
1240 987 1566 1054 compressis
1595 986 1762 1040 labris
1791 987 1922 1059 [.«ll.,

334 1075 509 1147 labiis]
539 1091 644 1128 non
673 1075 846 1128 solum
874 1074 1078 1137 oculos,
1109 1089 1270 1128 aures
1297 1083 1351 1127 et
1379 1091 1462 1138 os,
1496 1076 1590 1128 sed
1618 1077 1783 1130 etiam
1818 1094 1927 1129 ma-

334 1183 496 1221 nuum
540 1167 624 1219 vel
663 1167 861 1234 pedum
905 1165 1143 1234 singulos
1189 1166 1482 1235 digitorum
1523 1168 1781 1222 articulos
1822 1185 1927 1223 non

334 1257 531 1321 semel,
564 1257 656 1310 sed
697 1255 973 1309 multoties
1011 1254 1309 1308 oseularer.
1343 1257 1540 1310 Verum
1582 1258 1708 1325 quia
1749 1261 1927 1314 meriti

336 1351 440 1404 mei
472 1365 580 1402 non
610 1356 692 1402 est
722 1348 1012 1401 ita'venire
1044 1348 1112 1400 ad
1155 1354 1238 1410 te,
1271 1348 1481 1401 mittam
1527 1347 1723 1417 smpius
1761 1350 1928 1402 rusti-

334 1441 519 1496 citatis
545 1453 675 1492 mea:
699 1438 910 1492 litteras
936 1437 1002 1490 ad
1031 1445 1081 1490 te
1099 1477 1112 1500 ,
1143 1444 1202 1488 ut
1228 1437 1342 1490 vice
1367 1438 1658 1490 verborum
1685 1454 1927 1492 meorum

336 1533 628 1601 loquantur
658 1546 755 1600 pro
787 1546 873 1584 me
897 1571 912 1593 ,
945 1537 999 1583 et
1027 1529 1211 1582 dicant
1237 1547 1248 1580 :

339 1666 563 1734 Semper
595 1663 648 1716 in
681 1673 941 1716 :eternum
961 1704 974 1724 ,
1007 1661 1203 1730 przesul
1234 1663 1607 1726 sanctissime,
1641 1662 1820 1722 salve,

2025 528 2311 584 accidisset
2351 530 2470 582 istis
2508 529 2717 582 diebus.
2770 529 3189 590 Commendate,
3236 528 3315 580 vel
3356 529 3604 590 scribite,

2025 622 2302 688 deprecor,
2347 635 2544 675 nomen
2584 634 2763 671 meum
2808 634 2902 688 per
2945 621 3268 672 monasteria
3311 627 3366 672 et
3406 618 3611 673 amiqu

1992 732 1997 737 ’
2028 710 2295 781 vestrm-3.]
2327 711 2438 764 Pax
2471 711 2621 765 vobis
2655 719 2707 763 et
2735 709 2883 762 salus
2914 710 2966 762 in
2998 708 3192 762 sxcula
3223 700 3501 776 perpetua.

2509 823 2568 893 θ
2602 834 2623 861 c
2667 821 2998 876 EPISTOLA
3035 821 3117 874 ιιι.

2335 949 2398 986 Αἰ)
2434 948 2637 986 COLCU.“
2683 946 2960 986 ιεετοιιιῐιι
3003 949 3053 984 ΙΝ
3093 947 3280 984 ςεοτιλ

2623 1025 2820 1098 (Anno
2848 1027 2969 1080 790.
2998 1027 3015 1096 )

2042 1118 2197 1172 Varia
2218 1129 2427 1172 enarrat
2453 1135 2570 1188 qum
2600 1119 2652 1170 in
2681 1119 2866 1172 itinere
2894 1136 2988 1171 suo
3017 1118 3092 1170 rel
3122 1118 3266 1180 vidit,
3294 1116 3369 1170 vel
3390 1117 3611 1170 audivit.

2095 1230 2384 1284 Benedicto
2428 1229 2689 1297 magistro
2730 1237 2784 1281 et
2814 1227 2839 1265 ἀ
2873 1229 2962 1294 pio
3005 1227 3151 1280 Patri
3191 1227 3354 1282 Colcu
3395 1226 3617 1281 Alcuine

2031 1321 2250 1375 humilis
2279 1319 2439 1374 levita
2474 1319 2723 1372 salutem.

2097 1411 2290 1464 Audita
2316 1411 2546 1463 sanitate
2569 1418 2624 1462 et
2647 1410 3006 1477 prosperitate
3031 1410 3374 1480 paternitatis
3400 1419 3614 1473 vestrm,

2033 1509 2196 1565 totus,
2246 1509 2306 1552 ut
2348 1499 2544 1560 fateor,
2588 1499 2809 1568 gavisus
2856 1515 2973 1552 sum
3015 1499 3332 1573 visceribus.
3382 1500 3447 1553 Et
3487 1501 3615 1568 quia

2034 1593 2306 1646 curiosum
2358 1599 2408 1643 te
2459 1591 2630 1644 nostri
2659 1588 2869 1642 itineris
2921 1585 3276 1656 putavi,'vel
3330 1605 3512 1643 rerum
3566 1591 3645 1642 in‘

2035 1683 2233 1737 mundo
2277 1698 2446 1750 nuper
2485 1691 2795 1749 gestarum,
2843 1693 2938 1747 per
2982 1680 3080 1732 hos
3122 1680 3442 1733 rusticitatis
3483 1695 3618 1733 mea:

342 1755 514 1821 Αιίιυε
547 1753 622 1805 “li
651 1752 832 1805 cum”
865 1751 1079 1803 “1'93”
1099 1791 1113 1813 ν
1149 1765 1305 1819 νοεον
1341 1766 1554 1818 semper
1585 1751 1743 1804 amid
1776 1750 1926 1841 “My
1965 1785 2006 1841 Β
2035 1774 2213 1841 apices
2244 1779 2348 1824 tum
2369 1770 2725 1839 providentia:
2766 1770 3103 1822 innotescere
3133 1770 3350 1830 curavi,
3384 1784 3479 1822 seu
3521 1785 3648 1823 att--

1713 1839 1928 1909 amice].

415 1952 652 2007 Obsecro
679 1953 872 2006 iterum
895 1993 908 2016 ,
945 1952 1248 2022 iterumque
1273 1953 1556 2016 admoneo,
1588 1961 1646 2006 ut
1674 1962 1727 2006 te
1757 1954 1932 2020 ipsum

346 2043 685 2106 consideres,
719 2052 774 2095 et
802 2057 908 2109 quo
951 2043 1142 2097 tendas
1184 2059 1476 2113 agnoscas,
1505 2051 1559 2098 et
1595 2045 1726 2112 quid
1768 2043 1936 2098 facias

347 2132 673 2201 praavideas,
708 2139 762 2184 et
791 2145 973 2184 coram
1003 2145 1164 2198 quam
1195 2132 1422 2185 terribili
1449 2130 1637 2185 Judice
1672 2133 1934 2185 rationem

351 2221 659 2276 redditurus
688 2221 761 2274 sis
781 2261 794 2284 ,
825 2235 930 2273 non
961 2220 1134 2273 solum
1161 2220 1227 2274 de
1260 2229 1342 2285 te,
1390 2222 1482 2274 sed
1517 2222 1680 2275 etiam
1721 2221 1786 2275 de
1827 2223 1937 2275 sin-

349 2311 487 2381 gulis
535 2312 818 2364 animabus
861 2326 979 2379 qua:
1025 2318 1116 2363 tuo
1161 2311 1461 2364 commissa:
1498 2320 1624 2364 sunt
1665 2308 1932 2379 regimini.

353 2401 562 2455 Idcirco
583 2417 687 2454 non
709 2402 945 2468 segniter
972 2401 1174 2464 labora,
1194 2403 1424 2471 prazdica
1448 2412 1768 2472 opportune,
1786 2404 1938 2471 inop-

351 2473 582 2562 portune
611 2490 742 2561 [Al.,
772 2491 1134 2562 importune],
1168 2493 1220 2545 id
1245 2501 1350 2555 est,
1385 2491 1584 2546 volenti
1618 2500 1670 2545 et
1698 2492 1933 2554 nolenti,

353 2562 546 2651 argue,
578 2582 800 2634 obsecra
821 2622 845 2643 ,.
865 2582 1080 2650 increpa
1104 2622 1118 2645 ,
1147 2592 1206 2636 ιιι
1246 2566 1507 2637 mercaris
1550 2584 1736 2638 audire
1767 2600 1798 2636 a
1828 2584 1936 2638 Do-

356 2671 500 2724 mino
529 2669 641 2723 Deo
670 2679 764 2723 tuo
791 2689 802 2721 :
839 2670 1014 2740 Euge,
1051 2689 1191 2725 serve
1222 2673 1352 2726 bone
1395 2683 1443 2726 et
1485 2674 1657 2741 ﬁdelis
1677 2715 1690 2736 ,
1735 2677 1858 2744 quia
1885 2678 1939 2729 in

355 2779 523 2830 pauca
550 2761 696 2830 fuisti
739 2762 934 2830 ﬁdelis,
964 2779 1119 2832 super
1148 2763 1309 2816 multa
1335 2774 1384 2816 te
1411 2765 1756 2828 constituam,
1801 2768 1940 2818 intra

356 2851 411 2902 in
455 2851 707 2918 gaudium
747 2852 946 2904 domini
986 2855 1061 2905 tui
1092 2853 1108 2922 (
1136 2853 1326 2906 Matth.
1360 2870 1484 2917 xxv,
1511 2854 1572 2906 2i
1600 2856 1640 2925 ).
1675 2855 1898 2927 [Saluta
1922 2898 1937 2922 ,

358 2939 604 3004 obsecro,
639 2939 954 2994 Laedredum
983 2955 1009 2980 ι
1050 2945 1359 2998 consocium
1392 2954 1446 2998 et
1476 2947 1709 3002 amicum
1736 2962 1937 3002 meum.

361 3027 620 3098 Sequenti
647 3045 788 3083 anno
812 3038 1019 3084 certum
1044 3047 1165 3085 eum
1195 3031 1386 3086 faciam
1408 3075 1422 3096 ,
1448 3037 1492 3088 si
1515 3036 1603 3090 ille
1628 3046 1810 3092 certus
1840 3040 1944 3092 erit

2037 1863 2144 1915 dita
2167 1902 2179 1923 ,
2209 1876 2302 1915 seu
2331 1861 2465 1913 visa.
3035 1926 3038 1927 ν

2106 1953 2286 2006 Primo
2315 1952 2450 2005 sciat
2477 1949 2691 2002 dilectio
2720 1958 2808 2001 tua
2828 1990 2841 2011 ,
2875 1950 3017 2015 quod
3044 1950 3333 2002 miserante
3360 1949 3469 2003 Deo
3499 1965 3625 2004 san-

2037 2053 2124 2097 cta
2149 2041 2265 2109 ejus
2291 2041 2531 2095 Ecclesia
2560 2040 2612 2093 in
2640 2040 2884 2107 partibus
2927 2037 3153 2107 Europm
3192 2053 3380 2106 pacem
3425 2039 3587 2093 habet
3606 2078 3624 2105 ,

2036 2132 2248 2201 prolicit
2273 2148 2336 2185 ac
2366 2131 2582 2185 crescit.
2624 2129 2758 2182 Nam
2793 2140 2814 2166 ε
2847 2130 3052 2198 antiqui
3082 2127 3325 2182 Saxones
3350 2137 3404 2182 et
3433 2142 3626 2184 omnes

2038 2223 2321 2276 Frisonum
2348 2221 2527 2290 populi
2551 2224 2574 2286 ,'
2597 2220 2834 2274 instante
2862 2235 2985 2289 rege
3010 2219 3204 2274 Carolo
3227 2220 3361 2273 alios
3387 2220 3625 2289 przcmiis

2037 2322 2091 2366 et
2121 2313 2255 2366 alios
2287 2313 2446 2365 minis
2475 2310 2825 2372 sollicitante,
2861 2310 2928 2363 ad
2960 2310 3119 2363 ﬁdem
3149 2309 3350 2364 Christi
3377 2311 3624 2364 conversi

2038 2411 2180 2455 sunt.
2215 2402 2324 2455 Sed
2356 2401 2374 2438 ί
2406 2416 2548 2454 anno
2589 2407 2861 2452 transacto
2902 2399 3043 2452 idem
3090 2415 3181 2454 rex
3224 2415 3346 2453 cum
3386 2399 3626 2463 exercitu

2041 2492 2231 2560 irrupit
2264 2506 2427 2559 super
2469 2489 2691 2562 Sclavos
2711 2529 2726 2552 ,
2756 2503 2892 2555 quos
2925 2504 3023 2540 nos
3051 2489 3326 2541 Vionudos
3363 2488 3624 2550 dicimus,

2039 2598 2240 2651 eosque
2268 2580 2480 2649 subegit
2504 2597 2615 2634 sua:
2643 2579 2852 2634 ditioni.
2889 2582 2911 2618 ε
2936 2576 3109 2632 ϐινωοὶ
3141 2594 3268 2632 vero
3300 2579 3458 2634 tertio
3486 2594 3630 2634 anno

2040 2689 2162 2728 cum
2191 2674 2366 2727 classe
2394 2681 2660 2726 venerunt
2689 2671 2742 2724 in
2771 2670 3008 2735 Italiam,
3053 2679 3106 2724 et
3145 2686 3175 2724 a
3217 2671 3442 2725 ducibus
3482 2672 3630 2741 regis

2039 2763 2245 2830 praefati
2277 2762 2405 2816 victi
2448 2761 2702 2833 fugerunt
2740 2761 2807 2814 ad
2847 2776 3047 2815 naves:
3083 2753 3524 2830 quatuormillia
3555 2778 3624 2817 ex

2042 2852 2146 2904 illis
2188 2850 2386 2916 occisi,
2434 2859 2488 2903 et
2534 2849 2678 2903 mille
2721 2850 2918 2917 captivi
2962 2849 3229 2904 feruntur.
3277 2843 3625 2906 Similitcret

2043 2943 2067 2980 ιι
2101 2941 2293 3003 Avari,
2340 2955 2477 3008 quos
2521 2955 2620 2992 nos
2665 2938 2850 2992 Hunos
2894 2939 3157 3002 dicimus,
3204 2952 3526 2995 exarserunt
3571 2942 3627 2994 in

2043 3032 2245 3085 Italiam
2267 3071 2281 3094 ,
2309 3039 2365 3084 et
2386 3045 2416 3083 a
2442 3029 2766 3084 Christianis
2794 3030 3033 3097 superati
3063 3029 3392 3100 [Malmesb.,
3422 3047 3453 3085 a
3478 3033 3626 3087 duci-

359 3119 489 3186 quid
514 3119 673 3183 velit,
700 3118 784 3174 vel
812 3121 939 3188 quid
964 3121 1152 3189 possit.
1179 3122 1206 3160 b
1231 3121 1452 3177 Novitas
1479 3125 1627 3192 regni
1656 3127 1828 3180 nostri
1855 3141 1941 3180 me
1967 3113 2016 3175 C
2045 3124 2148 3176 bus
2175 3120 2382 3189 praefati
2414 3121 2557 3190 regis
2581 3117 3052 3192 Christianissimi]
3077 3161 3090 3183 ,
3124 3123 3342 3176 domum
3384 3138 3507 3177 cum
3535 3138 3631 3194 op—
3701 3161 3704 3164 ι

359 3210 556 3263 retinet
579 3209 752 3262 adhuc
778 3209 831 3261 in
862 3210 965 3263 isto
993 3226 1170 3275 anno;
1200 3211 1344 3266 salus
1373 3227 1470 3267 vos
1509 3214 1741 3268 retineat
1769 3216 1823 3268 in
1853 3231 1940 3269 re-

359 3299 464 3366 gno
491 3299 757 3370 teterno.]
790 3299 1114 3355 Mementote
1153 3302 1207 3356 in
1248 3305 1584 3362 orationibus
1623 3307 1818 3361 vestris
1847 3322 1944 3361 uo-

362 3389 458 3440 stri
516 3389 777 3451 nominis,
830 3391 1075 3445 obsecro.
1130 3371 1335 3471 Memor
1378 3397 1448 3449 sit
1492 3399 1658 3450 vestri
1702 3400 1946 3468 omnipo-

310 3525 314 3528 .
361 3483 480 3529 tens
507 3476 650 3530 Deus
697 3477 749 3529 in
788 3485 990 3532 eterna
1030 3481 1420 3563 misericordia.
1458 3485 1732 3555 [Scribite
1774 3491 1940 3554 mihi,

361 3617 414 3663 et
461 3609 512 3661 in
561 3608 1224 3682 Sanct—Emmeramiano,
1274 3630 1380 3682 quo
1430 3614 1946 3673 Mabillonins'nsus

363 3686 483 3750 est;
529 3692 642 3750 cur
672 3694 798 3750 vero
834 3680 990 3734 illam
1035 3680 1357 3750 praeterierit
1399 3685 1483 3737 vir
1524 3685 1940 3750 celeberrimus,

362 3747 578 3827 ignoro.
600 3746 763 3802 Uncis
789 3750 990 3804 inclusa
1018 3746 1262 3826 dedimus
1286 3767 1349 3806 ex
1374 3755 1492 3807 cod.
1524 3753 1718 3808 Salisb.
1747 3746 1944 3811 omissa

365 3823 422 3868 in
463 3823 666 3870 nostro.
1082 3835 1084 3838 ’

438 3897 462 3924 ι
498 3882 834 3964 _La:dredum.
865 3888 1378 3964 Laidradurnputo,
1406 3900 1592 3961 postea
1630 3895 1941 3964 episcopum

364 3953 820 4034 Lugdunensem,
870 3974 1100 4034 quocum
1148 3953 1422 4034 Alcuinns'
1460 3953 1681 4034 arctam
1734 3953 1945 4032 semper

365 4023 658 4077 amicitiam
685 4025 867 4077 coluit.
891 4023 946 4079 is
976 4027 1026 4078 in
1054 4025 1249 4081 Norico
1275 4039 1432 4083 natus
1457 4030 1598 4083 inter
1617 4023 1944 4090 domesticos

363 4089 994 4166 Arnonis_fuetjt___tunc
1044 4097 1303 4164 temporis
1336 4137 1350 4161 ,
1409 4100 1623 4166 quando
1687 4089 1946 4157 Alcuinus

364 4161 560 4230 prima,
584 4162 701 4216 vice
741 4161 968 4216 Galliam
1011 4161 1259 4217 accessit.

439 4229 468 4270 δ
511 4229 727 4310 Novitas
765 4234 910 4302 regni
952 4235 1131 4310 nostri.
1175 4233 1234 4310 _ln
1274 4235 1376 4290 alia
1416 4240 1649 4310 quadam
1686 4241 1943 4310 epistola,

369 4313 532 4369 quam
561 4300 836 4374 integram
880 4303 1110 4374 necdum
1157 4304 1405 4373 detegere
1433 4300 1754 4374 "potuimus',
1805 4300 1944 4364 refe;

369 4367 1043 4459 iQQPg-{l-a-ln-ieglhl
1069 4370 1144 4459 lle
1183 4367 1320 4442 gesf.
1350 4367 1475 4459 oreg'.
1494 4367 1945 4459 __Angl.,‘se_ripsit

2044 3212 2265 3280 pro‘srio
2305 3211 2507 3264 reversi
2536 3219 2662 3263 sunt
2689 3227 2701 3260 :
2735 3209 2845 3263 Nec
2875 3224 2979 3263 non
3020 3219 3074 3264 et
3116 3226 3277 3280 super
3311 3211 3631 3282 Baugariati.

2046 3301 2322 3354 irruerunt
2344 3341 2359 3364 ,
2387 3301 2477 3368 qui
2510 3308 2565 3353 et
2593 3299 2692 3366 ipsi
2734 3299 2802 3352 ab
2839 3296 3083 3352 exercitu
3127 3298 3436 3353 Christiano
3475 3316 3635 3370 supe-

2049 3392 2151 3445 rati
2181 3398 2236 3445 et
2262 3391 2486 3460 dispersi
2528 3398 2672 3444 sunt.
2718 3390 2892 3444 Etiam
2933 3399 2989 3444 et
3009 3390 3247 3460 ejusdem
3281 3390 3633 3449 Christianis-

2047 3483 2167 3535 simi
2201 3484 2343 3551 regis
2368 3481 2532 3536 duces
2556 3491 2609 3535 et
2635 3481 2834 3535 tribuni
2867 3482 3090 3536 multam
3118 3494 3325 3552 partem
3359 3483 3629 3553 Hispania:

2046 3615 2234 3669 eodem
2258 3614 2496 3684 Usserio,
2521 3616 2695 3684 adhuc
2718 3615 2916 3668 inedita
2944 3615 3074 3670 latet
3103 3617 3156 3668 in
3179 3618 3452 3684 praedictis
3474 3619 3630 3672 codd.

2047 3684 2402 3755 Cottonianis.
2432 3683 2508 3755 lbi
2539 3702 2555 3755 7:
2594 3702 2611 3732 ι
2651 3683 2826 3755 Sanus
2850 3693 2932 3755 est
2969 3683 3225 3755 magister
3265 3696 3443 3740 vester
3469 3687 3634 3742 Colcu

2047 3763 2102 3807 et
2140 3755 2253 3806 sani
2285 3754 2442 3807 amici
2475 3754 2574 3816 tui,
2603 3754 2695 3823 qui
2731 3754 2870 3820 apud
2901 3769 2998 3808 nos
3030 3754 3174 3808 sunt.
3209 3775 3227 3806 ι

2124 3836 2144 3862 ε
2187 3823 2783 3898 Α.τιιὲίιιιὲ--ξαςερηςδη-έ
2822 3825 3050 3898 sentiatsi
3085 3835 3247 3898 seru-
3273 3825 3636 3898 dum.nempe

2049 3909 2192 3946 anno
2215 3893 2317 3947 785
2349 3892 2723 3948 Widichindus
2744 3902 2798 3946 et
2820 3894 2974 3948 Alhio
2999 3895 3050 3948 in
3074 3894 3196 3948 villa
3223 3892 3491 3949 Attinia'co
3516 3892 3632 3948 cum

2049 3962 2286 4032 omnibus
2333 3962 2439 4032 fere
2484 3960 2673 4032 incolis
2716 3962 2967 4016 Samnite
3007 3965 3260 4032 baptizati
3293 3974 3432 4025 sunt,
3464 3973 3517 4019 et
3557 3967 3635 4019 sic

2049 4039 2162 4104 tota
2190 4030 2426 4104 Saxonia
2461 4031 2741 4104 subiugata
2771 4041 2869 4104 est_
2883 4030 3138 4104 Francis;
3178 4044 3238 4088 ut
3258 4033 3638 4104 rloquiturian—

2051 4100 2242 4154 nalista
2265 4099 2555 4169 iMetensis,
2586 4113 2638 4152 et
2679 4101 2789 4168 ipse
2831 4098 3056 4154 Carolus
3090 4104 3142 4154 in
3182 4098 3434 4169 epistfad
3464 4102 3634 4157 Ofl‘am

2051 4184 2228 4242 regem
2251 4168 2822 4242 ΔΜεξι-εἱοιηιιῐιἔρρηξε-1
2850 4168 3311 4242 Capitul.Baluzii
3334 4211 3346 4235 ,
3377 4187 3497 4242 pag.
3535 4172 3635 4228 194

2051 4236 2394 4309 (Ρξιιιέοιοθὶίε
2420 4245 2565 4290 tomo
2590 4236 2816 4309 XCVIII,
2845 4236 3126 4309 collg907).

2125 4307 2141 4344 ί
2177 4305 2325 4360 Anno
2347 4316 2610 4360 transacto
2638 4305 2918 4361 Sclavos...
2961 4305 3246 4374 Vion'udos,
3275 4321 3381 4366 etc.
3417 4310 3530 4367 Hoc
3556 4312 3635 4367 fa-

2051 4386 2195 4450 ctum
2221 4392 2361 4432 anno
2379 4377 2501 4450 _7_89_
2513 4375 2763 4450 refertur_
2769 4377 2820 4431 in
2844 4377 3034 4450 fragm.
3067 4380 3260 4436 Annal.
3294 4383 3425 4438 edit.
3470 4381 3635 4438 Ches-

368 4435 706 4525 élcuigttsit
734 4437 1046 4525 gen-edictus
1073 4435 1234 4525 99¢},
1271 4445 1361 4525 qui
1399 4435 1525 4525 [ἷιεὶς
1546 4435 1946 4525 _ntira'bilia'so-
1978 4469 2025 4525 ι)
2052 4447 2146 4525 nii,
2198 4447 2437 4525 toni_.MII_
2471 4445 2694 4525 ‘Script;
2723 4435 2959 4525 Franc.)v
2975 4464 3096 4525 p_ag.
3141 4451 3236 4525 2i,
3277 4435 3379 4506 his—
3407 4435 3629 4508 verbis:

371 4504 472 4560 ius.
508 4503 688 4586 Nuper
723 4505 1046 4586 Athelredus
1081 4503 1230 4586 filius
1258 4503 1580 4586 athe'lwoldi
1619 4517 1686 4569 de
1724 4503 1956 4573 carcere.

369 4576 632 4658 processit
674 4576 727 4660 in
767 4576 957 4664 solium
997 4584 1059 4664 et
1097 4579 1168 4664 de
1211 4581 1428 4636 miseria
1472 4584 1525 4638 in
1567 4585 1940 4664 maiestatem;

368 4645 522 4716 cujus
550 4647 695 4716 regni
722 4648 944 4700 novitate
977 4647 1169 4701 detenti
1195 4667 1406 4711 sumus,
1452 4668 1516 4706 ne
1552 4645 1837 4708 veniremus
1876 4645 1944 4709 ad

367 4714 476 4768 m.
506 4732 527 4764 ›
555 4714 684 4788 llaec
709 4716 917 4788 novitas
941 4718 1163 4788 contigit
1200 4735 1340 4774 anno
1380 4720 1512 4786 790,
1552 4731 1613 4774 ut
1652 4724 1813 4779 habet
1857 4725 1943 4780 Si-

368 4796 526 4860 mepn
570 4782 955 4860 Dunelmensis
987 4792 1043 4860 et
1086 4782 1174 4841 alii
1219 4782 1512 4860 Anglorum
1557 4791 1819 4848 historici.
1869 4794 1944 4849 De

368 4852 557 4907 eadem
603 4853 847 4930 novitate
893 4855 1176 4930 Alcninum
1225 4852 1334 4930 hoc
1377 4863 1493 4916 loco
1543 4861 1943 4930 intelligendum

369 4935 489 4998 esse
532 4922 820 4988 existimo;
861 4932 914 4977 et
949 4927 1135 4998 eodem
1175 4927 1259 4982 vel
1300 4931 1542 4998 sequenti
1586 4922 1742 4987 anno'
1768 4934 1946 4987 datam

372 4990 538 5064 fuisse
561 4995 1187 5064 prasentetn‘epistolam
1205 5036 1220 5060 ,
1249 4990 1393 5053 cum'
1411 4999 1670 5054 Alcuinus
1710 5003 1946 5056 nondum

370 5078 432 5115 ex
479 5061 666 5132 Anglia
711 5061 765 5116 in
808 5061 1035 5132 Galliam
1077 5065 1342 5124 redilsset.

447 5140 481 5212 ο·
510 5130 660 5212 Hane
697 5131 974 5212 epistolam
995 5173 1008 5196 ,
1037 5134 1188 5212 cujus
1211 5134 1771 5212 fragmentumiexstat
1809 5142 1947 5210 apud

379 5194 679 5282 intumuit,
705 5194 802 5282 lib.
827 5218 844 5255 ι
870 5194 1002 5282 βεεέ
1029 5194 1183 5282 Angl.
1208 5194 1332 5282 ρέιρἶ
1360 5207 1410 5282 β,
1439 5207 1679 5282 Jacobus
1703 5194 1949 5282 Usserius

378 5271 640 5340 integram
666 5283 730 5323 ex
771 5271 979 5326 duobus
1017 5271 1404 5340 antiquissimis
1429 5280 1583 5333 codd.
1612 5279 1948 5335 bibliotheca:

377 5332 709 5392 Cott'oniante
735 5340 1017 5409 descripsit
1041 5352 1094 5395 ct
1120 5332 1282 5396 edidit
1309 5347 1360 5397 in
1390 5332 1514 5401 Vet.
1538 5332 1946 5402 Hibernicarum

377 5404 532 5460 epist.
563 5405 802 5460 Svlloee.
831 5425 950 5460 nae.
980 5411 1066 5460 49.

377 5405 532 5471 epist.
563 5405 708 5475 Syllo
744 5424 802 5474 e,
831 5405 950 5480 pag.
980 5411 1066 5466 49.

381 5540 392 5550 .
448 5473 545 5556 ⁵ζά
570 5475 669 5556 Pio
693 5425 843 5556 [gari
868 5480 1048 5556 Colca.
1075 5481 1224 5535 Hunc
1250 5482 1498 5556 Usserius
1522 5495 1676 5540 vocat
1696 5486 1948 5543 lectorem

381 5541 433 5618 in
457 5541 682 5618 iscotia,
721 5546 858 5603 forte
905 5551 958 5603 in
1002 5553 1328 5606 monasterio
1377 5553 1597 5618 Hiiensi,
1638 5557 1712 5609 ait
1751 5541 1945 5611 Blabili.

377 5611 567 5692 A_n_nal_.
605 5613 698 5692 lib.
741 5633 887 5684 xxvi,
932 5636 984 5692 ιι.
1025 5623 1109 5692 10.
1154 5611 1647 5692 Ejus_mentionem
1694 5625 1951 5682 Alcuinus

379 5679 501 5736 alibi
535 5683 683 5751 facit,
711 5679 900 5756 nempe
931 5690 982 5742 in
1009 5691 1167 5759 epist.
1192 5679 1263 5746 ad
1290 5689 1601 5761 Josephum,
1633 5679 1784 5765 qum,“
1801 5679 1951 5751 teste

2055 4535 2074 4566 ‹
2102 4517 2258 4571 Anno
2286 4515 2388 4570 789
2410 4514 2511 4569 fuit
2538 4531 2631 4570 rex
2655 4515 2880 4571 Carolus
2908 4514 3271 4574 in’Sciavdnia
3295 4529 3348 4574 et
3373 4532 3646 4578 venerunt-

2051 4587 2259 4662 adeum
2290 4599 2446 4662 reges
2481 4583 2884 4662 Sclavonjorum
2918 4585 3164 4662 Dragitns
3191 4589 3412 4662 et_iilius
3438 4592 3556 4662 ejus
3579 4603 3634 4647 et

2051 4655 2141 4740 alii
2183 4654 2568 4740 reges-Witsan
2594 4654 2868 4740 etprago
2903 4672 3023 4740 cum
3072 4658 3294 4740 reliquis
3326 4654 3636 4740 regc_§_Vui-

2050 4726 2410 4780 nidorum.....
2444 4734 2498 4780 et
2527 4725 2762 4780 subdidit
2790 4726 2887 4779 has
2914 4727 3156 4783 nationes
3186 4725 3236 4782 in
3272 4746 3367 4786 sua
3389 4725 3629 4788 'ditioue.

2051 4795 2151 4862 Qui
2182 4796 2269 4850 hic
2298 4795 2496 4849 Winidi
2523 4809 2616 4850 seu
2649 4795 2897 4860 Vionudi,
2927 4798 2994 4851 ab
3021 4797 3140 4852 aliis
3165 4797 3367 4863 Wilcii,
3395 4799 3549 4857 Wilzi
3578 4796 3633 4858 et

2048 4864 2236 4936 wulzi
2256 4865 2606 4933 appellantur.
2649 4886 2674 4936 »ί
2700 4864 3145 4936 Αιοιιίιιιιείίίεὶιιπ
3182 4867 3321 4922 hanc
3352 4869 3629 4934 epistolam

2050 4935 2421 5004 scripsit,gnon
2451 4949 2594 5004 anno
2623 4935 2725 4989 795
2744 4974 2758 4999 ,
2781 4944 2938 5004 prout
2967 4935 3182 4990 usserio
3205 4938 3502 4998 videbatur,
3538 4941 3630 4995 scd

2052 5019 2192 5085 anno
2221 5003 2357 5085 790,.
2371 5018 2478 5085 quo
2501 5003 2680 5058 dicere
2710 5003 2898 5074 potuit,
2930 5020 3069 5059 anno
3107 5014 3375 5060 transacto
3412 5006 3631 5063 Sclavos

2053 5072 2302 5133 subactos
2333 5071 2514 5126 fuisse.

2126 5146 2149 5181 ε
2175 5142 2342 5196 erci
2375 5143 2525 5194 tertio
2567 5161 2724 5208 anno,
2752 5155 2853 5199 ctc.
2896 5145 3034 5197 Ante
3062 5144 3334 5212 scriptam,
3367 5153 3421 5199 ut
3463 5148 3629 5201 inter-

2051 5222 2253 5284 pretor,
2288 5212 2744 5284 lianc_epistolam,
2777 5216 2876 5267 hoc
2905 5223 2986 5266 est
3014 5228 3154 5284 anno
3179 5215 3298 5278 788,
3323 5216 3412 5284 qui
3436 5217 3630 5273 tertius

2053 5280 2134 5336 est
2162 5283 2230 5335 ab
2255 5296 2395 5354 anno
2415 5280 2535 5354 _790_
2552 5283 2708 5354 simul
2739 5292 3036 5354 numerato.
3070 5280 3372 5354 Legendum
3401 5302 3526 5354 ergo
3552 5289 3632 5341 vi-

2057 5354 2212 5406 detur
2241 5369 2252 5402 :
2286 5349 2457 5402 Tertio
2483 5350 2668 5404 abhinc
2695 5368 2851 5404 anno.
2886 5352 2958 5404 De
3000 5349 3307 5408 Graecorum
3350 5357 3399 5408 in
3426 5349 3629 5410 Italiam

2056 5425 2280 5474 adventu
2313 5429 2366 5473 et
2389 5430 2564 5490 strage
2587 5422 2673 5476 illo
2702 5435 2842 5474 anno
2875 5421 3036 5487 facto,
3063 5424 3182 5478 vide
3206 5425 3438 5479 Annales
3466 5425 3627 5478 Fran-

2055 5505 2260 5544 corum.

2125 5560 2151 5597 ιι
2183 5560 2404 5634 Apari...
2423 5564 2482 5634 in
2507 5559 2787 5634 Italiam...
2813 5571 2860 5634 e_t
2891 5580 3044 5634 super
3058 5564 3395 5634 Baugnriam.
3428 5564 3501 5618 De
3527 5563 3630 5619 hac

2056 5629 2354 5752 grsrsuptione
2398 5631 2518 5685 vide
2550 5629 2786 5687 Annales
2825 5629 3020 5689 Loisel.
3065 5643 3119 5688 et
3148 5629 3282 5690 alios
3318 5635 3387 5689 ad
3431 5647 3633 5688 annum
