4206 6204
288 358 386 415 N5

1748 358 2126 417 EPISTOLA-I.

3466 370 3568 425 N6

355 472 525 527 Valde
564 482 878 527 sanctorum
913 470 1157 527 locorum
1197 473 1490 541 ingemisco
1530 473 1683 545 [1⁸η
1727 473 1951 545 inge-.A
1976 488 2133 528 suum
2161 490 2259 546 per
2291 490 2387 531 vos
2410 475 2710 542 benefacta,
2736 485 2995 547 perpetua
3021 493 3249 535 summa:
3274 482 3568 537 beatitudi-

283 560 491 635 meseo]
520 563 912 629 vastationem;
954 563 1048 618 sed
1084 572 1280 619 vestrae
1315 562 1439 619 ﬁdei
1481 562 1721 619 laitillcor
1742 578 1875 619 con-

284 654 509 717 stantia.
539 654 746 722 Deique
767 654 1148 722 omnipotentis
1176 653 1484 711 eollaudans
1514 653 1875 716 clementiam,

282 746 373 814 qui
404 744 504 799 tibi
530 745 676 799 inter
700 758 890 798 manus
916 758 1250 821 paganorum
1275 744 1542 813 pepercit,
1578 744 1697 798 ideo
1723 743 1881 797 tirma

286 837 388 892 tide
424 839 480 891 in
519 852 632 907 quo
664 838 853 906 cepisti
896 839 1171 906 proposito
1209 851 1525 907 permaneas
1556 856 1569 892 :
1603 837 1881 894 conlidens

279 940 340 984 tu
371 929 427 982 in
457 928 838 982 misericordia
864 927 981 992 Dei,
1008 935 1068 979 ut
1095 935 1146 980 te
1165 942 1277 981 sua:
1302 928 1517 998 pietatis
1544 926 1754 1000 [SuppL
1780 928 1882 981 cle-

281 1021 487 1076 mentia
530 1018 609 1074 vel
646 1018 904 1090 simile]...
953 1030 1255 1084 conservet,
1295 1020 1601 1090 ubicunque
1646 1021 1883 1076 fraterno

278 1111 513 1167 consilio
552 1121 608 1167 te
641 1110 884 1165 habitare
920 1110 1050 1164 velit
1092 1101 1252 1165 Deus.
1292 1110 1496 1165 Tamen
1531 1112 1644 1166 sive
1684 1112 1735 1164 in
1767 1110 1885 1175 loco

280 1202 647 1255 habitationis
672 1200 975 1270 singularis,
1006 1201 1123 1255 sive‘
1147 1202 1199 1255 in
1227 1201 1464 1257 fraterna
1483 1204 1705 1257 cohorte
1729 1200 1880 1273 [Ms.,

281 1293 562 1347 fraternas
585 1290 880 1363 whortes],
912 1291 1205 1346 solitariam
1230 1294 1690 1353 conversationem
1716 1301 1771 1347 et
1795 1308 1881 1347 se-

281 1394 466 1444 cretas
490 1384 787 1447 orationes,
810 1392 865 1437 et
882 1382 1210 1451 ieiuniorum
1239 1385 1570 1455 propositum
1602 1384 1885 1455 diligenter

280 1474 554 1539 observa;
582 1474 710 1542 quia
739 1487 843 1526 non
872 1473 965 1541 qui
990 1474 1233 1541 coeperit,
1265 1475 1358 1529 sed
1386 1475 1476 1544 qui
1505 1488 1883 1545 perseverave-

286 1564 377 1627 rit,
412 1572 521 1619 etc.
563 1563 778 1634 (Matth.
813 1579 865 1625 ι,
898 1562 1012 1635 22).
1060 1563 1268 1634 Meque,
1311 1565 1552 1629 obsecro,
1593 1568 1645 1620 in
1683 1552 1885 1622 sanctis

284 1654 393 1709 tuis
441 1653 783 1731 orationibus
821 1654 1016 1709 habeto
1070 1656 1473 1724 memorialiter,
1524 1660 1663 1713 sicut
1707 1658 1885 1714 Buitta

288 1746 420 1800 mihi
462 1760 533 1799 ex
582 1746 690 1799 tuis
733 1746 913 1800 verbis
961 1745 1103 1818 ﬁdeli
1153 1748 1415 1803 relatione
1454 1750 1702 1819 promisit
1755 1768 1767 1802 :
1808 1751 1889 1803 vi-

1981 564 2067 619 nis
2096 562 2269 634 gloria
2299 566 2640 622 remuneret?
2678 564 2791 622 Hoc
2815 566 3040 637 singulis
3072 568 3375 637 vigiliarum
3415 586 3567 626 mea-

1984 668 2101 707 rum
2127 655 2431 717 momentis,
2458 656 2561 711 hoc
2582 656 2893 725 quotidiana
2914 657 3306 726 supplicatione
3329 662 3566 730 requiro.

1981 742 2041 796 ln
2068 742 2171 798 hac
2198 759 2354 813 prece
2389 745 2441 797 in
2479 753 2769 814 conspectu
2798 743 3082 810 Altissimi,
3113 747 3570 806 intimasdesidc-

1979 832 2048 885 rii
2089 833 2195 887 mei
2235 833 2500 903 lacrymas
2524 849 2620 904 per
2660 834 2774 887 loca
2804 845 3115 901 sanctorum
3152 846 3449 908 martyrum
3487 843 3570 895 vel

1981 918 2355 976 confessorem
2378 922 2602 987 Christi,
2632 938 2737 991 quo
2762 938 2848 977 me
2877 924 2980 977 iter
3020 925 3385 999 instabilitatis
3406 929 3571 985 dedu-

1982 1009 2075 1075 cit,
2111 1009 2332 1065 fundere
2357 1028 2461 1067 non
2485 1027 2662 1071 cesso.

2058 1101 2166 1160 Vios
2190 1116 2403 1172 semper
2438 1104 2489 1156 in
2511 1104 2691 1166 corde,
2717 1111 2773 1157 et
2796 1104 2955 1173 primi
2988 1104 3128 1161 inter
3152 1110 3319 1164 verba
3347 1124 3573 1179 precan-

1990 1192 2059 1244 tia
2089 1191 2144 1244 in
2166 1205 2278 1245 ore.
2320 1192 2441 1255 Vos,
2477 1192 2703 1262 piissimi
2734 1193 2941 1259 Patres,
2967 1210 3061 1250 seu
3102 1196 3155 1250 in
3194 1198 3574 1254 communibus

1988 1290 2190 1337 sancta:
2214 1282 2479 1337 orationis
2506 1282 2655 1347 foris,
2688 1284 2774 1337 vel
2800 1284 2853 1338 in
2880 1286 3105 1340 secretis
3134 1286 3581 1355 deprecationum.

1988 1384 2291 1430 vestrarum
2315 1374 2790 1430 intercessionibus
2811 1374 3095 1431 Alcuinum
3124 1378 3291 1432 lilium
3316 1388 3587 1443 vestrum,

1987 1482 2086 1539 per
2110 1465 2206 1521 Dei
2232 1466 2491 1536 deprecor
2516 1465 2857 1531 cbaritatem,
2882 1465 3083 1537 iugiter
3112 1466 3164 1521 in
3195 1469 3357 1523 corde
3384 1469 3575 1524 habete

1987 1567 2042 1614 et
2066 1560 2121 1614 in
2147 1574 2261 1614 ore.
2296 1558 2399 1614 Vos
2423 1572 2655 1628 quoque,
2687 1558 2778 1627 qui
2802 1559 2936 1614 estis
2961 1568 3120 1613 aetate
3144 1559 3261 1623 lilii,
3290 1560 3383 1615 sed
3413 1562 3575 1615 meri-

1988 1662 2167 1708 torum
2212 1652 2501 1709 sanctitate
2540 1651 2747 1715 Patres,
2796 1666 2894 1721 per
2920 1652 3156 1710 divinam
3183 1650 3575 1708 obtester-ele—
3627 1704 3633 1709 .

1991 1746 2269 1809 mentiam,
2302 1759 2577 1813 nunquam
2603 1744 2921 1799 eruditionis
2943 1753 3135 1799 vestra:
3156 1745 3209 1799 in
3232 1746 3434 1801 sanctis
3458 1760 3577 1799 ora-
3610 1762 3611 1765 η

287 1838 628 1911 sitantesque
684 1848 737 1894 te
790 1838 991 1894 fratres
1028 1841 1393 1896 consolatione
1431 1843 1601 1897 sancti
1654 1842 1887 1912 Spiritus
1916 1823 1961 1881 Β
1992 1839 2228 1893 tionibus
2254 1837 2632 1893 obliviscimiui
2661 1837 2998 1908 magistrum.
3028 1836 3206 1892 Testis
3231 1837 3375 1891 enim
3402 1836 3580 1892 cordis

286 1930 578 2001 diligenter
606 1929 849 1985 admone
870 1972 883 1995 ,
920 1931 1215 1986 exhortans
1246 1946 1368 1998 eos,
1409 1941 1465 1985 ut
1507 1933 1559 1986 in
1592 1932 1685 1986 Dei
1714 1933 1881 1988 conli-

288 2020 423 2074 dant
442 2020 815 2090 protectione,
848 2027 904 2073 et
941 2021 1325 2076 intercessione
1351 2022 1524 2094 sancti
1560 2020 1888 2077 Cudberchti

289 2110 466 2165 Patris
488 2111 683 2165 nostri.
710 2109 825 2163 Non
850 2110 903 2164 in
924 2126 1198 2165 armorum
1222 2112 1471 2181 strepitu,
1496 2111 1578 2165 vel
1602 2114 1655 2165 in
1678 2114 1887 2167 ruitura

288 2199 527 2268 lapidum
551 2201 822 2271 congerie,
850 2201 942 2256 sed
968 2201 1022 2255 in
1046 2186 1200 2255 muro
1220 2201 1437 2277 pietatis
1462 2216 1706 2271 supernm
1735 2217 1887 2272 spem

290 2289 389 2345 sibi
428 2300 600 2346 certae
626 2289 954 2347 defensionis
990 2292 1345 2358 constituant;
1386 2301 1441 2347 et
1471 2294 1753 2363 praesentis
1790 2294 1889 2347 tri-

289 2378 590 2435 bulationis
627 2381 901 2435 miseriam
935 2381 1003 2435 ad
1039 2390 1254 2437 interm):
1292 2382 1565 2438 felicitatis
1600 2383 1889 2437 beatitudi-

290 2485 412 2525 nem
445 2469 780 2525 tran:ferant
812 2485 825 2523 :
856 2478 971 2525 toto
997 2487 1055 2525 se
1079 2473 1241 2527 corde
1263 2481 1582 2527 convertant
1609 2472 1675 2525 ad
1708 2472 1888 2527 Domi-

290 2578 436 2625 num,
464 2573 523 2618 et
552 2564 595 2617 si
626 2564 754 2634 quid
778 2564 831 2617 in
849 2563 1089 2618 moribus
1104 2565 1217 2619 suis
1243 2564 1636 2619 emendandum
1664 2565 1752 2627 sit,
1779 2579 1883 2618 non

289 2654 535 2726 segniter
563 2655 852 2726 corrigant,
884 2664 944 2710 ut
970 2656 1082 2711 Deo
1104 2656 1316 2711 illorum
1342 2658 1552 2728 placeat
1583 2658 1883 2722 conversio,

290 2744 432 2799 sicut
455 2745 819 2799 Ninivitarum
847 2746 896 2800 ei
933 2745 1136 2815 placuit
1170 2747 1517 2815 paenitentia,
1556 2756 1611 2801 et
1649 2749 1890 2817 pepercit

292 2834 501 2891 civitati
534 2850 635 2907 per
660 2836 926 2906 lacrymas
955 2835 1326 2892 conﬁtentium
1365 2847 1582 2907 peccata
1620 2854 1735 2893 sua.
1770 2840 1889 2894 Cle-

297 2942 449 2984 mens
472 2935 562 2984 est
591 2928 730 2983 Deus
751 2936 807 2981 et
828 2928 1155 2993 misericors,
1180 2938 1235 2984 et
1256 2930 1459 2984 nullum
1488 2931 1812 3001 derelinquit
1835 2932 1889 2987 in

294 3029 355 3073 se
380 3026 725 3088 sperantem;
751 3032 873 3072 nam
896 3025 951 3072 et
978 3019 1270 3073 novissima
1290 3018 1391 3073 Job
1420 3019 1639 3075 fuerunt
1668 3022 1891 3077 meliora

294 3108 600 3178 prioribus;
646 3109 737 3171 sic,
761 3117 816 3164 et
848 3107 998 3164 vobis
1031 3110 1195 3166 credo
1220 3109 1413 3173 faciat,
1441 3112 1485 3165 si
1518 3112 1586 3166 ad
1628 3114 1747 3182 ejus
1782 3114 1891 3171 cle-

299 3201 558 3256 mentiam
593 3200 983 3271 deprecandam
1018 3202 1347 3256 unanimiter
1377 3204 1623 3257 conversi
1656 3202 1886 3259 fueritis.

835 3325 859 3352 α
900 3311 1230 3368 EPISTOLA
1274 3314 1333 3367 Vl
1344 3354 1355 3365 .

575 3420 638 3458 AD
677 3419 917 3459 FRATRI-IS
951 3420 1301 3459 BBORACENSIS
1335 3422 1617 3462 ECCLESIzl-I.

794 3496 970 3567 (Circa
1008 3512 1205 3553 annum
1248 3499 1395 3570 795.)

303 3603 372 3659 Se
392 3605 457 3658 ab
488 3603 906 3681 Eboracensibua
928 3608 992 3673 ab
1014 3609 1241 3676 infanzia
1266 3629 1427 3681 usque
1448 3615 1516 3666 ad
1543 3614 1740 3668 virilem
1765 3625 1892 3668 αντα·

373 3684 471 3749 te_m
507 3675 793 3749 educatum
818 3686 965 3744 grato
1005 3675 1179 3731 animo
1202 3675 1494 3749 proﬁtetur.
1524 3683 1744 3736 Illorum
1775 3700 1888 3738 om-

368 3746 515 3799 nium
549 3746 869 3800 orationibus
898 3762 950 3800 se
977 3746 1333 3813 commendat,-
1372 3760 1441 3815 et,
1480 3761 1533 3804 ut
1562 3770 1595 3805 a
1630 3754 1765 3806 vitiis
1794 3754 1890 3807 sibi

369 3825 613 3881 caveant,
642 3816 903 3870 hortatur.
1410 3876 1411 3879 η

371 3921 753 3979 Dilectissimis
778 3933 830 3979 et
858 3926 1009 3982 valde
1033 3932 1432 3989 venerabilibus
1454 3935 1505 3988 in
1534 3934 1732 3990 Christi
1767 3939 1893 3991 cha-

306 4012 459 4067 ritate
485 4013 515 4053 δ
541 4012 902 4070 Eboracensis
933 4018 1189 4074 Ecclesia:
1216 4020 1495 4087 fratribus,
1528 4035 1721 4081 vestrre
1753 4024 1894 4081 ﬁlius

306 4100 518 4170 pietatis
552 4101 782 4158 Albinus
810 4105 1068 4162 diaconus
1089 4109 1336 4165 salutem.

372 4190 572 4248 Totum
622 4209 757 4249 mea:
797 4196 1099 4254 devotionis
1140 4209 1330 4268 pectus
1376 4215 1569 4258 vestrm
1616 4184 1895 4261 charitatis

307 4282 588 4341 dulcedine
626 4284 898 4355 impletur,
939 4296 993 4342 et
1029 4290 1074 4343 si
1116 4292 1243 4359 quid
1282 4291 1437 4363 pleno
1478 4296 1678 4349 amoris
1717 4297 1895 4351 modio

306 4372 629 4445 suppenddi
641 4385 837 4445 potest,
851 4381 1087 4448 quotidie
1101 4386 1395 4440 crescendo
1407 4388 1799 4453 accumulatur,
1819 4389 1893 4442 ita

1992 1929 2097 1983 mei
2124 1928 2257 1983 mihi
2282 1935 2367 1983 est
2389 1928 2681 1997 inspector,
2709 1929 2835 1997 quia
2864 1928 3057 1984 devote
3096 1938 3336 1984 vestrum
3368 1936 3580 1999 semper

1992 2018 2046 2071 in
2075 2017 2459 2085 ecclesiasticis
2487 2002 2787 2087 disciplinis
2809 2026 2865 2072 et
2903 2018 3133 2087 spiritali
3162 2019 3405 2075 doctrina
3436 2020 3578 2075 desi-

1991 2107 2217 2163 derabat
2244 2106 2564 2176 profectum:
2594 2107 2664 2163 Et
2699 2108 2743 2162 si
2773 2108 2902 2178 quid
2928 2108 3107 2163 minus
3135 2108 3580 2179 accepistismon

1991 2212 2142 2262 mete,
2164 2197 2345 2271 credo,
2370 2198 2540 2267 culpa:
2559 2196 3019 2267 deputaripotest.
3044 2197 3111 2252 Et
3130 2212 3405 2269 nunquam
3426 2198 3582 2254 istius

1990 2288 2284 2359 volqntatis
2312 2303 2464 2354 meae,
2496 2288 2611 2344 sive
2637 2290 2854 2355 absens,
2886 2292 3001 2345 sive
3028 2305 3285 2361 prasens.
3309 2291 3377 2346 de
3401 2300 3582 2347 vestro

1990 2382 2269 2452 profectu,
2308 2380 2681 2437 benevolentia
2720 2380 2974 2449 cessabit.
3010 2379 3055 2437 Ο
3084 2383 3323 2436 omnium
3351 2381 3559 2437 dilectis

1990 2471 2113 2526 simi
2156 2470 2347 2525 Patres
2386 2479 2443 2525 et
2486 2470 2704 2536 fratres,
2744 2486 3016 2526 memores
3059 2473 3165 2527 mei
3211 2480 3383 2526 estote
3425 2489 3439 2525 :
3484 2486 3583 2542 ego
3626 2480 3629 2481 '

1991 2572 2169 2618 vester
2203 2576 2318 2627 ero,
2359 2562 2472 2619 sive
2500 2562 2554 2617 in
2582 2564 2711 2627 vita,
2743 2564 2857 2618 sive
2886 2562 2938 2616 in
2980 2571 3173 2619 morte.
3206 2563 3274 2617 Et
3302 2562 3444 2627 forte
3482 2564 3583 2617 mi-

1990 2653 2263 2707 serebitur
2296 2651 2355 2722 9
2399 2652 2503 2707 mei
2544 2651 2719 2719 Deus,
2754 2661 2815 2708 ut
2849 2653 3004 2724 cujus
3040 2651 3321 2707 infantiam
3348 2652 3581 2718 aluistis,

1989 2744 2108 2813 ejus
2128 2751 2460 2799 senectutem
2496 2742 2892 2816 sepeliatis."Et
2925 2745 2973 2801 si
3013 2745 3154 2800 alter
3191 2746 3407 2815 corpori
3435 2745 3585 2803 locus

1991 2834 2355 2905 deputabitur,
2395 2844 2577 2891 tamen
2615 2820 2832 2898 animm,
2866 2834 3292 2904 qualemcunque
3336 2834 3585 2891 habitura

1991 2927 2115 2989 erit,
2138 2940 2234 2995 per
2250 2933 2462 2980 vestras
2481 2940 2609 2980 sane
2617 2932 2717 2990 tas,
2732 2925 2845 2979 Deo
2860 2925 3118 2990 donante,
3142 2925 3577 2987 intercessiones.

1996 3017 2210 3087 requies
2230 3015 2527 3079 vobiscum,
2554 3016 2733 3079 credo,
2765 3015 3081 3081 donabitur;
3112 3015 3257 3084 quia,
3288 3017 3428 3070 sicut
3450 3024 3586 3087 puer

1997 3121 2182 3168 noster
2210 3110 2416 3167 Seneca
2446 3126 2504 3167 se
2532 3109 2727 3167 vidisse
2757 3118 3003 3176 testatur,
3040 3118 3239 3165 nostra:
3275 3109 3585 3167 fraternita—

1998 3202 2067 3257 tis
2088 3203 2298 3257 animas
2330 3203 2395 3259 .iu
2430 3203 2620 3257 eodem
2649 3200 2848 3257 laetitiae
2874 3203 2993 3258 loco
3027 3203 3433 3273 congregandas
3464 3217 3585 3259 esse

1992 3293 2267 3347 credimus
2297 3308 2313 3346 ε
2347 3292 2447 3346 etsi
2478 3293 2795 3348 meritorum
2836 3294 3124 3349 diversitas
3162 3293 3326 3347 alium
3374 3293 3585 3349 beatius

1996 3383 2167 3438 laetari
2217 3382 2400 3447 faciet,
2443 3390 2620 3439 tamen
2666 3383 2988 3439 :eternitatis
3032 3383 3313 3454 aequalitas
3360 3392 3584 3440 cunctos

1996 3474 2226 3531 feliciter
2252 3477 2436 3532 vivere
2457 3473 2673 3532 etIieiet.
2697 3476 2765 3531 Et
2792 3476 2930 3531 sicut
2957 3492 3098 3531 unus
3124 3477 3208 3532 sol
3228 3478 3477 3533 omnibus
3499 3479 3583 3533 lu-

1993 3574 2097 3629 cet,
2126 3582 2230 3621 non
2258 3575 2436 3621 tamen
2456 3554 2688 3637 propter
2715 3567 2995 3625 oculorum
3026 3568 3335 3625 distantiam
3361 3570 3582 3640 aequali-

1996 3667 2079 3711 ter
2098 3659 2167 3712 ab
2192 3657 2442 3714 omnibus
2464 3660 2697 3725 videtur,
2720 3662 2797 3715 ita
2812 3670 3014 3716 eterna
3039 3663 3312 3719 beatitudo
3336 3664 3585 3722 omnibus
3620 3692 3626 3699 κ

1993 3749 2053 3802 in
2074 3750 2170 3804 Dei
2196 3764 2363 3819 regno
2387 3749 2548 3817 justis
2570 3750 2972 3823 perdonabitur,
2998 3752 3125 3808 licet
3153 3755 3470 3811 meritorum
3500 3772 3586 3813 su-

1993 3839 2232 3895 blimitas
2272 3839 2406 3895 alios
2440 3839 2643 3909 majore
2680 3834 2846 3912 gloria
2879 3853 3119 3898 coronet.
3150 3843 3232 3899 Ad
3271 3861 3433 3916 quam
3474 3848 3585 3919 glo-

1996 3931 2150 3997 riam,
2184 3932 2485 3987 eharissimi
2514 3932 2730 3999 fratres,
2754 3942 2865 3989 tota
2894 3928 3190 3992 intentione
3216 3946 3272 3993 et
3296 3938 3587 3998 voluntatis

1994 4022 2175 4091 operis
2200 4022 2557 4093 vosmetipsos
2590 4008 2779 4094 dignos
2814 4026 3098 4095 pervenire
3121 4038 3439 4098 prteparate.

2066 4109 2220 4164 Nulla
2248 4112 2483 4165 carnalis
2508 4112 2960 4182 concupiscentia,
2994 4114 3141 4168 nulla
3162 4109 3437 4171 saaeularis
3462 4134 3577 4171 am-

1996 4206 2129 4261 bitio
2149 4207 2499 4261 beatitudinis
2525 4208 2629 4261 iter
2652 4207 2805 4262 vobis
2832 4208 3171 4275 intercludat,
3204 4211 3297 4266 sed
3323 4226 3420 4281 per
3441 4213 3580 4268 viain

1996 4298 2239 4353 veritatis
2266 4306 2322 4352 et
2351 4299 2671 4364 sanctitatis,
2702 4315 2800 4368 per
2824 4316 2987 4370 quam
3024 4302 3167 4357 beati
3192 4303 3403 4370 Patres,
3440 4321 3580 4376 pra:-

1997 4387 2310 4442 decessores
2350 4388 2545 4453 nostri,
2587 4390 2655 4443 ad
2701 4404 2865 4460 regna
2910 4400 3275 4461 pervenerunt
3319 4395 3580 4460 scelestis,

308 4470 361 4515 ut
384 4464 554 4519 solius
579 4471 854 4522 memoriae
883 4472 948 4524 de
979 4472 1129 4526 vobis
1161 4476 1421 4555 suavitas,
1456 4481 1894 4547 supervenientes
1922 4514 1975 4571 Β
1999 4491 2345 4546 superna~vos
2369 4479 2661 4533 comitante
2686 4481 2880 4550 gratia,
2906 4483 3021 4550 Pari
3046 4483 3262 4552 pietalls
3290 4499 3577 4550 consensu.

276 4559 282 4585 ῖ
308 4553 579 4608 mularis
600 4556 860 4624 angustiae
880 4554 1254 4616 tribulationes
1277 4564 1432 4636 longe
1452 4581 1480 4619 a
1504 4570 1728 4622 secretis
1752 4585 1895 4623 men-

312 4642 374 4699 tis
403 4659 538 4701 mea:
561 4646 829 4721 cubilibus
856 4647 1106 4719 depellat.
1131 4650 1198 4704 Et
1221 4653 1323 4707 hoc
1356 4656 1489 4709 mihi
1514 4657 1787 4727 singulare
1810 4675 1895 4714 so—

312 4735 493 4792 latium
516 4738 571 4792 in
599 4738 794 4808 spiritu
821 4741 1205 4805 consolationis
1230 4754 1429 4801 saneta:
1450 4745 1710 4803 Dominus
1735 4749 1894 4804 Chri-

312 4834 421 4881 stus
446 4828 755 4897 perdonare
795 4810 1045 4969 dignatlis
1085 4844 1189 4890 est.
1242 4838 1349 4892 Vos
1399 4836 1613 4910 fragiles
1660 4841 1898 4897 infantia:

312 4930 440 4969 meai
471 4932 643 4969 annos
671 4914 1017 4969 lALanimns
1070 4933 1314 4969 πιιιιμι-ηη
1348 4925 1555 4969 Γηνῖαιίε
1598 4929 1784 4969 unum...
1844 4940 1896 4969 nl

312 4930 440 4972 mea
471 4932 643 4973 annos
670 4914 1039 4995 [ALanimos]
1070 4933 1314 4981 materno
1348 4925 1556 4985 fovislis
1596 4929 1807 4993 affectu,
1844 4940 1896 4986 et

311 5005 569 5063 lascivum
597 5008 843 5079 pueritia:
878 5019 1091 5081 tempus
1118 5015 1206 5084 pia
1248 5019 1579 5092 sustinuistis
1617 5021 1894 5090 patientia,

314 5108 363 5153 et
382 5108 620 5171 paternas
655 5100 1025 5171 castigationis
1054 5107 1351 5177 disciplinis
1380 5110 1446 5166 ad
1477 5112 1770 5182 perfectam
1795 5116 1896 5171 viri

315 5188 601 5245 edocuistis
622 5198 857 5256 :etatem,
882 5200 937 5245 et
957 5207 1235 5251 sacrarum
1260 5200 1564 5256 eruditione
1586 5203 1895 5274 disciplina-

318 5294 427 5335 nun
476 5282 795 5338 roborastis.
839 5282 976 5350 Quid
1027 5284 1145 5353 plus
1186 5287 1367 5345 dicere
1410 5292 1613 5357 habeo,
1661 5295 1801 5359 nisi,
1842 5307 1902 5351 ut

316 5372 497 5426 πιετηί
529 5372 696 5445 Regis
717 5375 912 5445 pietas,
945 5377 1125 5430 omnia
1164 5379 1382 5446 pietatis
1424 5384 1475 5437 in
1519 5402 1603 5440 me
1645 5386 1898 5442 famulum

381 5489 409 5571 ξ
618 5484 883 5571 Quercet;
904 5488 992 5571 9g,
1018 5488 1201 5571 panis.
1225 5491 1302 5571 2i.
1340 5493 1599 5571 (Frqlien.
1625 5499 1700 5571 5).

382 5548 409 5589 ³
445 5548 1086 5631 Εροηᾶηριΐεξειέδὶω
1126 5548 1399 5629 [ταιτὶριἰε.
1444 5548 1898 5631 (inlitis/titulum

323 5621 700 5707 nionachorum
719 5621 1208 5707 Decedictinoru'm,
1239 5633 1335 5687 abs
1354 5621 1538 5697 dubio,
1575 5621 1901 5707 Minima:

324 5698 423 5771 tur,
451 5692 594 5771 inter
624 5708 764 5771 quos
798 5696 1057 5771 Alcuinus
1082 5716 1139 5757 se
1178 5692 1462 5758 educatum
1504 5692 1897 5771 e't'enutri‘tuni

325 5758 477 5819 fuisse
502 5762 589 5819 hic
617 5758 922 5834 profitetur.
956 5769 1071 5823 Viti.
1106 5772 1303 5825 Maliill.
1351 5775 1401 5827 in
1440 5758 1887 5845 Etégié'lil‘éiiﬁi,

1997 4581 2106 4619 uno
2136 4566 2428 4621 voluntatis
2461 4566 2677 4632 affectu,
2718 4571 3045 4637 quotidianis
3092 4573 3295 4626 currite
3326 4573 3582 4644 profecti-

1996 4655 2117 4709 bus.
2156 4654 2379 4709 Omnem
2412 4670 2443 4709 a
2469 4664 2647 4710 vestra
2678 4667 2861 4712 sancta
2905 4662 3312 4717 conversatione
3341 4664 3582 4735 repellite

1998 4745 2302 4815 segnitiem,
2353 4746 2618 4800 luxuriam
2674 4750 2919 4803 castitate
2974 4762 3219 4818 mutate,
3264 4755 3579 4812 ebrietatem

1998 4836 2152 4905 quasi
2199 4834 2394 4891 inferni
2440 4835 2624 4893 foveas
2684 4838 2884 4910 fugite,
2936 4859 3297 4913 supervacuos
3349 4852 3582 4907 vestium

1997 4936 2225 4983 ornatus
2258 4929 2423 4983 nolite
2450 4930 2755 4998 exquirere.
2786 4931 2975 4987 Melius
3000 4943 3082 4988 est
3126 4939 3297 4992 servis
3325 4938 3438 5005 Dei,
3466 4944 3582 4997 ani-

2002 5037 2144 5075 mam
2176 5021 2559 5077 ecclesiasticis
2597 5038 2792 5077 ornare
2840 5026 3105 5099 moribus,
3151 5043 3311 5097 quam
3362 5045 3578 5101 corpus,

2000 5112 2259 5166 laicorum
2285 5114 2694 5178 consuetudine,
2740 5119 3039 5187 pompatica
3090 5118 3285 5172 vestire
3319 5124 3577 5179 vanitate.
3662 5112 3669 5118 ’

1965 5202 2069 5257 ιΕι
2101 5203 2291 5257 melius
2335 5212 2433 5267 est,
2484 5220 2638 5259 sacra
2684 5209 2871 5264 matris
2919 5210 3174 5267 Ecclesiae
3226 5216 3576 5271 mundissima

2001 5295 2211 5349 calcare
2264 5294 2463 5358 limina,
2512 5311 2671 5367 quam
2725 5300 3010 5355 lutulentas
3059 5304 3269 5361 villanae
3321 5306 3581 5366 fmditatis

2002 5384 2221 5439 semitas
2255 5384 2618 5453 frequentare.
2655 5389 2937 5459 chularis
2969 5395 3090 5450 vita:
3131 5413 3225 5452 vos
3253 5400 3468 5454 ordinet
3497 5402 3579 5456 di-

2000 5504 2239 5575 §3,pag.
2274 5502 2396 5580 464.
2428 5506 2669 5580 Epistula
2692 5509 2815 5564 data
2842 5509 3005 5569 fuisse
3032 5515 3245 5577 videtur
3268 5534 3411 5577 anno
3452 5521 3577 5580 795.

1976 5584 2285 5655 postquam
2332 5578 2501 5655 altera
2531 5578 2661 5632 vice
2686 5580 2753 5633 ab
2786 5597 2983 5655 eorum
3018 5588 3291 5642 consortio
3316 5578 3579 5655 sublatus,

2002 5644 2055 5697 in
2081 5644 2310 5724 Galliam
2355 5648 2541 5724 rediit;
2583 5657 2710 5724 ante
2751 5651 2978 5724 cladem,
3004 5664 3153 5724 puto,
3179 5644 3582 5716 Lindisfarncii:

2001 5714 2328 5838 sem,tcujus
2354 5718 2486 5771 alias
2523 5718 2577 5771 in
2602 5719 2701 5775 hac
2729 5714 3081 5791 vcl'sequenti
3126 5714 3347 5797 epistola
3390 5714 3577 5785 memi-

2003 5800 2142 5838 uisse
2174 5824 2186 5836 .

2003 5800 2186 5839 ηιεςηῐ.
