4206 6224
612 348 714 401 H7

1484 350 1543 403 Β.
1585 350 1645 402 r.
1685 349 1909 403 acum
1947 349 2080 405 seu
2118 349 2393 406 ALCUINI
2431 338 2930 410 orsnun‘rans
2966 354 3007 408 ι.

3775 357 3872 411 HS

609 462 856 531 sciplina,
882 471 935 513 et
968 461 1344 515 ecclesiastica!
1368 462 1586 531 pietatis
1630 462 1928 517 madentia
1965 477 2191 517 venera-
2217 466 2267 521 Α
2293 476 2481 518 eorum
2516 474 2795 521 consortes
2835 466 3019 535 gloria
3060 463 3197 520 eﬂlci
3242 479 3564 519 mereamur.
3617 466 3732 521 Non
3774 485 3875 523 nos

610 550 747 604 biles
769 548 982 605 ellieiat.
1014 550 1227 605 Sancta:
1270 550 1589 606 humilitatis
1612 550 1859 620 pedibus,
1908 560 1962 607 et
2002 552 2195 607 divina:
2226 576 2231 581 ι

607 640 891 693 charitatis
917 641 1170 709 gradibus
1209 655 1308 711 per
1334 657 1529 711 passus
1564 642 1885 697 obedientite
1918 642 2041 698 caeli
2071 657 2194 696 con-

607 728 847 783 secndite
871 742 1054 799 regna.
1080 730 1205 785 Haec
1244 732 1389 785 enim
1417 731 1619 786 caduca
1645 741 1699 785 et
1730 733 2039 786 transitoria
2078 732 2191 787 for-

610 817 854 873 titudinis
881 820 1111 875 evincite
1135 821 1336 882 animo.
1372 830 1639 890 quatenus
1672 822 1738 876 ad
1766 822 2052 877 amabilem
2080 837 2192 877 ca:-

608 907 756 963 lestis
788 910 973 980 glorise
1006 913 1254 981 patriam,
1278 912 1461 967 divina
1496 928 1593 967 vos
1620 913 1818 982 ubique
1847 914 2018 982 gratia
2045 927 2187 981 pra:-

553 986 556 989 V
606 1004 855 1057 veniente
883 1012 937 1057 et
961 1006 1338 1072 subsequente,
1377 1004 1737 1061 laudabilibus
1763 1006 2027 1061 bonorum
2063 1019 2190 1074 ope-

603 1114 725 1153 rum
765 1087 990 1160 meritis,
1019 1115 1142 1152 cum
1184 1100 1329 1154 omni
1366 1101 1725 1170 prosperitate
1752 1109 1807 1153 ct
1832 1099 2026 1168 gaudio
2065 1114 2187 1168 per-

602 1187 788 1244 venire
816 1203 1139 1242 mereamur.

1118 1331 1141 1357 ι
1179 1317 1511 1373 EPISTOIA
1552 1318 1660 1371 VII.

1010 1444 1074 1481 AD
1114 1445 1353 1482 FRATRES
1389 1442 1771 1483 EDORACESSES.

1205 1540 1383 1610 (Anno
1421 1539 1571 1610 795.)

600 1652 877 1723 Signiﬁcat
902 1652 1138 1723 la'titigm
1166 1650 1383 1720 epistola
1409 1651 1474 1704 ab
1502 1652 1902 1723 ipsis_a_ccepta;
1940 1650 2185 1723 hortatur

670 1719 739 1775 ad
764 1721 1010 1774 sectanda
1041 1719 1263 1773 Patrum
1291 1736 1504 1774 suorum
1522 1719 1775 1790 vestigia;
1804 1736 1865 1772 ac
1886 1735 1940 1773 se
1967 1719 2178 1773 illorum

668 1792 986 1843 orationibus
1009 1790 1352 1842 commendat.

668 1919 1034 1974 Sanctissimae
1055 1921 1488 1991 congregationis
1508 1931 1562 1976 et
1584 1921 1909 1976 dulcissimte
1937 1921 2180 1976 dilectio-

596 2012 681 2065 nis
707 2011 1061 2065 Eboracensis
1089 2010 1341 2065 Ecclesiae
1366 2010 1643 2077 fratribus,
1669 2013 1908 2082 ejusdem
1932 2012 2033 2081 pia:
2062 2027 2177 2065 ma-

595 2100 695 2155 tris
745 2100 886 2154 filius
930 2100 1190 2154 Aleuinus
1233 2099 1514 2165 diaconus,
1562 2101 1807 2171 perpetui
1857 2101 2079 2156 honoris
2124 2101 2177 2154 in

591 2188 810 2247 Christo
835 2204 1022 2259 pacem
1046 2197 1101 2243 et
1124 2188 1366 2247 salutem.

667 2279 1009 2335 V'enerabiles
1042 2287 1236 2334 vestra:
1262 2280 1564 2336 dilectionis
1602 2283 1670 2336 ab
1696 2282 1721 2321 ιι
1751 2280 2024 2335 Eanbaldo
2038 2295 2175 2349 pre-

590 2370 809 2439 sbytero
837 2370 1019 2439 accepi
1052 2369 1278 2434 litteras,
1303 2372 1531 2445 quarum
1558 2371 1839 2439 pacificam
1869 2371 2176 2440 inscriptio-

591 2464 676 2515 nis
702 2461 897 2514 seriem
926 2459 1065 2513 idem
1095 2461 1208 2528 ipse
1234 2462 1325 2529 qui
1361 2463 1613 2529 portavit,
1641 2460 1917 2515 melliﬂuis
1935 2460 2173 2532 (vestrae)

587 2549 926 2603 salutationis
954 2548 1132 2602 verbis
1168 2550 1320 2605 valde
1344 2551 1709 2620 amplificavit,
1743 2550 1983 2606 referens
2023 2568 2051 2605 a
2082 2541 2174 2606 vo-

587 2637 671 2692 bis
713 2637 939 2691 fraterni
987 2639 1188 2692 amoris
1231 2641 1688 2708 perseverantiam
1740 2640 1795 2694 in
1834 2656 1950 2702 nos,
2004 2641 2077 2694 ita
2114 2650 2173 2693 ut

587 2728 728 2781 inter
771 2727 1039 2796 lacrymas
1081 2728 1419 2784 allocutionis
1463 2738 1659 2784 nostrae
1696 2738 1903 2784 vestras
1932 2745 2030 2799 per
2058 2730 2170 2783 sin-

586 2815 708 2885 gula
735 2816 900 2870 verba
930 2831 1090 2871 voces
1119 2817 1305 2871 audire
1326 2808 1647 2874 ‘aestiinarim
1677 2818 1829 2892 [Cod.
1860 2819 1999 2885 Sal.,
2026 2821 2171 2876 (csti-

586 2902 771 2975 tnavi].
805 2904 957 2973 Quod
986 2915 1039 2959 ct
1070 2906 1123 2959 in
1148 2907 1341 2961 litteris
1367 2909 1703 2976 apertissime
1726 2912 1936 2979 agnovi,
1969 2911 2023 2964 in
2046 2913 2165 2980 qui-

584 2995 687 3048 tus
719 2994 921 3064 legens,
965 3006 1173 3051 vestras
1210 2998 1384 3051 visum
1418 3006 1500 3051 est
1544 2998 1675 3052 mihi
1716 2998 1883 3053 facies
1922 3014 2164 3053 cernere.

583 3083 738 3148 Quod
765 3093 824 3139 ut
853 3100 980 3139 vere
1005 3085 1114 3149 fiat,
1138 3088 1379 3140 omnium
1410 3086 1607 3142 elIiciat
1634 3089 1858 3157 largitor
1881 3091 2161 3151 honorum,

2298 554 2480 609 saeculi
2505 556 2749 622 ambitio,
2778 556 3013 612 carnalis
3052 555 3357 620 delectatio,
3386 571 3492 611 non
3520 556 3746 613 luxuria:
3772 574 3873 628 pu-

2298 643 2470 704 tredo,
2494 659 2601 698 non
2626 645 2907 699 ebrietatis
2931 658 3138 699 venena
3162 660 3193 698 a
3217 647 3518 700 rectissimo
3546 649 3724 702 vitalis
3748 650 3874 704 vita:

2297 731 2511 784 tramite
2556 740 2823 796 revocent,
2853 748 2954 802 per
2981 746 3141 802 quem
3184 732 3263 787 illi
3295 734 3602 803 gradientes
3644 736 3874 799 gloriam

2294 834 2417 873 cum
2445 819 2555 875 Deo
2582 830 2895 876 meruerunt
2938 822 3340 890 sempiternam.
3373 822 3665 878 Unanimes
3695 832 3875 880 estote

2293 910 2347 962 in
2381 911 2527 964 omni
2570 912 2712 966 bono
2739 912 2984 974 consilio,
3016 913 3312 968 concordes
3340 914 3393 967 in
3422 916 3568 968 omni
3612 916 3876 985 regularis

2292 999 2414 1053 vita:
2439 1000 2741 1071 disciplina.
2778 1002 2871 1057 Dei
2902 1004 3301 1072 omnipotentis,
3331 1005 3422 1073 qui
3450 1005 3630 1059 cordis
3660 1015 3874 1060 secreta

2290 1090 2570 1159 conspicit,
2619 1093 2880 1147 honorem
2909 1101 2963 1147 et
2999 1094 3326 1147 voluntatem
3368 1109 3501 1162 pura
3544 1095 3721 1163 primo
3747 1110 3875 1150 om-
3958 1122 3963 1125 ι

2288 1180 2437 1235 nium
2480 1182 2703 1250 quaerite
2733 1183 3083 1253 conscientia,
3113 1192 3172 1236 ut
3197 1182 3313 1250 ejus
3341 1184 3533 1252 gratia,
3577 1198 3697 1253 qua:
3730 1184 3879 1253 opti-

2289 1285 2376 1323 ma
2404 1279 2531 1325 sunt
2559 1278 2615 1325 et
2638 1246 3087 1341 salutilproxima,
3118 1288 3216 1327 vos
3256 1274 3495 1328 invenire
3529 1273 3711 1329 faciat.
3738 1274 3877 1329 Fra-

2289 1367 2497 1413 temam
2527 1369 2581 1414 et
2621 1361 2903 1431 pacificam
2944 1376 3158 1431 semper
3191 1364 3486 1418 habeamus
3524 1364 3870 1429 cbaritatem,

2284 1460 2347 1507 ut
2365 1469 2493 1508 oves
2511 1453 2715 1509 Christi
2740 1454 2982 1524 ejusdem
3002 1456 3127 1509 vitae
3147 1457 3362 1524 pascuis
3381 1457 3679 1525 epulantes,
3708 1456 3874 1512 unius

2284 1540 2441 1598 ovilis
2480 1560 2637 1599 muro
2663 1556 2964 1609 manentes,
3016 1546 3073 1599 in
3121 1562 3224 1601 una
3275 1547 3536 1601 orationis
3580 1547 3740 1603 domo
3769 1548 3869 1601 Dei

2284 1634 2440 1687 nobis
2491 1635 2918 1690 misericordiam
2971 1645 3351 1691 conmeantes.
3404 1635 3515 1691 Nec
3569 1637 3763 1705 aliquis
3808 1653 3873 1693 se

2284 1725 2558 1779 canonicis
2583 1727 2748 1787 horis.
2774 1744 2805 1781 a
2826 1722 3205 1783 communione
3230 1738 3431 1784 sanetze
3451 1730 3732 1795 orationis,
3756 1746 3873 1786 sua:

2210 1801 2257 1860 Β
2282 1814 2556 1884 negligens
2581 1817 2770 1872 salutis
2791 1828 3021 1887 separet.
3054 1819 3241 1874 Melius
3267 1828 3353 1874 est
3379 1830 3436 1874 ut
3464 1821 3705 1891 angelica
3734 1822 3869 1876 visi-

2280 1906 2413 1959 tatio
2460 1907 2609 1963 horis
2663 1911 3092 1978 competentibus
3150 1912 3388 1965 inveniat
3434 1928 3559 1967 cum
3608 1912 3871 1969 fratribus

2265 2003 2516 2058 orantes,
2556 2011 2715 2063 quam
2760 1996 2959 2052 diaboli
2991 2000 3195 2052 saevitia
3239 2000 3292 2052 in
3323 2001 3501 2069 aliqua
3532 2002 3865 2071 negligentia

2278 2084 2362 2137 vel
2417 2085 2628 2138 luxnria
2676 2094 2967 2156 torpentes.
3021 2086 3323 2157 Unicuique
3368 2090 3661 2144 secundum
3706 2108 3868 2147 suum

2277 2172 2516 2227 laborem
2539 2188 2747 2229 merces
2762 2183 2943 2231 manet
2960 2176 3014 2229 in
3043 2184 3326 2230 :cternum.
3352 2176 3453 2244 Qui
3476 2179 3599 2247 plus
3628 2180 3861 2246 laborat,

2277 2264 2395 2333 plus
2426 2266 2690 2319 mercedis
2714 2266 2959 2334 accipiet.

2347 2356 2457 2411 Nec
2493 2357 2647 2411 labor
2669 2357 2860 2412 salutis
2885 2364 3082 2413 nostrze
3108 2359 3273 2415 durus
3301 2361 3460 2415 debet
3483 2361 3673 2416 videri.
3708 2362 3866 2432 Saepe

2273 2446 2573 2500 austeriora
2601 2446 2988 2501 medicamenta
3016 2456 3258 2517 optatam
3288 2450 3464 2505 solent
3492 2460 3753 2520 praestare
3776 2469 3866 2506 sa-

2274 2533 2457 2586 lutem.
2500 2535 2776 2599 Videmus,
2807 2552 2967 2605 quam
3021 2546 3247 2607 angusta
3297 2548 3449 2607 porta
3494 2551 3548 2593 et
3585 2552 3735 2595 arcta
3776 2544 3862 2596 via

2273 2622 2486 2690 (Matth.
2516 2639 2613 2686 vn,
2647 2624 2733 2695 lxi)
2765 2626 2935 2679 sancti
2978 2637 3247 2697 martyres
3278 2629 3441 2684 vitam
3474 2630 3705 2699 ingressi
3735 2643 3864 2686 sunt

2272 2712 2675 2779 sempiternam.
2725 2713 2833 2768 Nos
2864 2731 3012 2779 vero,
3052 2715 3267 2782 fratres,
3298 2718 3525 2773 faciliori
3550 2720 3656 2782 via,
3697 2728 3750 2772 et
3780 2720 3860 2774 le-

2271 2802 2406 2857 viori
2455 2822 2616 2860 cursu
2666 2807 2734 2860 ad
2779 2806 3021 2874 ejusdem
3068 2809 3191 2862 vitae
3246 2824 3533 2877 possumus
3576 2811 3861 2879 pervenire

2269 2890 2675 2956 beatitudinem,
2713 2896 2825 2963 ipsa
2857 2896 3068 2950 dicente
3096 2897 3372 2951 Veritale:
3405 2897 3589 2953 Multa:
3620 2901 3855 2956 mansio-

2270 2999 2360 3037 nes
2392 2995 2511 3038 sunt
2542 2987 2595 3037 in
2620 2988 2773 3038 domo
2800 2985 2978 3040 Patris
3010 2988 3109 3041 mei
3137 2986 3315 3057 (Joan.
3357 3006 3467 3054 XIV,
3505 2988 3583 3061 2).
3630 2991 3859 3061 Propter

2268 3076 2458 3129 merita
2496 3077 2726 3140 diversa,
2781 3080 3087 3133 mansiones
3125 3081 3303 3134 multae
3333 3096 3347 3133 :
3376 3089 3554 3136 tamen
3604 3084 3857 3138 omnibus

582 3185 642 3230 ut
678 3178 896 3232 tristitia
942 3187 1121 3233 vestra
1159 3188 1400 3235 vertatur
1446 3183 1499 3235 in
1542 3183 1794 3251 gaudium
1843 3184 2024 3254 (Joan.
2056 3203 2161 3247 xw,

2271 3164 2423 3218 beata
2453 3167 2725 3221 teternitas
2751 3175 2805 3222 et
2834 3176 3043 3229 (eterna.
3060 3170 3343 3224 beatitudo
3369 3173 3492 3224 erit.
3525 3171 3659 3238 Quia
3698 3174 3854 3242 quis-

580 3265 673 3336 20)
700 3275 755 3321 et
790 3268 1044 3337 gaudium
1074 3279 1315 3324 nostrum
1362 3270 1649 3341 impleatur
1689 3273 1742 3326 in
1790 3274 1879 3327 illo
1924 3275 2015 3344 qui
2056 3277 2168 3330 suis

580 3371 799 3425 quoque
842 3358 919 3411 ait
966 3359 1245 3429 discipulis
1292 3362 1407 3416 :Et
1447 3364 1699 3433 gaudium
1745 3375 1968 3418 uestrum
2018 3384 2165 3421 nemo

579 3446 722 3500 tollet
751 3444 904 3519 [Cod.
953 3449 1086 3513 Sal.,
1127 3452 1300 3524 tollat]
1343 3472 1375 3507 α
1413 3455 1551 3509 vobis
1594 3454 1773 3526 (Joan.
1821 3474 1928 3523 xvt,
1960 3458 2084 3529 22);
2111 3460 2163 3511 in

578 3554 686 3605 quo
720 3548 803 3592 est
832 3541 1084 3609 gaudium
1131 3543 1466 3609 indeficiens,
1523 3546 1668 3599 salus
1710 3556 1990 3616 perpetua,
2035 3544 2161 3617 pro-

575 3630 808 3697 speritas
836 3632 993 3685 beata
1021 3640 1075 3686 et
1099 3632 1373 3688 beatitudo
1401 3635 1648 3705 gloriosa.
1681 3638 1784 3708 10
1809 3637 1876 3693 Ut
1900 3639 2014 3693 haec
2041 3656 2160 3694 om-

575 3722 662 3774 nia
692 3724 847 3779 nobis
872 3740 969 3793 per
991 3741 1145 3779 suam
1183 3727 1479 3781 concedere
1518 3730 1944 3784 misericordiam
1974 3731 2159 3801 digne-

573 3819 678 3874 tur,
714 3812 856 3867 illius
883 3822 993 3867 tota
1025 3814 1311 3869 dilectione
1343 3824 1397 3869 et
1425 3825 1534 3869 tota
1561 3818 1762 3873 virtute
1800 3808 2161 3875 inhaereamus

570 3902 872 3976 pracceptis.
904 3902 1225 3957 Sanctorum
1254 3904 1471 3959 Patrum
1494 3921 1786 3975 sequamur
1807 3910 2158 3979 vestigia,qui

569 4004 671 4047 nos
708 4000 1012 4059 genuerunt
1053 3993 1107 4046 in
1137 3993 1373 4059 Christo,
1402 4005 1456 4050 et
1494 3996 1547 4051 in
1593 3998 1696 4052 hoc
1732 4000 2156 4054 sacratissimum

568 4082 707 4137 ovile
733 4094 1217 4156 congregaverant,
1260 4097 1313 4141 et
1337 4080 1815 4161 paternrepietatis
1857 4094 1998 4150 laete
2025 4109 2156 4149 enu-

568 4174 819 4228 trierunt.
849 4174 1053 4231 Horum
1081 4182 1288 4235 animas
1328 4181 1381 4236 in
1422 4193 1709 4253 conspectu
1741 4188 1937 4241 summi
1966 4187 2155 4245 Pasto-

568 4263 643 4316 ris
688 4278 752 4317 ac
798 4264 1178 4337 Redemptoris
1217 4273 1388 4327 nostri
1432 4277 1651 4331 internis
1693 4278 1905 4348 gaudiis
1943 4295 2155 4349 semper

565 4356 821 4410 assistere
860 4360 1145 4415 credamus
1192 4362 1349 4433 [ϐοά.
1385 4364 1525 4429 Sal.,
1572 4369 1889 4440 credimus],
1932 4380 1987 4423 et
2028 4373 2153 4425 inde

566 4446 765 4499 nostris
795 4445 976 4502 favere
995 4450 1266 4517 precibus,
1297 4455 1339 4507 si
1369 4458 1620 4510 mandata
1654 4459 1797 4524 vitae,
1826 4475 1945 4529 quae
1975 4464 2145 4528 nobis,
2178 4485 2228 4542 ι)

566 4536 772 4605 Spiritu
814 4550 1003 4595 sancto
1030 4543 1360 4613 inspirante,
1409 4556 1735 4616 statuerunt,
1760 4554 2014 4609 concordi
2055 4556 2149 4611 de-

564 4630 778 4684 votione
820 4646 918 4685 nos
953 4634 1243 4689 observare
1295 4649 1586 4707 agnoscant
1610 4640 1763 4712 [ϐοά.
1795 4641 1939 4709 Sal.,
1982 4661 2147 4716 agno-

561 4718 767 4791 scunt].

628 4808 998 4865 Recordemur
1028 4813 1173 4867 omni
1197 4814 1352 4881 hora,
1394 4817 1731 4875 dilectissimi
1766 4820 1982 4887 fratres,
2012 4841 2145 4894 qua-

560 4902 635 4958 les
664 4894 953 4960 habuimus
990 4904 1177 4962 Patres
1214 4916 1270 4963 et
1306 4911 1696 4981 progenitores,
1736 4930 1899 4985 quam
1922 4917 2146 4984 praecla-

559 5007 649 5047 ros
672 5002 726 5047 et
748 4995 885 5063 pios,
916 4996 1025 5052 Deo
1065 5000 1323 5057 amabiles
1358 5010 1415 5056 et
1443 5004 1590 5058 omni
1630 5006 1827 5076 populo
1858 5008 2145 5065 honorabi-

557 5082 655 5136 les.
682 5083 795 5138 Non
818 5085 989 5141 simus
1015 5087 1305 5156 degeneres
1331 5092 1543 5148 illorum
1565 5097 1845 5153 nobilitate
1873 5100 1987 5164 lilii,
2014 5103 2140 5157 dum

556 5174 748 5229 borum
792 5175 934 5230 inter
960 5179 1358 5236 sacratissimas
1385 5194 1699 5243 constamus
1734 5188 2011 5259 reliquias,
2044 5207 2138 5246 eo-

557 5282 675 5322 rum
721 5269 1021 5339 cogitemus
1070 5270 1271 5328 imitari
1328 5280 1820 5344 conversationem,
1875 5294 2138 5353 quatenus

623 5446 1133 5533 {emacuerch
1164 5452 1253 5517 so.
1298 5453 1479 5533 Canis.
1504 5438 1574 5512 ει
1601 5449 1883 5533 Δ(ιιηιπόιιεεη.
1926 5463 2003 5533 s).
2035 5464 2136 5519 Le-

792 5514 997 5591 aliquot
1029 5514 1340 5579 diﬂ’erentes
1363 5514 1739 5587 adnotavimus
1761 5514 2001 5588 éi‘éoa’.‘
2031 5514 2130 5589 61;.

650 5602 665 5639 ι
737 5626 751 5639 .

623 5657 765 5737 b_A_b
794 5658 1068 5737 Eanbgldo
1109 5664 1426 5737 presbytero.
1471 5667 1713 5727 Eabaldo
1759 5674 1923 5731 habet
1964 5676 2132 5732 codex

550 5727 886 5783 Canisianus.
929 5727 1121 5785 Nostra
1159 5727 1337 5789 tam'en
1384 5736 1542 5791 lectio
1590 5757 1651 5796 ex
1702 5727 1842 5801 ali—isi?
1874 5727 2130 5802 wife}

2268 3255 2389 3323 quis
2415 3255 2488 3310 ibi
2513 3257 2636 3331 erit,
2666 3259 2856 3311 beatus
2885 3259 2990 3311 erit
3014 3264 3069 3311 et
3094 3257 3378 3327 gloriosus,
3408 3260 3497 3313 ubi
3515 3260 3650 3328 justi
3679 3260 3852 3331 fulge-

2267 3346 2390 3397 bunt
2417 3326 2549 3398 sicut
2570 3345 2651 3399 sol
2672 3348 2725 3399 in
2754 3364 2910 3417 regno
2933 3326 3117 3401 Patris
3140 3338 3317 3409 ecrum
3344 3326 3557 3421 (Mattio.
3586 3326 3707 3415 xui,
3732 3326 3850 3420 4:5).

2267 3432 2417 3488 Sicut
2452 3435 2595 3488 enim
2642 3443 2949 3489 sanctorum
2986 3446 3286 3506 martyrum
3328 3447 3706 3506 persecutores
3735 3438 3854 3495 fue-

2266 3532 2409 3587 runt,
2439 3524 2652 3579 diabolo
2694 3526 3003 3596 instigante,
3049 3528 3198 3596 impii
3242 3528 3515 3595 homines;
3561 3528 3852 3586 sicnastri

2262 3624 2639 3682 persecutores
2683 3627 2826 3678 sunt,
2868 3619 3083 3675 diabolo
3116 3630 3459 3692 suggerente,
3490 3623 3673 3678 smculi
3718 3639 3855 3678 con-

2262 3708 2595 3775 eupiscentia
2618 3719 2671 3763 et
2696 3711 2928 3765 carnalis
2947 3712 3253 3773 delectatio,
3269 3721 3321 3766 et
3338 3714 3503 3767 animi
3532 3714 3851 3769 inconstan-

2262 3798 2334 3850 tia
2372 3808 2427 3851 et
2472 3800 2567 3854 Dei
2610 3801 2934 3869 negligentia
2983 3805 3383 3856 mandatorum.
3436 3804 3503 3857 Et
3550 3805 3715 3860 veluti
3769 3806 3852 3861 illi

2260 3893 2528 3954 martyres
2568 3889 2780 3951 sancti,
2838 3890 3011 3959 gratia
3061 3890 3348 3960 adjuvante
3391 3892 3602 3959 divina,
3655 3893 3854 3964 impios

2260 3982 2571 4029 constanter
2595 3977 2842 4032 vicerunt
2876 3986 3151 4049 tyrannos,
3179 3981 3413 4050 palmam
3443 3991 3658 4039 aeternae
3691 4001 3853 4043 acce-

2258 4073 2452 4132 perunt
2473 4065 2657 4136 gloria:
2683 4085 2694 4120 :
2726 4068 2804 4122 sic
2831 4076 2885 4124 et
2904 4084 3025 4134 nos,
3049 4070 3093 4124 si
3125 4080 3360 4135 nostros,
3394 4072 3504 4128 Deo
3523 4074 3846 4143 auxiliante,

2258 4170 2574 4225 superamus
2601 4158 2959 4223 adversarios,
2987 4168 3042 4214 et
3066 4160 3344 4215 diabolicis
3375 4161 3606 4217 viriliter
3633 4166 3850 4218 resisti-

2257 4263 2379 4301 ειυς
2431 4250 2881 4317 suggestionibus,
2934 4266 3191 4304 coronam
3240 4260 3515 4319 perpetua:
3563 4253 3739 4307 laudis
3770 4264 3850 4309 .et

2254 4335 2486 4404 palmam
2513 4345 2730 4391 aeterna:
2766 4338 3116 4391 beatitudinis
3142 4340 3416 4417 accepturi
3446 4340 3668 4396 erimus.
3712 4343 3844 4405 Vos,

2256 4422 2453 4477 fratres
2489 4425 2811 4489 charissimi,
2844 4427 2950 4481 mei
2995 4428 3210 4494 habete,
3244 4430 3490 4495 obsecro,
3524 4434 3845 4491 memoriam

2255 4513 2309 4567 in
2341 4515 2544 4569 sanctis
2572 4518 2906 4572 orationibus
2928 4520 3146 4584 vestris,
3174 4528 3232 4575 ut
3256 4522 3434 4576 anima
3487 4538 3605 4577 mea
3650 4539 3847 4595 perpe-

2256 4612 2345 4658 tua
2385 4606 2742 4674 prosperitate
2783 4608 3012 4676 gaudeat
3042 4610 3095 4664 in
3131 4612 3306 4667 vobis.
3354 4612 3465 4681 Ego
3500 4613 3723 4668 devotus
3751 4631 3847 4671 ve-

2252 4704 2378 4751 stra:
2418 4700 2761 4767 paternitatis
2807 4701 2953 4755 ﬁlius
3001 4718 3279 4771 nunquam
3319 4704 3611 4759 obliviscor
3649 4706 3836 4769 vestri,

2251 4788 2345 4841 sed
2367 4804 2580 4858 semper
2604 4792 2857 4858 praasenti
2894 4807 3057 4859 super
3081 4808 3271 4847 omnes
3308 4794 3443 4850 alios
3469 4796 3632 4868 diligo
3660 4799 3844 4856 chari-

2251 4883 2381 4940 tate,
2429 4877 2598 4931 Deum
2638 4880 2877 4947 quotidie
2924 4896 3047 4935 cum
3099 4883 3285 4937 intima
3341 4886 3521 4942 cordis
3573 4902 3841 4956 compun-

2248 4966 2428 5022 ctione
2472 4968 2771 5037 deprecans
2813 4978 2872 5023 ut
2907 4986 3004 5026 vos
3044 4982 3245 5028 reterna
3293 4975 3495 5046 pietate
3544 4975 3842 5039 custodiat,

2248 5068 2399 5129 regat
2436 5068 2597 5128 atque
2618 5068 2885 5131 protegat.
2916 5062 3102 5118 Valete
3144 5066 3196 5118 in
3225 5065 3461 5129 Christo,
3494 5064 3839 5120 dilectissimi
3908 5126 3911 5127 ν

2246 5149 2456 5204 fratres.

2240 5468 2406 5525 Wilh.
2436 5472 2716 5530 Malmesb.
2742 5477 3023 5534 retinenda
3053 5479 3285 5532 videtur.
3310 5475 3407 5531 Est
3430 5477 3477 5533 is
3502 5478 3645 5535 haud
3666 5482 3830 5538 dubie

2238 5540 2566 5614 Eanbaldus,
2616 5561 2778 5614 quem
2815 5547 3136 5602 Hovedenus
3178 5548 3245 5601 ad
3292 5546 3434 5604 hunc
3479 5565 3679 5606 annum
3718 5551 3827 5606 Ec-

2236 5610 2415 5665 clesiae
2457 5610 2818 5690 Eboracean
2860 5618 3237 5690 presbyterum
3282 5629 3457 5686 vocat,
3485 5630 3669 5690 postea
3712 5621 3826 5690 οὲίῖ

2236 5633 2415 5665 cresce
2457 5633 2818 5672 nuoracensis
2860 5633 3237 5739 Presbyterum
3282 5633 3457 5686 vocat,
3485 5633 3669 5690 postea
3712 5638 3723 5674 ε

2236 5682 2713 5827 fﬁgussaegusdun
2753 5686 2859 5741 Eee
2881 5686 3023 5747 θείω,
3073 5688 3141 5742 ad
3187 5702 3343 5755 quem
3374 5700 3454 5745 est
3502 5691 3723 5761 epistola

2258 5765 2397 5805 nunc
2426 5765 2535 5805 ῦὸ).
