4220 6198
556 378 645 431 151
924 414 927 417 ν
1424 369 1480 422 Β.
1524 370 1582 423 F.
1625 370 1847 422 ,λι-ΒΝ
1890 370 2017 424 δερ
2057 370 2121 421 Al

2219 366 2327 421 ΞΙΝΙ
2366 364 2647 421 OPERUM
2686 362 2866 416 PARS
2904 356 2942 413 Ι.

3713 347 3815 405 158

550 485 925 558 corrigendum
958 485 1027 537 sit
1068 486 1121 537 in
1166 482 1404 536 moribus
1452 482 1877 535 mansuetudinis
1908 491 2125 541 vestrae,
2158 484 2202 537 Α
2232 488 2285 532 et
2314 478 2457 545 quod
2491 489 2753 537 amemus,
2780 472 3058 526 habemus.
3106 466 3361 521 Amemus
3395 476 3594 520 aeterna
3627 473 3679 518 et
3708 482 3812 519 non

549 578 708 632 citius
753 575 1026 643 corrigite.
1079 572 1339 625 Patronos
1383 580 1590 624 vestros
1627 572 1692 625 ad
1725 586 1819 623 vos
1860 579 2127 632 revocate,

549 668 636 736 qui
670 681 761 719 vos
800 665 867 717 ad
910 674 1122 731 tempus
1168 661 1586 729 dereliqucmnt.
1645 660 1761 712 Non
1812 660 1977 713 deluit
2030 660 2133 713 illis

549 765 783 824 potestas
821 754 959 822 apud
998 754 1090 805 Dei
1140 752 1480 805 clementiam
1508 791 1520 812 ,
1577 751 1668 803 secl
1723 754 1989 802 nescimus
2037 766 2133 803 cur

551 854 847 898 tacuerunt.
891 843 1061 895 Nolite
1096 841 1314 910 gloriari
1349 840 1400 891 in
1433 840 1666 891 vanitate
1698 840 1963 899 vestium;
2018 840 2132 891 lucc

548 952 652 989 non
678 944 761 989 est
789 934 957 1003 gloria
983 932 1322 985 sacerdotum
1354 937 1406 980 ct
1433 944 1710 981 servorum
1742 926 1855 989 Dei,
1884 943 1939 979 se
1962 928 1972 976 l
2004 943 2130 979 con-

548 1025 781 1081 tumelia.
819 1022 989 1076 l‘volite
1020 1023 1071 1075 in
1102 1020 1364 1074 ebrietate
1390 1019 1553 1072 verba
1585 1018 1885 1071 orationum
1918 1026 2124 1068 vestra-

546 1129 663 1168 rum
713 1114 909 1168 delerc.
968 1111 1082 1165 Non
1132 1109 1338 1163 excutis
1388 1117 1509 1176 post
1558 1108 1795 1160 luxurias
1847 1107 2025 1159 carnis
2076 1114 2129 1158 ct

542 1207 796 1259 avaritias
824 1204 1026 1265 sazculi,
1052 1202 1144 1255 sed
1179 1202 1229 1253 in
1260 1200 1481 1253 servitio
1515 1198 1605 1252 Dei
1637 1206 1691 1251 ct
1720 1196 1979 1265 regularis
2008 1198 2127 1249 vitae

540 1297 821 1365 disciplina
854 1294 1077 1348 ﬁrmiter
1103 1302 1434 1360 permanete,
1465 1299 1521 1343 ut
1559 1276 1881 1342 sanctissimi
1918 1289 2126 1350 Patres,

540 1389 630 1456 qui
650 1403 744 1441 vos
764 1394 1084 1456 genuerunt.
1103 1384 1253 1437 vobis
1272 1390 1605 1449 protectores
1625 1395 1743 1434 esse
1766 1396 1870 1433 non
1891 1389 2123 1433 cessent.

542 1478 642 1531 Per
671 1477 882 1531 illorum
913 1474 1134 1542 vestigia
1176 1473 1484 1541 gradientes
1520 1473 1585 1525 de
1625 1472 1835 1524 illorum
1874 1471 2128 1537 precibus

539 1570 712 1623 securi
742 1569 1125 1637 permaneatis.
1164 1564 1335 1618 Nolite
1370 1566 1532 1617 tantis
1559 1562 1807 1616 Patribus
1836 1563 2128 1631 degeneres

538 1677 658 1716 esse
685 1660 798 1713 lilii.
849 1658 1194 1726 Nequaquam
1240 1657 1312 1708 illi
1356 1672 1385 1708 a
1414 1664 1592 1709 vestra
1624 1654 1912 1707 cessabunt
1938 1650 2123 1706 defen-

538 1754 707 1815 sione,
730 1754 773 1805 si
800 1766 892 1803 vos
922 1750 1131 1803 illorum
1158 1749 1310 1816 sequi
1337 1747 1599 1799 videbunt
1626 1744 1892 1812 exempla.
1924 1742 2123 1796 Tamen

540 1843 605 1895 de
650 1842 748 1894 ista
793 1839 1005 1892 miseria
1050 1838 1213 1891 nolite
1261 1844 1439 1889 mente
1483 1835 1837 1889 consternari.
1888 1833 2127 1902 Castigat
2161 1818 2201 1873 Β

538 1930 679 1983 Deus
716 1943 929 1981 omnem
972 1926 1136 1979 ﬁlium
1172 1942 1329 1995 quem
1372 1927 1560 1994 recipit
1590 1924 1775 1995 (Hebr.
1810 1941 1903 1983 xu.
1936 1923 2023 1992 6);
2073 1932 2127 1977 et

539 2019 659 2073 ideo
708 2018 843 2071 forte
888 2017 1006 2088 plus
1046 2033 1141 2071 vos
1187 2018 1512 2085 castigavit,
1569 2016 1691 2083 quia
1744 2016 1865 2082 plus
1915 2014 2121 2068 dilexit.

538 2109 871 2163 Hierusalem
907 2108 1100 2160 civitas
1136 2107 1244 2159 Deo
1279 2107 1473 2159 dilecta
1505 2105 1751 2158 Chaldtea
1782 2103 1993 2156 ﬂamma
2027 2119 2121 2171 pc-

536 2200 644 2253 riit.
672 2199 843 2252 Roma
865 2206 1171 2253 sanctorum
1193 2196 1555 2266 apostolorum
1578 2206 1628 2249 et
1654 2196 2122 2249 innumerabilium

534 2300 831 2359 martyrum
868 2305 1065 2345 corona
1102 2290 1432 2344 circumdata
1464 2304 1793 2358 paganorum
1824 2290 2124 2342 vastatione

532 2378 773 2447 disrupta
796 2387 899 2441 est,
928 2378 1021 2431 sed
1046 2378 1244 2445 pietate
1270 2378 1429 2430 citius
1457 2386 1789 2445 recuperata.
1828 2378 1961 2430 Tota
1987 2393 2123 2446 pene

533 2465 744 2533 Europa
772 2465 1069 2520 Guthorum
1099 2466 1181 2518 vel
1220 2465 1493 2519 Hunorum
1530 2466 1719 2536 gladiis
1750 2476 2007 2521 evacuata
2040 2478 2123 2522 est

530 2554 791 2619 ﬂammis;
828 2555 922 2608 sed
951 2554 1103 2625 [.lls.,
1133 2555 1199 2626 si]
1230 2555 1408 2617 modo,
1439 2566 1793 2611 conscrvantc
1819 2558 1950 2621 Deo,
1980 2559 2122 2614 velut

532 2648 727 2703 rmlum
759 2648 952 2710 stellis,
986 2649 1056 2701 ita
1083 2649 1325 2702 ecclesiis
1353 2658 1543 2702 ornata
1578 2649 1847 2719 fulgeseit,
1880 2662 1934 2705 et
1962 2652 2015 2704 in
2042 2653 2121 2704 eis

530 2738 700 2791 oﬂicia
733 2739 911 2805 vigent
940 2748 993 2789 ct
1020 2747 1272 2791 crescunt
1302 2740 1577 2807 religionis
1603 2738 1943 2795 Christiaum.
1980 2742 2119 2794 [Ior-

532 2830 720 2882 tamini
763 2830 1116 2897 vosmetipsos
1164 2831 1394 2884 invicem
1439 2832 1717 2886 dicentes;
1765 2832 2121 2887 Revertantur

531 2922 597 2973 ad
639 2920 924 2973 Dominam
966 2920 1135 2974 Deum
1180 2932 1455 2984 nostrum,
1497 2924 1623 2990 quia
1656 2938 1881 2993 magnus
1924 2935 2008 2979 cst
2052 2928 2117 2979 ad

531 3012 909 3080 ignoscendum
944 3012 1077 3084 (Isa.
1111 3030 1196 3077 LV,
1230 3014 1301 3081 7),
1346 3022 1400 3068 et
1438 3031 1712 3084 nunquam
1754 3018 1953 3073 deserit
1993 3035 2114 3088 spc-

530 3109 710 3154 rantes
738 3102 791 3154 in
821 3118 896 3155 se.

600 3189 666 3242 Et
701 3188 947 3249 tu,Pater
976 3202 1180 3255 sancte,
1217 3196 1319 3251 dux
1352 3200 1529 3267 populi
1562 3200 1687 3261 Dei,
1734 3186 1916 3266 pastor
1941 3202 2118 3269 gregis

527 3284 729 3346 sancti,
776 3284 1016 3337 medicus
1044 3288 1381 3352 animarum,
1427 3292 1645 3346 lucerna
1679 3306 1839 3359 super
1868 3292 2119 3346 candela-

528 3377 682 3427 brum
715 3376 911 3443 posita,
942 3386 1059 3431 esto
1088 3379 1258 3433 [arma
1296 3382 1349 3435 in
1380 3384 1525 3436 omni
1556 3383 1797 3436 bonitate
1827 3384 2039 3436 cunctis
2070 3393 2121 3437 te

528 3466 846 3520 videntibus.
876 3468 1005 3521 Esto
1027 3484 1209 3536 prmco
1234 3472 1419 3523 salutis
1441 3473 1649 3525 cunctis
1677 3481 1729 3525 te
1756 3474 2116 3527 audientibus.

530 3558 613 3611 Sit
640 3568 762 3612 tuus
791 3560 1081 3614 comitatus
1113 3564 1351 3617 honestis
1380 3564 1642 3625 moribus,
1668 3564 1787 3617 aliis
1816 3564 2118 3632 exemplum

530 3650 598 3705 ad
626 3652 822 3715 vitam,
859 3668 961 3705 non
993 3654 1061 3706 ad
1086 3656 1462 3722 perditionem.
1514 3659 1633 3712 Sint
1666 3658 1758 3711 tibi
1789 3660 1979 3727 epulm,
2014 3674 2119 3712 non

532 3740 584 3796 iu
615 3741 903 3805 ebrietate,
947 3743 1039 3797 sed
1072 3745 1122 3796 iu
1154 3747 1464 3799 sobrietate.
1519 3748 1638 3801 Sint
1670 3751 1989 3804 vestimenta
2029 3758 2119 3802 tuo

530 3832 718 3899 gradui
740 3832 1025 3901 condigna.
1048 3832 1161 3886 Noli
1184 3843 1233 3887 te
1248 3835 1586 3890 conformarc
1608 3839 1786 3892 saeculi
1813 3840 2120 3892 hominibus

528 3925 583 3975 in
611 3925 847 3977 vanitate
874 3925 1072 3991 aliqua.
1116 3924 1293 3977 luanis
1321 3936 1546 3978 ornatus
1573 3928 2037 3991 vestimentorum,
2066 3937 2121 3980 et

527 4011 706 4066 cultus
737 4013 939 4065 inutilis
971 4014 1063 4065 tibi
1102 4022 1185 4066 est
1223 4014 1571 4083 opprobrium
1605 4024 1734 4091 ante
1768 4017 2033 4081 homines,
2065 4028 2120 4071 et

526 4110 806 4171 peccatum
852 4111 976 4156 ante
1024 4104 1211 4156 Deum.
1263 4104 1449 4157 Melius
1496 4113 1579 4158 est
1619 4106 1854 4159 animant
1898 4108 1950 4160 in
1990 4123 2115 4175 per-

524 4205 745 4265 petuum
784 4206 1188 4264 permanentem
1232 4198 1387 4251 bonis
1428 4213 1624 4253 ornare
1664 4200 1925 4263 moribus,
1955 4215 2115 4269 quam

523 4300 719 4353 corpus
753 4286 862 4340 cito
907 4286 958 4339 in
999 4287 1217 4355 pulvere
1244 4297 1563 4355 putrescens
1588 4291 1873 4359 exquisitis
1899 4306 2116 4346 comere

524 4380 784 4433 vestibus.
828 4379 1104 4432 Vestiatur
1147 4388 1201 4433 et
1244 4382 1469 4435 satietur
1502 4382 1754 4436 Christus
1779 4384 1829 4435 in
1858 4398 2113 4451 paupere,

2234 565 2492 632 peritura.
2533 564 2703 617 Veras
2742 560 3024 628 diligamus
3060 556 3274 610 divitias
3318 564 3514 609 etnon
3556 554 3810 616 caducas,

2234 654 2589 721 sempiternas
2614 667 2717 705 non
2744 648 3114 711 transitorias;
3150 658 3403 715 paremus
3426 644 3579 698 nobis
3601 643 3812 697 laudem

2234 766 2261 801 a
2305 750 2433 811 Deo,
2476 757 2529 801 et
2569 764 2673 801 nou
2714 747 2781 799 ab
2818 742 3143 798 hominibus.
3192 738 3477 791 Faciamus
3501 738 3643 805 quod
3672 736 3813 792 fece-

2236 848 2359 891 runt
2400 838 2571 891 sancti
2613 850 2747 903 quos
2793 833 3091 885 laudamus.
3140 828 3444 895 Sequamur
3480 825 3695 879 illorum
3725 840 3815 879 ve-

2233 928 2389 996 stigia
2438 928 2489 979 iu
2538 927 2736 986 terris,
2785 931 2845 975 ut
2886 921 3099 973 illorum
3143 917 3326 986 glorias
3372 923 3652 971 consortes
3695 928 3815 967 esse

2236 1034 2537 1071 mercamur
2580 1016 2633 1068 in
2678 1012 2850 1068 corlis.
2906 1010 3107 1063 Divina:
3149 1007 3367 1076 pietatis
3411 1005 3674 1074 protectio
3716 1019 3813 1057 nos
3900 1018 3905 1024 '
3992 1010 3993 1013 ‘

2233 1112 2299 1163 ab
2343 1110 2489 1163 omni
2534 1106 2856 1160 adversitatc
2895 1101 3205 1163 custodiat,
3250 1099 3552 1153 charissimi
3598 1096 3810 1152 fratres.

2234 1200 2417 1251 Valete
2450 1199 2501 1249 in
2526 1196 2741 1249 Christo
2782 1189 3139 1253 dilectissimi,
3173 1198 3225 1241 et
3254 1186 3637 1241 eonfortamini
3667 1201 3810 1239 scm-

2230 1302 2327 1355 per
2362 1287 2702 1355 proﬁcientes
2723 1298 2772 1337 ι.
2796 1275 2819 1352 ἶ]

2764 1376 2791 1413 b
2832 1370 3164 1427 EPISTOLA
3200 1370 3265 1423 Χ.

2233 1486 2298 1523 AD
2334 1481 2352 1505 ο
2390 1485 2742 1523 manumanu
2786 1466 3189 1536 (nunctanta)
3225 1475 3673 1517 ARCHIEPISCOPUI
3727 1474 3813 1513 uo

2759 1552 2973 1591 BOENSIS
2988 1549 3282 1589 ClVITATIS.

2708 1628 2886 1699 (Anno
2913 1627 3014 1681 795
3048 1626 3127 1679 vel
3160 1624 3323 1693 seq.).

2235 1719 2495 1773 Hortatur
2518 1722 2586 1773 ad
2618 1720 2865 1773 sectanda
2895 1734 3109 1772 suorum
3150 1726 3537 1768 antecessorum
3576 1715 3814 1783 vestigia,

2301 1802 2347 1844 et
2377 1791 2445 1842 ad
2478 1788 2863 1859 exsequendum
2910 1786 3165 1859 intrepide
3205 1801 3393 1859 munus
3430 1789 3675 1859 pastoris
3700 1784 3815 1835 ani-

2302 1876 2543 1921 marum;
2568 1852 2623 1912 et.
2646 1876 2763 1911 cum
2790 1852 3103 1928 coepiscopis
3134 1856 3242 1907 suis
3267 1855 3469 1907 verbum
3504 1853 3594 1905 Dei
3623 1852 3817 1921 absque

2302 1931 2489 1982 timore
2506 1930 2773 1997 prwdicet.

2299 2019 2394 2073 Pio
2438 2019 2583 2072 Patri
2619 2028 2672 2072 et
2708 2026 2909 2072 saneta:
2944 2016 3091 2070 sedis
3120 2013 3336 2083 praesuli
3361 2012 3680 2067 {Edilhardo
3729 2026 3816 2063 ar-

2228 2115 2595 2183 chiepiscopo,
2623 2112 2841 2166 humilis
2862 2110 3024 2163 levita
3050 2108 3310 2162 Alcuinus
3332 2106 3581 2160 salutem.

2297 2205 2535 2259 Audiens
2580 2211 2776 2257 vestras
2800 2199 3145 2256 salutationis
3190 2198 3353 2252 verba
3386 2194 3718 2257 dulcissima,
3758 2202 3815 2246 et

2224 2296 2604 2366 prosperitatis
2646 2302 2841 2347 vestra:
2891 2293 3180 2347 sanitatem
3240 2288 3425 2341 multis
3465 2299 3811 2355 pernecessa-

2226 2386 2381 2451 riam,
2408 2386 2562 2439 valde
2600 2398 2684 2438 me
2716 2385 2961 2454 gavisam
2988 2396 3106 2435 esse
3136 2378 3307 2433 fateor
3337 2396 3347 2430 :
3388 2376 3599 2431 Domini
3627 2386 3678 2447 et
3719 2373 3813 2428 Dei

2225 2476 2393 2530 nostri
2436 2474 2563 2530 Jesu
2593 2475 2791 2529 Christi
2822 2476 3116 2543 deprecans
3144 2479 3258 2523 tota
3290 2468 3483 2522 mentis
3532 2466 3813 2519 alacritate

2223 2570 2699 2625 clementissimam
2722 2568 2999 2637 pietatem,
3040 2571 3306 2633 quatenus
3335 2569 3567 2615 vestram
3621 2555 3817 2629 [beati-

2226 2661 2487 2729 tudinem]
2523 2662 2760 2729 longazva
2795 2657 3062 2712 custodiat
3084 2655 3441 2724 prosperitate
3468 2652 3521 2704 in
3552 2662 3810 2717 augmen-

2222 2760 2339 2805 tum
2394 2760 2594 2805 sanctze
2623 2766 2733 2805 sua:
2766 2749 3053 2810 Ecclesim,
3104 2755 3161 2800 ut
3210 2760 3306 2812 per
3353 2753 3499 2797 tuam
3532 2740 3815 2795 devotissi-

2222 2857 2365 2894 mam
2402 2842 2704 2895 doctrinam
2756 2840 2977 2893 verbum
3026 2836 3180 2909 [Cod.
3239 2834 3377 2898 SaL,
3430 2831 3632 2903 verbis]
3690 2831 3813 2884 vita:

2221 2942 2436 2986 :cternae
2461 2942 2670 2986 crescat
2698 2942 2751 2985 et
2788 2939 2992 2992 currat,
3041 2936 3094 2982 et
3126 2927 3512 2996 multiplicetur
3556 2938 3813 2979 numerus

2219 3022 2400 3091 populi
2452 3022 2746 3075 Christiani
2800 3021 2853 3073 in
2911 3018 3122 3072 laudem
3151 3030 3206 3072 et
3243 3017 3466 3088 gloriam
3518 3013 3815 3068 Salvatoris

2223 3114 2426 3177 nostri;
2476 3114 2526 3167 in
2567 3129 2673 3182 quo
2694 3128 2854 3181 opere
2886 3120 2958 3173 te,
2992 3110 3159 3163 frater
3186 3116 3388 3171 sancte,
3419 3106 3665 3159 laborare
3703 3109 3813 3157 tota

2224 3208 2421 3261 virtute
2466 3208 2712 3261 obsecro.
2747 3206 2813 3257 Et
2845 3211 3049 3272 quanto
3093 3202 3213 3268 plus
3262 3198 3653 3268 appropinquat
3698 3195 3815 3249 dies

2223 3297 2691 3353 remunerationis.
2716 3303 2864 3347 tanto
2886 3292 3058 3361 magis
3084 3290 3347 3345 mercedis
3369 3297 3471 3341 tua:
3495 3285 3809 3341 felicitatem

2224 3386 2567 3439 accumulare
2594 3385 2832 3438 studeas.
3318 3442 3321 3445 _

2292 3474 2477 3543 Cogita
2508 3474 2695 3544 quales
2736 3473 2989 3527 habueris
3028 3468 3180 3543 [Cod.
3217 3469 3353 3526 εει..
3384 3464 3634 3536 haberes]
3662 3464 3686 3502 ἀ
3714 3479 3814 3517 an-

2225 3574 2521 3619 tecessores
2546 3566 2817 3628 doctores,
2845 3572 2897 3618 et
2922 3578 3129 3617 summa
3164 3561 3365 3614 lumina
3408 3557 3571 3636 totius
3597 3556 3810 3609 Britan-

2224 3659 2325 3712 nirc
2351 3656 2482 3729 [Cod
2514 3658 2654 3722 Sal.,
2684 3657 2849 3711 totius
2878 3656 3038 3725 hujus
3058 3650 3394 3723 provinciae].
3414 3648 3558 3702 [nter
3575 3661 3805 3716 quorum

2222 3748 2587 3802 sacratissima
2619 3761 2844 3815 corpora
2866 3744 2992 3798 dum
3027 3736 3288 3802 oraveris,
3324 3739 3536 3793 illorum
3560 3739 3811 3809 precibus

2222 3842 2525 3893 certissime
2585 3837 2948 3907 adjuvaberis,
3001 3832 3047 3887 si
3103 3833 3170 3885 ab
3220 3830 3434 3886 illormn
3471 3831 3712 3901 vestigiis
3759 3838 3811 3883 te

2223 3946 2322 3983 nec
2358 3930 2537 3983 szeculi
2560 3930 2763 3985 caduca
2788 3926 3153 3981 blandimenta
3179 3924 3520 3987 subtraham,
3554 3938 3652 3977 nec
3682 3923 3806 3975 vani

2223 4028 2458 4071 terrores
2504 4018 2807 4087 principum
2865 4015 3245 4071 formidantem
3301 4014 3554 4069 eﬂieiant.
3610 4013 3801 4068 Memor

2220 4120 2339 4165 esto
2368 4127 2579 4181 semper
2600 4111 2741 4181 quod
2779 4119 2965 4181 guttur
3000 4118 3149 4162 tuum
3181 4108 3307 4161 tuba
3344 4108 3438 4163 Dei
3464 4106 3623 4161 debet
3667 4120 3808 4167 esse,

2220 4212 2273 4255 et
2323 4204 2500 4271 lingua
2530 4211 2619 4256 tua
2648 4201 2898 4256 omnibus
2940 4215 3118 4269 prtrco
3162 4198 3371 4251 salutis.
3422 4198 3551 4250 Esto
3601 4202 3807 4264 pastor,

2221 4310 2326 4347 non
2356 4292 2751 4353 mercenarius;
2783 4300 2983 4353 rector,
3009 4305 3113 4343 non
3145 4289 3467 4349 subversor;
3498 4286 3607 4349 lux,
3637 4292 3808 4339 etnon

2221 4384 2487 4443 tenebrat;
2521 4380 2711 4433 civitas
2735 4381 2886 4432 lirma
2914 4378 3016 4431 ﬁde
3040 4385 3273 4439 murata,
3308 4391 3415 4430 non
3457 4360 3646 4430 domus
3688 4375 3807 4444 plu-

524 4484 583 4528 ut
613 4476 727 4529 haec
754 4472 961 4528 faciens
1005 4481 1193 4542 regnet
1236 4489 1357 4528 cum
1385 4474 1621 4529 Christo.
1665 4474 1988 4543 Redemptio
2012 4476 2112 4547 viri
2151 4472 2323 4568 l)viis
2377 4469 2585 4532 diruta;
2641 4467 2795 4522 miles
2845 4466 3046 4521 Christi
3102 4466 3395 4537 gloriosus,
3430 4481 3534 4520 non
3565 4474 3809 4536 apostata

523 4566 756 4635 proprire
785 4564 985 4618 divitia:
1010 4562 1191 4634 (Prov.
1223 4582 1341 4628 xm,
1374 4565 1448 4633 8).
1501 4564 1556 4618 Si
1587 4581 1778 4618 aurum
1805 4566 2112 4637 diligamus,

524 4655 915 4724 przetnittamus
954 4656 1109 4709 nobis
1146 4656 1198 4708 in
1240 4656 1458 4717 ccelum,
1485 4655 1575 4709 ubi
1605 4656 1913 4710 servabitur
1936 4658 2113 4721 nobis,

595 4817 620 4881 ξ
648 4803 1282 4881 Wilhelmuslllalmesb.
1313 4807 1408 4881 lot.
1438 4808 1551 4881 (ξίι.9
1591 4822 1713 4881 pag.
1745 4807 1902 4881 1673‘,
1934 4811 2030 4873 ait,
2059 4814 2115 4866 in

524 4875 672 4930 calce
718 4875 877 4940 hujus
918 4876 1159 4943 epistola:
1206 4877 1274 4929 ab
1317 4876 1547 4929 Alcuino
1589 4876 1769 4929 addita
1820 4877 1982 4932 fuisse
2025 4894 2114 4937 se-

521 4945 775 5015 quentia:
804 4966 819 4993 σ
850 4943 982 4998 Cum
1016 4946 1248 5000 domnus
1284 4955 1467 5001 noster
1494 4961 1585 4999 rex
1612 4945 1841 5002 Carolus
1868 4949 2115 5006 hostibus

523 5032 620 5085 per
645 5016 1072 5070 misericordiam
1102 5015 1193 5070 Dei
1224 5018 1451 5071 subditis
1479 5018 1695 5071 domum
1725 5029 2108 5083 reverteretur,

524 5096 638 5143 nos.
688 5086 795 5140 Deo
831 5086 1073 5154 juvante,
1104 5087 1169 5140 ad
1205 5104 1329 5142 cum
1364 5091 1548 5144 venire
1572 5088 1935 5157 disponimus;
1984 5099 2039 5143 et
2067 5093 2111 5146 si

521 5158 649 5225 quid
696 5166 821 5211 tunc
863 5158 945 5211 vel
986 5158 1051 5210 de
1094 5159 1276 5225 pueris
1316 5160 1408 5226 qui
1454 5161 1505 5212 in
1552 5161 1920 5227 captivitatem
1964 5164 2109 5216 ducti

523 5234 647 5295 sunt
692 5242 720 5280 a
764 5228 1017 5295 paganis,
1060 5228 1143 5279 vel
1182 5229 1247 5281 de
1290 5230 1411 5281 aliis
1453 5230 1867 5283 necessitatibus
1910 5234 2111 5287 nostris

524 5294 641 5419 βξ,
676 5294 892 5367 νεείτίς]
934 5297 1197 5363 proiicere
1236 5300 1554 5418 poterimus,
1592 5301 1879 5370 diligentes
1921 5305 1986 5355 ad
2030 5302 2110 5357 ef.

547 5377 723 5419 ectum
764 5379 1063 5419 nroaucere
1102 5382 1230 5418 cura
1276 5384 1432 5419 imus.
1467 5390 1484 5419 ι

547 5377 723 5420 ectum
764 5379 1063 5433 DFO‘JUCCI‘C
1102 5377 1432 5422 CUI‘ﬂDImUS.
1467 5390 1484 5419 ι

598 5438 622 5474 b
649 5436 786 5511 Edit.
804 5435 1053 5511 Quer_ce_t_.
1080 5436 1169 5511 28.
1188 5435 1368 5511 Canis.
1402 5440 1421 5491 1
1449 5439 1703 5507 (Froben.
1724 5442 1798 5511 9);
1825 5444 2106 5500 emendata

523 5524 586 5562 ex
615 5508 734 5561 cod.
770 5522 898 5561 mss.
934 5506 1327 5577 Salisburgensi
1366 5518 1421 5563 et
1452 5511 1508 5561 S.
1544 5506 1890 5565 Emmerami.

595 5589 617 5612 ε
655 5577 813 5631 Varie
858 5585 1032 5632 mutat
1056 5578 1157 5632 hoc
1186 5594 1381 5633 nomen
1427 5579 1736 5635 .Edillzardi
1761 5599 1778 5645 ;
1806 5582 1940 5638 alias
1961 5586 2105 5639 enim

525 5647 1099 5718 scriptuminvenitur:
1130 5648 1484 5715 Edelhardus,
1515 5650 1883 5718 Ethilhardus,
1914 5655 2133 5709 Adelar-

524 5717 649 5799 (ius.
680 5717 1051 5799 Athitltardus,
1093 5720 1463 5799 Athelhardits.
1508 5717 2107 5799 Fuit_archiepi§copus

528 5786 967 5853 Dorovernensis,
984 5790 1188 5844 elecms
1202 5808 1341 5846 anno
1358 5793 1450 5847 ’791
1466 5802 1623 5861 ,testc
1635 5786 1889 5851 Simeone
1906 5786 2100 5850 Dunel-

2220 4560 2371 4627 vilis;
2404 4560 2745 4630 prmdicator,
2779 4568 2833 4613 et
2861 4574 2965 4612 non
3006 4558 3271 4612 adulator.
3307 4558 3495 4612 Melius
3519 4567 3603 4613 est
3640 4558 3808 4611 Deum

2223 4655 2433 4718 timere,
2487 4669 2646 4723 quam
2704 4653 3017 4718 hominem;
3058 4652 3178 4721 plus
3216 4652 3327 4705 Deo
3369 4651 3606 4719 placere,
3646 4666 3805 4720 quam

2218 4809 2389 4861 mensi
2408 4806 2544 4875 apud
2568 4805 2693 4874 Pagi
2718 4805 2773 4860 b.
2796 4820 2869 4866 a.,
2886 4822 2939 4858 n.
2962 4805 3045 4875 ll.
3072 4804 3264 4875 Exstat
3285 4802 3400 4871 ejus
3424 4805 3625 4859 mentio
3648 4804 3699 4856 in
3724 4801 3808 4856 ln-

2217 4877 2343 4943 gnlﬁ
2374 4874 2611 4930 Historia
2643 4885 2699 4928 et
2720 4876 2961 4942 epistolis
2993 4874 3198 4927 Kenulti
3227 4876 3369 4943 regis
3394 4875 3713 4943 Merciorum
3739 4885 3806 4925 au

2216 4942 2450 5001 Leonem
2475 4944 2537 4998 Ill
2578 4945 2884 5013 pontiﬁcem
2913 4962 3056 4999 max.
3084 4953 3140 4998 et
3166 4942 3364 5001 Leonis
3402 4946 3470 4999 ad
3493 4942 3804 5013 Kenulfnm,

2256 5033 2352 5069 uas
2382 5012 2669 5083 descripsn
2701 5016 3048 5071 continuatur
3097 5015 3253 5071 Beda:
3295 5016 3388 5071 lib.
3420 5031 3461 5077 ι,
3513 5027 3633 5083 cap.
3666 5012 3733 5066 12
3751 5024 3805 5067 et

2256 5033 2352 5069 uas
2382 5028 2669 5083 uescrIpStt
2701 5028 3048 5071 contmnator
3097 5028 3253 5071 neme
3295 5028 3388 5071 tm.
3420 5031 3461 5077 ι,
3513 5028 3575 5066 ca
3621 5052 3633 5065 .
3666 5028 3733 5066 12
3751 5028 3803 5067 et

2250 5088 2301 5141 5.
2336 5086 2603 5141 (ἓλκιδιυε.
2628 5117 2699 5126 -
2722 5085 3063 5141 Mabillonius
3085 5086 3179 5141 lib.
3216 5102 3318 5140 xxv
3354 5083 3549 5138 Annal.
3581 5028 3803 5145 EEIICIL,

2214 5173 2266 5210 η.
2311 5159 2378 5213 84
2410 5200 2422 5222 ,
2466 5174 2520 5227 p.
2566 5158 2693 5220 9t”,
2740 5154 3116 5212 Edilhardum
3154 5164 3312 5227 vocat
3364 5156 3531 5227 virum
3589 5170 3806 5227 suntm/1

2210 5223 2502 5282 sanctitatis
2546 5238 2593 5281 et
2641 5228 2909 5297 sapientiae
2938 5270 2952 5294 ,
2984 5230 3074 5299 qui
3104 5226 3371 5299 quondam
3428 5223 3809 5299 alibas___fiterit

2212 5294 2742 5361 lllalmesburiensis'.
2801 5294 3017 5368 postea'
3050 5294 3229 5352 autem
3262 5296 3545 5368 episcopus
3586 5294 3804 5368 Wintov

2212 5371 2527 5441 niensis,ac
2578 5364 2952 5441 demum'post
2992 5370 3275 5441 decessum
3308 5364 3569 5441 Jamberti
3603 5366 3807 5441 electu:

2210 5440 2651 5509 archiepiscopus
2717 5434 3170 5509 Cantuariensis,
3212 5436 3313 5509 (Et;
3373 5435 3650 5509 ρει-κωηῄ
3700 5434 3799 5509 tot.

2212 5504 2771 5633 1642,4e‘tWilhelmo
2799 5510 3077 5566 Malmesh.
3112 5507 3203 5561 lib.
3223 5504 3249 5562 Vt
3271 5507 3334 5562 de
3364 5505 3591 5579 Regibus
3616 5504 3800 5575 Angl..

2212 5598 2327 5633 can.
2407 5620 2419 5633 .

2208 5598 2269 5635 ca
2314 5620 2327 5631 .
2370 5582 2419 5633 4.

2275 5598 2307 5691 Β
2335 5580 2712 5708 Αηὲεεεεεονεε.
2738 5653 2939 5721 Omnes
2954 5649 3345 5721 sanctissimos,
3360 5648 3728 5721 Augustinum
3747 5651 3803 5699 et

2207 5723 2362 5783 alios,
2391 5723 2467 5777 ait
2502 5724 2821 5779 Wilhelmus
2866 5720 3144 5773 Malmesl).
3181 5722 3273 5775 lib.
3309 5738 3321 5774 I
3354 5720 3429 5775 De
3458 5716 3627 5786 gestis
3661 5728 3799 5783 pon-

2211 5793 2290 5847 ttf.
2326 5794 2505 5866 Angl.,
2542 5797 2631 5848 ubi
2661 5806 3002 5849 successores
3041 5793 3177 5845 vide.
3211 5792 3479 5846 CAMSWS.
