4206 6202
316 362 419 421 153

1750 348 2108 407 ΕΡΙΒΤΟΙΑΕ
2119 388 2131 401 .

3488 344 3585 399 151

313 476 527 534 homini
553 474 808 530 blandiri.
852 473 989 540 Quid
1019 483 1101 528 est
1123 472 1385 535 adulator,
1420 471 1522 525 nisi
1548 469 1774 525 blandus
1802 467 1903 520 ini—
1930 473 1977 526 Δ
2006 467 2166 519 ritate
2195 479 2208 516 :
2250 463 2365 519 Sint
2396 464 2558 518 lumbi
2582 474 2735 518 vestri
2763 473 3031 533 prmcmcti
3066 473 3113 515 et
3148 475 3375 515 mcerna:
3403 464 3594 515 arden-

311 566 529 622 micus?
550 564 756 626 Ambos
780 564 972 633 perdit,
1008 579 1064 617 se
1102 564 1278 633 ipsum
1308 570 1362 616 et
1394 576 1551 615 suum
1580 552 1899 614 auditorem.

310 656 402 710 isti
462 661 610 717 sunt,
660 654 750 723 qui
798 661 1051 705 consuunt
1102 648 1346 720 pulvillos
1402 650 1496 703 sub
1548 647 1689 700 omni
1728 645 1905 717 cubitu

338 746 541 800 Ezech.
568 760 694 809 xui,
718 745 824 813 l8),
871 750 924 796 et
962 756 1097 823 oves
1124 740 1322 794 Christi
1369 738 1639 794 morbidas
1680 736 1902 796 faciunt,

311 852 422 891 tiOﬂ
458 843 699 889 sanatas.

394 926 507 999 14
532 927 751 995 Virgam
784 924 1036 993 accepisti
1060 923 1383 994 pastoralem
1412 931 1465 976 et
1500 921 1754 976 baculum
1780 934 1908 973 con—
1940 926 1943 929 '

318 1019 607 1075 solationis
657 1016 951 1071 fraternas:
995 1016 1141 1069 illam
1177 1016 1245 1069 ad
1287 1015 1602 1083 regendum,
1632 1014 1794 1066 istum
1843 1009 1911 1063 ad

319 1109 735 1168 consolandum.
785 1108 854 1163 Ut
892 1114 1183 1162 mcerentes
1224 1105 1647 1160 consolationem
1679 1101 1913 1156 habeant

324 1200 379 1259 in
420 1210 499 1263 te,
545 1207 600 1255 et
634 1208 980 1254 contumaces
1010 1197 1402 1251 correctionem
1434 1195 1669 1248 sentiant
1692 1204 1789 1261 per
1836 1198 1909 1244 te.

322 1286 579 1348 Potestas
599 1288 799 1357 judicis
850 1295 950 1349 est,
983 1286 1262 1349 occidere;
1293 1295 1383 1351 tua
1414 1297 1563 1347 vero,
1615 1282 1910 1335 viviﬁcare.

321 1378 467 1448 Quid
502 1381 662 1435 times
701 1378 973 1433 hominem
1018 1385 1242 1446 propter
1276 1375 1530 1445 gladium,
1562 1374 1654 1443 qui
1707 1372 1914 1425 clavem

324 1473 482 1542 regni
536 1470 790 1540 accepisti
820 1485 851 1522 a
878 1468 1127 1523 Christo?
1157 1465 1461 1521 Recordare
1500 1472 1699 1533 quanta
1725 1474 1916 1531 passus

322 1575 409 1622 est
434 1566 531 1619 ille
557 1579 658 1633 pro
683 1571 754 1627 te,
777 1570 959 1617 etnon
988 1569 1194 1614 metuas
1229 1558 1373 1626 loqui
1410 1572 1507 1627 pro
1540 1555 1651 1610 illo.
1683 1554 1775 1607 llle
1817 1566 1917 1621 pro

327 1666 420 1711 tuo
461 1670 650 1709 amore
698 1653 862 1707 clavis
911 1652 1153 1706 conlixus
1191 1649 1445 1718 pependit
1472 1648 1523 1701 in
1556 1658 1737 1709 cruce,
1780 1652 1836 1698 et
1861 1652 1917 1697 tu

326 1747 526 1801 sedens
572 1744 627 1798 in
670 1732 799 1797 sella
840 1743 1116 1810 dignitatis
1156 1749 1259 1793 tua:
1289 1740 1356 1793 ob
1389 1740 1636 1792 timorem
1685 1735 1919 1791 hominis

2006 556 2166 609 resin
2195 555 2435 609 manibus
2463 554 2643 608 vestris
2666 551 2818 623 (Luc.
2848 568 2952 615 xu,
2983 551 3094 621 55).
3114 549 3171 604 ln
3200 550 3399 604 lumbis
3433 551 3595 605 casti-

2008 645 2135 699 tatis
2161 646 2442 711 sanctitas,
2480 646 2532 697 in
2562 644 2797 698 lucernis
2836 644 3236 712 praedicationis
3264 641 3480 697 claritas
3503 643 3593 698 do—

1962 746 1967 754 ‘
2010 737 2277 805 signatur.

2081 824 2286 878 Memor
2322 832 2440 878 esto
2487 824 2630 891 quod
2680 821 2933 877 sacerdos
2968 821 3188 891 angelus
3241 821 3447 875 Domini
3499 820 3594 875 Dei

2010 923 2093 968 est
2118 914 2337 979 excelsi,
2389 922 2444 967 et
2470 914 2553 965 lex
2597 921 2783 967 sancta
2822 927 2888 965 ex
2939 926 3033 966 ore
3082 910 3199 978 ejus
3253 911 3595 980 requirenda,

2006 1006 2160 1074 juxta
2180 1006 2322 1074 quod
2342 1005 2393 1058 in
2424 1004 2688 1058 Malachia
2712 1004 2975 1073 propheta
3006 1004 3090 1072 (ιι,
3117 1003 3169 1072 7)
3198 1003 3444 1074 legimus.
3475 1003 3601 1073 Spe-

2014 1094 2220 1148 culator
2239 1108 2454 1163 quoque
2476 1101 2559 1147 est
2582 1094 2634 1145 in
2663 1092 3032 1146 excelsissimo
3056 1093 3263 1161 positus
3288 1093 3423 1145 loco.
3450 1092 3601 1146 Unde

2012 1193 2069 1238 et
2116 1186 2403 1254 episcopus
2452 1184 2667 1247 dicitur,
2724 1185 2877 1251 quasi
2930 1183 3233 1251 speculator
3269 1180 3421 1253 [Cod.
3457 1180 3599 1245 Sal.,

2015 1272 2533 1343 superspeculator],
2558 1274 2648 1341 qui
2675 1273 2821 1326 omni
2844 1272 3104 1326 exercitui
3130 1272 3327 1327 Christi
3353 1273 3602 1341 prudenti

2017 1364 2242 1419 consilio
2264 1362 2547 1433 providere
2576 1363 2757 1426 debet,
2789 1362 2919 1430 quid
2946 1362 3243 1415 cavendum
3278 1362 3366 1423 sit,
3409 1360 3604 1429 quidve

2018 1455 2303 1527 agendum.
2362 1454 2453 1508 Isti
2510 1462 2653 1516 sunt,
2706 1452 2760 1506 id
2814 1460 2898 1506 est
2928 1452 3267 1515 sacerdotes,
3318 1450 3602 1504 luminaria

2020 1552 2220 1599 sanctae
2250 1544 2341 1596 Dei
2365 1542 2639 1605 Ecclesiae,
2671 1542 2924 1595 doctores
2951 1540 3129 1610 gregis
3151 1538 3374 1593 Christi.
3416 1538 3506 1593 lsti
3550 1540 3605 1592 in

2019 1636 2193 1705 prima
2225 1633 2339 1688 acie
2367 1631 2618 1689 vexillum
2640 1638 2841 1685 sancta:
2869 1630 3047 1683 crucis
3068 1644 3173 1683 non
3205 1630 3443 1698 segniter
3473 1627 3604 1683 sul)—

2021 1729 2203 1781 levare
2242 1724 2458 1787 debent,
2489 1730 2545 1777 et
2578 1721 2648 1775 ad
2686 1736 2901 1775 omnem
2930 1720 3187 1788 impetum
3212 1719 3425 1773 hostilis
3451 1732 3608 1772 exer—
3654 1746 3657 1749 λ

328 1836 601 1892 tacueris?
632 1834 747 1889 Non
798 1807 1109 1898 ita,vl‘rater,
1140 1846 1246 1885 non
1275 1831 1370 1883 ita.
1408 1828 1512 1882 Sed
1540 1829 1679 1882 sicut
1705 1826 1795 1879 ille
1839 1825 1920 1878 di—
1950 1814 1995 1871 Β
2026 1817 2166 1871 citus
2210 1813 2460 1881 intrepidi
2490 1821 2653 1866 stare.
2684 1811 2748 1865 lii
2789 1818 2915 1865 sunt
2963 1810 3054 1877 qui
3103 1807 3323 1873 talenta,
3353 1810 3608 1863 redeunte

326 1926 463 1982 luxit
500 1934 572 1990 te,
610 1926 685 1979 ita
718 1925 878 1991 dilige
920 1930 974 1977 et
1024 1922 1191 1976 illum.
1239 1920 1339 1985 Qui
1372 1919 1492 1988 plus
1538 1917 1767 1979 laborat,
1799 1914 1920 1983 plus

330 2015 604 2070 mercedis
629 2014 874 2083 accipiet.
904 2011 961 2065 Si
983 2011 1409 2081 persecutionem
1432 2008 1655 2079 patieris
1701 2014 1922 2075 propter

328 2106 561 2159 verbum
614 2104 743 2177 Dei,
783 2102 911 2171 quid
958 2101 1201 2155 beatius?
1246 2100 1366 2170 Ipso
1411 2087 1637 2153 Domino
1665 2098 1918 2151 dicente:

331 2194 482 2247 Beati
509 2194 600 2264 qui
640 2192 1044 2263 persecutionem
1093 2188 1365 2260 patiuntur
1404 2197 1615 2259 propter
1635 2186 1921 2255 justitiam,

330 2283 589 2351 quoniam
612 2283 845 2351 ipsorum
872 2292 945 2333 est
978 2297 1191 2349 regnum
1215 2278 1461 2333 calorum
1492 2275 1705 2350 (Matth.
1735 2294 1786 2339 v,
1813 2278 1922 2347 10).

332 2373 449 2428 Et:
490 2372 648 2425 Ibant
703 2372 923 2442 apostoli
966 2370 1246 2439 gaudentes
1295 2388 1327 2422 a
1375 2378 1648 2438 conspectu
1697 2368 1923 2431 concilii,

330 2463 587 2532 quoniam
612 2459 755 2530 digni
776 2461 939 2513 habiti
958 2469 1078 2513 sunt
1102 2458 1443 2513 contumelias
1463 2459 1571 2528 pati
1594 2474 1688 2527 pro
1721 2459 1929 2511 nomine

331 2553 465 2606 Jesu
492 2551 631 2622 (Act.
658 2566 712 2616 ν,
733 2550 846 2617 41).
885 2551 989 2603 Et:
1034 2551 1158 2605 Non
1185 2560 1307 2603 sunt
1347 2551 1620 2619 condigna:
1663 2550 1929 2618 passiones
1980 2590 1985 2593 λ

332 2645 501 2714 hujus
526 2644 770 2713 temporis
809 2643 877 2697 ad
917 2652 1340 2713 superventuram
1369 2643 1613 2712 gloriam,
1639 2658 1758 2712 quae
1786 2646 1928 2695 reve-

334 2736 541 2789 labitur
588 2738 645 2789 in
670 2736 813 2789 nobis
846 2734 1022 2805 (Rom.
1071 2750 1190 2798 VIII,
1232 2734 1340 2804 18).
1375 2734 1431 2787 Si
1461 2733 1790 2802 corripueris
1841 2734 1931 2786 de-

336 2825 679 2894 linquentem
708 2835 762 2880 et
800 2826 867 2879 ad
912 2836 1059 2879 tuam
1099 2826 1521 2896 increpationem
1566 2825 1802 2893 corriget
1851 2840 1929 2890 se,

337 2917 505 2970 etiam
532 2915 687 2987 [ϐοά.
720 2914 861 2979 Sul.,
890 2915 1038 2987 ecce]
1067 2917 1162 2970 tibi
1201 2925 1286 2970 est
1322 2930 1528 2970 merces
1554 2916 1696 2986 apud
1739 2915 1928 2978 Deum,

335 3013 404 3060 et-
443 3006 549 3060 sibi
577 3005 681 3059 erit
729 3005 874 3059 salus
900 3020 931 3058 a
959 2990 1100 3070 Deo;
1129 3006 1172 3060 si
1210 3013 1357 3059 tuam
1382 3007 1559 3061 oderit
1610 3006 1933 3074 increpatio-

340 3111 471 3151 nem
509 3095 715 3167 [Canis.
742 3106 789 3170 et
817 3094 945 3150 Cod.
982 3094 1120 3161 Sal.,
1153 3096 1197 3149 si
1225 3103 1277 3149 te
1305 3096 1480 3150 oderit
1511 3092 1928 3165 increpantem],

339 3185 419 3240 illi
448 3194 533 3240 est
552 3185 845 3251 damnatio,
863 3194 918 3240 et
940 3186 1034 3240 tibi
1062 3186 1356 3241 beatitudo.

412 3274 549 3330 Esto
577 3275 807 3330 miseris
830 3276 1149 3341 consolator,
1179 3276 1507 3347 pauperibus
1544 3284 1721 3347 pater,
1747 3276 1926 3330 omni-

343 3369 451 3423 bus
465 3366 718 3431 affabilis,
735 3366 904 3421 donec
926 3367 1188 3436 intelligas
1200 3360 1331 3436 quid
1352 3368 1544 3437 cuique
1565 3368 1925 3438 respondeas;

343 3466 402 3513 et
434 3472 655 3529 semper
702 3466 791 3512 tua
820 3460 1101 3527 responsio
1139 3459 1250 3512 sale
1284 3460 1355 3512 sit
1385 3461 1661 3529 sapientiae
1688 3461 1923 3516 condita-

344 3565 455 3604 non
503 3550 816 3615 temeraria,
853 3551 947 3604 sed
986 3551 1243 3616 honesta;
1272 3566 1379 3606 non
1405 3552 1654 3617 verbosa,
1692 3553 1787 3607 sed
1815 3568 1919 3607 mo-

344 3640 522 3695 desta.
551 3639 672 3694 Sint
711 3642 805 3696 tibi
831 3657 1011 3697 mores
1044 3643 1376 3697 humanitate
1402 3643 1673 3713 praeclari,
1718 3644 1905 3698 humili

346 3738 458 3786 tate
487 3730 804 3794 laudabiles,
831 3733 1031 3801 pietate
1058 3733 1343 3800 amabiles;
1373 3742 1431 3787 ut
1459 3748 1566 3788 non
1595 3734 1769 3788 solum
1812 3749 1907 3788 ver

345 3821 453 3886 bis,
480 3820 577 3875 sed
606 3820 866 3889 exemplis
884 3824 1101 3877 erudias
1139 3831 1315 3878 tecum
1337 3825 1600 3889 viventes,
1639 3822 1723 3877 vel
1768 3824 1835 3878 ad
1878 3832 1935 3879 te

346 3912 647 3967 venientes.
708 3909 789 3965 Sit
849 3919 937 3964 tua
998 3927 1188 3967 manus
1239 3914 1384 3985 larga
1443 3914 1496 3967 in
1553 3914 1930 3985 eieemosynis,

345 4012 597 4074 prompta
626 4003 679 4057 in
720 4003 1009 4067 reddendo,
1038 4012 1093 4058 et
1125 4014 1282 4059 cauta
1317 4006 1371 4059 in
1406 4007 1737 4074 accipiendo.
1783 4006 1930 4060 Prae-

347 4110 480 4163 para
514 4094 609 4149 tibi
660 4094 971 4149 thesaurum
1021 4095 1075 4148 in
1114 4094 1427 4165 c:1|is(Act.
1460 4112 1551 4160 xx,
1578 4092 1932 4167 55).Diviti:e

347 4186 450 4240 viri
507 4185 807 4257 redemptio
837 4184 968 4259 [Al.,
1026 4186 1372 4260 depraedatio]
1404 4196 1486 4243 est
1522 4190 1714 4242 animae
1768 4189 1927 4252 illius,

348 4276 475 4343 quia
501 4276 703 4359 beatius
726 4286 802 4331 est
826 4278 993 4348 magis
1036 4277 1164 4331 dare
1187 4294 1341 4347 quam
1372 4279 1604 4349 accipere
1647 4278 1927 4349 (Luc.'xu,

346 4364 460 4435 33).
485 4365 792 4420 Invenimus
815 4384 977 4421 unam
1009 4370 1355 4439 margaritam
1392 4372 1713 4439 pretiosam;
1744 4373 1930 4426 demus

2021 1906 2170 1976 Rege
2208 1910 2395 1958 nostro
2437 1901 2548 1954 Deo
2590 1899 2806 1955 Christo
2835 1913 2956 1952 cum
3009 1898 3281 1966 triumpho
3305 1898 3489 1967 gloriae
3540 1898 3609 1952 ad

2023 2004 2305 2065 paternam
2349 1995 2550 2057 sedem,
2603 2000 2954 2060 acceperunt;
2997 1998 3051 2044 et
3078 1978 3375 2044 reveuienti
3420 1991 3609 2044 eodem

2025 2073 2220 2153 magno
2246 2082 2421 2135 Iudici
2466 2082 2519 2134 in
2558 2082 2645 2135 die
2667 2080 2851 2133 ultima
2882 2078 3037 2150 (Cod.
3070 2077 3208 2143 Sal.,
3236 2078 3460 2149 ultimm]
3506 2079 3612 2133 dls«

2024 2174 2284 2230 cretionis
2315 2174 2577 2227 rationem
2625 2173 2885 2226 reddituri
2913 2180 3059 2235 sunt,
3090 2178 3352 2240 quantum
3378 2170 3607 2240 quisque

2026 2287 2092 2340 ex
2122 2266 2521 2340 praedicationis
2551 2265 2737 2320 labore
2760 2264 3001 2318 lucratus
3028 2271 3173 2317 esset
3200 2264 3253 2316 in
3293 2261 3467 2317 ollicio
3516 2276 3614 2317 suo

2031 2334 2246 2430 (illan/1.
2271 2357 2419 2425 xxv).
2444 2355 2781 2423 Quapropter
2807 2354 3057 2423 teipsum,
3083 2352 3399 2406 charissime
3425 2350 3611 2413 frater,

2031 2451 2281 2503 idoneum
2328 2462 2569 2516 praepara
2624 2445 2945 2499 ministrum
2985 2444 3252 2497 sermonis
3298 2443 3413 2496 Dei.
3466 2443 3616 2495 Alios

2031 2554 2244 2608 quoque
2281 2535 2696 2592 consacerdotes
2744 2542 2868 2588 tuos
2915 2532 3144 2586 admone
3185 2530 3614 2600 diligentissime,

2030 2631 2085 2684 in
2124 2630 2288 2683 verbo
2330 2628 2452 2681 vita:
2497 2640 2620 2680 cum
2652 2624 2797 2679 omni
2830 2622 3088 2677 instantia
3123 2621 3398 2684 laborare;
3429 2628 3619 2688 quate-

2031 2738 2133 2776 nus
2156 2719 2323 2792 [cum]
2353 2719 2633 2787 multiplici
2663 2716 3041 2788 negotiationis
3066 2715 3216 2769 lucro
3240 2722 3362 2768 ante
3390 2727 3617 2782 conspe-

2034 2822 2179 2868 ctum
2206 2812 2393 2867 aeterni
2416 2810 2622 2864 iudicis
2636 2810 2854 2880 gloriosi
2880 2816 3192 2877 appareant.
3218 2806 3399 2859 Estote
3424 2804 3618 2858 unani-

2033 2922 2149 2961 mes
2179 2906 2229 2959 in
2250 2904 2395 2958 omni
2424 2902 2650 2957 consilio
2674 2901 2912 2971 pietatis,
2943 2908 2995 2954 et
3039 2906 3349 2953 constantes
3386 2896 3438 2949 in
3471 2910 3619 2949 omni

2028 2996 2232 3066 judicio
2283 2994 2572 3065 :equitatis.
2606 2991 2795 3045 Nullus
2849 2989 3004 3063 [Cod.
3068 2988 3208 3051 Sal.,
3271 2985 3487 3058 nullius]
3526 3001 3621 3041 vos

2037 3089 2288 3141 humana:
2329 3085 2609 3155 dignitatis
2636 3091 2813 3138 terror
2852 3088 3087 3151 separet,
3124 3079 3268 3133 nulla
3299 3078 3622 3133 adulationis

1954 3161 2004 3224 ο
2034 3176 2403 3233 blandimenta
2432 3176 2707 3241 dividant;
2738 3174 2831 3228 sed
2850 3173 3005 3242 quasi
3033 3172 3179 3227 acies
3197 3179 3500 3225 castrorum
3528 3170 3622 3223 Det

2033 3267 2343 3321 ﬁrmissima
2382 3266 2589 3319 unitate
2612 3279 2706 3317 vos
2731 3263 3057 3333 conjungite.
3088 3260 3177 3315 Sic
3226 3262 3440 3315 tandem
3488 3275 3622 3314 con-

2031 3358 2214 3413 cordia
2236 3366 2415 3411 vestra
2436 3353 2695 3410 terribilis
2714 3361 2941 3423 apparet
2962 3352 3126 3411 omni,
3155 3352 3245 3420 qui
3269 3351 3381 3403 vult
3403 3350 3615 3404 veritati

2034 3448 2424 3512 contradicere,
2459 3446 2746 3501 Salomone
2774 3444 2988 3499 dicente
3020 3462 3032 3495 ε
3064 3440 3258 3495 Frater
3284 3442 3329 3494 si
3373 3458 3405 3493 a
3461 3440 3624 3509 fratre

2034 3539 2338 3608 adjuvatur,
2371 3538 2551 3590 civitas
2577 3537 2733 3605 ﬁrma
2763 3544 2837 3589 est
2873 3534 3055 3605 (Prov.
3084 3550 3237 3597 xvm,
3266 3533 3373 3603 19).
3484 3522 3485 3525 “

2110 3658 2211 3728 15
2243 3658 2351 3713 Vos
2377 3658 2527 3719 estis,
2561 3656 2781 3721 dicente
2804 3653 3067 3716 Veritate,
3099 3630 3189 3704 lux
3214 3650 3380 3704 totius
3406 3628 3623 3702 Britan-
3681 3677 3686 3683 η

2034 3755 2137 3810 nise
2181 3752 2333 3823 (Cod.
2362 3751 2503 3817 Sal.,
2536 3751 2680 3805 illius
2707 3748 2999 3817 provincia:
3029 3742 3250 3813 nostrce)
3278 3784 3290 3807 ,
3320 3740 3398 3795 sal
3429 3750 3616 3805 terrae,

2035 3848 2228 3902 civitas
2259 3860 2422 3916 super
2461 3851 2697 3898 montem
2734 3839 2927 3909 posita,
2954 3838 3171 3891 lucerna
3216 3848 3378 3902 super
3422 3832 3622 3885 cande-

2036 3934 2249 3987 labrum
2283 3931 2491 3985 elevata
2540 3927 2755 3999 (Matth.
2788 3942 2862 3990 v,~
2888 3925 2975 3989 15,
3008 3922 3093 3986 14,
3130 3921 3241 3989 15).
3292 3920 3425 3974 Item
3464 3918 3623 3973 beato

2033 4023 2276 4091 principe
2330 4019 2698 4090 apostolorum
2750 4024 3083 4071 attestante:
3140 4013 3248 4069 Vos
3285 4012 3418 4067 estis
3461 4027 3622 4079 genus

2032 4113 2273 4174 electum,
2307 4109 2479 4178 regale
2520 4108 2892 4161 sacerdotium.
2947 4105 3052 4157 Per
3087 4112 3283 4156 vestra:
3328 4115 3457 4153 vero
3486 4114 3626 4167 prse-

2034 4202 2319 4257 dicationis
2333 4199 2644 4255 instantiam
2663 4213 2760 4251 nos
2776 4197 2994 4255 erimus,
3014 4194 3155 4263 quod
3178 4193 3230 4246 in
3246 4192 3432 4247 eadem
3449 4191 3627 4261 sequi—

2034 4302 2124 4348 tur
2139 4292 2377 4363 Epistola
2404 4306 2418 4343 :
2441 4288 2577 4345 Gens
2606 4298 2807 4351 sancta,
2830 4285 3051 4357 populus
3076 4283 3435 4355 acquisitionis
3456 4300 3473 4335 :
3497 4296 3626 4351 qua-

2036 4394 2193 4439 tenus
2215 4399 2312 4452 per
2339 4397 2433 4437 vos
2459 4382 2635 4435 virtus
2666 4379 3016 4433 annuntietur
3047 4377 3209 4440 illius,
3252 4375 3343 4443 qui
3395 4390 3490 4427 nos
3519 4389 3625 4427 om-

347 4454 549 4563 (Ξξξξηίῗν
586 4468 707 4555 QE”?
742 4456 1021 4563 habcmgsr
1047 4467 1102 4558 ξπ
1122 4475 1366 4515 emamlls
1392 4462 1533 4514 illam
1568 4461 1783 4533 (Mdu/I-
1810 4480 1926 4528 Χιιι,
1964 4506 2011 4563 D
2037 4490 2122 4528 nes
2146 4474 2209 4525 de
2234 4472 2456 4524 tenebris
2481 4471 2677 4522 vocarit
2698 4470 2752 4520 in
2781 4466 3092 4520 admirabile
3123 4466 3297 4519 lumen
3323 4479 3495 4517 suum.
3524 4461 3626 4526 Qui

346 4544 458 4615 ιθ).
498 4543 683 4601 Lectio
721 4554 919 4600 sancta:
946 4545 1241 4617 Scriptura:
1269 4552 1464 4619 saepius
1493 4554 1601 4606 tuis
1628 4557 1929 4622 reperiatur

349 4635 404 4690 in
440 4635 712 4699 manibus,
740 4644 799 4691 ut
830 4653 898 4692 ex
928 4638 1018 4692 illa
1062 4647 1112 4693 te
1140 4647 1383 4695 saturare
1427 4650 1481 4696 et
1527 4642 1660 4698 alios
1707 4660 1928 4713 pascere

347 4725 547 4780 valeas.
582 4725 788 4796 Vigilia:
806 4737 862 4782 et
888 4730 1164 4807 orationes
1191 4732 1418 4788 assiduae
1442 4733 1549 4787 sint
1582 4733 1693 4788 tibi.
1727 4749 1793 4788 eo
1816 4751 1927 4789 ma-

348 4819 433 4888 gis
451 4834 558 4889 quo
574 4832 671 4888 pro
691 4825 802 4872 toto
831 4822 1029 4889 pepulo
1053 4819 1361 4889 Christiano
1391 4825 1722 4881 intercedere
1743 4826 1925 4881 debes.

350 4913 525 4970 Locus
547 4922 672 4969 tuus
706 4922 787 4968 est
812 4913 952 4968 inter
985 4913 1153 4970 Deum
1192 4926 1337 4974 stare
1364 4927 1419 4975 et
1442 4920 1707 4985 homines,
1748 4929 1808 4974 ut
1836 4921 1927 4975 Dei

350 5004 645 5076 legationes
671 5002 882 5060 deferas
908 5004 974 5059 ad
1007 5006 1281 5075 populum,
1310 5018 1365 5064 et
1392 5024 1490 5079 pro
1517 5010 1697 5079 populi
1730 5026 1921 5081 pecca-

354 5100 419 5152 tis
453 5096 759 5155 intercedas
783 5100 850 5153 ad
873 5099 1059 5153 Deum.
1084 5098 1191 5152 Far
1221 5108 1293 5164 te,
1327 5104 1443 5172 ejus
1471 5104 1704 5159 donante
1740 5103 1929 5174 gratia,

354 5188 574 5259 dignum
626 5190 696 5245 ab
729 5205 795 5245 eo
841 5190 1101 5245 exaudiri.
1144 5188 1312 5261 [Hzec]
1344 5193 1576 5263 dignitas
1617 5204 1699 5249 est
1726 5197 1778 5250 in
1813 5196 1935 5249 vitae

355 5282 604 5338 unitate
656 5290 710 5336 et
734 5284 1056 5352 praedicandi
1095 5282 1309 5345 fiducia,
1352 5283 1460 5351 ipsa
1493 5294 1782 5342 attestante
1832 5287 1933 5342 Ve-

427 5452 453 5481 ι
496 5438 924 5510 Ραςαιιὶκ-Ιεθεθ
971 5440 1297 5510 Gildamde
1347 5440 1555 5495 excidio
1605 5442 1927 5510 Britanniae;
1974 5450 1979 5453 ’

356 5507 1002 5579 etWilhélmsblalniesb.
1029 5511 1159 5565 lib.1
1187 5509 1314 5579 Reg.
1344 5510 1585 5579 Angl.,c.
1610 5510 1716 5565 l-t.
1748 5507 1931 5570 Ciuis;

272 5652 277 5657 ὓ
427 5582 453 5621 b
501 5577 1244 5657 flagellumﬁﬂastationem
1272 5577 1286 5579 ⁷
1314 5577 1610 5657 ῡίιιιριθιιιηΔ
1644 5598 1785 5657 anno
1804 5585 1933 5657 _793

356 5649 587 5720 ceptﬁm
615 5648 715 5707 abs
738 5650 903 5705 dubio
934 5648 1128 5720 innuit,
1158 5651 1224 5705 de
1254 5666 1356 5719 qua
1392 5650 1496 5704 vid.
1528 5652 1685 5720 epist.
1712 5653 1777 5706 ad
1804 5654 1957 5709 Lin--

356 5718 733 5778 dislarnenses.
762 5720 888 5775 inde
911 5718 1497 5792 corrigendus’Pagius.
1546 5718 1635 5791 qui
1661 5723 1799 5775 hanc
1823 5728 1932 5793 epi-

2034 4560 2455 4632 aliquando-non
2478 4557 2702 4628 papa/us
2746 4557 2857 4619 Dei,
2908 4572 3045 4609 nunc
3080 4564 3254 4608 autem
3282 4551 3503 4623 populus
3533 4550 3624 4605 Dei

2036 4652 2089 4723 (Ι
2122 4652 2267 4706 Petr.
2301 4667 2362 4715 ιι,
2393 4650 2447 4714 9,
2480 4648 2589 4719 10).

2105 4743 2293 4797 Patres
2316 4742 2498 4811 itaque
2520 4741 2710 4804 nostri,
2735 4741 2842 4795 Deo
2864 4741 3229 4810 dispensante,
3258 4738 3383 4792 licet
3411 4749 3433 4775 ι
3462 4753 3623 4806 paga—

2035 4835 2112 4898 ni,
2163 4835 2303 4889 hanc
2336 4833 2568 4904 patriam
2605 4832 2797 4887 bellica
2830 4832 3030 4886 virtute
3078 4830 3311 4899 primum
3367 4828 3622 4896 possede-

2038 4934 2182 4979 runt.
2235 4925 2405 4992 Quam
2458 4925 2661 4996 grande
2710 4924 2876 4993 igitur
2909 4920 3254 4997 Opprobrium
3305 4925 3386 4970 est
3436 4926 3495 4969 ut
3528 4932 3627 4970 nos

2038 5015 2333 5070 Christiani
2364 5015 2649 5084 perdamus
2680 5012 2820 5081 quod
2850 5011 2931 5065 illi
2968 5007 3625 5088 pagani'acquisivemut?

2040 5106 2154 5161 Iloc
2184 5108 2307 5161 dico
2326 5114 2545 5175 propter
2566 5106 2593 5145 δ
2616 5104 2881 5175 ﬂagellum
2905 5106 3049 5173 quod
3077 5117 3249 5171 nuper
3279 5099 3475 5156 accidit
3500 5114 3629 5169 par-

2039 5195 2183 5249 tibus
2204 5195 2389 5249 insulae
2414 5202 2634 5257 nostra),
2661 5208 2779 5261 quae
2808 5205 2828 5231 ε
2860 5209 3027 5262 prope
3058 5191 3315 5247 trecentis
3360 5191 3631 5260 quinqua-

2039 5286 2185 5355 ginta
2216 5284 2349 5357 [Αι.,
2402 5282 2795 5356 quadraginta]
2826 5285 2985 5337 annis
3011 5298 3043 5336 a
3068 5279 3385 5351 parentibus
3415 5279 3629 5334 inhabio

2042 5444 2236 5497 stolam
2263 5443 2479 5498 biennio
2502 5441 2655 5511 prius
2680 5450 2946 5498 recenset.

2116 5525 2137 5552 ο
2198 5514 2368 5581 Prope
2413 5506 2651 5566 trecentis
2708 5511 3085 5582 quinquaginta
3124 5508 3323 5582 annis;
3350 5506 3431 5582 ᾼι)
3484 5521 3628 5582 anno

2116 5532 2137 5552 υ
2198 5532 2368 5581 rrope
2413 5532 2651 5566 trecentis
2745 5532 3085 5582 utnquagima
3124 5532 3297 5561 annis.
3350 5532 3431 5560 nu
3484 5532 3626 5560 illul"

2041 5598 2233 5653 nempe
2274 5582 2413 5644 449,
2443 5597 2551 5654 quo
2596 5532 2753 5654 ΛυδέἹί
2807 5590 2862 5635 et
2908 5580 3155 5654 Saltones
3209 5578 3262 5654 in
3287 5575 3626 5654 Britanniam

2043 5647 2419 5709 adve'ntarunt.
2461 5647 2712 5718 'chtrs:
2734 5653 2771 5703 Ι.
2801 5669 2846 5704 c.
2876 5680 2947 5689 —-
2971 5648 3164 5719 Prope,
3216 5647 3312 5719 ait,
3345 5662 3449 5719 non
3482 5647 3625 5701 inte»

2041 5741 2156 5793 gre,
2198 5723 2435 5792 quinque
2460 5721 2602 5774 enim
2630 5716 2751 5774 anni
2777 5721 2842 5773 ab
2866 5735 2929 5773 eo
2956 5716 3182 5773 numero
3207 5716 3485 5772 deﬁciunt.
