4206 6208
525 340 623 397 155

1393 348 1453 401 Β.
1496 347 1557 402 F.
1599 345 1825 401 ALBINI
1867 346 1998 402 SEU
2038 345 2317 402 ALCUINI
2353 346 2638 402 OPERUM
2676 346 2855 402 PARS
2892 347 2932 401 1.

3700 354 3803 408 156

525 465 635 508 tata
682 462 766 508 est
791 454 1010 507 nostris.
1045 453 1265 522 Legitur
1289 454 1342 506 in
1381 454 1521 510 libro
1553 467 1579 494 ⁸
1606 454 1749 510 Gildi
1789 452 2108 508 Brettonum
2136 455 2184 514 Δ
2215 452 2326 509 Deo
2369 454 2588 511 Christo
2621 464 2860 526 pastore,
2885 467 2941 510 et
2990 457 3084 510 fiat
3112 458 3226 512 haec
3255 460 3431 530 patria
3473 463 3542 517 ab
3566 462 3660 517 illo
3683 462 3791 531 [ΑΙ.

525 545 680 616 (Cod.
710 543 826 600 Sal.
848 545 1192 618 Brcctonum]
1217 546 1626 614 sapientissimi,
1647 546 1791 615 quod
1818 545 1980 601 iidem
2006 544 2109 615 ipsi

527 635 806 690 Brettones
817 632 971 705 [Cod.
992 633 1429 708 Sal.Brectones]
1445 645 1665 706 propter
1683 637 1901 704 rapinas
1916 643 1970 689 et
1984 650 2110 688 ava-

525 726 705 779 ritiam
735 726 1034 795 principum
1052 768 1065 791 ,
1091 735 1312 796 propter
1337 728 1678 797 iniquitatem
1705 737 1761 782 et
1788 727 2109 792 iniustitiam

518 812 781 883 iudicum,
807 825 1032 885 propter
1050 816 1310 870 desidiam
1334 825 1389 871 et
1413 818 1690 886 pigritiam
1708 817 2110 887 prtedieationis

523 908 898 975 episcoporum
925 948 938 970 ,
972 917 1192 977 propter
1218 908 1484 963 luxuriam
1521 917 1576 962 et
1611 909 1784 963 malos
1817 923 1995 963 mores
2015 923 2111 977 po-
2143 903 2149 912 ’
2209 897 2218 904 ’

524 996 654 1066 puli,
705 997 936 1064 patriam
981 998 1352 1065 perdiderunt.
1401 997 1707 1054 Caveamus
1754 1001 1870 1054 [nec
1917 999 2106 1055 eadem

525 1088 724 1143 nOStris
764 1088 1095 1157 temporibus
1121 1090 1250 1142 vitia
1282 1090 1578 1145 inolescere
1605 1133 1619 1156 ,
1652 1102 1919 1161 quatenus
1944 1092 2110 1147 bene-

523 1179 688 1236 dictio
719 1179 899 1232 diviua
923 1179 1079 1234 nobis
1100 1182 1330 1255 patriam
1359 1191 1646 1236 conservet
1668 1183 1720 1237 iu
1749 1183 2109 1252 prosperitate

523 1273 662 1328 bona
691 1313 705 1336 ,
745 1288 906 1341 quam
961 1273 1200 1327 nobisin
1250 1289 1346 1328 sua
1390 1275 1762 1346 misericordia
1808 1277 2110 1344 perdonare

524 1365 738 1433 dignata
768 1371 869 1417 est.
906 1361 977 1416 Ut
1008 1363 1110 1418 hoc
1142 1365 1313 1432 ipsum
1364 1365 1746 1433 omnipotentis
1790 1365 1885 1420 Dei
1917 1367 2108 1437 largis-

523 1456 658 1508 sima
689 1453 883 1508 clliciat
927 1454 1117 1522 pictas,
1154 1457 1247 1508 vos
1286 1456 1377 1520 qui
1409 1455 1611 1510 clavem
1667 1460 1816 1528 regni
1868 1459 2109 1514 cmlestis

522 1560 646 1598 cmn
676 1543 954 1612 apostolis,
1016 1542 1213 1612 ligandi
1251 1544 1599 1616 solvendique
1628 1556 1957 1617 potestatem
2019 1565 2110 1606 ac-

521 1635 743 1705 cepistis
764 1651 793 1688 a
813 1633 1030 1688 Christo
1057 1675 1069 1696 ,
1101 1636 1307 1703 aperite
1348 1638 1580 1693 assiduis
1629 1639 2111 1708 praedicationibus

523 1736 706 1796 portas
731 1726 854 1780 ςαξιὶ
902 1725 1099 1795 populo
1128 1726 1221 1780 Dei
1258 1745 1271 1790 ;
1299 1735 1354 1781 et
1381 1729 1545 1783 nolite
1571 1737 1754 1784 tacere
1781 1772 1794 1794 ,
1831 1748 1898 1786 ne
1923 1733 2106 1802 populi

2157 1283 2162 1287 ·
2209 1279 2366 1333 quam
2393 1265 2580 1320 dedisti
2637 1268 2822 1337 nobis(

2211 559 2240 597 a
2287 544 2453 617 bello]
2485 545 2644 601 nobis
2682 548 2994 616 nostrisque
3039 547 3329 617 nepotibus
3378 561 3700 609 conservata
3745 559 3801 610 in

2209 633 2586 696 benedictione
2605 639 2934 705 sempiterna
2958 654 2973 702 ;
3007 646 3066 691 ut
3083 652 3153 693 ex
3182 639 3286 694 hac
3313 655 3623 700 mereamur
3649 645 3715 700 ad
3739 645 3804 699 il-

2210 722 2317 776 lam
2345 725 2629 791 pervenire
2655 741 2776 796 qute
2813 725 2974 781 ﬁnem
3007 743 3115 782 non
3139 727 3304 783 habet
3335 739 3390 784 et
3419 739 3504 786 est
3538 741 3800 804 perpetua

2208 827 2342 880 pace
2364 813 2695 869 beatissima.

2282 900 2354 956 Ut
2371 902 2438 956 ad
2461 903 2600 957 hanc
2622 906 2911 973 pervenire
2944 921 3254 962 mereamur
3278 950 3292 974 ,
3317 921 3417 966 vos
3444 913 3640 983 sacpius
3676 930 3800 970 cum

2211 989 2393 1060 Moyse
2441 1006 2600 1047 servo
2651 993 2744 1047 Dei
2791 995 2985 1050 devoto
3023 1006 3242 1067 pectore
3292 1000 3494 1056 dicite:
3560 1001 3800 1075 Respice,

2209 1081 2454 1149 Domine,
2492 1085 2555 1138 de
2611 1089 2913 1140 sanctuario
2962 1099 3073 1153 tuo,
3103 1100 3152 1143 et
3208 1092 3273 1145 de
3314 1093 3514 1149 excelso
3555 1095 3804 1154 culorum

2209 1173 2532 1238 habitacula,
2585 1186 2631 1229 et
2677 1177 2888 1257 benedic
2927 1179 3120 1249 populo
3173 1191 3263 1234 tuo
3293 1182 3509 1257 (Israel)
3559 1197 3608 1242 et
3649 1199 3805 1246 terra

2830 1196 2888 1321 lg:
2927 1196 3120 1249 populo
3173 1196 3263 1234 tuo
3293 1196 3509 1257 (Israel)
3559 1197 3608 1242 et
3649 1199 3805 1246 terra

2877 1279 2980 1322 cut.
3007 1285 3155 1335 xxvi,
3194 1271 3298 1342 l5).
3353 1275 3486 1330 Item
3511 1292 3633 1332 cum
3678 1293 3808 1350 pro-

2210 1355 2371 1424 pheta
2409 1355 2503 1408 Dei
2551 1355 2666 1410 Jocl
2703 1372 2824 1411 cum
2863 1359 3118 1430 lacrymis
3160 1362 3389 1420 clamate
3421 1384 3435 1419 :
3467 1365 3661 1435 Parce,
3691 1369 3805 1424 Do-

2211 1446 2366 1508 mine,
2391 1462 2547 1516 parce
2589 1443 2781 1516 populo
2808 1457 2916 1512 tuo,
2950 1459 2998 1503 et
3029 1467 3092 1504 ne
3132 1452 3224 1506 des
3253 1454 3615 1510 hereditatem
3658 1469 3808 1514 tuam

2211 1536 2267 1588 in
2293 1537 2625 1605 opprobrium
2648 1538 2885 1607 gentibus
2903 1538 3064 1610 (Joel.
3088 1542 3279 1612 11,17).
3323 1541 3582 1613 Apostolo
3601 1544 3810 1603 Jacoho

2212 1627 2597 1697 plzecipiente:
2647 1626 2810 1682 Orate
2855 1630 3092 1694 inricem,
3126 1642 3180 1686 ut
3229 1632 3546 1690 salvem’ni:
3584 1637 3810 1691 multum

2213 1719 2351 1771 enim
2380 1716 2511 1771 valet
2567 1721 2733 1773 oratio
2772 1721 2909 1790 justi
2959 1724 3176 1777 assidua
3205 1723 3412 1796 (Iacob.
3442 1743 3494 1792 v,
3533 1729 3639 1799 16).
3671 1730 3808 1785 Item

522 1795 742 1890 peccata
800 1817 951 1872 vobis
998 1818 1349 1886 imputentur.
1405 1821 1653 1891 chuirit
1699 1823 1842 1877 extim
1894 1795 2107 1880 a-vobis
2142 1795 2185 1855 Β
2215 1807 2406 1862 Petrus
2425 1810 2700 1879 apostolus
2733 1829 2743 1864 :
2775 1810 2978 1866 Omnes
2999 1795 3283 1871 unanimes
3309 1817 3363 1871 in
3388 1819 3635 1874 oratione
3661 1831 3811 1876 esto-

521 1911 731 1965 animas
782 1909 963 1975 Deus,
1021 1924 1157 1979 quas
1210 1911 1276 1965 ad
1309 1914 1601 1982 regendum
1653 1915 1962 1985 accepistis.
2027 1916 2109 1971 Ex

520 2001 887 2070 subjectorum
933 2001 1108 2055 salute
1134 2011 1314 2056 vestra
1363 2005 1761 2074 multiplicatur
1786 2021 2109 2061 remunera-

523 2093 620 2147 tio.
1765 2165 1782 2178 σ

591 2185 970 2240 Pusillanimes
1015 2185 1365 2240 consolamini
1399 2185 1451 2255 (I
1481 2186 1630 2240 Thes.
1651 2203 1703 2250 v,
1730 2188 1838 2258 Η),
1874 2189 2110 2245 humiles

521 2275 791 2337 roborate,
842 2285 1092 2328 errantes
1123 2277 1176 2328 in
1201 2277 1343 2328 viam
1373 2277 1620 2330 veritatis
1670 2278 1931 2343 redueite,
1959 2279 2111 2350 igno-

520 2372 704 2419 rantes
734 2364 1002 2426 instruite,
1037 2365 1272 2419 scientes
1321 2367 1708 2431 cxhortamini,
1741 2377 1797 2422 et
1831 2367 1989 2424 bonis
2015 2384 2112 2424 ex-

519 2455 711 2527 emplis
745 2456 867 2510 vitm
898 2447 1106 2510 'vestrze
1140 2472 1332 2512 omnes
1355 2458 1675 2514 confirmate
1700 2501 1712 2525 ,
1763 2470 2112 2519 contumaces
2154 2521 2158 2526 ,

516 2556 572 2601 et
600 2547 813 2601 veritati
847 2546 1146 2602 renitentes
1175 2548 1322 2619 virga
1345 2549 1608 2620 castigate
1637 2552 1925 2621 pastorali,
1951 2563 2111 2608 caete-

516 2653 609 2693 ros
641 2637 831 2692 baculo
868 2638 1254 2693 consolationis
1293 2648 1614 2713 sustentate.
1644 2642 1711 2695 Et
1753 2643 1798 2697 si
1825 2644 2111 2698 unanimes

513 2728 716 2790 eritis,
753 2729 875 2797 quis
904 2729 1059 2783 vobis
1105 2731 1360 2785 resistere
1402 2732 1656 2800 poterit?
1698 2732 1795 2789 Vel
1820 2734 1944 2802 quis
1984 2751 2108 2790 cum

515 2818 630 2876 Deo
655 2835 843 2889 pacem
879 2820 1120 2880 habebit.
1152 2823 1196 2877 si
1229 2826 1702 2894 prmdicationibus
1729 2825 1936 2898 [Forte,
1973 2845 2112 2898 pra:-

517 2910 873 2984 dicatoribus]
917 2928 1030 2966 sum
1055 2913 1246 2969 salutis
1294 2931 1401 2970 non
1435 2918 1866 2986 obtemperarit;
1899 2920 2112 2974 dicente

518 3004 634 3072 ipsa
659 3004 897 3058 Vcritate
923 3004 988 3058 ad
1017 3006 1406 3073 prmdicatores
1431 3009 1582 3062 verbi
1609 3007 1707 3062 Dei
1735 3027 1748 3060 :
1780 3008 1884 3073 Qui
1907 3027 1992 3063 vos
2015 3027 2112 3064 au-

517 3095 617 3152 dit.
645 3111 726 3147 me
755 3094 924 3154 audit,
968 3105 1016 3146 et
1045 3097 1133 3164 qui
1166 3088 1252 3150 ros
1279 3099 1495 3167 spernit,
1527 3116 1608 3152 me
1638 3100 1831 3169 spernit
1865 3099 2016 3170 (Luc.
2053 3117 2108 3167 ι,
2135 3141 2182 3203 c

520 3188 632 3257 16).
672 3187 801 3240 Item
830 3186 897 3240 ad
926 3185 1308 3243 confortaudos
1337 3205 1432 3245 eos
1459 3233 1472 3255 ,
1503 3192 1715 3260 illisque
1746 3192 1997 3247 fiduciam
2027 3195 2108 3247 in-

519 3279 811 3348 gerendam
837 3278 1087 3348 loquendi
1107 3283 1375 3336 sermonis
1405 3283 1516 3344 Dei,
1545 3286 1735 3340 eadem
1753 3286 1969 3341 Veritas
1989 3287 2066 3340 ait
2092 3301 2106 3339 :

520 3369 880 3441 Quodcunque
934 3373 1216 3442 ligareritis
1259 3393 1416 3443 super
1451 3387 1692 3442 terram,
1744 3379 1840 3430 erit
1891 3378 2110 3447 ligatum

519 3471 566 3514 et
592 3461 646 3514 in
669 3463 858 3526 cre'is;
909 3473 955 3515 et
999 3465 1344 3534 quodcunque
1391 3466 1645 3520 solreritis
1692 3484 1847 3537 super
1894 3477 2109 3529 terram.

519 3550 621 3606 erit
643 3551 871 3605 solutum
902 3562 951 3605 et
981 3555 1033 3607 in
1060 3554 1200 3608 caelis
1234 3555 1448 3626 (Matth.
1476 3575 1588 3624 xvi,
1621 3559 1707 3624 19,
1740 3571 1787 3613 ct
1811 3577 1968 3624 xvm,
1999 3563 2110 3634 18).

522 3644 705 3700 Divisa
733 3653 815 3698 est
849 3653 1090 3713 potcsms
1136 3646 1412 3701 saecularis
1435 3658 1489 3703 et
1515 3653 1755 3719 petestas
1804 3652 2062 3721 spiritalis
2095 3667 2110 3706 :

518 3734 608 3788 illa
647 3744 825 3804 portat
860 3735 1098 3805 gladium
1150 3738 1340 3792 mortis
1389 3739 1442 3792 in
1496 3755 1659 3794 manu
1690 3758 1703 3805 ;
1739 3742 1854 3796 haec
1881 3742 2113 3800 clavem

514 3826 640 3879 vita:
680 3827 734 3878 in
767 3826 964 3895 lingua.
1013 3827 1108 3879 llis
1145 3827 1385 3881 dicitur:
1430 3828 1512 3882 Ne
1557 3830 1838 3883 timueritis
1885 3848 1992 3884 cos.
2038 3831 2115 3885 De

520 3915 630 3970 illis
682 3915 922 3968 dicitur:
956 3914 1094 3978 Quia
1125 3933 1314 3984 corpus
1347 3917 1610 3982 occidunt,
1660 3919 1892 3972 animant
1941 3930 2116 3974 autent

475 4057 477 4059 .
518 4004 755 4060 occidere
782 4020 886 4057 non
914 4015 1130 4074 possunt
1161 4004 1378 4074 (Matth.
1411 4022 1467 4070 Χ,
1503 4007 1716 4078 26-23).
1751 4009 1826 4063 De
1853 4009 2114 4080 Spiritali-

517 4097 620 4152 bus
646 4111 858 4164 quoque
887 4097 1087 4151 dicitur
1121 4115 1133 4150 :
1163 4095 1263 4150 Ubi
1288 4108 1409 4153 sunt
1441 4099 1546 4153 duo
1577 4100 1652 4153 rel
1679 4111 1782 4154 tres
1815 4105 2116 4174 congregati

516 4192 574 4244 in
609 4191 816 4245 nomine
867 4208 1002 4254 meo,
1042 4191 1113 4244 ibi
1167 4208 1283 4245 sum
1338 4194 1390 4245 in
1443 4194 1615 4246 medio
1672 4211 1852 4248 eorum
1898 4197 2112 4266 (.llattlt.

519 4293 652 4332 xvm
683 4319 696 4342 ,
749 4278 862 4348 ‘20).
917 4279 975 4331 Si
1021 4281 1160 4333 Deus
1186 4297 1279 4350 pro
1327 4282 1475 4335 nobis
1511 4323 1525 4346 ,
1554 4273 1631 4337 ait
1657 4287 1970 4353 Apostolus.
2001 4290 2117 4356 quis

521 4382 705 4427 contra
730 4388 821 4424 nos
845 4370 1022 4440 (Rom.
1053 4373 1277 4441 vm,5l)
1300 4374 1323 4424 ‘?
1350 4373 1408 4425 Si
1433 4373 1683 4428 Christus
1710 4376 1763 4427 in
1793 4377 1970 4430 medio
1996 4393 2118 4432 suo—

2214 1906 2286 1964 te,
2316 1901 2708 1969 compaticntes
2757 1902 3106 1968 fraternitati,
3147 1905 3380 1961 humiles
3401 1915 3456 1962 et
3494 1909 3809 1966 misericor-

2211 1991 2308 2046 des
2333 1990 2403 2061 (1.
2437 1991 2577 2045 Petr.
2606 2009 2688 2054 ιιι,
2731 1991 2808 2063 8).
2853 1992 2960 2048 Sed
2989 2002 3045 2049 et
3088 1995 3194 2051 Vas
3227 1997 3511 2055 electionis
3552 2005 3811 2074 praecepit

2210 2097 2309 2152 pro
2333 2083 2585 2138 omnibus
2617 2085 2891 2141 orationes
2939 2088 3044 2158 16
3065 2087 3202 2153 fieri,
3237 2105 3336 2160 pro
3359 2093 3581 2162 regibus
3607 2104 3663 2150 et
3682 2111 3805 2151 om~

2212 2174 2372 2230 nibus
2399 2176 2490 2245 qui
2518 2177 2569 2230 in
2596 2177 2924 2235 sublimitate
2948 2190 3072 2234 sunt
3113 2182 3273 2249 positi
3299 2181 3354 2253 (I
3379 2182 3515 2237 Tim.
3543 2201 3604 2249 ll,
3638 2185 3687 2250 l,
3711 2185 3769 2255 2)
3792 2204 3808 2249 ;

2212 2275 2476 2335 quatenus
2503 2269 2892 2337 omnipotentis
2922 2271 3016 2324 Dei
3051 2273 3226 2342 gratia
3266 2273 3465 2344 populo
3489 2273 3806 2331 Christiano

2211 2365 2457 2428 tempora
2486 2374 2608 2412 cum
2636 2361 2997 2428 prosperitate
3027 2363 3290 2418 concedat
3323 2365 3566 2435 paciﬁca,
3604 2365 3656 2421 in
3691 2366 3811 2422 lau—

2212 2449 2333 2503 dem
2358 2457 2413 2503 et
2438 2450 2664 2518 gloriam
2696 2451 2778 2504 sui
2807 2452 3063 2506 nominis.

2177 2563 2181 2569 -
2213 2538 2241 2578 δ
2265 2538 2406 2595 Urbs
2424 2548 2625 2593 :etcrna
2650 2539 2768 2604 Dei,
2797 2549 2956 2596 terrae
2985 2542 3061 2596 sal
3090 2542 3220 2613 (AL,
3245 2543 3370 2616 sol],
3387 2545 3586 2600 lumina
3603 2548 3814 2615 mundi,

2211 2629 2302 2684 Bis
2339 2646 2432 2685 sex
2456 2631 2606 2702 signa
2629 2632 2758 2701 poli,
2794 2649 3006 2689 menses
3031 2643 3086 2689 et
3125 2646 3208 2691 ter
3232 2644 3425 2706 quater
3449 2637 3603 2704 anni,

2211 2719 2388 2789 Atque
2407 2720 2515 2776 diei
2542 2723 2710 2788 horae,
2735 2722 3044 2793 lapidesque
3069 2727 3122 2778 in
3145 2733 3431 2782 stemmate
3454 2724 3661 2782 Christi

2213 2811 2407 2866 Vestra
2444 2813 2658 2882 aperire
2685 2813 2867 2883 polum
2893 2816 3094 2883 poterit
3114 2815 3197 2870 vel
3225 2815 3480 2872 claudere
3506 2817 3711 2890 lingua.

2213 2907 2479 2962 Doctores
2507 2909 2650 2971 vine,
2692 2923 2902 2979 magna:
2928 2920 2985 2964 ct
3014 2913 3281 2968 medicina
3305 2913 3518 2969 salutis.

2215 2998 2324 3052 Vos
2353 2998 2531 3053 fontes
2556 2999 2684 3065 vivi,
2718 3001 2954 3068 paradisi
2985 3016 3041 3058 et
3061 3002 3283 3059 ﬂumina
3309 3019 3485 3060 sacra.

2215 3089 2326 3144 Vos
2347 3090 2510 3144 decus
2533 3090 2807 3155 Ecclesia},
2838 3093 3019 3162 populi
3047 3108 3194 3164 spes,
3216 3093 3382 3162 janua
3405 3093 3564 3150 lucis.

2213 3178 2416 3250 Inclyta
2446 3182 2750 3251 progenies,
2782 3181 3089 3238 Salomonis
3109 3183 3291 3239 nobile
3309 3183 3591 3254 templum.

2215 3274 2320 3328 Per
2346 3289 2460 3338 vos,
2484 3291 2516 3328 o
2539 3273 2753 3338 Patres,
2782 3283 2970 3328 nostro
3000 3275 3102 3331 sub
3131 3283 3373 3346 tempore
3395 3285 3506 3332 tota

2214 3363 2488 3417 Virtutum
2514 3363 2720 3418 meritis
2746 3363 2972 3419 fecunda
3013 3366 3290 3422 Britannia
3329 3365 3504 3423 ﬂoret.

2216 3456 2326 3512 Vos
2349 3457 2508 3512 simul
2539 3458 2826 3513 unanimes
2851 3457 3052 3515 Christi
3078 3459 3352 3516 defendite
3378 3468 3582 3526 castra,

2217 3549 2283 3604 Et
2319 3549 2507 3620 clypeo
2535 3549 2658 3606 ﬁdei
2693 3551 2799 3606 tela
2822 3562 3145 3622 exsuperate
3167 3551 3449 3619 nefanda;-

2215 3640 2442 3695 Pcctore
2463 3643 2778 3705 concordes,
2807 3641 2973 3697 fortes
2993 3644 3192 3697 virtute
3222 3657 3478 3712 superna.

2216 3731 2602 3801 Judiciisjusti,
2633 3734 2864 3788 humiles
2888 3746 2909 3772 ε
2935 3735 3137 3803 pietate
3167 3737 3436 3803 modesta,

2219 3825 2478 3878 Doctores
2504 3821 2704 3890 populi,
2739 3823 2992 3879 ductores
3019 3833 3074 3879 ct
3099 3825 3276 3896 gregis
3303 3828 3453 3893 almi,

2221 3913 2446 3982 Semper
2475 3913 2676 3982 ubique
2697 3913 2808 3969 Deo
2839 3929 2935 3970 vos
2959 3931 3056 3971 vos
3077 3925 3252 3972 estote
3278 3917 3484 3972 ﬁdeles.

2220 4005 2565 4076 Multiplicate
2589 4007 2677 4076 pio
2707 4015 2960 4077 percepta
3000 4008 3197 4062 talenta
3222 4008 3429 4071 labore,

2220 4097 2450 4152 Maxima
2475 4099 2616 4168 quod
2654 4115 2865 4154 summo
2891 4099 3118 4168 capiatis
3147 4098 3368 4168 praemia
3396 4096 3559 4164 caelo,

2217 4189 2351 4244 Cum
2375 4190 2592 4244 Christo
2612 4199 2666 4245 et
2695 4191 2898 4245 sanctis
2925 4188 3166 4244 ccclestia
3201 4203 3366 4258 regna
3398 4193 3670 4252 tenentes,

2222 4280 2438 4348 Vosque
2464 4280 2570 4334 mei
2593 4293 2861 4333 memores
2890 4278 3140 4332 Christus
3168 4285 3454 4334 conservet
3480 4277 3703 4349 ubique.

2221 4369 2450 4424 Alchuin
2471 4369 2638 4424 ~dicor
2663 4385 2784 4439 ego,
2812 4379 2994 4424 vestro
3019 4370 3246 4425 devotus
3271 4371 3467 4426 amori.

518 4479 662 4525 rum,
695 4465 818 4532 quis
850 4462 952 4515 illis
981 4477 1174 4516 nocere
1202 4464 1441 4532 poterit?
1467 4465 1676 4520 Idcirco
1698 4483 1793 4520 vos
1825 4508 1839 4531 ,
1867 4468 2118 4523 saccrdo—
2150 4490 2195 4549 ι)
2223 4460 2268 4515 Ο
2295 4476 2390 4515 VOS
2414 4473 2682 4530 paSlOI'CS.
2719 4460 2910 4516 Patres
2936 4461 3053 4516 Sine
3080 4460 3187 4517 fine
3213 4463 3424 4520 valete!

521 4565 626 4621 tes,
659 4556 909 4612 fiduciam
936 4557 1138 4611 habere
1162 4558 1368 4612 debetis
1397 4559 1748 4629 przcdieandi,
1773 4562 1955 4616 ceteri
1986 4577 2116 4617 vero

522 4651 881 4715 humilitatem
921 4649 1195 4715 audiendi,
1226 4659 1280 4704 et
1305 4651 1670 4706 obedientiam
1716 4652 1969 4718 faciendi,
1997 4671 2116 4723 qua!

518 4740 738 4808 iubetis.
770 4738 869 4802 llli,
906 4739 958 4792 id
993 4747 1078 4792 est
1101 4741 1420 4803 saecularcs,
1451 4743 1560 4794 sint
1587 4741 1900 4798 defensores
1927 4747 2112 4808 vestri,

523 4848 618 4886 vos
650 4831 1037 4884 intercessores
1090 4831 1324 4894 illoru'n,
1357 4842 1416 4886 ut
1452 4833 1522 4886 sit
1553 4849 1692 4888 unus
1721 4850 1850 4903 grex
1885 4836 1983 4887 sub
2010 4852 2116 4890 uno

598 4957 622 4984 α
657 4943 723 4998 1η
751 4943 883 4996 libro
911 4941 1074 4997 Gildi.
1111 4943 1217 4998 Seu
1253 4943 1444 5014 Gildas.
1501 4944 1733 5014 Scripsit
1780 4944 1965 5000 Gildas
1993 4957 2116 5014 post

526 5015 760 5070 medium
789 5031 912 5067 szcc.
964 5030 1038 5076 vr,
1071 5031 1214 5069 anno
1238 5013 1347 5069 513i
1375 5058 1387 5080 ,
1419 5026 1472 5070 ct
1521 5013 1664 5070 anno
1690 5015 1796 5070 570
1842 5013 2117 5071 dicm’su-

525 5101 770 5154 promum
816 5083 1042 5154 clausit,
1082 5093 1138 5136 ut
1175 5087 1451 5141 contendit
1496 5087 1767 5142 Usserius.
1817 5086 1918 5139 Alii
1967 5087 2114 5140 illum

527 5153 670 5208 anno
705 5155 800 5209 581
840 5153 1085 5226 fuissciin
1116 5156 1253 5208 vivis
1280 5156 1390 5210 fere
1433 5158 1856 5226 nonagen‘arium
1879 5199 1892 5220 ,
1924 5165 1973 5211 ct
2004 5159 2115 5211 Cili-

527 5227 671 5279 dissc
691 5224 970 5290 epistolam
997 5225 1070 5275 De
1099 5227 1301 5277 excidio
1343 5224 1650 5290 Britannin',
1682 5245 1784 5282 una
1811 5243 1933 5281 cum
1973 5230 2117 5282 ordi-

529 5297 615 5367 nis
643 5293 992 5367 ecclesiastici
1024 5295 1398 5367 castigatione,
1428 5309 1698 5353 ass-erunt.
1736 5298 1885 5353 llauc
1915 5300 2116 5367 episto-

531 5365 636 5418 lam
684 5364 769 5418 hic
828 5364 1004 5415 laudat
1054 5363 1331 5427 Alcuiuus,
1383 5371 1522 5423 unde
1569 5369 1789 5422 dubium
1841 5363 1964 5422 esse
2010 5387 2113 5421 non

567 5444 703 5490 otcst
730 5435 858 5504 quin
891 5434 962 5487 sit
989 5435 1242 5504 genuina,
1269 5434 1380 5503 jam
1407 5449 1530 5493 ante
1555 5442 1716 5494 etiam
1745 5456 1772 5492 a
1804 5440 1937 5493 Ven.
1969 5439 2113 5492 Beda

554 5507 764 5560 audata.
795 5506 1021 5560 B.\s.\'.to.

604 5579 629 5615 δ
663 5578 762 5646 17
790 5575 956 5632 Codd.
989 5592 1117 5630 mss.
1150 5575 1346 5632 Salisb.
1371 5590 1424 5633 ct
1452 5579 1509 5633 S.
1538 5581 1862 5636 Ennnerami
1884 5597 2114 5642 carmen

533 5649 629 5697 hm-
650 5648 926 5699 Omitllmt.
964 5647 1332 5712 Quercetanus
1372 5649 1499 5705 illud
1530 5653 1651 5707 bina
1684 5655 1801 5708 vicc
1823 5654 1967 5708 dedit
1992 5670 2005 5712 ;
2034 5668 2114 5706 sc-

535 5717 633 5767 ωρι
685 5716 807 5835 lixic
855 5716 1092 5795 epistola:
1130 5718 1408 5785 junctum,
1466 5733 1517 5776 rt.
1568 5724 1762 5778 iterum
1814 5725 1953 5777 inter
1988 5739 2116 5793 poe~

535 5796 672 5835 mala
783 5801 945 5835 Cllllll.

534 5796 672 5838 mala
717 5796 945 5838 Alcmnt.

2222 4553 2289 4607 Et
2317 4565 2371 4607 tu
2398 4562 2582 4609 sancte
2603 4554 2784 4619 Pater,
2812 4555 2934 4624 pius
2959 4555 3324 4610 Aethelharde
3351 4553 3463 4625 [ΑΙ.
3489 4595 3504 4619 ,
3529 4551 3820 4608 Αθᾶὶιιιοιπφ

2413 4655 2420 4664 ·
3373 4641 3461 4716 de]
3485 4643 3744 4699 sacerdos

2221 4739 2339 4794 Jam
2367 4739 2570 4800 valeas,
2601 4737 2803 4805 vigeas,
2843 4734 3063 4790 Christo
3092 4733 3351 4802 donante,
3381 4751 3480 4805 per
3505 4747 3700 4790 aevum.

2293 4968 2313 4994 ε
2360 4954 2561 5032 Pietate
2603 4953 2857 5032 modesta.
2895 4953 3016 5032 μοι)
3065 4955 3181 5032 sine
3212 4970 3374 5032 causa
3407 4951 3813 5032 Do_r0verneqsi

2220 5025 2704 5103 cleromcdestiam
2737 5024 2935 5103 ingerit
2954 5044 2974 5103 _:
3009 5029 3152 5096 quod
3181 5035 3237 5079 et
3275 5025 3342 5103 de
3367 5021 3599 5103 vestium
3629 5020 3818 5103 mode-

2220 5099 2320 5178 stia
2367 5096 2651 5178 intelligo;
2674 5094 3064 5178 cuiuslimites
3092 5095 3391 5178 eseessisse
3427 5099 3577 5178 patet
3594 5094 3806 5178 ex‘epi-

2220 5168 2355 5222 stola
2398 5161 2571 5221 sancti
2611 5161 2874 5221 Bonifacii
2907 5169 2974 5222 ad
3025 5161 3645 5228 Cuthbertumfcitante
3673 5161 3815 5217 Wil-

2220 5239 2398 5313 lielmo
2427 5237 2704 5313 lii-almesb.
2738 5237 2888 5313 lib._1
2919 5239 3052 5306 Reg.
3091 5234 3273 5313 {inqu
3298 5249 3432 5313 _cap.
3464 5233 3518 5313 fi,
3551 5234 3651 5313 qui
3673 5233 3811 5313 sul.»-

2219 5309 2298 5362 dit
2328 5327 2338 5361 :
2378 5327 2394 5357 ι
2431 5307 2573 5362 Sane
2601 5309 2664 5363 de
2711 5309 2970 5363 tenuitate
2995 5303 3225 5360 vestium
3263 5303 3594 5360 clericalium
3623 5303 3811 5358 Λιουί-

2220 5395 2321 5432 nus
2340 5378 2691 5433 Athclardum
2720 5379 3187 5448 archiepiscopum
3215 5375 3496 5431 Cuthberti
3520 5385 3806 5448 successo-

2221 5466 2333 5503 rem
2402 5450 2618 5520 oblique
2656 5445 2924 5518 castigat,
2982 5463 3211 5520 monens
3274 5456 3333 5502 ut
3382 5465 3504 5503 cum
3569 5445 3807 5520 Bonnam

2219 5521 2419 5574 vadens
2463 5515 2713 5576 (Ja'rolum
2756 5515 3004 5589 magnum
3057 5518 3321 5592 visitaret,
3370 5534 3476 5574 non
3516 5515 3809 5592 adduceret

2219 5592 2442 5646 clericos
2476 5593 2558 5645 vel
2606 5592 2897 5646 monachos
2931 5589 3350 5644 versicoloribus
3391 5597 3446 5643 ct
3482 5589 3807 5657 pompaticis

2223 5663 2456 5716 vestibus
2485 5663 2718 5723 indutos,
2747 5659 2871 5728 quia
2921 5675 3022 5715 non
3057 5661 3293 5716 solerent
3339 5651 3669 5713 Francorum
3698 5651 3781 5706 (‘lc

2223 5735 2338 5800 riri,
2364 5733 2466 5787 nisi
2498 5731 2765 5800 religiosis
2801 5731 3034 5785 ver-libus
3062 5732 3324 5786 amiciri»
3363 5729 3628 5784 Caststus.
