4220 6194
446 352 541 409 ιω

956 478 983 506 ι
1020 420 1346 522 EPISTOU
1386 469 1472 523 XI.

438 572 505 610 ΔΙ)
564 568 885 609 εωιιεουι
955 571 1127 611 REGE!
1190 573 1257 611 ετ
1329 575 1598 614 PRINCIPES
1636 577 1997 623 -νορυιωιρυε

822 640 1353 682 NORDANHUIBBORUI
1403 645 1608 683 GENTIS.

910 715 1089 787 (Circa
1126 734 1323 772 annum
1361 719 1508 791 795.)

439 801 695 871 Hortatur
715 816 771 859 ut
795 808 931 877 grati
952 808 1055 861 sint
1098 808 1205 862 Deo
1231 850 1245 873 ,
1276 820 1329 862 ut
1361 811 1581 864 caelestia
1605 814 1775 881 potius
1796 812 1999 865 deside-

504 885 616 929 rent
636 892 797 963 quem
820 888 1023 963 terrena
1044 918 1057 941 ,
1106 888 1161 930 ut
1189 880 1410 963 divitias
1430 897 1521 949 per
1557 882 1869 963 injustitiam
1896 899 1998 935 non

502 955 765 1066 trp/utaut,
808 947 931 999 vitia
974 956 1021 1000 et
1060 958 1267 1017 peccata
1299 947 1523 1018 fugiant,
1570 947 1866 1015 viduarum,
1897 969 1997 1020 pu-

502 1031 550 1066 m
574 1013 743 1066 lorum
768 1016 869 1066 sint
894 1025 1086 1066 natres.
1118 1019 1448 1066 concordiam
1474 1029 1522 1066 et
1556 1037 1733 1066 vacem
1775 1030 1993 1066 seruent-

497 1013 743 1089 pitlorum
768 1016 869 1068 sint
894 1013 1086 1089 patres,
1114 1013 1448 1089 concordiam
1474 1029 1522 1071 et
1556 1037 1733 1089 pacem
1775 1013 1994 1083 servent,

498 1084 826 1139 sacerdotum
850 1084 1213 1155 praedicationi
1240 1103 1293 1139 se
1316 1084 1642 1157 submittant.

497 1196 958 1252 Excellentissimo
1019 1197 1128 1251 ﬁlio
1195 1199 1223 1237 δ
1266 1198 1544 1255 IEdilredo
1591 1201 1747 1273 [A1,
1783 1202 1996 1257 Ethel-

431 1285 577 1359 redo]
608 1286 721 1357 regi
764 1294 819 1341 et
864 1288 1052 1342 amicis
1079 1288 1405 1345 dulcissimis
1437 1302 1459 1330 ο
1497 1290 1731 1347 Osbaldo
1761 1294 1995 1362 patricio

428 1387 482 1432 et
522 1376 549 1416 ἀ
582 1375 843 1432 Osbercto
868 1376 993 1431 duci
1038 1386 1094 1432 et
1134 1381 1384 1456 omnibus
1410 1380 1663 1436 fraternae
1694 1383 1996 1438 dilectionis

426 1466 632 1532 amicis,
677 1466 935 1545 Aleuinus
983 1454 1151 1523 levita
1194 1454 1409 1523 aeternae
1457 1471 1805 1527 beatitudinis
1853 1473 1995 1526 salu-

426 1558 554 1613 tem.

493 1644 744 1721 Suavitas
790 1646 961 1702 sancti
1004 1647 1206 1702 amoris
1252 1649 1447 1718 sapius
1478 1664 1563 1703 me
1591 1652 1734 1721 cogit
1762 1652 1827 1706 de
1856 1652 1993 1705 anti-

424 1751 527 1806 qua
574 1736 863 1791 admonere
912 1737 1170 1800 amicitia,
1223 1738 1289 1791 de
1336 1738 1638 1794 animarum
1687 1748 1992 1794 vestrarum

1873 359 2227 416 EPISTOLE
2239 402 2251 413 .

2028 477 2074 533 Α
2104 473 2321 538 cularis,
2352 476 2597 540 avaritia,
2627 484 2680 529 et
2709 477 2883 531 omnis
2923 477 3357 548 concupiscentia
3401 476 3562 540 mala,
3596 478 3673 530 vi—

3574 367 3672 421 158

2101 563 2335 619 nolentia
2363 564 2515 636 [Hs.,
2538 564 2835 637 violentia],
2864 567 3071 635 rapina,
3115 565 3410 629 mendacia,
3438 565 3670 631 luxuria,

2101 652 2402 719 fornicatio,
2427 655 2645 720 invidia,
2692 655 3001 721 homicidia,
3052 657 3361 718 ebrietates,
3404 671 3667 731 comessa-

2102 743 2295 808 tiones,
2346 744 2659 809 inimicitiae,
2718 745 2969 814 superbia
3047 752 3101 797 et
3146 743 3413 814 periuria,
3461 744 3671 800 dicente

2098 833 2355 901 Apostolo
2383 851 2394 885 :
2428 833 2530 898 Qui
2560 834 2689 888 talia
2713 844 2895 903 agunt,
2925 850 3139 903 regnum
3180 834 3279 887 Dei
3299 850 3404 887 non
3440 835 3671 903 posside-

2100 924 2225 976 bunt
2250 924 2392 995 (Gal.
2421 940 2473 989 v,
2523 925 2636 996 21),
2687 927 2793 980 nisi
2837 926 3174 982 confessione
3210 934 3265 981 et
3305 926 3462 994 longa
3500 927 3671 995 paeni-

2101 1014 2265 1067 tentia
2305 1021 2358 1067 et
2400 1014 2755 1084 eleemosynis
2803 1016 2988 1069 multis
3042 1017 3414 1087 emendentur.
3468 1016 3671 1071 Unum-

2098 1105 2344 1172 quodque
2402 1120 2587 1158 eorum
2645 1104 2797 1175 [:lfs.,
2858 1106 3073 1176 horum]
3147 1122 3267 1174 quae
3325 1109 3661 1171 enumeravi,

2097 1208 2321 1263 regnum
2366 1194 2461 1249 Dei
2499 1196 2745 1250 claudere
2772 1197 2991 1265 poterit,
3034 1205 3089 1251 et
3135 1196 3424 1251 infernales
3476 1212 3667 1265 plenas

2097 1286 2309 1353 aperire
2337 1287 2559 1349 homini.
2610 1287 2701 1341 Va:
2745 1288 2937 1341 animat
2983 1302 3101 1356 quae
3146 1287 3397 1341 ardentes
3426 1286 3669 1339 flammas

2096 1367 2311 1445 semper
2342 1378 2607 1447 sustinere
2627 1378 2854 1447 cogitur.
2882 1378 3029 1431 Bona
3052 1393 3180 1431 vero
3223 1385 3346 1432 sunt
3372 1393 3534 1446 opera
3572 1392 3671 1446 per

2094 1483 2215 1537 qua:
2267 1468 2558 1522 ascendere
2604 1469 2657 1521 in
2702 1460 2898 1523 ccelu'm
2927 1483 3244 1537 possumus;
3277 1469 3513 1522 Charitas
3547 1468 3666 1532 Dei,

2095 1560 2267 1613 honor
2300 1557 2443 1612 illius
2468 1567 2521 1612 et
2547 1558 2727 1622 timor,
2780 1558 2974 1628 vigilias
3024 1559 3131 1629 18
3178 1566 3233 1613 et
3281 1559 3551 1613 orationes
3597 1558 3664 1611 ad

2095 1648 2285 1713 Deum,
2317 1648 2532 1703 dilectio
2566 1650 2865 1711 hominum,
2911 1660 2966 1703 et
3008 1650 3377 1705 misericordia
3409 1650 3463 1703 in
3492 1650 3695 1705 homi-'

2093 1755 2211 1804 nes,
2240 1747 2294 1793 et
2329 1740 2577 1794 remissio
2601 1740 2947 1809 peccantibus
2972 1741 3026 1793 in
3063 1756 3193 1805 nos;
3215 1740 3422 1809 justitia
3454 1741 3505 1793 in
3525 1738 3671 1808 judi-

423 1827 612 1893 salute,
652 1835 709 1883 et
751 1828 819 1882 de
855 1827 977 1883 ﬁdei
1018 1828 1266 1893 veritate,
1312 1837 1367 1883 et
1394 1830 1459 1885 de
1492 1832 1641 1900 pacis
1679 1832 1989 1895 concordia,
2024 1808 2069 1867 Β
2095 1830 2212 1895 ciis,
2243 1831 2445 1884 veritas
2492 1831 2546 1884 in
2570 1808 2769 1894 verbis,
2812 1830 3067 1899 patientia
3116 1830 3169 1884 in
3211 1808 3665 1896 adversitatibus;

422 1933 583 1986 quam
628 1917 828 1972 habere
869 1917 1075 1972 debetis
1108 1918 1249 1972 inter
1275 1934 1403 1984 vos;
1434 1921 1559 1989 quia
1588 1922 1842 1985 amicitia,
1871 1936 1991 1990 quae

421 2009 596 2064 deseri
628 2016 819 2078 potest,
853 2025 1123 2082 nunquam
1143 2025 1271 2064 vera
1294 2010 1413 2065 fuit.
1442 2011 1661 2067 Amicus
1689 2013 1863 2068 ﬁdelis
1900 2014 1989 2067 diu

420 2100 697 2169 quaeritur,
724 2100 811 2153 vix
842 2099 1133 2165 invenitur,
1158 2099 1372 2156 difﬁcile
1403 2111 1667 2157 servatur.
1697 2105 1805 2157 Vos
1838 2120 1987 2173 quae-—

421 2206 542 2245 rens
568 2191 744 2245 inveni
778 2192 1018 2247 amicos:
1053 2190 1301 2261 [servabo
1334 2192 1560 2264 amicos]
1598 2208 1695 2248 nec
1720 2195 1987 2249 dimittam

420 2280 556 2350 (vos)
589 2296 722 2350 quos
742 2296 925 2335 amare
953 2283 1109 2351 cmpi.
1144 2282 1211 2336 Et
1236 2284 1282 2338 si
1302 2283 1480 2354 lingua
1514 2292 1689 2339 taceat
1710 2292 1889 2339 vestra
1923 2286 1989 2340 de

420 2386 523 2435 me,
558 2371 748 2426 littera:
776 2378 955 2425 tamen
1000 2387 1133 2426 mea;
1184 2388 1290 2427 non
1337 2382 1550 2431 taceant
1600 2373 1751 2446 [Ms.,
1784 2374 1985 2446 tacent]

418 2460 481 2516 de
514 2462 683 2526 vobis,
748 2462 840 2516 sed
888 2476 1101 2532 semper
1153 2463 1415 2518 admoneo
1436 2465 1737 2520 devotionis
1789 2467 1985 2529 studio,

416 2564 645 2618 quorum
716 2564 930 2618 semper
995 2550 1245 2607 desidero
1302 2553 1680 2624 prosperitatis
1735 2554 1984 2609 salutem.

416 2638 659 2710 Cogitate
684 2639 807 2708 quis
827 2655 921 2694 vos
948 2639 1015 2696 de
1042 2642 1323 2712 multiplici
1347 2644 1593 2699 liberavit
1620 2645 1984 2712 tribulatione,

413 2730 626 2813 quoties
682 2737 1000 2799 praesentem
1023 2771 1038 2793 ,
1094 2730 1210 2799 ejus
1269 2732 1637 2787 misericordia
1662 2774 1677 2797 ,
1741 2736 1989 2789 evasistis

415 2830 673 2886 mortem;
706 2822 917 2890 quoties
942 2822 1009 2876 de
1034 2837 1191 2875 manu
1215 2821 1557 2876 inimicorum
1587 2822 1759 2890 erepti
1786 2821 1982 2878 fuistis.

416 2912 789 2968 Recordamini
827 2912 950 2981 quis
976 2913 1128 2967 vobis
1174 2928 1361 2968 omnes
1398 2914 1718 2982 perdonavit
1755 2914 1989 2970 honores

412 3018 551 3074 quos
581 3004 794 3073 habetis
820 3004 1206 3072 prosperitates
1231 3003 1385 3074 [Hs.,
1424 3007 1707 3079 prospera]
1736 3008 1983 3073 contulit,

2089 1919 2291 1973 nemini
2329 1919 2551 1973 reddere
2596 1918 2795 1972 malum
2846 1934 2942 1989 pro
2986 1919 3161 1983 malo;
3218 1919 3556 1989 eleemosyna
3611 1919 3667 1974 in

2089 2026 2372 2081 pauperes,
2410 2011 2711 2081 benignitas
2751 2010 2805 2064 in
2843 2024 3031 2064 omnes
3076 2009 3339 2075 homines,
3375 2009 3548 2077 pietas
3597 2008 3666 2065 ad

2088 2103 2310 2167 amicos,
2349 2102 2483 2157 ﬁdes
2509 2109 2655 2171 recta
2686 2102 2739 2155 in
2766 2102 2953 2164 Deum,
2987 2116 3111 2175 spes
3139 2103 3294 2156 ﬁrma
3321 2101 3377 2154 in
3405 2100 3545 2156 illius
3569 2103 3666 2156 bo-

2088 2194 2331 2258 nitatem,
2362 2187 2623 2247 modestia
2676 2194 2731 2247 in
2770 2193 3126 2257 vestimentis,
3162 2200 3217 2247 et
3262 2192 3317 2245 in
3366 2193 3513 2246 omni
3560 2208 3659 2246 usu

2088 2284 2267 2338 saeculi
2296 2283 2669 2352 temperantia,
2710 2283 3040 2338 continentia
3086 2282 3141 2337 in
3176 2282 3296 2356 cibo
3331 2289 3385 2337 et
3410 2290 3561 2351 potu,
3610 2284 3662 2337 iu

2088 2384 2269 2433 mente
2326 2378 2599 2433 humilitas
2633 2417 2647 2441 ,
2692 2377 2748 2431 in
2796 2376 3040 2432 moribus
3087 2376 3359 2437 honestas,
3420 2375 3473 2429 in
3517 2376 3662 2431 omni

2087 2468 2195 2521 vita
2222 2468 2468 2537 aequitas.
2499 2466 2565 2521 Hi
2601 2474 2725 2521 sunt
2746 2466 2961 2543 (gradus
2986 2480 3083 2534 per
3106 2463 3457 2535 quos‘coalum
3485 2477 3666 2516 ascen-
3704 2536 3705 2539 η

2088 2554 2252 2621 ditur,
2284 2558 2354 2612 hi‘
2368 2564 2492 2612 sunt
2536 2570 2714 2611 mores
2754 2556 2845 2625 qui
2876 2554 3122 2608 homines
3159 2552 3363 2607 faciunt
3392 2552 3550 2605 laude
3579 2550 3661 2605 di-

2050 2693 2055 2697 .
2088 2662 2241 2718 gnos,
2272 2649 2390 2703 hate
2426 2653 2552 2701 sunt
2572 2660 2735 2716 opera
2760 2660 2881 2715 quas
2926 2642 3120 2714 gaudia
3156 2649 3432 2696 merentur
3460 2641 3657 2709 sempi-

2088 2746 2261 2801 terna,
2286 2737 2401 2792 haec
2417 2744 2499 2791 est
2520 2736 2783 2805 sapientia
2809 2749 2955 2799 vera,
2984 2740 3044 2788 ut
3066 2733 3229 2787 homo
3251 2730 3351 2787 sibi
3376 2728 3675 2800 praavideat'

2088 2826 2355 2897 quomodo
2387 2826 2443 2880 in
2485 2834 2747 2880 aeternum
2785 2823 3015 2879 feliciter
3042 2824 3206 2877 vivat.
3233 2820 3549 2877 Nullatenus
3572 2819 3664 2874 bo-

2088 2930 2177 2969 mo
2210 2913 2387 2985 perire
2422 2912 2646 2983 poterit,
2673 2913 2813 2968 sicut
2857 2911 3056 2966 animal
3090 2910 3382 2980 quodlibet,
3422 2909 3515 2963 sed
3541 2918 3663 2979 post

2088 3006 2229 3061 hanc
2269 3006 2433 3058 vitam
2465 3004 2710 3059 victurus
2757 3002 2861 3058 erit
2905 3003 2958 3056 in
2997 3011 3254 3058 aeternum
3295 3001 3492 3065 :bene,
3539 3016 3663 3071 pro

412 3096 671 3151 sanitates
727 3086 953 3165 largitus
997 3102 1101 3159 est,
1147 3095 1397 3150 omnibus
1450 3112 1547 3151 vos
1594 3100 1803 3161 vestris
1860 3098 1988 3154 fecit
2012 3141 2059 3202 Ο
2088 3102 2207 3163 pter
2250 3095 2388 3149 bona
2422 3107 2617 3163 opera;
2661 3079 2821 3157 male,
2864 3098 3083 3161 prepter
3128 3090 3267 3143 mala
3309 3104 3501 3157 opera;
3536 3090 3661 3158 quia

414 3186 427 3202 9
472 3186 514 3202 0,
547 3186 635 3202 -,-,
687 3201 692 3202 ,
742 3184 811 3202 ιι·
838 3184 1006 3202 ηομκξλ
1086 3184 1173 3202 11⁸-
1226 3200 1236 3202 μ
1269 3200 1294 3202 ν,
1347 3185 1378 3202 οι
1490 3188 1504 3202 ι
1601 3188 1611 3199 ο
1764 3188 1815 3202 ιο-
1898 3189 1910 3199 ο
2092 3182 2227 3202 n---_
2253 3182 2532 3202 _--_2--_2__-.-
2559 3182 2741 3202 _-1J_.
2774 3179 2882 3202 ru-
2964 3177 3158 3202 _-.I.l:a1
3185 3179 3471 3202 --Α-....1--...
3506 3194 3658 3202 -..Α-..η

412 3186 646 3241 inimicis
679 3184 1036 3240 sublimiores.
1086 3184 1180 3238 llis
1216 3185 1464 3241 omnibus
1490 3188 1646 3242 bonis
1690 3188 1855 3242 nolite
1896 3189 1981 3242 in-

411 3277 550 3346 grati
577 3290 716 3351 esse,
747 3276 872 3345 quia
893 3275 1085 3329 horum
1119 3275 1290 3344 gratia
1328 3276 1593 3331 bonorum
1621 3278 1791 3333 vitam
1818 3292 1987 3333 mere-

412 3365 559 3419 bitur
584 3364 985 3434 sempiternam.
1020 3364 1127 3417 Nec
1169 3364 1284 3419 hzec
1330 3364 1561 3423 felicitas
1611 3368 1774 3439 hujus
1804 3368 1985 3425 seculi

410 3463 611 3510 aeterna
645 3467 764 3509 esse
790 3454 1007 3523 poterit.
1055 3452 1277 3513 Studete
1311 3456 1737 3527 diligentissime,
1772 3467 1831 3513 ut
1865 3468 1986 3529 post

411 3543 508 3598 hos
544 3544 777 3598 honores
812 3550 1075 3605 terrenos,
1121 3542 1373 3598 cmlcstes
1413 3545 1612 3600 habere
1644 3546 1981 3601 mereamini.

409 3631 600 3691 Omnia
632 3631 790 3702 hujus
819 3632 999 3688 saaculi
1029 3633 1413 3689 delectamento
1450 3635 1595 3690 velut
1630 3638 1865 3691 volatilis
1896 3637 1978 3691 fu-

409 3724 561 3797 giunt
605 3725 829 3790 umbra;
869 3733 923 3779 et
959 3724 1295 3780 solummodo
1330 3734 1508 3779 manet
1562 3727 1615 3779 in
1669 3742 1983 3781 remunera-

408 3815 553 3870 tione
578 3816 738 3879 bona,
787 3816 928 3885 quod
970 3831 1068 3885 pro
1116 3817 1212 3872 Dei
1263 3833 1447 3872 amore
1496 3818 1701 3889 egistis.
1752 3816 1984 3873 Grandis

406 3905 549 3960 enim
583 3905 670 3958 via
699 3906 766 3960 de
799 3908 957 3961 terris
997 3906 1151 3978 [Ms.,
1193 3908 1359 3981 terra]
1410 3896 1621 3964 videtur
1660 3910 1728 3965 ad
1766 3910 1980 3965 cmlum.

406 3994 736 4049 Firmissima
761 3997 918 4050 debet
941 4012 1061 4051 esse
1091 3998 1256 4061 scala,
1299 4015 1397 4067 per
1432 4016 1592 4069 quam
1624 4000 1936 4055 ascenditur
1968 4018 1979 4053 :

406 4085 579 4141 facilis
616 4094 698 4141 est
727 4101 887 4143 casus
914 4088 981 4141 ad
1013 4086 1243 4143 inferna.
1278 4088 1384 4143 Sed
1428 4092 1544 4144 haec
1590 4090 1821 4147 facilitas
1863 4108 1981 4145 ma-

406 4194 566 4249 gnam
624 4179 787 4235 habet
833 4164 1219 4247 difﬁcultatem,
1273 4183 1661 4252 sempiternum
1715 4183 1981 4253 siquidem

406 4271 603 4341 ignem,
644 4272 737 4341 qui
790 4272 900 4325 urit
949 4271 1457 4343 inexstinguibiliter
1503 4274 1760 4329 cadentes
1812 4274 1866 4329 in
1926 4276 1984 4329 il-

404 4360 535 4415 lum.
568 4356 863 4418 Difﬁcultas
889 4378 1018 4417 vero
1046 4364 1378 4419 ascensionis
1418 4365 1472 4419 in
1507 4364 1703 4420 cmlum
1728 4382 1981 4437 magnum

2088 3182 2231 3236 Deus
2253 3182 2537 3251 unicuique
2559 3182 2745 3235 reddet
2774 3179 2925 3251 [Ms.,
2964 3177 3159 3259 reddit]
3184 3179 3473 3233 secundum
3502 3194 3662 3247 opera

2087 3290 2185 3329 sua
2222 3272 2437 3343 (Matth.
2474 3280 2591 3339 xvi,
2624 3272 2738 3344 27).
3706 3265 3713 3270 ’

2156 3366 2330 3421 Nolite
2366 3366 2594 3436 injustas
2627 3382 2813 3437 amare
2854 3366 3085 3430 divitias,
3134 3364 3258 3434 quia
3308 3364 3481 3417 omnis
3529 3362 3663 3429 inju-

2087 3456 2235 3512 stitia
2256 3454 2534 3511 ulciscitur
2562 3472 2591 3508 a
2621 3455 2758 3525 Deo,
2780 3462 2835 3509 et
2864 3453 3055 3508 melior
3090 3461 3176 3507 est
3216 3449 3519 3506 benedictio
3566 3448 3658 3501 Dei

2087 3563 2250 3619 quam
2295 3562 2485 3602 omnes
2536 3532 2741 3601 divitia?
2792 3527 2997 3600 mundi.
3055 3543 3321 3613 Quidquid
3368 3543 3419 3596 in
3469 3541 3663 3596 saeculo

2087 3648 2320 3704 amatur,
2346 3637 2644 3702 amittitur;
2671 3620 2932 3706 quidquid
2958 3650 3057 3705 pro
3078 3634 3189 3688 Deo
3210 3634 3385 3697 datur,
3416 3633 3661 3687 habetur.

2084 3728 2183 3783 Cui
2204 3710 2388 3799 largus
2430 3729 2556 3790 eris,
2585 3727 2629 3781 si
2672 3736 2774 3780 tua:
2804 3726 2997 3781 animae
3038 3723 3232 3777 tenax?
3258 3722 3353 3776 Vel
3399 3722 3519 3789 quis
3565 3721 3663 3775 tibi

2085 3819 2256 3874 ﬁdelis
2283 3818 2404 3882 erit,
2441 3818 2484 3871 si
2507 3825 2564 3871 tu
2594 3817 2691 3870 tibi
2720 3816 2833 3885 ipse
2858 3814 3088 3869 inﬁdelis
3111 3813 3255 3867 eris?
3278 3812 3386 3867 Cur
3415 3812 3468 3865 in
3496 3811 3660 3865 alium

2086 3925 2235 3979 spem
2264 3909 2437 3981 ponis,
2467 3916 2522 3962 et
2548 3915 2604 3961 tu
2636 3908 2734 3961 tibi
2764 3907 2879 3976 ipse
2917 3903 3237 3960 benefacere
3264 3917 3371 3957 non
3396 3902 3511 3955 vis?
3547 3901 3659 3956 Mo-

2085 4000 2263 4065 rieris,
2302 4015 2335 4054 o
2364 4000 2560 4053 homo!
2596 4007 2651 4052 et
2687 3996 3147 4053 omniadimittes
3173 4008 3291 4063 quas
3321 3993 3508 4048 habes.
3561 3992 3660 4045 Hic

2084 4091 2167 4144 vis
2191 4091 2340 4145 dives
2367 4105 2486 4144 esse
2512 4090 2846 4158 peregrinus,
2870 4096 2924 4143 et
2948 4086 3121 4157 parvi‘
3147 4084 3405 4154 temporis
3430 4085 3658 4152 hospes;

2083 4188 2139 4235 et
2166 4195 2271 4235 non
2301 4181 2383 4233 vis
2411 4180 2483 4233 ibi
2522 4194 2641 4233 esse
2671 4180 2819 4233 dives
2856 4178 2947 4230 ubi
2977 4188 3190 4244 semper
3220 4174 3361 4247 eris?
3390 4172 3664 4226 Prmmitte

2084 4271 2181 4325 tibi
2206 4271 2421 4325 divitias
2447 4278 2584 4333 tuas,
2612 4276 2672 4323 ut
2712 4268 2912 4321 habeas
2957 4266 3009 4318 in
3048 4272 3309 4318 aeternum
3344 4261 3483 4329 quod
3516 4276 3666 4315 ames

2084 4366 2139 4418 in
2177 4362 2391 4418 saeculo.
2423 4360 2686 4417 Construe
2721 4359 2817 4412 tibi
2858 4357 3016 4412 bonis
3043 4354 3299 4425 operibus
3327 4355 3542 4408 beatam
3572 4353 3666 4407 do-

406 4451 569 4506 habet
622 4451 891 4519 gaudium,
949 4454 1078 4506 dum
1131 4456 1441 4523 pervenitur
1490 4471 1598 4524 quo
1646 4458 1978 4522 ascenditur,
2011 4495 2059 4554 D
2085 4474 2251 4513 mum.
2284 4456 2457 4523 Quam
2484 4456 2650 4509 miser
2689 4454 2795 4509 erit
2826 4453 2915 4522 qui
2948 4466 3160 4520 semper
3205 4465 3430 4505 arsurus
3472 4450 3577 4503 erit
3609 4450 3662 4503 in

403 4539 787 4596 beatitudinem
830 4540 1095 4610 siquidem
1133 4546 1536 4611 sempiternam.

473 4628 531 4693 Si
556 4627 695 4684 forte
722 4630 963 4701 quaeritis
1005 4633 1269 4703 quomodo
1299 4634 1420 4702 quis
1460 4636 1717 4689 ascendat
1762 4635 1816 4687 in
1863 4651 1975 4689 ca:-

401 4721 530 4789 lum,
556 4719 641 4775 vel
675 4723 798 4792 quis
824 4725 1089 4807 quomodo
1115 4725 1273 4780 cadat
1300 4726 1355 4780 in
1376 4724 1683 4780 infernum?
1712 4726 1816 4781 Per
1832 4726 1972 4779 mala

402 4814 567 4885 igitur
598 4827 761 4881 opera
799 4814 908 4867 ruit
954 4812 1115 4889 homo
1164 4816 1231 4871 ad
1270 4816 1477 4873 inferna
1529 4818 1681 4889 [Ms.,
1730 4817 1969 4889 inﬁma];

400 4874 498 4975 per
532 4874 671 4959 bona
717 4919 848 4959 vero
896 4874 1103 4975 (operi)
1146 4909 1386 4962 ascendit
1432 4910 1496 4963 ad
1530 4874 1791 4978 superna.
1836 4874 1971 4963 Maia

400 4998 581 5067 itaque
618 5004 743 5052 sunt
784 5009 982 5065 opera:
1030 4997 1309 5053 delectatio
1339 5002 1591 5065 carnalis,
1620 5002 1841 5055 ambitio
1871 5017 1972 5055 sa:-

466 5108 677 5162 "Edit.
722 5107 973 5182 Quercct.
1006 5107 1315 5182 29.__C_anis.
1337 5112 1396 5182 ⁸2
1446 5112 1697 5177 (Froben.
1728 5112 1838 5182 10),
1868 5114 1969 5166 col~

398 5178 507 5232 lata
536 5192 658 5232 cum
685 5180 841 5235 codd.
868 5194 996 5234 mss.
1027 5178 1220 5233 Salish.
1250 5188 1303 5233 et
1332 5179 1388 5233 S.
1423 5182 1767 5237 Emmerami.

470 5249 507 5321 b_
532 5244 811 5321 @dilredo
843 5251 966 5321 regi.
1008 5249 1402 5321 Northumbria:
1439 5252 1529 5319 qui
1581 5253 1967 5321 alicuhietiam

398 5316 764 5390 Ethelredus,
784 5326 838 5372 et
860 5316 914 5372 in
936 5321 1177 5389 sequenti
1197 5320 1351 5390 epist.
1372 5321 1425 5372 in
1446 5316 1565 5374 cod.
1594 5316 1799 5378 Salisb.
1818 5322 1967 5377 Edil-

399 5388 557 5441 radus
597 5386 911 5456 appellatur.
966 5386 1027 5444 ls'
1058 5406 1198 5445 anno
1229 5386 1350 5442 ’774
1398 5405 1491 5442 rex
1538 5389 1734 5455 factus,
1784 5408 1813 5445 a
1862 5394 1973 5447 suis

605 5470 746 5529 anno
766 5456 876 5529 778
925 5474 1088 5527 regno
1134 5460 1405 5527 dejectus;
1462 5468 1583 5529 post
1634 5476 1803 5515 annos
1844 5479 1974 5517 vero

432 5528 699 5591 uodecim,
727 5527 780 5581 id
808 5534 892 5583 est
918 5544 1059 5582 anno
1086 5530 1188 5585 790
1225 5530 1398 5584 eidem
1435 5527 1734 5593 restitutus,
1757 5532 1972 5586 demum

396 5599 663 5655 occiditur
699 5596 987 5659 ann0‘796,
1026 5608 1085 5651 ut
1115 5611 1366 5655 accurate
1410 5607 1593 5653 narrat
1633 5599 1967 5656 Hovedenns.

399 5667 518 5722 Vid.
550 5670 675 5735 Pagi
709 5669 774 5723 ad
796 5684 891 5724 eos
918 5682 1103 5729 annos,
1137 5678 1190 5721 et
1216 5670 1484 5724 Cointium
1517 5669 1581 5722 ad
1606 5686 1805 5724 annum
1848 5670 1968 5733 796,

399 5748 453 5790 u.
489 5736 608 5793 I72.

2084 4549 2227 4617 igne,
2255 4546 2345 4615 qui
2370 4544 2605 4605 tenebris
2627 4542 2991 4597 circumdatus
3037 4538 3343 4604 horrendis,
3388 4540 3480 4607 qui
3530 4540 3664 4592 nihil
3692 4572 3697 4576 -

2083 4637 2265 4691 audiet
2295 4636 2397 4689 nisi
2443 4649 2604 4688 voces
2642 4633 2882 4686 ﬂentium
2936 4641 2988 4685 et
3025 4630 3368 4683 stridentium
3415 4629 3664 4684 dentibus

2082 4727 2365 4781 horrorem
2400 4724 2614 4795 (Matth.
2666 4738 2791 4786 vm,
2862 4722 2983 4792 l2)!
3045 4721 3136 4791 qui
3182 4720 3315 4774 nihil
3354 4720 3519 4774 sentit
3560 4719 3661 4773 nisi
3698 4764 3703 4793 χ

2083 4818 2329 4874 ﬂammas
2372 4818 2585 4881 edaces,
2624 4827 2677 4871 et
2732 4814 2933 4886 frigora
2988 4814 3248 4884 ingentia,
3296 4822 3350 4868 et
3399 4814 3663 4867 vermium

2082 4921 2377 4967 venenatos
2430 4910 2654 4964 dentes!
2723 4908 2795 4963 Ut
2843 4909 2958 4962 hzec
3013 4906 3314 4973 horribilia,
3366 4920 3400 4959 ο
3452 4906 3701 4959 amice!‘

2076 5003 2303 5059 evadere
2328 5002 2528 5065 valeas,
2561 5000 2737 5054 nullus
2764 4998 2860 5051 tibi
2892 4996 3046 5049 labor
3088 4996 3255 5049 durus
3283 4994 3455 5047 videri
3479 4994 3659 5057 debet,

2152 5123 2173 5163 ς
2219 5108 2451 5163 Osbaldo
2501 5108 2741 5177 patricio.
2776 5106 2947 5177 Hunc
2992 5119 3111 5177 esse
3148 5102 3454 5177 Osbaldum
3514 5111 3665 5177 putat

2073 5179 2345 5242 Canisius,
2377 5178 2441 5231 de
2469 5173 2575 5247 quo
2606 5176 2926 5230 Hovedenns
2968 5176 3034 5229 ad
3082 5176 3281 5229 annum
3306 5174 3432 5247 7796
3476 5173 3664 5247 refert,

2074 5251 2215 5321 quod
2238 5249 2417 5305 occiso
2440 5244 2573 5321 rege
2598 5247 2875 5321 Edilredo
2902 5262 2930 5299 a
2954 5247 3272 5321 quibusdam
3301 5244 3666 5321 ipsiusgentis

2075 5314 2410 5392 principibus
2437 5320 2490 5392 in
2515 5314 2740 5392 regnum
2765 5317 3209 5392 sit_c0nstitutus._
3230 5322 3286 5369 et
3307 5322 3428 5392 post
3452 5314 3567 5392 dies
3595 5314 3663 5367 ‘27

2076 5384 2224 5445 omni
2257 5384 2419 5461 regim
2456 5384 2671 5443 familia:
2696 5399 2747 5442 et
2776 5387 3077 5457 principum
3101 5386 3358 5440 societate
3380 5384 3666 5437 destitutus

2078 5461 2431 5571 fugatusque,
2461 5468 2567 5514 etc.
2746 5528 2756 5538 .
2871 5528 2881 5538 .
3136 5525 3146 5534 ι
3216 5500 3222 5509 .

2216 5521 2324 5571 ΩΑ
2360 5529 2607 5571 mnum.
2635 5529 2776 5571 dum.
2807 5526 2883 5571 111ι
2936 5525 3181 5571 fnrlassns
3216 5541 3222 5571 ι

2216 5518 2337 5601 20'
2360 5518 2607 5603 Osbcrcto
2635 5528 2776 5603 du_c_i.
2806 5526 2884 5603 Illi
2934 5525 3181 5579 fortassis
3207 5535 3376 5603 quem
3412 5518 3659 5603 uatmes.

2077 5590 2349 5657 bitrio—an
2378 5600 2669 5669 patricium
2706 5595 3023 5669 Merciorum
3076 5592 3338 5669 nominat,
3389 5590 3458 5669 ad
3504 5605 3671 5669 quem

2081 5673 2339 5728 Alcuinus
2370 5660 2529 5721 aliam
2568 5665 2786 5735 scripsit
2829 5664 3135 5734 epistolam,
3171 5660 3350 5735 (cujus
3376 5661 3480 5735 duo
3524 5660 3663 5727 frag-

2080 5753 2260 5797 menta
2290 5757 2354 5793 ex
2381 5738 2567 5792 eodem
2608 5731 3066 5789 Slalmesburiensi
3105 5734 3242 5787 intra
3270 5731 3533 5786 dabimus.
