4206 6208
499 388 594 442 159

1373 377 1433 430 Β.
1475 374 1537 429 F.
1579 370 1804 428 ALBINI
1844 368 1974 425 SEU
2018 364 2292 421 ALCUINI
2330 361 2614 421 OPERUM
2658 360 2840 417 PARS
2878 359 2916 411 ι.

3668 355 3774 411 160

491 509 551 551 ιιι
574 498 639 550 ad
674 494 817 549 illam
845 490 1233 547 beatitudinem
1260 487 1544 558 pervenire
1564 484 1848 547 merearis,
1872 491 2076 537 aeterna
2108 478 2152 533 Α
2180 473 2509 543 paenitentia!
2542 470 2949 527 medicamentis
2976 485 3166 525 sanare
3191 480 3479 533 curarum;
3507 470 3599 523 sed
3623 488 3775 524 com-

492 602 625 659 pace
666 584 1137 654 jucundissimam,
1205 589 1403 635 aeterna
1452 576 1623 649 gloria
1682 573 2074 639 felicissimam.

496 678 647 734 Nulla
700 675 973 731 smcularis
1028 672 1271 733 ambitio,
1330 670 1475 724 nul‘la
1530 669 1710 723 carnis
1765 665 2075 728 delectatio,

495 770 636 825 nulla
674 769 1015 823 inimicorum
1044 765 1279 818 vindicta
1328 763 1588 830 impediat
1634 775 1852 813 cursum
1904 767 2075 811 tuum.

494 862 600 917 Sed
628 874 805 921 curre,
836 858 961 911 dum
1007 856 1181 909 lucem
1227 855 1394 908 habes
1422 854 1605 923 (Joan.
1650 868 1724 905 xu
1746 892 1759 912 ,
1794 849 1920 919 55);
1952 863 2080 916 ope-

500 968 643 1016 rare,
673 952 797 1006 dum
826 951 939 1003 dies
978 956 1082 1011 est,
1137 956 1403 1015 quatenus
1452 945 1519 999 ad
1572 945 1743 998 lucem
1794 942 2080 1010 pervenias

497 1053 831 1113 perpetuam,
863 1048 921 1093 ut
950 1055 1073 1093 cum
1106 1038 1322 1091 Christo
1349 1047 1403 1090 et
1446 1037 1649 1090 sanctis
1689 1051 1803 1103 ejus
1856 1048 2083 1102 regnare

500 1133 757 1187 merearis
781 1133 832 1184 in
863 1130 1031 1201 gloria
1058 1128 1408 1197 sempiterna.

568 1222 682 1279 Non
712 1221 883 1275 solum
912 1236 1024 1281 vos,
1058 1218 1160 1271 viri
1200 1217 1507 1279 clarissimi,
1536 1225 1589 1269 et
1628 1212 1719 1274 lilii
1750 1213 2079 1276 charissimi,

497 1318 581 1370 bis
610 1314 747 1370 meis
772 1313 1037 1367 admoneo
1060 1310 1333 1373 litterulis,
1386 1309 1481 1362 sed
1528 1315 1583 1361 et
1632 1321 1824 1361 omnes
1875 1304 2123 1359 dilectae‘

495 1404 669 1473 gentis
705 1402 997 1472 principes,
1029 1410 1083 1453 ct
1114 1398 1479 1471 [diversarum
1520 1393 1866 1474 dignitatum]
1898 1394 2088 1447 'nomi-

495 1510 584 1557 na,
612 1509 707 1549 seu
732 1491 1116 1547 ecclesiasticae
1142 1488 1360 1558 pietatis
1388 1487 1623 1549 ordines,
1671 1501 1763 1540 seu
1812 1485 2089 1541 saecularis

494 1586 748 1655 potentiae
798 1583 1161 1639 sublimitates
1206 1581 1480 1642 communi
1531 1580 1816 1635 cliaritatis
1867 1579 2085 1643 intuitu,

494 1672 647 1746 quasi
686 1675 933 1728 alumnus
960 1680 1157 1727 vestra:
1184 1670 1461 1725 dilectioni
1508 1670 1756 1733 devotus,
1802 1668 2088 1737 deprecor,

496 1767 589 1821 Dei
614 1764 1027 1835 diligentissime
1056 1762 1277 1815 obedire
1309 1760 1619 1831 prmceptis,
1641 1759 2092 1829 praedicatoribus

2182 570 2503 633 putruerunt
2528 563 2581 615 in
2619 562 2855 629 peccatis
2894 561 3023 623 suis,
3054 561 3223 615 donec
3248 563 3529 632 repentino
3562 571 3777 616 terrore

2182 653 2376 707 cecidit
2406 667 2569 721 super
2594 667 2688 706 eos
2720 650 2982 720 judicium
3012 650 3101 705 Dei
3126 691 3139 714 ,
3161 660 3217 704 et
3253 660 3363 705 tam
3397 651 3684 705 infeliciter
3716 651 3776 704 in

2183 754 2473 813 conspectu
2499 744 2740 797 omnium
2765 746 3071 812 perierunt,
3093 755 3255 811 quam
3294 744 3631 813 impudenter
3656 743 3782 799 sine

2183 834 2291 887 ulla
2337 834 2640 887 reverentia
2682 834 2933 903 pessimis
2985 850 3041 887 se
3084 833 3279 887 involvi
3326 835 3622 889 sceleribus
3665 851 3777 890 non

2184 933 2513 979 metuerunt.
2563 924 2708 977 Heu!
2755 940 2914 992 quam
2952 925 3146 978 misere
3183 933 3498 994 pr:esentem
3529 925 3781 995 perdide-

2188 1025 2311 1069 runt
2345 1016 2539 1068 vitam!
2573 1014 2679 1069 Sed
2711 1015 2878 1069 multo
2905 1015 3266 1070 miserabilius
3304 1017 3357 1069 in
3392 1019 3611 1072 arternis
3649 1034 3778 1073 crn-

2186 1109 2398 1161 ciantur
2429 1107 2730 1160 tormentis.
2758 1106 2968 1160 Timete
2996 1106 3205 1159 illorum
3236 1106 3621 1175 perditionem,
3648 1116 3702 1160 et
3742 1123 3779 1160 ξι

2190 1198 2390 1251 talibus
2414 1200 2767 1265 vosmetipsos
2796 1198 3163 1267 impietatibus
3186 1199 3473 1253 observate
3498 1240 3513 1261 ,
3555 1199 3608 1252 in
3654 1200 3781 1267 qui-

2188 1292 2289 1347 bus
2319 1294 2395 1347 illi
2428 1294 2725 1363 perierunt.
2752 1274 2895 1347 [dimi
2920 1294 3062 1346 enim
3094 1292 3236 1347 Deus
3260 1308 3421 1361 super
3443 1302 3619 1347 vestra
3642 1293 3781 1363 vigi-

2190 1368 2266 1437 lat
2291 1383 2479 1455 [corda
2506 1382 2613 1455 vel]
2645 1398 2829 1451 opera,
2865 1384 2959 1452 qui
3004 1383 3213 1437 illorum
3256 1398 3363 1437 non
3398 1383 3633 1452 pepercit
3662 1397 3784 1437 sce-

2191 1476 2414 1530 leribus.
2450 1474 2600 1529 Multi
2631 1490 2758 1527 vero
2802 1488 2900 1543 per
2942 1471 3158 1542 rapinas
3191 1482 3245 1527 et
3290 1474 3601 1541 iniquitates
3629 1472 3786 1527 colli-
3822 1466 3825 1471 ⁴

2192 1582 2317 1637 gere
2354 1568 2625 1633 gestiunt,
2671 1574 2725 1621 et
2767 1566 3017 1619 nesciunt
3057 1565 3198 1634 quod
3236 1574 3526 1633 utrumque
3563 1574 3790 1636 propter

2194 1654 2473 1707 avaritiam
2518 1655 2757 1723 iniquam
2797 1665 2851 1708 et
2880 1665 3092 1708 terrena
3140 1654 3247 1709 cito
3292 1655 3521 1725 perdunt
3560 1658 3701 1710 bona
3728 1665 3791 1711 ct

2195 1745 2435 1800 caelestia
2468 1762 2743 1815 nunquam
2769 1748 3077 1815 acquirunt.

495 1857 684 1911 salutis
706 1864 903 1909 vestra:
931 1852 1174 1907 subditos
1203 1867 1343 1905 esse.
1378 1851 1594 1904 Illorum
1636 1860 1742 1913 est,
1788 1851 1839 1904 id
1870 1858 1954 1904 est
1998 1865 2085 1905 sa-

2266 1835 2553 1891 llliusmodi
2566 1878 2579 1901 ,
2594 1836 2691 1889 viri
2707 1836 2924 1901 fmtres,
2960 1837 3360 1907 vobismetipsis
3378 1846 3563 1893 cavete
3587 1840 3790 1908 iniqui-

494 1947 797 2010 eerdotum,
835 1945 998 1998 verba
1046 1942 1140 1997 Dei
1179 1958 1285 1997 non
1346 1949 1555 2006 tacere;
1615 1950 1857 1995 vestrum
1914 1950 2022 2005 est,
2066 1955 2116 2019 ο.

494 2040 788 2109 principes,
820 2035 1097 2091 humiliter
1120 2034 1366 2097 obedire,
1398 2032 1687 2101 diligenter
1712 2032 1957 2101 implere.
1986 2031 2095 2085 Re-

496 2133 579 2201 gis
604 2138 689 2184 est
709 2142 898 2183 omnes
922 2126 1240 2195 iniquitates
1272 2123 1493 2192 pietatis
1519 2138 1629 2175 sua:
1659 2123 1900 2190 potentia
1925 2121 2102 2192 oppri-

499 2237 671 2285 mere,
700 2218 909 2288 justum
938 2232 1057 2271 esse
1084 2217 1137 2270 in
1173 2214 1413 2283 judiciis,
1439 2214 1672 2283 pronum
1701 2214 1753 2267 in
1789 2213 2102 2267 misericor-

498 2314 607 2367 dia.
634 2310 944 2366 Secundum
972 2311 1113 2377 quod
1140 2308 1227 2362 ille
1250 2308 1542 2361 miseretur
1563 2305 1839 2375 subjectis,
1875 2306 2099 2359 misere-

501 2406 649 2460 bitur
691 2405 739 2458 ei
771 2404 934 2458 Deus.
972 2401 1226 2457 Sobrium
1280 2401 1334 2455 in
1379 2402 1647 2463 moribus.
1696 2400 1992 2454 veridicum
2044 2400 2097 2453 in

500 2498 701 2561 verbis,
749 2494 959 2563 largum
1022 2493 1075 2547 in
1130 2493 1307 2557 donis,
1370 2491 1654 2561 providum
1701 2491 1755 2544 in
1810 2490 2096 2545 consiliis:

498 2586 836 2644 consiliarios
875 2584 1076 2649 habere
1116 2585 1427 2653 prudentes,
1472 2583 1643 2637 Deum
1680 2582 1953 2645 timentes,
2002 2583 2099 2636 ho-

504 2676 671 2731 nestis
717 2673 962 2728 moribus
990 2680 1232 2726 ornatos.
1266 2672 1493 2741 Oportet
1518 2688 1642 2726 eum
1686 2687 1792 2725 non
1842 2672 2095 2740 cupidum

501 2781 623 2822 esse
665 2765 854 2819 alienae
886 2762 1240 2825 hrereditatis,
1286 2776 1391 2815 non
1423 2776 1668 2824 avarum,
1699 2776 1803 2815 non
1834 2761 2099 2815 violenter

505 2859 830 2928 rapientem,
856 2856 1067 2910 dicente
1122 2852 1429 2923 Apostolo:
1490 2853 1670 2922 Neque
1721 2853 1885 2922 fures,
1935 2870 2097 2923 neque

502 2950 670 3012 avari,
699 2962 863 3017 neque
894 2960 1107 3015 rapaces
1152 2960 1364 3013 regnum
1395 2942 1491 2997 Dei
1520 2943 1853 3014 possidebunt
1884 2943 1936 3013 (1
1968 2942 2093 2997 Cor.

505 3053 582 3100 vi,
621 3035 731 3107 l0).
762 3035 830 3088 Et
880 3047 1022 3102 smpe
1057 3047 1154 3103 per
1201 3032 1419 3101 rapinas
1448 3032 1663 3100 propria
1695 3031 1916 3095 amittit,
1969 3032 2095 3101 quia

452 3118 461 3123 ’
504 3128 651 3183 Deus
677 3128 934 3196 gemitum
960 3127 1179 3181 exaudit
1223 3139 1627 3194 oppressorum.

580 3218 833 3289 Legimus
894 3230 1107 3285 quoque
1153 3217 1297 3285 quod
1353 3216 1494 3284 regis
1547 3215 1763 3269 bonitas
1801 3216 1965 3270 totius
2013 3223 2099 3270 est

506 3310 684 3382 gentis
711 3308 1065 3378 prosperitas,
1097 3305 1323 3359 victoria
1352 3305 1653 3366 exercitus,
1708 3305 1853 3359 acris
1899 3313 2098 3373 tempe-

510 3401 638 3463 ries,
673 3408 831 3471 teme
854 3396 1205 3462 abundantia,
1252 3394 1488 3449 ﬁliorum
1518 3394 1846 3457 benedictio,
1897 3396 2102 3449 sanitas

507 3492 701 3562 plebis.
737 3490 987 3560 Magnum
1014 3498 1097 3543 est
1130 3496 1297 3541 totam
1327 3502 1515 3558 regere
1536 3495 1784 3557 gentem;
1809 3502 1839 3539 a
1869 3487 2102 3556 regendo

509 3599 641 3638 vero
674 3599 770 3638 rex
819 3582 1050 3645 dicitur;
1084 3590 1137 3633 et
1164 3581 1257 3648 qui
1308 3580 1447 3633 bene
1488 3581 1623 3649 regit
1667 3578 1970 3647 subjectum
2000 3578 2101 3633 sibi

507 3674 784 3747 papulum,
811 3673 1007 3727 bonam
1037 3672 1202 3725 habet
1223 3686 1253 3723 a
1276 3670 1386 3724 Deo
1409 3670 1843 3734 retributionem,
1872 3684 2099 3737 regnum

498 3768 715 3825 scilicet
742 3765 983 3822 caeleste.
1024 3763 1191 3819 Valde
1236 3761 1465 3817 feliciter
1491 3769 1683 3831 regnat
1706 3761 1758 3814 in
1809 3771 1980 3825 terra,
2008 3761 2100 3829 qui

454 3843 459 3847 ⁷
508 3862 577 3915 de
627 3869 849 3913 terreno
872 3872 1040 3926 regno
1097 3853 1395 3908 merebitur
1440 3853 1680 3907 caeleste.
1756 3844 2105 3907 Orationibus

508 3966 639 4004 vero
663 3958 719 4002 et
741 3948 941 4016 vigiliis
963 3944 1357 3999 eo-instantius
1392 3943 1459 3995 ad
1508 3942 1679 3995 Deum
1729 3942 1978 3995 insistere
2013 3943 2105 3995 de—

508 4042 620 4103 bet,
668 4055 777 4110 quo
821 4053 927 4093 non
960 4052 1057 4106 pro
1101 4052 1159 4090 se
1206 4034 1565 4098 solummodo,
1599 4034 1693 4087 sed
1740 4042 1794 4087 et
1815 4050 1913 4103 pro
1943 4034 2105 4087 totius

508 4131 685 4205 gentis
713 4128 1073 4200 prosperitate
1110 4126 1277 4180 Deum
1307 4126 1583 4195 deprecari
1614 4125 1793 4179 debet.
1845 4124 2107 4180 Similiter

508 4222 783 4294 principes
819 4228 875 4274 et
895 4219 1108 4291 judices
1138 4218 1339 4288 populi,
1381 4218 1485 4287 19
1510 4219 1561 4271 in
1588 4216 1798 4287 justitia
1826 4227 1879 4271 et
1903 4218 2105 4287 pietate

507 4314 705 4386 populo
727 4314 869 4383 (Dei)
899 4312 1141 4383 prmsint.
1181 4312 1388 4375 Viduis,
1423 4312 1639 4381 pupillis
1669 4322 1723 4365 et
1756 4312 1969 4366 miseris
1995 4312 2105 4365 sint

510 4406 667 4475 quasi
697 4413 896 4473 patres,
922 4404 1049 4472 quia
1070 4403 1298 4469 mquitas
1324 4404 1629 4470 principum
1654 4403 1832 4471 populi
1861 4410 1942 4456 est
1962 4402 2107 4454 exal-

2124 3170 2172 3233 C

2210 1934 2362 1989 tates,
2389 1936 2655 1995 quatenus
2668 1927 2836 1981 Deum
2860 1928 3279 1997 omnipotentem
3306 1928 3362 1982 in
3395 1931 3644 1997 pnesenti
3674 1931 3789 1983 vita

2204 2016 2494 2085 propitium
2518 2018 2719 2073 habere
2741 2019 3052 2072 mereamini
3093 2028 3148 2072 et
3178 2021 3230 2073 in
3261 2019 3440 2074 futura
3462 2030 3792 2075 aeternorum

2206 2105 2515 2175 largitorem
2544 2108 2827 2161 bonorum.
2856 2107 3051 2163 Pacem
3085 2110 3275 2165 habete
3312 2112 3451 2165 inter
3474 2126 3569 2166 vos
3603 2122 3656 2166 et
3690 2113 3790 2167 1“.-

2204 2199 2555 2269 nignitatem;
2585 2200 2857 2255 miserico:
2872 2202 3013 2255 diam
3036 2210 3089 2255 et
3103 2198 3370 2268 justitiam
3391 2203 3456 2255 ad
3484 2216 3674 2258 omnes
3694 2204 3794 2258 bo-

2203 2288 2404 2352 mines,
2442 2298 2497 2343 et
2531 2292 2837 2344 castitatem
2884 2292 3128 2360 corporis
3171 2292 3443 2347 custodite
3484 2294 3681 2357 vestri,
3730 2304 3795 2348 ut

2203 2378 2438 2448 Spiritus
2460 2389 2678 2435 sanctus
2698 2382 2895 2435 vestris
2922 2381 3185 2435 inhabitet
3218 2382 3525 2451 pectoribus
3543 2423 3558 2447 ,
3585 2384 3674 2451 qui
3706 2399 3794 2438 sa-

2200 2472 2355 2539 piens
2384 2472 2536 2526 vobis
2569 2486 2783 2541 semper
2821 2483 3075 2542 suggerat
3122 2474 3439 2536 consilium,
3476 2487 3679 2543 vosque
3721 2474 3794 2527 ab

2200 2563 2346 2615 omni
2371 2561 2623 2617 defendat
2648 2563 2802 2617 boste
2846 2563 3043 2617 visibiti
3081 2572 3135 2617 et
3176 2563 3454 2621 invisibili.
3492 2565 3796 2634 Vestroque

2199 2654 2419 2709 domino
2456 2655 2641 2710 fideles
2685 2663 2889 2720 estote,
2928 2664 2989 2709 ut
3038 2672 3131 2725 per
3164 2668 3403 2712 vestram
3448 2658 3795 2712 concordiam

2200 2758 2424 2814 regnum
2447 2745 2703 2800 dilatetur
2726 2754 2987 2808 vestrum,
3014 2748 3155 2814 quod
3176 2762 3319 2817 szepe
3347 2762 3445 2816 per
3464 2748 3794 2803 discordiam

2201 2837 2367 2891 minui
2400 2836 2637 2902 solebat,
2668 2836 2881 2892 dicente
2909 2838 3023 2906 ipsa
3056 2838 3294 2892 Veritatc
3320 2856 3332 2891 :
3364 2837 3535 2892 Omne
3566 2853 3796 2909 regnum

2200 2927 2253 2980 in
2273 2942 2331 2981 se
2355 2930 2585 2982 divisum
2614 2944 2720 2983 non
2741 2930 2904 2984 stabit
2926 2929 3139 2999 (Matth.
3169 2948 3265 2997 xu,
3291 2931 3404 3002 25).
3430 2931 3599 2987 Sicuti
3621 2932 3797 2986 maxi-

2200 3032 2285 3071 ma
2311 3020 2533 3087 imperia
2560 3033 2657 3089 per
2684 3020 3048 3075 dissensiones
3078 3022 3361 3077 intestinas
3387 3023 3589 3092 dilapsa
3610 3023 3799 3080 decre-

2202 3109 2453 3174 scebant,
2502 3117 2557 3161 et
2606 3123 2637 3162 e
2686 3113 2965 3165 contrario
3013 3112 3236 3166 minima
3286 3128 3515 3182 qumque
3560 3114 3798 3171 civitatis

2202 3197 2507 3267 Cujuslibet,
2539 3202 2624 3255 vel
2652 3203 2964 3270 provinciae,
2994 3217 3089 3271 per
3118 3204 3396 3272 pacificam
3428 3208 3795 3271 concordiam,

2203 3304 2427 3358 regnum
2474 3291 2753 3345 crescebat
2783 3300 2837 3345 et
2872 3292 3188 3362 proficiebat
3233 3302 3287 3349 et
3333 3293 3645 3352 fortioribus
3691 3300 3796 3353 sibi

2204 3381 2419 3435 tandem
2452 3383 2753 3452 imperabat
2782 3386 2982 3455 regnis.

2279 3474 2305 3513 ι)
2334 3474 2543 3530 Timete
2564 3475 2832 3545 ﬂagellum
2856 3481 3002 3549 quod
3026 3482 3172 3535 venit
3190 3496 3353 3551 super
3372 3483 3656 3538 ecclesiam
3677 3497 3800 3537 san-

2205 3567 2276 3621 cti
2292 3566 2568 3633 Cudberti,
2587 3567 2763 3622 locum
2784 3571 2991 3627 scilicet
3012 3574 3414 3628 sanctissimum
3431 3581 3483 3627 et
3504 3571 3795 3627 multorum

2206 3667 2515 3714 sanctorum
2534 3660 2800 3731 suffragiis
2819 3662 3199 3719 divitissimum
3217 3664 3369 3737 [Ms.,
3386 3664 3796 3737 diutissimum},

2206 3767 2349 3807 nunc
2396 3767 2523 3809 vero
2572 3755 2953 3809 miserabiliter
2986 3772 3016 3809 a
3042 3756 3267 3825 paganis
3303 3755 3660 3811 devastatum.
3693 3756 3799 3823 Qui

2206 3844 2308 3897 hoc
2354 3860 2461 3898 non
2514 3846 2669 3899 timet
2714 3853 2767 3899 et
2812 3846 3049 3915 seipsum
3080 3862 3185 3901 non
3213 3846 3437 3916 corrigit
3464 3856 3517 3901 et
3556 3862 3653 3918 pro
3686 3863 3802 3903 sua:

2207 3936 2395 4002 patria:
2442 3938 2800 4005 prosperitate
2844 3953 2952 3992 non
2988 3940 3194 4010 plangit
3223 3940 3291 3996 ad
3316 3940 3506 4007 Deum,
3535 3946 3799 3997 canteum

2207 4040 2314 4078 non
2343 4025 2503 4081 habet
2534 4044 2648 4094 cor,
2680 4030 2772 4084 sed
2807 4029 3095 4099 lapideum.
3134 4030 3524 4101 Episcoporum
3564 4039 3647 4085 est
3677 4046 3801 4085 mo-

2208 4118 2445 4171 nasteria
2488 4121 2791 4190 corrigere,
2832 4136 3112 4175 servorum
3146 4123 3239 4175 Dei
3268 4108 3432 4176 vitam
3479 4120 3801 4189 disponere,

2208 4209 2404 4277 populo
2434 4210 2540 4265 Dei‘
2558 4214 2778 4265 verbum
2822 4213 3147 4282 praedicare,
3176 4219 3229 4266 et
3269 4212 3553 4281 diligenter
3586 4209 3803 4279 plebem

2210 4301 2423 4353 erudire
2462 4300 2782 4368 subjectam.
2813 4302 3098 4356 Laicorum
3142 4310 3225 4355 est
3275 4302 3496 4356 obedire
3540 4302 3804 4371 pnedica-

2211 4393 2374 4455 tioni,
2398 4390 2575 4458 justos
2611 4407 2730 4446 esse
2772 4400 2827 4445 et
2874 4392 3282 4458 misericordes,
3314 4400 3581 4462 quatenus
3618 4392 3804 4448 divina

509 4498 664 4553 tatio.
706 4495 1069 4550 Ecclesiarum
1099 4493 1300 4548 Christi
1331 4492 1771 4548 sintdefensorcs
1801 4502 1853 4547 et
1876 4503 2100 4555 tutores,
2142 4477 2515 4583 D'Bcnedictio
2542 4498 2641 4553 per
2673 4499 2825 4539 suam
2875 4500 3125 4554 magnam
3171 4485 3597 4541 misericordiam
3643 4485 3806 4541 nobis

507 4599 572 4646 ut
598 4604 879 4647 servorum
911 4587 1002 4643 Dei
1029 4587 1366 4641 orationibus
1407 4586 1561 4654 longa
1594 4586 1777 4639 vivant
1826 4586 2102 4655 prosperi-

510 4690 640 4736 tate.
674 4680 910 4736 Ecclesia
960 4678 1149 4749 (enim)
1184 4693 1379 4747 sponsa
1404 4686 1488 4733 cst
1514 4677 1736 4741 Christi,
1765 4687 1822 4732 et
1860 4677 1951 4746 qui
1983 4692 2103 4730 eam

511 4773 716 4829 violare
745 4772 955 4833 nititur,
984 4770 1068 4824 vel
1104 4784 1294 4836 rapere
1326 4783 1445 4835 qua:
1467 4783 1563 4820 sua
1605 4776 1747 4831 sunt,
1780 4768 2018 4821 vindicat
2051 4769 2104 4821 in
2148 4798 2153 4801 ι

509 4878 634 4919 eum
669 4861 814 4915 Deus
849 4858 1118 4922 Christus,
1147 4873 1378 4927 sponsus
1406 4865 1607 4911 sancta:
1634 4872 1745 4911 sum
1781 4857 2057 4912 Ecclesiw.

581 4970 607 4998 ιι
639 4956 862 5012 Vidistis
904 4952 1175 5023 quomodo
1213 4950 1475 5021 perierint
1518 4956 1892 5004 antecessores
1933 4951 2102 5005 vestri

509 5061 667 5119 reges
694 5054 750 5100 et
790 5045 1061 5115 principes
1091 5051 1315 5113 propter
1363 5040 1656 5107 injustitias
1701 5048 1756 5095 et
1799 5042 2018 5112 rapinas
2055 5052 2107 5099 et

512 5138 887 5196 immunditias
912 5138 1069 5199 vitaz,
1104 5151 1203 5189 nec
1234 5134 1301 5190 ab
1338 5132 1709 5202 hujuscemodi
1756 5149 1815 5190 se
1864 5139 2105 5207 peccatis

510 5229 801 5283 criminum
824 5224 1159 5294 capitalium,
1188 5224 1357 5277 Deum
1384 5224 1656 5289 timentes,
1690 5226 2101 5292 abstinuerunt;

513 5334 633 5383 nec,
661 5320 802 5388 quod
835 5315 989 5386 pejus
1009 5324 1111 5378 est,
1147 5316 1537 5369 immanissima
1564 5317 1828 5370 scelerum
1852 5320 2103 5381 vulnera,

587 5476 611 5503 ι
664 5458 898 5521 Vidistis,
942 5459 1200 5529 quomodo
1252 5460 1496 5529 perierint
1543 5474 1689 5528 reges
1736 5468 1784 5511 et
1826 5459 2104 5527 principes.

514 5534 707 5589 Clades
754 5548 939 5597 regum
984 5531 1275 5584 Britannia:
1306 5538 1359 5583 et
1402 5529 1945 5584 Northanimbrorum
1995 5530 2110 5583 fuse

515 5603 773 5658 describit
799 5604 1075 5657 Malmesb.
1106 5602 1199 5655 lib.
1239 5619 1275 5655 ι.
1312 5601 1445 5671 Reg.
1476 5600 1634 5670 Angl.
1669 5614 1789 5669 cap.
1820 5599 1975 5671 5.qni
2012 5601 2106 5671 ait,

517 5677 801 5743 plerosque
851 5689 1039 5739 regum
1074 5670 1619 5743 Not-thanimlirorum
1673 5684 1807 5740 pene
1853 5670 2108 5724 familiari

516 5742 684 5799 exitio
712 5744 877 5798 vitam
907 5743 1102 5796 exisse.
1147 5742 1326 5795 (lixis.

589 5814 616 5852 ⁸³
662 5810 853 5865 Timete
885 5812 1169 5881 ﬂagellum.
1212 5813 1341 5865 Vide
1382 5830 1499 5883 qum
1532 5814 1594 5863 de
1627 5815 1726 5867 lim-
1761 5810 1966 5877 flagel'o
2008 5812 2104 5863 ad—

2210 4577 2518 4646 nostrisque
2556 4578 2844 4646 nepotibus
2888 4580 3119 4648 patriam
3168 4579 3221 4633 in
3262 4579 3401 4633 bona
3439 4576 3806 4649 prosperitate

2204 4686 2527 4726 conservare
2570 4672 2841 4741 dignetur,
2899 4689 3060 4741 quam
3112 4673 3313 4726 nostris
3353 4672 3668 4743 parentibus
3703 4685 3807 4740 per

2204 4766 2421 4834 pietatis
2448 4780 2575 4829 sum
2595 4766 2871 4817 dexteram
2900 4766 3201 4832 perdonare
3223 4764 3441 4837 dignata
3469 4773 3572 4821 est.

2712 4890 2735 4918 ο
2791 4879 3126 4936 EPISTOLA
3178 4882 3292 4937 XII.

2658 4965 2725 5003 ΑΙ)
2766 4967 3083 5007 ΑΕΒΙΙΛΠΞῘΠΙΜ
3134 4968 3332 5008 BEGEI.

2775 5040 2952 5112 (Anno
2982 5041 3237 5111 incerto.)

2568 5130 2828 5185 Hortatur
2878 5134 2946 5186 ad
2996 5134 3165 5204 regias
3204 5133 3438 5188 virtutes.

2280 5230 2507 5300 Ι)ρωίοο
2532 5225 2887 5283 dilectissimo
2903 5226 3186 5280 Aidilredo
3203 5222 3359 5296 [ϐοά.
3379 5225 3493 5282 Sal.
3518 5225 3803 5299 Edilrado]

2211 5325 2321 5394 regi
2352 5324 2612 5379 Alcuinus
2636 5325 2896 5380 diaconus
2924 5322 3173 5378 salutem.

2212 5460 2517 5532 notavimus
2544 5460 2596 5513 in
2627 5460 2785 5532 epist.
2816 5460 2849 5513 8
2875 5458 2941 5511 ad
2974 5456 3465 5532 Lindisfarnensem
3488 5454 3624 5510 Data
3665 5465 3804 5532 ergo

2213 5530 2299 5583 illa
2318 5530 2553 5601 epistola
2585 5530 2803 5601 nongdiu
2833 5537 2955 5601 post
2985 5529 3128 5583 illam
3159 5530 3387 5592 cladem,
3418 5541 3538 5598 qua
3564 5529 3801 5591 contigit

2213 5598 2502 5665 anno—795,
2520 5611 2580 5652 ut
2603 5598 2803 5653 ibidem
2828 5598 3083 5653 diximus.

2284 5681 2305 5707 ε
2350 5663 2497 5724 Edit.
2530 5668 2787 5739 Quercct:
2839 5670 2907 5723 39
2939 5670 3190 5730 (Froben.
3228 5670 3312 5739 il)
3354 5683 3420 5723 ex
3451 5663 3796 5739 ms._collatri

2204 5755 2336 5809 {cum
2368 5739 2522 5792 codd.
2570 5754 2701 5792 mss.
2756 5736 2951 5795 Salisb.
2997 5750 3047 5795 et
3191 5736 3536 5793 Eminerami.
3574 5736 3799 5790 Videtur

2216 5810 2376 5861 missa
2409 5823 2527 5861 cum
2555 5809 2731 5878 priore
2766 5810 2828 5861 ad
2862 5826 3039 5881 regem
3069 5810 3257 5862 solum.
