4220 6210
426 304 516 359 Mil
560 258 561 263 ‘

424 504 521 561 sali
550 501 761 557 litteras
779 498 1019 554 scribere
1046 496 1253 551 curavi.
1282 495 1350 549 Et
1371 495 1495 564 quia
1530 505 1744 561 semper
1783 500 1837 545 te
1865 504 2015 543 ama-

424 597 513 659 bo,
538 606 752 661 semper
780 599 832 644 te
854 589 1149 644 admonere
1174 602 1282 641 non
1310 586 1555 648 cessabo,
1600 592 1658 637 ut
1684 582 1781 636 Dei
1821 580 2013 635 volun-

427 686 522 739 tati
566 682 845 744 subditus,
891 679 985 733 Dei
1032 678 1369 747 protectione
1414 675 1608 742 dignus
1648 671 1932 733 etliciaris,
1963 676 2018 722 et

428 776 679 831 nobilitas
705 773 863 843 regiae
892 773 975 825 sui
997 769 1239 823 Iimitatis
1263 782 1455 837 magna
1486 780 1694 819 morum
1736 764 2017 817 nobilitate

427 864 832 921 honoriﬁcetur.
873 861 987 917 Non
1018 868 1101 915 est
1132 860 1267 913 liber
1293 857 1376 909 vel
1407 855 1604 910 nobilis
1646 857 1735 924 qui
1780 854 2018 924 peccatis

429 956 630 1011 serviet
663 952 820 1025 (Coa.
860 951 1001 1015 Sul.,
1030 947 1329 1018 servierit],
1362 948 1574 1001 dicente
1594 947 1862 1025 Domino):
1892 944 2017 998 0m-

430 1049 511 1104 nis
535 1048 624 1118 qui
653 1046 779 1115 facit
805 1054 1072 1115 peccaturo
1092 1083 1106 1107 ,
1136 1057 1313 1095 servus
1350 1049 1425 1093 est
1454 1039 1652 1108 peccati
1680 1038 1860 1107 (Joan.
1887 1051 1982 1089 vin
2000 1076 2014 1098 ,

429 1137 540 1209 Si).
581 1137 697 1192 Non
744 1137 900 1190 decet
930 1143 982 1189 te
1012 1134 1065 1187 in
1097 1132 1231 1188 solio
1271 1132 1549 1186 sedentem
1598 1129 1749 1199 regni
1802 1128 2019 1181 rusticis

429 1233 610 1287 vivere
640 1220 917 1284 moribus.
962 1229 1041 1282 [ra
1088 1227 1184 1281 tibi
1234 1240 1339 1279 non
1381 1224 1708 1286 dominetur,
1748 1221 1841 1276 sed
1881 1220 2019 1274 ratio

432 1323 585 1394 μὴ,
627 1320 845 1393 gratia].
879 1318 1244 1373 Misericordia
1280 1324 1329 1371 te
1367 1315 1652 1369 amabilem
1690 1312 1879 1374 faciat,
1910 1326 2016 1365 non

430 1415 721 1471 crudelitas
765 1412 1041 1468 odiiilem.
1073 1410 1286 1464 Veritas
1335 1408 1585 1461 audiatur
1626 1420 1688 1459 ex
1741 1417 1837 1458 ore
1890 1411 2014 1467 tuo,

431 1522 538 1560 non
560 1504 787 1559 falsitas.
818 1501 1099 1556 Castitatis
1127 1500 1223 1552 tibi
1250 1498 1501 1552 conscius
1526 1504 1674 1563 esto,
1708 1509 1819 1548 non
1840 1493 2018 1547 libidi-

432 1596 543 1659 nis;
564 1578 929 1652 continentize,
955 1605 1061 1643 non
1084 1587 1340 1649 luxuriat;
1366 1584 1694 1648 sobrietatis,
1716 1599 1824 1639 non
1846 1583 2019 1637 ebrie-

432 1685 577 1737 tatis.
608 1681 724 1737 Noli
750 1679 1004 1734 notabilis
1028 1691 1149 1731 esse
1176 1676 1230 1730 in
1260 1676 1440 1744 aliquo
1466 1683 1719 1744 peccato,
1765 1672 1859 1729 sed
1904 1673 2017 1727 lau-

1874 290 2234 344 EPISTOLAS
2246 331 2259 343 .

488 415 716 483 Propter
751 410 1170 465 familiaritatem
1215 407 1518 463 dilectionis
1568 404 1865 458 familiares
1906 401 2001 455 tibi
2037 404 2079 458 Α

3600 287 3698 341 162

2537 411 2559 437 ο
2602 399 2706 469 31
2750 396 3083 453 EPISTULA
3135 396 3273 451 XIV.

2190 507 2254 544 AD
2295 505 2535 545 FRATBES
2560 487 2586 528 δ
2620 502 2878 543 πιιιιικςιε
2916 502 2985 541 ΕΤ
3024 502 3308 543 ῦςιινῑδδιε
3346 501 3628 543 ευριεειιε,

2722 581 2900 653 (Anno
2950 580 3099 654 795.)

2118 672 2380 725 Hortatur
2406 672 2475 725 ad
2524 671 2823 725 ordinatam
2854 672 3197 736 clmritatem;
3225 672 3294 725 ad
3324 672 3703 727 observantiam

2189 744 2446 811 regularis
2469 742 2543 796 vel
2561 743 2828 812 canouictr
2858 743 2994 812 ιξὶιαι,
3025 752 3070 792 et
3091 742 3281 812 regith
3326 744 3493 795 sancti
3542 743 3705 795 liene-

2187 810 2333 864 «ηαξ.
2368 812 2543 864 Terret
2584 810 2816 880 exemplo
2864 810 3409 879 Lindisfarnensium;
3435 812 3702 866 dissuadet

2187 882 2604 935 vestimentorum
2622 880 2854 943 cultum;
2885 882 3257 949 conlessiouem
3284 893 3614 951 peccatorum
3656 892 3705 936 et

2186 952 2542 1020 paenitentiam
2567 950 2915 1003 commendat.

2192 1040 2559 1115 Sanctissimis
2582 1041 2633 1093 in
2656 1040 2869 1094 Christo
2892 1040 3152 1096 fratribus
3164 1042 3429 1098 Wircnsis
3453 1044 3709 1099 Ecclesia:

2118 1142 2173 1188 et
2192 1133 2507 1203 Gyrvcnsis,
2539 1132 2757 1187 humilis
2781 1133 2939 1186 levita
2966 1132 3228 1189 Aleuinus
3257 1134 3505 1189 salutem.

2191 1224 2416 1292 Semper
2447 1224 2664 1293 pietatis
2690 1214 2887 1278 vestra:
2914 1223 3252 1293 religionem,
3309 1242 3374 1280 ex
3426 1242 3532 1295 quo
3567 1226 3711 1281 seire

2118 1315 2290 1383 potui,
2342 1316 2543 1378 amavi,
2586 1322 2945 1384 magnamque
2996 1316 3049 1368 in
3098 1324 3292 1370 vestrm
3338 1317 3710 1371 nnanimitatis

2118 1405 2457 1459 orationibus
2481 1403 2686 1458 habens
2715 1403 2963 1459 ﬁduciam
2995 1418 3009 1457 :
3038 1412 3092 1456 et
3127 1406 3303 1467 modo,
3333 1405 3458 1459 licet
3483 1418 3712 1473 corpore

2119 1494 2555 1566 procul'positus,
2601 1494 2785 1548 animo
2816 1502 2993 1548 tamen
3036 1495 3177 1549 inter
3220 1509 3319 1549 vos
3371 1511 3584 1566 semper
3624 1509 3712 1549 as-

2120 1587 2337 1650 sistens,
2369 1586 2497 1654 quia
2524 1584 2751 1639 latitudo
2780 1584 3064 1640 charitatis
3107 1585 3250 1639 nulla
3305 1585 3563 1640 dividitur
3594 1585 3711 1639 lon-

2118 1678 2442 1747 ginquitate,
2473 1675 2635 1730 nullis
2655 1675 2924 1730 clauditur
2964 1675 3211 1730 terminis
3243 1694 3254 1728 :
3287 1677 3380 1730 sed
3405 1692 3513 1745 quo
3540 1678 3711 1746 magis

432 1773 622 1827 dalilis
648 1773 701 1827 in
732 1768 878 1826 omni
901 1783 1065 1838 opere
1091 1768 1253 1823 bono.
1292 1765 1500 1833 Largus
1545 1772 1663 1819 esto
1707 1765 1762 1818 in
1803 1763 2012 1827 dando,
2048 1748 2093 1807 Β
2121 1770 2274 1824 ardet
2326 1769 2379 1821 in
2422 1768 2661 1837 pectoris
2685 1776 2969 1831 antro,'eo
2995 1766 3160 1822 latius
3201 1766 3471 1823 ﬂammam
3504 1769 3710 1823 suavis-

432 1879 537 1918 non
565 1877 761 1916 avarus
785 1861 837 1913 in
865 1858 1142 1927 rapiendo.
1174 1855 1390 1910 Iustitia
1420 1868 1609 1908 omnes
1636 1862 1757 1909 tuos
1788 1860 2019 1909 exornet

430 1964 603 2009 actus.
632 1953 761 2007 Esto
787 1951 957 2005 forma
986 1947 1137 2021 [Με.,
1165 1944 1494 2018 exemplum]
1521 1946 1818 2000 honestatis
1848 1947 2049 2020 omni:

436 2048 534 2099 bus
559 2051 611 2098 te
636 2042 961 2096 videntibus.
1013 2038 1175 2111 (Noli,
1226 2038 1333 2091 noli
1389 2052 1582 2105 rapere
1626 2037 1832 2111 aliena,
1861 2051 1929 2091 ne
1964 2044 2020 2091 et

434 2136 649 2207 propria
684 2131 928 2204 perdas.]
951 2102 1118 2185 Deum
1149 2131 1297 2193 time,
1326 2129 1419 2199 qui
1447 2102 1583 2184 dixit
1611 2147 1623 2181 :
1658 2102 1725 2183 Iri
1752 2146 1853 2199 quo
1881 2130 2017 2182 enim

426 2227 631 2296 judicio
671 2222 1011 2294 judicabitis,
1039 2220 1370 2290 judicabitur
1394 2220 1458 2273 de
1489 2220 1635 2274 'robis
1676 2218 1892 2290 (Matth.
1920 2235 2014 2282 vu,

432 2318 508 2385 9.).
534 2315 668 2369 Ama
697 2315 865 2368 Deum
901 2311 1175 2366 Christum
1218 2320 1272 2364 et
1317 2309 1433 2379 ejus
1468 2306 1688 2364 obedire
1721 2311 2018 2373 mandatis,

436 2416 700 2478 quatenus
729 2406 871 2459 illius
896 2404 1266 2459 misericordia
1291 2404 1385 2457 tibi
1414 2403 1628 2470 tuisque
1657 2401 1783 2455 liliis
1804 2409 1857 2455 et
1888 2402 2023 2454 ami-

436 2501 517 2555 cis
539 2500 591 2553 in
613 2497 986 2554 benedictione
1014 2502 1298 2551 conservet
1325 2492 1622 2565 [regnum],
1672 2494 1815 2563 quod
1851 2501 1903 2548 te
1927 2493 2023 2547 ha-

440 2592 565 2646 bere
586 2588 775 2651 voluit,
804 2595 856 2641 et
879 2586 1102 2654 gloriam
1138 2584 1331 2639 futurae
1358 2586 1707 2641 beatitudinis
1727 2587 2024 2641 concedere

441 2680 688 2752 dignetur
702 2677 854 2752 [Cod.
874 2677 1015 2741 SaL,
1032 2672 1381 2746 dignabitur].
1403 2675 1543 2728 Deus
1566 2677 1906 2743 omnipotens
1939 2690 2025 2729 re-

443 2772 530 2844 gni
560 2771 837 2833 felicitate,
860 2784 1069 2823 morum
1097 2765 1632 2837 dignitatedongasva
1660 2765 2024 2835 prosperitate

439 2868 491 2913 te
521 2859 709 2914 ﬂorere
737 2859 919 2921 iaciat,
949 2857 1298 2911 dilectissime
1325 2856 1419 2910 ﬁli.

935 2987 957 3015 ⁸
1003 2970 1335 3029 EPIS’I‘OLA
1385 2972 1519 3027 Klll.
1612 2980 1617 2983 ‘

991 3088 1461 3161 Fragmentum.
2026 3125 2028 3127 .
2052 3101 2096 3162 ε

911 3213 975 3249 Αἰ)
1014 3209 1334 3249 λεωιιιεοωι
1373 3207 1568 3247 REGEI.

1032 3305 1215 3376 _(Anno
1251 3305 1402 3375 795.)

442 3414 697 3472 [amarat
732 3417 795 3468 de
824 3416 1097 3485 «ﬁlii-tione
1127 3413 1356 3493 ecclesia:
1391 3423 1437 3465 et
1475 3413 1697 3466 civitatis
1727 3411 2025 3481 Lindisfar-

1136 3498 1326 3543 ησηδιδ.

514 3594 651 3651 Ecce
685 3594 912 3649 ecclesia
959 3594 1130 3647 sancti
1166 3592 1448 3645 Cuthberti
1494 3591 1833 3645 sacerdotum
1882 3592 2023 3662 (Dei)

445 3686 703 3758 sanguine
724 3699 961 3755 aspersa,
988 3684 1236 3738 omnibus
1262 3682 1487 3751 spoliata
1518 3682 1849 3735 ornamentis
1876 3680 2025 3736 locus

444 3776 653 3830 cunctis
698 3776 750 3829 in
794 3775 1067 3828 Britannia
1107 3773 1465 3827 venerabilior
1507 3772 1733 3841 paganis
1780 3772 2028 3841 gentibus

444 3867 602 3921 datur
645 3869 711 3921 ad
755 3868 1169 3937 deprzndandum
1209 3865 1796 3939 [Al.,rdebel|andum].
1835 3867 1901 3920 Et
1936 3866 2027 3919 ubi

443 3956 675 4024 primum
704 3964 828 4023 post
854 3956 1151 4009 discessum
1175 3956 1202 3993 δ
1223 3956 1393 4009 sancti
1431 3955 1641 4017 Paulini
1686 3957 1754 4011 ab
1786 3956 2029 4010 Eboraco

443 4044 745 4099 Christiana
776 4045 963 4113 religio
992 4044 1044 4097 in
1072 4054 1256 4097 noslra
1290 4042 1421 4113 (AL,
1461 4042 2027 4115 Northanimbrorum]

444 4146 601 4207 gente
642 4137 869 4205 sumpsit
904 4137 1181 4190 exordium
1211 4177 1223 4198 ,
1255 4136 1326 4189 ibi
1359 4135 1591 4189 miserim
1625 4144 1679 4189 et
1707 4136 2032 4191 calamitatis

450 4228 609 4296 mpit
636 4228 868 4281 initium.
902 4228 1039 4293 Quid
1068 4228 1333 4295 significat
1356 4226 1531 4294 pluvia
1567 4228 1846 4297 sanguinis
1870 4243 2031 4297 quam

448 4320 499 4373 in
524 4319 972 4387 quadragesimali
1005 4326 1246 4386 tempore
1272 4318 1323 4371 in
1352 4318 1592 4373 Eboraca
1630 4318 1885 4382 civitate,
1914 4334 2033 4387 qua:

444 4418 525 4463 est
549 4416 709 4477 caput
736 4408 906 4461 totius
932 4407 1102 4477 regni,
1130 4409 1181 4459 in
1217 4409 1442 4460 ecclesia
1480 4406 1621 4460 beati
1659 4407 1805 4462 Petri
1836 4410 2035 4477 princi-

393 4547 397 4550 .
444 4505 526 4573 pis
561 4502 923 4573 apostolorum
949 4501 1198 4564 vidimus,
1229 4502 1293 4555 de
1345 4501 1652 4555 borealibus
1690 4502 1900 4564 domus,
1944 4517 2033 4557 se-

450 4610 579 4647 reno
606 4608 751 4656 aere,
781 4593 846 4647 de
884 4606 1094 4645 summo
1124 4592 1248 4644 tecti
1280 4591 1563 4643 minaciter
1589 4590 1815 4643 cadere?
1844 4590 2031 4645 Nonne

446 4692 622 4750 potest
642 4683 822 4752 putari
859 4699 888 4737 a
918 4683 1224 4737 borealibus
1248 4683 1491 4752 partibus
1521 4682 1704 4737 venire
1732 4699 1893 4752 super
1922 4692 2031 4738 ter-

450 4786 565 4825 ram
596 4771 945 4841 sanguinem?

422 4940 427 4948 '
518 4938 543 4965 ι
583 4924 695 4979 Hoc
722 4925 1083 4995 fragmentum
1134 4924 1289 4977 nobis
1318 4926 1553 4976 servavit
1598 4924 1877 4979 Malmesb.
1930 4927 2023 4980 lib.

446 5013 461 5049 ‘
496 4995 1229 5117 Ἒθίὲαέἓξ¹ρὲῗῆἒλῗρῗξ¹ιὶξί
1259 4996 1513 5117 ἑλέέξὲἓὶῐὲ
1543 4996 1789 5117 ἓὶπξῗέρῖ

520 5065 547 5104 δ
586 5066 767 5119 Sancti
800 5064 1028 5118 Paulini.
1061 5064 1225 5118 Primi
1259 5064 1498 5134 episcopi
1544 5064 1917 5129 Eboracensis,
1963 5068 2027 5121 de

451 5151 555 5205 quo
599 5134 702 5205 vid.
746 5135 873 5188 Ven.
908 5134 1064 5189 Bedze
1092 5134 1184 5188 lib.
1224 5150 1295 5194 ιι,
1326 5150 1443 5203 cap.
1476 5133 1530 5197 8,
1562 5143 1667 5188 etc.

524 5216 545 5244 ε
591 5204 735 5257 Hanc
789 5206 1068 5273 epistolam
1119 5206 1170 5256 in
1220 5206 1377 5257 editis
1436 5204 1676 5257 mutilam
1734 5204 2025 5271 Querceta-

453 5290 552 5328 nus
582 5289 683 5343 ope
716 5288 816 5326 ms.
864 5275 1068 5327 colicis
1114 5290 1222 5327 suae
1266 5275 1563 5342 integritati
1618 5276 1872 5330 restituit.
1929 5276 2025 5329 Est

452 5347 592 5399 inter
616 5342 788 5397 editas
818 5342 885 5396 ab
911 5344 1022 5411 ipso
1052 5344 1141 5405 49,
1173 5345 1313 5397 inter
1333 5346 1647 5398 Canfsianas
1670 5345 1757 5401 25.
1799 5345 2029 5399 Froben.

456 5413 539 5477 13,
592 5415 677 5467 hic
722 5414 1001 5467 emendata
1044 5413 1243 5480 aliquot
1275 5414 1404 5465 locis
1443 5430 1507 5467 ex
1540 5415 1657 5467 cod.
1693 5430 1792 5467 ms.
1832 5414 2029 5469 Salisb.

521 5483 544 5521 ἀ
578 5482 833 5537 Wirensis
871 5493 916 5535 et
960 5482 1255 5550 Gyrvensis.
1318 5484 1566 5537 Wirense
1615 5498 1709 5536 seu
1760 5484 2032 5538 Wiremu-

454 5555 640 5605 thense
666 5554 1047 5607 monasterium
1070 5555 1237 5605 sancti
1262 5554 1436 5617 Petri;
1474 5567 1524 5606 et
1555 5554 1830 5608 Girvvense
1860 5556 2031 5608 sancti

455 5620 599 5692 l’anli
630 5622 879 5692 (Jarmw)
908 5624 959 5675 in
988 5621 1174 5691 Anglia
1202 5625 1265 5692 ad
1294 5624 1489 5675 ostium
1522 5624 1687 5677 Wirae
1710 5625 1902 5688 amnis,
1935 5641 2030 5678 cu-

445 5691 533 5760 jus
572 5700 822 5761 utrasque
867 5696 1009 5763 ripas
1060 5691 1373 5747 Benedictus
1405 5694 1621 5759 quidam
1664 5694 1904 5750 ecclesiis
1955 5697 2032 5747 in—

2120 1858 2243 1913 simi
2272 1859 2483 1913 ardoris
2503 1872 2757 1927 spargere
2776 1856 3059 1910 assuescit.
3085 1854 3237 1912 Sicut
3257 1856 3377 1912 fons
3402 1858 3710 1926 paradisum

2124 1950 2354 2019 irrigans
2383 1948 2685 2018 quadrifith
2717 1947 2932 2001 tramite
2976 1946 3143 2009 latum
3172 1945 3490 2001 dill'unditur
3528 1948 3582 2001 in
3622 1963 3707 2001 or-

2123 2042 2266 2106 bem,
2299 2041 2379 2095 sic
2428 2042 2548 2094 fons
2594 2039 2875 2093 charitatis
2916 2046 3124 2108 pectus,
3175 2039 3434 2092 virtutum
3492 2037 3713 2093 ﬂoribus

2120 2131 2403 2204 pullulans,
2439 2131 2491 2184 in
2522 2139 2753 2200 quatuor
2792 2130 2993 2183 amoris
3027 2130 3171 2184 rivos
3214 2130 3510 2193 derivatur,
3546 2128 3712 2182 veluti

2123 2238 2343 2283 sanctus
2368 2227 2702 2298 Augustinus
2731 2226 2785 2279 in
2815 2225 2953 2279 libro
2974 2224 3149 2295 primo
3177 2225 3252 2278 De
3280 2224 3533 2278 Doctrina
3558 2222 3713 2277 Chri—

2123 2321 2295 2375 stiana
2320 2318 2471 2388 (Cap.
2491 2319 2561 2372 23
2577 2327 2631 2373 et
2647 2316 2822 2386 seqq.)
2846 2317 2977 2371 dixit
2995 2332 3037 2369 :c
3051 2316 3181 2370 Cum
3204 2330 3333 2386 ergo
3355 2323 3585 2383 quatuor
3605 2316 3713 2367 siit

2122 2410 2421 2480 diligenda,
2454 2424 2620 2463 unum
2647 2408 2789 2477 quod
2828 2422 2986 2475 supra
3025 2422 3123 2459 nos
3162 2413 3278 2469 est,
3310 2404 3540 2457 alterum
3568 2403 3709 2471 quod

2124 2517 2222 2556 nos
2246 2516 2453 2564 sumus,
2478 2500 2696 2553 tertium
2721 2498 2863 2567 quod
2875 2496 3029 2565 juxta
3054 2511 3152 2550 nos
3172 2485 3273 2559 esi,
3292 2501 3546 2563 quartum
3567 2493 3711 2561 quo.l

2126 2593 2264 2647 infra
2298 2609 2396 2647 nos
2432 2600 2539 2647 est.
2572 2591 2716 2646 Deus
2757 2605 2920 2659 supra
2961 2605 3058 2644 nos
3095 2597 3197 2642 est.
3243 2587 3526 2639 Proximus
3556 2583 3711 2653 juxta

2125 2699 2222 2739 nos
2245 2692 2347 2737 est.
2382 2683 2591 2752 Corpus
2614 2689 2858 2736 nostrum
2883 2680 3020 2734 infra
3043 2695 3141 2734 nos
3164 2686 3267 2733 est.
3299 2678 3373 2732 De
3398 2676 3635 2745 secundo
3657 2684 3715 2731 et

2125 2784 2319 2845 quarto
2347 2772 2491 2826 nulla
2518 2760 2783 2841 przecépta
2807 2770 2983 2824 danda
3009 2778 3165 2824 erant
3192 2768 3379 2839 [Codd.
3412 2782 3510 2822 tua.
3537 2763 3707 2838 sunt].

2127 2863 2532 2933 Quantumlibet
2553 2862 2697 2916 enim
2723 2862 2882 2915 homo
2907 2859 3121 2915 excidat
3141 2874 3171 2911 a
3196 2858 3442 2921 veritate,
3468 2865 3709 2910 remanet

2128 2958 2202 3011 illi
2231 2957 2445 3012 dilectio
2472 2955 2556 3009 sui
2582 2962 2635 3007 et
2662 2953 2877 3007 dilectio
2904 2950 3149 3022 corporis
3170 2951 3277 3004 sui.
3310 2950 3432 3003 ldeo
3457 2949 3713 3018 prmcepit

2128 3050 2414 3119 Scriptura
2465 3056 2524 3101 ut
2569 3047 2712 3101 Deus
2758 3046 3012 3114 diligatur
3056 3053 3109 3097 et
3156 3043 3455 3111 proximus.
3498 3040 3712 3095 Nullum

2128 3155 2309 3195 rerum
2335 3139 2725 3205 (liligendarum
2751 3152 2924 3206 genus
2962 3136 3015 3189 in
3060 3136 3144 3191 his
3186 3136 3394 3190 duobus
3432 3147 3715 3204 praeceptis
3756 3148 3762 3153 ·

2123 3229 2549 3299 praetermissum
2576 3233 2677 3280 est.
2709 3224 2867 3279 Salus
2904 3241 3033 3280 vero
3062 3226 3311 3294 corporis
3347 3232 3567 3293 propter
3599 3227 3714 3279 ser-

2126 3320 2318 3374 vitium
2346 3318 2440 3373 Dei
2466 3318 2699 3371 amanda
2732 3325 2849 3383 est,
2886 3325 2942 3370 et
2983 3316 3263 3385 integritas
3297 3316 3489 3368 anima:
3523 3315 3576 3368 in
3603 3313 3714 3370 Deo

2124 3409 2391 3479 diligenda
2434 3418 2535 3463 est.
2578 3407 2905 3472 Proximus,
2944 3408 2993 3461 id
3031 3416 3145 3471 est,
3172 3408 3349 3460 omnis
3370 3406 3564 3472 homo,
3590 3420 3717 3475 pro-

2125 3511 2247 3572 pter
2289 3502 2499 3564 Dcum;
2549 3511 2605 3554 et
2650 3514 2813 3569 super
2854 3502 3033 3555 omnia
3080 3499 3223 3554 Deus
3266 3499 3564 3569 diligendus
3590 3507 3717 3571 \est.

2128 3594 2353 3663 Diliges,
2389 3592 2593 3660 inquit,
2620 3591 2905 3645 Dominum
2931 3582 3098 3645 Deum
3138 3602 3286 3643 tuum
3323 3608 3388 3645 ex
3414 3598 3522 3644 toto
3558 3592 3712 3643 corde

2128 3696 2217 3738 tuo
2236 3727 2248 3748 ,
2279 3696 2325 3737 et
2355 3702 2417 3737 ex
2441 3689 2555 3737 tota
2584 3684 2764 3737 anima
2792 3694 2883 3736 tua
2913 3694 2958 3736 et
2989 3699 3052 3736 ex
3081 3690 3188 3735 tota
3215 3690 3382 3735 mente
3404 3690 3531 3743 tua;
3558 3691 3604 3732 et
3631 3682 3715 3733 di-

2129 3776 2256 3845 liges
2283 3776 2579 3844 proximum
2609 3785 2756 3827 tuum
2785 3774 2917 3827 sicut
2946 3783 2993 3825 te
3020 3774 3187 3843 ipsum
3218 3771 3434 3841 (Matth.
3458 3787 3591 3835 ιλιι,
3618 3772 3710 3834 57,

2128 3866 2253 3935 59).
2285 3864 2511 3920 Omnem
2537 3879 2667 3919 vero
2695 3863 2967 3918 hominem
2993 3864 3297 3931 proximum
3342 3876 3487 3926 esse,
3530 3876 3713 3916 exem-

2130 3954 2218 4022 plo
2246 3954 2509 4008 vulnerati
2537 3964 2594 4009 et
2624 3953 2951 4009 Samaritani
2979 3954 3272 4009 discamus.
3298 3953 3509 4008 Nullum
3536 3962 3715 4007 autem

2131 4053 2415 4111 exceptura
2456 4059 2577 4099 esse
2604 4045 2690 4099 cui
2717 4044 3102 4099 misericordia:
3128 4044 3422 4112 denegetur
3445 4042 3677 4097 cilicium
3696 4085 3710 4103 ,

2133 4135 2252 4203 quis
2300 4150 2405 4187 non
2450 4131 3110 4204 videat?quando’[Cod.
3141 4132 3283 4197 Sal.,
3311 4131 3599 4203 quoniam]
3647 4135 3715 4185 ad

2136 4226 2384 4279 inimicos
2428 4226 2590 4279 etiam
2641 4232 2949 4293 porrectum
2991 4230 3099 4287 est,
3146 4223 3333 4277 eodem
3370 4223 3596 4278 Domino
3635 4224 3717 4277 di-

2137 4326 2294 4371 cente
2326 4334 2337 4367 :
2384 4314 2595 4385 Diligite
2634 4315 2871 4368 inimicos
2896 4324 3121 4378 vestros,
3160 4305 3441 4384 benefacite
3475 4314 3584 4378 his,
3623 4315 3715 4385 qui

2139 4409 2357 4461 oderunt
2387 4425 2470 4461 vos
2496 4406 2646 4476 (Luc.
2672 4423 2722 4460 Vl
2746 4447 2760 4469 ,
2787 4406 2899 4477 27).
2928 4425 2945 4456 ι
2979 4404 3035 4459 Si
3063 4406 3263 4459 inimici
3288 4403 3539 4475 diligendi
3566 4414 3713 4469 sunt,

2139 4510 2342 4569 quanto
2368 4499 2537 4567 magis
2560 4506 2616 4553 et
2641 4498 2839 4551 fratres
2863 4497 2955 4565 qui
2981 4508 3087 4549 Uno
3113 4496 3236 4549 ovili
3262 4496 3645 4549 continentur?
3692 4542 3695 4546 Α

2209 4590 2317 4641 V'os
2343 4602 2503 4651 vero,
2533 4586 2727 4641 fratres
2764 4584 3122 4644 sanctissimi,
3159 4584 3347 4637 iisdem
3385 4583 3536 4653 (Cod.
3570 4582 3711 4650 Sal.,
3760 4577 3767 4583 ’

2136 4695 2165 4731 a
2193 4677 2429 4749 sanctis]
2473 4678 2722 4733 Patribus
2762 4676 2985 4747 spiritali
3012 4676 3257 4747 doctrina
3287 4675 3550 4743 congeniti
3573 4716 3586 4739 ,
3614 4677 3716 4730 eis-

2136 4771 2254 4825 dem
2298 4767 2465 4839 [Cod.
2512 4769 2653 4835 Sal.,
2692 4779 2854 4838 atque
2890 4784 2919 4821 a
2959 4767 3145 4839 bouis]
3182 4769 3271 4821 diu
3298 4768 3598 4836 pastoribus
3620 4784 3717 4836 per

2133 4924 2372 4992 signivit,
2404 4935 2459 4978 et
2492 4924 2819 4977 monasteria
2854 4923 3047 4976 ibidem
3080 4924 3400 4986 construxit,
3434 4923 3715 4978 charitatis

2130 5002 2184 5064 et
2221 4994 2430 5064 regulre
2469 4996 2667 5048 nniOne
2692 5008 2806 5064 _non
2852 4992 3233 5064 discrepantia.
3292 4992 3472 5047 Carus.
3496 5023 3567 5033 ——
3593 4993 3709 5047 Vi'l.

2132 5062 2409 5117 Malmesb.
2460 5065 2552 5117 lib.
2600 5079 2654 5116 iv
2691 5062 2847 5131 Pont.
2890 5062 3045 5131 Angl.
3080 5062 3131 5115 in
3160 5062 3284 5117 ﬁne.
3325 5064 3559 5117 Alterius
3600 5064 3712 5129 epi—

2128 5133 2277 5187 stolae
2312 5134 2379 5188 ad
2418 5133 2750 5188 Eadbaldum
2794 5130 3192 5186 Gerwicensem
3236 5134 3481 5186 abbatem
3532 5132 3717 5185 memi-

2126 5204 2205 5256 nit
2235 5202 2484 5257 Clemens
2524 5203 2799 5271 Reynerus
2824 5202 2959 5271 apud
2990 5201 3268 5258 Alfordum
3296 5202 3490 5254 Annal.
3520 5200 3717 5271 Anglo-

2128 5272 2327 5327 Saxon.
2359 5275 2425 5325 a'l
2459 5289 2547 5327 an.
2592 5270 2715 5334 804,
2760 5287 2812 5323 n.
2852 5270 2941 5333 ‘20,
2986 5288 3105 5341 pag.
3162 5272 3246 5332 14.
3292 5272 3405 5324 Ιιίερ
3452 5270 3715 5327 γει-ιιίῐςὶ-

2133 5352 2290 5397 tans:
2322 5363 2341 5393 ‹
2366 5342 2479 5397 Non
2504 5344 2739 5413 ignotum
2771 5355 2887 5413 esse
2922 5351 3025 5395 tua:
3066 5340 3365 5413 dilectioni,
3410 5344 3715 5395 venerande

2133 5413 2321 5476 frater,
2364 5410 2546 5474 credo,
2593 5411 2735 5480 quod
2762 5411 2887 5463 olim
2918 5412 3085 5464 sancti
3122 5410 3309 5462 Patres
3348 5420 3716 5465 antecessores

2134 5484 2210 5536 tui
2242 5486 2371 5537 mihi
2424 5484 2547 5537 licet
2589 5483 2806 5548 indigno
2842 5480 3223 5534 familiaritatis
3264 5490 3454 5532 vestrm
3486 5482 3713 5547 gratiam

2132 5555 2584 5619 perdonaverunt,
2629 5560 2681 5606 et
2722 5551 2775 5605 in
2806 5550 2926 5603 albo
2969 5551 3312 5619 beatitudinis
3359 5560 3547 5601 vestra:
3582 5564 3715 5600 mine

2131 5618 2413 5691 parvitatis
2461 5637 2654 5675 nomen
2696 5618 3285 5691 conseribiﬁjnsserunt,
3337 5621 3430 5679 ita,
3476 5627 3531 5669 ut
3576 5632 3715 5671 unus

2132 5688 2302 5747 essent
2332 5708 2394 5745 ex
2427 5692 2595 5755 vobis,
2628 5693 2928 5759 ubicunque
2955 5690 3059 5741 Deo
3093 5688 3301 5742 volente
3328 5704 3518 5741 esscin.
3548 5708 3563 5737 ι
