4220 6170
650 10 657 13 ν
669 0 1563 13 --ήῗ--μα-Αῌμ-Ὗνκκῌψτ--την-Ῠκ
1578 0 1599 1 7

116 10 657 21 Μητ-γ-Ὗη
669 2 991 15 -.ἠέ-ΜΗ

482 267 580 321 “55
1327 258 1385 309 Β.
1428 256 1488 309 F.
1528 255 1752 310 ALBINI
1796 255 1923 309 SEU
1965 254 2142 309 Λίβυ

2060 254 2236 309 ευικι
2275 253 2557 309 OPERUM
2598 250 2776 305 PARS
2816 251 2855 304 l.
3631 248 3726 300 164

478 389 679 448 pascua
702 372 824 425 vita:
848 368 1087 431 deducti,
1118 356 1383 421 similibus
1419 364 1684 435 regularis
1722 362 1876 434 [ϐοά.
1909 363 2046 425 Sal.,
2084 370 2128 426 Α
2155 364 2324 433 gritas
2358 362 2520 417 efﬁcit
2559 360 2721 432 [Cod.
2753 360 2900 424 Sal.,
2928 359 3150 431 efﬁciet]
3195 367 3410 412 sanctos
3450 368 3502 414 et
3540 359 3730 427 dignos

478 447 773 533 canonica]
798 460 923 527 vitae
947 452 1374 512 institutionibus
1401 452 1609 517 edocti,
1650 454 1801 522 pacis
1839 460 1893 507 et
1927 468 2054 507 con—
2156 454 2487 521 protectione
2519 452 2718 505 divina.
2760 449 2893 516 Quis
2933 466 3036 504 non
3076 450 3231 503 timet
3266 456 3525 502 terrorem
3562 447 3615 513 ι’,
3639 449 3731 516 qui

480 553 678 611 cordiae
698 549 1105 605 unanimitatem
1126 546 1534 616 diligentissime
1556 546 1861 599 observate.
1907 543 2056 596 Beati
2158 548 2352 602 accidit
2377 549 2429 601 in
2456 546 2682 601 ecclesia
2711 545 2878 599 sancti
2904 543 3159 599 Cudberti
3187 541 3335 614 [Cod
3344 581 3358 594 .
3387 539 3504 596 Sal.
3524 580 3540 606 ,
3565 538 3733 594 Cuth—

482 644 687 713 uaciﬁci
707 683 721 706 ,
750 640 997 713 quoniam
1022 637 1123 707 ﬁlii
1150 637 1245 690 Dei
1271 636 1596 690 vocabamur
1626 635 1850 706 (Matth.
1877 650 1942 698 v,
1968 632 2055 705 9).
2159 639 2328 692 Lercti
2351 636 2371 709 ]
2397 638 2420 690 ?
2472 637 2737 707 Corrigite
2768 642 3095 705 quapropter
3141 648 3319 687 mores
3368 639 3577 687 vestros
3599 668 3617 696 ,
3665 644 3737 686 ne

482 732 601 801 Non
634 734 744 788 sint
776 731 1068 785 schismata
1092 726 1318 782 occulta:
1348 726 1709 780 aemulationis
1747 727 1888 779 inter
1932 740 2054 786 vos,
2157 737 2377 798 prOpter
2408 734 2629 796 peccata
2664 726 3043 781 sccleratomm
3080 731 3310 793 pereant
3356 730 3411 777 et
3451 721 3623 791 justi;
3670 737 3739 775 ne

483 827 611 896 quia
638 824 778 877 Deus
802 821 1069 883 Christus,
1108 819 1250 872 Deus
1282 825 1366 871 est
1400 818 1553 886 pacis
1577 826 1631 872 et
1664 817 1974 880 charitatis,
2007 824 2063 870 et
2159 819 2314 873 vinea
2353 817 2563 871 Domini
2603 817 2833 885 vulpinis
2871 817 3028 871 detur
3070 816 3319 871 dentibus
3367 814 3435 869 ad
3477 813 3740 887 deroden-

487 918 577 986 qui
613 917 666 970 in
703 914 965 969 charitate
999 919 1214 973 manet,
1254 910 1309 963 in
1339 908 1452 964 Deo
1479 916 1663 963 manet
1694 907 1764 981 (1
1790 909 1948 962 Joan.
1985 924 2057 970 tv,
2161 907 2327 971 dum;
2357 920 2425 959 ne
2460 907 2762 960 sanctuaria
2790 906 2884 959 Dei
2907 906 3073 974 pedes
3102 918 3435 974 paganorum
3462 910 3739 971 pertrans-

489 1008 611 1075 16).
655 1006 881 1059 Dilectio
920 1018 1048 1057 vero
1073 1000 1306 1069 proximi
1337 1002 1391 1055 in
1432 1000 1607 1055 officio
1641 999 2058 1062 misericordiae,
2162 1005 2311 1049 eant.
2360 995 2473 1049 Hoc
2520 995 2740 1067 impium
2796 1009 2927 1053 esse.
2963 996 3213 1060 videtur;
3255 994 3349 1047 sed
3389 991 3557 1047 multo
3589 990 3741 1060 pejus

489 1098 545 1152 in
593 1096 834 1151 doctrina
875 1093 1066 1147 salutis
1124 1092 1447 1145 ostenditur.
1492 1089 1593 1156 Qui
1637 1090 1798 1143 habet
1842 1089 2065 1142 verbum
2163 1094 2281 1149 est,
2329 1086 2375 1139 si
2428 1086 2624 1139 diaboli
2677 1085 2933 1138 atrocitas
2985 1083 3253 1155 [propter
3302 1083 3505 1138 scelera
3557 1090 3740 1135 nostra

494 1187 588 1241 Dei
620 1187 676 1240 in
704 1186 864 1239 corde
892 1184 1084 1238 doceat
1106 1181 1444 1250 proximum;
1478 1180 1569 1247 qui
1595 1179 1755 1233 habet
1781 1178 1960 1231 saeculi
1988 1175 2068 1230 fa-
2165 1177 2344 1230 curdis
2368 1176 2540 1230 nostri
2564 1176 2810 1229 devastat
2834 1174 3182 1245 penetralia].
3212 1174 3436 1242 Propter
3461 1171 3745 1225 interiores

497 1277 724 1331 cultates
750 1314 765 1337 ,
817 1268 1035 1342 adju‘ret
1070 1272 1415 1342 proximum;
1460 1268 1553 1337 qui
1589 1268 1755 1321 habet
1787 1267 2070 1337 cujuslibet
2169 1270 2384 1333 hostes,
2412 1268 2711 1324 exteriores
2747 1274 3072 1335 potestatem
3100 1266 3318 1319 habent.

498 1366 781 1423 ministerii
812 1365 1095 1419 scientiam
1113 1404 1128 1427 ,
1160 1362 1451 1430 opituletur
1477 1360 1750 1428 proximo,
1785 1359 1898 1427 ipso
1931 1372 2073 1426 pra:-
2244 1359 2309 1428 Si
2326 1348 2506 1428 igitur
2532 1358 2674 1412 Deus
2704 1372 2806 1426 pro
2830 1358 2969 1412 bona
2996 1345 3401 1411 conversatione
3422 1362 3479 1408 et
3498 1352 3747 1409 castitate

501 1459 731 1526 cipiente
757 1455 905 1510 Deo:
968 1452 1158 1507 Omnia
1194 1466 1512 1521 quwcunque
1550 1448 1737 1512 vultis,
1778 1457 1834 1500 ut
1873 1448 2071 1516 faciant

2170 1456 2295 1508 vita:
2320 1455 2588 1509 habitator
2612 1461 2697 1507 est
2728 1454 2907 1507 cordis
2947 1451 3146 1515 nostri,
3191 1465 3462 1519 nunquam
3504 1448 3747 1502 inimicos

503 1550 641 1604 vobis
668 1549 918 1610 homines,
949 1546 1059 1598 hac
1087 1543 1274 1597 eadem‘
1296 1535 1344 1596 et
1373 1559 1459 1597 vos
1498 1542 1654 1610 facile
1690 1540 1795 1607 illis
1835 1541 1853 1610 (
1878 1539 2069 1593 Matth.
2173 1561 2298 1600 suos
2323 1554 2538 1599 vastare
2566 1544 2790 1599 dimittit
2817 1559 2937 1613 qua
2965 1551 3148 1597 nostra
3183 1549 3327 1596 sunt.
3364 1540 3575 1607 Quanta
3608 1540 3768 1594 mul-.

503 1655 578 1695 vn
600 1680 614 1704 ,
643 1638 711 1692 12
732 1640 773 1708 ).
804 1635 1082 1705 Regularis
1113 1632 1235 1704 [vel
1258 1630 1567 1703 canonice]
1596 1632 1721 1684 vita:
1746 1631 2076 1685 observatio—
2106 1700 2145 1708 _

2106 1700 2145 1708 _
2176 1636 2348 1693 titudo
2381 1638 2655 1692 exercitus
2684 1635 3029 1706 Assyriorum
3066 1645 3283 1704 propter
3307 1650 3466 1688 unam
3490 1632 3621 1701 justi
3660 1648 3746 1686 m-

504 1700 628 1784 nem
644 1768 658 1789 ,
688 1700 848 1796 quam
872 1700 1175 1778 statuerunt
1194 1723 1344 1776 vobis
1365 1700 1689 1775 sanctissimi
1716 1718 1903 1775 Patres
1927 1733 1952 1761 α
1976 1720 2077 1774 Βθο
2106 1700 2149 1755 Β
2177 1730 2259 1800 gis
2288 1737 2342 1783 et
2366 1729 2476 1783 Deo
2503 1727 2684 1781 dilecti
2708 1700 3008 1781 orationem
3036 1700 3312 1795 perierat?
3335 1723 3575 1778 Aliorum
3598 1714 3761 1777 casti?

506 1820 750 1874 nedictus
776 1816 981 1871 scilicet
1009 1825 1061 1871 et
1094 1813 1414 1878 Ceolfridus,
1452 1812 1859 1881 diligentissime
1897 1823 2078 1867 custo—
2178 1822 2323 1890 gatio
2360 1828 2538 1873 vestra
2567 1820 2637 1873 sit
2662 1818 2990 1881 admonitio,
3025 1825 3080 1871 et
3107 1830 3404 1885 paucorum
3444 1813 3749 1873 tribulatio,

502 1911 614 1965 diie
636 1951 651 1975 .
676 1918 941 1979 quatenus
968 1920 1091 1961 cum
1117 1906 1223 1959 iiiis
1248 1912 1504 1958 ωεετηδω
1530 1904 1920 1957 benedictionis
1945 1917 2079 1956 mer-
2178 1910 2466 1964 multorum
2498 1909 2569 1963 sit
2595 1907 2837 1962 salvatio.
2870 1908 2974 1961 Vos
3001 1907 3269 1959 maritima
3297 1905 3587 1967 habitatis,
3614 1903 3754 1957 unde

507 2002 689 2056 cedem
718 2001 917 2054 habere
942 1997 1275 2052 mereamini.
1306 1995 1433 2049 Haec
1457 2002 1543 2050 cst
1570 1995 1690 2049 laus
1726 2003 1933 2058 vestra,
1976 1995 2080 2048 iste
2181 2001 2349 2068 pestis
2393 2000 2568 2069 primo
2614 1997 2834 2068 ingruit.
2880 1997 2937 2050 ln
2980 1997 3135 2050 nobis
3178 1994 3454 2065 impletum
3492 2002 3576 2048 est
3613 1992 3754 2062 quod

507 2096 679 2149 honor
698 2102 877 2148 vester
897 2076 1035 2163 apud
1059 2093 1322 2155 homines,
1345 2098 1400 2145 et
1419 2092 1702 2145 retributio
1725 2090 1865 2159 apud
1889 2089 2098 2144 Deum..
2178 2089 2305 2143 olim
2341 2103 2437 2157 per
2471 2088 2798 2156 Prophetam
2839 2086 3184 2156 prtedicatum
3219 2091 3341 2138 est:
3391 2083 3467 2137 Ab
3504 2082 3759 2153 Aquilone

506 2182 679 2237 Nolite
700 2182 1036 2236 conformare
1059 2195 1155 2232 vos
1180 2179 1361 2233 saeculi
1388 2180 1693 2234 hominibus
1717 2180 1769 2231 in
1798 2186 2084 2233 vestimen-
2180 2180 2515 2234 inardescunt
2551 2177 2693 2231 mala
2732 2189 2781 2230 et
2822 2194 2853 2230 a
2882 2177 3105 2229 Domino
3144 2172 3485 2244 formidolosa
3522 2172 3756 2225 laudatio

513 2282 691 2326 torum
712 2272 969 2334 vanitate,
998 2271 1050 2323 in
1073 2270 1351 2325 ebrietatis
1376 2270 1611 2337 luxuria,
1638 2270 1692 2323 in
1709 2268 1818 2337 jcci
1844 2269 2080 2336 lascivia,
2182 2269 2343 2323 veniet
2372 2268 2603 2337 (Jerem.
2638 2284 2689 2333 ι,
2722 2267 2788 2320 14
2813 2283 2828 2331 ;
2859 2266 2979 2320 Job.
3013 2264 3196 2319 ixxvn
3216 2305 3231 2329 ,
3262 2264 3333 2318 22
3353 2264 3393 2335 ).
3423 2263 3561 2318 Ecce
3598 2262 3755 2331 fugax

510 2362 562 2417 in
604 2361 895 2416 Otiositatis
923 2361 1218 2429 petulantia
1246 2378 1259 2414 :
1290 2361 1385 2415 sed
1414 2376 1538 2415 cum
1565 2361 1711 2415 omni
1741 2360 1999 2415 modestia
2029 2369 2085 2413 et
2184 2360 2324 2413 latro
2355 2358 2598 2414 boreales
2626 2357 2815 2412 insula:
2842 2364 3040 2411 nostrae
3077 2364 3258 2425 partes
3295 2353 3549 2423 pervasit.
3593 2351 3757 2405 Plan-

509 2455 709 2524 pietate
734 2455 1071 2508 conversatio
1097 2460 1271 2507 vestra
1296 2452 1408 2507 Deo
1433 2453 1503 2506 sit
1528 2452 1778 2506 amabilis
1816 2461 1871 2505 et
1909 2451 2084 2504 homi-

512 2544 669 2599 nibus
706 2544 1062 2607 venerabilis,
1105 2543 1244 2597 sicut
1282 2544 1433 2596 decet
1481 2541 1620 2596 ﬁlios
1658 2549 1859 2594 sancta:
1898 2539 2087 2593 matris

516 2635 813 2711 [Ecclesiae]
840 2642 896 2689 et
921 2634 1246 2688 monachica:
1273 2632 1393 2687 vitae
1417 2632 1681 2685 alumnos.

516 2747 518 2749 ‘
584 2726 692 2787 Vos
716 2739 872 2787 vero,
902 2723 993 2792 qui
1019 2723 1151 2777 estis
1178 2721 1364 2776 Patres
1388 2729 1447 2775 et
1466 2729 1711 2791 pastores
1737 2729 1938 2775 sanctae
1963 2736 2091 2775 con-

513 2814 838 2886 gregationis
862 2853 879 2877 ,
929 2813 1116 2866 docete
1166 2811 1571 2880 diligentissime
1618 2809 1856 2863 fraterno
1906 2822 2091 2862 amore

515 2904 797 2966 familiam,
830 2916 992 2970 quam
1023 2900 1304 2969 accepistis
1332 2899 1616 2967 regendam
1639 2939 1654 2963 ,
1680 2914 1950 2967 omneque
1994 2900 2092 2953 ho-

519 2994 708 3048 uitatis
729 2988 1030 3059 exemplum
1051 2992 1106 3045 in
1127 2990 1524 3059 vobismetipsis
1542 2988 1821 3043 ostendite.
1840 2988 2090 3045 Seniores

518 3092 577 3137 ut
597 3090 780 3152 patres
800 3097 923 3135 cum
946 3082 1149 3135 honore
1162 3082 1268 3150 22
1282 3081 1586 3146 admonete,
1608 3079 1850 3149 iuniores
1871 3092 1930 3135 ut
1953 3081 2091 3136 filios

520 3156 643 3225 cum
692 3171 836 3224 omni
889 3169 1169 3223 dilectione
1218 3170 1497 3237 castigate.
1551 3168 1751 3224 Omnes
1796 3170 2091 3239 in-spiritu

522 3259 948 3316 mansuetudinis
976 3267 1030 3313 et
1058 3260 1339 3313 verborum
1369 3260 1646 3314 honestate
1677 3259 1943 3314 instruite.
1988 3260 2097 3314 Sae-

523 3355 753 3424 piusque
780 3352 962 3420 regula
989 3350 1159 3405 sancti
1184 3349 1456 3404 Benedicti
1487 3352 1541 3404 in
1569 3342 1834 3405 conventu
1870 3336 2093 3404 fratrum

527 3443 800 3516 [legatur,
828 3440 929 3512 ut]
956 3440 1169 3510 propria
1195 3448 1493 3509 cxponatur
1528 3440 1735 3511 lingua,
1778 3450 1832 3495 ut
1874 3442 2094 3511 intelligi

526 3531 701 3601 possit
722 3530 792 3583 ab
818 3531 1085 3584 omnibus.
1112 3529 1195 3583 Ad
1220 3531 1369 3599 cujus
1395 3531 1781 3585 institutionem
1810 3533 2096 3601 unusquis-

528 3636 633 3691 que
656 3635 809 3676 suam
836 3620 1069 3688 corrigat
1093 3620 1280 3682 vitam,
1295 3620 1519 3687 utquod
1547 3618 1701 3689 [Deo]
1728 3621 1948 3694 vovistis
1971 3628 2096 3675 ante

527 3714 716 3776 altare,
740 3711 1114 3766 inviolabiliter
1132 3710 1463 3763 custodiatur
1484 3726 1514 3762 a
1536 3712 1718 3774 vobis;
1744 3712 1953 3765 dicente
1973 3712 2100 3765 Pro-

526 3804 690 3870 pheta
719 3819 732 3852 :
770 3798 953 3853 Vovete
977 3809 1024 3852 et
1054 3799 1251 3852 reddite
1280 3798 1505 3851 Domino
1547 3799 1655 3853 Deo
1699 3810 1863 3854 vestro
1901 3802 1918 3872 (
1945 3800 2092 3855 Psal.

528 3906 691 3954 uxv,
715 3889 823 3957 η).
850 3888 1104 3956 Displicet
1123 3889 1265 3941 enim
1287 3889 1397 3941 Deo
1419 3888 1646 3943 inﬁdelis
1666 3891 1949 3958 promissio
1974 3891 2099 3961 (Ec-

529 3978 616 4030 rli.
648 3994 695 4039 v,
726 3979 803 4049 5).
829 3978 1074 4046 Cogitate
1097 3992 1256 4045 quem
1285 3977 1527 4031 habeatis
1552 3978 1885 4034 defensorem
1912 3991 2095 4035 contra

526 4081 794 4135 paganos,
821 4067 912 4135 qui
949 4074 1313 4135 apparuerunt
1339 4067 1480 4120 circa
1525 4070 1780 4122 terminos
1821 4071 2100 4125 maritima:

530 4157 893 4210 habitationis.
938 4156 1111 4209 Nolite
1151 4157 1203 4210 in
1247 4158 1411 4211 armis
1453 4173 1602 4226 spem
1642 4175 1868 4228 ponere,
1912 4163 2021 4216 sed
2047 4163 2099 4216 in

530 4247 643 4301 Deo
673 4248 765 4314 qui
803 4262 1076 4315 nunquam
1118 4249 1316 4301 deserit
1354 4241 1632 4316 sperantes
1655 4251 1708 4302 in
1736 4266 1812 4304 se.
1844 4252 2017 4306 Nolite
2046 4253 2099 4307 in

2187 2464 2374 2518 gamus
2415 2448 2560 2517 quod
2598 2448 2796 2501 fratres
2823 2446 2991 2500 nostri
3020 2445 3257 2515 perpessi
3287 2451 3429 2498 sunt.
3459 2442 3763 2497 Careamus

2186 2558 2254 2595 ne
2300 2541 2457 2595 nobis
2490 2538 2694 2608 aliquid
2729 2539 2942 2593 accidat
2976 2537 3101 2592 tale.
3140 2536 3539 2591 Praeveniamus
3570 2532 3760 2588 faciem

2189 2630 2400 2685 Domini
2445 2630 2499 2684 in
2546 2627 2886 2684 confessione
2912 2638 2968 2681 et
2989 2626 3262 2695 ploremus
3289 2640 3473 2679 coram
3500 2624 3725 2679 Domino
3743 2661 3757 2684 ,

2188 2722 2280 2791 qui
2315 2720 2442 2776 fecit
2479 2737 2578 2776 nos
2612 2720 2797 2793 (Psal.
2826 2736 2971 2786 xcrv,
2996 2718 3032 2772 2
3050 2761 3064 2783 ,
3093 2718 3160 2790 6)
3180 2736 3207 2785 ;'
3229 2726 3289 2772 ut
3317 2717 3404 2772 ille
3432 2717 3523 2787 qui
3550 2724 3765 2770 creator

2190 2823 2274 2868 cst
2309 2822 2364 2867 et
2401 2814 2724 2883 redemptor,
2764 2813 2835 2867 sit
2861 2812 3027 2866 etiam
3057 2817 3329 2881 pr0tector
3357 2817 3411 2865 et
3440 2816 3633 2873 rector,
3664 2816 3765 2876 pro

2192 2904 2456 2972 bonisque
2483 2904 2607 2957 vita:
2637 2903 2862 2966 meritis,
2890 2910 2945 2955 et
2971 2902 3244 2970 religionis
3272 2900 3520 2955 castitate
3545 2900 3765 2952 dextera

2119 3028 2165 3090 ο
2193 2995 2445 3064 potentiae
2474 3010 2583 3048 sua:
2610 2992 2862 3083 defendat
2890 2994 3032 3048 ovile
3058 3009 3233 3047 suum.

2265 3084 2641 3138 Recordamini
2662 3071 2825 3157 quam
2847 3084 3053 3137 nobiles
3070 3083 3334 3137 habuistis
3352 3081 3561 3142 Patres,
3586 3088 3639 3133 et
3660 3092 3767 3131 non

2194 3177 2313 3230 sitis
2351 3176 2515 3229 tantis
2542 3174 2975 3244 progenitoribus
3004 3175 3293 3245 degeneres
3321 3172 3435 3227 lilii.
3466 3171 3654 3225 Videte
3678 3168 3770 3223 Li-

2192 3268 2415 3321 brorum
2454 3266 2707 3320 thesaura
2738 3264 2908 3336 [Loco
2940 3265 3253 3337 thesauros]
3274 3307 3288 3328 ,
3320 3264 3657 3319 considerate
3680 3276 3770 3316 ec-

2194 3356 2481 3411 clesiarum
2504 3356 2750 3411 decorem
2766 3395 2781 3420 ,
2804 3355 3150 3410 :ediliciorum
3170 3354 3641 3424 pulchritudinem.
3664 3350 3771 3404 Re-

2195 3446 2394 3514 gularis
2424 3446 2547 3499 vita:
2573 3444 2818 3499 ordinem
2847 3453 3220 3499 rememorate.
3261 3443 3432 3509 Quam
3468 3443 3660 3495 beatus
3688 3447 3773 3494 est

2195 3534 2358 3588 homo
2376 3534 2467 3602 qui
2491 3534 2557 3587 de
2579 3533 2666 3587 his
2689 3533 3068 3602 pulcherrimis
3092 3532 3413 3588 habitaculis
3438 3531 3506 3585 ad
3531 3529 3771 3585 caelestis

2197 3626 2347 3696 regni
2393 3626 2587 3695 gaudia
2638 3626 2909 3679 transeat!
2950 3623 3480 3692 Assuescant/"pueri
3526 3620 3773 3685 laudibus

2197 3725 2378 3769 astare
2406 3716 2625 3784 superni
2654 3716 2797 3782 regis
2814 3754 2829 3778 ,
2859 3729 2966 3768 non
2995 3713 3237 3783 vulpium
3263 3712 3447 3771 fodere
3478 3723 3766 3771 cavernas,

2200 3823 2305 3861 non
2344 3806 2586 3873 leporum
2636 3804 2855 3874 fugaces
2888 3806 3040 3873 sequi
3074 3819 3281 3858 cursus.
3308 3802 3500 3871 ‘Quam
3548 3800 3772 3869 impium

2198 3904 2281 3950 est
2307 3894 2507 3950 Christi
2533 3894 2781 3947 amittere
2808 3894 3063 3962 obsequia
3090 3904 3145 3948 et
3170 3893 3405 3963 vulpium
3432 3890 3584 3961 sequi
3613 3889 3773 3945 vesti-

2200 3985 2319 4053 gia!
2354 3982 2573 4035 Discant
2600 3982 2751 4050 pueri
2781 3980 3089 4050 Scripturas
3116 3991 3329 4045 sacras,
3358 3988 3418 4035 ut
3458 3989 3617 4035 aetate
3652 3993 3772 4049 per-

2202 4071 2340 4125 fecta
2368 4072 2615 4124 veniente
2639 4070 2774 4124 alios
2797 4070 2990 4134 docere
3012 4073 3234 4141 possint.
3263 4071 3364 4137 Qui
3394 4086 3499 4125 non
3530 4069 3690 4124 discit
3715 4068 3803 4125 in.

2203 4161 2429 4232 pueritia
2445 4202 2460 4225 ,
2486 4144 2591 4217 non
2622 4161 2778 4215 docet
2804 4160 2858 4214 in
2884 4169 3176 4215 senectute.

2274 4252 2584 4320 Recogitate
2631 4251 3017 4305 nobilissimum
3056 4250 3224 4305 nostri
3266 4252 3524 4320 temporis
3552 4262 3574 4290 ε
3605 4251 3774 4322 magi—

532 4335 656 4407 fuga
682 4336 950 4390 confidere
978 4336 1253 4407 (carnali),
1282 4339 1374 4392 sed
1399 4338 1451 4392 in
1478 4354 1636 4409 prece
1658 4340 1872 4395 Patrum
1896 4354 2101 4397 vestro-
2131 4351 2181 4411 ι)
2208 4352 2379 4395 strum
2404 4342 2605 4395 Bedam
2626 4341 3193 4411 presbyterum,quale
3217 4343 3403 4398 habuit
3424 4344 3475 4396 in
3493 4342 3775 4411 juventute

533 4442 689 4492 rum;
732 4426 915 4495 sicque
957 4426 1168 4480 tandem
1196 4427 1300 4480 filii
1331 4429 1515 4494 eritis,
1560 4431 1600 4484 si
1636 4439 1819 4485 eorum
1859 4436 2099 4503 vestigiis

538 4518 815 4571 adbzerere
865 4517 1139 4572 studentis.
1197 4518 1313 4573 Non
1360 4522 1501 4574 enim
1550 4522 1649 4577 loci
1700 4508 2102 4581 malefacientgs

536 4610 752 4679 adjuvat
778 4612 1035 4663 sanctitas
1055 4650 1069 4674 ,
1098 4612 1193 4664 sed
1216 4612 1613 4668 benefacientes
1651 4614 1923 4684 religionis
1963 4620 2099 4671 inte-

607 4778 631 4804 ι
664 4764 971 4841 Benedictus
990 4776 1036 4818 et
1058 4764 1370 4841 Ceolfriduj.
1389 4767 1779 4841 Benedictusis
1801 4781 1879 4823 est
1907 4788 2103 4841 cogno-

539 4834 1024 4916 menLOMB-iscoptts,
1053 4837 1156 4916 qui
1178 4850 1277 4904 ope
1290 4835 1505 4916 ἕνεῖτίάί
1543 4834 2103 4916 regis_t_\:ortbumbrire

538 4916 681 4955 anno
710 4901 834 4967 67‘,
872 4901 1254 4959 Monasterium
1290 4901 1531 4959 Wirense
1558 4901 1649 4961 se'u
1686 4908 2102 4965 Wirimuthense

540 4970 799 5041 condidit.
850 4970 1147 5041 Ceolfridus
1188 4974 1393 5041 primus
1439 4976 1604 5029 abbas
1646 4976 1746 5030 fuit
1791 4982 2101 5034 monasterii

539 5040 852 5112 Gygrven_sis.
917 5040 1115 5112 «Nam;
1140 5040 1387 5112 ngridus
1442 5058 1532 5095 rex
1585 5044 2001 5112 Northumbrian,
2045 5059 2101 5102 ut

544 5109 702 5185 habet
739 5109 1044 5185 Florentius
1086 5109 1609 5185 Wiguorniensisad
1633 5130 1830 5168 annum
1856 5109 2103 5185 682,’pro

546 5178 907 5256 redemptione
950 5181 1142 5233 anima:
1187 5178 1703 5256 sum_etiamaliam
1736 5178 2103 5256 quadraginta

544 5242 866 5318 familiarum
911 5256 1111 5303 terram
1158 5250 1333 5302 abbati
1388 5250 1671 5306 Benedicto
1719 5242 1987 5318 donavit,"
2014 5258 2104 5310 ubi

546 5313 725 5392 missis
746 5319 1024 5392 monachis
1048 5332 1271 5392 numero
1292 5319 1476 5392 viginti
1508 5320 1713 5392 duobus
1741 5332 1795 5376 et
1822 5313 2107 5392 prmposito

546 5384 740 5464 abbate
777 5384 1044 5464 Ceolfrido
1084 5387 1164 5441 sui
1192 5401 1286 5455 per
1310 5384 1485 5464 omnia
1512 5384 2105 5464 coadjutore'strénuis-

548 5456 686 5530 sitn_o
702 5456 855 5520 jussu
886 5456 1029 5530 regis
1059 5458 1449 5530 monasterium
1470 5460 1623 5513 beato
1645 5456 1823 5515 Paulo
1870 5465 2109 5530 apostolo

554 5537 605 5599 in
645 5521 780 5599 lpco,
811 5521 1123 5599 quidicit‘ur
1148 5524 1401 5599 Gyrvum.
1429 5532 1743 5599 construxit.
1771 5551 1787 5581 ι
1821 5521 2108 5585 Venerabi—

552 5588 619 5639 lis
648 5586 782 5643 Beda
813 5586 879 5643 ab
907 5592 991 5644 his
1018 5586 1294 5648 abbatibus
1324 5609 1380 5647 se
1410 5594 1687 5651 educatum
1734 5599 1897 5654 fuisse
1942 5602 2106 5669 profl-

2207 4432 2448 4486 discendi
2474 4433 2707 4487 studium
2733 4473 2747 4497 ,
2777 4433 2988 4501 qualem
3013 4433 3205 4504 [Edit.,
3230 4434 3415 4507 quam]
3439 4451 3581 4489 nunc
3600 4435 3771 4513 habet

2206 4523 2346 4576 inter
2374 4525 2617 4577 homines
2643 4515 2885 4588 laudem,
2918 4523 3089 4579 multo
3126 4525 3385 4595 majorem
3424 4526 3564 4596 apud
3605 4527 3772 4583 Deum

2207 4612 2653 4666 remunerationis
2686 4612 2930 4681 gloriam.
2984 4613 3129 4669 Illius
3174 4614 3338 4683 igitur
3371 4613 3616 4685 exemplo
3649 4614 3773 4669 dor-

2207 4770 2350 4841 tetur
2375 4762 2427 4841 in_
2457 4761 2562 4841 fine
2588 4761 2727 4817 Hist.
2758 4762 2913 4833 Angl.
2934 4766 3021 4841 his
3043 4768 3225 4822 verbis
3253 4786 3263 4819 :
3299 4767 3509 4822 «Natus
3536 4769 3589 4823 in
3614 4768 3775 4823 terri-

2208 4833 2344 4885 torio
2384 4833 2616 4898 ejusdem
2655 4836 2989 4907 monasterii,
3028 4851 3150 4907 cum
3175 4851 3347 4891 essem
3374 4846 3577 4907 septem
3609 4852 3775 4893 anno-

2207 4915 2342 4961 rum,
2390 4916 2520 4982 cura
2562 4904 2980 4983 propinquorum
3003 4905 3173 4987 .datus
3208 4922 3327 4960 sum
3360 4904 3670 4989 educandus
3693 4920 3776 4961 re—

2207 4971 2592 5024 verendtsstmo
2616 4970 2791 5025 abbati
2822 4972 3107 5028 Benedicto
3130 4989 3195 5028 ac
3221 4974 3415 5029 deinde
3441 4974 3722 5031 Ceolfrido.
3748 4995 3767 5027 ι

2207 4984 2592 5024 verendtsstmo
2616 4984 2791 5025 abbati
2823 4984 3107 5028 benedicto
3130 4989 3195 5028 ac
3221 4984 3415 5029 deinde
3441 4984 3722 5031 Ceolfrido.
3748 4995 3767 5027 ι

2358 5038 2569 5173 ,ἔξῖὲἓὶ
2590 5040 2799 5173 GAsngn’aL
3059 5042 3459 5113 Anglo-Saxon.
3485 5048 3551 5100 ad
3574 5059 3772 5099 annum

2280 5177 2306 5215 δ
2346 5177 2631 5249 Terrorem,
2662 5180 2982 5249 quiaccidit,
3022 5188 3129 5236 etc.
3164 5182 3292 5235 Vide
3337 5198 3454 5249 qua:
3499 5182 3774 5237 adnotavi-

2213 5261 2332 5299 mus
2362 5246 2415 5298 in
2440 5246 2718 5313 epistolam
2743 5247 2777 5300 8
2806 5250 2870 5301 ad
2894 5246 3376 5305 Linrlisfarnenses'.

2281 5314 2805 5395 c.1Yoslri‘tempoﬁs
2842 5320 3171 5395 magistrum.
3200 5320 3274 5395 ΕΞ
3301 5321 3385 5395 his
3410 5321 3587 5395 verbis
3615 5319 3775 5395 infert

2210 5383 2490 5459 Canisius,
2534 5383 3190 5459 Alcuinum__non_fuisse
3235 5389 3387 5444 Bedte
3432 5389 3771 5459 discipulum.

2217 5471 2234 5500 ι
2255 5451 2363 5505 Cur
2383 5467 2545 5515 enim,
2570 5455 2665 5515 ait,
2692 5454 2968 5509 invidisset
2994 5456 3149 5511 Bette
3172 5459 3309 5513 hanc
3338 5451 3644 5517 laudemfet
3668 5474 3777 5514 non

2210 5521 2387 5641 potius
2433 5522 2748 5642 qppellasset
2796 5540 2967 5589 suum,
3017 5542 3179 5595 quam
3227 5529 3307 5581 sui
3353 5530 3608 5596 temperie
3657 5544 3776 5582 ma-

2213 5605 2293 5643 gis
2322 5605 2438 5643 rum
2500 5610 2517 5641 ι

2213 5605 2471 5658 giStrumr
2500 5610 2517 5641 ι
