4220 6202
380 284 480 342 165

1821 274 2200 331 EPISTOLAﬁ.

3542 272 3640 326 166

381 406 607 459 mlentes
635 398 869 456 excitate
899 396 1125 451 animos.
1159 393 1423 461 Magistris
1453 393 1715 453 aSsidete,
1746 390 1952 459 aperite
1982 394 2029 448 Λ
2058 402 2154 442 vos
2176 395 2435 456 protegat,
2468 385 2565 453 (at)
2595 384 2791 453 ubique
2819 386 2870 436 in
2901 388 3045 436 onmi
3071 389 3209 437 bono
3238 384 3642 459 itote-reluctant,

358 480 577 555 'titiros,
604 487 895 559 perspicite
920 485 1149 549 litteras,
1182 482 1464 552 intelligite
1492 495 1680 535 sensus
1708 480 1920 534 illarum
1941 520 1955 540 ,

354 574 363 649 θ’
383 595 438 638 ιιι
466 576 825 649 vosmetipsos
852 589 1074 647 pascere
1092 572 1113 641 ,‘
1135 583 1191 628 et
1217 573 1336 627 aliis
1363 572 1623 643 spiritalis
1650 572 1771 625 vitcc
1797 570 1962 639 (epu—

351 647 356 657 ’
384 677 459 729 las
471 674 490 746 )
530 647 772 742 praebere
805 669 1051 723 valeatis.
1084 664 1443 731 Absconditas
1471 662 1642 734 [ϐοά.
1674 662 1814 725 Sal.,
1848 662 1960 715 ine-

382 763 541 837 ptas]
592 762 1014 818 comessationes
1050 768 1106 814 et
1138 758 1366 811 furtivas
1423 752 1589 824 (Cod.
1642 752 1788 814 Sal.,
1821 750 1957 803 assi-

382 854 546 926 duas]
572 854 864 908 ebrietates
889 850 1047 919 quasi
1075 849 1283 902 foveam
1313 844 1507 899 inferni
1537 844 1722 904 vitate,
1750 842 1960 896 dicente

382 946 714 1012 Salomone:
752 944 915 1012 Aquae
953 941 1159 1010 [urtiute
1199 937 1489 1009 (dulciores
1523 935 1677 1002 sunt)
1716 943 1763 986 et
1800 948 1958 1001 panes

380 1032 671 1087 absconditi
708 1032 994 1084 suaviores.
1038 1027 1145 1082 Sed
1185 1026 1276 1097 (et)
1324 1025 1463 1095 apud
1505 1024 1701 1091 inferos
1746 1020 1958 1072 illarum

379 1132 499 1176 sunt
526 1121 753 1174 conviva:
783 1118 975 1188 (Prov.
1002 1133 1090 1179 ις,
1128 1117 1213 1179 l7,
1245 1114 1345 1183 18)
1370 1131 1383 1178 ;
1413 1113 1597 1166 volens
1626 1109 1849 1176 intelligi
1881 1116 1960 1161 ta-

379 1214 518 1267 libus
554 1210 823 1282 (iniquis)
862 1209 1038 1277 epulis
1063 1209 1335 1261 dremones
1362 1220 1480 1259 esse
1507 1212 1816 1273 praesentes.
1852 1201 1960 1253 \‘os

381 1304 562 1366 decet,
593 1309 654 1355 ut
692 1298 997 1362 ﬁlios‘Dei,
1032 1313 1241 1351 morum
1280 1295 1562 1356 nobilitas,
1596 1294 1717 1346 vita:
1755 1292 1957 1344 sancti-

379 1403 491 1457 tas,
531 1391 981 1446 vestimentorum
1015 1387 1296 1441 modestia.
1338 1384 1494 1439 Risus
1528 1384 1752 1437 hominis
1781 1391 1828 1434 et
1864 1383 1958 1434 ha-

379 1484 512 1537 bitus
568 1481 746 1546 illius,
804 1490 853 1532 et
905 1481 1132 1533 incessus
1184 1476 1529 1547 ejus,’juxta
1580 1476 1954 1537 Salomonem,

307 1583 310 1587 ’
375 1577 649 1630 enuntiarit
670 1575 735 1627 de
755 1591 814 1627 eo
838 1572 1026 1643 (Eccli.
1056 1588 1174 1636 xxx,
1201 1572 1314 1642 27).
1864 1636 1873 1649 ἢ

450 1666 557 1735 23
595 1664 749 1731 Quod
774 1664 827 1716 in
852 1662 1004 1716 laicis
1029 1662 1146 1716 laus
1172 1677 1291 1716 esse
1314 1660 1542 1721 videtur,
1573 1660 1625 1713 id
1657 1667 1758 1721 est,
1790 1658 1954 1712 vesti—

2061 474 2259 529 fratres
2284 474 2609 528 charissimi.

2602 582 2933 637 msrom
2970 583 3084 636 xv.
3304 655 3308 658 ξ

2352 691 2416 725 ΑΙ)
2459 688 2698 727 Πυιτῐιιῖδ
2734 689 3018 727 GYBOENSIS
3055 688 3341 726 ECCLESI.~E.

2061 761 2323 815 Hortatur
2376 764 2493 816 illos
2543 764 2611 815 ad
2663 764 2874 816 virtutes
2923 765 3191 817 monachis
3234 766 3450 833 dignas,
3492 777 3538 818 et
3575 767 3644 819 ad

2130 834 2376 885 sectanda
2396 844 2604 900 patrum
2626 851 2687 884 ac
2712 836 3080 899 magistrorum
3105 851 3317 886 suorum
3340 837 3570 905 vestigia.

2132 940 2502 994 Sanctissimis
2548 941 2599 993 in
2643 940 2862 994 Christo
2889 954 2913 980 ει
2947 942 3206 996 fratribus
3236 944 3529 1013 Gyroensis
3549 946 3647 1000 Ec—

2060 1030 2237 1083 clesia:
2266 1030 2485 1083 humilis
2510 1030 2665 1082 levita
2697 1031 2957 1085 Alcuinus
2989 1034 3233 1086 salutem.

2131 1117 2335 1171 Memor
2376 1119 2591 1186 pietatis
2639 1127 2849 1179 vestra},
2884 1135 2988 1186 qua
3021 1135 3106 1173 me
3132 1123 3337 1189 gremio
3365 1124 3650 1179 charitatis

2060 1206 2113 1261 in
2138 1210 2571 1262 communionem
2606 1216 2806 1263 saneta:
2833 1212 3094 1265 orationis
3133 1222 3327 1267 vestra:
3375 1217 3650 1285 suscipere

2060 1300 2265 1367 dignati
2314 1300 2467 1361 estis,
2511 1300 2711 1368 placuit
2741 1302 2996 1368 parvitati
3025 1317 3173 1365 mem,
3221 1305 3360 1358 hanc
3402 1308 3648 1360 veritatis

2059 1398 2253 1442 vestra:
2296 1390 2636 1457 sponsionem
2677 1390 2728 1441 in
2758 1392 3074 1444 memoriam
3106 1408 3359 1447 revocare
3391 1396 3473 1449 his
3503 1396 3647 1449 litte-

2059 1479 2210 1543 rulis,
2259 1489 2452 1547 optans
2483 1480 2637 1533 vobis
2673 1481 2813 1533 bona
2854 1480 3070 1535 Christo
3112 1484 3403 1539 miserante
3446 1498 3645 1541 aeterna

2059 1576 2112 1620 et
2134 1582 2230 1637 per
2278 1577 2471 1621 vestra:
2496 1568 2799 1643 dilectionis
2831 1570 3249 1627 intercessiones
3276 1590 3360 1628 me
3389 1577 3456 1629 ab
3486 1588 3642 1631 teter-

2062 1657 2146 1710 nis
2168 1659 2282 1711 erui
2306 1660 2607 1723 tormentis,
2632 1668 2691 1712 ut
2712 1660 2837 1714 dum
2864 1662 3016 1714 vobis
3044 1663 3095 1714 in
3127 1664 3212 1716 die
3236 1664 3447 1719 Domini
3474 1672 3649 1722 nostri

374 1726 678 1806 mentorum
716 1750 917 1815 cultus,
958 1750 1059 1803 hoc
1100 1749 1154 1802 in
1189 1749 1399 1802 clericis
1423 1758 1477 1801 et
1501 1748 1733 1800 maxime
1764 1747 1817 1798 in
1845 1762 1960 1800 mo-
1991 1726 2036 1786 Β
2062 1746 2188 1801 Jesu
2228 1749 2428 1802 Christi
2474 1766 2673 1803 corona
2705 1751 2880 1806 laudis
2907 1754 3262 1821 reputabitur,
3308 1758 3440 1812 mihi
3469 1759 3535 1812 ab
3564 1776 3649 1814 eo-

376 1844 566 1897 nachis
614 1842 965 1910 reprehensio
1012 1856 1131 1895 esse
1183 1840 1547 1909 cognoscitur.
1595 1838 1701 1892 Sed
1748 1846 1803 1890 et
1848 1831 1961 1905 ipse

374 1934 624 2002 princeps
662 1932 1025 2000 apostolorum
1060 1932 1221 1986 etiam
1270 1931 1497 1984 feminas
1524 1946 1554 1983 a
1581 1929 1832 1998 pretiosis
1873 1943 1963 1981 ve-

374 2023 644 2078 stimentis
662 2030 716 2075 et
732 2022 1005 2075 circulatis
1025 2022 1231 2089 capillis
1250 2023 1525 2089 prohibuit
1547 2021 1598 2090 (1
1615 2022 1761 2073 Petr.
1778 2037 1862 2084 ιιι,
1880 2021 1957 2090 5).

374 2111 434 2167 Si
478 2113 579 2167 hoc
621 2118 902 2181 peccatum
951 2127 1061 2165 non
1099 2120 1265 2177 esset,
1310 2113 1441 2166 dicit
1479 2112 1770 2181 Gregorius
1800 2126 1959 2180 papa,

373 2216 649 2271 nunquam
676 2201 869 2255 Pastor
891 2201 1145 2255 Ecclesiae
1172 2218 1204 2255 a
1228 2201 1437 2256 deliciis
1473 2203 1699 2255 vestium
1732 2200 1961 2255 feminas

372 2291 751 2363 prohibuisset.
777 2290 968 2346 Omnia
995 2301 1175 2345 vestra
1194 2290 1423 2347 honeste
1446 2306 1569 2346 cum
1595 2291 1782 2345 ordine
1808 2290 1958 2354 fiant,

373 2390 432 2437 nt
450 2382 698 2436 laudetur
733 2381 874 2435 Deus
920 2383 975 2435 in
1025 2391 1204 2436 vestra
1252 2384 1392 2437 bona
1434 2383 1866 2445 conversatione,
1906 2390 1962 2435 et

372 2475 548 2528 honor
582 2479 763 2527 vester
806 2475 948 2541 apud
990 2475 1237 2529 homines
1265 2483 1493 2537 crescat,
1525 2483 1580 2528 et
1609 2490 1819 2529 merces
1853 2490 1963 2529 me-

372 2564 599 2617 ritorum
648 2562 1041 2631 multiplicetur
1084 2564 1225 2631 apud
1267 2564 1456 2618 Deum.
1488 2564 1659 2617 Breve
1685 2572 1768 2618 est
1796 2563 1959 2633 (prte-

370 2653 561 2725 sentis)
589 2654 710 2707 vita:
730 2660 960 2721 tempus,
992 2660 1046 2706 et
1072 2654 1262 2707 ultima
1289 2654 1403 2707 dies
1424 2654 1711 2721 unicuique
1734 2654 1956 2718 incerta,

370 2748 425 2795 et
446 2742 555 2796 cito
584 2742 828 2811 rapimur
852 2742 919 2795 ad
950 2742 1237 2812 judicium.
1271 2741 1686 2811 Qualisquisque
1713 2753 1844 2798 tunc
1868 2759 1961 2798 cu-

368 2833 483 2902 piat
520 2847 660 2897 esse,
710 2833 871 2887 talem
902 2848 960 2888 se
998 2850 1141 2887 nunc
1180 2843 1291 2889 tota
1337 2835 1537 2889 virtute
1580 2836 1853 2899 exhibeat.
1897 2835 1956 2892 Si

368 2921 498 2989 quid
551 2921 762 2989 peccati
821 2936 922 2990 pro
984 2921 1278 2992 fragilitate
1335 2926 1518 2979 carnis
1586 2928 1956 2994 commiserit,

368 3011 550 3065 ablu‘at
594 3010 748 3082 (Cod.
783 3010 924 3076 Sal.,
971 3013 1320 3067 commissum
1365 3024 1466 3077 est,
1518 3015 1789 3087 abluatur]
1833 3031 2028 3114 eon-c

368 3100 632 3164 fessionc,
680 3101 856 3156 deleat
896 3102 1234 3171 paenitentia,
1277 3118 1346 3157 ne
1385 3105 1669 3159 damnetur
1695 3106 1747 3158 in
1772 3120 1953 3174 pteua,

367 3191 464 3245 sed
489 3198 777 3245 coronetur
803 3191 859 3245 in
888 3191 1078 3261 gloria.
1111 3192 1335 3247 Habetis
1374 3204 1591 3249 sanctos
1616 3194 1826 3261 Patres,
1863 3197 1955 3265 qui

368 3296 464 3336 vos
503 3291 821 3352 genuerunt,
870 3283 1163 3353 adjutores,
1209 3285 1257 3376 si
1303 3284 1517 3338 illorum
1562 3294 1956 3355 praceptorum

366 3370 523 3424 eritis
540 3369 796 3425 factores.
825 3371 931 3425 Sed
953 3380 1007 3426 et
1028 3369 1285 3440 angeli'cm
1310 3373 1618 3441 dignitates,
1642 3383 1697 3429 et
1714 3377 1955 3430 omnium

279 3473 285 3479 '
368 3466 680 3512 sanctorum
726 3460 942 3527 agmina
984 3461 1325 3537 congaudent
1356 3448 1514 3514 bouis
1540 3463 1757 3528 vestris,
1793 3464 1958 3537 (desi-

368 3549 561 3603 derant
601 3563 697 3603 vos
743 3551 920 3604 socios
963 3527 1163 3604 habere
1198 3566 1309 3605 sua:
1334 3527 1878 3623 beatitudinis);imo
1902 3564 1957 3610 et

368 3639 483 3707 ipse
530 3638 711 3704 Deus,
765 3640 861 3709 qui
909 3640 1024 3693 vult
1072 3655 1261 3695 omnes
1310 3642 1558 3697 homines
1605 3643 1783 3698 salvos
1837 3645 1954 3701 ﬁeri

369 3727 421 3800 (1
452 3728 586 3783 Tim.
621 3746 681 3795 ιι,
716 3729 792 3801 4),
840 3730 992 3786 vobis
1017 3732 1204 3789 :eterni
1232 3735 1381 3805 regni
1410 3745 1768 3805 praeparatam
1793 3738 1955 3793 habet

368 3818 617 3887 gloriam.
911 3880 916 3885 π

440 3907 617 3962 Nolite
644 3924 738 3963 vos
762 3918 983 3979 propter
1005 3911 1265 3965 desidiam
1288 3915 1453 3968 animi
1484 3916 1695 3986 [vestri]
1724 3918 1808 3971 vel
1836 3933 1955 3971 car—

367 3998 517 4053 nales
548 3997 933 4053 delectationes
966 4002 1183 4055 :eternis
1212 4001 1465 4056 fraudare
1493 4005 1686 4058 bonis:
1715 4006 1807 4059 sed
1833 4021 1950 4059 ma—

367 4090 450 4160 gis
486 4089 632 4142 omni
671 4090 849 4143 studio
895 4091 1156 4145 intendite
1182 4101 1240 4146 ut
1268 4093 1436 4147 Deum
1469 4096 1557 4150 hic
1584 4095 1832 4151 habeatis
1858 4098 1952 4151 de-

367 4177 656 4244 fensorem,
704 4179 814 4234 illic
870 4193 1355 4249 remuneratorem,
1399 4186 1491 4255 qui
1542 4202 1638 4241 vos
1687 4188 1952 4257 prolicere

336 4342 337 4345 η
368 4268 532 4321 faciat
571 4268 627 4322 in
668 4270 816 4322 omni
842 4272 1101 4349 bonitate,
1137 4274 1233 4343 (et)
1260 4278 1551 4332 constituat
1579 4280 1953 4337 immaculatos

367 4363 491 4409 ante
542 4366 892 4424 conspectum
945 4361 1129 4427 gloriae
1180 4378 1310 4417 suae.
1373 4366 1611 4422 Obsecro
1667 4378 1725 4423 ut
1779 4372 1952 4439 pietas
1983 4400 2033 4459 Ι)

308 4520 311 4523 _
367 4455 543 4501 vestra
574 4448 782 4515 placide
807 4448 1070 4519 perlegat,
1110 4454 1253 4519 quod
1282 4454 1520 4509 charitas
1547 4467 1729 4513 nostra
1758 4462 1949 4521 devote

366 4537 707 4606 conscripsit,
742 4547 934 4607 optans
971 4554 1067 4594 vos
1104 4551 1424 4608 praesentem
1453 4545 1650 4600 habere
1678 4551 1949 4617 prosperi-

369 4635 535 4680 tatem
562 4636 616 4681 et
643 4626 876 4681 futuram
915 4630 1161 4699 accipere
1196 4631 1603 4688 beatitudinem.
1648 4635 1777 4689 Meae
1815 4654 1949 4705 quo-

368 4732 473 4786 que
512 4718 795 4785 parvitatis
833 4727 891 4770 ut
923 4734 1190 4776 memores
1217 4724 1336 4778 sitis
1366 4726 1419 4777 in
1449 4728 1651 4781 sanctis
1689 4730 1948 4782 orationi-

367 4806 469 4861 bus
488 4808 683 4861 vestris
708 4823 801 4876 per
829 4808 1108 4863 charitatis
1148 4811 1443 4867 almitatem
1482 4817 1741 4881 obtestor,
1792 4828 1843 4873 et
1872 4818 1946 4872 fa-

367 4898 731 4953 miliaritatem
777 4915 936 4967 quam
971 4901 1308 4969 perdonastis
1348 4906 1479 4957 mihi
1510 4907 1802 4963 inviolabili
1845 4912 1947 4964 [ide

367 4990 631 5043 custodite
672 4988 865 5061 [Edit.,
914 4992 1184 5045 custodire
1231 4996 1630 5067 recordemini],
1682 5011 1947 5068 quatenus

365 5090 463 5146 per
506 5085 715 5131 vestras
771 5079 1183 5134 intercessiones
1228 5083 1437 5135 veniam
1487 5085 1686 5138 habere
1738 5104 1948 5142 merear

369 5182 612 5221 meorum
639 5169 979 5234 delictorum,
1008 5179 1064 5225 et
1094 5188 1190 5227 vos
1225 5174 1525 5227 mercedem
1569 5174 1821 5233 fraternm
1868 5180 1943 5233 di-

367 5258 611 5313 lectionis
658 5260 799 5327 apud
845 5261 1011 5315 Deum
1081 5264 1323 5318 habeatis
1378 5273 1655 5320 aeternam.
1712 5268 1941 5325 Dextera

368 5351 462 5405 Dei
496 5351 877 5420 omnipotentis
911 5355 980 5408 ab
1011 5356 1155 5408 omni
1192 5356 1345 5409 hoste
1370 5356 1566 5411 visibili
1598 5366 1652 5411 et
1690 5359 1943 5416 invisibili

439 5494 465 5522 ι
502 5481 784 5561 ratribus
820 5483 1101 5561 Syracusis
1132 5487 1401 5561 Ecclesiw.
1432 5490 1563 5543 Vide
1584 5506 1753 5561 supra
1785 5495 1940 5561 epist.

371 5549 790 5628 H_ad_eosd_em,
822 5549 891 5628 εἰΔ
904 5554 1063 5608 simul
1093 5559 1157 5610 ad
1190 5556 1466 5611 Wirenses
1488 5549 1762 5628 scriptam.

439 5624 466 5661 δ
496 5622 649 5678 Hunc
676 5623 848 5676 locum
881 5625 933 5677 in
970 5640 1068 5679 ms.
1104 5636 1424 5693 corruptum
1447 5629 1515 5681 ita
1554 5622 1939 5686 restituendum

2064 1838 2186 1891 dem
2210 1836 2392 1905 judice
2437 1839 2523 1892 vel
2566 1840 2723 1893 venia
2771 1851 3117 1909 peccatorum
3162 1845 3449 1900 tribuatur.
3484 1849 3511 1887 ι)
3546 1848 3655 1903 Nec

2062 1937 2146 1982 cst
2191 1945 2376 1983 rarum
2412 1930 2809 2000 longinquitate
2840 1932 3124 1986 cliaritatis
3162 1936 3521 1993 muniﬁcentia
3568 1954 3655 1992 se—

2062 2020 2242 2085 parari
2267 2019 2446 2083 debet,
2471 2035 2593 2089 qua!
2622 2035 2837 2090 semper
2863 2038 3102 2091 pncsens
3132 2024 3184 2076 in
3212 2025 3383 2077 servis
3414 2025 3509 2079 Dei
3535 2042 3654 2080 esse

2063 2106 2221 2160 debet
2250 2122 2347 2176 per
2375 2122 2521 2174 eum,
2568 2110 2659 2178 qui
2702 2111 2778 2163 ait
2806 2128 2817 2163 :
2850 2110 2953 2163 Ubi
2995 2123 3115 2165 sunt
3159 2114 3264 2166 duo
3295 2116 3368 2167 re!
3398 2124 3500 2170 tres
3531 2133 3658 2170 con~

2063 2196 2261 2264 gregati
2314 2197 2370 2248 in
2419 2198 2626 2251 nomine
2677 2216 2829 2261 meo,
2886 2200 2957 2253 ibi
2996 2219 3111 2253 sum
3155 2203 3209 2256 in
3255 2204 3424 2261 medio
3474 2222 3654 2259 eorum

2065 2283 2280 2353 (Matth.
2315 2301 2469 2350 xvm,
2501 2285 2615 2356 20).
2648 2286 2919 2355 Quidquid
2948 2290 3001 2342 in
3030 2290 3122 2344 illo
3147 2292 3510 2347 amicitiarum
3535 2310 3655 2348 esse

2063 2373 2246 2439 erepit,
2289 2374 2583 2427 inviolabili
2628 2376 2885 2429 ﬁrmitate
2930 2393 3252 2447 permanere
3294 2398 3513 2438 necesse
3548 2396 3656 2448 est,

2060 2465 2308 2531 quoniam
2344 2466 2433 2534 qui
2454 2469 2851 2535 perseveraverit
2881 2484 3042 2537 usque
3074 2470 3128 2522 in
3156 2471 3336 2538 ﬁnem,
3367 2473 3449 2524 hic
3478 2474 3654 2527 saltus

2062 2552 2159 2604 erit
2200 2552 2414 2621 (Matth.
2448 2570 2500 2618 Χ,
2527 2554 2639 2625 22).
2680 2554 2805 2610 Ideo
2846 2572 3260 2625 pcrmaneamus
3288 2562 3340 2614 in
3368 2564 3651 2618 charitatis

2062 2640 2319 2697 fraternae
2370 2644 2660 2709 soliditate,
2710 2647 2841 2700 nihil
2885 2648 3032 2702 aliud
3081 2651 3424 2708 attendentes
3456 2655 3521 2718 in
3569 2670 3654 2719 ea,

2062 2732 2170 2785 nisi
2227 2734 2586 2788 humilitatem
2636 2746 2691 2789 et
2741 2738 3103 2794 obedientiam
3134 2760 3171 2814 ;‘
3209 2752 3265 2797 et
3312 2753 3371 2797 ut
3420 2746 3652 2807 invicem

2061 2830 2250 2875 sancto
2300 2823 2569 2891 adjutorio
2608 2828 2979 2896 unusquisque
3023 2829 3255 2884 alterum
3295 2834 3553 2902 adjuvet:
3601 2847 3657 2890 et

2062 2912 2191 2966 dum
2236 2914 2385 2967 omni
2434 2929 2681 2983 persona:
2724 2933 2995 2972 summum
3034 2929 3116 2973 est
3146 2921 3403 2988 charitas,
3454 2936 3659 2993 quanto

2059 3002 2236 3070 magis
2264 3001 2480 3056 famulis
2507 3002 2732 3067 Christi,
2770 3021 3003 3075 quorum
3033 3009 3160 3062 vita:
3196 3012 3443 3065 meritum
3482 3022 3652 3068 totum

2057 3088 2113 3142 in
2139 3090 2421 3144 charitatis
2445 3100 2501 3145 et
2526 3087 2847 3148 humilitatis
2873 3105 2928 3149 et
2951 3090 3272 3153 obedientlte
3302 3101 3500 3158 virtute
3526 3120 3655 3158 con-
3692 3125 3695 3129 ‘

2057 3190 2203 3237 stat:
2234 3183 2289 3236 in
2331 3185 2528 3252 quibus
2575 3194 2813 3239 vestram
2850 3189 3196 3244 sanctitatem
3222 3194 3463 3259 quotidie
3487 3198 3657 3265 proti-

2056 3285 2182 3325 cere
2227 3278 2514 3339 optamus,
2568 3273 2694 3341 quia
2741 3275 2940 3342 quibus
2993 3276 3129 3329 nihil
3179 3282 3476 3334 secundum
3522 3301 3650 3354 pro--

2056 3362 2290 3432 positum
2316 3362 2580 3433 regularis
2616 3365 2740 3420 vitae
2772 3382 2895 3421 cum
2934 3368 3286 3424 saecularibus
3322 3378 3557 3444 pompis,
3597 3388 3651 3431 et

2055 3454 2387 3509 vanitatibus
2429 3456 2746 3513 deliciarum
2792 3474 3079 3515 commune
3117 3469 3222 3526 est,
3269 3474 3437 3521 totam
3486 3469 3652 3546 vitam

2056 3542 2289 3611 regulari
2314 3547 2699 3602 constrictione
2720 3550 3017 3618 perfectam
3048 3572 3169 3611 esse
3200 3560 3373 3613 decet.

2126 3634 2552 3703 Recordamini,
2620 3641 2929 3696 charissimi
2989 3644 3224 3703 fratres!
3290 3652 3657 3709 nobilissimos
3726 3715 3732 3721 ,

2054 3727 2303 3797 principii
2327 3729 2491 3782 vestri
2514 3739 2695 3798 patres
2721 3741 2777 3785 et
2800 3742 3071 3801 parentes,
3108 3739 3200 3806 qui
3230 3754 3325 3794 vos
3352 3755 3655 3808 genuerunt

2056 3820 2112 3873 in
2157 3816 2413 3883 Christo;
2460 3830 2515 3874 et
2556 3822 2924 3877 nobilissimos
2968 3827 3259 3896 magistros
3287 3870 3301 3893 ,
3359 3846 3496 3898 quos
3548 3833 3652 3886 ha-

2054 3906 2249 3961 buistis
2274 3909 2327 3961 in
2355 3916 2549 3962 vestra:
2572 3909 2949 3978 germanitatis
2975 3907 3413 3983 congregatione.
3445 3916 3649 3973 llorum

2055 3996 2316 4051 doctrinis
2360 4000 2705 4065 inhaerentes,
2756 4009 2811 4053 et
2854 4002 3046 4054 horum
3090 3993 3351 4073 exemplis
3376 4009 3649 4073 Viventes,

2054 4094 2108 4139 et
2153 4086 2346 4139 horum
2396 4094 2595 4141 statuta
2638 4097 2928 4157 sequentes
2957 4091 3169 4145 illorum
3197 4097 3499 4151 certissime
3523 4115 3653 4153 con-

2055 4178 2246 4231 sociati
2277 4172 2607 4232 beatitudine
2630 4179 2683 4232 in
2707 4178 2890 4234 futuro
2913 4182 3109 4237 saeculo
3129 4184 3298 4239 eritis.
3326 4186 3651 4243 Benedictus

2055 4268 2205 4323 locus
2234 4285 2265 4322 a
2302 4271 2430 4333 Deo,
2464 4270 2556 4341 qui
2598 4270 2733 4324 tales
2774 4274 2972 4326 meruit
3017 4274 3218 4330 habere
3263 4278 3547 4345 doctores;
3596 4293 3651 4335 et

2056 4360 2343 4423 benediCti,
2372 4361 2546 4441 quiin
2574 4377 2638 4416 eo
2669 4362 2789 4417 loco
2818 4363 3031 4418 illorum
3068 4378 3334 4437 pra'cepta
3376 4374 3650 4441 custodire

2056 4458 2322 4518 satagunt.
2467 4430 2473 4441 .
3072 4430 3100 4533 ὴ,

2124 4538 2262 4603 Quid
2294 4540 2465 4593 servis
2490 4540 2609 4604 Dei,
2636 4541 2727 4608 qui
2756 4544 3086 4597 monachicae
3121 4546 3243 4600 vita:
3284 4558 3409 4603 voto
3437 4566 3493 4605 se
3519 4568 3647 4607 con-

2054 4630 2414 4689 strinxerunt,
2444 4630 2619 4685 inanis
2648 4632 3095 4688 vestimentorum
3134 4653 3348 4706 pompa,
3389 4657 3511 4711 qua:
3548 4660 3648 4698 nec

2052 4720 2402 4775 saecularibus
2454 4722 2703 4790 prodest,
2757 4731 2809 4776 et
2853 4725 3080 4778 multum
3130 4727 3239 4780 Deo
3287 4731 3649 4787 servientibus

2052 4809 2242 4862 obest?
2280 4809 2421 4875 Quid
2446 4811 2817 4867 conviviorum
2847 4810 3171 4880 frequentia,
3200 4831 3322 4884 quae
3354 4819 3590 4872 animam
3616 4839 3646 4873 ιι

2053 4900 2314 4971 religione
2362 4899 2603 4957 melioris
2629 4902 2755 4977 vita:
2785 4911 3030 4957 avertere
3058 4905 3230 4959 solet?
3265 4907 3476 4973 Quanta
3506 4912 3646 4964 mala

2051 5000 2272 5059 generet
2303 4992 2554 5053 ebrietas,
2597 5006 2757 5046 nemo
2786 5000 2871 5045 est
2909 4996 3001 5063 qui
3049 4996 3276 5061 nesciat,
3317 5000 3409 5067 qui
3456 5015 3645 5055 curam

2050 5096 2163 5135 suae
2186 5083 2380 5136 anima:
2412 5083 2613 5136 habere
2647 5084 2945 5138 contendit.
2986 5085 3242 5141 Seniores
3272 5088 3645 5144 adolescentu-

2051 5173 2131 5227 los
2160 5175 2316 5228 bonis
2343 5176 2592 5229 erudiant
2616 5174 2917 5243 exemplis;
2959 5187 3014 5229 et
3051 5177 3211 5229 Pater
3244 5178 3334 5245 qui
3363 5189 3560 5245 prmest
3586 5196 3646 5236 St:

2047 5266 2184 5321 sciat
2232 5268 2499 5321 rationem
2546 5264 2882 5320 redditurum
2917 5266 2984 5319 de
3009 5267 3220 5329 ovibus,
3270 5284 3405 5336 quas
3453 5271 3642 5339 recipit

2051 5360 2333 5430 regendas.
2363 5358 2743 5427 linusquisque
2775 5360 3010 5428 seipsum
3054 5361 3381 5425 consideret,
3425 5373 3477 5415 et
3510 5380 3639 5430 que-

2048 5503 2195 5563 puto,
2222 5501 2279 5563 ut
2301 5506 2493 5563 sensus
2530 5491 2753 5563 prodeat
2783 5510 2792 5542 ε
2831 5489 2939 5563 Nec
2971 5489 3031 5541 ob
3060 5499 3321 5563 terrarum
3346 5489 3640 5561 longinqui-

2048 5559 2203 5617 iatem
2232 5561 2502 5614 charitatis
2537 5560 2897 5629 muniﬁcentia
2927 5561 3165 5627 separari
3190 5559 3357 5609 debet.
