4206 6206
571 248 669 303 167

1428 247 1487 300 Β.
1529 248 1588 315 F.
1625 248 1850 302 ALBINI
1888 248 2019 303 SEU
2058 246 2334 329 ALCUINI
2373 245 2655 301 OPERUM
2693 246 2871 335 PARS
2906 246 2951 299 l.

3718 252 3823 303 168

571 362 737 429 modo
774 361 880 414 Deo
923 360 1159 430 placeat;
1208 329 1475 428 quomodo
1521 358 1749 414 salutem
1801 360 1995 414 animae
2031 373 2142 413 sua:
2168 363 2217 423 Α
2244 356 2356 411 Deo
2402 354 2690 420 amabiles,
2737 365 2791 410 et
2835 329 3142 410 hominibus
3190 358 3533 415 honorabiles
3574 360 3826 418 institue-

570 461 822 523 opcretur
845 468 859 502 :
884 449 977 505 sed
1006 463 1101 503 vos
1126 447 1449 517 specialiter,
1480 450 1786 504 charissimi
1818 447 2046 502 fratres!
2084 448 2139 502 in

570 541 792 597 servitio
828 540 922 595 Dei
966 554 1284 608 permanere
1323 538 1495 603 decet,
1541 540 1676 593 etin
1706 540 1931 595 rationis
1959 537 2143 611 [Forte

569 628 853 701 orationis]
882 630 1057 684 studio
1081 628 1354 699 proﬁcere,
1391 638 1608 699 propter
1640 631 1870 698 optimos
1893 637 2144 698 parentes

571 728 626 775 et
673 735 865 789 paucos
903 718 1104 792 [Forte,
1154 733 1261 773 non
1310 717 1533 789 paucos]
1580 720 1864 789 magistros
1910 727 2140 774 vestros.

572 811 710 877 Quid
735 826 865 865 vero
892 809 1150 864 librorum
1182 809 1335 876 copia
1365 809 1599 877 prodest,
1651 809 1695 863 si
1744 825 1849 863 non
1900 810 2041 863 crint
2072 809 2147 861 le—

571 906 773 969 gentes
796 898 851 952 in
890 898 989 963 eis,
1020 906 1077 951 et
1104 896 1459 966 intelligentes
1479 896 1605 950 eos?
1632 889 1789 965 ’ρυίά
1810 897 1927 951 laus
1953 911 2147 965 paren-

573 996 685 1041 tum
714 986 940 1056 proﬁcit,
971 986 1016 1039 si
1038 992 1333 1040 sectatores
1366 984 1577 1038 illorum
1606 1000 1710 1039 non
1746 986 1886 1039 erint
1909 999 2148 1054 praacep—

573 1084 747 1131 torum
774 1083 895 1144 post
921 1089 1014 1128 eos
1029 1074 1052 1127 ?

641 1166 751 1221 Vos
778 1179 909 1220 vero
934 1164 1029 1218 ﬁlii
1061 1164 1191 1219 estis
1216 1172 1546 1229 sanctorum,
1580 1179 1675 1217 vos
1706 1163 1881 1217 nobile
1904 1178 2071 1230 genus
2095 1163 2149 1216 el

573 1254 751 1325 regale
789 1242 1172 1317 sacerdotium,
1201 1252 1255 1306 in
1287 1252 1528 1305 Ecclesia
1565 1250 1764 1305 Christi
1794 1249 1981 1303 nutriti
2014 1267 2025 1301 :
2053 1264 2150 1303 no-

572 1347 835 1400 bilitatem
868 1352 1101 1398 vestram
1120 1342 1281 1396 benis
1304 1341 1545 1397 moribus
1567 1342 1852 1406 ostendite,
1879 1349 2148 1409 quatenus

572 1437 790 1505 plurimi
822 1434 1021 1490 vestris
1045 1433 1479 1503 bonisexemplis
1502 1432 1833 1496 erudiautur,
1862 1442 1916 1486 et
1937 1432 2028 1501 qui
2056 1446 2149 1485 vos

575 1527 706 1582 feris
750 1526 946 1589 videat,
979 1540 1009 1579 a
1033 1524 1186 1579 vobis
1218 1524 1392 1578 discat
1420 1525 1687 1592 quomodo
1712 1523 1893 1576 vivere
1936 1523 2146 1576 debeat.

576 1618 707 1672 Nam
739 1632 805 1672 ex
839 1631 1131 1686 paucorum
1170 1614 1578 1670 conversatione
1623 1615 1715 1675 ab,
1746 1614 1830 1667 his
1877 1613 1967 1682 qui
2020 1611 2151 1667 foris

2244 453 2388 509 runt,
2432 445 2522 513 qui
2576 444 2736 513 primi
2772 442 2989 499 fuerunt
3032 444 3346 501 fundatores
3392 453 3826 520 congregationis

2243 542 2453 588 vestrm.
2485 532 2701 587 Certum
2733 541 2815 587 est
2846 532 2966 600 illos
2989 535 3185 603 saepius
3215 536 3434 593 visitare
3462 537 3579 593 loca
3613 539 3825 597 habita»

2244 625 2406 679 tionis
2450 633 2660 688 vestrae,
2709 632 2763 678 et
2804 639 3153 694 quoscunque
3196 625 3474 681 inveniant
3498 629 3825 687 honestavi-

2244 728 2369 768 vere
2416 721 2470 765 et
2514 728 2608 766 sua
2654 711 2927 767 custodire
2975 721 3196 778 statuta,
3237 715 3575 785 congaudent
3605 715 3729 783 illis,
3770 729 3829 778 et

2243 820 2342 874 pro
2387 805 2466 859 eis
2506 804 2837 858 intercedere
2878 803 3017 873 apud
3060 805 3209 873 pium
3238 803 3477 872 iudicem
3520 807 3829 879 nullatenus

2244 897 2546 961 desistunt;
2573 898 2666 951 sed
2691 905 2745 951 et
2779 897 3090 965 angelorum
3129 898 3463 953 visitationes
3494 899 3611 954 loca
3637 909 3827 956 sancta

2244 983 2587 1053 frequentare
2613 1000 2719 1055 non
2743 986 2965 1039 dubium
2989 993 3090 1039 est.
3117 982 3311 1040 Fertur
3336 985 3479 1040 enim
3506 990 3829 1058 magistrum

2245 1085 2490 1128 nostrum
2534 1082 2589 1128 et
2629 1082 2866 1128 vestrum
2913 1084 3199 1143 patronum
3238 1076 3455 1130 beatum
3492 1078 3693 1131 dixisse
3732 1076 3834 1130 Ba-

2248 1180 2353 1219 nu
2377 1182 2389 1216 :
2429 1181 2448 1215 ι
2473 1163 2597 1217 Scio
2625 1164 2843 1235 angelos
2871 1164 3090 1219 visitare
3115 1166 3406 1219 canonicas
3430 1166 3590 1219 horas
3621 1174 3677 1219 et
3704 1180 3831 1219 con-

2248 1252 2585 1322 gregationes
2621 1252 2915 1319 fraternas;
2955 1254 3082 1321 quid
3119 1253 3164 1318 si
3195 1253 3267 1306 ibi
3298 1269 3383 1306 me
3411 1269 3518 1308 non
3547 1252 3831 1307 inveniunt

2249 1340 2389 1395 inter
2413 1340 2645 1397 fratres?
2692 1340 2879 1396 Nonne
2926 1343 3104 1397 dicere
3142 1333 3361 1404 habent,
3407 1342 3498 1395 ubi
3528 1350 3613 1395 est
3648 1342 3830 1396 Βεωῖ

2250 1432 2427 1497 Quare
2475 1447 2581 1485 non
2628 1432 2775 1486 venit
2806 1433 2871 1486 ad
2909 1432 3250 1487 adorationes
3291 1438 3521 1486 statutas
3557 1447 3681 1487 cum
3720 1433 3833 1487 ira.

2251 1522 2463 1576 tribus?
2482 1542 2499 1573 ι

2324 1612 2514 1681 Magna
2542 1620 2626 1666 est
2646 1612 2787 1682 apud
2812 1612 2982 1668 Deum
3006 1612 3311 1668 communis
3338 1616 3533 1677 oratio,
3560 1622 3616 1667 et
3637 1628 3835 1684 magna

575 1718 722 1772 sunt,
746 1721 885 1776 saepe
912 1706 1125 1759 illorum
1156 1705 1286 1768 vita,
1326 1704 1418 1773 qui
1460 1704 1604 1759 intus
1642 1711 1786 1768 sunt,
1817 1702 2141 1756 nominatur.
2180 1710 2224 1768 Β
2251 1702 2530 1755 charitatis
2554 1703 2897 1767 communio;
2933 1713 2987 1757 et
3014 1702 3183 1757 multo
3219 1712 3303 1757 est
3341 1702 3532 1757 melius
3569 1718 3693 1757 cum
3729 1702 3835 1757 fra-

579 1797 717 1850 Dicit
745 1796 887 1849 enim
916 1792 1203 1863 Apostolus
1229 1810 1241 1844 :
1267 1792 1515 1858 Quandiu
1556 1810 1671 1846 sum
1699 1792 1973 1863 Apostolus
2018 1808 2146 1861 gen-

576 1889 726 1952 tium,
768 1885 1110 1939 ministerium
1154 1900 1324 1937 meum
1372 1884 1660 1952 honoriﬁco
1699 1884 1876 1954 (Rom.
1918 1901 1997 1949 ιι,
2036 1882 2145 1953 15).

579 1975 670 2029 Sic
712 1977 871 2030 debet
903 1976 1270 2046 unusquisque
1318 1981 1469 2030 suam
1519 1990 1822 2045 personam,
1876 1975 1958 2030 vel
1996 1991 2149 2030 suum

578 2065 908 2133 propositum
934 2066 1194 2135 religiosis
1213 2081 1407 2119 ornare
1428 2066 1691 2132 moribus,
1717 2074 1773 2121 ut
1794 2066 2002 2121 laudem
2029 2082 2149 2120 cum

581 2156 884 2211 hominibus
932 2157 1143 2221 habeat,
1192 2164 1246 2210 et
1283 2158 1448 2211 vitam
1488 2167 1746 2211 mternam
1789 2174 1910 2212 cum
1953 2161 2151 2212 sanctis

580 2247 822 2316 accipere
866 2256 1155 2301 mereatur.
1205 2246 1310 2300 Pro
1363 2248 1519 2302 nobis
1573 2248 1991 2302 intercedentem
2028 2248 2153 2301 bea-

583 2335 863 2388 titudinem
929 2342 1160 2387 vestram
1230 2334 1369 2388 Deus
1441 2336 1781 2405 omnipotens
1841 2336 2148 2396 custodiat,

584 2433 639 2476 et
670 2425 723 2477 in
771 2425 915 2478 omni
954 2424 1094 2478 bono
1144 2422 1405 2492 proﬁcere
1451 2422 1896 2491 faciat,,fratrcs
1944 2425 2151 2479 charis-

581 2514 703 2567 situi
729 2516 740 2567 !

904 2658 907 2661 .
1111 2601 1437 2656 EPISTULA
1479 2602 1614 2656 XVI.

816 2708 882 2745 AD
922 2705 1158 2745 FRATRES
1195 2706 1453 2745 ECCLESIE
1508 2706 1693 2744 SANCT‘I
1734 2705 1911 2745 PETRI.

584 2782 921 2847 Commendat
948 2799 1001 2835 se
1028 2781 1241 2845 illorum
1286 2783 1528 2835 amicitia
1571 2781 1695 2834 olim
1721 2783 1971 2835 condicta:
1994 2798 2012 2836 :
2040 2782 2157 2836 lau-

654 2855 744 2905 dat
773 2868 948 2906 eorum
985 2851 1271 2920 regularem
1316 2853 1773 2904 conversationem.
1807 2849 2064 2903 Hortatur
2088 2852 2156 2904 ad

653 2924 863 2978 virtutes
894 2921 1160 2975 monachis
1182 2920 1439 2990 praprias.

2253 1796 2427 1849 tribus
2470 1797 2827 1849 communiter
2874 1810 3062 1859 orare,
3111 1796 3439 1849 manducare
3478 1803 3533 1849 et
3573 1795 3832 1855 dormire.

2251 1900 2411 1953 quam
2460 1885 2513 1936 iu
2564 1884 2782 1951 speciali
2830 1884 3164 1938 habitatione
3207 1883 3399 1938 solum
3428 1899 3551 1937 cum
3596 1883 3839 1952 periculo

2253 1991 2509 2039 manere,
2557 1976 2683 2044 quia
2731 1974 2941 2029 facilius
2995 1975 3239 2029 diabolus
3280 1990 3586 2044 expugnare
3640 1975 3841 2046 poterit

2261 2067 2411 2119 illum
2442 2066 2533 2134 qui
2565 2064 2712 2119 solus
2740 2072 2842 2129 est,
2871 2078 3033 2133 quam
3073 2080 3195 2119 eum
3236 2064 3325 2132 qui
3370 2062 3609 2118 fraterno
3637 2064 3841 2119 auxilio

2252 2155 2488 2223 undique
2538 2155 2789 2230 cingitur,
2844 2154 3057 2209 dicente
3098 2153 3376 2222 Scriptura
3405 2172 3417 2205 ι
3449 2152 3659 2219 Frater,
3688 2156 3779 2225 qui
3804 2174 3839 2207 α

2253 2246 2416 2312 fratre
2449 2244 2749 2313 adjuvatur,
2793 2245 2943 2313 quasi
2968 2243 3127 2311 ﬁrma
3154 2253 3227 2297 est
3255 2244 3437 2297 civitas
3468 2242 3651 2313 (Prov.
3680 2260 3836 2307 xvm,

2256 2336 2362 2407 t9).
2397 2336 2586 2390 Vestra
2614 2337 2756 2389 enim
2790 2336 2906 2390 laus
2928 2345 3012 2391 est
3041 2337 3263 2392 honeste
3290 2337 3493 2399 vivere,
3521 2337 3839 2406 religimtem

2253 2433 2497 2479 votorum
2523 2434 2826 2478 vestrorum
2863 2440 3099 2480 servare.
3134 2426 3273 2492 Quid
3299 2426 3452 2480 vobis
3479 2426 3839 2480 vestimento-

2256 2530 2372 2567 rum
2389 2514 2618 2582 pompa?
2632 2512 2802 2582 Major
2815 2514 3007 2568 exinde
3028 2515 3131 2568 erit
3152 2514 3501 2583 reprehensio
3515 2529 3676 2585 quam
3690 2516 3838 2581 laus;

2259 2603 2467 2656 vanitas
2495 2610 2576 2656 est
2605 2603 2748 2657 enim
2776 2613 2829 2656 et
2859 2604 3128 2671 superbia,
3172 2614 3226 2658 et
3262 2604 3396 2658 nihil
3422 2604 3567 2658 aliud
3589 2621 3603 2669 ;
3622 2612 3691 2657 et
3718 2620 3844 2674 per-

2256 2693 2390 2747 ditio
2428 2693 2553 2747 vita:
2594 2692 2874 2762 regularis.
2932 2692 3122 2747 Melius
3172 2702 3253 2747 est
3304 2695 3536 2745 animam
3566 2693 3723 2747 bonis
3747 2708 3840 2747 or-

2257 2796 2392 2836 nare
2418 2782 2691 2853 ‘moribus,
2748 2781 3128 2851 perpetualiter
3179 2788 3619 2849 permanentem,
3675 2795 3843 2850 quam

2260 2885 2473 2940 corpus,
2516 2873 2660 2940 quod
2690 2872 2743 2926 in
2769 2872 3040 2941 pulverem
3070 2857 3345 2942 redigitur,
3395 2872 3722 2947 pompaticis
3749 2889 3843 2928 or—

2260 2974 2389 3014 nare
2418 2960 2715 3026 coloribus;
2747 2961 2831 3015 vel
2864 2961 3154 3017 luxuriosis
3180 2962 3440 3017 conviviis
3465 2972 3685 3032 pascere
3714 2978 3841 3017 ver-

663 3034 1033 3088 Sanctissimis
1068 3045 1093 3085 ρ
1127 3033 1181 3086 in
1226 3032 1397 3087 sancti
1438 3032 1583 3085 Petri
1629 3032 1855 3087 ecclesia
1902 3031 2159 3086 fratribus
2184 3041 2231 3103 ς,
2261 3046 2427 3101 mium
2454 3064 2656 3104 escam.

587 3125 700 3181 Deo
736 3126 1118 3187 servientibus,
1165 3124 1381 3177 humilis
1421 3123 1717 3178 clientellus
1754 3124 2009 3178 Alcuinus
2040 3139 2161 3193 per-

592 3223 764 3286 petuas
790 3215 974 3284 gloria:
995 3215 1239 3269 salutem.
1640 3207 1644 3211 ⁴

662 3303 969 3373 Smpissime
1013 3302 1306 3371 corporalis
1355 3304 1549 3371 speciei
1580 3304 1736 3357 amici
1764 3303 2159 3373 disjunguntur,

589 3394 683 3449 sed
714 3408 983 3463 nunquam
1029 3392 1310 3454 charitatis
1349 3392 1630 3445 dulcedine
1661 3393 1898 3460 separari
1927 3392 2159 3457 debent;

590 3494 646 3538 et
686 3485 779 3539 ubi
823 3498 947 3537 vera
995 3474 1078 3536 εει
1122 3481 1356 3545 dilectio,
1399 3482 1471 3536 ibi
1504 3482 1655 3535 ﬁrma
1686 3493 1768 3537 est
1796 3484 2165 3553 germanitatis

594 3572 887 3637 memoria;
943 3573 1031 3626 ubi
1081 3572 1231 3625 radix
1277 3572 1535 3625 condicta:
1578 3572 1825 3627 amicitiae
1853 3574 1907 3626 in
1934 3575 2165 3642 pectoris

593 3665 849 3717 thesauro
890 3663 1085 3732 ﬁgitur,
1118 3662 1239 3716 iude
1276 3663 1411 3715 rami
1450 3660 1669 3717 ﬁoribus
1694 3662 1815 3717 ﬁdei
1845 3665 2022 3718 vestiti
2051 3665 2165 3732 pul-

595 3754 792 3808 lulasse
818 3752 1176 3806 certissimum
1200 3761 1301 3815 est,
1325 3766 1496 3820 usque
1518 3752 1641 3805 dum
1668 3751 1932 3813 fructibus
1953 3763 2165 3808 aeterna:

574 3841 943 3897 beatitudinis
970 3840 1255 3894 refecerint
1285 3856 1468 3895 veram
1501 3842 1757 3895 habentes
1785 3842 1926 3895 inter
1955 3858 2013 3896 se
2036 3845 2165 3896 cha-

594 3937 834 4014 ritatem‘
878 3948 1039 4002 quam
1072 3948 1171 4001 ego
1216 3941 1342 4002 opto
1390 3934 1454 3986 de
1504 3947 1619 3985 mea
1667 3932 1927 4001 parvitate
1978 3933 2166 3987 vestris

596 4026 829 4079 ﬁrmiter
872 4026 1133 4079 inhmrere
1166 4023 1461 4087 mentibus,
1507 4022 1645 4076 sicut
1690 4022 1819 4074 olim
1852 4023 1980 4075 mihi
2011 4033 2165 4076 ante-

596 4126 837 4169 cessores
859 4114 1027 4167 vestri
1055 4114 1140 4183 pia
1168 4113 1438 4167 voluntate
1466 4112 1843 4181 promiserunt.

667 4204 844 4257 LOCIIS
881 4218 1008 4256 vero
1044 4202 1392 4257 habitationis
1436 4209 1627 4255 vestrae
1668 4202 1799 4254 mihi
1844 4201 1997 4255 valde
2030 4201 2169 4255 desi-

601 4292 857 4347 derabilis
903 4290 1024 4354 fuit,
1068 4292 1192 4345 licet
1238 4307 1323 4343 me
1358 4292 1592 4344 conditio
1623 4292 1916 4360 peregrina:
1948 4307 2167 4345 conver-

2332 3134 2459 3190 llacc
2478 3138 2729 3206 cogitate,
2758 3139 3061 3194 charissimi
3096 3139 3320 3193 fratres!
3352 3132 3409 3194 et
3436 3141 3567 3209 quid
3594 3141 3746 3195 vobis
3771 3142 3841 3196 ad

2262 3230 2519 3277 aeternam
2546 3225 2793 3293 proﬁciat
2827 3228 3211 3282 beatitudinem
3244 3229 3553 3299 sequimini.
3587 3227 3843 3284 Patribus

2263 3314 2474 3368 obedite
2520 3317 2733 3381 vestris,
2782 3332 2939 3373 senes
2983 3320 3263 3383 honorate,
3314 3320 3556 3375 inﬁmos
3604 3304 3841 3382 visitate,

2264 3402 2688 3458 adolescentulos
2723 3405 2861 3459 bene
2910 3406 3112 3473 docete,
3159 3415 3220 3460 ut
3256 3407 3523 3472 habeatis,
3564 3407 3657 3476 qui
3682 3422 3861 3477 super,

2264 3490 2507 3563 sepulcra
2540 3500 2717 3547 vestra
2750 3502 2897 3547 stare
2922 3495 3147 3563 possint,
3173 3503 3229 3548 et
3248 3495 3580 3574 intercedere
3599 3509 3699 3564 pro
3727 3494 3848 3548 aui-

2266 3582 2455 3636 mabus
2479 3583 2692 3638 vestris.
2729 3583 3079 3640 Considerate
3113 3587 3381 3640 mentibus
3414 3585 3630 3650 vestris,
3659 3584 3849 3655 quales

2266 3673 2373 3725 sint
2416 3674 2507 3741 qui
2553 3676 2714 3728 modo
2762 3676 2817 3728 in
2870 3676 3130 3744 sepulcris
3166 3676 3368 3744 jaceat,
3402 3683 3459 3729 et
3483 3690 3645 3744 quam
3670 3674 3848 3734 beatae

2266 3761 2373 3813 sint
2400 3762 2593 3814 anima:
2619 3760 2831 3815 illorum
2858 3763 2949 3831 qui
2981 3764 3035 3816 in
3063 3763 3338 3833 religione,
3367 3770 3423 3816 et
3448 3762 3680 3831 regulari
3708 3762 3847 3827 vita,

2265 3858 2319 3902 et
2365 3851 2618 3905 castitate
2663 3852 2928 3921 corporis,
2965 3859 3019 3906 et
3049 3853 3330 3927 charitatis
3374 3852 3678 3907 obedientia
3730 3850 3851 3907 dies

2266 3956 2391 3993 suos
2418 3956 2584 4010 usque
2608 3941 2660 3994 in
2688 3943 2847 3997 ﬁnem
2869 3944 3251 4011 perduxerunt.
3283 3942 3490 3997 Horum
3512 3952 3597 3997 est
3618 3959 3847 4013 regnum

2267 4030 2547 4095 caelorum,
2595 4032 2736 4100 quod
2780 4032 2963 4087 labore
3007 4018 3392 4101 acquisierunt,
3446 4036 3539 4103 qui
3568 4049 3666 4102 pro
3690 4032 3852 4099 vobis

2270 4120 2606 4174 intercedant
2647 4122 2905 4189 quotidie,
2940 4116 3219 4191 quatenus
3260 4122 3328 4177 ad
3374 4124 3591 4177 illorum
3618 4123 3849 4179 societa-

2269 4219 2398 4275 tem,
2443 4212 2553 4265 Deo
2597 4214 2846 4277 donante,
2898 4213 3179 4281 pervenire
3225 4212 3562 4267 mereamini.
3591 4212 3850 4283 Omnipo-

2270 4309 2389 4353 tens
2417 4300 2556 4355 Deus
2583 4311 2776 4355 vestra:
2803 4302 3173 4356 uuanimitatis
3197 4304 3537 4358 sanctitatem
3559 4302 3616 4357 in
3643 4310 3848 4358 aeterna

602 4382 823 4436 sationis
850 4380 1001 4453 longe
1029 4380 1231 4434 tulisset
1262 4396 1289 4432 a
1320 4381 1503 4443 vobis;
1533 4382 1777 4449 quamvis
1799 4396 2037 4450 corpore,
2072 4382 2163 4435 sed
2200 4379 2246 4436 D
2272 4390 2601 4444 beatitudine
2628 4392 2863 4445 adunare
2886 4392 3156 4464 dignetur,
3182 4393 3393 4449 Domini
3420 4393 3647 4449 fratres!

606 4470 908 4523 nullatenus
935 4469 1213 4531 charitate,
1242 4470 1363 4537 quia
1391 4471 1568 4523 omnia
1605 4485 1721 4537 quae
1745 4471 1883 4538 apud
1911 4486 2005 4525 vos
2031 4472 2171 4524 vide-

606 4562 747 4621 bam,
779 4561 891 4613 sive
931 4560 983 4612 in
1029 4559 1445 4631 habitationibus
1483 4562 1780 4623 domorum,
1829 4564 1939 4616 sive
1967 4564 2018 4615 in
2046 4579 2172 4617 con-

607 4649 910 4701 versatione
944 4648 1066 4700 vita:
1095 4646 1374 4716 regularis,
1406 4649 1557 4701 valde
1586 4650 1713 4701 mihi
1748 4650 2079 4717 placuerunt,
2122 4662 2174 4703 et

608 4740 813 4792 utinam
847 4746 904 4790 ut
934 4738 1041 4791 Deo
1079 4752 1289 4806 semper
1326 4738 1535 4807 placeat
1579 4740 1791 4806 pietatis
1828 4752 2020 4796 vestrae
2048 4742 2174 4795 obe-

608 4830 834 4891 dientia,
865 4836 920 4881 et
944 4829 1238 4893 humilitas,
1288 4838 1341 4883 et
1390 4829 1649 4897 regularis
1690 4832 1807 4885 vitro
1845 4833 2167 4887 observatio.

610 4912 735 4974 Haec
780 4927 863 4971 est
902 4917 1017 4973 laus
1056 4928 1232 4971 vestra
1279 4935 1459 4973 coram
1504 4921 1827 4985 hominibus,
1874 4934 1933 4975 ut
1972 4923 2081 4975 sive
2118 4922 2170 4975 in

612 5000 971 5069 vestimentis,
1010 5008 1121 5060 sive
1149 5007 1201 5058 in
1228 5008 1474 5062 omnibus
1514 5012 1839 5065 monachicae
1868 5014 1989 5066 vitae
2014 5012 2171 5067 disci—

610 5095 771 5162 plinis
810 5096 1035 5148 ﬁrmiter
1064 5098 1439 5169 permaneatis,
1467 5100 1604 5153 sicut
1631 5109 1812 5167 patres
1846 5100 2031 5165 vestri,
2072 5101 2173 5155 viri

684 5261 707 5287 α
736 5247 802 5301 In
838 5250 1001 5318 sancti
1036 5248 1178 5302 Petri
1206 5249 1437 5302 ecciesia.
1469 5250 1656 5305 Plures
1682 5259 1804 5305 sunt
1834 5255 2092 5318 ecclesiae,
2120 5265 2175 5309 et

614 5317 1108 5389 monasteriaplura
1149 5324 1317 5372 sancti
1352 5320 1491 5372 Petri
1523 5324 1743 5389 apostoli
1771 5325 2067 5389 patrocinio
2100 5326 2173 5377 di-

616 5399 769 5447 cata;
824 5388 961 5439 inter
1009 5388 1119 5439 lucc
1145 5399 1449 5442 recensetur
1501 5388 1880 5445 monasterium
1931 5393 2175 5448 Wirense

616 5472 707 5523 seu
742 5456 1169 5509 Wiremuthense
1212 5460 1263 5511 in
1311 5460 1517 5523 Anglia.
1567 5464 1707 5523 quod
1737 5477 1765 5513 a
1803 5463 1961 5516 beato
2010 5463 2175 5516 Bene-

619 5518 759 5578 dicto
788 5526 1025 5591 Biscopo,
1068 5541 1168 5577 una
1212 5542 1330 5581 cum
1373 5518 1539 5581 altero
1570 5518 1831 5583 Cirwensi
1862 5535 1925 5583 ad
1953 5532 2173 5584 alteram

624 5595 789 5659 ripam
832 5593 993 5649 Wira:
1038 5596 1227 5657 amnis,
1276 5608 1458 5651 sancto
1508 5598 1669 5651 Paulo
1714 5602 1949 5667 apostolo
1991 5618 2175 5653 consc-

2685 4522 2794 4593 24
2830 4524 2858 4561 ιδ
2895 4522 3228 4578 EPISTOLA
3268 4523 3428 4579 xvu.

2746 4657 2809 4693 Αῐ)
2846 4656 3091 4696 ςΑιιοιυη
3131 4657 3345 4697 MAGNO!
3355 4684 3367 4697 .

2766 4747 2942 4816 (Circa
2974 4764 3171 4803 annum
3204 4751 3353 4821 793.)

2274 4855 2478 4931 Laudat
2520 4856 2667 4931 illum
2696 4875 2725 4908 a
2751 4860 2982 4927 potentia
3024 4858 3267 4913 smculari
3294 4872 3341 4914 et
3368 4864 3739 4931 prrrdicatione
3765 4868 3854 4922 di-

2345 4926 2656 4999 v_ince_legis,
2713 4926 2959 4999 tauquam
3007 4938 3252 4981 rectorem
3282 4926 3458 4999 populi
3486 4941 3535 4985 et
3563 4926 3850 4988 doctorem.

2344 4992 2521 5063 Carpit
2546 4992 2771 5048 errorem
2801 4992 3230 5065 Adoptianorum.

2349 5107 2604 5185 Veniente
2632 5106 2698 5161 ad
2731 5124 2828 5163 nos
2860 5109 2968 5165 ﬁlio
3009 5123 3196 5165 nostro
3240 5111 3501 5179 Candido,
3544 5126 3726 5172 vestro
3752 5132 3846 5172 au-

2273 5268 2443 5337 erato“,
2478 5260 2795 5337 mdiﬁcatum
2825 5263 2945 5337 fuit.
2998 5264 3115 5337 Vit].
3147 5273 3303 5337 notas
3330 5274 3540 5321 nostras
3584 5269 3649 5323 ad
3687 5268 3847 5337 epist.

2276 5328 2360 5381 M.
2406 5328 2646 5380 Praesens
2690 5326 2817 5399 erg’o
2864 5334 3087 5399 epistola
3132 5335 3197 5386 ad
3240 5337 3531 5389 monachos
3580 5326 3849 5392 Wire'muo

2277 5398 2493 5450 thenses
2533 5400 2727 5475 scripta
2764 5398 2871 5463 est,
2902 5398 3061 5457 inter
3106 5419 3236 5469 quos
3290 5404 3418 5456 Ven.
3475 5405 3634 5460 Beda.
3686 5421 3846 5475 quem

2277 5477 2529 5541 tanquam
2568 5470 2879 5541 magistrum
2924 5488 2985 5523 ae
3027 5483 3307 5539 patronum
3346 5475 3484 5527 illius
3516 5475 3614 5527 loci
3644 5470 3842 5541 laudat,

2278 5538 2544 5589 enutritus
2568 5546 2620 5587 et
2646 5538 2899 5593 εόειοιιιιδ
2928 5538 3042 5593 fuit.

2354 5606 2377 5642 δ
2410 5605 2513 5672 25
2558 5604 2665 5659 Hoc
2702 5609 2935 5672 epistolae
2977 5611 3331 5678 fragmentum
3380 5613 3517 5683 apud
3558 5612 3841 5679 Quercent-
