4220 6196
376 316 475 371 169

1791 320 2168 381 EPISTOLJ'Z.
2263 330 2268 335 ’

3505 344 3601 397 ΠΟ

372 439 477 483 tem
506 429 648 485 ﬁdeli
687 431 915 495 servulo,
948 431 1173 487 multum
1203 448 1302 487 nos
1338 444 1528 488 vestr-.2
1556 436 1931 504 prosperitatis
1957 443 2005 498 Α
2034 440 2268 492 tionem?
2296 442 2504 495 dicente
2545 444 2796 511 Apostolo
2841 447 2905 498 de
2952 457 3146 503 nostra:
3194 438 3600 512 resurrectionis

367 520 771 576 annuutiatione
818 522 1143 587 laetiﬁcabat,
1202 538 1301 576 nec
1343 539 1449 578 non
1494 539 1688 595 magna
1736 525 1932 579 saluta-

366 611 513 663 tione
559 620 752 665 vestrze
790 611 1087 666 dilectionis
1131 610 1361 666 dulciter
1396 611 1683 666 reﬁciebat.
1725 612 1933 667 Lauda-

369 701 489 753 bilis
528 715 738 770 quoque
780 702 904 755 doni
948 701 1199 754 allatione
1233 702 1434 755 intima:
1463 692 1658 755 mentis
1684 701 1930 756 allectum

367 788 703 844 fecundabat.
732 790 953 858 Insuper
992 790 1184 843 mentis
1220 790 1580 857 probamentis
1621 799 1811 843 vestrze
1838 805 1930 842 au-

366 881 633 935 ctoritatis
674 897 775 950 pro
822 882 974 936 nobis
1020 879 1305 948 explicavit
1352 879 1686 935 devotionem
1712 920 1726 943 ,
1769 895 1928 948 quam

366 984 495 1037 pura
518 978 572 1023 et
596 978 780 1022 sancta
806 968 1150 1036 inquisitione
1172 966 1456 1020 catholica:~
1491 966 1612 1020 ﬁdei
1649 968 1929 1021 veritatem

365 1059 671 1115 examinare
712 1059 1012 1119 studuistis,
1049 1065 1104 1111 et
1137 1070 1347 1124 semper
1371 1056 1511 1107 viam
1536 1055 1756 1122 regiam,
1796 1071 1929 1124 apo-

365 1147 549 1201 stolica
574 1146 906 1201 confortatus
926 1146 1319 1215 pmdicatione,
1348 1145 1511 1213 plano
1541 1146 1787 1199 veritatis
1817 1160 1931 1199 ser-

365 1248 548 1295 mone,
599 1244 833 1287 vestram
876 1232 1106 1287 asseruit
1143 1232 1480 1300 prudeutiam
1523 1241 1724 1287 tenere.
1768 1232 1929 1287 Beata

363 1341 493 1397 gens
528 1328 679 1397 cujus
714 1337 795 1381 est
832 1326 1088 1380 Dominus
1116 1326 1256 1378 Deus
1278 1339 1462 1378 eorum
1491 1342 1503 1376 :
1531 1334 1586 1379 et
1609 1326 1799 1379 beatus
1829 1341 1927 1394 po-

364 1416 516 1484 pulus
553 1417 649 1470 tali
682 1425 889 1471 rectore
916 1417 1204 1479 exaltatns,
1230 1422 1282 1468 et
1320 1414 1410 1467 tali
1445 1414 1792 1482 praedicatore
1816 1431 1929 1469 mu—

365 1507 543 1572 nitus;
588 1518 643 1561 et
670 1517 959 1576 utrumque
992 1517 1046 1561 et
1077 1506 1283 1576 gladius
1304 1506 1646 1575 triumphalis
1674 1508 1928 1576 potentia:

364 1597 535 1651 vibrat
559 1597 613 1650 in
635 1600 820 1651 dextra
841 1606 895 1650 et
919 1596 1192 1675 catholicae
1212 1597 1608 1664 praedicationis
1631 1596 1757 1649 tuba
1785 1612 1931 1650 reso-

362 1690 453 1736 nat
471 1683 523 1736 in
545 1683 740 1754 lingua.
764 1683 839 1737 ita
863 1693 918 1737 et
937 1682 1101 1738 David
1122 1683 1249 1736 olim
1267 1684 1618 1749 pnecedentis
1639 1682 1816 1752 populi
1834 1699 1927 1737 rex

2033 528 2370 595 gloriazoui
2426 532 2721 599 reformavit
2774 551 2960 601 corpus
3012 538 3319 592 humilitatis
3374 554 3593 604 nostra,

2032 618 2411 685 conﬁguratum
2448 624 2651 688 corpori
2684 622 2938 676 claritatis
2963 642 3071 678 smr
3098 626 3348 696 (Pliilipp.
3374 646 3453 688 ut,
3483 632 3593 700 21).

2034 708 2207 761 ιἰιιιιη
2254 709 2422 763 Deum
2464 726 2645 763 verum
2678 722 2731 765 et
2763 729 2925 765 unum
2957 713 3046 767 Dei
3082 715 3273 770 Filium
3306 719 3357 771 in
3392 721 3598 775 duabus

2031 802 2259 860 naturis,
2307 802 2483 853 divina
2533 802 2736 855 scilicet
2775 813 2827 854 et
2872 805 3124 866 humana.
3178 807 3459 863 Dominum
3500 826 3592 864 nn-

2030 898 2198 940 strum
2250 887 2429 941 Iesum
2480 889 2749 961 Christum
2801 904 3109 961 regnantem
3161 911 3281 950 cum
3330 897 3487 952 Patre
3538 912 3596 952 et

2031 976 2234 1045 Spiritu
2263 988 2445 1033 sancto
2479 981 2829 1047 prmdicamus
2853 1024 2865 1043 ,
2909 993 2959 1035 et
3003 985 3337 1048 conﬁtemur,
3381 1003 3483 1041 non
3524 990 3596 1043 di-

2030 1068 2140 1120 iisa
2184 1077 2490 1135 potestate,
2543 1084 2640 1121 nec
2682 1072 2898 1138 partita,
2954 1073 3106 1139 quasi
3154 1089 3258 1126 una
3308 1077 3375 1129 sit
3424 1078 3595 1145 major

2030 1166 2283 1222 potestas,
2340 1155 2509 1209 altera
2553 1157 2764 1223 minor,
2805 1158 2928 1226 quia
2973 1159 3287 1214 divisionem
3333 1174 3389 1215 et
3432 1164 3595 1231 parti-

2031 1245 2228 1298 tionem
2258 1259 2383 1297 vera
2414 1260 2517 1297 non
2542 1247 2731 1313 recip't
2752 1248 3042 1310 mternitas,
3074 1251 3150 1303 vel
3176 1251 3441 1317 divinitas,
3476 1270 3595 1323 qua

2028 1342 2107 1385 est
2137 1333 2187 1385 in
2213 1333 2427 1386 Christo
2446 1332 2570 1387 Jesu
2595 1335 2819 1389 Domino
2844 1347 3043 1399 nostro,
3073 1340 3329 1409 Apostolo
3352 1344 3587 1397 dicente:

2032 1421 2092 1472 Si
2132 1420 2393 1474 Christum
2432 1440 2733 1476 noveramus
2773 1428 3055 1479 secundum
3087 1446 3312 1492 carnem,
3338 1434 3426 1485 sed
3454 1451 3590 1487 nunc

2021 1509 2137 1576 jam
2180 1527 2282 1561 non
2325 1512 2557 1564 norimus
2606 1512 2690 1579 (ll
2721 1513 2840 1566 Cor.
2871 1532 2918 1578 v,
2957 1518 3065 1585 16);
3099 1520 3148 1571 id
3179 1530 3278 1580 est,
3319 1523 3411 1590 qui
3456 1539 3591 1577 mor-

2032 1594 2153 1647 talis
2182 1595 2280 1648 iuit
2304 1597 2359 1648 in
2386 1598 2547 1653 terris
2577 1614 2637 1652 ea
2671 1609 2861 1653 natura
2891 1618 3009 1669 quze
3048 1607 3180 1658 mori
3218 1610 3407 1676 potuit,
3449 1628 3588 1664 nunc

2032 1691 2174 1735 totus
2187 1685 2445 1753 spiritalis
2461 1696 2645 1755 regnat
2667 1689 2717 1741 in
2738 1690 3029 1744 divinitatis
3044 1695 3318 1762 majestate
3338 1698 3390 1751 in
3414 1700 3585 1761 ralis,

361 1772 753 1839 aneoekcms’
775 1782 828 1828 ει
849 1774 954 1829 Deo
977 1774 1552 1843 dilecl“5,elesmsius
1566 1774 1929 1829 psahnisuls.
1961 1760 2001 1817 Β
2031 1771 2121 1838 qui
2147 1781 2267 1841 post
2305 1777 2746 1831 resurrectionem
2774 1780 2849 1831 ait
2878 1782 3079 1848 apostol
3104 1800 3130 1836 s
3155 1799 3170 1835 :
3204 1784 3338 1838 Data
3357 1798 3431 1839 est
3454 1791 3581 1841 milii

364 1863 491 1918 raeli
513 1865 719 1918 victrici
747 1863 925 1933 gladio
962 1864 1195 1932 undique
1220 1871 1404 1933 gentes
1430 1864 1738 1933 subjiciens,
1763 1866 1925 1936 legis-

361 1968 465 2022 que
474 1954 565 2009 Dei
579 1955 805 2009 eximius
819 1957 1133 2025 prmdieator
1146 1956 1197 2008 in
1212 1955 1404 2024 populo
1416 1956 1927 2026 exstitit.Cujusexi-

363 2043 466 2096 mia
497 2042 724 2097 ﬁliorum
753 2044 1027 2097 nobilitate
1054 2043 1107 2097 in
1138 2044 1306 2097 salute
1339 2045 1542 2109 mundi,
1572 2045 1639 2099 de
1658 2046 1803 2116 virga
1830 2045 1926 2099 ﬂos

361 2134 534 2203 campi
579 2141 633 2188 et
674 2134 996 2189 convallium
1046 2133 1224 2187 ﬂoruit
1261 2133 1509 2189 Christus
1550 2135 1725 2206 (Cant.
1756 2153 1819 2201 ιι,
1848 2138 1920 2206 l),

360 2223 449 2291 qui
470 2223 591 2277 istis
624 2224 781 2278 modo
808 2223 1136 2292 temporibus
1164 2239 1227 2278 ac
1264 2225 1502 2293 ejusdem
1539 2228 1793 2293 nominis,
1818 2230 1927 2281 vir-

362 2312 491 2365 tutis
519 2321 573 2365 et
591 2310 711 2366 ﬁdei
738 2309 900 2365 David
929 2326 1109 2381 regem
1130 2312 1324 2380 populo
1349 2328 1445 2366 suo
1465 2315 1731 2368 concessit
1753 2322 1924 2370 recto-

362 2408 548 2455 remet
570 2400 858 2455 doctorem.
892 2399 1003 2453 Sub
1028 2400 1180 2468 cujus
1201 2400 1390 2453 umbra
1414 2402 1689 2470 superiora
1716 2402 1920 2475 [Forte,

361 2489 612 2561 superna]
660 2492 838 2558 quiete
879 2491 1105 2561 populus
1149 2491 1435 2558 requiescit
1473 2493 1829 2559 Christianus,
1867 2505 1922 2549 et

361 2579 617 2636 terribilis
640 2580 876 2649 undique
900 2581 1149 2650 gentibus
1174 2589 1349 2636 exstat
1374 2584 1612 2652 paganis.
1643 2583 1806 2654 Cujus
1830 2586 1921 2640 de-

316 2702 335 2707 ~
357 2668 503 2724 votio
552 2684 583 2723 a
621 2671 782 2724 sectis
822 2669 1059 2739 perversi
1097 2670 1359 2739 dogmatis
1401 2672 1558 2726 ﬁdem
1600 2674 1919 2729 catholicam

354 2760 663 2831 evangelica
709 2759 977 2815 soliditate
1024 2760 1232 2814 munire
1273 2775 1377 2814 non
1425 2769 1634 2827 cessat,
1679 2778 1749 2817 ne
1791 2765 1922 2833 quid

359 2851 483 2905 novi
522 2858 577 2905 et
612 2850 920 2920 apostolicis
951 2851 1330 2906 inconveniens
1352 2851 1628 2931 doctrinis,
1652 2867 1751 2920 per
1771 2853 1919 2907 clan-

359 2938 594 2992 destiuas
637 2937 1007 3006 subreptioues
1059 2938 1252 2993 alicubi
1306 2938 1507 2994 oboriri
1554 2940 1764 3005 valeat,
1824 2943 1919 2997 sed

359 3029 593 3085 eclestis
647 3032 832 3099 gratia:
887 3028 1085 3082 lumine
1141 3028 1273 3082 ﬁdes
1325 3030 1521 3099 ubique
1558 3029 1777 3101 ,fulgeat
1827 3047 1919 3087 ca-

362 3118 575 3175 :holica.

427 3206 589 3278 Cujus
620 3208 857 3271 luminis,
897 3210 1002 3263 heu
1030 3210 1164 3278 prob
1200 3209 1374 3264 dolor!
1410 3212 1625 3280 quidam
1650 3222 1915 3279 extorres,

357 3296 630 3352 Christum
669 3314 735 3353 ex
780 3299 997 3369 Virgine
1042 3310 1223 3355 sancta
1263 3301 1465 3365 n‘atum,
1508 3304 1667 3374 impia
1703 3303 1919 3361 témeri-

358 3394 468 3439 tate
493 3385 658 3439 Deum
689 3402 896 3453 verum,
940 3396 994 3442 et
1034 3389 1222 3443 Filium
1267 3390 1358 3445 Dei
1402 3394 1676 3463 proprium
1723 3412 1918 3467 negare

250 3477 258 3484 '
360 3489 466 3529 non
495 3474 702 3528 timent.
732 3474 831 3542 Qui
869 3491 1021 3531 error
1048 3492 1299 3547 eousque,
1340 3490 1400 3535 ut
1430 3483 1659 3549 videtur,
1689 3485 1919 3540 latenter

358 3562 705 3628 quorumdam
749 3562 910 3617 etiam
955 3561 1187 3617 ﬁdelium
1234 3568 1509 3622 doctorum
1553 3571 1750 3625 animis
1793 3573 1918 3625 sub-

360 3650 544 3717 repsit,
577 3659 637 3704 ut
661 3651 850 3704 durum
886 3652 1130 3707 videatur
1154 3654 1257 3709 illis
1280 3657 1524 3712 conﬁteri
1560 3660 1643 3714 vel
1674 3662 1914 3725 credere,

359 3735 524 3790 Deum
568 3752 689 3793 esse
725 3748 931 3817 tantum
972 3739 1151 3796 Iesum
1191 3745 1486 3810 Christum,
1528 3747 1620 3817 qui
1660 3750 1809 3803 sedet
1849 3751 1916 3803 ad

357 3822 629 3879 dexteram
673 3808 867 3889 Patris,
928 3839 983 3881 et
1029 3830 1081 3887 in
1128 3830 1295 3899 gloria
1343 3808 1579 3902 paternae
1626 3835 1917 3904 majestatis

358 3920 613 3968 venturus
647 3924 729 3969 est
751 3917 988 3984 judicare
1023 3921 1173 3974 vivos
1197 3929 1251 3974 et
1274 3932 1531 3979 mortuos.
1579 3925 1687 3980 Nec
1722 3927 1775 3981 in
1810 3930 1917 3997 spi-

359 3996 565 4054 ritalem
592 4017 735 4056 nunc
771 4002 993 4072 gloriam
1028 4000 1243 4060 carnem
1271 4008 1471 4063 Christi
1507 4011 1603 4065 Dei
1642 4027 1762 4066 esse
1800 3996 1916 4067 mtt-

358 4096 541 4150 tatam,
572 4104 689 4158 quze
709 4104 807 4158 pro
838 4093 991 4146 nobis
1018 4095 1268 4161 pependit
1298 4096 1351 4149 in
1378 4097 1537 4166 ligno,
1569 4109 1755 4155 contra
1784 4102 1915 4157 illud

356 4175 592 4243 Apostoli
618 4176 835 4241 dictum,
875 4180 965 4248 qui
995 4180 1059 4233 de
1086 4182 1253 4243 nostri
1280 4186 1520 4252 corporis
1547 4187 1914 4243 immutatione

356 4263 471 4315 ait:
496 4262 793 4319 Seminatur
824 4282 1008 4337 corpus
1054 4270 1301 4333 aninmle,
1343 4284 1516 4342 surget
1541 4292 1727 4344 corpus
1760 4278 1915 4347 spiri-

2030 1862 2197 1914 omnis
2220 1874 2445 1931 potestas
2473 1868 2523 1916 in
2546 1868 2670 1918 αεό
2698 1878 2745 1919 et
2775 1870 2828 1921 in
2858 1880 2995 1924 terra
3024 1873 3235 1941 (ΠαιιΙε.
3266 1894 3451 1940 xxvttt,
3478 1880 3583 1945 18).

2030 1948 2158 2014 Qua:
2183 1961 2418 2021 potestas
2444 1956 2608 2009 multo
2630 1967 2751 2012 ante
2776 1958 2912 2015 Filio
2940 1964 3168 2020 hominis
3193 1967 3363 2023 danda
3392 1973 3587 2025 dicitur

2028 2054 2058 2091 a
2086 2041 2360 2111 prophetis
2384 2056 2431 2096 ι.
2815 2050 2822 2057 ’

2510 2125 2534 2153 ιι
2564 2115 2889 2173 εΡιετοιΑ
2923 2122 3100 2177 XVIII.

2446 2218 2513 2257 AD
2568 2221 2836 2261 ADRIANUI
2883 2226 2901 2263 ι
2960 2228 3145 2267 ΡΑΡΑΗ.

2640 2294 2813 2361 (Anno
2835 2295 2980 2365 794.)

2026 2370 2361 2456 Commendat
2393 2394 2447 2430 se
2484 2381 2668 2461 gratim
2702 2384 2983 2461 pontiﬁcis,
3028 2387 3275 2458 illumque
3317 2396 3585 2461 proﬁtetur

2098 2445 2343 2535 uicarium
2374 2445 2539 2498 sancti
2572 2445 2733 2507 Petri,
2776 2462 2821 2502 et
2847 2445 2978 2532 ejus.
3001 2445 3269 2535 potestdtis
3307 2445 3582 2535 lauaret-tein,

2092 2511 2352 2601 {insulani
2382 2526 2639 2601 precatur,
2682 2529 2735 2569 ut
2777 2511 3106 2601 petitionibus
3137 2528 3244 2579 suis

2090 2579 2288 2631 bertam
2323 2579 2574 2647 faciendis
2600 2579 2819 2639 annuat.

2093 2666 2407 2722 Beatissimo
2437 2681 2488 2725 et
2519 2675 2662 2726 omni
2693 2675 2889 2729 honore
2916 2679 3226 2747 dignissimo
3247 2694 3301 2737 et
3340 2689 3578 2756 pontiﬁci

2022 2769 2214 2824 magno
2238 2767 2258 2794 ε
2294 2756 2529 2814 Adriano
2553 2777 2728 2830 papae,
2774 2766 3100 2825 humillimus
3123 2776 3357 2830 omnium
3379 2789 3579 2836 sancite

2022 2842 2274 2899 Ecclesia:
2307 2846 2537 2901 ﬁliorum
2577 2852 2799 2907 Albinus
2848 2866 3059 2913 aeterna!
3104 2862 3445 2921 beatitudinis
3485 2884 3571 2923 sa-

2022 2932 2207 2987 lutcm.

2094 3024 2422 3083 Venerabilis
2450 3040 2608 3100 atque
2636 3044 2746 3090 toto
2775 3040 2901 3094 orbe
2935 3028 3211 3102 laudabilis
3251 3057 3438 3104 vestra:
3477 3053 3575 3108 bo-

2021 3113 2225 3179 nitatis,
2274 3116 2433 3172 Pater
2464 3122 2694 3190 optime.
2742 3128 2911 3194 pietas
2964 3132 3095 3189 mihi
3142 3136 3327 3192 ultimo
3378 3150 3577 3196 sanctze

2017 3201 2271 3260 Ecclesia:
2316 3211 2529 3266 servulo
2558 3218 3081 3289 quantulamcunque
3107 3226 3285 3279 attulit
3326 3228 3573 3286 ﬁduciam

2017 3304 2248 3349 vestram
2280 3298 2598 3368 deprecandi
2642 3306 3000 3375 clementiam,
3041 3324 3098 3367 ut
3144 3330 3247 3379 me,
3280 3317 3401 3373 licet
3430 3321 3575 3376 indi-

2017 3398 2197 3451 gnum,
2228 3396 2464 3454 patema:
2487 3391 2709 3459 pietatis
2733 3412 2916 3454 amore
2946 3402 2998 3454 in
3045 3406 3304 3470 gremium
3348 3412 3576 3465 sanctis-

2016 3473 2165 3529 simae
2194 3476 2595 3536 intercessionis
2621 3495 2816 3540 vestra:
2840 3489 3089 3558 colligere
3110 3493 3418 3561 dignemini.
3449 3499 3579 3555 Scio

2015 3564 2312 3620 certissime
2336 3579 2527 3624 vestrae
2553 3572 2886 3630 devotionem
2920 3578 3233 3638 Sanctitatis
3258 3600 3355 3653 pro
3382 3590 3580 3656 populo

2008 3648 2211 3722 iugiter
2250 3655 2414 3733 totius
2452 3659 2599 3713 orbis
2642 3661 2974 3722 intercedere
3010 3648 3313 3727 Christiano
3341 3692 3354 3726 :
3382 3648 3575 3734 tamen

2015 3742 2298 3809 specialius
2323 3746 2520 3815 aliquid
2549 3764 2646 3817 pro
2672 3752 2753 3805 his
2778 3756 2967 3822 egisse,
3006 3760 3097 3826 qui
3126 3769 3315 3815 vestra:
3349 3763 3575 3822 almitati

2015 3831 2220 3899 seipsos
2239 3834 2433 3889 obnixa
2454 3838 2767 3895 humilitatis
2788 3846 3155 3902 obsecratione
3181 3855 3572 3917 commendant,

1984 3929 2068 3973 et
2092 3920 2296 3988 majore
2338 3928 2651 3982 credulitate
2698 3928 2765 3985 ad
2819 3945 2977 3989 tantm
3012 3942 3346 4013 auctoritatis
3388 3946 3576 3999 coulu~

2013 4008 2163 4073 giunt
2202 4009 2474 4081 suffragia.
2526 4014 2650 4071 Scio
2688 4034 2771 4073 me
2796 4036 2892 4089 per
2917 4028 3055 4079 sacri
3109 4008 3445 4097 baptismatis
3481 4036 3575 4088 ad.

2014 4098 2320 4153 ouationem
2352 4104 2416 4156 de
2444 4104 2585 4159 illius
2612 4123 2732 4162 esse
2763 4112 2884 4164 ovili
2934 4118 3180 4180 pastoris,
3210 4121 3298 4187 qui
3324 4136 3419 4188 pro
3463 4125 3576 4178 suis

2011 4186 2201 4241 ovibus
2224 4190 2457 4245 animam
2482 4208 2681 4261 ponere
2714 4215 2817 4252 non
2849 4201 3111 4257 dubitavit
3147 4186 3336 4270 (loco.
3360 4226 3410 4271 x,
3442 4211 3527 4281 ll)
3554 4230 3567 4272 ;

2013 4292 2146 4345 quas
2172 4279 2330 4332 etiam
2361 4296 2456 4350 per
2486 4287 2847 4342 acutissimam
2892 4307 3000 4345 suae
3037 4300 3443 4353 resurrectionis
3467 4302 3572 4370 glo—

356 4348 531 4419 tale(l
554 4349 674 4403 Cor.
701 4369 785 4415 xv,
812 4354 923 4423 ιι).
958 4356 1066 4411 Nec
1099 4358 1241 4413 illam
1274 4363 1674 4420 considerantes
1699 4376 1912 4421 senten-
1941 4397 1991 4455 υ
2013 4367 2149 4420 riam
2180 4348 2486 4427 beatissimo
2528 4376 2681 4431 Petro
2707 4380 2930 4450 principi
2970 4348 3447 4451 apostolorum,

359 4439 507 4502 tiam,
542 4440 667 4509 quia
704 4442 842 4495 idem
880 4444 992 4511 ipse
1017 4460 1049 4498 a
1078 4447 1186 4501 Deo
1217 4449 1420 4509 electus
1446 4454 1626 4508 mundi
1652 4455 1912 4530 pradica-

357 4536 463 4591 «δι’,
488 4529 750 4598 justorum
786 4536 1231 4589 resurrectionem
1270 4539 1581 4596 disceznens
1617 4543 1687 4596 ab
1711 4529 1909 4613 impiis,

358 4616 745 4671 dixitz0mnes
800 4621 1005 4689 quidem
1058 4639 1398 4693 resurgemus,
1446 4628 1537 4680 sed
1585 4645 1687 4682 non
1718 4640 1912 4685 omnes

357 4707 749 4759 inmutabimur
785 4709 969 4778 (Ibid.,
998 4729 1048 4775 v,
1075 4712 1184 4783 51).
1230 4714 1287 4769 Si
1318 4718 1513 4771 nostris
1550 4719 1797 4788 operibus
1831 4737 1913 4775 se-
1952 4747 1955 4750 ν

357 4792 590 4846 cundum
640 4797 854 4861 modum
901 4803 1212 4855 meritorum
1260 4806 1517 4871 spiritalis
1558 4809 1738 4877 gloria:
1786 4824 1913 4877 pro-

359 4881 588 4935 mittitur
621 4884 933 4945 immutatio.
975 4898 1174 4954 quanto
1211 4895 1381 4961 magis
1427 4899 1667 4963 corporis
1713 4898 1911 4954 Christi

358 4969 665 5025 elariﬁeatio
698 4971 925 5042 gloriosa
961 4990 1076 5029 esse
1103 4980 1363 5034 credenda
1387 4992 1470 5037 est
1495 4994 1615 5052 post
1641 5002 1911 5043 resurrec-

360 5095 483 5169 num
526 5083 807 5169 pag-lilii!)
838 5082 935 5152 Op.
968 5086 1170 5169 Adcuini
1204 5102 1501 5169 connexum
1532 5093 1755 5169 habetur
1787 5112 1907 5169 cum

359 5156 507 5213 parte
542 5152 776 5216 epistola:
801 5167 960 5220 quam
988 5156 1247 5221 integram
1273 5160 1567 5226 reperimus
1587 5172 1715 5216 tom.
1740 5165 1755 5217 Ι
1780 5164 1910 5217 Con-

359 5214 447 5287 cit.
475 5215 759 5287 Britannia
776 5234 894 5287 pag.
919 5222 1015 5275 l59
1039 5223 1369 5287 Athelliardo,
1393 5226 1722 5287 inscriptam.
1746 5247 1906 5287 uuam

358 5228 447 5266 cn.
475 5228 759 5272 Britanniae
776 5234 894 5290 pag.
919 5228 1015 5275 159
1039 5228 1369 5288 Atheltiardo,
1393 5228 1722 5297 inscriptam,
1746 5247 1906 5300 quam

358 5282 972 5374 ﬁd:_i_n_fm;‘_ﬁrmselis
1002 5306 1140 5374 vero
1174 5291 1524 5374 fragmentum
1567 5300 1632 5351 ad
1658 5300 1906 5354 Carolum

359 5349 625 5431 nassam,
643 5352 857 5431 έιωειιί
884 5358 1161 5431 Daridem,
1182 5349 1455 5431 pertinere
1480 5364 1591 5431 ipse
1610 5349 1908 5423 ὶόἧίέέῐιῖἐ

359 5418 608 5487 loquitur.
643 5419 846 5498 limum
865 5437 1102 5498 errorem
1139 5418 1225 5483 hic
1244 5443 1462 5498 carpere
1488 5418 1906 5491 «mihimihi:

358 5490 685 5583 223;:de
700 5492 979 5583 nonAn-ulli:
1006 5496 1194 5583 durum
1237 5490 1508 5583 videretur
1555 5505 1795 5583 conﬁteri
1823 5507 1904 5559 vel

358 5556 611 5609 credere:
644 5555 865 5611 Carnem
907 5560 1097 5616 Christi
1137 5568 1190 5617 in
1222 5566 1504 5634 spiritalem
1534 5555 1762 5637 gloriam
1783 5555 1904 5639 post

358 5626 778 5678 resurrectionem
836 5641 944 5680 esse
986 5642 1259 5686 mutatam.
1317 5631 1432 5699 Quo
1478 5653 1615 5689 anno
1670 5640 1791 5692 «lata
1834 5645 1903 5699 sit

789 5718 1055 5780 Ριτιιοι.
1097 5721 1166 5783 C.

2016 4476 2137 4513 nam
2173 4464 2467 4529 magniﬁca
2504 4469 2802 4524 dilectionis
2844 4474 3253 4540 confessionem,
3278 4481 3572 4545 pascendos

2014 4552 2409 4607 commendavit
2432 4555 2611 4624 (Joan.
2650 4562 2798 4627 xxi);
2829 4564 2911 4617 cui
2948 4564 3107 4617 etiam
3137 4567 3272 4621 cosio
3302 4571 3566 4638 terrisque

2012 4645 2269 4694 mternam
2312 4640 2507 4711 ligandi
2559 4662 2622 4700 ac
2666 4648 2899 4703 solvendi
2944 4660 3261 4719 potestatem
3305 4658 3565 4727 delegavit

2013 4726 2371 4797 (Hatth.xv1,
2409 4734 2515 4804 is).

2082 4814 2248 4884 Hujus
2279 4830 2352 4886 te,
2377 4825 2823 4884 excellentissime
2869 4832 3045 4895 Pater,
3074 4846 3131 4887 ut
3156 4838 3413 4891 vicarium
3442 4854 3563 4893 san-

2011 4905 2262 4961 ctissima:
2303 4911 2445 4964 sedis
2492 4928 2754 4982 agnosco,
2796 4918 2867 4971 ita
2900 4928 2954 4973 et
3004 4921 3241 4976 miriﬁca:
3288 4928 3566 4993 potestatis

2011 4992 2276 5048 brerodem
2304 5010 2421 5050 esse
2456 5000 2729 5055 conﬁteor.
2762 5005 2898 5058 Ecce
2924 5022 3023 5076 ego
3066 5025 3167 5062 una
3209 5026 3323 5064 sum
3353 5014 3565 5081 regimi-

2011 5107 2337 5169 ignoramus,
2371 5107 2470 5159 nisi
2501 5107 2775 5165 referenda
2808 5116 2873 5169 sit
2907 5118 2972 5170 ad
3019 5118 3227 5172 initium
3263 5130 3449 5188 rmptm
3497 5128 3563 5178 ab

2010 5169 2231 5260 ile-uino
2248 5174 2648 5260 ldispntationils
2694 5183 2960 5260 adversus
2991 5185 3215 5240 Felicem
3254 5198 3307 5241 et
3360 5192 3564 5260 Elipau-

2008 5236 2178 5319 dum;
2191 5236 2494 5319 etiannum
2529 5246 2731 5319 scilicet
2762 5236 2963 5305 795νώ
2990 5236 3317 5319 sequ—ciuem.

2080 5318 2103 5344 ⁸
2129 5307 2237 5428 35
2258 5308 2369 5364 H00
2397 5310 2512 5365 loco
2540 5315 2837 5428 sipistoiam,
2870 5336 2987 5387 quae
3011 5307 3145 5388 apud
3170 5307 3561 5386 Quercezaizum

2080 5382 2089 5427 l
2173 5379 2215 5428 7.
2275 5376 2505 5428 Froben.
2587 5381 2637 5428 ι,
2669 5386 2738 5428 σαι
2787 5385 3068 5428 nam..-
3146 5393 3557 5428 alar-snannan-n

2008 5376 2505 5461 est‘9_7_,“Frol‘)eu.
2553 5376 2638 5461 is,
2669 5386 2738 5437 ait
2787 5376 3109 5461 ραὲηιάαὸι,
3144 5376 3561 5461 δεῖέὰὴῷέῶἱᾶἦὶ

2007 5445 2353 5520 ess-erepsit}
2387 5446 2504 5501 Vid.
2534 5459 2710 5506 notam
2745 5445 2996 5520 priorem.

2080 5511 2105 5547 δ
2136 5512 2275 5586 ﬁdit.
2308 5512 2555 5579 Quercet.
2585 5520 2674 5580 6'5.
2704 5511 2882 5575 canis.
2908 5524 2994 5586 28,
3028 5524 3255 5581 Froben.
3290 5529 3370 5582 15.

2080 5590 2099 5615 ε
2135 5579 2365 5659 terim
2388 5600 2538 5706 pagi:
2576 5589 2665 5655 qui
2705 5589 2822 5642 iniit
2853 5579 3228 5659 pontiﬁcaiiiiii
3265 5579 3403 5651 anno
3432 5599 3556 5665 77.2,

2041 5655 2058 5696 t
2092 5647 2219 5701 ohnt
2252 5665 2390 5703 anno
2421 5652 2451 5702 7
2490 5653 2541 5706 5.

2007 5662 2058 5701 el
2092 5662 2219 5701 0D"!
2252 5665 2390 5703 anno
2422 5662 2541 5705 795.

3158 5716 3161 5717 ί
3209 5756 3247 5816 o
