4226 6208
632 310 718 365 l‘il
1473 312 1539 365 Β.
1582 313 1642 365 F.
1681 313 1899 367 ALBlNl
1942 314 2069 371 SEU
2108 317 2382 373 ALCUINI
2417 319 2695 375 OPERUM
2730 322 2906 378 PARS
2941 325 2977 377 Ι.

628 426 711 476 nis
745 421 910 476 vestri
956 420 1184 484 ovicula,
1234 411 1328 475 sed
1376 422 1526 477 valde
1567 432 1918 491 peccatorum
1970 428 2195 483 maculis
2225 433 2270 488 Α

628 513 886 568 morbida.
919 510 1254 581 Quapropter
1296 527 1380 566 me
1415 521 1583 568 totum
1634 524 1735 569 tute
1772 516 1939 572 offero
1982 518 2178 574 Sancti-
2228 576 2231 577 ,

627 603 747 668 tati,
776 602 935 657 Pater
963 602 1220 672 piissime,
1251 605 1566 668 sanandum,
1599 614 1654 659 et
1678 608 1978 663 medicinali
2004 620 2192 679 poten-

630 691 730 753 tia,
772 706 890 759 qua:
917 690 1009 746 tibi
1056 699 1179 758 post
1220 692 1405 761 longas
1439 701 1744 747 sanctorum
1776 694 1994 749 Patrum
2023 699 2192 751 series

629 778 963 832 lizereditaria
1012 779 1352 832 successione
1381 795 1411 832 a
1438 780 1547 834 Deo
1576 779 1792 834 Christo
1841 784 2034 837 tradita
2072 799 2191 839 esse

629 867 976 936 dignoscitur,
1023 881 1107 919 me
1146 866 1338 935 jubeas
1385 868 1659 923 salutifero
1705 870 1922 937 pietatis
1966 872 2131 929 verbo
2160 890 2192 928 a

544 983 548 987 -
582 944 585 947 ’
628 966 967 1026 peccatorum
1008 957 1239 1023 vinculis
1266 973 1385 1011 esse
1426 957 1677 1013 solutum.
1708 959 1841 1014 Nam
1894 964 2023 1017 mihi
2070 980 2189 1020 cum

625 1046 945 1116 evangelica:
993 1045 1308 1099 humilitatis
1342 1046 1523 1115 regula
1547 1047 1629 1101 fas
1672 1064 1792 1103 esse
1835 1050 1991 1105 video
2019 1053 2192 1108 dicen-

628 1133 753 1186 dum
785 1152 797 1184 :
834 1133 1068 1195 Domine,
1095 1150 1198 1187 non
1225 1150 1339 1186 sum
1377 1135 1586 1203 dignus,
1615 1146 1671 1188 ut
1690 1138 1849 1191 intres
1883 1139 1977 1192 sub
2003 1150 2201 1194 tectum-

629 1236 833 1286 meum;
874 1222 957 1275 dic
987 1223 1169 1288 verbo,
1208 1234 1255 1278 et
1306 1225 1581 1278 sanabitur
1615 1243 1743 1295 puer
1792 1244 1934 1281 meus
1970 1229 2187 1300 (Matth.

630 1325 743 1373 vni,
783 1310 858 1379 8).
901 1310 1001 1376 Qui
1026 1320 1168 1375 mox,
1201 1322 1261 1366 ut
1302 1314 1557 1381 speravit,
1587 1313 1824 1380 invenlt;
1856 1325 1916 1370 ut
1941 1318 2187 1384 credidit,

630 1402 853 1470 accepit.
887 1402 930 1457 Ο
978 1405 1288 1459 beatissima
1334 1405 1513 1476 lingua
1538 1407 1649 1460 oris
1677 1408 1859 1471 vestri,
1892 1410 1944 1463 in
1973 1425 2075 1478 qua
2108 1420 2191 1465 est

630 1502 843 1547 :eternaz
871 1495 1133 1548 medicina
1173 1495 1378 1561 salutis,
1419 1513 1514 1567 per
1541 1513 1701 1566 quam
1730 1500 1851 1554 caali
1880 1502 2191 1569 aperiuntur

629 1581 997 1635 credentibus!
1025 1581 1324 1652 Nunquam,
1355 1586 1596 1651 obsecro,
1624 1589 1738 1642 haec
1759 1590 1914 1644 sileat
1942 1609 1953 1644 :
1979 1608 2191 1661 semper

630 1668 914 1723 admoneat
952 1678 1003 1724 et
1035 1680 1203 1734 sanet,
1236 1687 1446 1740 semper
1472 1676 1676 1742 aperiat
1703 1687 1974 1745 perpetuas
2021 1681 2191 1733 beati-

3762 336 3864 391 l7'2

2797 434 2825 473 ιι
2847 432 3177 490 EPISTULA
3206 438 3339 494 XIX.

2841 539 2911 578 ΔΙ)
2949 542 2975 578 ἰ
2986 539 3305 581 πηγαίων.

2786 643 2795 653 ο
2886 612 3062 678 (Anno
3089 614 3240 687 794.)

2293 692 2495 748 Laudat
2527 696 2669 751 illius
2695 699 2889 766 scripta
2904 704 3205 820 gpostolicae
3224 705 3367 772 ﬁdei,
3394 719 3441 762 et
3468 711 3531 762 ab
3555 712 3732 766 eodem
3755 715 3862 768 itu-

2930 786 3008 820 ηιι
3049 784 3208 820 cumt-

2930 786 3008 822 rut
3049 784 3208 841 cupit.

2369 856 2583 923 Optimo
2613 866 2635 892 α
2669 856 2964 925 Theophilo
2990 861 3074 915 his
3107 863 3245 917 bina:
3272 867 3591 933 evangelica
3616 872 3863 927 veritatis

2291 948 2569 1017 discipulo,
2599 959 2653 1003 et
2681 961 2984 1007 sanctarum
3009 956 3283 1027 quadriga:
3309 962 3586 1026 virtutum,
3622 964 3863 1020 ﬁdelium

2291 1040 2548 1109 quadriga
2587 1041 2881 1095 amicorum
2920 1044 3074 1111 plena
3119 1047 3396 1103 charitatis
3429 1067 3563 1103 nave
3594 1061 3742 1107 trans
3768 1054 3865 1107 Al—

2290 1130 2445 1199 pinas
2481 1141 2648 1195 aquas
2670 1128 2854 1199 dirigit
2894 1132 3139 1187 salutem.

2357 1227 2676 1295 Accepimus
2729 1226 3006 1292 dignitatis
3036 1236 3251 1282 vestra:
3292 1230 3569 1293 chartam,
3614 1247 3765 1296 vere,
3800 1243 3861 1288 ut

2290 1313 2624 1381 agnovimus,
2649 1312 2930 1368 charitatis
2962 1312 3181 1369 ﬂoribus
3203 1317 3488 1385 depictam,
3512 1335 3576 1373 ac
3603 1321 3862 1375 mellinuo

2289 1404 2550 1473 spiritalis
2568 1403 2917 1472 iucunditatis
2951 1420 3139 1474 sapore
3185 1406 3456 1462 refertam.
3493 1410 3640 1465 Unde
3667 1421 3722 1465 et
3763 1427 3862 1467 nos

2289 1494 2532 1562 discipuli
2584 1494 2886 1548 sanctitatis
2933 1503 3126 1549 vestra:
3180 1496 3233 1548 in
3280 1497 3604 1550 abundantia
3655 1498 3857 1553 roriilui

2290 1583 2542 1647 nectaris,
2569 1583 2710 1651 quod
2736 1596 2800 1635 ex
2837 1582 2953 1649 ejus
2976 1584 3179 1653 gremio
3196 1584 3424 1654 pleniter
3453 1588 3748 1653 hausimus,
3773 1604 3859 1642 re-

2290 1669 2435 1737 fecti,
2479 1673 2680 1733 satiati,
2710 1671 2863 1725 valde
2910 1672 3071 1726 lzetati
3118 1687 3723 1744 sumus:agnosceutes
3750 1693 3856 1732 cm-

631 1755 827 1809 tudinis
867 1758 932 1811 ad
975 1773 1032 1812 se
1062 1758 1492 1825 confugientibus
1537 1770 1736 1830 portas.
1774 1763 1818 1817 0
1852 1766 2072 1820 Domine
2109 1766 2191 1822 ιε-
2224 1768 2266 1824 Β
2294 1761 2478 1815 lestem
2523 1760 2803 1814 charitatis
2844 1761 3153 1814 thesaurum
3190 1770 3370 1815 vestro
3407 1762 3726 1819 sullicienter
3770 1780 3865 1820 rea

629 1860 689 1898 su
709 1885 723 1910 ,
772 1845 854 1900 fac
882 1860 1003 1901 eum
1035 1848 1271 1913 longmva
1301 1850 1479 1904 valere
1506 1861 1561 1905 et
1594 1853 1771 1908 vivere
1793 1857 2183 1923 prosperitate;

628 1945 681 1990 et
711 1938 801 2006 qui
824 1937 982 1991 talem
1008 1939 1202 2007 populo
1235 1948 1325 1995 tuo
1354 1940 1549 1996 dedisti
1576 1953 1869 2012 pastorem,
1910 1946 2051 2000 hunc
2079 1949 2190 2016 pie-

626 2027 756 2081 tatis
801 2036 904 2081 tua:
931 2029 1149 2083 dextera
1188 2030 1369 2083 multis
1397 2033 1724 2099 temporibus
1752 2050 2068 2090 conservare
2105 2038 2187 2091 di~

552 2178 559 2179 ί
630 2118 827 2188 gneris,
853 2127 1113 2188 quatenus
1133 2135 1253 2174 cum
1282 2120 1559 2190 multiplici
1600 2123 1801 2178 laboris
1833 2125 1914 2179 sui
1944 2127 2188 2180 mercede

630 2216 752 2261 ante
779 2208 1026 2262 thronum
1064 2218 1167 2262 tute
1188 2209 1410 2262 veniens
1443 2210 1624 2279 gloria:
1647 2214 1834 2267 audire
1875 2223 2143 2269 mereatur
2171 2234 2182 2267 :

630 2296 795 2365 Euge,
824 2313 964 2350 serve
1002 2297 1127 2349 bone
1169 2307 1214 2350 et
1252 2298 1441 2365 ﬁdelis,
1469 2302 1592 2369 quia
1634 2292 1788 2370 super
1831 2317 1999 2371 pauca
2043 2306 2188 2372 fuisti

628 2383 817 2453 ﬁdelis,
843 2400 999 2452 supra
1036 2372 1199 2437 multa
1244 2395 1291 2437 te
1329 2389 1655 2454 constituam,
1684 2390 1822 2442 intra
1848 2391 1903 2443 in
1938 2392 2187 2460 gaudium

630 2470 836 2524 Domini
860 2472 934 2523 tui
972 2470 1183 2541 (Matth.
1212 2488 1334 2537 xxv,
1362 2474 1470 2544 21).

698 2576 818 2631 Jam
853 2576 1056 2645 aliquas
1080 2578 1365 2645 petitiones
1400 2582 1630 2648 propriae
1684 2584 2017 2639 necessitatis
2055 2602 2189 2640 meae

632 2666 714 2722 his
736 2681 944 2736 quoque
970 2667 1162 2720 litteris
1187 2668 1497 2721 iusererem.
1535 2667 1640 2722 Sed
1670 2671 1796 2737 quia
1831 2671 2189 2727 electissimus

633 2756 809 2810 domni
840 2755 942 2809 mei
975 2756 1119 2823 regis
1149 2754 1360 2819 missus,
1394 2750 1795 2826 filim-equidem
1810 2775 1962 2814 meus
1989 2762 2189 2815 charis-

632 2845 799 2898 simus
817 2856 838 2884 ο
864 2843 1208 2915 Angilbertus
1236 2845 1303 2899 ad
1342 2845 1708 2901 beatissimam
1739 2864 1961 2904 summae
2003 2860 2189 2907 aucto-

632 2933 806 2987 ritatis
836 2941 1023 2988 vestra:
1068 2933 1316 3003 dirigitur
1343 2935 1451 3004 26
1494 2938 1895 3002 paternitatem,
1936 2955 2041 2992 non
2069 2953 2188 2994 esse

540 3036 543 3037 '
633 3038 850 3077 necesse
875 3023 1053 3091 putavi
1084 3022 1274 3077 litteris
1300 3039 1552 3090 exarare,
1582 3028 1722 3095 quod
1764 3028 1852 3081 ille
1896 3030 1979 3081 vir
2016 3030 2188 3085 ﬁdelis

2287 1851 2443 1903 condi
2468 1860 2704 1916 pectore,
2743 1857 2797 1904 et
2832 1849 3108 1904 allluenter
3135 1851 3258 1904 inde
3303 1867 3401 1920 per
3440 1854 3544 1906 lata
3589 1863 3852 1909 terrarum

2288 1940 2490 2006 spatia,
2522 1938 2739 1992 ﬂumina
2788 1938 3075 1993 salutiferae
3104 1941 3359 1996 doctrina:
3404 1943 3649 1997 emittere
3698 1942 3853 2015 [Αι.,

2288 2024 2592 2095 emanare],
2630 2034 2684 2079 et
2728 2026 2877 2079 arida
2911 2026 3132 2096 justitia:
3176 2026 3322 2082 fonte
3370 2024 3661 2083 sitientium
3696 2032 3858 2085 corda

2289 2117 2512 2185 irrigare
2541 2132 2556 2169 :
2581 2132 2685 2170 non
2711 2118 2985 2186 septigeno
3014 2116 3201 2172 Niliaci
3230 2117 3466 2174 fluminis
3509 2121 3734 2191 gurgite,
3764 2123 3858 2177 sed

2288 2206 2583 2274 septiformi
2615 2208 2785 2262 sancti
2815 2207 3046 2276 Spiritus
3090 2208 3399 2262 inundantia
3441 2211 3662 2264 viventis
3706 2226 3857 2278 aqua:

2289 2297 2483 2350 ﬂuenta
2509 2299 2561 2350 in
2583 2298 2745 2349 vitam
2773 2296 3019 2350 salientia
3043 2297 3417 2364 sempiternam
3434 2298 3614 2367 (Joan.
3641 2313 3711 2360 iv,
3742 2298 3854 2367 14).

2293 2386 2441 2441 Unde
2470 2396 2527 2440 et
2570 2386 2897 2440 lucidissima
2947 2384 3253 2452 apostolica:
3294 2384 3415 2438 fidei
3461 2386 3647 2453 pocula
3702 2386 3858 2439 nobis

2287 2479 2573 2546 propinare
2621 2479 2766 2546 larga
2812 2478 3011 2544 pietate
3051 2476 3321 2538 studuisti,
3374 2492 3491 2543 quae
3537 2492 3658 2529 cum
3710 2478 3857 2529 omni

2290 2548 2567 2621 cbaritatis
2595 2568 2847 2619 aviditate
2873 2565 3190 2631 accepimus,
3221 2573 3274 2616 et
3303 2581 3423 2618 cum
3449 2580 3638 2633 magna
3659 2566 3857 2634 gratia-

2290 2670 2406 2708 rum
2430 2656 2637 2709 actione
2663 2655 2981 2721 potavimus.
3016 2652 3123 2705 Nec
3159 2653 3315 2706 unius
3354 2656 3654 2721 parvissimi
3683 2664 3737 2708 et
3762 2671 3855 2710 va-

2291 2745 2389 2798 riis
2408 2746 2638 2799 motibus
2660 2743 2920 2797 vibrantis
2952 2742 3006 2795 in
3029 2744 3143 2796 sole
3163 2744 3472 2809 spurcitiam
3501 2746 3663 2796 atomi
3690 2745 3857 2799 offen-

2288 2835 2463 2890 dimus
2482 2834 2534 2887 in
2561 2835 2659 2897 eis,
2685 2834 2778 2887 sed
2798 2832 3103 2900 crystallina
3134 2832 3363 2898 puritate
3394 2834 3673 2886 micantia:
3701 2834 3771 2886 ita
3795 2845 3856 2887 ut

2290 2925 2507 2992 superni
2533 2924 2660 2977 solis
2688 2924 2848 2976 radiis
2883 2923 3050 2975 nostri
3073 2922 3250 2976 cordis
3279 2922 3500 2991 lychnos
3535 2925 3854 2979 mirabiliter

2292 3016 2690 3069 illuminaverit.

632 3121 685 3166 ει
708 3112 938 3181 prudens
968 3112 1156 3165 melius
1180 3114 1299 3165 viva
1342 3129 1503 3177 voce,
1557 3116 1847 3170 secundum
1877 3119 2183 3175 mandatum
2212 3103 2256 3163 Ο
2358 3106 2461 3174 27
2498 3104 2621 3159 "me
2646 3105 3103 3159 consideravimus
3147 3107 3475 3176 diligentius,
3505 3115 3558 3158 et
3584 3107 3856 3160 desidera.

634 3198 814 3253 damni
842 3199 999 3266 regis,
1030 3199 1247 3253 auribus
1265 3200 1603 3256 Excellentize
1629 3211 1821 3258 vestra:
1841 3208 2036 3274 poterit
2065 3208 2187 3261 inti-

637 3302 804 3342 mare.
846 3286 979 3340 Nam
1036 3287 1176 3341 inter
1235 3297 1455 3343 ceteras
1500 3289 1821 3347 fidelissimae
1876 3295 2187 3351 directionis

632 3390 794 3446 quam
820 3377 886 3430 ad
907 3391 1001 3429 vos
1031 3377 1188 3430 habet
1216 3377 1524 3446 legationes,
1553 3396 1684 3435 meae
1716 3397 1927 3451 quoque
1957 3387 2187 3439 necessi-

633 3465 759 3521 tatis
796 3464 1177 3533 postulationes
1227 3466 1398 3519 eidem
1446 3467 1667 3535 praefato
1698 3472 1857 3539 regiae
1900 3471 2187 3528 voluntatis

634 3554 921 3609 secretario
944 3556 1366 3609 commendavit:
1384 3571 1539 3623 quem
1562 3560 1809 3613 omnibus
1830 3563 2015 3618 amicis
2036 3566 2186 3621 valde

634 3645 840 3704 ﬁdelem
864 3659 981 3699 esse
1013 3644 1370 3712 probavimus,
1403 3648 1634 3702 maxime
1658 3648 1827 3713 vobis,
1851 3658 1909 3703 ut
1950 3668 2074 3707 vere
2103 3657 2185 3709 di-

637 3747 796 3801 gnum
832 3740 929 3794 est,
965 3733 1301 3787 sanctissime
1326 3732 1506 3797 Pater,
1553 3735 1645 3803 qui
1679 3745 1906 3792 vestram
1936 3740 2183 3797 laudabili

636 3833 764 3874 voce
795 3820 1085 3873 bonitatem
1125 3821 1417 3888 saepissime
1449 3823 1644 3876 domno
1682 3826 1791 3893 regi
1817 3830 1914 3881 sub
1957 3845 2188 3897 praesen-

637 3906 712 3961 tia
760 3907 1044 3960 multorum
1082 3908 1293 3960 testium
1331 3923 1549 3964 narrare
1595 3912 1813 3976 solebat,
1862 3924 1917 3969 et
1963 3920 2189 3986 egregia:

637 3997 848 4065 pietatis
892 4011 987 4063 per
1021 4011 1115 4050 vos
1158 4006 1326 4065 gesta,
1362 4014 1509 4066 pura:
1551 4001 1670 4056 ﬁdei
1718 4007 1910 4067 verbis,
1946 4008 2010 4060 de
2039 4010 2189 4063 vobis

637 4085 872 4157 proferre
892 4086 1111 4150 studuit,
1129 4095 1391 4154 quatenus
1407 4090 1505 4157 piae
1522 4090 1816 4146 dilectionis
1839 4094 1993 4148 fidem
2010 4107 2190 4151 osten-

639 4176 807 4238 deret,
832 4183 882 4226 et
911 4164 1101 4227 vestra:
1133 4176 1384 4229 almitatis
1405 4192 1639 4232 amorem
1670 4180 2015 4247 plurimorum
2043 4202 2191 4240 men—

639 4264 780 4317 tibus
808 4263 1091 4332 ingereret.

708 4448 732 4476 ι
771 4434 955 4487 Domni
976 4433 1240 4505 ineiregis
1288 4435 1492 4487 missus.
1514 4475 1559 4489 ..
1594 4437 1939 4505 Angilbertus.
1971 4442 2057 4496 Bis
2082 4438 2188 4497 An-
2218 4420 2267 4479 υ

640 4506 892 4571 gilbertus
926 4501 1306 4573 adddrianum
1336 4519 1521 4573 papam
1552 4521 1579 4558 a
1603 4501 1793 4561 Carolo
1824 4509 2058 4564 directus
2082 4522 2183 4566 cst.

638 4570 814 4649 Brimo
843 4587 979 4649 anno
1144 4580 1263 4638 post
1285 4570 1540 4649 sy;nodum
1593 4574 2051 4649 Ratisbonensem,
2083 4598 2187 4649 quo

641 4639 1273 4718 nucem-Urgel‘itanum
1317 4639 1550 4718 Bormam
1602 4646 1837 4718 adduxit.
1887 4639 2188 4718 lterumque

642 4723 780 4783 anno
808 4707 927 4769 794,
966 4716 1085 4783 post
1104 4710 1367 4783 synodum
1386 4709 1951 4783 _Fra_ncof_ordiensem,
1978 4707 2189 4783 quando

641 4778 889 4858 nimirum
932 4774 994 4826 ad
1040 4774 1327 4830 Adrianum
1369 4779 1557 4857 detulit
1604 4778 1899 4858 Capitulare
1939 4774 2188 4858 adversus

638 4845 909 4913 synodum,
938 4858 1055 4911 qua:
1092 4860 1183 4910 pro
1223 4862 1493 4915 sacrarum
1534 4845 1815 4915 imaginum
1856 4854 2101 4906 erectione
2135 4858 2189 4910 in

642 4916 821 4988 Nicaea
868 4921 983 4988 acta
1021 4920 1115 4988 est,
1143 4919 1199 4962 ut
1226 4913 1418 4988 habent
1448 4920 1606 4968 verba
1633 4913 1860 4988 Adriani
1879 4919 1941 4988 in
1972 4935 2189 4988 respon—

642 4986 790 5035 sione
830 4982 894 5034 ad
920 4978 1206 5053 Carolum._
1233 4979 1398 5053 Hujus
1446 4986 1689 5037 secunda:
1732 4986 2010 5053 legationis
2038 4978 2191 5045 occa-

643 5054 787 5103 sinne
834 5050 1111 5119 scriptain_
1137 5047 1297 5119 fuisse
1342 5050 1477 5119 hanc
1521 5047 1807 5119 epistolam
1827 5065 2043 5109 censent
2086 5060 2193 5115 Ma-

643 5119 883 5191 hillonius
908 5115 1035 5170 tom.
1072 5115 1249 5191 IILlil).
1283 5133 1405 5170 mn
1444 5115 1753 5191 Annalium,
1782 5138 1902 5191 pag.
1929 5124 2051 5177 515.
2088 5128 2189 5179 Pa-

646 5190 762 5252 gius
789 5188 853 5239 ad
883 5202 1077 5261 annum
1100 5185 1405 5261 _794._nu_m.
1438 5188 1520 5250 l2,
1546 5200 1671 5253 etc.,
1700 5185 1752 5261 et
1782 5185 1905 5261 alii.
1932 5192 2191 5261 Tempore

648 5270 869 5321 namque
890 5256 1073 5321 primae
1100 5254 1393 5322 legationis,
1421 5269 1511 5307 seu
1539 5273 1675 5311 anno
1705 5260 1825 5322 792,
1850 5254 2105 5315 Alcuimis
2125 5279 2187 5316 ex

644 5323 912 5373 Britannia
960 5322 1189 5374 nondum
1238 5324 1289 5375 in
1342 5322 1616 5378 Franciam
1666 5343 1911 5382 reversus
1953 5338 2085 5381 erat.
2126 5332 2191 5385 Et

648 5393 756 5468 ipse
770 5390 1021 5443 Alcuimts
1048 5390 1099 5468 in
1128 5386 1224 5443 hac
1238 5392 1865 5468 epistolahaud‘ohs’cure
1896 5398 2066 5451 innuit
2084 5400 2190 5452 An-

648 5460 947 5530 gilbertum,
974 5460 1403 5530 apthuam‘fhac
1444 5461 1560 5513 vice
1606 5461 1828 5520 Romam
1875 5467 2069 5530 abiret,
2116 5468 2187 5520 le-

650 5524 911 5609 gationem
939 5524 1141 5580 abiisse
1157 5529 1290 5609 apud
1319 5528 1629 5609 Adrianum,
1671 5533 1819 5609 cujus
1864 5535 1985 5588 inde
2012 5524 2191 5609 rever-

651 5607 739 5644 sus
769 5595 1037 5646 bonitatem
1083 5595 1359 5655 scepissime
1383 5599 1570 5650 domno
1598 5600 1701 5665 regi
1731 5595 1952 5655 narrare
1978 5598 2189 5656 solebat.

2289 3194 2461 3247 vimus
2489 3194 2800 3257 ardentius;
2844 3194 3070 3261 legimus
3115 3210 3171 3247 sa
3189 3196 3310 3262 pius
3338 3205 3392 3248 et
3434 3195 3692 3263 elegimus
3716 3208 3856 3248 sem-

2288 3299 2403 3350 per,
2429 3291 2485 3336 et'
2504 3278 2757 3336 laetiﬁcati
2789 3282 3119 3336 laudavimus
3146 3284 3332 3347 Deum,
3361 3285 3448 3352 qui
3476 3284 3629 3337 solita
3658 3285 3857 3353 pietate

2289 3372 2395 3425 tale
2423 3372 2598 3424 lumen
2633 3373 2829 3425 nostris
2854 3374 3117 3426 concessit
3145 3375 3472 3442 temporibus
3494 3372 3625 3444 [Al.,
3656 3374 3855 3427 labori-

2287 3460 2429 3529 bus].
2458 3458 2790 3527 Quapropter
2820 3462 3075 3515 intentius
3110 3477 3409 3529 precamur,
3442 3463 3614 3516 luceat
3639 3463 3725 3515 lux
3758 3463 3853 3516 tibi

2286 3565 2315 3601 a
2347 3551 2455 3603 Deo
2481 3550 2616 3603 data:
2658 3552 2928 3618 sapientia:
2954 3564 3017 3603 ex
3047 3551 3205 3604 corde
3230 3553 3507 3606 charitatis
3545 3561 3647 3605 tua:
3673 3567 3767 3619 per
3791 3567 3856 3604 os

2287 3640 2531 3693 veritatis
2558 3648 2683 3703 tua),
2713 3649 2772 3693 ut
2812 3641 2985 3693 omnis
3026 3641 3236 3693 auditor
3278 3642 3591 3703 aediﬁcetur,
3627 3648 3682 3693 et
3707 3638 3855 3693 solus

2286 3730 2525 3782 omnium
2552 3732 2706 3784 dator
2744 3732 3004 3784 bonorum
3044 3730 3369 3799 gloriﬁcetur
3408 3731 3461 3782 in
3488 3739 3540 3784 te
3572 3739 3625 3783 et
3652 3744 3751 3797 per
3776 3739 3850 3784 te.

2290 3818 2493 3886 Smpius
2522 3820 2587 3871 ad
2615 3835 2712 3871 nos
2737 3827 2917 3871 currat
2960 3819 3144 3871 charta
3191 3819 3578 3873 exhortationis
3603 3827 3728 3881 tute,
3754 3834 3856 3872 nec

2288 3924 2404 3962 eam
2442 3909 2689 3975 Alpinum
2717 3908 2879 3977 frigus
2924 3908 3005 3960 vel
3030 3909 3235 3961 viarum
3282 3910 3541 3976 asperitas
3568 3909 3650 3962 vel
3687 3924 3856 3962 exun-

2289 3998 2431 4051 datio
2462 3996 2734 4050 fluminum
2780 3998 3044 4050 ullatenus
3084 3997 3353 4065 impediat.
3396 3997 3642 4052 Charitas
3674 3998 3854 4051 omnia

2290 4094 2523 4155 superat,
2567 4086 2632 4139 de
2679 4101 2783 4152 qua
2832 4086 3136 4139 dulcisonus
3177 4086 3479 4139 decantavit
3521 4086 3800 4140 Psalmista
3836 4101 3851 4137 :

2290 4172 2635 4243 Aquwmulta:
2662 4188 2765 4225 non
2786 4182 3057 4241 potuerunt
3076 4174 3396 4241 exstinguere
3415 4174 3737 4235 charitatem,
3761 4189 3854 4225 nec

2290 4267 2509 4335 ﬂumina
2554 4265 2767 4317 obruent
2814 4263 2959 4315 illam
3004 4263 3177 4328 (Cant.
3209 4279 3328 4328 vm,
3356 4264 3429 4335 7).
3476 4263 3567 4317 Illa
3594 4278 3659 4315 ex
3686 4264 3856 4316 abun-

2291 4353 2470 4405 dantia
2511 4351 2687 4405 cordis
2728 4351 2971 4404 dictando
3013 4350 3229 4415 scribat,
3257 4359 3317 4405 ut
3357 4366 3453 4406 nos
3490 4366 3554 4405 ex
3582 4349 3853 4418 diligentia
3944 4424 3951 4428 1

2296 4478 2313 4507 ‹
2362 4459 2567 4512 Reeitat
2600 4459 2737 4515 hanc
2761 4459 3036 4526 epistolam
3068 4460 3321 4515 Raronius
3356 4462 3408 4514 in
3455 4461 3742 4529 appendice
3782 4462 3850 4513 ad

2290 4542 2487 4581 annum
2514 4529 2616 4581 772
2633 4567 2650 4593 ,
2673 4536 2925 4596 putatque
2947 4530 3013 4581 ab
3036 4528 3258 4583 Alcuino
3284 4532 3460 4584 datam
3486 4528 3623 4593 eSse,
3639 4529 3853 4596 quando

2290 4596 2511 4651 Carolus
2546 4595 2762 4666 accepto
2784 4597 3061 4666 electionis
3085 4599 3304 4651 Adriani
3328 4600 3380 4651 in
3409 4597 3714 4666 pontiﬁcem
3743 4595 3852 4666 Ro-

2290 4681 2568 4718 manorum
2608 4663 2794 4719 nu’ntio
2822 4665 3188 4730 Angilbertum
3220 4663 3470 4734 legatum
3494 4663 3717 4734 Romam
3748 4664 3851 4717 mi-

2290 4735 2379 4788 sit.
2431 4735 2627 4786 Vcrum
2681 4734 2797 4786 dua:
2835 4740 3043 4802 tantum
3093 4733 3381 4802 legationes
3429 4733 3494 4787 ab
3538 4733 3855 4802 Angilberto

2291 4803 2479 4864 obitae,
2531 4812 2590 4854 ut
2632 4816 2753 4854 mox
2794 4800 3059 4871 diximus,
3110 4800 3164 4871 et
3209 4803 3466 4856 Alcuinus
3488 4800 3851 4871 ante'annum

2294 4871 2390 4924 78l
2439 4879 2531 4922 aut
2568 4870 2953 4937 insequentem,
2998 4868 3052 4921 in
3094 4870 3316 4925 Francia
3360 4868 3562 4926 moram
3611 4885 3716 4923 non
3771 4873 3853 4922 fe—

2291 4940 2393 5014 ei};
2430 4956 2446 4988 ι
2478 4936 2671 5014 Pagius
2704 4936 2819 4991 iloe.
2851 4937 2965 5003 cit.,
2995 4953 3151 5005 quem
3200 4940 3361 4992 etiam
3394 4940 3512 4992 vide
3540 4937 3624 5014 ad‘
3648 4953 3849 4989 annum

2293 5007 2505 5068 775,n.
2538 5007 2585 5059 l.

2362 5076 2389 5113 b
2417 5075 2554 5143 Edit.
2592 5072 2839 5139 Qu'ercet.
2869 5074 2956 5143 82,
2987 5074 3184 5143 Canisii
3214 5074 3299 5137 66,
3331 5071 3687 5143 Frobeniilii.

2364 5154 2385 5181 ε
2412 5142 2716 5221 -ΤΙιεορὴᾔιο,
2747 5142 3139 5221 Τιιθρρμγρξιοιο
3165 5142 3425 5221 fortassis,
3462 5141 3712 5221 episcopo
3742 5141 3853 5194 Tu-

2292 5210 2517 5272 dertino,
2548 5208 2639 5277 Qui
2666 5227 2805 5263 anno
2847 5208 3421 5263 794‘Francofortensi
3462 5208 3685 5264 concilio
3711 5224 3852 5279 pne-

2293 5279 2429 5347 sedit
2470 5286 2721 5347 tanquam
2749 5279 2949 5345 legatus
2987 5279 3126 5347 sedis
3153 5279 3472 5345 apostolicae,
3495 5293 3601 5347 quo
3637 5278 3859 5347 in

2292 5346 2544 5416 {licuinus
2572 5346 2724 5400 facile
2762 5362 2881 5416 cum
2911 5361 2975 5416 eo
3015 5346 3305 5399 amicitiam
3348 5348 3480 5402 inire
3512 5346 3707 5416 potuit.
3750 5346 3854 5409 Hie

2296 5414 2717 5483 Theophylactus
2755 5432 2785 5467 a
2810 5414 3083 5483 Reginone
3110 5430 3317 5482 quoque
3342 5424 3397 5471 et
3438 5414 3657 5472 Metensi
3683 5430 3852 5473 anna-

2292 5481 2412 5533 lista
2463 5481 2766 5551 Theophilus
2810 5481 3309 5551 appellatumqu’od
3350 5484 3708 5551 coniecturam
3754 5499 3852 5539 no—

2293 5557 2456 5601 stram
2485 5557 2778 5605 confirmat.
2819 5608 2825 5614 ,
