  <div class='ocr_page' id='page_1' title='image "/cluster/home/n/w/nwhite01/storage/ocr_20150623/100/uva.x000827058/094.png"; bbox 0 0 4226 6196; ppageno 0'>
   <div class='ocr_carea' id='block_1_1' title="bbox 348 339 442 392">
    <p class='ocr_par' dir='ltr' id='par_1_1' title="bbox 348 339 442 392">
     <span class='ocr_line' id='line_1_1' title="bbox 348 339 442 392; baseline 0.021 -3"><span class='ocrx_word' id='word_1_1' title='bbox 348 339 442 392; x_wconf 77' lang='lat' dir='ltr'><strong>I73</strong></span> 
     </span>
    </p>
   </div>
   <div class='ocr_carea' id='block_1_2' title="bbox 1779 330 2133 385">
    <p class='ocr_par' dir='ltr' id='par_1_2' title="bbox 1779 330 2133 385">
     <span class='ocr_line' id='line_1_2' title="bbox 1779 330 2133 385; baseline 0 -1"><span class='ocrx_word' id='word_1_2' title='bbox 1779 330 2133 385; x_wconf 65' lang='grc' dir='ltr'>ειδιδῑυιιε</span> 
     </span>
    </p>
   </div>
   <div class='ocr_carea' id='block_1_3' title="bbox 3490 325 3583 377">
    <p class='ocr_par' dir='ltr' id='par_1_3' title="bbox 3490 325 3583 377">
     <span class='ocr_line' id='line_1_3' title="bbox 3490 325 3583 377; baseline 0.022 -3"><span class='ocrx_word' id='word_1_3' title='bbox 3490 325 3583 377; x_wconf 77' lang='grc'><strong>174</strong></span> 
     </span>
    </p>
   </div>
   <div class='ocr_carea' id='block_1_4' title="bbox 341 432 3591 519">
    <p class='ocr_par' dir='ltr' id='par_1_4' title="bbox 341 432 3591 519">
     <span class='ocr_line' id='line_1_4' title="bbox 341 432 3591 519; baseline -0.007 -14"><span class='ocrx_word' id='word_1_4' title='bbox 341 449 544 519; x_wconf 80' lang='lat' dir='ltr'><strong>legendi</strong></span> <span class='ocrx_word' id='word_1_5' title='bbox 596 447 941 502; x_wconf 72' lang='lat' dir='ltr'><strong>mdiﬁcemur.</strong></span> <span class='ocrx_word' id='word_1_6' title='bbox 998 446 1051 498; x_wconf 92' lang='lat' dir='ltr'><strong>ln</strong></span> <span class='ocrx_word' id='word_1_7' title='bbox 1097 444 1242 498; x_wconf 87' lang='lat' dir='ltr'><strong>calce</strong></span> <span class='ocrx_word' id='word_1_8' title='bbox 1288 457 1413 497; x_wconf 90' lang='lat' dir='ltr'><strong>vero</strong></span> <span class='ocrx_word' id='word_1_9' title='bbox 1461 441 1714 494; x_wconf 72' lang='lat' dir='ltr'><strong>chartula:</strong></span> <span class='ocrx_word' id='word_1_10' title='bbox 1763 440 1920 505; x_wconf 89' lang='lat' dir='ltr'><strong>hujus</strong></span> <span class='ocrx_word' id='word_1_11' title='bbox 1948 441 1996 497; x_wconf 82' lang='grc' dir='ltr'><strong>Α</strong></span> <span class='ocrx_word' id='word_1_12' title='bbox 2024 437 2201 489; x_wconf 89' lang='lat' dir='ltr'><strong>divina</strong></span> <span class='ocrx_word' id='word_1_13' title='bbox 2231 437 2461 488; x_wconf 86' lang='lat' dir='ltr'><strong>donante</strong></span> <span class='ocrx_word' id='word_1_14' title='bbox 2483 436 2674 505; x_wconf 75' lang='lat' dir='ltr'><strong>gratia,</strong></span> <span class='ocrx_word' id='word_1_15' title='bbox 2708 441 3070 499; x_wconf 57' lang='lat' dir='ltr'><strong>transportata.-</strong></span> <span class='ocrx_word' id='word_1_16' title='bbox 3098 432 3387 499; x_wconf 72' lang='lat' dir='ltr'><strong>dignemini</strong></span> <span class='ocrx_word' id='word_1_17' title='bbox 3415 449 3426 482; x_wconf 91' lang='lat'><strong>:</strong></span> <span class='ocrx_word' id='word_1_18' title='bbox 3453 441 3511 484; x_wconf 91' lang='lat' dir='ltr'><strong>ut</strong></span> <span class='ocrx_word' id='word_1_19' title='bbox 3539 442 3591 483; x_wconf 82' lang='lat' dir='ltr'><strong>et</strong></span> 
     </span>
    </p>
   </div>
   <div class='ocr_carea' id='block_1_5' title="bbox 342 536 1919 607">
    <p class='ocr_par' dir='ltr' id='par_1_5' title="bbox 342 536 1919 607">
     <span class='ocr_line' id='line_1_5' title="bbox 342 536 1919 607; baseline -0.009 -13"><span class='ocrx_word' id='word_1_20' title='bbox 342 554 708 599; x_wconf 75' lang='lat' dir='ltr'><strong>obsecramus,</strong></span> <span class='ocrx_word' id='word_1_21' title='bbox 737 537 876 607; x_wconf 90' lang='lat' dir='ltr'><strong>quod</strong></span> <span class='ocrx_word' id='word_1_22' title='bbox 923 537 973 588; x_wconf 94' lang='lat' dir='ltr'><strong>in</strong></span> <span class='ocrx_word' id='word_1_23' title='bbox 1018 536 1191 602; x_wconf 91' lang='lat' dir='ltr'><strong>capite</strong></span> <span class='ocrx_word' id='word_1_24' title='bbox 1223 544 1487 602; x_wconf 80' lang='lat' dir='ltr'><strong>optamus,</strong></span> <span class='ocrx_word' id='word_1_25' title='bbox 1528 539 1791 599; x_wconf 88' lang='lat' dir='ltr'><strong>quatenus</strong></span> <span class='ocrx_word' id='word_1_26' title='bbox 1823 545 1919 581; x_wconf 91' lang='lat' dir='ltr'><strong>no-</strong></span> 
     </span>
    </p>
   </div>
   <div class='ocr_carea' id='block_1_6' title="bbox 344 621 1919 697">
    <p class='ocr_par' dir='ltr' id='par_1_6' title="bbox 344 621 1919 697">
     <span class='ocr_line' id='line_1_6' title="bbox 344 621 1919 697; baseline -0.009 -12"><span class='ocrx_word' id='word_1_27' title='bbox 344 641 466 686; x_wconf 78' lang='lat' dir='ltr'><strong>stra:</strong></span> <span class='ocrx_word' id='word_1_28' title='bbox 518 629 797 697; x_wconf 80' lang='lat' dir='ltr'><strong>navigium</strong></span> <span class='ocrx_word' id='word_1_29' title='bbox 842 628 961 679; x_wconf 69' lang='lat' dir='ltr'><strong>vita:</strong></span> <span class='ocrx_word' id='word_1_30' title='bbox 1011 625 1310 678; x_wconf 77' lang='lat' dir='ltr'><strong>sanctitatis</strong></span> <span class='ocrx_word' id='word_1_31' title='bbox 1356 630 1544 675; x_wconf 73' lang='lat' dir='ltr'><strong>vestra:</strong></span> <span class='ocrx_word' id='word_1_32' title='bbox 1590 621 1919 673; x_wconf 74' lang='lat' dir='ltr'><strong>orationibus</strong></span> 
     </span>
    </p>
   </div>
   <div class='ocr_carea' id='block_1_7' title="bbox 347 717 928 791">
    <p class='ocr_par' dir='ltr' id='par_1_7' title="bbox 347 717 928 791">
     <span class='ocr_line' id='line_1_7' title="bbox 347 717 928 791; baseline -0.01 -18"><span class='ocrx_word' id='word_1_33' title='bbox 347 723 648 791; x_wconf 80' lang='lat' dir='ltr'><strong>gubernare</strong></span> <span class='ocrx_word' id='word_1_34' title='bbox 673 717 928 788; x_wconf 74' lang='lat' dir='ltr'><strong>digneris.</strong></span> 
     </span>
    </p>
   </div>
   <div class='ocr_carea' id='block_1_8' title="bbox 863 801 1399 856">
    <p class='ocr_par' dir='ltr' id='par_1_8' title="bbox 863 801 1399 856">
     <span class='ocr_line' id='line_1_8' title="bbox 863 801 1399 856; baseline -0.013 1"><span class='ocrx_word' id='word_1_35' title='bbox 863 817 885 843; x_wconf 76' lang='grc' dir='ltr'><strong>ι</strong></span> <span class='ocrx_word' id='word_1_36' title='bbox 928 802 1251 856; x_wconf 68' lang='lat' dir='ltr'><strong>EPISTOIA</strong></span> <span class='ocrx_word' id='word_1_37' title='bbox 1280 801 1371 853; x_wconf 74' lang='lat' dir='ltr'><strong>XX</strong></span> <span class='ocrx_word' id='word_1_38' title='bbox 1388 839 1399 849; x_wconf 96' lang='lat'><strong>.</strong></span> 
     </span>
    </p>
   </div>
   <div class='ocr_carea' id='block_1_9' title="bbox 921 906 1320 945">
    <p class='ocr_par' dir='ltr' id='par_1_9' title="bbox 921 906 1320 945">
     <span class='ocr_line' id='line_1_9' title="bbox 921 906 1320 945; baseline -0.013 0"><span class='ocrx_word' id='word_1_39' title='bbox 921 910 985 945; x_wconf 67' lang='lat' dir='ltr'><strong>AD</strong></span> <span class='ocrx_word' id='word_1_40' title='bbox 1027 908 1118 944; x_wconf 74' lang='lat' dir='ltr'><strong>USU</strong></span> <span class='ocrx_word' id='word_1_41' title='bbox 1132 906 1320 943; x_wconf 64' lang='grc' dir='ltr'>ιιιιιῖιι.</span> 
     </span>
    </p>
   </div>
   <div class='ocr_carea' id='block_1_10' title="bbox 954 979 1307 1047">
    <p class='ocr_par' dir='ltr' id='par_1_10' title="bbox 954 979 1307 1047">
     <span class='ocr_line' id='line_1_10' title="bbox 954 979 1307 1047; baseline -0.008 -15"><span class='ocrx_word' id='word_1_42' title='bbox 954 981 1129 1047; x_wconf 73' lang='lat' dir='ltr'><strong>(Anno</strong></span> <span class='ocrx_word' id='word_1_43' title='bbox 1160 979 1307 1043; x_wconf 64' lang='lat'><strong>791.)</strong></span> 
     </span>
    </p>
   </div>
   <div class='ocr_carea' id='block_1_11' title="bbox 352 1064 1911 1135">
    <p class='ocr_par' dir='ltr' id='par_1_11' title="bbox 352 1064 1911 1135">
     <span class='ocr_line' id='line_1_11' title="bbox 352 1064 1911 1135; baseline -0.01 -7"><span class='ocrx_word' id='word_1_44' title='bbox 352 1073 630 1127; x_wconf 64' lang='lat' dir='ltr'><strong>Monachos</strong></span> <span class='ocrx_word' id='word_1_45' title='bbox 653 1074 892 1124; x_wconf 78' lang='lat' dir='ltr'><strong>hortatur</strong></span> <span class='ocrx_word' id='word_1_46' title='bbox 908 1071 975 1121; x_wconf 90' lang='lat' dir='ltr'><strong>ad</strong></span> <span class='ocrx_word' id='word_1_47' title='bbox 998 1070 1233 1129; x_wconf 70' lang='lat' dir='ltr'><strong>virtutes;</strong></span> <span class='ocrx_word' id='word_1_48' title='bbox 1256 1068 1464 1119; x_wconf 77' lang='lat' dir='ltr'><strong>iilorum</strong></span> <span class='ocrx_word' id='word_1_49' title='bbox 1484 1076 1751 1135; x_wconf 78' lang='lat' dir='ltr'><strong>petitiones</strong></span> <span class='ocrx_word' id='word_1_50' title='bbox 1775 1064 1911 1130; x_wconf 79' lang='lat' dir='ltr'><strong>apud</strong></span> 
     </span>
    </p>
   </div>
   <div class='ocr_carea' id='block_1_12' title="bbox 417 1134 1912 1211">
    <p class='ocr_par' dir='ltr' id='par_1_12' title="bbox 417 1134 1912 1211">
     <span class='ocr_line' id='line_1_12' title="bbox 417 1134 1912 1211; baseline -0.008 -16"><span class='ocrx_word' id='word_1_51' title='bbox 417 1160 583 1211; x_wconf 81' lang='lat' dir='ltr'><strong>regem</strong></span> <span class='ocrx_word' id='word_1_52' title='bbox 608 1159 664 1193; x_wconf 82' lang='lat' dir='ltr'><strong>se</strong></span> <span class='ocrx_word' id='word_1_53' title='bbox 695 1141 891 1209; x_wconf 71' lang='lat' dir='ltr'><strong>juvisse</strong></span> <span class='ocrx_word' id='word_1_54' title='bbox 914 1139 1036 1190; x_wconf 80' lang='lat' dir='ltr'><strong>dicit</strong></span> <span class='ocrx_word' id='word_1_55' title='bbox 1062 1155 1078 1197; x_wconf 82' lang='lat'><strong>,&#39;</strong></span> <span class='ocrx_word' id='word_1_56' title='bbox 1116 1137 1321 1189; x_wconf 76' lang='lat' dir='ltr'><strong>illorum</strong></span> <span class='ocrx_word' id='word_1_57' title='bbox 1348 1152 1400 1187; x_wconf 84' lang='lat' dir='ltr'><strong>se</strong></span> <span class='ocrx_word' id='word_1_58' title='bbox 1428 1134 1745 1207; x_wconf 74' lang='lat' dir='ltr'><strong>orationibus</strong></span> <span class='ocrx_word' id='word_1_59' title='bbox 1775 1148 1912 1184; x_wconf 83' lang='lat' dir='ltr'><strong>com-</strong></span> 
     </span>
    </p>
   </div>
   <div class='ocr_carea' id='block_1_13' title="bbox 418 1213 641 1263">
    <p class='ocr_par' dir='ltr' id='par_1_13' title="bbox 418 1213 641 1263">
     <span class='ocr_line' id='line_1_13' title="bbox 418 1213 641 1263; baseline -0.009 0"><span class='ocrx_word' id='word_1_60' title='bbox 418 1213 641 1263; x_wconf 84' lang='lat' dir='ltr'><strong>mendat.</strong></span> 
     </span>
    </p>
   </div>
   <div class='ocr_carea' id='block_1_14' title="bbox 416 1294 1913 1360">
    <p class='ocr_par' dir='ltr' id='par_1_14' title="bbox 416 1294 1913 1360">
     <span class='ocr_line' id='line_1_14' title="bbox 416 1294 1913 1360; baseline -0.005 -8"><span class='ocrx_word' id='word_1_61' title='bbox 416 1300 623 1353; x_wconf 85' lang='lat' dir='ltr'><strong>Domini</strong></span> <span class='ocrx_word' id='word_1_62' title='bbox 654 1300 743 1351; x_wconf 91' lang='lat' dir='ltr'><strong>Dei</strong></span> <span class='ocrx_word' id='word_1_63' title='bbox 782 1297 1072 1350; x_wconf 86' lang='lat' dir='ltr'><strong>Salvatoris</strong></span> <span class='ocrx_word' id='word_1_64' title='bbox 1103 1296 1280 1348; x_wconf 84' lang='lat' dir='ltr'><strong>mundi</strong></span> <span class='ocrx_word' id='word_1_65' title='bbox 1312 1294 1665 1348; x_wconf 75' lang='lat' dir='ltr'><strong>sanctissume</strong></span> <span class='ocrx_word' id='word_1_66' title='bbox 1688 1308 1913 1360; x_wconf 80' lang='lat' dir='ltr'><strong>congre-</strong></span> 
     </span>
    </p>
   </div>
   <div class='ocr_carea' id='block_1_15' title="bbox 350 1383 1921 1459">
    <p class='ocr_par' dir='ltr' id='par_1_15' title="bbox 350 1383 1921 1459">
     <span class='ocr_line' id='line_1_15' title="bbox 350 1383 1921 1459; baseline -0.004 -18"><span class='ocrx_word' id='word_1_67' title='bbox 350 1390 547 1459; x_wconf 77' lang='lat' dir='ltr'><strong>gationi</strong></span> <span class='ocrx_word' id='word_1_68' title='bbox 574 1399 628 1442; x_wconf 92' lang='lat' dir='ltr'><strong>et</strong></span> <span class='ocrx_word' id='word_1_69' title='bbox 658 1389 745 1457; x_wconf 92' lang='lat' dir='ltr'><strong>pio</strong></span> <span class='ocrx_word' id='word_1_70' title='bbox 773 1387 917 1440; x_wconf 77' lang='lat' dir='ltr'><strong>Patri</strong></span> <span class='ocrx_word' id='word_1_71' title='bbox 948 1389 973 1425; x_wconf 70' lang='grc' dir='ltr'>δ</span> <span class='ocrx_word' id='word_1_72' title='bbox 1015 1384 1245 1440; x_wconf 75' lang='lat' dir='ltr'><strong>L&#39;sualdo</strong></span> <span class='ocrx_word' id='word_1_73' title='bbox 1273 1384 1486 1437; x_wconf 89' lang='lat' dir='ltr'><strong>humilis</strong></span> <span class='ocrx_word' id='word_1_74' title='bbox 1514 1384 1668 1438; x_wconf 88' lang='lat' dir='ltr'><strong>levita</strong></span> <span class='ocrx_word' id='word_1_75' title='bbox 1698 1383 1921 1436; x_wconf 75' lang='lat' dir='ltr'><strong>Albinus</strong></span> 
     </span>
    </p>
   </div>
   <div class='ocr_carea' id='block_1_16' title="bbox 350 1479 605 1532">
    <p class='ocr_par' dir='ltr' id='par_1_16' title="bbox 350 1479 605 1532">
     <span class='ocr_line' id='line_1_16' title="bbox 350 1479 605 1532; baseline -0.012 0"><span class='ocrx_word' id='word_1_76' title='bbox 350 1479 605 1532; x_wconf 77' lang='lat' dir='ltr'><strong>salutem.</strong></span> 
     </span>
    </p>
   </div>
   <div class='ocr_carea' id='block_1_17' title="bbox 418 1564 1921 1619">
    <p class='ocr_par' dir='ltr' id='par_1_17' title="bbox 418 1564 1921 1619">
     <span class='ocr_line' id='line_1_17' title="bbox 418 1564 1921 1619; baseline -0.003 0"><span class='ocrx_word' id='word_1_77' title='bbox 418 1566 757 1619; x_wconf 88' lang='lat' dir='ltr'><strong>Laudabilcm</strong></span> <span class='ocrx_word' id='word_1_78' title='bbox 788 1572 976 1617; x_wconf 83' lang='lat' dir='ltr'><strong>vcstr.e</strong></span> <span class='ocrx_word' id='word_1_79' title='bbox 1021 1564 1359 1618; x_wconf 74' lang='lat' dir='ltr'><strong>Lcatitudinis</strong></span> <span class='ocrx_word' id='word_1_80' title='bbox 1385 1565 1841 1616; x_wconf 74' lang='lat' dir='ltr'><strong>conversationetn</strong></span> <span class='ocrx_word' id='word_1_81' title='bbox 1871 1573 1921 1614; x_wconf 89' lang='lat' dir='ltr'><strong>et</strong></span> 
     </span>
    </p>
   </div>
   <div class='ocr_carea' id='block_1_18' title="bbox 347 1653 1916 1723">
    <p class='ocr_par' dir='ltr' id='par_1_18' title="bbox 347 1653 1916 1723">
     <span class='ocr_line' id='line_1_18' title="bbox 347 1653 1916 1723; baseline -0.003 -14"><span class='ocrx_word' id='word_1_82' title='bbox 347 1657 663 1723; x_wconf 75' lang='lat' dir='ltr'><strong>condignam</strong></span> <span class='ocrx_word' id='word_1_83' title='bbox 692 1662 866 1707; x_wconf 84' lang='lat' dir='ltr'><strong>vestro</strong></span> <span class='ocrx_word' id='word_1_84' title='bbox 908 1655 1104 1706; x_wconf 84' lang='lat' dir='ltr'><strong>nomini</strong></span> <span class='ocrx_word' id='word_1_85' title='bbox 1134 1655 1292 1705; x_wconf 85' lang='lat' dir='ltr'><strong>vitam</strong></span> <span class='ocrx_word' id='word_1_86' title='bbox 1326 1654 1622 1715; x_wconf 67' lang='lat' dir='ltr'><strong>ltunlatuus,</strong></span> <span class='ocrx_word' id='word_1_87' title='bbox 1647 1661 1701 1705; x_wconf 74' lang='lat' dir='ltr'><strong>et</strong></span> <span class='ocrx_word' id='word_1_88' title='bbox 1738 1653 1916 1703; x_wconf 82' lang='lat' dir='ltr'><strong>Domi-</strong></span> 
     </span>
    </p>
   </div>
   <div class='ocr_carea' id='block_1_19' title="bbox 2020 520 3591 593">
    <p class='ocr_par' dir='ltr' id='par_1_19' title="bbox 2020 520 3591 593">
     <span class='ocr_line' id='line_1_19' title="bbox 2020 520 3591 593; baseline -0.004 -16"><span class='ocrx_word' id='word_1_89' title='bbox 2020 543 2120 593; x_wconf 54' lang='lat' dir='ltr'><strong>e,o</strong></span> <span class='ocrx_word' id='word_1_90' title='bbox 2146 526 2336 577; x_wconf 81' lang='lat' dir='ltr'><strong>anima:</strong></span> <span class='ocrx_word' id='word_1_91' title='bbox 2367 540 2497 577; x_wconf 77' lang='lat' dir='ltr'><strong>utea:</strong></span> <span class='ocrx_word' id='word_1_92' title='bbox 2546 524 2769 577; x_wconf 81' lang='lat' dir='ltr'><strong>salutem</strong></span> <span class='ocrx_word' id='word_1_93' title='bbox 2799 522 3047 575; x_wconf 68' lang='lat' dir='ltr'><strong>fraterna:</strong></span> <span class='ocrx_word' id='word_1_94' title='bbox 3092 520 3490 575; x_wconf 82' lang='lat' dir='ltr'><strong>intercessionis</strong></span> <span class='ocrx_word' id='word_1_95' title='bbox 3508 521 3591 585; x_wconf 88' lang='lat' dir='ltr'><strong>ju-</strong></span> 
     </span>
    </p>
   </div>
   <div class='ocr_carea' id='block_1_20' title="bbox 2022 609 3593 675">
    <p class='ocr_par' dir='ltr' id='par_1_20' title="bbox 2022 609 3593 675">
     <span class='ocr_line' id='line_1_20' title="bbox 2022 609 3593 675; baseline -0.003 -11"><span class='ocrx_word' id='word_1_96' title='bbox 2022 615 2231 665; x_wconf 82' lang='lat' dir='ltr'><strong>vamioe</strong></span> <span class='ocrx_word' id='word_1_97' title='bbox 2268 614 2462 665; x_wconf 85' lang='lat' dir='ltr'><strong>habere</strong></span> <span class='ocrx_word' id='word_1_98' title='bbox 2505 626 2733 671; x_wconf 83' lang='lat' dir='ltr'><strong>merear,</strong></span> <span class='ocrx_word' id='word_1_99' title='bbox 2763 620 2817 663; x_wconf 90' lang='lat' dir='ltr'><strong>ct</strong></span> <span class='ocrx_word' id='word_1_100' title='bbox 2847 626 2938 663; x_wconf 87' lang='lat' dir='ltr'><strong>vos</strong></span> <span class='ocrx_word' id='word_1_101' title='bbox 2976 618 3190 675; x_wconf 69' lang='lat' dir='ltr'><strong>mter-na:</strong></span> <span class='ocrx_word' id='word_1_102' title='bbox 3228 609 3593 663; x_wconf 71' lang='lat' dir='ltr'><strong>retributionis</strong></span> 
     </span>
    </p>
   </div>
   <div class='ocr_carea' id='block_1_21' title="bbox 2023 700 3593 770">
    <p class='ocr_par' dir='ltr' id='par_1_21' title="bbox 2023 700 3593 770">
     <span class='ocr_line' id='line_1_21' title="bbox 2023 700 3593 770; baseline -0.005 -13"><span class='ocrx_word' id='word_1_103' title='bbox 2023 707 2317 757; x_wconf 65' lang='lat' dir='ltr'><strong>uteri-talem</strong></span> <span class='ocrx_word' id='word_1_104' title='bbox 2351 722 2378 754; x_wconf 92' lang='lat' dir='ltr'><strong>a</strong></span> <span class='ocrx_word' id='word_1_105' title='bbox 2415 704 2521 756; x_wconf 75' lang='lat' dir='ltr'><strong>Deo</strong></span> <span class='ocrx_word' id='word_1_106' title='bbox 2552 720 2649 770; x_wconf 85' lang='lat' dir='ltr'><strong>pro</strong></span> <span class='ocrx_word' id='word_1_107' title='bbox 2676 702 2954 755; x_wconf 87' lang='lat' dir='ltr'><strong>charitatis</strong></span> <span class='ocrx_word' id='word_1_108' title='bbox 2975 700 3148 754; x_wconf 77' lang='lat' dir='ltr'><strong>oﬂicio</strong></span> <span class='ocrx_word' id='word_1_109' title='bbox 3172 700 3327 768; x_wconf 77' lang='lat' dir='ltr'><strong>digne</strong></span> <span class='ocrx_word' id='word_1_110' title='bbox 3350 701 3593 768; x_wconf 79' lang='lat' dir='ltr'><strong>accipere.</strong></span> 
     </span>
    </p>
   </div>
   <div class='ocr_carea' id='block_1_22' title="bbox 2024 790 3589 858">
    <p class='ocr_par' dir='ltr' id='par_1_22' title="bbox 2024 790 3589 858">
     <span class='ocr_line' id='line_1_22' title="bbox 2024 790 3589 858; baseline -0.003 -14"><span class='ocrx_word' id='word_1_111' title='bbox 2024 794 2351 844; x_wconf 75' lang='lat' dir='ltr'><strong>mei-eamihi.</strong></span> <span class='ocrx_word' id='word_1_112' title='bbox 2397 793 2744 858; x_wconf 78' lang='lat' dir='ltr'><strong>Omnipotens</strong></span> <span class='ocrx_word' id='word_1_113' title='bbox 2778 790 2917 841; x_wconf 88' lang='lat' dir='ltr'><strong>Deus</strong></span> <span class='ocrx_word' id='word_1_114' title='bbox 2961 790 3208 843; x_wconf 75' lang='lat' dir='ltr'><strong>exaudiat</strong></span> <span class='ocrx_word' id='word_1_115' title='bbox 3253 790 3469 858; x_wconf 85' lang='lat' dir='ltr'><strong>pietatis</strong></span> <span class='ocrx_word' id='word_1_116' title='bbox 3503 804 3589 840; x_wconf 85' lang='lat' dir='ltr'><strong>ve-</strong></span> 
     </span>
    </p>
   </div>
   <div class='ocr_carea' id='block_1_23' title="bbox 2022 880 3591 949">
    <p class='ocr_par' dir='ltr' id='par_1_23' title="bbox 2022 880 3591 949">
     <span class='ocr_line' id='line_1_23' title="bbox 2022 880 3591 949; baseline -0.004 -16"><span class='ocrx_word' id='word_1_117' title='bbox 2022 892 2144 933; x_wconf 73' lang='lat' dir='ltr'><strong>stra-</strong></span> <span class='ocrx_word' id='word_1_118' title='bbox 2175 896 2380 949; x_wconf 81' lang='lat' dir='ltr'><strong>preces,</strong></span> <span class='ocrx_word' id='word_1_119' title='bbox 2425 891 2477 932; x_wconf 89' lang='lat' dir='ltr'><strong>et</strong></span> <span class='ocrx_word' id='word_1_120' title='bbox 2509 881 2687 932; x_wconf 83' lang='lat' dir='ltr'><strong>nndlis</strong></span> <span class='ocrx_word' id='word_1_121' title='bbox 2732 880 2984 948; x_wconf 71' lang='lat' dir='ltr'><strong>prodesse</strong></span> <span class='ocrx_word' id='word_1_122' title='bbox 3009 880 3287 941; x_wconf 76' lang='lat' dir='ltr'><strong>eoat-edat,</strong></span> <span class='ocrx_word' id='word_1_123' title='bbox 3336 881 3591 947; x_wconf 74' lang='lat' dir='ltr'><strong>vobisque</strong></span> 
     </span>
    </p>
   </div>
   <div class='ocr_carea' id='block_1_24' title="bbox 2022 970 3592 1039">
    <p class='ocr_par' dir='ltr' id='par_1_24' title="bbox 2022 970 3592 1039">
     <span class='ocr_line' id='line_1_24' title="bbox 2022 970 3592 1039; baseline 0.001 -19"><span class='ocrx_word' id='word_1_124' title='bbox 2022 982 2288 1038; x_wconf 80' lang='lat' dir='ltr'><strong>perpetua:</strong></span> <span class='ocrx_word' id='word_1_125' title='bbox 2335 971 2549 1038; x_wconf 72' lang='lat' dir='ltr'><strong>pnemia</strong></span> <span class='ocrx_word' id='word_1_126' title='bbox 2598 971 2778 1037; x_wconf 68' lang='lat' dir='ltr'><strong>gloria:</strong></span> <span class='ocrx_word' id='word_1_127' title='bbox 2830 971 3027 1022; x_wconf 88' lang='lat' dir='ltr'><strong>donare</strong></span> <span class='ocrx_word' id='word_1_128' title='bbox 3075 970 3345 1039; x_wconf 67' lang='lat' dir='ltr'><strong>dignetur,</strong></span> <span class='ocrx_word' id='word_1_129' title='bbox 3391 972 3592 1023; x_wconf 61' lang='lat' dir='ltr'><strong>charis-</strong></span> 
     </span>
    </p>
   </div>
   <div class='ocr_carea' id='block_1_25' title="bbox 2022 1058 2956 1112">
    <p class='ocr_par' dir='ltr' id='par_1_25' title="bbox 2022 1058 2956 1112">
     <span class='ocr_line' id='line_1_25' title="bbox 2022 1058 2956 1112; baseline 0 -3"><span class='ocrx_word' id='word_1_130' title='bbox 2022 1060 2141 1111; x_wconf 78' lang='lat' dir='ltr'><strong>silui</strong></span> <span class='ocrx_word' id='word_1_131' title='bbox 2168 1070 2219 1111; x_wconf 83' lang='lat' dir='ltr'><strong>et</strong></span> <span class='ocrx_word' id='word_1_132' title='bbox 2245 1059 2716 1112; x_wconf 82' lang='lat' dir='ltr'><strong>desiderantissiIni</strong></span> <span class='ocrx_word' id='word_1_133' title='bbox 2747 1058 2956 1110; x_wconf 86' lang='lat' dir='ltr'><strong>fratres.</strong></span> 
     </span>
    </p>
   </div>
   <div class='ocr_carea' id='block_1_26' title="bbox 2522 1167 3093 1221">
    <p class='ocr_par' dir='ltr' id='par_1_26' title="bbox 2522 1167 3093 1221">
     <span class='ocr_line' id='line_1_26' title="bbox 2522 1167 3093 1221; baseline -0.005 -2"><span class='ocrx_word' id='word_1_134' title='bbox 2522 1184 2540 1201; x_wconf 84' lang='lat'>&quot;</span> <span class='ocrx_word' id='word_1_135' title='bbox 2589 1167 2916 1221; x_wconf 73' lang='lat' dir='ltr'><strong>EI&#39;ISTOLA</strong></span> <span class='ocrx_word' id='word_1_136' title='bbox 2962 1167 3093 1220; x_wconf 72' lang='lat' dir='ltr'><strong>XXI.</strong></span> 
     </span>
    </p>
   </div>
   <div class='ocr_carea' id='block_1_27' title="bbox 2631 1253 2977 1297">
    <p class='ocr_par' dir='ltr' id='par_1_27' title="bbox 2631 1253 2977 1297">
     <span class='ocr_line' id='line_1_27' title="bbox 2631 1253 2977 1297; baseline -0.009 -8"><span class='ocrx_word' id='word_1_137' title='bbox 2631 1254 2696 1289; x_wconf 83' lang='grc' dir='ltr'><strong>Λυ</strong></span> <span class='ocrx_word' id='word_1_138' title='bbox 2722 1253 2977 1297; x_wconf 75' lang='lat' dir='ltr'><strong>Qt‘osntu.</strong></span> 
     </span>
    </p>
   </div>
   <div class='ocr_carea' id='block_1_28' title="bbox 2513 1325 3091 1393">
    <p class='ocr_par' dir='ltr' id='par_1_28' title="bbox 2513 1325 3091 1393">
     <span class='ocr_line' id='line_1_28' title="bbox 2513 1325 3091 1393; baseline -0.007 -15"><span class='ocrx_word' id='word_1_139' title='bbox 2513 1326 2689 1393; x_wconf 78' lang='lat' dir='ltr'><strong>(Circa</strong></span> <span class='ocrx_word' id='word_1_140' title='bbox 2720 1340 2915 1377; x_wconf 89' lang='lat' dir='ltr'><strong>annum</strong></span> <span class='ocrx_word' id='word_1_141' title='bbox 2948 1325 3091 1390; x_wconf 74' lang='grc' dir='ltr'>τοι.)</span> 
     </span>
    </p>
   </div>
   <div class='ocr_carea' id='block_1_29' title="bbox 2024 1415 3590 1486">
    <p class='ocr_par' dir='ltr' id='par_1_29' title="bbox 2024 1415 3590 1486">
     <span class='ocr_line' id='line_1_29' title="bbox 2024 1415 3590 1486; baseline -0.001 -17"><span class='ocrx_word' id='word_1_142' title='bbox 2024 1420 2172 1486; x_wconf 66' lang='lat' dir='ltr'><strong>Apud</strong></span> <span class='ocrx_word' id='word_1_143' title='bbox 2214 1417 2557 1469; x_wconf 60' lang='lat' dir='ltr'><strong>filiai-accuses</strong></span> <span class='ocrx_word' id='word_1_144' title='bbox 2584 1415 2831 1486; x_wconf 76' lang='lat' dir='ltr'><strong>.Ucttinus</strong></span> <span class='ocrx_word' id='word_1_145' title='bbox 2858 1432 3005 1486; x_wconf 74' lang='lat' dir='ltr'><strong>suain</strong></span> <span class='ocrx_word' id='word_1_146' title='bbox 3036 1427 3243 1467; x_wconf 74' lang='lat' dir='ltr'><strong>errnsat</strong></span> <span class='ocrx_word' id='word_1_147' title='bbox 3286 1417 3590 1486; x_wconf 69' lang='lat' dir='ltr'><strong>absentiam,</strong></span> 
     </span>
    </p>
   </div>
   <div class='ocr_carea' id='block_1_30' title="bbox 2091 1484 3593 1539">
    <p class='ocr_par' dir='ltr' id='par_1_30' title="bbox 2091 1484 3593 1539">
     <span class='ocr_line' id='line_1_30' title="bbox 2091 1484 3593 1539; baseline -0.004 0"><span class='ocrx_word' id='word_1_148' title='bbox 2091 1488 2293 1539; x_wconf 80' lang='lat' dir='ltr'><strong>eosdem</strong></span> <span class='ocrx_word' id='word_1_149' title='bbox 2344 1486 2581 1537; x_wconf 78' lang='lat' dir='ltr'><strong>hortatur</strong></span> <span class='ocrx_word' id='word_1_150' title='bbox 2633 1484 2700 1534; x_wconf 82' lang='lat' dir='ltr'><strong>ad</strong></span> <span class='ocrx_word' id='word_1_151' title='bbox 2762 1484 3087 1536; x_wconf 69' lang='lat' dir='ltr'><strong>concordiam</strong></span> <span class='ocrx_word' id='word_1_152' title='bbox 3144 1501 3258 1535; x_wconf 82' lang='lat' dir='ltr'><strong>cum</strong></span> <span class='ocrx_word' id='word_1_153' title='bbox 3321 1484 3593 1537; x_wconf 60' lang='lat' dir='ltr'><strong>flammida</strong></span> 
     </span>
    </p>
   </div>
   <div class='ocr_carea' id='block_1_31' title="bbox 2090 1566 2377 1621">
    <p class='ocr_par' dir='ltr' id='par_1_31' title="bbox 2090 1566 2377 1621">
     <span class='ocr_line' id='line_1_31' title="bbox 2090 1566 2377 1621; baseline -0.007 -15"><span class='ocrx_word' id='word_1_154' title='bbox 2090 1566 2233 1621; x_wconf 80' lang='lat' dir='ltr'><strong>patre</strong></span> <span class='ocrx_word' id='word_1_155' title='bbox 2264 1572 2377 1606; x_wconf 87' lang='lat' dir='ltr'><strong>suo.</strong></span> 
     </span>
    </p>
   </div>
   <div class='ocr_carea' id='block_1_32' title="bbox 2094 1644 3595 1711">
    <p class='ocr_par' dir='ltr' id='par_1_32' title="bbox 2094 1644 3595 1711">
     <span class='ocr_line' id='line_1_32' title="bbox 2094 1644 3595 1711; baseline -0.002 -12"><span class='ocrx_word' id='word_1_156' title='bbox 2094 1647 2456 1699; x_wconf 82' lang='lat' dir='ltr'><strong>Sanctissimis</strong></span> <span class='ocrx_word' id='word_1_157' title='bbox 2488 1646 2537 1697; x_wconf 90' lang='lat' dir='ltr'><strong>iu</strong></span> <span class='ocrx_word' id='word_1_158' title='bbox 2580 1645 2794 1697; x_wconf 80' lang='lat' dir='ltr'><strong>Christo</strong></span> <span class='ocrx_word' id='word_1_159' title='bbox 2835 1652 2992 1711; x_wconf 90' lang='lat' dir='ltr'><strong>atque</strong></span> <span class='ocrx_word' id='word_1_160' title='bbox 3036 1645 3442 1697; x_wconf 72' lang='lat' dir='ltr'><strong>dilectissiazisf</strong></span> <span class='ocrx_word' id='word_1_161' title='bbox 3489 1644 3595 1696; x_wconf 86' lang='lat' dir='ltr'><strong>fra-</strong></span> 
     </span>
    </p>
   </div>
   <div class='ocr_carea' id='block_1_33' title="bbox 351 1734 3005 1824">
    <p class='ocr_par' dir='ltr' id='par_1_33' title="bbox 351 1734 3005 1824">
     <span class='ocr_line' id='line_1_33' title="bbox 351 1734 3005 1824; baseline -0.001 -27"><span class='ocrx_word' id='word_1_162' title='bbox 351 1762 472 1797; x_wconf 92' lang='lat' dir='ltr'><strong>uum</strong></span> <span class='ocrx_word' id='word_1_163' title='bbox 500 1747 553 1798; x_wconf 84' lang='lat' dir='ltr'><strong>in</strong></span> <span class='ocrx_word' id='word_1_164' title='bbox 586 1746 754 1808; x_wconf 90' lang='lat' dir='ltr'><strong>vobis,</strong></span> <span class='ocrx_word' id='word_1_165' title='bbox 787 1746 875 1813; x_wconf 85' lang='lat' dir='ltr'><strong>qui</strong></span> <span class='ocrx_word' id='word_1_166' title='bbox 906 1745 1038 1798; x_wconf 85' lang='lat' dir='ltr'><strong>tales</strong></span> <span class='ocrx_word' id='word_1_167' title='bbox 1075 1745 1153 1797; x_wconf 87' lang='lat' dir='ltr'><strong>sui</strong></span> <span class='ocrx_word' id='word_1_168' title='bbox 1199 1746 1366 1797; x_wconf 79' lang='lat' dir='ltr'><strong>sancti</strong></span> <span class='ocrx_word' id='word_1_169' title='bbox 1400 1744 1630 1797; x_wconf 86' lang='lat' dir='ltr'><strong>nominis</strong></span> <span class='ocrx_word' id='word_1_170' title='bbox 1670 1744 1919 1813; x_wconf 75' lang='lat' dir='ltr'><strong>dignatus</strong></span> <span class='ocrx_word' id='word_1_171' title='bbox 1954 1767 1995 1824; x_wconf 71' lang='grc' dir='ltr'><strong>Β</strong></span> <span class='ocrx_word' id='word_1_172' title='bbox 2026 1738 2196 1789; x_wconf 64' lang='lat' dir='ltr'><strong>tribus</strong></span> <span class='ocrx_word' id='word_1_173' title='bbox 2221 1746 2270 1787; x_wconf 71' lang='lat' dir='ltr'><strong>t&#39;l</strong></span> <span class='ocrx_word' id='word_1_174' title='bbox 2300 1736 2421 1787; x_wconf 67' lang='lat' dir='ltr'><strong>filiis</strong></span> <span class='ocrx_word' id='word_1_175' title='bbox 2444 1738 2493 1786; x_wconf 74' lang='lat' dir='ltr'><strong>in</strong></span> <span class='ocrx_word' id='word_1_176' title='bbox 2521 1735 2734 1786; x_wconf 69' lang='lat' dir='ltr'><strong>Clll‘iSm</strong></span> <span class='ocrx_word' id='word_1_177' title='bbox 2762 1734 3005 1787; x_wconf 72' lang='lat' dir='ltr'><strong>Sﬂllllcm-</strong></span> 
     </span>
    </p>
   </div>
   <div class='ocr_carea' id='block_1_34' title="bbox 348 1833 1918 1901">
    <p class='ocr_par' dir='ltr' id='par_1_34' title="bbox 348 1833 1918 1901">
     <span class='ocr_line' id='line_1_34' title="bbox 348 1833 1918 1901; baseline -0.001 -14"><span class='ocrx_word' id='word_1_178' title='bbox 348 1843 428 1887; x_wconf 88' lang='lat' dir='ltr'><strong>est</strong></span> <span class='ocrx_word' id='word_1_179' title='bbox 469 1836 666 1886; x_wconf 72' lang='lat' dir='ltr'><strong>haltere</strong></span> <span class='ocrx_word' id='word_1_180' title='bbox 703 1835 1055 1887; x_wconf 77' lang='lat' dir='ltr'><strong>confessores.</strong></span> <span class='ocrx_word' id='word_1_181' title='bbox 1114 1833 1221 1888; x_wconf 70' lang='lat' dir='ltr'><strong>Nec</strong></span> <span class='ocrx_word' id='word_1_182' title='bbox 1262 1836 1403 1888; x_wconf 88' lang='lat' dir='ltr'><strong>enim</strong></span> <span class='ocrx_word' id='word_1_183' title='bbox 1460 1836 1655 1886; x_wconf 77' lang='lat' dir='ltr'><strong>frustra</strong></span> <span class='ocrx_word' id='word_1_184' title='bbox 1704 1834 1918 1901; x_wconf 70' lang='lat' dir='ltr'><strong>speciali</strong></span> 
     </span>
    </p>
   </div>
   <div class='ocr_carea' id='block_1_35' title="bbox 349 1928 1919 1992">
    <p class='ocr_par' dir='ltr' id='par_1_35' title="bbox 349 1928 1919 1992">
     <span class='ocr_line' id='line_1_35' title="bbox 349 1928 1919 1992; baseline -0.001 -12"><span class='ocrx_word' id='word_1_185' title='bbox 349 1930 625 1992; x_wconf 86' lang='lat' dir='ltr'><strong>vocabulo,</strong></span> <span class='ocrx_word' id='word_1_186' title='bbox 678 1928 920 1981; x_wconf 77' lang='lat' dir='ltr'><strong>Monac/ii</strong></span> <span class='ocrx_word' id='word_1_187' title='bbox 964 1930 1127 1981; x_wconf 78' lang='lat' dir='ltr'><strong>sancti</strong></span> <span class='ocrx_word' id='word_1_188' title='bbox 1172 1928 1459 1982; x_wconf 76' lang='lat' dir='ltr'><strong>Salratoris</strong></span> <span class='ocrx_word' id='word_1_189' title='bbox 1507 1928 1790 1989; x_wconf 87' lang='lat' dir='ltr'><strong>vocamini,</strong></span> <span class='ocrx_word' id='word_1_190' title='bbox 1821 1928 1919 1979; x_wconf 88' lang='lat' dir='ltr'><strong>nisi</strong></span> 
     </span>
    </p>
   </div>
   <div class='ocr_carea' id='block_1_36' title="bbox 347 2019 1921 2089">
    <p class='ocr_par' dir='ltr' id='par_1_36' title="bbox 347 2019 1921 2089">
     <span class='ocr_line' id='line_1_36' title="bbox 347 2019 1921 2089; baseline -0.003 -15"><span class='ocrx_word' id='word_1_191' title='bbox 347 2023 469 2089; x_wconf 89' lang='lat' dir='ltr'><strong>quia</strong></span> <span class='ocrx_word' id='word_1_192' title='bbox 490 2022 621 2074; x_wconf 91' lang='lat' dir='ltr'><strong>estis</strong></span> <span class='ocrx_word' id='word_1_193' title='bbox 662 2021 866 2073; x_wconf 88' lang='lat' dir='ltr'><strong>meritis</strong></span> <span class='ocrx_word' id='word_1_194' title='bbox 893 2021 1032 2088; x_wconf 90' lang='lat' dir='ltr'><strong>quod</strong></span> <span class='ocrx_word' id='word_1_195' title='bbox 1073 2021 1283 2072; x_wconf 90' lang='lat' dir='ltr'><strong>nomine</strong></span> <span class='ocrx_word' id='word_1_196' title='bbox 1308 2020 1564 2073; x_wconf 90' lang='lat' dir='ltr'><strong>dicimini.</strong></span> <span class='ocrx_word' id='word_1_197' title='bbox 1594 2019 1703 2071; x_wconf 82' lang='lat' dir='ltr'><strong>lino</strong></span> <span class='ocrx_word' id='word_1_198' title='bbox 1727 2027 1779 2072; x_wconf 86' lang='lat' dir='ltr'><strong>et</strong></span> <span class='ocrx_word' id='word_1_199' title='bbox 1813 2028 1921 2070; x_wconf 89' lang='lat' dir='ltr'><strong>tam</strong></span> 
     </span>
    </p>
   </div>
   <div class='ocr_carea' id='block_1_37' title="bbox 349 2108 1920 2170">
    <p class='ocr_par' dir='ltr' id='par_1_37' title="bbox 349 2108 1920 2170">
     <span class='ocr_line' id='line_1_37' title="bbox 349 2108 1920 2170; baseline -0.003 -6"><span class='ocrx_word' id='word_1_200' title='bbox 349 2110 541 2164; x_wconf 88' lang='lat' dir='ltr'><strong>nobilis</strong></span> <span class='ocrx_word' id='word_1_201' title='bbox 565 2125 655 2163; x_wconf 75' lang='lat' dir='ltr'><strong>rex</strong></span> <span class='ocrx_word' id='word_1_202' title='bbox 692 2110 895 2162; x_wconf 85' lang='lat' dir='ltr'><strong>nobiles</strong></span> <span class='ocrx_word' id='word_1_203' title='bbox 929 2110 1087 2163; x_wconf 83' lang='lat' dir='ltr'><strong>debet</strong></span> <span class='ocrx_word' id='word_1_204' title='bbox 1116 2111 1312 2162; x_wconf 88' lang='lat' dir='ltr'><strong>habere</strong></span> <span class='ocrx_word' id='word_1_205' title='bbox 1348 2110 1641 2170; x_wconf 88' lang='lat' dir='ltr'><strong>ministros,</strong></span> <span class='ocrx_word' id='word_1_206' title='bbox 1679 2108 1920 2160; x_wconf 90' lang='lat' dir='ltr'><strong>moribus</strong></span> 
     </span>
    </p>
   </div>
   <div class='ocr_carea' id='block_1_38' title="bbox 349 2196 1920 2269">
    <p class='ocr_par' dir='ltr' id='par_1_38' title="bbox 349 2196 1920 2269">
     <span class='ocr_line' id='line_1_38' title="bbox 349 2196 1920 2269; baseline -0.003 -16"><span class='ocrx_word' id='word_1_207' title='bbox 349 2200 611 2269; x_wconf 83' lang='lat' dir='ltr'><strong>egregios,</strong></span> <span class='ocrx_word' id='word_1_208' title='bbox 660 2200 713 2251; x_wconf 89' lang='lat' dir='ltr'><strong>in</strong></span> <span class='ocrx_word' id='word_1_209' title='bbox 758 2213 885 2267; x_wconf 88' lang='lat' dir='ltr'><strong>pace</strong></span> <span class='ocrx_word' id='word_1_210' title='bbox 928 2199 1238 2259; x_wconf 85' lang='lat' dir='ltr'><strong>concordes,</strong></span> <span class='ocrx_word' id='word_1_211' title='bbox 1287 2199 1339 2250; x_wconf 92' lang='lat' dir='ltr'><strong>in</strong></span> <span class='ocrx_word' id='word_1_212' title='bbox 1383 2212 1605 2264; x_wconf 87' lang='lat' dir='ltr'><strong>corpore</strong></span> <span class='ocrx_word' id='word_1_213' title='bbox 1641 2204 1835 2257; x_wconf 87' lang='lat' dir='ltr'><strong>castos,</strong></span> <span class='ocrx_word' id='word_1_214' title='bbox 1866 2196 1920 2249; x_wconf 91' lang='lat' dir='ltr'><strong>in</strong></span> 
     </span>
    </p>
   </div>
   <div class='ocr_carea' id='block_1_39' title="bbox 353 2286 1921 2352">
    <p class='ocr_par' dir='ltr' id='par_1_39' title="bbox 353 2286 1921 2352">
     <span class='ocr_line' id='line_1_39' title="bbox 353 2286 1921 2352; baseline -0.002 -9"><span class='ocrx_word' id='word_1_215' title='bbox 353 2292 527 2343; x_wconf 82' lang='lat' dir='ltr'><strong>animo</strong></span> <span class='ocrx_word' id='word_1_216' title='bbox 576 2289 807 2352; x_wconf 85' lang='lat' dir='ltr'><strong>sobrios,</strong></span> <span class='ocrx_word' id='word_1_217' title='bbox 859 2289 1002 2341; x_wconf 91' lang='lat' dir='ltr'><strong>omni</strong></span> <span class='ocrx_word' id='word_1_218' title='bbox 1050 2289 1284 2342; x_wconf 88' lang='lat' dir='ltr'><strong>bonitate</strong></span> <span class='ocrx_word' id='word_1_219' title='bbox 1329 2288 1570 2348; x_wconf 71' lang='lat' dir='ltr'><strong>eximios,</strong></span> <span class='ocrx_word' id='word_1_220' title='bbox 1611 2286 1921 2340; x_wconf 81' lang='lat' dir='ltr'><strong>clarissimis</strong></span> 
     </span>
    </p>
   </div>
   <div class='ocr_carea' id='block_1_40' title="bbox 351 2376 1921 2447">
    <p class='ocr_par' dir='ltr' id='par_1_40' title="bbox 351 2376 1921 2447">
     <span class='ocr_line' id='line_1_40' title="bbox 351 2376 1921 2447; baseline -0.001 -15"><span class='ocrx_word' id='word_1_221' title='bbox 351 2387 594 2432; x_wconf 88' lang='lat' dir='ltr'><strong>assuetos</strong></span> <span class='ocrx_word' id='word_1_222' title='bbox 624 2377 945 2445; x_wconf 88' lang='lat' dir='ltr'><strong>triumphis;</strong></span> <span class='ocrx_word' id='word_1_223' title='bbox 998 2393 1102 2431; x_wconf 91' lang='lat' dir='ltr'><strong>non</strong></span> <span class='ocrx_word' id='word_1_224' title='bbox 1146 2376 1267 2447; x_wconf 79' lang='lat' dir='ltr'><strong>fuga</strong></span> <span class='ocrx_word' id='word_1_225' title='bbox 1299 2378 1461 2429; x_wconf 85' lang='lat' dir='ltr'><strong>vitam</strong></span> <span class='ocrx_word' id='word_1_226' title='bbox 1496 2376 1794 2437; x_wconf 87' lang='lat' dir='ltr'><strong>defendere,</strong></span> <span class='ocrx_word' id='word_1_227' title='bbox 1828 2378 1921 2430; x_wconf 87' lang='lat' dir='ltr'><strong>sed</strong></span> 
     </span>
    </p>
   </div>
   <div class='ocr_carea' id='block_1_41' title="bbox 350 2465 1920 2533">
    <p class='ocr_par' dir='ltr' id='par_1_41' title="bbox 350 2465 1920 2533">
     <span class='ocr_line' id='line_1_41' title="bbox 350 2465 1920 2533; baseline -0.001 -14"><span class='ocrx_word' id='word_1_228' title='bbox 350 2468 403 2519; x_wconf 90' lang='lat' dir='ltr'><strong>in</strong></span> <span class='ocrx_word' id='word_1_229' title='bbox 431 2468 545 2520; x_wconf 84' lang='lat' dir='ltr'><strong>acie</strong></span> <span class='ocrx_word' id='word_1_230' title='bbox 571 2467 794 2519; x_wconf 84' lang='lat' dir='ltr'><strong>ﬁrmiter</strong></span> <span class='ocrx_word' id='word_1_231' title='bbox 821 2474 981 2529; x_wconf 89' lang='lat' dir='ltr'><strong>stare,</strong></span> <span class='ocrx_word' id='word_1_232' title='bbox 1008 2466 1232 2519; x_wconf 81' lang='lat' dir='ltr'><strong>viriliter</strong></span> <span class='ocrx_word' id='word_1_233' title='bbox 1272 2481 1529 2533; x_wconf 82' lang='lat' dir='ltr'><strong>pugnare,</strong></span> <span class='ocrx_word' id='word_1_234' title='bbox 1561 2465 1774 2519; x_wconf 81' lang='lat' dir='ltr'><strong>fortiter</strong></span> <span class='ocrx_word' id='word_1_235' title='bbox 1804 2467 1920 2519; x_wconf 88' lang='lat' dir='ltr'><strong>vin-</strong></span> 
     </span>
    </p>
   </div>
   <div class='ocr_carea' id='block_1_42' title="bbox 349 2553 1919 2622">
    <p class='ocr_par' dir='ltr' id='par_1_42' title="bbox 349 2553 1919 2622">
     <span class='ocr_line' id='line_1_42' title="bbox 349 2553 1919 2622; baseline 0.001 -17"><span class='ocrx_word' id='word_1_236' title='bbox 349 2568 490 2615; x_wconf 90' lang='lat' dir='ltr'><strong>cere,</strong></span> <span class='ocrx_word' id='word_1_237' title='bbox 518 2563 781 2621; x_wconf 87' lang='lat' dir='ltr'><strong>quatenus</strong></span> <span class='ocrx_word' id='word_1_238' title='bbox 808 2568 928 2607; x_wconf 91' lang='lat' dir='ltr'><strong>cum</strong></span> <span class='ocrx_word' id='word_1_239' title='bbox 980 2553 1208 2622; x_wconf 84' lang='lat' dir='ltr'><strong>gloriosa</strong></span> <span class='ocrx_word' id='word_1_240' title='bbox 1255 2554 1489 2608; x_wconf 67' lang='lat' dir='ltr'><strong>\‘iCltll‘iLC</strong></span> <span class='ocrx_word' id='word_1_241' title='bbox 1520 2554 1688 2621; x_wconf 91' lang='lat' dir='ltr'><strong>palma</strong></span> <span class='ocrx_word' id='word_1_242' title='bbox 1733 2555 1919 2608; x_wconf 73' lang='lat' dir='ltr'><strong>mterni</strong></span> 
     </span>
    </p>
   </div>
   <div class='ocr_carea' id='block_1_43' title="bbox 350 2640 1921 2710">
    <p class='ocr_par' dir='ltr' id='par_1_43' title="bbox 350 2640 1921 2710">
     <span class='ocr_line' id='line_1_43' title="bbox 350 2640 1921 2710; baseline 0.003 -17"><span class='ocrx_word' id='word_1_243' title='bbox 350 2641 490 2710; x_wconf 83' lang='lat' dir='ltr'><strong>regis</strong></span> <span class='ocrx_word' id='word_1_244' title='bbox 544 2640 815 2693; x_wconf 85' lang='lat' dir='ltr'><strong>civitatem</strong></span> <span class='ocrx_word' id='word_1_245' title='bbox 872 2642 1071 2695; x_wconf 88' lang='lat' dir='ltr'><strong>intrare</strong></span> <span class='ocrx_word' id='word_1_246' title='bbox 1124 2644 1454 2697; x_wconf 88' lang='lat' dir='ltr'><strong>mereamini.</strong></span> <span class='ocrx_word' id='word_1_247' title='bbox 1514 2644 1623 2697; x_wconf 82' lang='lat' dir='ltr'><strong>lloe</strong></span> <span class='ocrx_word' id='word_1_248' title='bbox 1678 2644 1921 2698; x_wconf 86' lang='lat' dir='ltr'><strong>conside-</strong></span> 
     </span>
    </p>
   </div>
   <div class='ocr_carea' id='block_1_44' title="bbox 350 2728 1921 2800">
    <p class='ocr_par' dir='ltr' id='par_1_44' title="bbox 350 2728 1921 2800">
     <span class='ocr_line' id='line_1_44' title="bbox 350 2728 1921 2800; baseline 0.003 -17"><span class='ocrx_word' id='word_1_249' title='bbox 350 2740 550 2792; x_wconf 87' lang='lat' dir='ltr'><strong>rantes,</strong></span> <span class='ocrx_word' id='word_1_250' title='bbox 581 2728 792 2793; x_wconf 86' lang='lat' dir='ltr'><strong>fratres,</strong></span> <span class='ocrx_word' id='word_1_251' title='bbox 820 2731 1173 2784; x_wconf 85' lang='lat' dir='ltr'><strong>adhortamini</strong></span> <span class='ocrx_word' id='word_1_252' title='bbox 1196 2733 1543 2800; x_wconf 87' lang='lat' dir='ltr'><strong>vosmetipsos</strong></span> <span class='ocrx_word' id='word_1_253' title='bbox 1564 2748 1655 2799; x_wconf 90' lang='lat' dir='ltr'><strong>per</strong></span> <span class='ocrx_word' id='word_1_254' title='bbox 1683 2732 1921 2800; x_wconf 72' lang='lat' dir='ltr'><strong>singulos</strong></span> 
     </span>
    </p>
   </div>
   <div class='ocr_carea' id='block_1_45' title="bbox 350 2820 1922 2888">
    <p class='ocr_par' dir='ltr' id='par_1_45' title="bbox 350 2820 1922 2888">
     <span class='ocr_line' id='line_1_45' title="bbox 350 2820 1922 2888; baseline 0.002 -15"><span class='ocrx_word' id='word_1_255' title='bbox 350 2822 482 2883; x_wconf 89' lang='lat' dir='ltr'><strong>dies,</strong></span> <span class='ocrx_word' id='word_1_256' title='bbox 533 2820 704 2874; x_wconf 88' lang='lat' dir='ltr'><strong>donec</strong></span> <span class='ocrx_word' id='word_1_257' title='bbox 732 2821 1133 2888; x_wconf 79' lang='lat' dir='ltr'><strong>cognominetur</strong></span> <span class='ocrx_word' id='word_1_258' title='bbox 1166 2820 1409 2875; x_wconf 86' lang='lat' dir='ltr'><strong>Christus</strong></span> <span class='ocrx_word' id='word_1_259' title='bbox 1458 2823 1509 2874; x_wconf 88' lang='lat' dir='ltr'><strong>in</strong></span> <span class='ocrx_word' id='word_1_260' title='bbox 1556 2822 1723 2875; x_wconf 89' lang='lat' dir='ltr'><strong>vobis.</strong></span> <span class='ocrx_word' id='word_1_261' title='bbox 1764 2822 1829 2875; x_wconf 86' lang='lat' dir='ltr'><strong>Et</strong></span> <span class='ocrx_word' id='word_1_262' title='bbox 1855 2823 1922 2876; x_wconf 87' lang='lat' dir='ltr'><strong>ad</strong></span> 
     </span>
    </p>
   </div>
   <div class='ocr_carea' id='block_1_46' title="bbox 353 2910 1922 2978">
    <p class='ocr_par' dir='ltr' id='par_1_46' title="bbox 353 2910 1922 2978">
     <span class='ocr_line' id='line_1_46' title="bbox 353 2910 1922 2978; baseline 0.003 -17"><span class='ocrx_word' id='word_1_263' title='bbox 353 2910 510 2963; x_wconf 83' lang='lat' dir='ltr'><strong>ﬁnem</strong></span> <span class='ocrx_word' id='word_1_264' title='bbox 570 2910 780 2963; x_wconf 84' lang='lat' dir='ltr'><strong>firmum</strong></span> <span class='ocrx_word' id='word_1_265' title='bbox 834 2920 1067 2978; x_wconf 69' lang='lat' dir='ltr'><strong>emptum</strong></span> <span class='ocrx_word' id='word_1_266' title='bbox 1121 2912 1224 2965; x_wconf 87' lang='lat' dir='ltr'><strong>iter</strong></span> <span class='ocrx_word' id='word_1_267' title='bbox 1282 2914 1447 2967; x_wconf 80' lang='lat' dir='ltr'><strong>beata:</strong></span> <span class='ocrx_word' id='word_1_268' title='bbox 1503 2913 1922 2967; x_wconf 60' lang='lat' dir='ltr'><strong>conuersationis</strong></span> 
     </span>
    </p>
   </div>
   <div class='ocr_carea' id='block_1_47' title="bbox 350 2999 1919 3070">
    <p class='ocr_par' dir='ltr' id='par_1_47' title="bbox 350 2999 1919 3070">
     <span class='ocr_line' id='line_1_47' title="bbox 350 2999 1919 3070; baseline 0.003 -20"><span class='ocrx_word' id='word_1_269' title='bbox 350 2999 611 3067; x_wconf 76' lang='lat' dir='ltr'><strong>peragite,</strong></span> <span class='ocrx_word' id='word_1_270' title='bbox 659 3007 717 3050; x_wconf 92' lang='lat' dir='ltr'><strong>ut</strong></span> <span class='ocrx_word' id='word_1_271' title='bbox 751 3000 1109 3068; x_wconf 87' lang='lat' dir='ltr'><strong>unusquisque</strong></span> <span class='ocrx_word' id='word_1_272' title='bbox 1153 3017 1273 3054; x_wconf 91' lang='lat' dir='ltr'><strong>cum</strong></span> <span class='ocrx_word' id='word_1_273' title='bbox 1322 3002 1573 3070; x_wconf 81' lang='lat' dir='ltr'><strong>Apostolo</strong></span> <span class='ocrx_word' id='word_1_274' title='bbox 1615 3003 1791 3056; x_wconf 89' lang='lat' dir='ltr'><strong>dicere</strong></span> <span class='ocrx_word' id='word_1_275' title='bbox 1835 3004 1919 3055; x_wconf 88' lang='lat' dir='ltr'><strong>di-</strong></span> 
     </span>
    </p>
   </div>
   <div class='ocr_carea' id='block_1_48' title="bbox 2097 1822 3593 1889">
    <p class='ocr_par' dir='ltr' id='par_1_48' title="bbox 2097 1822 3593 1889">
     <span class='ocr_line' id='line_1_48' title="bbox 2097 1822 3593 1889; baseline -0.004 -14"><span class='ocrx_word' id='word_1_276' title='bbox 2097 1824 2299 1875; x_wconf 62' lang='lat' dir='ltr'><strong>Vestris</strong></span> <span class='ocrx_word' id='word_1_277' title='bbox 2334 1823 2386 1875; x_wconf 87' lang='lat' dir='ltr'><strong>in</strong></span> <span class='ocrx_word' id='word_1_278' title='bbox 2441 1822 2663 1875; x_wconf 82' lang='lat' dir='ltr'><strong>Dmuino</strong></span> <span class='ocrx_word' id='word_1_279' title='bbox 2705 1822 3030 1889; x_wconf 59' lang='lat' dir='ltr'><strong>profrctibus</strong></span> <span class='ocrx_word' id='word_1_280' title='bbox 3070 1823 3218 1873; x_wconf 53' lang='lat' dir='ltr'><strong>valde</strong></span> <span class='ocrx_word' id='word_1_281' title='bbox 3262 1824 3593 1886; x_wconf 60' lang='grc' dir='ltr'>ιἰιιιτεςιςιιξιιη,</span> 
     </span>
    </p>
   </div>
   <div class='ocr_carea' id='block_1_49' title="bbox 2024 1911 3593 1979">
    <p class='ocr_par' dir='ltr' id='par_1_49' title="bbox 2024 1911 3593 1979">
     <span class='ocr_line' id='line_1_49' title="bbox 2024 1911 3593 1979; baseline -0.002 -14"><span class='ocrx_word' id='word_1_282' title='bbox 2024 1913 2334 1966; x_wconf 84' lang='lat' dir='ltr'><strong>desiderans</strong></span> <span class='ocrx_word' id='word_1_283' title='bbox 2370 1927 2463 1963; x_wconf 88' lang='lat' dir='ltr'><strong>vos</strong></span> <span class='ocrx_word' id='word_1_284' title='bbox 2494 1913 2742 1978; x_wconf 67' lang='lat' dir='ltr'><strong>praesenti</strong></span> <span class='ocrx_word' id='word_1_285' title='bbox 2774 1911 2964 1964; x_wconf 83' lang='lat' dir='ltr'><strong>ﬂorere</strong></span> <span class='ocrx_word' id='word_1_286' title='bbox 2992 1911 3243 1964; x_wconf 84' lang='lat' dir='ltr'><strong>felicitate</strong></span> <span class='ocrx_word' id='word_1_287' title='bbox 3270 1923 3320 1965; x_wconf 89' lang='lat' dir='ltr'><strong>et</strong></span> <span class='ocrx_word' id='word_1_288' title='bbox 3343 1924 3593 1979; x_wconf 68' lang='lat' dir='ltr'><strong>p.?l&#39;|)..‘ltt;|</strong></span> 
     </span>
    </p>
   </div>
   <div class='ocr_carea' id='block_1_50' title="bbox 2026 2001 3593 2069">
    <p class='ocr_par' dir='ltr' id='par_1_50' title="bbox 2026 2001 3593 2069">
     <span class='ocr_line' id='line_1_50' title="bbox 2026 2001 3593 2069; baseline 0 -15"><span class='ocrx_word' id='word_1_289' title='bbox 2026 2003 2201 2056; x_wconf 90' lang='lat' dir='ltr'><strong>futura</strong></span> <span class='ocrx_word' id='word_1_290' title='bbox 2254 2003 2598 2055; x_wconf 84' lang='lat' dir='ltr'><strong>beatitudine.</strong></span> <span class='ocrx_word' id='word_1_291' title='bbox 2662 2001 2891 2069; x_wconf 84' lang='lat' dir='ltr'><strong>Ideoque</strong></span> <span class='ocrx_word' id='word_1_292' title='bbox 2953 2002 3145 2069; x_wconf 77' lang='lat' dir='ltr'><strong>szrpius</strong></span> <span class='ocrx_word' id='word_1_293' title='bbox 3196 2004 3261 2055; x_wconf 86' lang='lat' dir='ltr'><strong>de</strong></span> <span class='ocrx_word' id='word_1_294' title='bbox 3311 2004 3593 2058; x_wconf 75' lang='lat' dir='ltr'><strong>concordia</strong></span> 
     </span>
    </p>
   </div>
   <div class='ocr_carea' id='block_1_51' title="bbox 2024 2090 3591 2159">
    <p class='ocr_par' dir='ltr' id='par_1_51' title="bbox 2024 2090 3591 2159">
     <span class='ocr_line' id='line_1_51' title="bbox 2024 2090 3591 2159; baseline 0.001 -16"><span class='ocrx_word' id='word_1_295' title='bbox 2024 2092 2191 2159; x_wconf 88' lang='lat' dir='ltr'><strong>pacis,</strong></span> <span class='ocrx_word' id='word_1_296' title='bbox 2221 2100 2275 2144; x_wconf 91' lang='lat' dir='ltr'><strong>et</strong></span> <span class='ocrx_word' id='word_1_297' title='bbox 2319 2093 2383 2144; x_wconf 89' lang='lat' dir='ltr'><strong>de</strong></span> <span class='ocrx_word' id='word_1_298' title='bbox 2426 2091 2648 2144; x_wconf 90' lang='lat' dir='ltr'><strong>consilio</strong></span> <span class='ocrx_word' id='word_1_299' title='bbox 2677 2090 2864 2143; x_wconf 89' lang='lat' dir='ltr'><strong>salutis</strong></span> <span class='ocrx_word' id='word_1_300' title='bbox 2905 2092 3191 2143; x_wconf 86' lang='lat' dir='ltr'><strong>admonere</strong></span> <span class='ocrx_word' id='word_1_301' title='bbox 3239 2108 3339 2143; x_wconf 80' lang='lat' dir='ltr'><strong>una</strong></span> <span class='ocrx_word' id='word_1_302' title='bbox 3372 2092 3591 2150; x_wconf 75' lang='lat' dir='ltr'><strong>desiste,</strong></span> 
     </span>
    </p>
   </div>
   <div class='ocr_carea' id='block_1_52' title="bbox 2025 2180 3594 2248">
    <p class='ocr_par' dir='ltr' id='par_1_52' title="bbox 2025 2180 3594 2248">
     <span class='ocr_line' id='line_1_52' title="bbox 2025 2180 3594 2248; baseline 0 -15"><span class='ocrx_word' id='word_1_303' title='bbox 2025 2180 2147 2233; x_wconf 91' lang='lat' dir='ltr'><strong>licet</strong></span> <span class='ocrx_word' id='word_1_304' title='bbox 2173 2195 2336 2248; x_wconf 88' lang='lat' dir='ltr'><strong>parvo</strong></span> <span class='ocrx_word' id='word_1_305' title='bbox 2366 2180 2598 2246; x_wconf 73' lang='lat' dir='ltr'><strong>ingenio,</strong></span> <span class='ocrx_word' id='word_1_306' title='bbox 2627 2194 2729 2231; x_wconf 89' lang='lat' dir='ltr'><strong>non</strong></span> <span class='ocrx_word' id='word_1_307' title='bbox 2768 2187 2945 2231; x_wconf 91' lang='lat' dir='ltr'><strong>tamen</strong></span> <span class='ocrx_word' id='word_1_308' title='bbox 2980 2194 3138 2246; x_wconf 87' lang='lat' dir='ltr'><strong>parva</strong></span> <span class='ocrx_word' id='word_1_309' title='bbox 3165 2181 3443 2233; x_wconf 77' lang='lat' dir='ltr'><strong>rharita&#39;e.</strong></span> <span class='ocrx_word' id='word_1_310' title='bbox 3486 2180 3594 2235; x_wconf 64' lang='lat' dir='ltr'><strong>Nec</strong></span> 
     </span>
    </p>
   </div>
   <div class='ocr_carea' id='block_1_53' title="bbox 2025 2268 3595 2337">
    <p class='ocr_par' dir='ltr' id='par_1_53' title="bbox 2025 2268 3595 2337">
     <span class='ocr_line' id='line_1_53' title="bbox 2025 2268 3595 2337; baseline -0.002 -13"><span class='ocrx_word' id='word_1_311' title='bbox 2025 2272 2153 2324; x_wconf 88' lang='lat' dir='ltr'><strong>mihi</strong></span> <span class='ocrx_word' id='word_1_312' title='bbox 2186 2280 2292 2324; x_wconf 91' lang='lat' dir='ltr'><strong>tam</strong></span> <span class='ocrx_word' id='word_1_313' title='bbox 2339 2272 2445 2324; x_wconf 88' lang='lat' dir='ltr'><strong>cito</strong></span> <span class='ocrx_word' id='word_1_314' title='bbox 2489 2269 2731 2323; x_wconf 78' lang='lat' dir='ltr'><strong>veniendi</strong></span> <span class='ocrx_word' id='word_1_315' title='bbox 2761 2270 2995 2323; x_wconf 89' lang='lat' dir='ltr'><strong>occurrit</strong></span> <span class='ocrx_word' id='word_1_316' title='bbox 3030 2268 3273 2330; x_wconf 84' lang='lat' dir='ltr'><strong>facultas,</strong></span> <span class='ocrx_word' id='word_1_317' title='bbox 3317 2287 3473 2337; x_wconf 87' lang='lat' dir='ltr'><strong>quam</strong></span> <span class='ocrx_word' id='word_1_318' title='bbox 3507 2286 3595 2321; x_wconf 88' lang='lat' dir='ltr'><strong>ve-</strong></span> 
     </span>
    </p>
   </div>
   <div class='ocr_carea' id='block_1_54' title="bbox 2024 2361 3595 2431">
    <p class='ocr_par' dir='ltr' id='par_1_54' title="bbox 2024 2361 3595 2431">
     <span class='ocr_line' id='line_1_54' title="bbox 2024 2361 3595 2431; baseline -0.003 -16"><span class='ocrx_word' id='word_1_319' title='bbox 2024 2372 2133 2416; x_wconf 90' lang='lat' dir='ltr'><strong>stra</strong></span> <span class='ocrx_word' id='word_1_320' title='bbox 2163 2361 2435 2431; x_wconf 78' lang='lat' dir='ltr'><strong>flagitabat</strong></span> <span class='ocrx_word' id='word_1_321' title='bbox 2461 2364 2739 2423; x_wconf 89' lang='lat' dir='ltr'><strong>sanctitas,</strong></span> <span class='ocrx_word' id='word_1_322' title='bbox 2786 2369 3001 2428; x_wconf 83' lang='lat' dir='ltr'><strong>prepter</strong></span> <span class='ocrx_word' id='word_1_323' title='bbox 3041 2361 3298 2428; x_wconf 85' lang='lat' dir='ltr'><strong>quasdam</strong></span> <span class='ocrx_word' id='word_1_324' title='bbox 3346 2361 3595 2413; x_wconf 69' lang='lat' dir='ltr'><strong>Ecclesiae</strong></span> 
     </span>
    </p>
   </div>
   <div class='ocr_carea' id='block_1_55' title="bbox 2024 2443 3597 2507">
    <p class='ocr_par' dir='ltr' id='par_1_55' title="bbox 2024 2443 3597 2507">
     <span class='ocr_line' id='line_1_55' title="bbox 2024 2443 3597 2507; baseline -0.004 -3"><span class='ocrx_word' id='word_1_325' title='bbox 2024 2454 2391 2507; x_wconf 89' lang='lat' dir='ltr'><strong>necessitates.</strong></span> <span class='ocrx_word' id='word_1_326' title='bbox 2441 2450 2558 2504; x_wconf 84' lang='lat' dir='ltr'><strong>Jam</strong></span> <span class='ocrx_word' id='word_1_327' title='bbox 2603 2459 2746 2503; x_wconf 89' lang='lat' dir='ltr'><strong>totus</strong></span> <span class='ocrx_word' id='word_1_328' title='bbox 2787 2443 3060 2502; x_wconf 76' lang='lat' dir='ltr'><strong>vobiscum</strong></span> <span class='ocrx_word' id='word_1_329' title='bbox 3106 2464 3222 2501; x_wconf 87' lang='lat' dir='ltr'><strong>sum</strong></span> <span class='ocrx_word' id='word_1_330' title='bbox 3251 2450 3304 2502; x_wconf 93' lang='lat' dir='ltr'><strong>in</strong></span> <span class='ocrx_word' id='word_1_331' title='bbox 3330 2450 3597 2503; x_wconf 84' lang='lat' dir='ltr'><strong>desiderio</strong></span> 
     </span>
    </p>
   </div>
   <div class='ocr_carea' id='block_1_56' title="bbox 2023 2540 3593 2611">
    <p class='ocr_par' dir='ltr' id='par_1_56' title="bbox 2023 2540 3593 2611">
     <span class='ocr_line' id='line_1_56' title="bbox 2023 2540 3593 2611; baseline 0 -16"><span class='ocrx_word' id='word_1_332' title='bbox 2023 2544 2393 2611; x_wconf 87' lang='lat' dir='ltr'><strong>prosperitatis</strong></span> <span class='ocrx_word' id='word_1_333' title='bbox 2426 2550 2638 2604; x_wconf 70' lang='lat' dir='ltr'><strong>vestrm,</strong></span> <span class='ocrx_word' id='word_1_334' title='bbox 2665 2540 2764 2594; x_wconf 88' lang='lat' dir='ltr'><strong>etsi</strong></span> <span class='ocrx_word' id='word_1_335' title='bbox 2802 2554 3022 2607; x_wconf 89' lang='lat' dir='ltr'><strong>corpore</strong></span> <span class='ocrx_word' id='word_1_336' title='bbox 3050 2541 3264 2605; x_wconf 86' lang='lat' dir='ltr'><strong>absens,</strong></span> <span class='ocrx_word' id='word_1_337' title='bbox 3291 2557 3394 2594; x_wconf 89' lang='lat' dir='ltr'><strong>non</strong></span> <span class='ocrx_word' id='word_1_338' title='bbox 3419 2552 3593 2595; x_wconf 87' lang='lat' dir='ltr'><strong>tamen</strong></span> 
     </span>
    </p>
   </div>
   <div class='ocr_carea' id='block_1_57' title="bbox 2022 2630 3597 2687">
    <p class='ocr_par' dir='ltr' id='par_1_57' title="bbox 2022 2630 3597 2687">
     <span class='ocr_line' id='line_1_57' title="bbox 2022 2630 3597 2687; baseline -0.004 -1"><span class='ocrx_word' id='word_1_339' title='bbox 2022 2634 2328 2687; x_wconf 88' lang='lat' dir='ltr'><strong>dilectione.</strong></span> <span class='ocrx_word' id='word_1_340' title='bbox 2380 2631 2491 2684; x_wconf 81' lang='lat' dir='ltr'><strong>Hoc</strong></span> <span class='ocrx_word' id='word_1_341' title='bbox 2528 2630 2757 2684; x_wconf 74' lang='lat' dir='ltr'><strong>maxime</strong></span> <span class='ocrx_word' id='word_1_342' title='bbox 2799 2630 3022 2682; x_wconf 79' lang='lat' dir='ltr'><strong>obsecro</strong></span> <span class='ocrx_word' id='word_1_343' title='bbox 3049 2636 3106 2679; x_wconf 93' lang='lat' dir='ltr'><strong>ut</strong></span> <span class='ocrx_word' id='word_1_344' title='bbox 3138 2630 3433 2683; x_wconf 87' lang='lat' dir='ltr'><strong>concordes</strong></span> <span class='ocrx_word' id='word_1_345' title='bbox 3478 2632 3597 2683; x_wconf 51' lang='lat' dir='ltr'><strong>sitis</strong></span> 
     </span>
    </p>
   </div>
   <div class='ocr_carea' id='block_1_58' title="bbox 2024 2717 3594 2789">
    <p class='ocr_par' dir='ltr' id='par_1_58' title="bbox 2024 2717 3594 2789">
     <span class='ocr_line' id='line_1_58' title="bbox 2024 2717 3594 2789; baseline -0.004 -12"><span class='ocrx_word' id='word_1_346' title='bbox 2024 2738 2144 2777; x_wconf 90' lang='lat' dir='ltr'><strong>cum</strong></span> <span class='ocrx_word' id='word_1_347' title='bbox 2193 2722 2432 2789; x_wconf 90' lang='lat' dir='ltr'><strong>piissimo</strong></span> <span class='ocrx_word' id='word_1_348' title='bbox 2462 2723 2486 2761; x_wconf 73' lang='grc' dir='ltr'><strong>ε</strong></span> <span class='ocrx_word' id='word_1_349' title='bbox 2524 2718 2682 2772; x_wconf 89' lang='lat' dir='ltr'><strong>Patre</strong></span> <span class='ocrx_word' id='word_1_350' title='bbox 2734 2726 2935 2781; x_wconf 85' lang='lat' dir='ltr'><strong>nostro,</strong></span> <span class='ocrx_word' id='word_1_351' title='bbox 2981 2725 3037 2770; x_wconf 92' lang='lat' dir='ltr'><strong>ct</strong></span> <span class='ocrx_word' id='word_1_352' title='bbox 3090 2717 3334 2771; x_wconf 89' lang='lat' dir='ltr'><strong>timorem</strong></span> <span class='ocrx_word' id='word_1_353' title='bbox 3385 2718 3594 2772; x_wconf 88' lang='lat' dir='ltr'><strong>Domini</strong></span> 
     </span>
    </p>
   </div>
   <div class='ocr_carea' id='block_1_59' title="bbox 2025 2796 3593 2877">
    <p class='ocr_par' dir='ltr' id='par_1_59' title="bbox 2025 2796 3593 2877">
     <span class='ocr_line' id='line_1_59' title="bbox 2025 2796 3593 2877; baseline -0.004 -11"><span class='ocrx_word' id='word_1_354' title='bbox 2025 2822 2148 2866; x_wconf 88' lang='lat' dir='ltr'><strong>ante</strong></span> <span class='ocrx_word' id='word_1_355' title='bbox 2188 2813 2370 2865; x_wconf 88' lang='lat' dir='ltr'><strong>oculos</strong></span> <span class='ocrx_word' id='word_1_356' title='bbox 2404 2812 2662 2872; x_wconf 87' lang='lat' dir='ltr'><strong>habeatis,</strong></span> <span class='ocrx_word' id='word_1_357' title='bbox 2694 2818 2748 2863; x_wconf 91' lang='lat' dir='ltr'><strong>et</strong></span> <span class='ocrx_word' id='word_1_358' title='bbox 2793 2810 2931 2876; x_wconf 90' lang='lat' dir='ltr'><strong>quod</strong></span> <span class='ocrx_word' id='word_1_359' title='bbox 2964 2809 3013 2861; x_wconf 90' lang='lat' dir='ltr'><strong>ei</strong></span> <span class='ocrx_word' id='word_1_360' title='bbox 3053 2808 3301 2875; x_wconf 89' lang='lat' dir='ltr'><strong>placitum</strong></span> <span class='ocrx_word' id='word_1_361' title='bbox 3345 2796 3593 2877; x_wconf 56' lang='lat' dir='ltr'><strong>speratis,</strong></span> 
     </span>
    </p>
   </div>
   <div class='ocr_carea' id='block_1_60' title="bbox 2025 2897 3596 2967">
    <p class='ocr_par' dir='ltr' id='par_1_60' title="bbox 2025 2897 3596 2967">
     <span class='ocr_line' id='line_1_60' title="bbox 2025 2897 3596 2967; baseline -0.003 -12"><span class='ocrx_word' id='word_1_362' title='bbox 2025 2903 2360 2955; x_wconf 81' lang='lat' dir='ltr'><strong>concorditer</strong></span> <span class='ocrx_word' id='word_1_363' title='bbox 2405 2899 2702 2967; x_wconf 85' lang='lat' dir='ltr'><strong>loquimini,</strong></span> <span class='ocrx_word' id='word_1_364' title='bbox 2751 2898 2979 2951; x_wconf 87' lang='lat' dir='ltr'><strong>viriliter</strong></span> <span class='ocrx_word' id='word_1_365' title='bbox 3026 2897 3335 2966; x_wconf 78' lang='lat' dir='ltr'><strong>perﬁciatis,</strong></span> <span class='ocrx_word' id='word_1_366' title='bbox 3368 2899 3596 2951; x_wconf 87' lang='lat' dir='ltr'><strong>lirmiter</strong></span> 
     </span>
    </p>
   </div>
   <div class='ocr_carea' id='block_1_61' title="bbox 2028 2989 3593 3057">
    <p class='ocr_par' dir='ltr' id='par_1_61' title="bbox 2028 2989 3593 3057">
     <span class='ocr_line' id='line_1_61' title="bbox 2028 2989 3593 3057; baseline -0.001 -14"><span class='ocrx_word' id='word_1_367' title='bbox 2028 2992 2322 3044; x_wconf 86' lang='lat' dir='ltr'><strong>retineatis.</strong></span> <span class='ocrx_word' id='word_1_368' title='bbox 2372 2989 2712 3057; x_wconf 74' lang='lat' dir='ltr'><strong>Nec-aliquis</strong></span> <span class='ocrx_word' id='word_1_369' title='bbox 2756 2997 2948 3041; x_wconf 74' lang='lat' dir='ltr'><strong>vestrm</strong></span> <span class='ocrx_word' id='word_1_370' title='bbox 2990 2989 3356 3041; x_wconf 89' lang='lat' dir='ltr'><strong>unanimitatis</strong></span> <span class='ocrx_word' id='word_1_371' title='bbox 3387 2990 3593 3042; x_wconf 81' lang='lat' dir='ltr'><strong>viscera</strong></span> 
     </span>
    </p>
   </div>
   <div class='ocr_carea' id='block_1_62' title="bbox 352 3076 3592 3153">
    <p class='ocr_par' dir='ltr' id='par_1_62' title="bbox 352 3076 3592 3153">
     <span class='ocr_line' id='line_1_62' title="bbox 352 3076 3592 3153; baseline -0.002 -19"><span class='ocrx_word' id='word_1_372' title='bbox 352 3106 485 3149; x_wconf 45' lang='lat' dir='ltr'><strong>ﬁnus</strong></span> <span class='ocrx_word' id='word_1_373' title='bbox 510 3088 768 3143; x_wconf 69' lang='lat' dir='ltr'><strong>efﬁciatur</strong></span> <span class='ocrx_word' id='word_1_374' title='bbox 792 3104 805 3141; x_wconf 73' lang='grc' dir='ltr'>ζ</span> <span class='ocrx_word' id='word_1_375' title='bbox 834 3088 1034 3142; x_wconf 77' lang='lat' dir='ltr'><strong>Bonum</strong></span> <span class='ocrx_word' id='word_1_376' title='bbox 1059 3100 1315 3143; x_wconf 69' lang='lat' dir='ltr'><strong>certamen</strong></span> <span class='ocrx_word' id='word_1_377' title='bbox 1344 3092 1553 3153; x_wconf 65' lang='lat' dir='ltr'><strong>cenavi,</strong></span> <span class='ocrx_word' id='word_1_378' title='bbox 1578 3107 1782 3143; x_wconf 61' lang='lat' dir='ltr'><strong>cursum</strong></span> <span class='ocrx_word' id='word_1_379' title='bbox 1805 3108 1925 3143; x_wconf 77' lang='grc' dir='ltr'><strong>εοη-</strong></span> <span class='ocrx_word' id='word_1_380' title='bbox 1955 3091 1995 3148; x_wconf 82' lang='lat' dir='ltr'>C</span> <span class='ocrx_word' id='word_1_381' title='bbox 2028 3081 2361 3148; x_wconf 87' lang='lat' dir='ltr'><strong>disrumpere</strong></span> <span class='ocrx_word' id='word_1_382' title='bbox 2405 3078 2596 3131; x_wconf 84' lang='lat' dir='ltr'><strong>valeat.</strong></span> <span class='ocrx_word' id='word_1_383' title='bbox 2645 3077 2967 3129; x_wconf 64' lang='grc' dir='ltr'><strong>(ὶοηδιέιηιρι-</strong></span> <span class='ocrx_word' id='word_1_384' title='bbox 3011 3085 3147 3130; x_wconf 84' lang='lat' dir='ltr'><strong>state</strong></span> <span class='ocrx_word' id='word_1_385' title='bbox 3181 3076 3232 3129; x_wconf 83' lang='grc' dir='ltr'>ἰιι</span> <span class='ocrx_word' id='word_1_386' title='bbox 3382 3079 3592 3137; x_wconf 66' lang='grc' dir='ltr'>ιὶιιειιισιε,</span> 
     </span>
    </p>
   </div>
   <div class='ocr_carea' id='block_1_63' title="bbox 350 3178 1923 3247">
    <p class='ocr_par' dir='ltr' id='par_1_63' title="bbox 350 3178 1923 3247">
     <span class='ocr_line' id='line_1_63' title="bbox 350 3178 1923 3247; baseline -0.001 -15"><span class='ocrx_word' id='word_1_387' title='bbox 350 3180 623 3241; x_wconf 75' lang='lat' dir='ltr'><strong>summaci,</strong></span> <span class='ocrx_word' id='word_1_388' title='bbox 652 3178 807 3245; x_wconf 79' lang='lat' dir='ltr'><strong>[idem</strong></span> <span class='ocrx_word' id='word_1_389' title='bbox 845 3180 1036 3231; x_wconf 77' lang='lat' dir='ltr'><strong>servari</strong></span> <span class='ocrx_word' id='word_1_390' title='bbox 1061 3194 1077 3230; x_wconf 91' lang='lat'><em>:</em></span> <span class='ocrx_word' id='word_1_391' title='bbox 1122 3180 1184 3230; x_wconf 86' lang='lat' dir='ltr'><strong>de</strong></span> <span class='ocrx_word' id='word_1_392' title='bbox 1218 3178 1410 3247; x_wconf 75' lang='lat' dir='ltr'><strong>reliquo</strong></span> <span class='ocrx_word' id='word_1_393' title='bbox 1451 3181 1669 3247; x_wconf 84' lang='lat' dir='ltr'><strong>reposita</strong></span> <span class='ocrx_word' id='word_1_394' title='bbox 1697 3188 1768 3231; x_wconf 84' lang='lat' dir='ltr'><strong>est</strong></span> <span class='ocrx_word' id='word_1_395' title='bbox 1800 3180 1923 3231; x_wconf 87' lang='lat' dir='ltr'><strong>mihi</strong></span> 
     </span>
    </p>
   </div>
   <div class='ocr_carea' id='block_1_64' title="bbox 351 3267 1920 3337">
    <p class='ocr_par' dir='ltr' id='par_1_64' title="bbox 351 3267 1920 3337">
     <span class='ocr_line' id='line_1_64' title="bbox 351 3267 1920 3337; baseline 0.002 -20"><span class='ocrx_word' id='word_1_396' title='bbox 351 3284 543 3319; x_wconf 82' lang='lat' dir='ltr'><strong>corona</strong></span> <span class='ocrx_word' id='word_1_397' title='bbox 560 3268 807 3335; x_wconf 76' lang='lat' dir='ltr'><strong>justitiw,</strong></span> <span class='ocrx_word' id='word_1_398' title='bbox 832 3284 985 3337; x_wconf 83' lang='lat' dir='ltr'><strong>quam</strong></span> <span class='ocrx_word' id='word_1_399' title='bbox 1010 3268 1179 3319; x_wconf 84' lang='lat' dir='ltr'><strong>reddet</strong></span> <span class='ocrx_word' id='word_1_400' title='bbox 1202 3270 1325 3320; x_wconf 78' lang='lat' dir='ltr'><strong>milii</strong></span> <span class='ocrx_word' id='word_1_401' title='bbox 1356 3267 1604 3321; x_wconf 79' lang='lat' dir='ltr'><strong>Dominus</strong></span> <span class='ocrx_word' id='word_1_402' title='bbox 1633 3270 1683 3319; x_wconf 89' lang='lat' dir='ltr'><strong>in</strong></span> <span class='ocrx_word' id='word_1_403' title='bbox 1707 3268 1795 3321; x_wconf 88' lang='lat' dir='ltr'><strong>illa</strong></span> <span class='ocrx_word' id='word_1_404' title='bbox 1818 3270 1920 3332; x_wconf 78' lang='lat' dir='ltr'><strong>die,</strong></span> 
     </span>
    </p>
   </div>
   <div class='ocr_carea' id='block_1_65' title="bbox 356 3353 1296 3423">
    <p class='ocr_par' dir='ltr' id='par_1_65' title="bbox 356 3353 1296 3423">
     <span class='ocr_line' id='line_1_65' title="bbox 356 3353 1296 3423; baseline 0.004 -20"><span class='ocrx_word' id='word_1_405' title='bbox 356 3356 523 3415; x_wconf 81' lang='lat' dir='ltr'><strong>iustus</strong></span> <span class='ocrx_word' id='word_1_406' title='bbox 548 3354 718 3421; x_wconf 75' lang='lat' dir='ltr'><strong>judea:</strong></span> <span class='ocrx_word' id='word_1_407' title='bbox 746 3353 829 3422; x_wconf 88' lang='lat' dir='ltr'><strong>(ll</strong></span> <span class='ocrx_word' id='word_1_408' title='bbox 860 3354 997 3406; x_wconf 86' lang='lat' dir='ltr'><strong>Tim.</strong></span> <span class='ocrx_word' id='word_1_409' title='bbox 1029 3370 1100 3417; x_wconf 87' lang='lat' dir='ltr'><strong>IV,</strong></span> <span class='ocrx_word' id='word_1_410' title='bbox 1128 3356 1184 3418; x_wconf 90' lang='lat'><strong>7,</strong></span> <span class='ocrx_word' id='word_1_411' title='bbox 1220 3355 1296 3423; x_wconf 80' lang='lat'><strong>8).</strong></span> 
     </span>
    </p>
   </div>
   <div class='ocr_carea' id='block_1_66' title="bbox 428 3422 1921 3511">
    <p class='ocr_par' dir='ltr' id='par_1_66' title="bbox 428 3422 1921 3511">
     <span class='ocr_line' id='line_1_66' title="bbox 428 3422 1921 3511; baseline 0.002 -19"><span class='ocrx_word' id='word_1_412' title='bbox 428 3441 628 3493; x_wconf 65' lang='lat' dir='ltr'><strong>Vestra:</strong></span> <span class='ocrx_word' id='word_1_413' title='bbox 658 3440 926 3508; x_wconf 72' lang='lat' dir='ltr'><strong>petitionis</strong></span> <span class='ocrx_word' id='word_1_414' title='bbox 952 3450 1004 3493; x_wconf 88' lang='lat' dir='ltr'><strong>et</strong></span> <span class='ocrx_word' id='word_1_415' title='bbox 1034 3422 1320 3505; x_wconf 65' lang='lat' dir='ltr'><strong>voluntatis</strong></span> <span class='ocrx_word' id='word_1_416' title='bbox 1347 3444 1413 3495; x_wconf 90' lang='lat' dir='ltr'><strong>ad</strong></span> <span class='ocrx_word' id='word_1_417' title='bbox 1426 3445 1698 3497; x_wconf 88' lang='lat' dir='ltr'><strong>dominum</strong></span> <span class='ocrx_word' id='word_1_418' title='bbox 1725 3459 1921 3511; x_wconf 77' lang='lat' dir='ltr'><strong>regem,</strong></span> 
     </span>
    </p>
   </div>
   <div class='ocr_carea' id='block_1_67' title="bbox 282 3527 1923 3600">
    <p class='ocr_par' dir='ltr' id='par_1_67' title="bbox 282 3527 1923 3600">
     <span class='ocr_line' id='line_1_67' title="bbox 282 3527 1923 3600; baseline 0.001 -20"><span class='ocrx_word' id='word_1_419' title='bbox 282 3555 286 3559; x_wconf 93' lang='lat'><strong><em>-</em></strong></span> <span class='ocrx_word' id='word_1_420' title='bbox 353 3538 615 3597; x_wconf 88' lang='lat' dir='ltr'><strong>quantum</strong></span> <span class='ocrx_word' id='word_1_421' title='bbox 656 3528 820 3591; x_wconf 87' lang='lat' dir='ltr'><strong>valui,</strong></span> <span class='ocrx_word' id='word_1_422' title='bbox 870 3527 942 3582; x_wconf 90' lang='lat' dir='ltr'><strong>fui</strong></span> <span class='ocrx_word' id='word_1_423' title='bbox 998 3530 1225 3597; x_wconf 88' lang='lat' dir='ltr'><strong>adjutor,</strong></span> <span class='ocrx_word' id='word_1_424' title='bbox 1277 3533 1566 3585; x_wconf 89' lang='lat' dir='ltr'><strong>secundum</strong></span> <span class='ocrx_word' id='word_1_425' title='bbox 1615 3533 1755 3600; x_wconf 89' lang='lat' dir='ltr'><strong>quod</strong></span> <span class='ocrx_word' id='word_1_426' title='bbox 1796 3533 1923 3584; x_wconf 89' lang='lat' dir='ltr'><strong>mihi</strong></span> 
     </span>
    </p>
   </div>
   <div class='ocr_carea' id='block_1_68' title="bbox 357 3608 1925 3689">
    <p class='ocr_par' dir='ltr' id='par_1_68' title="bbox 357 3608 1925 3689">
     <span class='ocr_line' id='line_1_68' title="bbox 357 3608 1925 3689; baseline 0.003 -20"><span class='ocrx_word' id='word_1_427' title='bbox 357 3619 708 3671; x_wconf 79' lang='lat' dir='ltr'><strong>fraternitatis</strong></span> <span class='ocrx_word' id='word_1_428' title='bbox 744 3627 934 3671; x_wconf 67' lang='lat' dir='ltr'><strong>vestra:</strong></span> <span class='ocrx_word' id='word_1_429' title='bbox 977 3608 1170 3673; x_wconf 82' lang='lat' dir='ltr'><strong>missus</strong></span> <span class='ocrx_word' id='word_1_430' title='bbox 1205 3621 1509 3689; x_wconf 73' lang='lat' dir='ltr'><strong>suggessit;</strong></span> <span class='ocrx_word' id='word_1_431' title='bbox 1559 3621 1793 3687; x_wconf 87' lang='lat' dir='ltr'><strong>mihique</strong></span> <span class='ocrx_word' id='word_1_432' title='bbox 1835 3621 1925 3673; x_wconf 84' lang='lat' dir='ltr'><strong>ad-</strong></span> 
     </span>
    </p>
   </div>
   <div class='ocr_carea' id='block_1_69' title="bbox 350 3705 1925 3774">
    <p class='ocr_par' dir='ltr' id='par_1_69' title="bbox 350 3705 1925 3774">
     <span class='ocr_line' id='line_1_69' title="bbox 350 3705 1925 3774; baseline -0.002 -13"><span class='ocrx_word' id='word_1_433' title='bbox 350 3707 604 3774; x_wconf 70' lang='lat' dir='ltr'><strong>iutricem</strong></span> <span class='ocrx_word' id='word_1_434' title='bbox 632 3718 652 3743; x_wconf 71' lang='grc' dir='ltr'><strong>ε</strong></span> <span class='ocrx_word' id='word_1_435' title='bbox 695 3705 1032 3773; x_wconf 79' lang='lat' dir='ltr'><strong>Liutgardam</strong></span> <span class='ocrx_word' id='word_1_436' title='bbox 1081 3708 1374 3774; x_wconf 86' lang='lat' dir='ltr'><strong>piissimam</strong></span> <span class='ocrx_word' id='word_1_437' title='bbox 1423 3708 1474 3759; x_wconf 90' lang='lat' dir='ltr'><strong>in</strong></span> <span class='ocrx_word' id='word_1_438' title='bbox 1525 3707 1632 3760; x_wconf 88' lang='lat' dir='ltr'><strong>Deo</strong></span> <span class='ocrx_word' id='word_1_439' title='bbox 1674 3706 1925 3759; x_wconf 85' lang='lat' dir='ltr'><strong>feminam</strong></span> 
     </span>
    </p>
   </div>
   <div class='ocr_carea' id='block_1_70' title="bbox 358 3795 1926 3855">
    <p class='ocr_par' dir='ltr' id='par_1_70' title="bbox 358 3795 1926 3855">
     <span class='ocr_line' id='line_1_70' title="bbox 358 3795 1926 3855; baseline 0.001 -7"><span class='ocrx_word' id='word_1_440' title='bbox 358 3797 571 3849; x_wconf 71' lang='lat' dir='ltr'><strong>adduxi.</strong></span> <span class='ocrx_word' id='word_1_441' title='bbox 602 3795 705 3847; x_wconf 79' lang='lat' dir='ltr'><strong>Sed</strong></span> <span class='ocrx_word' id='word_1_442' title='bbox 733 3797 1087 3855; x_wconf 80' lang='lat' dir='ltr'><strong>obsecramus,</strong></span> <span class='ocrx_word' id='word_1_443' title='bbox 1116 3805 1173 3849; x_wconf 88' lang='lat' dir='ltr'><strong>ut</strong></span> <span class='ocrx_word' id='word_1_444' title='bbox 1204 3797 1552 3849; x_wconf 88' lang='lat' dir='ltr'><strong>sanctissimis</strong></span> <span class='ocrx_word' id='word_1_445' title='bbox 1597 3796 1926 3849; x_wconf 80' lang='lat' dir='ltr'><strong>orationibus</strong></span> 
     </span>
    </p>
   </div>
   <div class='ocr_carea' id='block_1_71' title="bbox 359 3885 1925 3951">
    <p class='ocr_par' dir='ltr' id='par_1_71' title="bbox 359 3885 1925 3951">
     <span class='ocr_line' id='line_1_71' title="bbox 359 3885 1925 3951; baseline 0.001 -15"><span class='ocrx_word' id='word_1_446' title='bbox 359 3885 553 3937; x_wconf 88' lang='lat' dir='ltr'><strong>vestris</strong></span> <span class='ocrx_word' id='word_1_447' title='bbox 586 3894 827 3938; x_wconf 86' lang='lat' dir='ltr'><strong>nostrum</strong></span> <span class='ocrx_word' id='word_1_448' title='bbox 873 3900 967 3951; x_wconf 90' lang='lat' dir='ltr'><strong>pro</strong></span> <span class='ocrx_word' id='word_1_449' title='bbox 999 3885 1143 3937; x_wconf 83' lang='lat' dir='ltr'><strong>vobis</strong></span> <span class='ocrx_word' id='word_1_450' title='bbox 1190 3886 1424 3938; x_wconf 88' lang='lat' dir='ltr'><strong>laborem</strong></span> <span class='ocrx_word' id='word_1_451' title='bbox 1470 3900 1811 3938; x_wconf 86' lang='lat' dir='ltr'><strong>remunerare</strong></span> <span class='ocrx_word' id='word_1_452' title='bbox 1848 3886 1925 3937; x_wconf 90' lang='lat' dir='ltr'><strong>di-</strong></span> 
     </span>
    </p>
   </div>
   <div class='ocr_carea' id='block_1_72' title="bbox 360 3972 1927 4044">
    <p class='ocr_par' dir='ltr' id='par_1_72' title="bbox 360 3972 1927 4044">
     <span class='ocr_line' id='line_1_72' title="bbox 360 3972 1927 4044; baseline 0.002 -21"><span class='ocrx_word' id='word_1_453' title='bbox 360 3974 617 4040; x_wconf 78' lang='lat' dir='ltr'><strong>gnemini.</strong></span> <span class='ocrx_word' id='word_1_454' title='bbox 666 3972 797 4025; x_wconf 84' lang='lat' dir='ltr'><strong>Nam</strong></span> <span class='ocrx_word' id='word_1_455' title='bbox 827 3973 949 4025; x_wconf 89' lang='lat' dir='ltr'><strong>olim</strong></span> <span class='ocrx_word' id='word_1_456' title='bbox 974 3988 1067 4041; x_wconf 88' lang='lat' dir='ltr'><strong>per</strong></span> <span class='ocrx_word' id='word_1_457' title='bbox 1094 3974 1118 4013; x_wconf 73' lang='grc' dir='ltr'>ἀ</span> <span class='ocrx_word' id='word_1_458' title='bbox 1150 3973 1548 4043; x_wconf 78' lang='lat' dir='ltr'><strong>Angilramnum</strong></span> <span class='ocrx_word' id='word_1_459' title='bbox 1592 3975 1720 4042; x_wconf 73' lang='lat' dir='ltr'><strong>ML,</strong></span> <span class='ocrx_word' id='word_1_460' title='bbox 1750 3975 1927 4044; x_wconf 74' lang='lat' dir='ltr'><strong>Eligil-</strong></span> 
     </span>
    </p>
   </div>
   <div class='ocr_carea' id='block_1_73' title="bbox 362 4061 1925 4132">
    <p class='ocr_par' dir='ltr' id='par_1_73' title="bbox 362 4061 1925 4132">
     <span class='ocr_line' id='line_1_73' title="bbox 362 4061 1925 4132; baseline 0.001 -19"><span class='ocrx_word' id='word_1_461' title='bbox 362 4061 647 4131; x_wconf 85' lang='lat' dir='ltr'><strong>rammum]</strong></span> <span class='ocrx_word' id='word_1_462' title='bbox 690 4062 1143 4129; x_wconf 84' lang='lat' dir='ltr'><strong>archiepiscopum</strong></span> <span class='ocrx_word' id='word_1_463' title='bbox 1172 4073 1221 4116; x_wconf 90' lang='lat' dir='ltr'><strong>et</strong></span> <span class='ocrx_word' id='word_1_464' title='bbox 1262 4072 1456 4117; x_wconf 71' lang='lat' dir='ltr'><strong>sauctze</strong></span> <span class='ocrx_word' id='word_1_465' title='bbox 1497 4064 1710 4132; x_wconf 79' lang='lat' dir='ltr'><strong>capella:</strong></span> <span class='ocrx_word' id='word_1_466' title='bbox 1745 4064 1925 4131; x_wconf 89' lang='lat' dir='ltr'><strong>primi-</strong></span> 
     </span>
    </p>
   </div>
   <div class='ocr_carea' id='block_1_74' title="bbox 359 4152 1925 4219">
    <p class='ocr_par' dir='ltr' id='par_1_74' title="bbox 359 4152 1925 4219">
     <span class='ocr_line' id='line_1_74' title="bbox 359 4152 1925 4219; baseline -0.001 -14"><span class='ocrx_word' id='word_1_467' title='bbox 359 4152 563 4205; x_wconf 85' lang='lat' dir='ltr'><strong>cerium</strong></span> <span class='ocrx_word' id='word_1_468' title='bbox 594 4152 850 4219; x_wconf 86' lang='lat' dir='ltr'><strong>meipstnn</strong></span> <span class='ocrx_word' id='word_1_469' title='bbox 894 4161 1079 4205; x_wconf 79' lang='lat' dir='ltr'><strong>vestra:</strong></span> <span class='ocrx_word' id='word_1_470' title='bbox 1105 4154 1466 4206; x_wconf 82' lang='lat' dir='ltr'><strong>commendavi</strong></span> <span class='ocrx_word' id='word_1_471' title='bbox 1494 4154 1781 4206; x_wconf 87' lang='lat' dir='ltr'><strong>sanctitati.</strong></span> <span class='ocrx_word' id='word_1_472' title='bbox 1823 4153 1925 4206; x_wconf 81' lang='lat' dir='ltr'><strong>Sed</strong></span> 
     </span>
    </p>
   </div>
   <div class='ocr_carea' id='block_1_75' title="bbox 363 4240 1921 4311">
    <p class='ocr_par' dir='ltr' id='par_1_75' title="bbox 363 4240 1921 4311">
     <span class='ocr_line' id='line_1_75' title="bbox 363 4240 1921 4311; baseline -0.001 -16"><span class='ocrx_word' id='word_1_473' title='bbox 363 4242 520 4295; x_wconf 87' lang='lat' dir='ltr'><strong>modo</strong></span> <span class='ocrx_word' id='word_1_474' title='bbox 557 4242 713 4309; x_wconf 88' lang='lat' dir='ltr'><strong>quasi</strong></span> <span class='ocrx_word' id='word_1_475' title='bbox 753 4240 1075 4309; x_wconf 80' lang='lat' dir='ltr'><strong>singulorum</strong></span> <span class='ocrx_word' id='word_1_476' title='bbox 1105 4244 1326 4309; x_wconf 86' lang='lat' dir='ltr'><strong>genibus</strong></span> <span class='ocrx_word' id='word_1_477' title='bbox 1356 4241 1483 4311; x_wconf 74' lang='grc' dir='ltr'><strong>[Αι.,</strong></span> <span class='ocrx_word' id='word_1_478' title='bbox 1522 4242 1766 4311; x_wconf 75' lang='lat' dir='ltr'><strong>pedibus]</strong></span> <span class='ocrx_word' id='word_1_479' title='bbox 1800 4256 1921 4309; x_wconf 89' lang='lat' dir='ltr'><strong>pro-</strong></span> 
     </span>
    </p>
   </div>
   <div class='ocr_carea' id='block_1_76' title="bbox 365 4330 1927 4398">
    <p class='ocr_par' dir='ltr' id='par_1_76' title="bbox 365 4330 1927 4398">
     <span class='ocr_line' id='line_1_76' title="bbox 365 4330 1927 4398; baseline 0.003 -19"><span class='ocrx_word' id='word_1_480' title='bbox 365 4330 576 4383; x_wconf 88' lang='lat' dir='ltr'><strong>volutus</strong></span> <span class='ocrx_word' id='word_1_481' title='bbox 600 4332 843 4393; x_wconf 88' lang='lat' dir='ltr'><strong>obsccro,</strong></span> <span class='ocrx_word' id='word_1_482' title='bbox 874 4338 931 4382; x_wconf 91' lang='lat' dir='ltr'><strong>ut</strong></span> <span class='ocrx_word' id='word_1_483' title='bbox 952 4345 1035 4383; x_wconf 87' lang='lat' dir='ltr'><strong>me</strong></span> <span class='ocrx_word' id='word_1_484' title='bbox 1063 4330 1115 4383; x_wconf 91' lang='lat' dir='ltr'><strong>in</strong></span> <span class='ocrx_word' id='word_1_485' title='bbox 1152 4330 1306 4398; x_wconf 83' lang='lat' dir='ltr'><strong>hujus</strong></span> <span class='ocrx_word' id='word_1_486' title='bbox 1354 4332 1474 4383; x_wconf 79' lang='lat' dir='ltr'><strong>vita:</strong></span> <span class='ocrx_word' id='word_1_487' title='bbox 1525 4331 1637 4384; x_wconf 89' lang='lat' dir='ltr'><strong>salo</strong></span> <span class='ocrx_word' id='word_1_488' title='bbox 1668 4330 1927 4384; x_wconf 87' lang='lat' dir='ltr'><strong>ﬂuctuan—</strong></span> 
     </span>
    </p>
   </div>
   <div class='ocr_carea' id='block_1_77' title="bbox 2025 3165 3590 3234">
    <p class='ocr_par' dir='ltr' id='par_1_77' title="bbox 2025 3165 3590 3234">
     <span class='ocr_line' id='line_1_77' title="bbox 2025 3165 3590 3234; baseline -0.003 -13"><span class='ocrx_word' id='word_1_489' title='bbox 2025 3170 2150 3221; x_wconf 87' lang='lat' dir='ltr'><strong>dum</strong></span> <span class='ocrx_word' id='word_1_490' title='bbox 2181 3167 2268 3220; x_wconf 90' lang='lat' dir='ltr'><strong>ille</strong></span> <span class='ocrx_word' id='word_1_491' title='bbox 2310 3165 2727 3220; x_wconf 88' lang='lat' dir='ltr'><strong>misericorditer</strong></span> <span class='ocrx_word' id='word_1_492' title='bbox 2755 3175 2987 3219; x_wconf 87' lang='lat' dir='ltr'><strong>vestrum</strong></span> <span class='ocrx_word' id='word_1_493' title='bbox 3030 3167 3273 3234; x_wconf 74' lang='lat' dir='ltr'><strong>pnevidit</strong></span> <span class='ocrx_word' id='word_1_494' title='bbox 3318 3169 3590 3226; x_wconf 87' lang='lat' dir='ltr'><strong>honorem,</strong></span> 
     </span>
    </p>
   </div>
   <div class='ocr_carea' id='block_1_78' title="bbox 2023 3256 3593 3325">
    <p class='ocr_par' dir='ltr' id='par_1_78' title="bbox 2023 3256 3593 3325">
     <span class='ocr_line' id='line_1_78' title="bbox 2023 3256 3593 3325; baseline -0.001 -16"><span class='ocrx_word' id='word_1_495' title='bbox 2023 3259 2115 3325; x_wconf 92' lang='lat' dir='ltr'><strong>qui</strong></span> <span class='ocrx_word' id='word_1_496' title='bbox 2162 3272 2431 3325; x_wconf 88' lang='lat' dir='ltr'><strong>nunquam</strong></span> <span class='ocrx_word' id='word_1_497' title='bbox 2486 3256 2705 3308; x_wconf 90' lang='lat' dir='ltr'><strong>dimittit</strong></span> <span class='ocrx_word' id='word_1_498' title='bbox 2752 3263 3029 3322; x_wconf 86' lang='lat' dir='ltr'><strong>sperantes</strong></span> <span class='ocrx_word' id='word_1_499' title='bbox 3077 3256 3126 3307; x_wconf 89' lang='lat' dir='ltr'><strong>in</strong></span> <span class='ocrx_word' id='word_1_500' title='bbox 3172 3271 3247 3309; x_wconf 87' lang='lat' dir='ltr'><strong>se.</strong></span> <span class='ocrx_word' id='word_1_501' title='bbox 3306 3256 3497 3323; x_wconf 83' lang='lat' dir='ltr'><strong>Siqua</strong></span> <span class='ocrx_word' id='word_1_502' title='bbox 3540 3257 3593 3309; x_wconf 91' lang='lat' dir='ltr'><strong>in</strong></span> 
     </span>
    </p>
   </div>
   <div class='ocr_carea' id='block_1_79' title="bbox 2024 3345 3591 3418">
    <p class='ocr_par' dir='ltr' id='par_1_79' title="bbox 2024 3345 3591 3418">
     <span class='ocr_line' id='line_1_79' title="bbox 2024 3345 3591 3418; baseline 0 -19"><span class='ocrx_word' id='word_1_503' title='bbox 2024 3348 2261 3400; x_wconf 88' lang='lat' dir='ltr'><strong>moribus</strong></span> <span class='ocrx_word' id='word_1_504' title='bbox 2286 3347 2531 3399; x_wconf 70' lang='lat' dir='ltr'><strong>humana:</strong></span> <span class='ocrx_word' id='word_1_505' title='bbox 2550 3345 2971 3398; x_wconf 81' lang='lat' dir='ltr'><strong>conversationis</strong></span> <span class='ocrx_word' id='word_1_506' title='bbox 2994 3345 3131 3397; x_wconf 91' lang='lat' dir='ltr'><strong>inter</strong></span> <span class='ocrx_word' id='word_1_507' title='bbox 3159 3360 3252 3399; x_wconf 91' lang='lat' dir='ltr'><strong>vos</strong></span> <span class='ocrx_word' id='word_1_508' title='bbox 3276 3348 3591 3418; x_wconf 51' lang='lat' dir='ltr'><strong>corrigenda</strong></span> 
     </span>
    </p>
   </div>
   <div class='ocr_carea' id='block_1_80' title="bbox 2026 3436 3594 3505">
    <p class='ocr_par' dir='ltr' id='par_1_80' title="bbox 2026 3436 3594 3505">
     <span class='ocr_line' id='line_1_80' title="bbox 2026 3436 3594 3505; baseline -0.001 -16"><span class='ocrx_word' id='word_1_509' title='bbox 2026 3447 2166 3499; x_wconf 91' lang='lat' dir='ltr'><strong>sunt,</strong></span> <span class='ocrx_word' id='word_1_510' title='bbox 2197 3437 2356 3490; x_wconf 85' lang='lat' dir='ltr'><strong>citius</strong></span> <span class='ocrx_word' id='word_1_511' title='bbox 2381 3451 2502 3489; x_wconf 91' lang='lat' dir='ltr'><strong>cum</strong></span> <span class='ocrx_word' id='word_1_512' title='bbox 2525 3436 2669 3489; x_wconf 76' lang='lat' dir='ltr'><strong>omni</strong></span> <span class='ocrx_word' id='word_1_513' title='bbox 2697 3436 2945 3487; x_wconf 87' lang='lat' dir='ltr'><strong>instantia</strong></span> <span class='ocrx_word' id='word_1_514' title='bbox 2972 3437 3244 3503; x_wconf 74' lang='lat' dir='ltr'><strong>corrigite,</strong></span> <span class='ocrx_word' id='word_1_515' title='bbox 3278 3445 3335 3488; x_wconf 91' lang='lat' dir='ltr'><strong>ut</strong></span> <span class='ocrx_word' id='word_1_516' title='bbox 3366 3438 3594 3505; x_wconf 64' lang='grc' dir='ltr'>δνὶιήιιιτς</span> 
     </span>
    </p>
   </div>
   <div class='ocr_carea' id='block_1_81' title="bbox 2027 3526 3590 3592">
    <p class='ocr_par' dir='ltr' id='par_1_81' title="bbox 2027 3526 3590 3592">
     <span class='ocr_line' id='line_1_81' title="bbox 2027 3526 3590 3592; baseline 0 -13"><span class='ocrx_word' id='word_1_517' title='bbox 2027 3528 2233 3580; x_wconf 89' lang='lat' dir='ltr'><strong>Domini</strong></span> <span class='ocrx_word' id='word_1_518' title='bbox 2276 3535 2490 3579; x_wconf 84' lang='lat' dir='ltr'><strong>sanctus</strong></span> <span class='ocrx_word' id='word_1_519' title='bbox 2538 3526 2809 3578; x_wconf 86' lang='lat' dir='ltr'><strong>vobiscum</strong></span> <span class='ocrx_word' id='word_1_520' title='bbox 2862 3538 3077 3578; x_wconf 84' lang='lat' dir='ltr'><strong>manere</strong></span> <span class='ocrx_word' id='word_1_521' title='bbox 3120 3526 3385 3592; x_wconf 82' lang='lat' dir='ltr'><strong>d&#39;gnetur.</strong></span> <span class='ocrx_word' id='word_1_522' title='bbox 3436 3527 3498 3577; x_wconf 76' lang='lat' dir='ltr'><strong>l-It</strong></span> <span class='ocrx_word' id='word_1_523' title='bbox 3548 3530 3590 3579; x_wconf 76' lang='lat' dir='ltr'><strong>si</strong></span> 
     </span>
    </p>
   </div>
   <div class='ocr_carea' id='block_1_82' title="bbox 2029 3604 3593 3684">
    <p class='ocr_par' dir='ltr' id='par_1_82' title="bbox 2029 3604 3593 3684">
     <span class='ocr_line' id='line_1_82' title="bbox 2029 3604 3593 3684; baseline 0 -15"><span class='ocrx_word' id='word_1_524' title='bbox 2029 3618 2186 3679; x_wconf 83' lang='lat' dir='ltr'><strong>Deus,</strong></span> <span class='ocrx_word' id='word_1_525' title='bbox 2218 3618 2307 3684; x_wconf 91' lang='lat' dir='ltr'><strong>qui</strong></span> <span class='ocrx_word' id='word_1_526' title='bbox 2334 3618 2500 3669; x_wconf 72' lang='lat' dir='ltr'><strong>dixit:</strong></span> <span class='ocrx_word' id='word_1_527' title='bbox 2551 3614 2650 3667; x_wconf 82' lang='lat' dir='ltr'><strong>Ubi</strong></span> <span class='ocrx_word' id='word_1_528' title='bbox 2672 3626 2787 3666; x_wconf 81' lang='lat' dir='ltr'><strong>sunt</strong></span> <span class='ocrx_word' id='word_1_529' title='bbox 2830 3617 2932 3666; x_wconf 87' lang='lat' dir='ltr'><strong>duo</strong></span> <span class='ocrx_word' id='word_1_530' title='bbox 2975 3617 3050 3668; x_wconf 75' lang='lat' dir='ltr'><strong>re!</strong></span> <span class='ocrx_word' id='word_1_531' title='bbox 3092 3625 3191 3667; x_wconf 86' lang='lat' dir='ltr'><strong>tres</strong></span> <span class='ocrx_word' id='word_1_532' title='bbox 3222 3604 3593 3684; x_wconf 54' lang='lat' dir='ltr'><strong>congregatim</strong></span> 
     </span>
    </p>
   </div>
   <div class='ocr_carea' id='block_1_83' title="bbox 2026 3704 3589 3772">
    <p class='ocr_par' dir='ltr' id='par_1_83' title="bbox 2026 3704 3589 3772">
     <span class='ocr_line' id='line_1_83' title="bbox 2026 3704 3589 3772; baseline 0.001 -17"><span class='ocrx_word' id='word_1_533' title='bbox 2026 3706 2227 3756; x_wconf 87' lang='lat' dir='ltr'><strong>nomine</strong></span> <span class='ocrx_word' id='word_1_534' title='bbox 2267 3721 2397 3765; x_wconf 82' lang='lat' dir='ltr'><strong>meo,</strong></span> <span class='ocrx_word' id='word_1_535' title='bbox 2430 3704 2498 3754; x_wconf 81' lang='lat' dir='ltr'><strong>ibi</strong></span> <span class='ocrx_word' id='word_1_536' title='bbox 2524 3719 2635 3754; x_wconf 83' lang='lat' dir='ltr'><strong>sunt</strong></span> <span class='ocrx_word' id='word_1_537' title='bbox 2664 3704 2714 3753; x_wconf 87' lang='lat' dir='ltr'><strong>in</strong></span> <span class='ocrx_word' id='word_1_538' title='bbox 2742 3704 2909 3754; x_wconf 82' lang='lat' dir='ltr'><strong>medio</strong></span> <span class='ocrx_word' id='word_1_539' title='bbox 2945 3704 3155 3770; x_wconf 77' lang='lat' dir='ltr'><strong>(Matth.</strong></span> <span class='ocrx_word' id='word_1_540' title='bbox 3189 3720 3342 3765; x_wconf 74' lang='lat' dir='ltr'><strong>xvm,</strong></span> <span class='ocrx_word' id='word_1_541' title='bbox 3373 3705 3463 3772; x_wconf 70' lang='lat'><strong>20)</strong></span> <span class='ocrx_word' id='word_1_542' title='bbox 3490 3722 3502 3768; x_wconf 90' lang='lat'><strong>;</strong></span> <span class='ocrx_word' id='word_1_543' title='bbox 3544 3708 3589 3757; x_wconf 71' lang='lat' dir='ltr'><strong>si</strong></span> 
     </span>
    </p>
   </div>
   <div class='ocr_carea' id='block_1_84' title="bbox 1978 3790 3597 3861">
    <p class='ocr_par' dir='ltr' id='par_1_84' title="bbox 1978 3790 3597 3861">
     <span class='ocr_line' id='line_1_84' title="bbox 1978 3790 3597 3861; baseline 0 -16"><span class='ocrx_word' id='word_1_544' title='bbox 1978 3792 1989 3797; x_wconf 78' lang='grc'><em>’</em></span> <span class='ocrx_word' id='word_1_545' title='bbox 2026 3794 2129 3851; x_wconf 79' lang='lat' dir='ltr'><strong>ille,</strong></span> <span class='ocrx_word' id='word_1_546' title='bbox 2159 3796 2390 3861; x_wconf 90' lang='lat' dir='ltr'><strong>inquam,</strong></span> <span class='ocrx_word' id='word_1_547' title='bbox 2421 3792 2471 3845; x_wconf 92' lang='lat' dir='ltr'><strong>in</strong></span> <span class='ocrx_word' id='word_1_548' title='bbox 2496 3791 2645 3844; x_wconf 89' lang='lat' dir='ltr'><strong>vobis</strong></span> <span class='ocrx_word' id='word_1_549' title='bbox 2665 3800 2765 3852; x_wconf 89' lang='lat' dir='ltr'><strong>est,</strong></span> <span class='ocrx_word' id='word_1_550' title='bbox 2789 3790 2907 3857; x_wconf 85' lang='lat' dir='ltr'><strong>quis</strong></span> <span class='ocrx_word' id='word_1_551' title='bbox 2930 3800 3113 3843; x_wconf 88' lang='lat' dir='ltr'><strong>contra</strong></span> <span class='ocrx_word' id='word_1_552' title='bbox 3138 3792 3267 3845; x_wconf 87' lang='lat' dir='ltr'><strong>vos?</strong></span> <span class='ocrx_word' id='word_1_553' title='bbox 3297 3792 3361 3844; x_wconf 76' lang='lat' dir='ltr'><strong>Et</strong></span> <span class='ocrx_word' id='word_1_554' title='bbox 3380 3794 3422 3844; x_wconf 90' lang='lat' dir='ltr'><strong>si</strong></span> <span class='ocrx_word' id='word_1_555' title='bbox 3444 3808 3597 3845; x_wconf 70' lang='lat' dir='ltr'><strong>arnor</strong></span> 
     </span>
    </p>
   </div>
   <div class='ocr_carea' id='block_1_85' title="bbox 2026 3879 3595 3947">
    <p class='ocr_par' dir='ltr' id='par_1_85' title="bbox 2026 3879 3595 3947">
     <span class='ocr_line' id='line_1_85' title="bbox 2026 3879 3595 3947; baseline -0.001 -13"><span class='ocrx_word' id='word_1_556' title='bbox 2026 3882 2166 3935; x_wconf 92' lang='lat' dir='ltr'><strong>illius</strong></span> <span class='ocrx_word' id='word_1_557' title='bbox 2184 3884 2234 3934; x_wconf 90' lang='lat' dir='ltr'><strong>in</strong></span> <span class='ocrx_word' id='word_1_558' title='bbox 2262 3881 2420 3935; x_wconf 89' lang='lat' dir='ltr'><strong>corde</strong></span> <span class='ocrx_word' id='word_1_559' title='bbox 2446 3888 2622 3933; x_wconf 86' lang='lat' dir='ltr'><strong>vestro</strong></span> <span class='ocrx_word' id='word_1_560' title='bbox 2644 3880 2812 3939; x_wconf 89' lang='lat' dir='ltr'><strong>ardet,</strong></span> <span class='ocrx_word' id='word_1_561' title='bbox 2840 3880 2961 3947; x_wconf 88' lang='lat' dir='ltr'><strong>quis</strong></span> <span class='ocrx_word' id='word_1_562' title='bbox 2987 3879 3137 3931; x_wconf 88' lang='lat' dir='ltr'><strong>vobis</strong></span> <span class='ocrx_word' id='word_1_563' title='bbox 3157 3894 3346 3932; x_wconf 83' lang='lat' dir='ltr'><strong>noeere</strong></span> <span class='ocrx_word' id='word_1_564' title='bbox 3363 3882 3595 3946; x_wconf 77' lang='lat' dir='ltr'><strong>poterit“!</strong></span> 
     </span>
    </p>
   </div>
   <div class='ocr_carea' id='block_1_86' title="bbox 2030 3966 3585 4035">
    <p class='ocr_par' dir='ltr' id='par_1_86' title="bbox 2030 3966 3585 4035">
     <span class='ocr_line' id='line_1_86' title="bbox 2030 3966 3585 4035; baseline -0.001 -16"><span class='ocrx_word' id='word_1_565' title='bbox 2030 3968 2245 4021; x_wconf 83' lang='lat' dir='ltr'><strong>llabetis</strong></span> <span class='ocrx_word' id='word_1_566' title='bbox 2288 3977 2500 4021; x_wconf 88' lang='lat' dir='ltr'><strong>sanctos</strong></span> <span class='ocrx_word' id='word_1_567' title='bbox 2542 3966 2633 4019; x_wconf 78' lang='lat' dir='ltr'><strong>Dei</strong></span> <span class='ocrx_word' id='word_1_568' title='bbox 2674 3968 2726 4018; x_wconf 93' lang='lat' dir='ltr'><strong>in</strong></span> <span class='ocrx_word' id='word_1_569' title='bbox 2756 3967 2897 4018; x_wconf 89' lang='lat' dir='ltr'><strong>omni</strong></span> <span class='ocrx_word' id='word_1_570' title='bbox 2944 3968 3081 4019; x_wconf 91' lang='lat' dir='ltr'><strong>bono</strong></span> <span class='ocrx_word' id='word_1_571' title='bbox 3108 3980 3268 4035; x_wconf 87' lang='lat' dir='ltr'><strong>opere</strong></span> <span class='ocrx_word' id='word_1_572' title='bbox 3294 3966 3585 4032; x_wconf 67' lang='lat' dir='ltr'><strong>adjutores,</strong></span> 
     </span>
    </p>
   </div>
   <div class='ocr_carea' id='block_1_87' title="bbox 2027 4057 3587 4124">
    <p class='ocr_par' dir='ltr' id='par_1_87' title="bbox 2027 4057 3587 4124">
     <span class='ocr_line' id='line_1_87' title="bbox 2027 4057 3587 4124; baseline -0.005 -11"><span class='ocrx_word' id='word_1_573' title='bbox 2027 4061 2070 4113; x_wconf 92' lang='lat' dir='ltr'><strong>si</strong></span> <span class='ocrx_word' id='word_1_574' title='bbox 2114 4068 2417 4113; x_wconf 87' lang='lat' dir='ltr'><strong>sanctorum</strong></span> <span class='ocrx_word' id='word_1_575' title='bbox 2449 4058 2671 4124; x_wconf 82' lang='lat' dir='ltr'><strong>vestigia</strong></span> <span class='ocrx_word' id='word_1_576' title='bbox 2709 4057 2857 4123; x_wconf 88' lang='lat' dir='ltr'><strong>sequi</strong></span> <span class='ocrx_word' id='word_1_577' title='bbox 2909 4065 3018 4109; x_wconf 84' lang='lat' dir='ltr'><strong>to‘a</strong></span> <span class='ocrx_word' id='word_1_578' title='bbox 3066 4058 3263 4110; x_wconf 86' lang='lat' dir='ltr'><strong>virtute</strong></span> <span class='ocrx_word' id='word_1_579' title='bbox 3309 4058 3587 4110; x_wconf 72' lang='lat' dir='ltr'><strong>stuileatis.</strong></span> 
     </span>
    </p>
   </div>
   <div class='ocr_carea' id='block_1_88' title="bbox 2029 4147 3595 4214">
    <p class='ocr_par' dir='ltr' id='par_1_88' title="bbox 2029 4147 3595 4214">
     <span class='ocr_line' id='line_1_88' title="bbox 2029 4147 3595 4214; baseline -0.003 -13"><span class='ocrx_word' id='word_1_580' title='bbox 2029 4149 2365 4209; x_wconf 83' lang='lat' dir='ltr'><strong>Mementote,</strong></span> <span class='ocrx_word' id='word_1_581' title='bbox 2404 4148 2588 4214; x_wconf 89' lang='lat' dir='ltr'><strong>quales</strong></span> <span class='ocrx_word' id='word_1_582' title='bbox 2614 4147 2894 4199; x_wconf 87' lang='lat' dir='ltr'><strong>habuimus</strong></span> <span class='ocrx_word' id='word_1_583' title='bbox 2927 4149 3132 4207; x_wconf 85' lang='lat' dir='ltr'><strong>Patres,</strong></span> <span class='ocrx_word' id='word_1_584' title='bbox 3165 4147 3254 4213; x_wconf 93' lang='lat' dir='ltr'><strong>qui</strong></span> <span class='ocrx_word' id='word_1_585' title='bbox 3284 4161 3379 4198; x_wconf 90' lang='lat' dir='ltr'><strong>nos</strong></span> <span class='ocrx_word' id='word_1_586' title='bbox 3402 4162 3595 4214; x_wconf 58' lang='lat' dir='ltr'><strong>genae.</strong></span> 
     </span>
    </p>
   </div>
   <div class='ocr_carea' id='block_1_89' title="bbox 2028 4236 3593 4305">
    <p class='ocr_par' dir='ltr' id='par_1_89' title="bbox 2028 4236 3593 4305">
     <span class='ocr_line' id='line_1_89' title="bbox 2028 4236 3593 4305; baseline 0 -15"><span class='ocrx_word' id='word_1_587' title='bbox 2028 4248 2152 4305; x_wconf 82' lang='lat' dir='ltr'><strong>runt</strong></span> <span class='ocrx_word' id='word_1_588' title='bbox 2193 4238 2245 4291; x_wconf 90' lang='lat' dir='ltr'><strong>in</strong></span> <span class='ocrx_word' id='word_1_589' title='bbox 2290 4236 2532 4291; x_wconf 90' lang='lat' dir='ltr'><strong>Domino.</strong></span> <span class='ocrx_word' id='word_1_590' title='bbox 2570 4236 2781 4288; x_wconf 88' lang='lat' dir='ltr'><strong>Illorum</strong></span> <span class='ocrx_word' id='word_1_591' title='bbox 2818 4237 3138 4289; x_wconf 76' lang='lat' dir='ltr'><strong>:emulamini</strong></span> <span class='ocrx_word' id='word_1_592' title='bbox 3176 4238 3363 4301; x_wconf 86' lang='lat' dir='ltr'><strong>vitam,</strong></span> <span class='ocrx_word' id='word_1_593' title='bbox 3389 4247 3445 4290; x_wconf 91' lang='lat' dir='ltr'><strong>ut</strong></span> <span class='ocrx_word' id='word_1_594' title='bbox 3472 4254 3593 4291; x_wconf 78' lang='lat' dir='ltr'><strong>cum</strong></span> 
     </span>
    </p>
   </div>
   <div class='ocr_carea' id='block_1_90' title="bbox 2028 4316 3590 4393">
    <p class='ocr_par' dir='ltr' id='par_1_90' title="bbox 2028 4316 3590 4393">
     <span class='ocr_line' id='line_1_90' title="bbox 2028 4316 3590 4393; baseline -0.001 -13"><span class='ocrx_word' id='word_1_595' title='bbox 2028 4329 2131 4382; x_wconf 91' lang='lat' dir='ltr'><strong>illis</strong></span> <span class='ocrx_word' id='word_1_596' title='bbox 2156 4337 2367 4382; x_wconf 71' lang='lat' dir='ltr'><strong>mternre</strong></span> <span class='ocrx_word' id='word_1_597' title='bbox 2395 4327 2735 4381; x_wconf 89' lang='lat' dir='ltr'><strong>beatitudinis</strong></span> <span class='ocrx_word' id='word_1_598' title='bbox 2780 4327 3067 4393; x_wconf 90' lang='lat' dir='ltr'><strong>participes</strong></span> <span class='ocrx_word' id='word_1_599' title='bbox 3090 4340 3132 4379; x_wconf 89' lang='lat' dir='ltr'><strong>e.</strong></span> <span class='ocrx_word' id='word_1_600' title='bbox 3150 4316 3209 4380; x_wconf 86' lang='lat' dir='ltr'><strong>se</strong></span> <span class='ocrx_word' id='word_1_601' title='bbox 3238 4329 3547 4381; x_wconf 86' lang='lat' dir='ltr'><strong>mercamini</strong></span> <span class='ocrx_word' id='word_1_602' title='bbox 3578 4347 3590 4388; x_wconf 85' lang='lat'><strong>;</strong></span> 
     </span>
    </p>
   </div>
   <div class='ocr_carea' id='block_1_91' title="bbox 367 4401 3683 4486">
    <p class='ocr_par' dir='ltr' id='par_1_91' title="bbox 367 4401 3683 4486">
     <span class='ocr_line' id='line_1_91' title="bbox 367 4401 3683 4486; baseline 0 -16"><span class='ocrx_word' id='word_1_603' title='bbox 367 4427 469 4470; x_wconf 81' lang='lat' dir='ltr'><strong>tem</strong></span> <span class='ocrx_word' id='word_1_604' title='bbox 508 4417 722 4484; x_wconf 82' lang='lat' dir='ltr'><strong>pietatis</strong></span> <span class='ocrx_word' id='word_1_605' title='bbox 765 4419 1008 4484; x_wconf 85' lang='lat' dir='ltr'><strong>precibus</strong></span> <span class='ocrx_word' id='word_1_606' title='bbox 1043 4419 1109 4470; x_wconf 88' lang='lat' dir='ltr'><strong>ad</strong></span> <span class='ocrx_word' id='word_1_607' title='bbox 1154 4427 1363 4485; x_wconf 91' lang='lat' dir='ltr'><strong>portum</strong></span> <span class='ocrx_word' id='word_1_608' title='bbox 1402 4427 1667 4486; x_wconf 72' lang='lat' dir='ltr'><strong>perpetua:</strong></span> <span class='ocrx_word' id='word_1_609' title='bbox 1705 4418 1916 4485; x_wconf 89' lang='lat' dir='ltr'><strong>quietis,</strong></span> <span class='ocrx_word' id='word_1_610' title='bbox 1948 4420 1997 4477; x_wconf 91' lang='lat' dir='ltr'><strong>D</strong></span> <span class='ocrx_word' id='word_1_611' title='bbox 2026 4419 2233 4486; x_wconf 88' lang='lat' dir='ltr'><strong>meique</strong></span> <span class='ocrx_word' id='word_1_612' title='bbox 2259 4432 2521 4471; x_wconf 85' lang='lat' dir='ltr'><strong>memores</strong></span> <span class='ocrx_word' id='word_1_613' title='bbox 2558 4417 2611 4469; x_wconf 88' lang='lat' dir='ltr'><strong>in</strong></span> <span class='ocrx_word' id='word_1_614' title='bbox 2654 4417 2854 4470; x_wconf 86' lang='lat' dir='ltr'><strong>sanctis</strong></span> <span class='ocrx_word' id='word_1_615' title='bbox 2880 4418 3209 4471; x_wconf 88' lang='lat' dir='ltr'><strong>orationibus</strong></span> <span class='ocrx_word' id='word_1_616' title='bbox 3236 4418 3423 4469; x_wconf 82' lang='lat' dir='ltr'><strong>vestris</strong></span> <span class='ocrx_word' id='word_1_617' title='bbox 3454 4419 3591 4477; x_wconf 81' lang='lat' dir='ltr'><strong>sitis,</strong></span> <span class='ocrx_word' id='word_1_618' title='bbox 3678 4401 3683 4406; x_wconf 55' lang='grc'><strong>’</strong></span> 
     </span>
    </p>
   </div>
   <div class='ocr_carea' id='block_1_92' title="bbox 435 4524 1929 4595">
    <p class='ocr_par' dir='ltr' id='par_1_92' title="bbox 435 4524 1929 4595">
     <span class='ocr_line' id='line_1_92' title="bbox 435 4524 1929 4595; baseline 0 -18"><span class='ocrx_word' id='word_1_619' title='bbox 435 4526 545 4594; x_wconf 78' lang='grc'><strong>28</strong></span> <span class='ocrx_word' id='word_1_620' title='bbox 571 4538 595 4564; x_wconf 68' lang='grc'><strong><em>³</em></strong></span> <span class='ocrx_word' id='word_1_621' title='bbox 625 4524 763 4577; x_wconf 85' lang='lat' dir='ltr'><strong>Edit.</strong></span> <span class='ocrx_word' id='word_1_622' title='bbox 791 4524 1034 4595; x_wconf 82' lang='lat' dir='ltr'><strong>Quercet.</strong></span> <span class='ocrx_word' id='word_1_623' title='bbox 1060 4525 1145 4586; x_wconf 88' lang='lat'><strong>79,</strong></span> <span class='ocrx_word' id='word_1_624' title='bbox 1183 4524 1359 4579; x_wconf 86' lang='lat' dir='ltr'><strong>Canis.</strong></span> <span class='ocrx_word' id='word_1_625' title='bbox 1388 4527 1476 4586; x_wconf 75' lang='lat'><strong>25,</strong></span> <span class='ocrx_word' id='word_1_626' title='bbox 1502 4526 1731 4579; x_wconf 83' lang='lat' dir='ltr'><strong>Froben.</strong></span> <span class='ocrx_word' id='word_1_627' title='bbox 1764 4528 1844 4578; x_wconf 84' lang='lat' dir='ltr'><strong>l7.</strong></span> <span class='ocrx_word' id='word_1_628' title='bbox 1924 4590 1929 4595; x_wconf 23' lang='lat'>,</span> 
     </span>
    </p>
   </div>
   <div class='ocr_carea' id='block_1_93' title="bbox 440 4593 1915 4649">
    <p class='ocr_par' dir='ltr' id='par_1_93' title="bbox 440 4593 1915 4649">
     <span class='ocr_line' id='line_1_93' title="bbox 440 4593 1915 4649; baseline -0.001 -2"><span class='ocrx_word' id='word_1_629' title='bbox 440 4593 480 4634; x_wconf 72' lang='grc' dir='ltr'><em>υ</em></span> <span class='ocrx_word' id='word_1_630' title='bbox 508 4593 765 4647; x_wconf 76' lang='lat' dir='ltr'><strong>Usualdo.</strong></span> <span class='ocrx_word' id='word_1_631' title='bbox 816 4593 924 4646; x_wconf 83' lang='lat' dir='ltr'><strong>Hoc</strong></span> <span class='ocrx_word' id='word_1_632' title='bbox 976 4594 1188 4645; x_wconf 88' lang='lat' dir='ltr'><strong>nomine</strong></span> <span class='ocrx_word' id='word_1_633' title='bbox 1235 4608 1353 4646; x_wconf 90' lang='lat' dir='ltr'><strong>cum</strong></span> <span class='ocrx_word' id='word_1_634' title='bbox 1400 4604 1607 4647; x_wconf 88' lang='lat' dir='ltr'><strong>careret</strong></span> <span class='ocrx_word' id='word_1_635' title='bbox 1650 4596 1768 4647; x_wconf 90' lang='lat' dir='ltr'><strong>cod.</strong></span> <span class='ocrx_word' id='word_1_636' title='bbox 1818 4610 1915 4649; x_wconf 90' lang='lat' dir='ltr'><strong>ms.</strong></span> 
     </span>
    </p>
   </div>
   <div class='ocr_carea' id='block_1_94' title="bbox 369 4663 1921 4732">
    <p class='ocr_par' dir='ltr' id='par_1_94' title="bbox 369 4663 1921 4732">
     <span class='ocr_line' id='line_1_94' title="bbox 369 4663 1921 4732; baseline -0.001 -14"><span class='ocrx_word' id='word_1_637' title='bbox 369 4664 849 4723; x_wconf 82' lang='lat' dir='ltr'><strong>Sanet-Gallensis,</strong></span> <span class='ocrx_word' id='word_1_638' title='bbox 901 4663 1144 4716; x_wconf 74' lang='lat' dir='ltr'><strong>Canisius</strong></span> <span class='ocrx_word' id='word_1_639' title='bbox 1198 4664 1473 4717; x_wconf 86' lang='lat' dir='ltr'><strong>dubitabat</strong></span> <span class='ocrx_word' id='word_1_640' title='bbox 1528 4679 1651 4715; x_wconf 90' lang='lat' dir='ltr'><strong>num</strong></span> <span class='ocrx_word' id='word_1_641' title='bbox 1698 4678 1921 4732; x_wconf 79' lang='lat' dir='ltr'><strong>congre-</strong></span> 
     </span>
    </p>
   </div>
   <div class='ocr_carea' id='block_1_95' title="bbox 403 4732 1921 4799">
    <p class='ocr_par' dir='ltr' id='par_1_95' title="bbox 403 4732 1921 4799">
     <span class='ocr_line' id='line_1_95' title="bbox 403 4732 1921 4799; baseline 0.001 -15"><span class='ocrx_word' id='word_1_642' title='bbox 403 4734 511 4784; x_wconf 87' lang='lat' dir='ltr'><strong>atio</strong></span> <span class='ocrx_word' id='word_1_643' title='bbox 560 4732 728 4785; x_wconf 87' lang='lat' dir='ltr'><strong>sancti</strong></span> <span class='ocrx_word' id='word_1_644' title='bbox 786 4732 1076 4785; x_wconf 86' lang='lat' dir='ltr'><strong>Salvatoris</strong></span> <span class='ocrx_word' id='word_1_645' title='bbox 1125 4732 1253 4785; x_wconf 90' lang='lat' dir='ltr'><strong>illud</strong></span> <span class='ocrx_word' id='word_1_646' title='bbox 1300 4734 1369 4785; x_wconf 90' lang='lat' dir='ltr'><strong>sit</strong></span> <span class='ocrx_word' id='word_1_647' title='bbox 1419 4733 1730 4795; x_wconf 82' lang='lat' dir='ltr'><strong>oratorium,</strong></span> <span class='ocrx_word' id='word_1_648' title='bbox 1781 4733 1921 4799; x_wconf 91' lang='lat' dir='ltr'><strong>quod</strong></span> 
     </span>
    </p>
   </div>
   <div class='ocr_carea' id='block_1_96' title="bbox 370 4749 1922 4879">
    <p class='ocr_par' dir='ltr' id='par_1_96' title="bbox 370 4749 1922 4879">
     <span class='ocr_line' id='line_1_96' title="bbox 403 4749 1921 4799; baseline 0.001 -15"><span class='ocrx_word' id='word_1_649' title='bbox 403 4749 511 4784; x_wconf 86' lang='lat' dir='ltr'><strong>auo</strong></span> <span class='ocrx_word' id='word_1_650' title='bbox 560 4749 728 4785; x_wconf 81' lang='lat' dir='ltr'><strong>sancti</strong></span> <span class='ocrx_word' id='word_1_651' title='bbox 787 4749 1076 4785; x_wconf 71' lang='lat' dir='ltr'><strong>DulVﬂlOl‘lS</strong></span> <span class='ocrx_word' id='word_1_652' title='bbox 1125 4749 1253 4785; x_wconf 83' lang='lat' dir='ltr'><strong>inuu</strong></span> <span class='ocrx_word' id='word_1_653' title='bbox 1300 4749 1369 4785; x_wconf 90' lang='lat' dir='ltr'><strong>sn.</strong></span> <span class='ocrx_word' id='word_1_654' title='bbox 1419 4749 1730 4795; x_wconf 81' lang='lat' dir='ltr'><strong>oratorium,</strong></span> <span class='ocrx_word' id='word_1_655' title='bbox 1781 4749 1921 4799; x_wconf 85' lang='lat' dir='ltr'><strong>quoa</strong></span> 
     </span>
     <span class='ocr_line' id='line_1_97' title="bbox 370 4749 1922 4879; baseline -0.001 -26"><span class='ocrx_word' id='word_1_656' title='bbox 370 4749 863 4879; x_wconf 35' lang='lat' dir='ltr'><strong>friutprandusrex,</strong></span> <span class='ocrx_word' id='word_1_657' title='bbox 895 4808 1033 4879; x_wconf 10' lang='lat' dir='ltr'><strong>tester</strong></span> <span class='ocrx_word' id='word_1_658' title='bbox 1073 4802 1236 4879; x_wconf 62' lang='lat' dir='ltr'><strong>Petro</strong></span> <span class='ocrx_word' id='word_1_659' title='bbox 1270 4800 1497 4879; x_wconf 72' lang='lat' dir='ltr'><strong>Qldrado</strong></span> <span class='ocrx_word' id='word_1_660' title='bbox 1527 4800 1922 4879; x_wconf 68' lang='lat' dir='ltr'><strong>archiepiscopo</strong></span> 
     </span>
    </p>
   </div>
   <div class='ocr_carea' id='block_1_97' title="bbox 373 4867 1917 4939">
    <p class='ocr_par' dir='ltr' id='par_1_97' title="bbox 373 4867 1917 4939">
     <span class='ocr_line' id='line_1_98' title="bbox 373 4867 1917 4939; baseline 0.001 -18"><span class='ocrx_word' id='word_1_661' title='bbox 373 4867 843 4939; x_wconf 68' lang='lat' dir='ltr'><strong>Blediolanensi__in</strong></span> <span class='ocrx_word' id='word_1_662' title='bbox 884 4869 1127 4939; x_wconf 71' lang='lat' dir='ltr'><strong>epistola</strong></span> <span class='ocrx_word' id='word_1_663' title='bbox 1172 4871 1239 4923; x_wconf 87' lang='lat' dir='ltr'><strong>ad</strong></span> <span class='ocrx_word' id='word_1_664' title='bbox 1283 4869 1529 4939; x_wconf 82' lang='lat' dir='ltr'><strong>Carolum</strong></span> <span class='ocrx_word' id='word_1_665' title='bbox 1575 4867 1819 4939; x_wconf 81' lang='lat' dir='ltr'><strong>Magnum</strong></span> <span class='ocrx_word' id='word_1_666' title='bbox 1857 4867 1917 4923; x_wconf 76' lang='lat' dir='ltr'><strong>in</strong></span> 
     </span>
    </p>
   </div>
   <div class='ocr_carea' id='block_1_98' title="bbox 370 4935 1920 5006">
    <p class='ocr_par' dir='ltr' id='par_1_98' title="bbox 370 4935 1920 5006">
     <span class='ocr_line' id='line_1_99' title="bbox 370 4935 1920 5006; baseline 0.001 -18"><span class='ocrx_word' id='word_1_667' title='bbox 370 4938 562 5006; x_wconf 82' lang='lat' dir='ltr'><strong>palatio</strong></span> <span class='ocrx_word' id='word_1_668' title='bbox 589 4951 705 5006; x_wconf 8' lang='lat' dir='ltr'><strong>suo?</strong></span> <span class='ocrx_word' id='word_1_669' title='bbox 728 4935 898 5006; x_wconf 65' lang='lat' dir='ltr'><strong>Ticini</strong></span> <span class='ocrx_word' id='word_1_670' title='bbox 924 4936 977 4988; x_wconf 90' lang='lat' dir='ltr'><strong>in</strong></span> <span class='ocrx_word' id='word_1_671' title='bbox 1009 4938 1262 4991; x_wconf 87' lang='lat' dir='ltr'><strong>honorem</strong></span> <span class='ocrx_word' id='word_1_672' title='bbox 1303 4938 1593 4993; x_wconf 84' lang='lat' dir='ltr'><strong>Salvatoris</strong></span> <span class='ocrx_word' id='word_1_673' title='bbox 1622 4935 1801 4992; x_wconf 63' lang='lat' dir='ltr'><strong>m&#39;undi</strong></span> <span class='ocrx_word' id='word_1_674' title='bbox 1829 4953 1920 4991; x_wconf 79' lang='lat' dir='ltr'><strong>ex-</strong></span> 
     </span>
    </p>
   </div>
   <div class='ocr_carea' id='block_1_99' title="bbox 369 5003 1923 5063">
    <p class='ocr_par' dir='ltr' id='par_1_99' title="bbox 369 5003 1923 5063">
     <span class='ocr_line' id='line_1_100' title="bbox 369 5003 1923 5063; baseline -0.001 -2"><span class='ocrx_word' id='word_1_675' title='bbox 369 5003 580 5061; x_wconf 76' lang='lat' dir='ltr'><strong>struxit.</strong></span> <span class='ocrx_word' id='word_1_676' title='bbox 611 5003 941 5059; x_wconf 76' lang='lat' dir='ltr'><strong>Mabillonius</strong></span> <span class='ocrx_word' id='word_1_677' title='bbox 967 5012 1142 5059; x_wconf 86' lang='lat' dir='ltr'><strong>tamen</strong></span> <span class='ocrx_word' id='word_1_678' title='bbox 1166 5006 1257 5060; x_wconf 90' lang='lat' dir='ltr'><strong>lib.</strong></span> <span class='ocrx_word' id='word_1_679' title='bbox 1289 5022 1412 5060; x_wconf 71' lang='lat' dir='ltr'><strong>xxv:</strong></span> <span class='ocrx_word' id='word_1_680' title='bbox 1445 5009 1632 5063; x_wconf 82' lang='lat' dir='ltr'><strong>Annal.</strong></span> <span class='ocrx_word' id='word_1_681' title='bbox 1674 5024 1725 5059; x_wconf 91' lang='lat' dir='ltr'><strong>n.</strong></span> <span class='ocrx_word' id='word_1_682' title='bbox 1753 5007 1786 5059; x_wconf 90' lang='lat'>8</span> <span class='ocrx_word' id='word_1_683' title='bbox 1812 5008 1923 5059; x_wconf 82' lang='lat' dir='ltr'><strong>nul—</strong></span> 
     </span>
    </p>
   </div>
   <div class='ocr_carea' id='block_1_100' title="bbox 369 5072 1920 5144">
    <p class='ocr_par' dir='ltr' id='par_1_100' title="bbox 369 5072 1920 5144">
     <span class='ocr_line' id='line_1_101' title="bbox 369 5072 1920 5144; baseline -0.001 -15"><span class='ocrx_word' id='word_1_684' title='bbox 369 5078 447 5131; x_wconf 90' lang='lat' dir='ltr'><strong>lus</strong></span> <span class='ocrx_word' id='word_1_685' title='bbox 474 5075 702 5144; x_wconf 82' lang='lat' dir='ltr'><strong>dubitat,</strong></span> <span class='ocrx_word' id='word_1_686' title='bbox 722 5073 849 5144; x_wconf 85' lang='lat' dir='ltr'><strong>quin</strong></span> <span class='ocrx_word' id='word_1_687' title='bbox 890 5073 975 5144; x_wconf 86' lang='lat' dir='ltr'><strong>hic</strong></span> <span class='ocrx_word' id='word_1_688' title='bbox 1014 5072 1283 5144; x_wconf 70' lang='lat' dir='ltr'><strong>Usualdps</strong></span> <span class='ocrx_word' id='word_1_689' title='bbox 1312 5075 1395 5128; x_wconf 36' lang='lat' dir='ltr'><strong>sit.</strong></span> <span class='ocrx_word' id='word_1_690' title='bbox 1421 5077 1584 5129; x_wconf 86' lang='lat' dir='ltr'><strong>abbas</strong></span> <span class='ocrx_word' id='word_1_691' title='bbox 1613 5077 1920 5130; x_wconf 86' lang='lat' dir='ltr'><strong>monasterii</strong></span> 
     </span>
    </p>
   </div>
   <div class='ocr_carea' id='block_1_101' title="bbox 368 5140 1921 5212">
    <p class='ocr_par' dir='ltr' id='par_1_101' title="bbox 368 5140 1921 5212">
     <span class='ocr_line' id='line_1_102' title="bbox 368 5140 1921 5212; baseline -0.001 -15"><span class='ocrx_word' id='word_1_692' title='bbox 368 5144 535 5199; x_wconf 72' lang='lat' dir='ltr'><strong>sancti</strong></span> <span class='ocrx_word' id='word_1_693' title='bbox 581 5140 950 5212; x_wconf 76' lang='lat' dir='ltr'><strong>Salvatorisin</strong></span> <span class='ocrx_word' id='word_1_694' title='bbox 977 5151 1155 5195; x_wconf 84' lang='lat' dir='ltr'><strong>monte</strong></span> <span class='ocrx_word' id='word_1_695' title='bbox 1194 5140 1404 5198; x_wconf 72' lang='lat' dir='ltr'><strong>Amiato</strong></span> <span class='ocrx_word' id='word_1_696' title='bbox 1445 5159 1605 5212; x_wconf 90' lang='lat' dir='ltr'><strong>prope</strong></span> <span class='ocrx_word' id='word_1_697' title='bbox 1648 5143 1921 5197; x_wconf 89' lang='lat' dir='ltr'><strong>Clusinum</strong></span> 
     </span>
    </p>
   </div>
   <div class='ocr_carea' id='block_1_102' title="bbox 368 5211 1923 5267">
    <p class='ocr_par' dir='ltr' id='par_1_102' title="bbox 368 5211 1923 5267">
     <span class='ocr_line' id='line_1_103' title="bbox 368 5211 1923 5267; baseline 0 -1"><span class='ocrx_word' id='word_1_698' title='bbox 368 5214 594 5267; x_wconf 66' lang='lat' dir='ltr'><strong>Etruria</strong></span> <span class='ocrx_word' id='word_1_699' title='bbox 619 5213 829 5267; x_wconf 83' lang='lat' dir='ltr'><strong>urbem.</strong></span> <span class='ocrx_word' id='word_1_700' title='bbox 861 5211 977 5265; x_wconf 80' lang='lat' dir='ltr'><strong>Alia</strong></span> <span class='ocrx_word' id='word_1_701' title='bbox 1024 5219 1199 5263; x_wconf 87' lang='lat' dir='ltr'><strong>tamen</strong></span> <span class='ocrx_word' id='word_1_702' title='bbox 1245 5212 1373 5264; x_wconf 85' lang='lat' dir='ltr'><strong>olim</strong></span> <span class='ocrx_word' id='word_1_703' title='bbox 1418 5214 1531 5264; x_wconf 84' lang='lat' dir='ltr'><strong>viro</strong></span> <span class='ocrx_word' id='word_1_704' title='bbox 1576 5214 1923 5266; x_wconf 77' lang='lat' dir='ltr'><strong>celeberrimo</strong></span> 
     </span>
    </p>
   </div>
   <div class='ocr_carea' id='block_1_103' title="bbox 368 5278 1931 5351">
    <p class='ocr_par' dir='ltr' id='par_1_103' title="bbox 368 5278 1931 5351">
     <span class='ocr_line' id='line_1_104' title="bbox 368 5278 1931 5351; baseline 0 -16"><span class='ocrx_word' id='word_1_705' title='bbox 368 5282 828 5351; x_wconf 26' lang='lat' dir='ltr'><strong>stetitﬂsententia,</strong></span> <span class='ocrx_word' id='word_1_706' title='bbox 855 5282 978 5351; x_wconf 77' lang='lat' dir='ltr'><strong>dum</strong></span> <span class='ocrx_word' id='word_1_707' title='bbox 1001 5280 1121 5333; x_wconf 77' lang='lat' dir='ltr'><strong>Act.</strong></span> <span class='ocrx_word' id='word_1_708' title='bbox 1166 5278 1266 5331; x_wconf 86' lang='lat' dir='ltr'><strong>SS.</strong></span> <span class='ocrx_word' id='word_1_709' title='bbox 1622 5298 1691 5341; x_wconf 82' lang='lat' dir='ltr'><strong>IV,</strong></span> <span class='ocrx_word' id='word_1_710' title='bbox 1718 5288 1858 5351; x_wconf 84' lang='lat' dir='ltr'><strong>part.</strong></span> <span class='ocrx_word' id='word_1_711' title='bbox 1890 5299 1931 5346; x_wconf 83' lang='lat'><strong>1,</strong></span> 
     </span>
    </p>
   </div>
   <div class='ocr_carea' id='block_1_104' title="bbox 365 5349 1931 5420">
    <p class='ocr_par' dir='ltr' id='par_1_104' title="bbox 365 5349 1931 5420">
     <span class='ocr_line' id='line_1_105' title="bbox 365 5349 1931 5420; baseline 0 -17"><span class='ocrx_word' id='word_1_712' title='bbox 365 5364 481 5420; x_wconf 76' lang='lat' dir='ltr'><strong>pag.</strong></span> <span class='ocrx_word' id='word_1_713' title='bbox 504 5350 634 5414; x_wconf 82' lang='lat'><strong>575,</strong></span> <span class='ocrx_word' id='word_1_714' title='bbox 666 5349 962 5420; x_wconf 77' lang='lat' dir='ltr'><strong>Usualdum</strong></span> <span class='ocrx_word' id='word_1_715' title='bbox 987 5358 1224 5420; x_wconf 74' lang='lat' dir='ltr'><strong>nostrum</strong></span> <span class='ocrx_word' id='word_1_716' title='bbox 1249 5350 1473 5420; x_wconf 75' lang='lat' dir='ltr'><strong>credidit</strong></span> <span class='ocrx_word' id='word_1_717' title='bbox 1498 5349 1659 5402; x_wconf 90' lang='lat' dir='ltr'><strong>fuisse</strong></span> <span class='ocrx_word' id='word_1_718' title='bbox 1686 5349 1931 5403; x_wconf 86' lang='lat' dir='ltr'><strong>abbatem</strong></span> 
     </span>
    </p>
   </div>
   <div class='ocr_carea' id='block_1_105' title="bbox 367 5414 1928 5485">
    <p class='ocr_par' dir='ltr' id='par_1_105' title="bbox 367 5414 1928 5485">
     <span class='ocr_line' id='line_1_106' title="bbox 367 5414 1928 5485; baseline -0.002 -13"><span class='ocrx_word' id='word_1_719' title='bbox 367 5414 676 5475; x_wconf 69' lang='lat' dir='ltr'><strong>monasterii</strong></span> <span class='ocrx_word' id='word_1_720' title='bbox 708 5419 881 5472; x_wconf 76' lang='lat' dir='ltr'><strong>sancti</strong></span> <span class='ocrx_word' id='word_1_721' title='bbox 920 5416 1301 5485; x_wconf 13' lang='lat' dir='ltr'><strong>Naborisiapud</strong></span> <span class='ocrx_word' id='word_1_722' title='bbox 1325 5414 1607 5481; x_wconf 78' lang='lat' dir='ltr'><strong>Metenses,</strong></span> <span class='ocrx_word' id='word_1_723' title='bbox 1630 5421 1768 5485; x_wconf 81' lang='lat' dir='ltr'><strong>quod</strong></span> <span class='ocrx_word' id='word_1_724' title='bbox 1793 5420 1928 5471; x_wconf 87' lang='lat' dir='ltr'><strong>anti-</strong></span> 
     </span>
    </p>
   </div>
   <div class='ocr_carea' id='block_1_106' title="bbox 362 5484 1928 5558">
    <p class='ocr_par' dir='ltr' id='par_1_106' title="bbox 362 5484 1928 5558">
     <span class='ocr_line' id='line_1_107' title="bbox 362 5484 1928 5558; baseline -0.002 -15"><span class='ocrx_word' id='word_1_725' title='bbox 362 5491 538 5558; x_wconf 82' lang='lat' dir='ltr'><strong>quitus</strong></span> <span class='ocrx_word' id='word_1_726' title='bbox 574 5486 883 5558; x_wconf 65' lang='lat' dir='ltr'><strong>Cella-nova</strong></span> <span class='ocrx_word' id='word_1_727' title='bbox 923 5487 1087 5558; x_wconf 72' lang='lat' dir='ltr'><strong>sancti</strong></span> <span class='ocrx_word' id='word_1_728' title='bbox 1130 5484 1412 5558; x_wconf 74' lang='lat' dir='ltr'><strong>Saluatoris</strong></span> <span class='ocrx_word' id='word_1_729' title='bbox 1453 5484 1761 5558; x_wconf 75' lang='lat' dir='ltr'><strong>dicebatur;</strong></span> <span class='ocrx_word' id='word_1_730' title='bbox 1810 5502 1928 5558; x_wconf 73' lang='lat' dir='ltr'><strong>qnze</strong></span> 
     </span>
    </p>
   </div>
   <div class='ocr_carea' id='block_1_107' title="bbox 359 5554 1924 5629">
    <p class='ocr_par' dir='ltr' id='par_1_107' title="bbox 359 5554 1924 5629">
     <span class='ocr_line' id='line_1_108' title="bbox 359 5554 1924 5629; baseline -0.004 -15"><span class='ocrx_word' id='word_1_731' title='bbox 359 5554 534 5629; x_wconf 78' lang='lat' dir='ltr'><strong>opinio</strong></span> <span class='ocrx_word' id='word_1_732' title='bbox 563 5554 1326 5629; x_wconf 58' lang='lat' dir='ltr'><strong>roburaceipitevmemoria</strong></span> <span class='ocrx_word' id='word_1_733' title='bbox 1357 5554 1663 5621; x_wconf 73' lang='lat' dir='ltr'><strong>Angihanzi,</strong></span> <span class='ocrx_word' id='word_1_734' title='bbox 1693 5558 1779 5623; x_wconf 92' lang='lat' dir='ltr'><strong>qui</strong></span> <span class='ocrx_word' id='word_1_735' title='bbox 1824 5557 1924 5607; x_wconf 84' lang='lat' dir='ltr'><strong>Mc-</strong></span> 
     </span>
    </p>
   </div>
   <div class='ocr_carea' id='block_1_108' title="bbox 360 5622 1473 5690">
    <p class='ocr_par' dir='ltr' id='par_1_108' title="bbox 360 5622 1473 5690">
     <span class='ocr_line' id='line_1_109' title="bbox 360 5622 1473 5690; baseline -0.013 -4"><span class='ocrx_word' id='word_1_736' title='bbox 360 5622 522 5686; x_wconf 63' lang='lat' dir='ltr'><strong>:ensis</strong></span> <span class='ocrx_word' id='word_1_737' title='bbox 544 5624 801 5683; x_wconf 72' lang='lat' dir='ltr'><strong>eodes&#39;u:</strong></span> <span class='ocrx_word' id='word_1_738' title='bbox 829 5623 1258 5690; x_wconf 80' lang='lat' dir='ltr'><strong>archiepiscopus</strong></span> <span class='ocrx_word' id='word_1_739' title='bbox 1286 5622 1473 5673; x_wconf 87' lang='lat' dir='ltr'><strong>fuerat.</strong></span> 
     </span>
    </p>
   </div>
   <div class='ocr_carea' id='block_1_109' title="bbox 2093 4525 3590 4595">
    <p class='ocr_par' dir='ltr' id='par_1_109' title="bbox 2093 4525 3590 4595">
     <span class='ocr_line' id='line_1_110' title="bbox 2093 4525 3590 4595; baseline 0.003 -18"><span class='ocrx_word' id='word_1_740' title='bbox 2093 4538 2114 4564; x_wconf 75' lang='grc' dir='ltr'>ε</span> <span class='ocrx_word' id='word_1_741' title='bbox 2146 4527 2506 4595; x_wconf 85' lang='lat' dir='ltr'><strong>Liutgardam,</strong></span> <span class='ocrx_word' id='word_1_742' title='bbox 2538 4534 2802 4595; x_wconf 77' lang='lat' dir='ltr'><strong>quartam,</strong></span> <span class='ocrx_word' id='word_1_743' title='bbox 2837 4534 2955 4593; x_wconf 90' lang='lat' dir='ltr'><strong>post</strong></span> <span class='ocrx_word' id='word_1_744' title='bbox 2981 4527 3181 4578; x_wconf 89' lang='lat' dir='ltr'><strong>obitum</strong></span> <span class='ocrx_word' id='word_1_745' title='bbox 3206 4525 3477 4579; x_wconf 65' lang='lat' dir='ltr'><strong>Fastradas</strong></span> <span class='ocrx_word' id='word_1_746' title='bbox 3509 4545 3590 4581; x_wconf 88' lang='lat' dir='ltr'><strong>re-</strong></span> 
     </span>
    </p>
   </div>
   <div class='ocr_carea' id='block_1_110' title="bbox 2021 4594 3594 4663">
    <p class='ocr_par' dir='ltr' id='par_1_110' title="bbox 2021 4594 3594 4663">
     <span class='ocr_line' id='line_1_111' title="bbox 2021 4594 3594 4663; baseline 0.001 -15"><span class='ocrx_word' id='word_1_747' title='bbox 2021 4596 2173 4663; x_wconf 68' lang='lat' dir='ltr'><strong>ginte,</strong></span> <span class='ocrx_word' id='word_1_748' title='bbox 2213 4594 2386 4648; x_wconf 71' lang='lat' dir='ltr'><strong>(Iaroli</strong></span> <span class='ocrx_word' id='word_1_749' title='bbox 2418 4596 2542 4661; x_wconf 87' lang='lat' dir='ltr'><strong>imp.</strong></span> <span class='ocrx_word' id='word_1_750' title='bbox 2594 4594 2889 4663; x_wconf 79' lang='lat' dir='ltr'><strong>eonjugem,</strong></span> <span class='ocrx_word' id='word_1_751' title='bbox 2935 4609 3052 4661; x_wconf 79' lang='lat' dir='ltr'><strong>quae</strong></span> <span class='ocrx_word' id='word_1_752' title='bbox 3090 4595 3319 4649; x_wconf 87' lang='lat' dir='ltr'><strong>Turonis</strong></span> <span class='ocrx_word' id='word_1_753' title='bbox 3340 4596 3473 4648; x_wconf 91' lang='lat' dir='ltr'><strong>obiit</strong></span> <span class='ocrx_word' id='word_1_754' title='bbox 3499 4613 3594 4649; x_wconf 90' lang='lat' dir='ltr'><strong>an-</strong></span> 
     </span>
    </p>
   </div>
   <div class='ocr_carea' id='block_1_111' title="bbox 1989 4657 2739 4731">
    <p class='ocr_par' dir='ltr' id='par_1_111' title="bbox 1989 4657 2739 4731">
     <span class='ocr_line' id='line_1_112' title="bbox 1989 4657 2739 4731; baseline -0.004 -13"><span class='ocrx_word' id='word_1_755' title='bbox 1989 4657 1996 4663; x_wconf 34' lang='lat'><em>.</em></span> <span class='ocrx_word' id='word_1_756' title='bbox 2022 4657 2092 4718; x_wconf 75' lang='grc' dir='ltr'>ἧο</span> <span class='ocrx_word' id='word_1_757' title='bbox 2123 4664 2228 4718; x_wconf 85' lang='grc' dir='ltr'><strong>8υο</strong></span> <span class='ocrx_word' id='word_1_758' title='bbox 2257 4664 2469 4726; x_wconf 76' lang='lat' dir='ltr'><strong>(Annal.</strong></span> <span class='ocrx_word' id='word_1_759' title='bbox 2492 4657 2739 4731; x_wconf 62' lang='lat' dir='ltr'><strong>Frena).</strong></span> 
     </span>
    </p>
   </div>
   <div class='ocr_carea' id='block_1_112' title="bbox 2090 4733 3593 4801">
    <p class='ocr_par' dir='ltr' id='par_1_112' title="bbox 2090 4733 3593 4801">
     <span class='ocr_line' id='line_1_113' title="bbox 2090 4733 3593 4801; baseline 0.001 -16"><span class='ocrx_word' id='word_1_760' title='bbox 2090 4733 2113 4770; x_wconf 74' lang='grc' dir='ltr'>ἀ</span> <span class='ocrx_word' id='word_1_761' title='bbox 2157 4734 2570 4800; x_wconf 80' lang='lat' dir='ltr'><strong>Angilrumnum,</strong></span> <span class='ocrx_word' id='word_1_762' title='bbox 2619 4734 2922 4801; x_wconf 86' lang='lat' dir='ltr'><strong>episcopum</strong></span> <span class='ocrx_word' id='word_1_763' title='bbox 2972 4733 3279 4795; x_wconf 81' lang='lat' dir='ltr'><strong>Metensem,</strong></span> <span class='ocrx_word' id='word_1_764' title='bbox 3329 4734 3419 4800; x_wconf 92' lang='lat' dir='ltr'><strong>qui</strong></span> <span class='ocrx_word' id='word_1_765' title='bbox 3460 4735 3593 4786; x_wconf 86' lang='lat' dir='ltr'><strong>obiit</strong></span> 
     </span>
    </p>
   </div>
   <div class='ocr_carea' id='block_1_113' title="bbox 2020 4801 2489 4855">
    <p class='ocr_par' dir='ltr' id='par_1_113' title="bbox 2020 4801 2489 4855">
     <span class='ocr_line' id='line_1_114' title="bbox 2020 4801 2489 4855; baseline -0.009 0"><span class='ocrx_word' id='word_1_766' title='bbox 2020 4817 2161 4855; x_wconf 90' lang='lat' dir='ltr'><strong>anno</strong></span> <span class='ocrx_word' id='word_1_767' title='bbox 2190 4803 2281 4855; x_wconf 80' lang='lat' dir='ltr'><strong>&#39;79l</strong></span> <span class='ocrx_word' id='word_1_768' title='bbox 2298 4840 2310 4852; x_wconf 95' lang='lat'><strong>.</strong></span> <span class='ocrx_word' id='word_1_769' title='bbox 2342 4801 2489 4854; x_wconf 66' lang='lat' dir='ltr'><strong>Pam.</strong></span> 
     </span>
    </p>
   </div>
   <div class='ocr_carea' id='block_1_114' title="bbox 2099 4869 3285 4934">
    <p class='ocr_par' dir='ltr' id='par_1_114' title="bbox 2099 4869 3285 4934">
     <span class='ocr_line' id='line_1_115' title="bbox 2099 4869 3285 4934; baseline -0.003 -11"><span class='ocrx_word' id='word_1_770' title='bbox 2099 4882 2122 4908; x_wconf 74' lang='grc' dir='ltr'>ε</span> <span class='ocrx_word' id='word_1_771' title='bbox 2148 4872 2283 4923; x_wconf 82' lang='lat' dir='ltr'><strong>Edit.</strong></span> <span class='ocrx_word' id='word_1_772' title='bbox 2308 4869 2553 4934; x_wconf 88' lang='lat' dir='ltr'><strong>Qucrcet.</strong></span> <span class='ocrx_word' id='word_1_773' title='bbox 2592 4872 2655 4924; x_wconf 83' lang='lat'><strong>87</strong></span> <span class='ocrx_word' id='word_1_774' title='bbox 2688 4886 2752 4923; x_wconf 78' lang='lat' dir='ltr'><strong>ex</strong></span> <span class='ocrx_word' id='word_1_775' title='bbox 2783 4886 2908 4932; x_wconf 86' lang='lat' dir='ltr'><strong>ms.,</strong></span> <span class='ocrx_word' id='word_1_776' title='bbox 2944 4870 3169 4922; x_wconf 82' lang='lat' dir='ltr'><strong>Froben.</strong></span> <span class='ocrx_word' id='word_1_777' title='bbox 3202 4869 3285 4922; x_wconf 85' lang='grc'><strong>18.</strong></span> 
     </span>
    </p>
   </div>
   <div class='ocr_carea' id='block_1_115' title="bbox 2103 4937 3591 5007">
    <p class='ocr_par' dir='ltr' id='par_1_115' title="bbox 2103 4937 3591 5007">
     <span class='ocr_line' id='line_1_116' title="bbox 2103 4937 3591 5007; baseline 0.004 -18"><span class='ocrx_word' id='word_1_778' title='bbox 2103 4941 2119 4976; x_wconf 78' lang='grc' dir='ltr'>ί</span> <span class='ocrx_word' id='word_1_779' title='bbox 2156 4938 2431 4991; x_wconf 78' lang='lat' dir='ltr'><strong>Fratribus</strong></span> <span class='ocrx_word' id='word_1_780' title='bbox 2456 4949 2503 4989; x_wconf 85' lang='lat' dir='ltr'><strong>et</strong></span> <span class='ocrx_word' id='word_1_781' title='bbox 2534 4937 2707 4999; x_wconf 83' lang='lat' dir='ltr'><strong>Filiis,</strong></span> <span class='ocrx_word' id='word_1_782' title='bbox 2760 4939 3183 5007; x_wconf 73' lang='lat' dir='ltr'><strong>Eboracensibus</strong></span> <span class='ocrx_word' id='word_1_783' title='bbox 3212 4954 3422 5007; x_wconf 83' lang='lat' dir='ltr'><strong>netupc,</strong></span> <span class='ocrx_word' id='word_1_784' title='bbox 3449 4944 3591 5007; x_wconf 88' lang='lat' dir='ltr'><strong>quod</strong></span> 
     </span>
    </p>
   </div>
   <div class='ocr_carea' id='block_1_116' title="bbox 2025 5005 3587 5077">
    <p class='ocr_par' dir='ltr' id='par_1_116' title="bbox 2025 5005 3587 5077">
     <span class='ocr_line' id='line_1_117' title="bbox 2025 5005 3587 5077; baseline 0 -15"><span class='ocrx_word' id='word_1_785' title='bbox 2025 5008 2291 5076; x_wconf 79' lang='lat' dir='ltr'><strong>colligitur</strong></span> <span class='ocrx_word' id='word_1_786' title='bbox 2313 5022 2377 5077; x_wconf 75' lang='lat' dir='ltr'><strong>ex</strong></span> <span class='ocrx_word' id='word_1_787' title='bbox 2404 5007 2506 5058; x_wconf 90' lang='lat' dir='ltr'><strong>illis</strong></span> <span class='ocrx_word' id='word_1_788' title='bbox 2540 5007 2714 5059; x_wconf 87' lang='lat' dir='ltr'><strong>verbis</strong></span> <span class='ocrx_word' id='word_1_789' title='bbox 2746 5025 2757 5058; x_wconf 92' lang='lat'>:</span> <span class='ocrx_word' id='word_1_790' title='bbox 2790 5005 3093 5061; x_wconf 81' lang='lat' dir='ltr'><strong>Mementote</strong></span> <span class='ocrx_word' id='word_1_791' title='bbox 3112 5008 3289 5077; x_wconf 76' lang='lat' dir='ltr'><strong>quales</strong></span> <span class='ocrx_word' id='word_1_792' title='bbox 3312 5005 3587 5062; x_wconf 70' lang='lat' dir='ltr'><strong>Iiabuiinus</strong></span> 
     </span>
    </p>
   </div>
   <div class='ocr_carea' id='block_1_117' title="bbox 2026 5074 3590 5149">
    <p class='ocr_par' dir='ltr' id='par_1_117' title="bbox 2026 5074 3590 5149">
     <span class='ocr_line' id='line_1_118' title="bbox 2026 5074 3590 5149; baseline 0.001 -21"><span class='ocrx_word' id='word_1_793' title='bbox 2026 5074 2231 5149; x_wconf 71' lang='lat' dir='ltr'><strong>Patres,</strong></span> <span class='ocrx_word' id='word_1_794' title='bbox 2256 5074 2343 5142; x_wconf 87' lang='lat' dir='ltr'><strong>qui</strong></span> <span class='ocrx_word' id='word_1_795' title='bbox 2385 5090 2476 5126; x_wconf 84' lang='lat' dir='ltr'><strong>nos</strong></span> <span class='ocrx_word' id='word_1_796' title='bbox 2500 5086 2784 5149; x_wconf 69' lang='lat' dir='ltr'><strong>genuerunt</strong></span> <span class='ocrx_word' id='word_1_797' title='bbox 2814 5078 2865 5127; x_wconf 91' lang='lat' dir='ltr'><strong>in</strong></span> <span class='ocrx_word' id='word_1_798' title='bbox 2908 5074 3150 5149; x_wconf 66' lang='lat' dir='ltr'><strong>Domino.</strong></span> <span class='ocrx_word' id='word_1_799' title='bbox 3201 5076 3278 5128; x_wconf 80' lang='lat' dir='ltr'><strong>Ad</strong></span> <span class='ocrx_word' id='word_1_800' title='bbox 3312 5076 3421 5129; x_wconf 62' lang='lat' dir='ltr'><strong>illo;</strong></span> <span class='ocrx_word' id='word_1_801' title='bbox 3462 5081 3590 5149; x_wconf 70' lang='lat' dir='ltr'><strong>ergo</strong></span> 
     </span>
    </p>
   </div>
   <div class='ocr_carea' id='block_1_118' title="bbox 2027 5144 3596 5211">
    <p class='ocr_par' dir='ltr' id='par_1_118' title="bbox 2027 5144 3596 5211">
     <span class='ocr_line' id='line_1_119' title="bbox 2027 5144 3596 5211; baseline 0.001 -13"><span class='ocrx_word' id='word_1_802' title='bbox 2027 5144 2231 5205; x_wconf 88' lang='lat' dir='ltr'><strong>scribit,</strong></span> <span class='ocrx_word' id='word_1_803' title='bbox 2263 5157 2489 5210; x_wconf 85' lang='lat' dir='ltr'><strong>quorum</strong></span> <span class='ocrx_word' id='word_1_804' title='bbox 2518 5144 2867 5211; x_wconf 82' lang='lat' dir='ltr'><strong>profitebatur</strong></span> <span class='ocrx_word' id='word_1_805' title='bbox 2888 5145 3342 5205; x_wconf 84' lang='lat' dir='ltr'><strong>communitatem,</strong></span> <span class='ocrx_word' id='word_1_806' title='bbox 3371 5155 3425 5198; x_wconf 88' lang='lat' dir='ltr'><strong>et</strong></span> <span class='ocrx_word' id='word_1_807' title='bbox 3446 5144 3596 5199; x_wconf 71' lang='lat' dir='ltr'><strong>coxit-</strong></span> 
     </span>
    </p>
   </div>
   <div class='ocr_carea' id='block_1_119' title="bbox 2031 5213 3519 5279">
    <p class='ocr_par' dir='ltr' id='par_1_119' title="bbox 2031 5213 3519 5279">
     <span class='ocr_line' id='line_1_120' title="bbox 2031 5213 3519 5279; baseline 0 -13"><span class='ocrx_word' id='word_1_808' title='bbox 2031 5229 2241 5266; x_wconf 88' lang='lat' dir='ltr'><strong>munem</strong></span> <span class='ocrx_word' id='word_1_809' title='bbox 2266 5213 2587 5279; x_wconf 83' lang='lat' dir='ltr'><strong>agnoscebat</strong></span> <span class='ocrx_word' id='word_1_810' title='bbox 2615 5213 2845 5272; x_wconf 81' lang='lat' dir='ltr'><strong>Patren,</strong></span> <span class='ocrx_word' id='word_1_811' title='bbox 2883 5214 2983 5265; x_wconf 88' lang='lat' dir='ltr'><strong>hoc</strong></span> <span class='ocrx_word' id='word_1_812' title='bbox 3003 5221 3101 5273; x_wconf 84' lang='lat' dir='ltr'><strong>est,</strong></span> <span class='ocrx_word' id='word_1_813' title='bbox 3138 5214 3519 5268; x_wconf 76' lang='lat' dir='ltr'><strong>Eboracenses.</strong></span> 
     </span>
    </p>
   </div>
   <div class='ocr_carea' id='block_1_120' title="bbox 2110 5281 3596 5352">
    <p class='ocr_par' dir='ltr' id='par_1_120' title="bbox 2110 5281 3596 5352">
     <span class='ocr_line' id='line_1_121' title="bbox 2110 5281 3596 5352; baseline 0.003 -20"><span class='ocrx_word' id='word_1_814' title='bbox 2110 5286 2133 5320; x_wconf 73' lang='grc' dir='ltr'><strong><em>ε</em></strong></span> <span class='ocrx_word' id='word_1_815' title='bbox 2178 5281 2332 5352; x_wconf 74' lang='lat' dir='ltr'><strong>Patre</strong></span> <span class='ocrx_word' id='word_1_816' title='bbox 2360 5291 2552 5352; x_wconf 75' lang='lat' dir='ltr'><strong>nostra,</strong></span> <span class='ocrx_word' id='word_1_817' title='bbox 2604 5282 2893 5352; x_wconf 75' lang='lat' dir='ltr'><strong>Eanbaldo,</strong></span> <span class='ocrx_word' id='word_1_818' title='bbox 2919 5292 3068 5348; x_wconf 87' lang='lat' dir='ltr'><strong>puto,</strong></span> <span class='ocrx_word' id='word_1_819' title='bbox 3108 5283 3335 5352; x_wconf 81' lang='lat' dir='ltr'><strong>seniore.</strong></span> <span class='ocrx_word' id='word_1_820' title='bbox 3366 5282 3596 5352; x_wconf 82' lang='lat' dir='ltr'><strong>Srripsit</strong></span> 
     </span>
    </p>
   </div>
   <div class='ocr_carea' id='block_1_121' title="bbox 2033 5349 3593 5420">
    <p class='ocr_par' dir='ltr' id='par_1_121' title="bbox 2033 5349 3593 5420">
     <span class='ocr_line' id='line_1_122' title="bbox 2033 5349 3593 5420; baseline -0.001 -16"><span class='ocrx_word' id='word_1_821' title='bbox 2033 5353 2193 5420; x_wconf 82' lang='lat' dir='ltr'><strong>igitur</strong></span> <span class='ocrx_word' id='word_1_822' title='bbox 2228 5349 2666 5420; x_wconf 33' lang='lat' dir='ltr'><strong>Alcuinusuhanc</strong></span> <span class='ocrx_word' id='word_1_823' title='bbox 2708 5350 3005 5420; x_wconf 82' lang='lat' dir='ltr'><strong>epistolam,</strong></span> <span class='ocrx_word' id='word_1_824' title='bbox 3038 5352 3177 5420; x_wconf 85' lang='lat' dir='ltr'><strong>dum</strong></span> <span class='ocrx_word' id='word_1_825' title='bbox 3200 5351 3309 5417; x_wconf 86' lang='lat' dir='ltr'><strong>jam</strong></span> <span class='ocrx_word' id='word_1_826' title='bbox 3359 5349 3593 5405; x_wconf 79' lang='lat' dir='ltr'><strong>secundo</strong></span> 
     </span>
    </p>
   </div>
   <div class='ocr_carea' id='block_1_122' title="bbox 2031 5418 3591 5487">
    <p class='ocr_par' dir='ltr' id='par_1_122' title="bbox 2031 5418 3591 5487">
     <span class='ocr_line' id='line_1_123' title="bbox 2031 5418 3591 5487; baseline 0.001 -16"><span class='ocrx_word' id='word_1_827' title='bbox 2031 5422 2083 5471; x_wconf 91' lang='lat' dir='ltr'><strong>in</strong></span> <span class='ocrx_word' id='word_1_828' title='bbox 2107 5418 2385 5471; x_wconf 75' lang='lat' dir='ltr'><strong>Franciam</strong></span> <span class='ocrx_word' id='word_1_829' title='bbox 2407 5418 2580 5478; x_wconf 76' lang='lat' dir='ltr'><strong>rediit,</strong></span> <span class='ocrx_word' id='word_1_830' title='bbox 2604 5418 2780 5483; x_wconf 80' lang='lat' dir='ltr'><strong>ibique</strong></span> <span class='ocrx_word' id='word_1_831' title='bbox 2801 5418 2863 5487; x_wconf 80' lang='lat' dir='ltr'><strong>ob</strong></span> <span class='ocrx_word' id='word_1_832' title='bbox 2883 5418 3135 5487; x_wconf 84' lang='lat' dir='ltr'><strong>quasdam</strong></span> <span class='ocrx_word' id='word_1_833' title='bbox 3160 5418 3403 5473; x_wconf 73' lang='lat' dir='ltr'><strong>hcclesia</strong></span> <span class='ocrx_word' id='word_1_834' title='bbox 3423 5436 3591 5472; x_wconf 80' lang='lat' dir='ltr'><strong>neces-</strong></span> 
     </span>
    </p>
   </div>
   <div class='ocr_carea' id='block_1_123' title="bbox 2027 5486 3589 5554">
    <p class='ocr_par' dir='ltr' id='par_1_123' title="bbox 2027 5486 3589 5554">
     <span class='ocr_line' id='line_1_124' title="bbox 2027 5486 3589 5554; baseline 0 -15"><span class='ocrx_word' id='word_1_835' title='bbox 2027 5489 2221 5549; x_wconf 83' lang='lat' dir='ltr'><strong>sitates,</strong></span> <span class='ocrx_word' id='word_1_836' title='bbox 2268 5487 2671 5554; x_wconf 81' lang='lat' dir='ltr'><strong>oppugnandam</strong></span> <span class='ocrx_word' id='word_1_837' title='bbox 2717 5486 2919 5539; x_wconf 86' lang='lat' dir='ltr'><strong>scilicet</strong></span> <span class='ocrx_word' id='word_1_838' title='bbox 2964 5488 3189 5542; x_wconf 70' lang='lat' dir='ltr'><strong>bteresin</strong></span> <span class='ocrx_word' id='word_1_839' title='bbox 3245 5488 3589 5550; x_wconf 79' lang='lat' dir='ltr'><strong>Felieianam,</strong></span> 
     </span>
    </p>
   </div>
   <div class='ocr_carea' id='block_1_124' title="bbox 2028 5554 3592 5623">
    <p class='ocr_par' dir='ltr' id='par_1_124' title="bbox 2028 5554 3592 5623">
     <span class='ocr_line' id='line_1_125' title="bbox 2028 5554 3592 5623; baseline 0.003 -17"><span class='ocrx_word' id='word_1_840' title='bbox 2028 5559 2273 5608; x_wconf 88' lang='lat' dir='ltr'><strong>detentus</strong></span> <span class='ocrx_word' id='word_1_841' title='bbox 2306 5556 2403 5608; x_wconf 86' lang='lat' dir='ltr'><strong>l&#39;uit</strong></span> <span class='ocrx_word' id='word_1_842' title='bbox 2430 5572 2442 5617; x_wconf 87' lang='lat'><strong>;</strong></span> <span class='ocrx_word' id='word_1_843' title='bbox 2491 5564 2614 5608; x_wconf 88' lang='lat' dir='ltr'><strong>ante</strong></span> <span class='ocrx_word' id='word_1_844' title='bbox 2662 5569 2855 5606; x_wconf 88' lang='lat' dir='ltr'><strong>annum</strong></span> <span class='ocrx_word' id='word_1_845' title='bbox 2888 5556 2989 5609; x_wconf 81' lang='lat'><strong>796</strong></span> <span class='ocrx_word' id='word_1_846' title='bbox 3022 5572 3127 5623; x_wconf 90' lang='lat' dir='ltr'><strong>quo</strong></span> <span class='ocrx_word' id='word_1_847' title='bbox 3167 5554 3470 5611; x_wconf 70' lang='lat' dir='ltr'><strong>Eanbaklus</strong></span> <span class='ocrx_word' id='word_1_848' title='bbox 3504 5558 3592 5613; x_wconf 70' lang='lat' dir='ltr'><strong>itle</strong></span> 
     </span>
    </p>
   </div>
   <div class='ocr_carea' id='block_1_125' title="bbox 2026 5624 2175 5678">
    <p class='ocr_par' dir='ltr' id='par_1_125' title="bbox 2026 5624 2175 5678">
     <span class='ocr_line' id='line_1_126' title="bbox 2026 5624 2175 5678; baseline -0.027 0"><span class='ocrx_word' id='word_1_849' title='bbox 2026 5624 2175 5678; x_wconf 61' lang='lat' dir='ltr'><strong>ol&#39;iit.</strong></span> 
     </span>
    </p>
   </div>
  </div>
