  <div class='ocr_page' id='page_1' title='image "/cluster/home/n/w/nwhite01/storage/ocr_20150623/100/uva.x000827058/095.png"; bbox 0 0 4220 6202; ppageno 0'>
   <div class='ocr_carea' id='block_1_1' title="bbox 610 331 710 391">
    <p class='ocr_par' dir='ltr' id='par_1_1' title="bbox 610 331 710 391">
     <span class='ocr_line' id='line_1_1' title="bbox 610 331 710 391; baseline -0.02 0"><span class='ocrx_word' id='word_1_1' title='bbox 610 331 710 391; x_wconf 66' lang='lat'><strong>{+75</strong></span> 
     </span>
    </p>
   </div>
   <div class='ocr_carea' id='block_1_2' title="bbox 1452 314 2951 383">
    <p class='ocr_par' dir='ltr' id='par_1_2' title="bbox 1452 314 2951 383">
     <span class='ocr_line' id='line_1_2' title="bbox 1452 314 2951 383; baseline -0.012 0"><span class='ocrx_word' id='word_1_2' title='bbox 1452 327 1523 383; x_wconf 59' lang='grc' dir='ltr'><strong>ᾹΒ.</strong></span> <span class='ocrx_word' id='word_1_3' title='bbox 1559 327 1621 381; x_wconf 85' lang='lat' dir='ltr'><strong>F.</strong></span> <span class='ocrx_word' id='word_1_4' title='bbox 1662 324 1881 379; x_wconf 83' lang='lat' dir='ltr'><strong>ALBINI</strong></span> <span class='ocrx_word' id='word_1_5' title='bbox 1918 323 2045 380; x_wconf 81' lang='lat' dir='ltr'><strong>SEU</strong></span> <span class='ocrx_word' id='word_1_6' title='bbox 2086 318 2353 375; x_wconf 74' lang='lat' dir='ltr'><strong>ALCUINI</strong></span> <span class='ocrx_word' id='word_1_7' title='bbox 2386 316 2664 374; x_wconf 66' lang='lat' dir='ltr'><strong>OPERL’M</strong></span> <span class='ocrx_word' id='word_1_8' title='bbox 2701 314 2874 370; x_wconf 79' lang='lat' dir='ltr'><strong>PARS</strong></span> <span class='ocrx_word' id='word_1_9' title='bbox 2908 314 2951 366; x_wconf 90' lang='grc' dir='ltr'>ι.</span> 
     </span>
    </p>
   </div>
   <div class='ocr_carea' id='block_1_3' title="bbox 3728 302 3832 361">
    <p class='ocr_par' dir='ltr' id='par_1_3' title="bbox 3728 302 3832 361">
     <span class='ocr_line' id='line_1_3' title="bbox 3728 302 3832 361; baseline 0 0"><span class='ocrx_word' id='word_1_10' title='bbox 3728 302 3832 361; x_wconf 72' lang='grc'><strong>176</strong></span> 
     </span>
    </p>
   </div>
   <div class='ocr_carea' id='block_1_4' title="bbox 600 415 3832 514">
    <p class='ocr_par' dir='ltr' id='par_1_4' title="bbox 600 415 3832 514">
     <span class='ocr_line' id='line_1_4' title="bbox 600 415 3832 514; baseline -0.009 -14"><span class='ocrx_word' id='word_1_11' title='bbox 600 456 941 514; x_wconf 74' lang='lat' dir='ltr'><strong>vestramque</strong></span> <span class='ocrx_word' id='word_1_12' title='bbox 963 439 1360 496; x_wconf 75' lang='lat' dir='ltr'><strong>unanimitatem</strong></span> <span class='ocrx_word' id='word_1_13' title='bbox 1380 436 1444 489; x_wconf 80' lang='lat' dir='ltr'><strong>in</strong></span> <span class='ocrx_word' id='word_1_14' title='bbox 1468 435 1800 503; x_wconf 79' lang='lat' dir='ltr'><strong>omni-opere</strong></span> <span class='ocrx_word' id='word_1_15' title='bbox 1822 433 1963 486; x_wconf 87' lang='lat' dir='ltr'><strong>bono</strong></span> <span class='ocrx_word' id='word_1_16' title='bbox 1982 431 2153 485; x_wconf 88' lang='lat' dir='ltr'><strong>omni-</strong></span> <span class='ocrx_word' id='word_1_17' title='bbox 2182 435 2227 491; x_wconf 75' lang='grc' dir='ltr'><strong>Δ</strong></span> <span class='ocrx_word' id='word_1_18' title='bbox 2254 430 2307 483; x_wconf 91' lang='lat' dir='ltr'><strong>in</strong></span> <span class='ocrx_word' id='word_1_19' title='bbox 2332 427 2533 494; x_wconf 76' lang='lat' dir='ltr'><strong>capella</strong></span> <span class='ocrx_word' id='word_1_20' title='bbox 2560 434 2742 480; x_wconf 90' lang='lat' dir='ltr'><strong>nostra</strong></span> <span class='ocrx_word' id='word_1_21' title='bbox 2769 434 2826 477; x_wconf 92' lang='lat' dir='ltr'><strong>ut</strong></span> <span class='ocrx_word' id='word_1_22' title='bbox 2852 422 3080 483; x_wconf 73' lang='lat' dir='ltr'><strong>vidistis,</strong></span> <span class='ocrx_word' id='word_1_23' title='bbox 3126 419 3440 514; x_wconf 75' lang='lat' dir='ltr'><strong>obliviscere</strong></span> <span class='ocrx_word' id='word_1_24' title='bbox 3465 416 3594 514; x_wconf 63' lang='lat' dir='ltr'><strong>noli.</strong></span> 
     </span>
    </p>
   </div>
   <div class='ocr_carea' id='block_1_5' title="bbox 600 518 2161 604">
    <p class='ocr_par' dir='ltr' id='par_1_5' title="bbox 600 518 2161 604">
     <span class='ocr_line' id='line_1_5' title="bbox 600 518 2161 604; baseline -0.015 -13"><span class='ocrx_word' id='word_1_25' title='bbox 600 542 791 604; x_wconf 84' lang='lat' dir='ltr'><strong>potens</strong></span> <span class='ocrx_word' id='word_1_26' title='bbox 818 533 957 587; x_wconf 87' lang='lat' dir='ltr'><strong>Deus</strong></span> <span class='ocrx_word' id='word_1_27' title='bbox 978 527 1238 600; x_wconf 83' lang='lat' dir='ltr'><strong>proiicere</strong></span> <span class='ocrx_word' id='word_1_28' title='bbox 1260 523 1538 585; x_wconf 74' lang='lat' dir='ltr'><strong>concedat,</strong></span> <span class='ocrx_word' id='word_1_29' title='bbox 1582 520 1910 576; x_wconf 73' lang='lat' dir='ltr'><strong>dilectissimi</strong></span> <span class='ocrx_word' id='word_1_30' title='bbox 1951 518 2161 571; x_wconf 84' lang='lat' dir='ltr'><strong>fratres.</strong></span> 
     </span>
    </p>
   </div>
   <div class='ocr_carea' id='block_1_6' title="bbox 1127 630 1654 690">
    <p class='ocr_par' dir='ltr' id='par_1_6' title="bbox 1127 630 1654 690">
     <span class='ocr_line' id='line_1_6' title="bbox 1127 630 1654 690; baseline -0.011 -1"><span class='ocrx_word' id='word_1_31' title='bbox 1127 632 1457 690; x_wconf 75' lang='lat' dir='ltr'><strong>EPISTOL’A</strong></span> <span class='ocrx_word' id='word_1_32' title='bbox 1486 630 1654 684; x_wconf 68' lang='lat' dir='ltr'><strong>XXII.</strong></span> 
     </span>
    </p>
   </div>
   <div class='ocr_carea' id='block_1_7' title="bbox 1208 716 1575 765">
    <p class='ocr_par' dir='ltr' id='par_1_7' title="bbox 1208 716 1575 765">
     <span class='ocr_line' id='line_1_7' title="bbox 1208 716 1575 765; baseline -0.011 -9"><span class='ocrx_word' id='word_1_33' title='bbox 1208 720 1274 756; x_wconf 77' lang='lat' dir='ltr'><strong>AD</strong></span> <span class='ocrx_word' id='word_1_34' title='bbox 1308 716 1575 765; x_wconf 62' lang='lat' dir='ltr'><strong>quemnam.</strong></span> 
     </span>
    </p>
   </div>
   <div class='ocr_carea' id='block_1_8' title="bbox 605 779 2163 867">
    <p class='ocr_par' dir='ltr' id='par_1_8' title="bbox 605 779 2163 867">
     <span class='ocr_line' id='line_1_8' title="bbox 605 779 2163 867; baseline -0.015 -12"><span class='ocrx_word' id='word_1_35' title='bbox 605 798 803 854; x_wconf 74' lang='lat' dir='ltr'><strong>Filium</strong></span> <span class='ocrx_word' id='word_1_36' title='bbox 835 805 882 851; x_wconf 85' lang='lat' dir='ltr'><strong>et</strong></span> <span class='ocrx_word' id='word_1_37' title='bbox 901 789 1324 867; x_wconf 72' lang='lat' dir='ltr'><strong>peregrinationis</strong></span> <span class='ocrx_word' id='word_1_38' title='bbox 1347 789 1539 867; x_wconf 71' lang='lat' dir='ltr'><strong>socium</strong></span> <span class='ocrx_word' id='word_1_39' title='bbox 1668 786 1892 867; x_wconf 35' lang='lat' dir='ltr'><strong>virtu-tes</strong></span> <span class='ocrx_word' id='word_1_40' title='bbox 1909 779 2163 867; x_wconf 56' lang='lat' dir='ltr'><strong>stimulet.</strong></span> 
     </span>
    </p>
   </div>
   <div class='ocr_carea' id='block_1_9' title="bbox 675 850 2168 925">
    <p class='ocr_par' dir='ltr' id='par_1_9' title="bbox 675 850 2168 925">
     <span class='ocr_line' id='line_1_9' title="bbox 675 850 2168 925; baseline -0.016 -2"><span class='ocrx_word' id='word_1_41' title='bbox 675 850 929 923; x_wconf 41' lang='lat' dir='ltr'><strong>femora}</strong></span> <span class='ocrx_word' id='word_1_42' title='bbox 951 872 999 917; x_wconf 88' lang='lat' dir='ltr'><strong>et</strong></span> <span class='ocrx_word' id='word_1_43' title='bbox 1020 850 1353 915; x_wconf 44' lang='lat' dir='ltr'><strong>&quot;commendat</strong></span> <span class='ocrx_word' id='word_1_44' title='bbox 1382 855 1646 925; x_wconf 80' lang='lat' dir='ltr'><strong>sapientia:</strong></span> <span class='ocrx_word' id='word_1_45' title='bbox 1684 853 1943 915; x_wconf 79' lang='lat' dir='ltr'><strong>studium;</strong></span> <span class='ocrx_word' id='word_1_46' title='bbox 1975 850 2168 901; x_wconf 82' lang='lat' dir='ltr'><strong>doctri-</strong></span> 
     </span>
    </p>
   </div>
   <div class='ocr_carea' id='block_1_10' title="bbox 674 927 1744 991">
    <p class='ocr_par' dir='ltr' id='par_1_10' title="bbox 674 927 1744 991">
     <span class='ocr_line' id='line_1_10' title="bbox 674 927 1744 991; baseline -0.017 0"><span class='ocrx_word' id='word_1_47' title='bbox 674 953 768 991; x_wconf 77' lang='lat' dir='ltr'><strong>nas</strong></span> <span class='ocrx_word' id='word_1_48' title='bbox 802 934 922 988; x_wconf 87' lang='lat' dir='ltr'><strong>olim</strong></span> <span class='ocrx_word' id='word_1_49' title='bbox 949 932 1099 984; x_wconf 74' lang='lat' dir='ltr'><strong>datas</strong></span> <span class='ocrx_word' id='word_1_50' title='bbox 1122 929 1178 981; x_wconf 87' lang='lat' dir='ltr'><strong>in</strong></span> <span class='ocrx_word' id='word_1_51' title='bbox 1197 927 1497 979; x_wconf 77' lang='lat' dir='ltr'><strong>memoriam</strong></span> <span class='ocrx_word' id='word_1_52' title='bbox 1526 932 1744 976; x_wconf 77' lang='lat' dir='ltr'><strong>revocat.</strong></span> 
     </span>
    </p>
   </div>
   <div class='ocr_carea' id='block_1_11' title="bbox 672 1004 2163 1089">
    <p class='ocr_par' dir='ltr' id='par_1_11' title="bbox 672 1004 2163 1089">
     <span class='ocr_line' id='line_1_11' title="bbox 672 1004 2163 1089; baseline -0.016 -8"><span class='ocrx_word' id='word_1_53' title='bbox 672 1025 831 1081; x_wconf 91' lang='lat' dir='ltr'><strong>Pater</strong></span> <span class='ocrx_word' id='word_1_54' title='bbox 852 1022 978 1085; x_wconf 80' lang='lat' dir='ltr'><strong>lilio,</strong></span> <span class='ocrx_word' id='word_1_55' title='bbox 1005 1018 1261 1089; x_wconf 83' lang='lat' dir='ltr'><strong>paciticus</strong></span> <span class='ocrx_word' id='word_1_56' title='bbox 1281 1009 1861 1083; x_wconf 47' lang='lat' dir='ltr'><strong>peregrino,~magister</strong></span> <span class='ocrx_word' id='word_1_57' title='bbox 1887 1004 2163 1073; x_wconf 85' lang='lat' dir='ltr'><strong>discipulo,</strong></span> 
     </span>
    </p>
   </div>
   <div class='ocr_carea' id='block_1_12' title="bbox 605 1096 2093 1178">
    <p class='ocr_par' dir='ltr' id='par_1_12' title="bbox 605 1096 2093 1178">
     <span class='ocr_line' id='line_1_12' title="bbox 605 1096 2093 1178; baseline -0.017 -7"><span class='ocrx_word' id='word_1_58' title='bbox 605 1115 785 1178; x_wconf 82' lang='lat' dir='ltr'><strong>socius</strong></span> <span class='ocrx_word' id='word_1_59' title='bbox 812 1111 959 1167; x_wconf 85' lang='lat' dir='ltr'><strong>socio</strong></span> <span class='ocrx_word' id='word_1_60' title='bbox 976 1102 1420 1178; x_wconf 73' lang='lat' dir='ltr'><strong>peregrinationis</strong></span> <span class='ocrx_word' id='word_1_61' title='bbox 1446 1100 1822 1169; x_wconf 83' lang='lat' dir='ltr'><strong>sempiternam</strong></span> <span class='ocrx_word' id='word_1_62' title='bbox 1849 1096 2093 1150; x_wconf 76' lang='lat' dir='ltr'><strong>salutem.</strong></span> 
     </span>
    </p>
   </div>
   <div class='ocr_carea' id='block_1_13' title="bbox 675 1180 2167 1272">
    <p class='ocr_par' dir='ltr' id='par_1_13' title="bbox 675 1180 2167 1272">
     <span class='ocr_line' id='line_1_13' title="bbox 675 1180 2167 1272; baseline -0.017 -15"><span class='ocrx_word' id='word_1_63' title='bbox 675 1204 921 1272; x_wconf 83' lang='lat' dir='ltr'><strong>Magnum</strong></span> <span class='ocrx_word' id='word_1_64' title='bbox 972 1195 1125 1259; x_wconf 91' lang='lat' dir='ltr'><strong>mihi,</strong></span> <span class='ocrx_word' id='word_1_65' title='bbox 1172 1193 1249 1245; x_wconf 84' lang='lat' dir='ltr'><strong>fili</strong></span> <span class='ocrx_word' id='word_1_66' title='bbox 1286 1189 1622 1250; x_wconf 88' lang='lat' dir='ltr'><strong>charissime,</strong></span> <span class='ocrx_word' id='word_1_67' title='bbox 1674 1186 1739 1240; x_wconf 92' lang='lat' dir='ltr'><strong>de</strong></span> <span class='ocrx_word' id='word_1_68' title='bbox 1784 1194 1961 1238; x_wconf 88' lang='lat' dir='ltr'><strong>vestra</strong></span> <span class='ocrx_word' id='word_1_69' title='bbox 1997 1180 2167 1236; x_wconf 88' lang='lat' dir='ltr'><strong>salute</strong></span> 
     </span>
    </p>
   </div>
   <div class='ocr_carea' id='block_1_14' title="bbox 603 1273 2168 1362">
    <p class='ocr_par' dir='ltr' id='par_1_14' title="bbox 603 1273 2168 1362">
     <span class='ocr_line' id='line_1_14' title="bbox 603 1273 2168 1362; baseline -0.016 -13"><span class='ocrx_word' id='word_1_70' title='bbox 603 1304 661 1349; x_wconf 87' lang='lat' dir='ltr'><strong>et</strong></span> <span class='ocrx_word' id='word_1_71' title='bbox 684 1290 1039 1362; x_wconf 81' lang='lat' dir='ltr'><strong>prosperitate</strong></span> <span class='ocrx_word' id='word_1_72' title='bbox 1062 1282 1384 1339; x_wconf 87' lang='lat' dir='ltr'><strong>desiderium</strong></span> <span class='ocrx_word' id='word_1_73' title='bbox 1414 1287 1516 1334; x_wconf 90' lang='lat' dir='ltr'><strong>est.</strong></span> <span class='ocrx_word' id='word_1_74' title='bbox 1552 1277 1685 1331; x_wconf 77' lang='lat' dir='ltr'><strong>ideo</strong></span> <span class='ocrx_word' id='word_1_75' title='bbox 1728 1277 1937 1329; x_wconf 85' lang='lat' dir='ltr'><strong>litteras</strong></span> <span class='ocrx_word' id='word_1_76' title='bbox 1974 1273 2168 1341; x_wconf 74' lang='lat' dir='ltr'><strong>exhor-</strong></span> 
     </span>
    </p>
   </div>
   <div class='ocr_carea' id='block_1_15' title="bbox 606 1362 2168 1438">
    <p class='ocr_par' dir='ltr' id='par_1_15' title="bbox 606 1362 2168 1438">
     <span class='ocr_line' id='line_1_15' title="bbox 606 1362 2168 1438; baseline -0.015 -1"><span class='ocrx_word' id='word_1_77' title='bbox 606 1382 821 1438; x_wconf 89' lang='lat' dir='ltr'><strong>tationis</strong></span> <span class='ocrx_word' id='word_1_78' title='bbox 845 1392 976 1433; x_wconf 60' lang='lat' dir='ltr'><strong>meat</strong></span> <span class='ocrx_word' id='word_1_79' title='bbox 1014 1374 1131 1428; x_wconf 90' lang='lat' dir='ltr'><strong>vice</strong></span> <span class='ocrx_word' id='word_1_80' title='bbox 1176 1371 1461 1425; x_wconf 82' lang='lat' dir='ltr'><strong>verborum</strong></span> <span class='ocrx_word' id='word_1_81' title='bbox 1497 1375 1732 1437; x_wconf 61' lang='lat' dir='ltr'><strong>paternae</strong></span> <span class='ocrx_word' id='word_1_82' title='bbox 1749 1366 1972 1433; x_wconf 78' lang='lat' dir='ltr'><strong>pietatis</strong></span> <span class='ocrx_word' id='word_1_83' title='bbox 2016 1362 2168 1416; x_wconf 81' lang='lat' dir='ltr'><strong>vobis</strong></span> 
     </span>
    </p>
   </div>
   <div class='ocr_carea' id='block_1_16' title="bbox 604 1451 2169 1542">
    <p class='ocr_par' dir='ltr' id='par_1_16' title="bbox 604 1451 2169 1542">
     <span class='ocr_line' id='line_1_16' title="bbox 604 1451 2169 1542; baseline -0.015 -15"><span class='ocrx_word' id='word_1_84' title='bbox 604 1454 835 1542; x_wconf 78' lang='lat' dir='ltr'><strong>dirigere</strong></span> <span class='ocrx_word' id='word_1_85' title='bbox 884 1462 1086 1529; x_wconf 82' lang='lat' dir='ltr'><strong>studui,</strong></span> <span class='ocrx_word' id='word_1_86' title='bbox 1135 1461 1426 1516; x_wconf 85' lang='lat' dir='ltr'><strong>obsecrans</strong></span> <span class='ocrx_word' id='word_1_87' title='bbox 1477 1463 1746 1525; x_wconf 69' lang='lat' dir='ltr'><strong>perpetua:</strong></span> <span class='ocrx_word' id='word_1_88' title='bbox 1798 1452 1992 1507; x_wconf 90' lang='lat' dir='ltr'><strong>mentis</strong></span> <span class='ocrx_word' id='word_1_89' title='bbox 2039 1451 2169 1505; x_wconf 91' lang='lat' dir='ltr'><strong>dile-</strong></span> 
     </span>
    </p>
   </div>
   <div class='ocr_carea' id='block_1_17' title="bbox 602 1543 2167 1623">
    <p class='ocr_par' dir='ltr' id='par_1_17' title="bbox 602 1543 2167 1623">
     <span class='ocr_line' id='line_1_17' title="bbox 602 1543 2167 1623; baseline -0.013 -9"><span class='ocrx_word' id='word_1_90' title='bbox 602 1559 800 1623; x_wconf 85' lang='lat' dir='ltr'><strong>ctione,</strong></span> <span class='ocrx_word' id='word_1_91' title='bbox 839 1564 894 1611; x_wconf 90' lang='lat' dir='ltr'><strong>et</strong></span> <span class='ocrx_word' id='word_1_92' title='bbox 923 1562 1035 1610; x_wconf 87' lang='lat' dir='ltr'><strong>tota</strong></span> <span class='ocrx_word' id='word_1_93' title='bbox 1061 1549 1277 1606; x_wconf 89' lang='lat' dir='ltr'><strong>virtutis</strong></span> <span class='ocrx_word' id='word_1_94' title='bbox 1306 1548 1597 1602; x_wconf 90' lang='lat' dir='ltr'><strong>intentione</strong></span> <span class='ocrx_word' id='word_1_95' title='bbox 1622 1544 1793 1599; x_wconf 88' lang='lat' dir='ltr'><strong>Deum</strong></span> <span class='ocrx_word' id='word_1_96' title='bbox 1816 1551 1871 1597; x_wconf 91' lang='lat' dir='ltr'><strong>te</strong></span> <span class='ocrx_word' id='word_1_97' title='bbox 1896 1543 2167 1597; x_wconf 89' lang='lat' dir='ltr'><strong>habere-in</strong></span> 
     </span>
    </p>
   </div>
   <div class='ocr_carea' id='block_1_18' title="bbox 602 1632 2170 1711">
    <p class='ocr_par' dir='ltr' id='par_1_18' title="bbox 602 1632 2170 1711">
     <span class='ocr_line' id='line_1_18' title="bbox 602 1632 2170 1711; baseline -0.012 -8"><span class='ocrx_word' id='word_1_98' title='bbox 602 1648 791 1711; x_wconf 89' lang='lat' dir='ltr'><strong>oculis,</strong></span> <span class='ocrx_word' id='word_1_99' title='bbox 816 1644 945 1699; x_wconf 90' lang='lat' dir='ltr'><strong>etin</strong></span> <span class='ocrx_word' id='word_1_100' title='bbox 967 1638 1241 1701; x_wconf 87' lang='lat' dir='ltr'><strong>memoria,</strong></span> <span class='ocrx_word' id='word_1_101' title='bbox 1267 1645 1526 1706; x_wconf 88' lang='lat' dir='ltr'><strong>quatenus</strong></span> <span class='ocrx_word' id='word_1_102' title='bbox 1545 1633 1945 1703; x_wconf 78' lang='lat' dir='ltr'><strong>illiuspiissima</strong></span> <span class='ocrx_word' id='word_1_103' title='bbox 1967 1632 2170 1686; x_wconf 83' lang='lat' dir='ltr'><strong>miseri-</strong></span> 
     </span>
    </p>
   </div>
   <div class='ocr_carea' id='block_1_19' title="bbox 528 1722 2169 1797">
    <p class='ocr_par' dir='ltr' id='par_1_19' title="bbox 528 1722 2169 1797">
     <span class='ocr_line' id='line_1_19' title="bbox 528 1722 2169 1797; baseline -0.012 -4"><span class='ocrx_word' id='word_1_104' title='bbox 528 1792 537 1793; x_wconf 59' lang='lat'><strong><em>,</em></strong></span> <span class='ocrx_word' id='word_1_105' title='bbox 605 1738 787 1794; x_wconf 87' lang='lat' dir='ltr'><strong>cordia</strong></span> <span class='ocrx_word' id='word_1_106' title='bbox 817 1732 1163 1789; x_wconf 89' lang='lat' dir='ltr'><strong>tecustodire</strong></span> <span class='ocrx_word' id='word_1_107' title='bbox 1210 1730 1457 1797; x_wconf 79' lang='lat' dir='ltr'><strong>dignetur</strong></span> <span class='ocrx_word' id='word_1_108' title='bbox 1499 1726 1641 1779; x_wconf 90' lang='lat' dir='ltr'><strong>inter</strong></span> <span class='ocrx_word' id='word_1_109' title='bbox 1688 1724 1911 1777; x_wconf 87' lang='lat' dir='ltr'><strong>adversa</strong></span> <span class='ocrx_word' id='word_1_110' title='bbox 1950 1730 2005 1775; x_wconf 91' lang='lat' dir='ltr'><strong>et</strong></span> <span class='ocrx_word' id='word_1_111' title='bbox 2031 1722 2169 1775; x_wconf 90' lang='lat' dir='ltr'><strong>inter</strong></span> 
     </span>
    </p>
   </div>
   <div class='ocr_carea' id='block_1_20' title="bbox 604 1812 2168 1901">
    <p class='ocr_par' dir='ltr' id='par_1_20' title="bbox 604 1812 2168 1901">
     <span class='ocr_line' id='line_1_20' title="bbox 604 1812 2168 1901; baseline -0.013 -17"><span class='ocrx_word' id='word_1_112' title='bbox 604 1842 880 1901; x_wconf 85' lang='lat' dir='ltr'><strong>prospera,</strong></span> <span class='ocrx_word' id='word_1_113' title='bbox 904 1834 965 1879; x_wconf 90' lang='lat' dir='ltr'><strong>ut</strong></span> <span class='ocrx_word' id='word_1_114' title='bbox 1000 1823 1087 1877; x_wconf 89' lang='lat' dir='ltr'><strong>via</strong></span> <span class='ocrx_word' id='word_1_115' title='bbox 1116 1821 1259 1891; x_wconf 85' lang='lat' dir='ltr'><strong>regia</strong></span> <span class='ocrx_word' id='word_1_116' title='bbox 1289 1832 1519 1888; x_wconf 80' lang='lat' dir='ltr'><strong>pergens</strong></span> <span class='ocrx_word' id='word_1_117' title='bbox 1547 1817 1612 1891; x_wconf 89' lang='lat' dir='ltr'><strong>ad</strong></span> <span class='ocrx_word' id='word_1_118' title='bbox 1640 1823 1911 1885; x_wconf 65' lang='lat' dir='ltr'><strong>perpetuat</strong></span> <span class='ocrx_word' id='word_1_119' title='bbox 1937 1812 2168 1867; x_wconf 81' lang='lat' dir='ltr'><strong>civitatis</strong></span> 
     </span>
    </p>
   </div>
   <div class='ocr_carea' id='block_1_21' title="bbox 603 1901 2170 1988">
    <p class='ocr_par' dir='ltr' id='par_1_21' title="bbox 603 1901 2170 1988">
     <span class='ocr_line' id='line_1_21' title="bbox 603 1901 2170 1988; baseline -0.014 -15"><span class='ocrx_word' id='word_1_120' title='bbox 603 1926 813 1988; x_wconf 83' lang='lat' dir='ltr'><strong>portam</strong></span> <span class='ocrx_word' id='word_1_121' title='bbox 853 1911 1132 1984; x_wconf 83' lang='lat' dir='ltr'><strong>pervenire</strong></span> <span class='ocrx_word' id='word_1_122' title='bbox 1174 1908 1449 1963; x_wconf 88' lang='lat' dir='ltr'><strong>merearis.</strong></span> <span class='ocrx_word' id='word_1_123' title='bbox 1480 1905 1563 1961; x_wconf 91' lang='lat' dir='ltr'><strong>Sit</strong></span> <span class='ocrx_word' id='word_1_124' title='bbox 1599 1905 1693 1958; x_wconf 90' lang='lat' dir='ltr'><strong>tibi</strong></span> <span class='ocrx_word' id='word_1_125' title='bbox 1733 1903 1977 1959; x_wconf 88' lang='lat' dir='ltr'><strong>Christus</strong></span> <span class='ocrx_word' id='word_1_126' title='bbox 1996 1901 2050 1966; x_wconf 84' lang='lat' dir='ltr'><strong>in</strong></span> <span class='ocrx_word' id='word_1_127' title='bbox 2076 1914 2170 1953; x_wconf 90' lang='lat' dir='ltr'><strong>ore</strong></span> 
     </span>
    </p>
   </div>
   <div class='ocr_carea' id='block_1_22' title="bbox 605 1990 2169 2068">
    <p class='ocr_par' dir='ltr' id='par_1_22' title="bbox 605 1990 2169 2068">
     <span class='ocr_line' id='line_1_22' title="bbox 605 1990 2169 2068; baseline -0.013 -9"><span class='ocrx_word' id='word_1_128' title='bbox 605 2014 662 2058; x_wconf 84' lang='lat' dir='ltr'><strong>et</strong></span> <span class='ocrx_word' id='word_1_129' title='bbox 681 2003 860 2066; x_wconf 87' lang='lat' dir='ltr'><strong>corde,</strong></span> <span class='ocrx_word' id='word_1_130' title='bbox 893 2008 947 2053; x_wconf 90' lang='lat' dir='ltr'><strong>et</strong></span> <span class='ocrx_word' id='word_1_131' title='bbox 969 1996 1147 2068; x_wconf 90' lang='lat' dir='ltr'><strong>operis</strong></span> <span class='ocrx_word' id='word_1_132' title='bbox 1173 1994 1492 2051; x_wconf 86' lang='lat' dir='ltr'><strong>constantia.</strong></span> <span class='ocrx_word' id='word_1_133' title='bbox 1528 1992 1648 2047; x_wconf 79' lang='lat' dir='ltr'><strong>Noli</strong></span> <span class='ocrx_word' id='word_1_134' title='bbox 1691 1990 1968 2060; x_wconf 88' lang='lat' dir='ltr'><strong>pueriliter</strong></span> <span class='ocrx_word' id='word_1_135' title='bbox 1992 2000 2169 2056; x_wconf 85' lang='lat' dir='ltr'><strong>agere,</strong></span> 
     </span>
    </p>
   </div>
   <div class='ocr_carea' id='block_1_23' title="bbox 604 2076 2171 2159">
    <p class='ocr_par' dir='ltr' id='par_1_23' title="bbox 604 2076 2171 2159">
     <span class='ocr_line' id='line_1_23' title="bbox 604 2076 2171 2159; baseline -0.014 -9"><span class='ocrx_word' id='word_1_136' title='bbox 604 2104 664 2149; x_wconf 92' lang='lat' dir='ltr'><strong>et</strong></span> <span class='ocrx_word' id='word_1_137' title='bbox 689 2091 950 2149; x_wconf 87' lang='lat' dir='ltr'><strong>desideria</strong></span> <span class='ocrx_word' id='word_1_138' title='bbox 986 2085 1239 2159; x_wconf 81' lang='lat' dir='ltr'><strong>juvenilia</strong></span> <span class='ocrx_word' id='word_1_139' title='bbox 1278 2084 1474 2139; x_wconf 87' lang='lat' dir='ltr'><strong>sectari</strong></span> <span class='ocrx_word' id='word_1_140' title='bbox 1502 2099 1517 2147; x_wconf 86' lang='lat'><strong>;</strong></span> <span class='ocrx_word' id='word_1_141' title='bbox 1549 2081 1642 2135; x_wconf 90' lang='lat' dir='ltr'><strong>sed</strong></span> <span class='ocrx_word' id='word_1_142' title='bbox 1683 2077 1953 2149; x_wconf 89' lang='lat' dir='ltr'><strong>perfectus</strong></span> <span class='ocrx_word' id='word_1_143' title='bbox 1973 2087 2091 2130; x_wconf 87' lang='lat' dir='ltr'><strong>esto</strong></span> <span class='ocrx_word' id='word_1_144' title='bbox 2117 2076 2171 2128; x_wconf 93' lang='lat' dir='ltr'><strong>in</strong></span> 
     </span>
    </p>
   </div>
   <div class='ocr_carea' id='block_1_24' title="bbox 605 2165 2176 2243">
    <p class='ocr_par' dir='ltr' id='par_1_24' title="bbox 605 2165 2176 2243">
     <span class='ocr_line' id='line_1_24' title="bbox 605 2165 2176 2243; baseline -0.015 -4"><span class='ocrx_word' id='word_1_145' title='bbox 605 2182 751 2239; x_wconf 85' lang='lat' dir='ltr'><strong>omni</strong></span> <span class='ocrx_word' id='word_1_146' title='bbox 774 2182 1071 2243; x_wconf 87' lang='lat' dir='ltr'><strong>honestate,</strong></span> <span class='ocrx_word' id='word_1_147' title='bbox 1096 2174 1421 2231; x_wconf 87' lang='lat' dir='ltr'><strong>continentia</strong></span> <span class='ocrx_word' id='word_1_148' title='bbox 1449 2180 1504 2226; x_wconf 92' lang='lat' dir='ltr'><strong>et</strong></span> <span class='ocrx_word' id='word_1_149' title='bbox 1540 2168 1821 2233; x_wconf 88' lang='lat' dir='ltr'><strong>modestia,</strong></span> <span class='ocrx_word' id='word_1_150' title='bbox 1848 2174 1906 2221; x_wconf 91' lang='lat' dir='ltr'><strong>ut</strong></span> <span class='ocrx_word' id='word_1_151' title='bbox 1932 2165 2176 2219; x_wconf 85' lang='lat' dir='ltr'><strong>laudetur</strong></span> 
     </span>
    </p>
   </div>
   <div class='ocr_carea' id='block_1_25' title="bbox 606 2252 2173 2337">
    <p class='ocr_par' dir='ltr' id='par_1_25' title="bbox 606 2252 2173 2337">
     <span class='ocr_line' id='line_1_25' title="bbox 606 2252 2173 2337; baseline -0.013 -11"><span class='ocrx_word' id='word_1_152' title='bbox 606 2271 749 2325; x_wconf 89' lang='lat' dir='ltr'><strong>Deus</strong></span> <span class='ocrx_word' id='word_1_153' title='bbox 772 2270 825 2324; x_wconf 90' lang='lat' dir='ltr'><strong>in</strong></span> <span class='ocrx_word' id='word_1_154' title='bbox 855 2280 1016 2337; x_wconf 88' lang='lat' dir='ltr'><strong>opere</strong></span> <span class='ocrx_word' id='word_1_155' title='bbox 1057 2252 1169 2326; x_wconf 90' lang='lat' dir='ltr'><strong>tuo,</strong></span> <span class='ocrx_word' id='word_1_156' title='bbox 1199 2270 1253 2317; x_wconf 92' lang='lat' dir='ltr'><strong>et</strong></span> <span class='ocrx_word' id='word_1_157' title='bbox 1289 2276 1395 2316; x_wconf 91' lang='lat' dir='ltr'><strong>non</strong></span> <span class='ocrx_word' id='word_1_158' title='bbox 1431 2257 1851 2329; x_wconf 84' lang='lat' dir='ltr'><strong>reprehendatur</strong></span> <span class='ocrx_word' id='word_1_159' title='bbox 1893 2264 2061 2324; x_wconf 75' lang='lat' dir='ltr'><strong>pater</strong></span> <span class='ocrx_word' id='word_1_160' title='bbox 2081 2252 2173 2322; x_wconf 87' lang='lat' dir='ltr'><strong>qui</strong></span> 
     </span>
    </p>
   </div>
   <div class='ocr_carea' id='block_1_26' title="bbox 607 2342 2175 2429">
    <p class='ocr_par' dir='ltr' id='par_1_26' title="bbox 607 2342 2175 2429">
     <span class='ocr_line' id='line_1_26' title="bbox 607 2342 2175 2429; baseline -0.014 -15"><span class='ocrx_word' id='word_1_161' title='bbox 607 2368 664 2414; x_wconf 90' lang='lat' dir='ltr'><strong>te</strong></span> <span class='ocrx_word' id='word_1_162' title='bbox 690 2357 892 2429; x_wconf 86' lang='lat' dir='ltr'><strong>genuit.</strong></span> <span class='ocrx_word' id='word_1_163' title='bbox 942 2354 1070 2409; x_wconf 84' lang='lat' dir='ltr'><strong>Esto</strong></span> <span class='ocrx_word' id='word_1_164' title='bbox 1098 2351 1324 2407; x_wconf 80' lang='lat' dir='ltr'><strong>sobrius</strong></span> <span class='ocrx_word' id='word_1_165' title='bbox 1350 2350 1408 2403; x_wconf 86' lang='lat' dir='ltr'><strong>in</strong></span> <span class='ocrx_word' id='word_1_166' title='bbox 1436 2348 1556 2403; x_wconf 91' lang='lat' dir='ltr'><strong>cibo</strong></span> <span class='ocrx_word' id='word_1_167' title='bbox 1594 2361 1657 2400; x_wconf 89' lang='lat' dir='ltr'><strong>ac</strong></span> <span class='ocrx_word' id='word_1_168' title='bbox 1680 2353 1830 2414; x_wconf 86' lang='lat' dir='ltr'><strong>potu,</strong></span> <span class='ocrx_word' id='word_1_169' title='bbox 1880 2342 2036 2396; x_wconf 92' lang='lat' dir='ltr'><strong>saluti</strong></span> <span class='ocrx_word' id='word_1_170' title='bbox 2071 2348 2175 2394; x_wconf 68' lang='lat' dir='ltr'><strong>tua:</strong></span> 
     </span>
    </p>
   </div>
   <div class='ocr_carea' id='block_1_27' title="bbox 608 2432 2175 2519">
    <p class='ocr_par' dir='ltr' id='par_1_27' title="bbox 608 2432 2175 2519">
     <span class='ocr_line' id='line_1_27' title="bbox 608 2432 2175 2519; baseline -0.014 -14"><span class='ocrx_word' id='word_1_171' title='bbox 608 2449 779 2519; x_wconf 86' lang='lat' dir='ltr'><strong>magis</strong></span> <span class='ocrx_word' id='word_1_172' title='bbox 802 2444 1265 2517; x_wconf 83' lang='lat' dir='ltr'><strong>providensquam</strong></span> <span class='ocrx_word' id='word_1_173' title='bbox 1308 2438 1658 2495; x_wconf 88' lang='lat' dir='ltr'><strong>delectatione</strong></span> <span class='ocrx_word' id='word_1_174' title='bbox 1699 2434 1924 2497; x_wconf 87' lang='lat' dir='ltr'><strong>carnali,</strong></span> <span class='ocrx_word' id='word_1_175' title='bbox 1970 2432 2051 2486; x_wconf 88' lang='lat' dir='ltr'><strong>vel</strong></span> <span class='ocrx_word' id='word_1_176' title='bbox 2080 2446 2175 2485; x_wconf 86' lang='lat' dir='ltr'><strong>va-</strong></span> 
     </span>
    </p>
   </div>
   <div class='ocr_carea' id='block_1_28' title="bbox 608 2521 2176 2596">
    <p class='ocr_par' dir='ltr' id='par_1_28' title="bbox 608 2521 2176 2596">
     <span class='ocr_line' id='line_1_28' title="bbox 608 2521 2176 2596; baseline -0.013 -2"><span class='ocrx_word' id='word_1_177' title='bbox 608 2524 829 2593; x_wconf 81' lang='lat' dir='ltr'><strong>nissima</strong></span> <span class='ocrx_word' id='word_1_178' title='bbox 872 2533 1151 2590; x_wconf 82' lang='lat' dir='ltr'><strong>hominum</strong></span> <span class='ocrx_word' id='word_1_179' title='bbox 1192 2529 1368 2593; x_wconf 85' lang='lat' dir='ltr'><strong>laude,</strong></span> <span class='ocrx_word' id='word_1_180' title='bbox 1409 2542 1529 2596; x_wconf 67' lang='lat' dir='ltr'><strong>quae</strong></span> <span class='ocrx_word' id='word_1_181' title='bbox 1569 2541 1675 2580; x_wconf 90' lang='lat' dir='ltr'><strong>non</strong></span> <span class='ocrx_word' id='word_1_182' title='bbox 1713 2523 1944 2594; x_wconf 80' lang='lat' dir='ltr'><strong>proiicit,</strong></span> <span class='ocrx_word' id='word_1_183' title='bbox 1976 2523 2022 2576; x_wconf 88' lang='lat' dir='ltr'><strong>si</strong></span> <span class='ocrx_word' id='word_1_184' title='bbox 2065 2521 2176 2574; x_wconf 89' lang='lat' dir='ltr'><strong>Deo</strong></span> 
     </span>
    </p>
   </div>
   <div class='ocr_carea' id='block_1_29' title="bbox 609 2616 2175 2697">
    <p class='ocr_par' dir='ltr' id='par_1_29' title="bbox 609 2616 2175 2697">
     <span class='ocr_line' id='line_1_29' title="bbox 609 2616 2175 2697; baseline -0.011 -15"><span class='ocrx_word' id='word_1_185' title='bbox 609 2626 925 2697; x_wconf 72' lang='lat' dir='ltr'><strong>displiceant</strong></span> <span class='ocrx_word' id='word_1_186' title='bbox 958 2631 1111 2678; x_wconf 87' lang='lat' dir='ltr'><strong>actus</strong></span> <span class='ocrx_word' id='word_1_187' title='bbox 1151 2621 1249 2675; x_wconf 89' lang='lat' dir='ltr'><strong>tui.</strong></span> <span class='ocrx_word' id='word_1_188' title='bbox 1297 2619 1482 2673; x_wconf 72' lang='lat' dir='ltr'><strong>Helius</strong></span> <span class='ocrx_word' id='word_1_189' title='bbox 1508 2625 1590 2672; x_wconf 90' lang='lat' dir='ltr'><strong>est</strong></span> <span class='ocrx_word' id='word_1_190' title='bbox 1620 2617 1730 2672; x_wconf 89' lang='lat' dir='ltr'><strong>Deo</strong></span> <span class='ocrx_word' id='word_1_191' title='bbox 1775 2616 1983 2686; x_wconf 90' lang='lat' dir='ltr'><strong>placere</strong></span> <span class='ocrx_word' id='word_1_192' title='bbox 2016 2627 2175 2683; x_wconf 87' lang='lat' dir='ltr'><strong>quam</strong></span> 
     </span>
    </p>
   </div>
   <div class='ocr_carea' id='block_1_30' title="bbox 612 2701 2201 2782">
    <p class='ocr_par' dir='ltr' id='par_1_30' title="bbox 612 2701 2201 2782">
     <span class='ocr_line' id='line_1_30' title="bbox 612 2701 2201 2782; baseline -0.012 -12"><span class='ocrx_word' id='word_1_193' title='bbox 612 2727 638 2755; x_wconf 78' lang='grc' dir='ltr'><strong>ι</strong></span> <span class='ocrx_word' id='word_1_194' title='bbox 673 2712 983 2782; x_wconf 79' lang='lat' dir='ltr'><strong>strionibus,</strong></span> <span class='ocrx_word' id='word_1_195' title='bbox 1025 2722 1316 2780; x_wconf 81' lang='lat' dir='ltr'><strong>pauperum</strong></span> <span class='ocrx_word' id='word_1_196' title='bbox 1360 2706 1561 2762; x_wconf 89' lang='lat' dir='ltr'><strong>habere</strong></span> <span class='ocrx_word' id='word_1_197' title='bbox 1590 2719 1771 2760; x_wconf 89' lang='lat' dir='ltr'><strong>curam</strong></span> <span class='ocrx_word' id='word_1_198' title='bbox 1799 2718 1959 2772; x_wconf 84' lang='lat' dir='ltr'><strong>quam</strong></span> <span class='ocrx_word' id='word_1_199' title='bbox 1988 2701 2201 2777; x_wconf 2' lang='lat' dir='ltr'><strong>mimo-q</strong></span> 
     </span>
    </p>
   </div>
   <div class='ocr_carea' id='block_1_31' title="bbox 612 2784 2171 2859">
    <p class='ocr_par' dir='ltr' id='par_1_31' title="bbox 612 2784 2171 2859">
     <span class='ocr_line' id='line_1_31' title="bbox 612 2784 2171 2859; baseline -0.012 0"><span class='ocrx_word' id='word_1_200' title='bbox 612 2819 750 2859; x_wconf 87' lang='lat' dir='ltr'><strong>rum.</strong></span> <span class='ocrx_word' id='word_1_201' title='bbox 781 2801 902 2856; x_wconf 88' lang='lat' dir='ltr'><strong>Sint</strong></span> <span class='ocrx_word' id='word_1_202' title='bbox 918 2799 1021 2853; x_wconf 83' lang='lat' dir='ltr'><strong>tibi</strong></span> <span class='ocrx_word' id='word_1_203' title='bbox 1047 2799 1271 2853; x_wconf 85' lang='lat' dir='ltr'><strong>honesta</strong></span> <span class='ocrx_word' id='word_1_204' title='bbox 1294 2795 1554 2858; x_wconf 82' lang='lat' dir='ltr'><strong>convivia,</strong></span> <span class='ocrx_word' id='word_1_205' title='bbox 1582 2802 1637 2846; x_wconf 89' lang='lat' dir='ltr'><strong>ct</strong></span> <span class='ocrx_word' id='word_1_206' title='bbox 1663 2792 1899 2847; x_wconf 72' lang='lat' dir='ltr'><strong>conviva:</strong></span> <span class='ocrx_word' id='word_1_207' title='bbox 1920 2784 2171 2859; x_wconf 78' lang='lat' dir='ltr'><strong>religiosi.</strong></span> 
     </span>
    </p>
   </div>
   <div class='ocr_carea' id='block_1_32' title="bbox 611 2878 2171 2955">
    <p class='ocr_par' dir='ltr' id='par_1_32' title="bbox 611 2878 2171 2955">
     <span class='ocr_line' id='line_1_32' title="bbox 611 2878 2171 2955; baseline -0.012 -7"><span class='ocrx_word' id='word_1_208' title='bbox 611 2892 741 2947; x_wconf 79' lang='lat' dir='ltr'><strong>Esto</strong></span> <span class='ocrx_word' id='word_1_209' title='bbox 780 2890 959 2946; x_wconf 67' lang='lat' dir='ltr'><strong>senior</strong></span> <span class='ocrx_word' id='word_1_210' title='bbox 974 2888 1042 2942; x_wconf 90' lang='lat' dir='ltr'><strong>-in</strong></span> <span class='ocrx_word' id='word_1_211' title='bbox 1082 2886 1339 2950; x_wconf 87' lang='lat' dir='ltr'><strong>moribus,</strong></span> <span class='ocrx_word' id='word_1_212' title='bbox 1390 2884 1634 2955; x_wconf 81' lang='lat' dir='ltr'><strong>quamvis</strong></span> <span class='ocrx_word' id='word_1_213' title='bbox 1668 2882 1853 2952; x_wconf 80' lang='lat' dir='ltr'><strong>junior</strong></span> <span class='ocrx_word' id='word_1_214' title='bbox 1898 2882 1952 2936; x_wconf 92' lang='lat' dir='ltr'><strong>in</strong></span> <span class='ocrx_word' id='word_1_215' title='bbox 1999 2878 2171 2933; x_wconf 89' lang='lat' dir='ltr'><strong>annis.</strong></span> 
     </span>
    </p>
   </div>
   <div class='ocr_carea' id='block_1_33' title="bbox 614 2977 1567 3046">
    <p class='ocr_par' dir='ltr' id='par_1_33' title="bbox 614 2977 1567 3046">
     <span class='ocr_line' id='line_1_33' title="bbox 614 2977 1567 3046; baseline -0.009 -13"><span class='ocrx_word' id='word_1_216' title='bbox 614 2977 789 3033; x_wconf 80' lang='lat' dir='ltr'><strong>Nimia</strong></span> <span class='ocrx_word' id='word_1_217' title='bbox 816 2981 1281 3046; x_wconf 66' lang='lat' dir='ltr'><strong>quasquenooent.</strong></span> <span class='ocrx_word' id='word_1_218' title='bbox 1564 2988 1567 2989; x_wconf 60' lang='lat'><strong><em>&#39;</em></strong></span> 
     </span>
    </p>
   </div>
   <div class='ocr_carea' id='block_1_34' title="bbox 685 3056 2168 3131">
    <p class='ocr_par' dir='ltr' id='par_1_34' title="bbox 685 3056 2168 3131">
     <span class='ocr_line' id='line_1_34' title="bbox 685 3056 2168 3131; baseline -0.008 -10"><span class='ocrx_word' id='word_1_219' title='bbox 685 3067 713 3106; x_wconf 69' lang='grc' dir='ltr'>δ</span> <span class='ocrx_word' id='word_1_220' title='bbox 739 3066 889 3120; x_wconf 88' lang='lat' dir='ltr'><strong>Italia</strong></span> <span class='ocrx_word' id='word_1_221' title='bbox 920 3063 1129 3127; x_wconf 80' lang='lat' dir='ltr'><strong>inllrma</strong></span> <span class='ocrx_word' id='word_1_222' title='bbox 1155 3071 1237 3118; x_wconf 89' lang='lat' dir='ltr'><strong>est</strong></span> <span class='ocrx_word' id='word_1_223' title='bbox 1258 3063 1526 3131; x_wconf 61' lang='lat' dir='ltr'><strong>patria,~et</strong></span> <span class='ocrx_word' id='word_1_224' title='bbox 1554 3076 1705 3116; x_wconf 87' lang='lat' dir='ltr'><strong>escas</strong></span> <span class='ocrx_word' id='word_1_225' title='bbox 1727 3066 1946 3131; x_wconf 81' lang='lat' dir='ltr'><strong>generat</strong></span> <span class='ocrx_word' id='word_1_226' title='bbox 1964 3056 2168 3111; x_wconf 88' lang='lat' dir='ltr'><strong>noxias.</strong></span> 
     </span>
    </p>
   </div>
   <div class='ocr_carea' id='block_1_35' title="bbox 614 3146 2175 3217">
    <p class='ocr_par' dir='ltr' id='par_1_35' title="bbox 614 3146 2175 3217">
     <span class='ocr_line' id='line_1_35' title="bbox 614 3146 2175 3217; baseline -0.008 -7"><span class='ocrx_word' id='word_1_227' title='bbox 614 3154 817 3211; x_wconf 83' lang='lat' dir='ltr'><strong>Idcirco</strong></span> <span class='ocrx_word' id='word_1_228' title='bbox 840 3152 1146 3209; x_wconf 81' lang='lat' dir='ltr'><strong>cautissima</strong></span> <span class='ocrx_word' id='word_1_229' title='bbox 1170 3151 1593 3207; x_wconf 83' lang='lat' dir='ltr'><strong>consideratione</strong></span> <span class='ocrx_word' id='word_1_230' title='bbox 1619 3150 1820 3214; x_wconf 86' lang='lat' dir='ltr'><strong>videas,</strong></span> <span class='ocrx_word' id='word_1_231' title='bbox 1838 3146 1984 3217; x_wconf 92' lang='lat' dir='ltr'><strong>quid,</strong></span> <span class='ocrx_word' id='word_1_232' title='bbox 2008 3160 2175 3214; x_wconf 85' lang='lat' dir='ltr'><strong>quan-</strong></span> 
     </span>
    </p>
   </div>
   <div class='ocr_carea' id='block_1_36' title="bbox 617 3234 2269 3313">
    <p class='ocr_par' dir='ltr' id='par_1_36' title="bbox 617 3234 2269 3313">
     <span class='ocr_line' id='line_1_36' title="bbox 617 3234 2269 3313; baseline -0.009 -13"><span class='ocrx_word' id='word_1_233' title='bbox 617 3247 704 3309; x_wconf 89' lang='lat' dir='ltr'><strong>do,</strong></span> <span class='ocrx_word' id='word_1_234' title='bbox 734 3244 817 3298; x_wconf 85' lang='lat' dir='ltr'><strong>vel</strong></span> <span class='ocrx_word' id='word_1_235' title='bbox 844 3241 1089 3313; x_wconf 86' lang='lat' dir='ltr'><strong>qualiter,</strong></span> <span class='ocrx_word' id='word_1_236' title='bbox 1119 3239 1201 3295; x_wconf 85' lang='lat' dir='ltr'><strong>vel</strong></span> <span class='ocrx_word' id='word_1_237' title='bbox 1228 3240 1421 3309; x_wconf 78' lang='lat' dir='ltr'><strong>quibus</strong></span> <span class='ocrx_word' id='word_1_238' title='bbox 1448 3237 1613 3292; x_wconf 89' lang='lat' dir='ltr'><strong>utaris</strong></span> <span class='ocrx_word' id='word_1_239' title='bbox 1652 3237 1823 3302; x_wconf 81' lang='lat' dir='ltr'><strong>cibis;</strong></span> <span class='ocrx_word' id='word_1_240' title='bbox 1862 3244 1916 3289; x_wconf 86' lang='lat' dir='ltr'><strong>et</strong></span> <span class='ocrx_word' id='word_1_241' title='bbox 1942 3234 2178 3288; x_wconf 80' lang='lat' dir='ltr'><strong>maxime</strong></span> <span class='ocrx_word' id='word_1_242' title='bbox 2260 3277 2269 3286; x_wconf 90' lang='lat'><strong>.</strong></span> 
     </span>
    </p>
   </div>
   <div class='ocr_carea' id='block_1_37' title="bbox 614 3323 2251 3399">
    <p class='ocr_par' dir='ltr' id='par_1_37' title="bbox 614 3323 2251 3399">
     <span class='ocr_line' id='line_1_37' title="bbox 614 3323 2251 3399; baseline -0.008 -11"><span class='ocrx_word' id='word_1_243' title='bbox 614 3332 889 3399; x_wconf 83' lang='lat' dir='ltr'><strong>ebrietatis</strong></span> <span class='ocrx_word' id='word_1_244' title='bbox 924 3330 1296 3386; x_wconf 80' lang='lat' dir='ltr'><strong>assiduitatem</strong></span> <span class='ocrx_word' id='word_1_245' title='bbox 1343 3328 1542 3392; x_wconf 82' lang='lat' dir='ltr'><strong>devita,</strong></span> <span class='ocrx_word' id='word_1_246' title='bbox 1587 3326 1710 3396; x_wconf 89' lang='lat' dir='ltr'><strong>quia</strong></span> <span class='ocrx_word' id='word_1_247' title='bbox 1754 3341 1821 3380; x_wconf 92' lang='lat' dir='ltr'><strong>ex</strong></span> <span class='ocrx_word' id='word_1_248' title='bbox 1866 3324 1975 3377; x_wconf 79' lang='lat' dir='ltr'><strong>vini</strong></span> <span class='ocrx_word' id='word_1_249' title='bbox 2001 3323 2179 3378; x_wconf 89' lang='lat' dir='ltr'><strong>calore</strong></span> <span class='ocrx_word' id='word_1_250' title='bbox 2230 3350 2251 3357; x_wconf 87' lang='lat'><strong>-~</strong></span> 
     </span>
    </p>
   </div>
   <div class='ocr_carea' id='block_1_38' title="bbox 614 3410 1943 3490">
    <p class='ocr_par' dir='ltr' id='par_1_38' title="bbox 614 3410 1943 3490">
     <span class='ocr_line' id='line_1_38' title="bbox 614 3410 1943 3490; baseline -0.008 -13"><span class='ocrx_word' id='word_1_251' title='bbox 614 3410 845 3481; x_wconf 77' lang='lat' dir='ltr'><strong>febrium</strong></span> <span class='ocrx_word' id='word_1_252' title='bbox 872 3422 1032 3477; x_wconf 80' lang='lat' dir='ltr'><strong>ardor</strong></span> <span class='ocrx_word' id='word_1_253' title='bbox 1050 3421 1310 3490; x_wconf 69' lang='lat' dir='ltr'><strong>ingruere</strong></span> <span class='ocrx_word' id='word_1_254' title='bbox 1332 3418 1466 3474; x_wconf 85' lang='lat' dir='ltr'><strong>solet</strong></span> <span class='ocrx_word' id='word_1_255' title='bbox 1494 3432 1651 3486; x_wconf 84' lang='lat' dir='ltr'><strong>super</strong></span> <span class='ocrx_word' id='word_1_256' title='bbox 1681 3418 1943 3471; x_wconf 86' lang='lat' dir='ltr'><strong>incautos.</strong></span> 
     </span>
    </p>
   </div>
   <div class='ocr_carea' id='block_1_39' title="bbox 688 3504 2181 3577">
    <p class='ocr_par' dir='ltr' id='par_1_39' title="bbox 688 3504 2181 3577">
     <span class='ocr_line' id='line_1_39' title="bbox 688 3504 2181 3577; baseline -0.007 -8"><span class='ocrx_word' id='word_1_257' title='bbox 688 3514 870 3569; x_wconf 72' lang='lat' dir='ltr'><strong>Taedet</strong></span> <span class='ocrx_word' id='word_1_258' title='bbox 896 3509 1106 3566; x_wconf 77' lang='lat' dir='ltr'><strong>animus</strong></span> <span class='ocrx_word' id='word_1_259' title='bbox 1143 3524 1294 3564; x_wconf 85' lang='lat' dir='ltr'><strong>meus</strong></span> <span class='ocrx_word' id='word_1_260' title='bbox 1339 3508 1561 3563; x_wconf 88' lang='lat' dir='ltr'><strong>multum</strong></span> <span class='ocrx_word' id='word_1_261' title='bbox 1597 3523 1694 3577; x_wconf 83' lang='lat' dir='ltr'><strong>pro</strong></span> <span class='ocrx_word' id='word_1_262' title='bbox 1734 3506 1976 3562; x_wconf 85' lang='lat' dir='ltr'><strong>absentia</strong></span> <span class='ocrx_word' id='word_1_263' title='bbox 2009 3506 2106 3559; x_wconf 86' lang='lat' dir='ltr'><strong>tui.</strong></span> <span class='ocrx_word' id='word_1_264' title='bbox 2135 3504 2181 3559; x_wconf 80' lang='grc' dir='ltr'><strong>Θ</strong></span> 
     </span>
    </p>
   </div>
   <div class='ocr_carea' id='block_1_40' title="bbox 621 3595 2185 3675">
    <p class='ocr_par' dir='ltr' id='par_1_40' title="bbox 621 3595 2185 3675">
     <span class='ocr_line' id='line_1_40' title="bbox 621 3595 2185 3675; baseline -0.009 -14"><span class='ocrx_word' id='word_1_265' title='bbox 621 3619 782 3675; x_wconf 87' lang='lat' dir='ltr'><strong>quam</strong></span> <span class='ocrx_word' id='word_1_266' title='bbox 812 3601 982 3658; x_wconf 82' lang='lat' dir='ltr'><strong>dulcis</strong></span> <span class='ocrx_word' id='word_1_267' title='bbox 1008 3600 1118 3655; x_wconf 81' lang='lat' dir='ltr'><strong>vita</strong></span> <span class='ocrx_word' id='word_1_268' title='bbox 1161 3598 1281 3664; x_wconf 87' lang='lat' dir='ltr'><strong>fuit,</strong></span> <span class='ocrx_word' id='word_1_269' title='bbox 1311 3598 1435 3653; x_wconf 90' lang='lat' dir='ltr'><strong>dum</strong></span> <span class='ocrx_word' id='word_1_270' title='bbox 1478 3597 1792 3653; x_wconf 84' lang='lat' dir='ltr'><strong>sedebamus</strong></span> <span class='ocrx_word' id='word_1_271' title='bbox 1836 3595 1999 3664; x_wconf 88' lang='lat' dir='ltr'><strong>quieti</strong></span> <span class='ocrx_word' id='word_1_272' title='bbox 2044 3595 2185 3648; x_wconf 85' lang='lat' dir='ltr'><strong>inter</strong></span> 
     </span>
    </p>
   </div>
   <div class='ocr_carea' id='block_1_41' title="bbox 618 3684 2182 3762">
    <p class='ocr_par' dir='ltr' id='par_1_41' title="bbox 618 3684 2182 3762">
     <span class='ocr_line' id='line_1_41' title="bbox 618 3684 2182 3762; baseline -0.008 -15"><span class='ocrx_word' id='word_1_273' title='bbox 618 3690 877 3762; x_wconf 86' lang='lat' dir='ltr'><strong>sapientis</strong></span> <span class='ocrx_word' id='word_1_274' title='bbox 900 3688 1144 3753; x_wconf 87' lang='lat' dir='ltr'><strong>scrinias,</strong></span> <span class='ocrx_word' id='word_1_275' title='bbox 1167 3688 1310 3742; x_wconf 87' lang='lat' dir='ltr'><strong>inter</strong></span> <span class='ocrx_word' id='word_1_276' title='bbox 1329 3684 1584 3740; x_wconf 84' lang='lat' dir='ltr'><strong>librorum</strong></span> <span class='ocrx_word' id='word_1_277' title='bbox 1612 3684 1819 3753; x_wconf 70' lang='lat' dir='ltr'><strong>copias,</strong></span> <span class='ocrx_word' id='word_1_278' title='bbox 1856 3684 2182 3758; x_wconf 78' lang='lat' dir='ltr'><strong>intervene-</strong></span> 
     </span>
    </p>
   </div>
   <div class='ocr_carea' id='block_1_42' title="bbox 624 3763 2185 3842">
    <p class='ocr_par' dir='ltr' id='par_1_42' title="bbox 624 3763 2185 3842">
     <span class='ocr_line' id='line_1_42' title="bbox 624 3763 2185 3842; baseline -0.008 -7"><span class='ocrx_word' id='word_1_279' title='bbox 624 3763 820 3836; x_wconf 85' lang='lat' dir='ltr'><strong>randos</strong></span> <span class='ocrx_word' id='word_1_280' title='bbox 841 3779 1061 3833; x_wconf 80' lang='lat' dir='ltr'><strong>Patrum</strong></span> <span class='ocrx_word' id='word_1_281' title='bbox 1084 3791 1309 3840; x_wconf 78' lang='lat' dir='ltr'><strong>sensus;</strong></span> <span class='ocrx_word' id='word_1_282' title='bbox 1337 3775 1531 3842; x_wconf 78' lang='lat' dir='ltr'><strong>quibus</strong></span> <span class='ocrx_word' id='word_1_283' title='bbox 1556 3774 1689 3828; x_wconf 90' lang='lat' dir='ltr'><strong>nihil</strong></span> <span class='ocrx_word' id='word_1_284' title='bbox 1711 3772 1879 3827; x_wconf 82' lang='lat' dir='ltr'><strong>defuit</strong></span> <span class='ocrx_word' id='word_1_285' title='bbox 1900 3772 2041 3841; x_wconf 90' lang='lat' dir='ltr'><strong>quod</strong></span> <span class='ocrx_word' id='word_1_286' title='bbox 2063 3770 2185 3824; x_wconf 85' lang='lat' dir='ltr'><strong>reli—</strong></span> 
     </span>
    </p>
   </div>
   <div class='ocr_carea' id='block_1_43' title="bbox 623 3861 2187 3940">
    <p class='ocr_par' dir='ltr' id='par_1_43' title="bbox 623 3861 2187 3940">
     <span class='ocr_line' id='line_1_43' title="bbox 623 3861 2187 3940; baseline -0.008 -15"><span class='ocrx_word' id='word_1_287' title='bbox 623 3872 787 3940; x_wconf 74' lang='lat' dir='ltr'><strong>giosa:</strong></span> <span class='ocrx_word' id='word_1_288' title='bbox 826 3870 951 3923; x_wconf 71' lang='lat' dir='ltr'><strong>vitai</strong></span> <span class='ocrx_word' id='word_1_289' title='bbox 996 3875 1052 3921; x_wconf 90' lang='lat' dir='ltr'><strong>et</strong></span> <span class='ocrx_word' id='word_1_290' title='bbox 1096 3866 1272 3921; x_wconf 83' lang='lat' dir='ltr'><strong>studio</strong></span> <span class='ocrx_word' id='word_1_291' title='bbox 1316 3864 1551 3918; x_wconf 70' lang='lat' dir='ltr'><strong>scientiae</strong></span> <span class='ocrx_word' id='word_1_292' title='bbox 1583 3864 1916 3931; x_wconf 87' lang='lat' dir='ltr'><strong>deposcebat.</strong></span> <span class='ocrx_word' id='word_1_293' title='bbox 1962 3861 2187 3915; x_wconf 85' lang='lat' dir='ltr'><strong>Utamur</strong></span> 
     </span>
    </p>
   </div>
   <div class='ocr_carea' id='block_1_44' title="bbox 626 3947 2229 4024">
    <p class='ocr_par' dir='ltr' id='par_1_44' title="bbox 626 3947 2229 4024">
     <span class='ocr_line' id='line_1_44' title="bbox 626 3947 2229 4024; baseline -0.008 -8"><span class='ocrx_word' id='word_1_294' title='bbox 626 3971 804 4016; x_wconf 88' lang='lat' dir='ltr'><strong>tamen</strong></span> <span class='ocrx_word' id='word_1_295' title='bbox 833 3966 974 4012; x_wconf 83' lang='lat' dir='ltr'><strong>sorte</strong></span> <span class='ocrx_word' id='word_1_296' title='bbox 1014 3954 1261 4024; x_wconf 73' lang='lat' dir='ltr'><strong>przesenti</strong></span> <span class='ocrx_word' id='word_1_297' title='bbox 1286 3953 1570 4008; x_wconf 89' lang='lat' dir='ltr'><strong>secundum</strong></span> <span class='ocrx_word' id='word_1_298' title='bbox 1615 3952 1862 4005; x_wconf 87' lang='lat' dir='ltr'><strong>virtutem</strong></span> <span class='ocrx_word' id='word_1_299' title='bbox 1892 3950 2100 4011; x_wconf 69' lang='lat' dir='ltr'><strong>animae,</strong></span> <span class='ocrx_word' id='word_1_300' title='bbox 2133 3948 2185 4003; x_wconf 88' lang='lat' dir='ltr'><strong>in</strong></span> <span class='ocrx_word' id='word_1_301' title='bbox 2226 3947 2229 3950; x_wconf 47' lang='grc'><em>⁴</em></span> 
     </span>
    </p>
   </div>
   <div class='ocr_carea' id='block_1_45' title="bbox 628 4038 2187 4120">
    <p class='ocr_par' dir='ltr' id='par_1_45' title="bbox 628 4038 2187 4120">
     <span class='ocr_line' id='line_1_45' title="bbox 628 4038 2187 4120; baseline -0.008 -16"><span class='ocrx_word' id='word_1_302' title='bbox 628 4050 797 4120; x_wconf 86' lang='lat' dir='ltr'><strong>gratia</strong></span> <span class='ocrx_word' id='word_1_303' title='bbox 841 4045 1167 4102; x_wconf 77' lang='lat' dir='ltr'><strong>confidentes</strong></span> <span class='ocrx_word' id='word_1_304' title='bbox 1210 4042 1406 4105; x_wconf 88' lang='lat' dir='ltr'><strong>divina,</strong></span> <span class='ocrx_word' id='word_1_305' title='bbox 1450 4044 1568 4109; x_wconf 67' lang='lat' dir='ltr'><strong>qua:</strong></span> <span class='ocrx_word' id='word_1_306' title='bbox 1610 4055 1708 4094; x_wconf 87' lang='lat' dir='ltr'><strong>nos</strong></span> <span class='ocrx_word' id='word_1_307' title='bbox 1735 4054 2007 4108; x_wconf 88' lang='lat' dir='ltr'><strong>nunquam</strong></span> <span class='ocrx_word' id='word_1_308' title='bbox 2036 4038 2187 4093; x_wconf 90' lang='lat' dir='ltr'><strong>dere-</strong></span> 
     </span>
    </p>
   </div>
   <div class='ocr_carea' id='block_1_46' title="bbox 628 4127 2188 4207">
    <p class='ocr_par' dir='ltr' id='par_1_46' title="bbox 628 4127 2188 4207">
     <span class='ocr_line' id='line_1_46' title="bbox 628 4127 2188 4207; baseline -0.006 -15"><span class='ocrx_word' id='word_1_309' title='bbox 628 4138 838 4207; x_wconf 88' lang='lat' dir='ltr'><strong>linquit,</strong></span> <span class='ocrx_word' id='word_1_310' title='bbox 869 4134 914 4189; x_wconf 88' lang='lat' dir='ltr'><strong>si</strong></span> <span class='ocrx_word' id='word_1_311' title='bbox 944 4141 1109 4188; x_wconf 89' lang='lat' dir='ltr'><strong>totam</strong></span> <span class='ocrx_word' id='word_1_312' title='bbox 1136 4146 1283 4199; x_wconf 90' lang='lat' dir='ltr'><strong>spem</strong></span> <span class='ocrx_word' id='word_1_313' title='bbox 1325 4144 1597 4199; x_wconf 84' lang='lat' dir='ltr'><strong>ponamus</strong></span> <span class='ocrx_word' id='word_1_314' title='bbox 1624 4128 1677 4183; x_wconf 91' lang='lat' dir='ltr'><strong>in</strong></span> <span class='ocrx_word' id='word_1_315' title='bbox 1719 4128 1882 4183; x_wconf 89' lang='lat' dir='ltr'><strong>illam.</strong></span> <span class='ocrx_word' id='word_1_316' title='bbox 1924 4127 2035 4198; x_wconf 83' lang='lat' dir='ltr'><strong>Ego</strong></span> <span class='ocrx_word' id='word_1_317' title='bbox 2062 4142 2188 4182; x_wconf 89' lang='lat' dir='ltr'><strong>vero</strong></span> 
     </span>
    </p>
   </div>
   <div class='ocr_carea' id='block_1_47' title="bbox 630 4216 2191 4286">
    <p class='ocr_par' dir='ltr' id='par_1_47' title="bbox 630 4216 2191 4286">
     <span class='ocr_line' id='line_1_47' title="bbox 630 4216 2191 4286; baseline -0.008 -4"><span class='ocrx_word' id='word_1_318' title='bbox 630 4228 883 4282; x_wconf 62' lang='lat' dir='ltr'><strong>tadiosus</strong></span> <span class='ocrx_word' id='word_1_319' title='bbox 908 4232 961 4278; x_wconf 89' lang='lat' dir='ltr'><strong>et</strong></span> <span class='ocrx_word' id='word_1_320' title='bbox 1004 4222 1173 4277; x_wconf 81' lang='lat' dir='ltr'><strong>tristis</strong></span> <span class='ocrx_word' id='word_1_321' title='bbox 1208 4220 1605 4276; x_wconf 83' lang='lat' dir='ltr'><strong>desiderabilem</strong></span> <span class='ocrx_word' id='word_1_322' title='bbox 1645 4227 1837 4273; x_wconf 76' lang='lat' dir='ltr'><strong>vestrae</strong></span> <span class='ocrx_word' id='word_1_323' title='bbox 1875 4216 2030 4272; x_wconf 80' lang='lat' dir='ltr'><strong>faciei</strong></span> <span class='ocrx_word' id='word_1_324' title='bbox 2056 4232 2191 4286; x_wconf 70' lang='lat' dir='ltr'><strong>pra:-</strong></span> 
     </span>
    </p>
   </div>
   <div class='ocr_carea' id='block_1_48' title="bbox 632 4302 2190 4379">
    <p class='ocr_par' dir='ltr' id='par_1_48' title="bbox 632 4302 2190 4379">
     <span class='ocr_line' id='line_1_48' title="bbox 632 4302 2190 4379; baseline -0.007 -9"><span class='ocrx_word' id='word_1_325' title='bbox 632 4314 865 4371; x_wconf 87' lang='lat' dir='ltr'><strong>stolabor</strong></span> <span class='ocrx_word' id='word_1_326' title='bbox 889 4318 1182 4379; x_wconf 85' lang='lat' dir='ltr'><strong>aspectum,</strong></span> <span class='ocrx_word' id='word_1_327' title='bbox 1227 4302 1477 4379; x_wconf 83' lang='lat' dir='ltr'><strong>ignorans</strong></span> <span class='ocrx_word' id='word_1_328' title='bbox 1502 4310 1564 4363; x_wconf 80' lang='lat' dir='ltr'><strong>si</strong></span> <span class='ocrx_word' id='word_1_329' title='bbox 1593 4316 1646 4363; x_wconf 90' lang='lat' dir='ltr'><strong>te</strong></span> <span class='ocrx_word' id='word_1_330' title='bbox 1672 4310 1969 4364; x_wconf 88' lang='lat' dir='ltr'><strong>venientem</strong></span> <span class='ocrx_word' id='word_1_331' title='bbox 2007 4307 2190 4361; x_wconf 86' lang='lat' dir='ltr'><strong>videre</strong></span> 
     </span>
    </p>
   </div>
   <div class='ocr_carea' id='block_1_49' title="bbox 2266 506 3832 581">
    <p class='ocr_par' dir='ltr' id='par_1_49' title="bbox 2266 506 3832 581">
     <span class='ocr_line' id='line_1_49' title="bbox 2266 506 3832 581; baseline -0.004 -12"><span class='ocrx_word' id='word_1_332' title='bbox 2266 517 2412 569; x_wconf 84' lang='lat' dir='ltr'><strong>ribus</strong></span> <span class='ocrx_word' id='word_1_333' title='bbox 2451 523 2505 568; x_wconf 91' lang='lat' dir='ltr'><strong>et</strong></span> <span class='ocrx_word' id='word_1_334' title='bbox 2552 512 2878 581; x_wconf 80' lang='lat' dir='ltr'><strong>sapientibus</strong></span> <span class='ocrx_word' id='word_1_335' title='bbox 2929 519 3079 564; x_wconf 88' lang='lat' dir='ltr'><strong>utere</strong></span> <span class='ocrx_word' id='word_1_336' title='bbox 3134 507 3474 563; x_wconf 88' lang='lat' dir='ltr'><strong>consiliariis.</strong></span> <span class='ocrx_word' id='word_1_337' title='bbox 3532 506 3832 564; x_wconf 76' lang='lat' dir='ltr'><strong>Recordare</strong></span> 
     </span>
    </p>
   </div>
   <div class='ocr_carea' id='block_1_50' title="bbox 2264 598 3927 669">
    <p class='ocr_par' dir='ltr' id='par_1_50' title="bbox 2264 598 3927 669">
     <span class='ocr_line' id='line_1_50' title="bbox 2264 598 3927 669; baseline -0.002 -11"><span class='ocrx_word' id='word_1_338' title='bbox 2264 605 2498 661; x_wconf 82' lang='lat' dir='ltr'><strong>Roboam</strong></span> <span class='ocrx_word' id='word_1_339' title='bbox 2529 604 2693 658; x_wconf 86' lang='lat' dir='ltr'><strong>tilium</strong></span> <span class='ocrx_word' id='word_1_340' title='bbox 2737 602 3056 657; x_wconf 87' lang='lat' dir='ltr'><strong>Salomonis.</strong></span> <span class='ocrx_word' id='word_1_341' title='bbox 3105 598 3293 655; x_wconf 89' lang='lat' dir='ltr'><strong>Omnis</strong></span> <span class='ocrx_word' id='word_1_342' title='bbox 3320 599 3535 654; x_wconf 86' lang='lat' dir='ltr'><strong>lascivia</strong></span> <span class='ocrx_word' id='word_1_343' title='bbox 3566 599 3721 669; x_wconf 81' lang='lat' dir='ltr'><strong>longe</strong></span> <span class='ocrx_word' id='word_1_344' title='bbox 3762 600 3833 654; x_wconf 88' lang='lat' dir='ltr'><strong>sit</strong></span> <span class='ocrx_word' id='word_1_345' title='bbox 3919 618 3927 624; x_wconf 93' lang='grc'>·</span> 
     </span>
    </p>
   </div>
   <div class='ocr_carea' id='block_1_51' title="bbox 2264 689 3832 759">
    <p class='ocr_par' dir='ltr' id='par_1_51' title="bbox 2264 689 3832 759">
     <span class='ocr_line' id='line_1_51' title="bbox 2264 689 3832 759; baseline -0.001 -14"><span class='ocrx_word' id='word_1_346' title='bbox 2264 708 2293 745; x_wconf 86' lang='lat' dir='ltr'><strong>a</strong></span> <span class='ocrx_word' id='word_1_347' title='bbox 2317 692 2695 746; x_wconf 86' lang='lat' dir='ltr'><strong>consuetudine</strong></span> <span class='ocrx_word' id='word_1_348' title='bbox 2736 699 2844 744; x_wconf 88' lang='lat' dir='ltr'><strong>tua.</strong></span> <span class='ocrx_word' id='word_1_349' title='bbox 2879 690 2999 744; x_wconf 89' lang='lat' dir='ltr'><strong>Sint</strong></span> <span class='ocrx_word' id='word_1_350' title='bbox 3028 690 3123 743; x_wconf 87' lang='lat' dir='ltr'><strong>tibi</strong></span> <span class='ocrx_word' id='word_1_351' title='bbox 3154 690 3314 759; x_wconf 82' lang='lat' dir='ltr'><strong>verba</strong></span> <span class='ocrx_word' id='word_1_352' title='bbox 3354 690 3407 742; x_wconf 92' lang='lat' dir='ltr'><strong>in</strong></span> <span class='ocrx_word' id='word_1_353' title='bbox 3441 689 3686 754; x_wconf 87' lang='lat' dir='ltr'><strong>veritate,</strong></span> <span class='ocrx_word' id='word_1_354' title='bbox 3717 704 3832 744; x_wconf 87' lang='lat' dir='ltr'><strong>mo-</strong></span> 
     </span>
    </p>
   </div>
   <div class='ocr_carea' id='block_1_52' title="bbox 2265 779 3832 850">
    <p class='ocr_par' dir='ltr' id='par_1_52' title="bbox 2265 779 3832 850">
     <span class='ocr_line' id='line_1_52' title="bbox 2265 779 3832 850; baseline -0.003 -13"><span class='ocrx_word' id='word_1_355' title='bbox 2265 798 2351 837; x_wconf 90' lang='lat' dir='ltr'><strong>res</strong></span> <span class='ocrx_word' id='word_1_356' title='bbox 2379 782 2431 836; x_wconf 92' lang='lat' dir='ltr'><strong>in</strong></span> <span class='ocrx_word' id='word_1_357' title='bbox 2460 784 2756 846; x_wconf 80' lang='lat' dir='ltr'><strong>honestate,</strong></span> <span class='ocrx_word' id='word_1_358' title='bbox 2787 796 2981 850; x_wconf 87' lang='lat' dir='ltr'><strong>corpus</strong></span> <span class='ocrx_word' id='word_1_359' title='bbox 3018 782 3072 834; x_wconf 92' lang='lat' dir='ltr'><strong>in</strong></span> <span class='ocrx_word' id='word_1_360' title='bbox 3095 780 3359 842; x_wconf 85' lang='lat' dir='ltr'><strong>castitate,</strong></span> <span class='ocrx_word' id='word_1_361' title='bbox 3388 779 3600 833; x_wconf 86' lang='lat' dir='ltr'><strong>habitus</strong></span> <span class='ocrx_word' id='word_1_362' title='bbox 3627 780 3678 832; x_wconf 90' lang='lat' dir='ltr'><strong>in</strong></span> <span class='ocrx_word' id='word_1_363' title='bbox 3710 780 3832 834; x_wconf 86' lang='lat' dir='ltr'><strong>reli-</strong></span> 
     </span>
    </p>
   </div>
   <div class='ocr_carea' id='block_1_53' title="bbox 2265 858 3830 937">
    <p class='ocr_par' dir='ltr' id='par_1_53' title="bbox 2265 858 3830 937">
     <span class='ocr_line' id='line_1_53' title="bbox 2265 858 3830 937; baseline -0.002 -16"><span class='ocrx_word' id='word_1_364' title='bbox 2265 869 2437 937; x_wconf 84' lang='lat' dir='ltr'><strong>gione,</strong></span> <span class='ocrx_word' id='word_1_365' title='bbox 2463 869 2612 923; x_wconf 84' lang='lat' dir='ltr'><strong>cibus</strong></span> <span class='ocrx_word' id='word_1_366' title='bbox 2633 877 2871 937; x_wconf 8' lang='lat' dir='ltr'><strong>cttpotus</strong></span> <span class='ocrx_word' id='word_1_367' title='bbox 2892 868 2945 921; x_wconf 90' lang='lat' dir='ltr'><strong>in</strong></span> <span class='ocrx_word' id='word_1_368' title='bbox 2973 858 3340 931; x_wconf 29' lang='lat' dir='ltr'><strong>modestia,&#39;et&#39;</strong></span> <span class='ocrx_word' id='word_1_369' title='bbox 3370 874 3607 933; x_wconf 85' lang='lat' dir='ltr'><strong>tempora</strong></span> <span class='ocrx_word' id='word_1_370' title='bbox 3635 874 3830 919; x_wconf 89' lang='lat' dir='ltr'><strong>statuta</strong></span> 
     </span>
    </p>
   </div>
   <div class='ocr_carea' id='block_1_54' title="bbox 2268 944 3833 1027">
    <p class='ocr_par' dir='ltr' id='par_1_54' title="bbox 2268 944 3833 1027">
     <span class='ocr_line' id='line_1_54' title="bbox 2268 944 3833 1027; baseline -0.001 -18"><span class='ocrx_word' id='word_1_371' title='bbox 2268 957 2318 1012; x_wconf 90' lang='lat' dir='ltr'><strong>id</strong></span> <span class='ocrx_word' id='word_1_372' title='bbox 2346 958 2398 1010; x_wconf 87' lang='lat' dir='ltr'><strong>in</strong></span> <span class='ocrx_word' id='word_1_373' title='bbox 2430 971 2536 1026; x_wconf 89' lang='lat' dir='ltr'><strong>quo</strong></span> <span class='ocrx_word' id='word_1_374' title='bbox 2579 972 2736 1027; x_wconf 79' lang='lat' dir='ltr'><strong>agere</strong></span> <span class='ocrx_word' id='word_1_375' title='bbox 2764 957 2980 1011; x_wconf 85' lang='lat' dir='ltr'><strong>debeas.</strong></span> <span class='ocrx_word' id='word_1_376' title='bbox 3026 944 3435 1024; x_wconf 68' lang='lat' dir='ltr'><strong>lndisciplinatm</strong></span> <span class='ocrx_word' id='word_1_377' title='bbox 3480 953 3703 1023; x_wconf 77' lang='lat' dir='ltr'><strong>loquela:</strong></span> <span class='ocrx_word' id='word_1_378' title='bbox 3728 969 3833 1009; x_wconf 84' lang='lat' dir='ltr'><strong>non</strong></span> 
     </span>
    </p>
   </div>
   <div class='ocr_carea' id='block_1_55' title="bbox 2266 1043 3835 1112">
    <p class='ocr_par' dir='ltr' id='par_1_55' title="bbox 2266 1043 3835 1112">
     <span class='ocr_line' id='line_1_55' title="bbox 2266 1043 3835 1112; baseline -0.001 -13"><span class='ocrx_word' id='word_1_379' title='bbox 2266 1055 2541 1101; x_wconf 86' lang='lat' dir='ltr'><strong>assuescat</strong></span> <span class='ocrx_word' id='word_1_380' title='bbox 2585 1062 2646 1100; x_wconf 90' lang='lat' dir='ltr'><strong>os</strong></span> <span class='ocrx_word' id='word_1_381' title='bbox 2685 1055 2856 1100; x_wconf 90' lang='lat' dir='ltr'><strong>tuum.</strong></span> <span class='ocrx_word' id='word_1_382' title='bbox 2908 1044 3030 1099; x_wconf 90' lang='lat' dir='ltr'><strong>Sint</strong></span> <span class='ocrx_word' id='word_1_383' title='bbox 3076 1046 3173 1098; x_wconf 88' lang='lat' dir='ltr'><strong>tibi</strong></span> <span class='ocrx_word' id='word_1_384' title='bbox 3226 1045 3389 1099; x_wconf 84' lang='lat' dir='ltr'><strong>verba</strong></span> <span class='ocrx_word' id='word_1_385' title='bbox 3433 1043 3692 1112; x_wconf 88' lang='lat' dir='ltr'><strong>simplicia</strong></span> <span class='ocrx_word' id='word_1_386' title='bbox 3718 1044 3835 1097; x_wconf 88' lang='lat' dir='ltr'><strong>sine</strong></span> 
     </span>
    </p>
   </div>
   <div class='ocr_carea' id='block_1_56' title="bbox 2258 1135 3833 1206">
    <p class='ocr_par' dir='ltr' id='par_1_56' title="bbox 2258 1135 3833 1206">
     <span class='ocr_line' id='line_1_56' title="bbox 2258 1135 3833 1206; baseline -0.002 -17"><span class='ocrx_word' id='word_1_387' title='bbox 2258 1135 2584 1202; x_wconf 74' lang='lat' dir='ltr'><strong>iuramento,</strong></span> <span class='ocrx_word' id='word_1_388' title='bbox 2633 1138 2857 1199; x_wconf 86' lang='lat' dir='ltr'><strong>veritate</strong></span> <span class='ocrx_word' id='word_1_389' title='bbox 2902 1138 3079 1206; x_wconf 90' lang='lat' dir='ltr'><strong>plena,</strong></span> <span class='ocrx_word' id='word_1_390' title='bbox 3129 1136 3404 1204; x_wconf 75' lang='lat' dir='ltr'><strong>sapientia:</strong></span> <span class='ocrx_word' id='word_1_391' title='bbox 3449 1135 3558 1190; x_wconf 91' lang='lat' dir='ltr'><strong>sale</strong></span> <span class='ocrx_word' id='word_1_392' title='bbox 3599 1135 3833 1189; x_wconf 86' lang='lat' dir='ltr'><strong>condita.</strong></span> 
     </span>
    </p>
   </div>
   <div class='ocr_carea' id='block_1_57' title="bbox 2267 1225 3837 1298">
    <p class='ocr_par' dir='ltr' id='par_1_57' title="bbox 2267 1225 3837 1298">
     <span class='ocr_line' id='line_1_57' title="bbox 2267 1225 3837 1298; baseline -0.001 -18"><span class='ocrx_word' id='word_1_393' title='bbox 2267 1226 2372 1280; x_wconf 89' lang='lat' dir='ltr'><strong>Cor</strong></span> <span class='ocrx_word' id='word_1_394' title='bbox 2391 1225 2613 1295; x_wconf 70' lang='lat' dir='ltr'><strong>iudicet,</strong></span> <span class='ocrx_word' id='word_1_395' title='bbox 2643 1236 2926 1297; x_wconf 88' lang='lat' dir='ltr'><strong>antequam</strong></span> <span class='ocrx_word' id='word_1_396' title='bbox 2966 1229 3145 1298; x_wconf 89' lang='lat' dir='ltr'><strong>lingua</strong></span> <span class='ocrx_word' id='word_1_397' title='bbox 3184 1229 3451 1297; x_wconf 90' lang='lat' dir='ltr'><strong>loquatur.</strong></span> <span class='ocrx_word' id='word_1_398' title='bbox 3501 1226 3678 1280; x_wconf 77' lang='lat' dir='ltr'><strong>Multa:</strong></span> <span class='ocrx_word' id='word_1_399' title='bbox 3712 1235 3837 1279; x_wconf 90' lang='lat' dir='ltr'><strong>sunt</strong></span> 
     </span>
    </p>
   </div>
   <div class='ocr_carea' id='block_1_58' title="bbox 2269 1317 3835 1388">
    <p class='ocr_par' dir='ltr' id='par_1_58' title="bbox 2269 1317 3835 1388">
     <span class='ocr_line' id='line_1_58' title="bbox 2269 1317 3835 1388; baseline -0.001 -18"><span class='ocrx_word' id='word_1_400' title='bbox 2269 1317 2478 1373; x_wconf 78' lang='lat' dir='ltr'><strong>invidia:</strong></span> <span class='ocrx_word' id='word_1_401' title='bbox 2504 1326 2559 1372; x_wconf 86' lang='lat' dir='ltr'><strong>et</strong></span> <span class='ocrx_word' id='word_1_402' title='bbox 2587 1319 2823 1388; x_wconf 62' lang='lat' dir='ltr'><strong>perﬁdiae</strong></span> <span class='ocrx_word' id='word_1_403' title='bbox 2846 1320 3157 1384; x_wconf 88' lang='lat' dir='ltr'><strong>hominum;</strong></span> <span class='ocrx_word' id='word_1_404' title='bbox 3203 1318 3416 1387; x_wconf 91' lang='lat' dir='ltr'><strong>plurimi</strong></span> <span class='ocrx_word' id='word_1_405' title='bbox 3445 1326 3569 1371; x_wconf 89' lang='lat' dir='ltr'><strong>sunt</strong></span> <span class='ocrx_word' id='word_1_406' title='bbox 3594 1317 3752 1371; x_wconf 88' lang='lat' dir='ltr'><strong>amici</strong></span> <span class='ocrx_word' id='word_1_407' title='bbox 3783 1318 3835 1370; x_wconf 89' lang='lat' dir='ltr'><strong>in</strong></span> 
     </span>
    </p>
   </div>
   <div class='ocr_carea' id='block_1_59' title="bbox 2268 1408 3155 1471">
    <p class='ocr_par' dir='ltr' id='par_1_59' title="bbox 2268 1408 3155 1471">
     <span class='ocr_line' id='line_1_59' title="bbox 2268 1408 3155 1471; baseline 0.002 -13"><span class='ocrx_word' id='word_1_408' title='bbox 2268 1420 2473 1471; x_wconf 87' lang='lat' dir='ltr'><strong>mensa,</strong></span> <span class='ocrx_word' id='word_1_409' title='bbox 2499 1415 2554 1460; x_wconf 90' lang='lat' dir='ltr'><strong>et</strong></span> <span class='ocrx_word' id='word_1_410' title='bbox 2580 1408 2689 1460; x_wconf 90' lang='lat' dir='ltr'><strong>rari</strong></span> <span class='ocrx_word' id='word_1_411' title='bbox 2720 1408 2772 1460; x_wconf 92' lang='lat' dir='ltr'><strong>in</strong></span> <span class='ocrx_word' id='word_1_412' title='bbox 2800 1409 3155 1463; x_wconf 52' lang='lat' dir='ltr'><strong>necessitate-</strong></span> 
     </span>
    </p>
   </div>
   <div class='ocr_carea' id='block_1_60' title="bbox 2280 1496 3839 1567">
    <p class='ocr_par' dir='ltr' id='par_1_60' title="bbox 2280 1496 3839 1567">
     <span class='ocr_line' id='line_1_60' title="bbox 2280 1496 3839 1567; baseline -0.002 -17"><span class='ocrx_word' id='word_1_413' title='bbox 2280 1553 2285 1557; x_wconf 62' lang='grc'>,</span> <span class='ocrx_word' id='word_1_414' title='bbox 2337 1496 2474 1562; x_wconf 84' lang='lat' dir='ltr'><strong>Quid</strong></span> <span class='ocrx_word' id='word_1_415' title='bbox 2499 1512 2631 1566; x_wconf 91' lang='lat' dir='ltr'><strong>opus</strong></span> <span class='ocrx_word' id='word_1_416' title='bbox 2673 1507 2755 1551; x_wconf 91' lang='lat' dir='ltr'><strong>est</strong></span> <span class='ocrx_word' id='word_1_417' title='bbox 2797 1498 2947 1567; x_wconf 90' lang='lat' dir='ltr'><strong>plura</strong></span> <span class='ocrx_word' id='word_1_418' title='bbox 2976 1499 3231 1560; x_wconf 88' lang='lat' dir='ltr'><strong>scribere,</strong></span> <span class='ocrx_word' id='word_1_419' title='bbox 3273 1497 3398 1553; x_wconf 93' lang='lat' dir='ltr'><strong>dum</strong></span> <span class='ocrx_word' id='word_1_420' title='bbox 3444 1497 3644 1566; x_wconf 88' lang='lat' dir='ltr'><strong>optime</strong></span> <span class='ocrx_word' id='word_1_421' title='bbox 3671 1496 3839 1550; x_wconf 90' lang='lat' dir='ltr'><strong>nostis</strong></span> 
     </span>
    </p>
   </div>
   <div class='ocr_carea' id='block_1_61' title="bbox 2269 1586 3836 1656">
    <p class='ocr_par' dir='ltr' id='par_1_61' title="bbox 2269 1586 3836 1656">
     <span class='ocr_line' id='line_1_61' title="bbox 2269 1586 3836 1656; baseline -0.001 -16"><span class='ocrx_word' id='word_1_422' title='bbox 2269 1587 2395 1656; x_wconf 90' lang='lat' dir='ltr'><strong>quid</strong></span> <span class='ocrx_word' id='word_1_423' title='bbox 2424 1586 2805 1656; x_wconf 55' lang='lat' dir='ltr'><strong>saepius&#39;incor</strong></span> <span class='ocrx_word' id='word_1_424' title='bbox 2823 1588 3101 1642; x_wconf 83' lang='lat' dir='ltr'><strong>charitatis</strong></span> <span class='ocrx_word' id='word_1_425' title='bbox 3121 1596 3311 1642; x_wconf 71' lang='lat' dir='ltr'><strong>vestra:</strong></span> <span class='ocrx_word' id='word_1_426' title='bbox 3338 1588 3561 1642; x_wconf 85' lang='lat' dir='ltr'><strong>suadere</strong></span> <span class='ocrx_word' id='word_1_427' title='bbox 3581 1587 3836 1641; x_wconf 78' lang='lat' dir='ltr'><strong>solebam.</strong></span> 
     </span>
    </p>
   </div>
   <div class='ocr_carea' id='block_1_62' title="bbox 2270 1674 3845 1744">
    <p class='ocr_par' dir='ltr' id='par_1_62' title="bbox 2270 1674 3845 1744">
     <span class='ocr_line' id='line_1_62' title="bbox 2270 1674 3845 1744; baseline -0.001 -17"><span class='ocrx_word' id='word_1_428' title='bbox 2270 1674 2348 1727; x_wconf 78' lang='lat' dir='ltr'><strong>Ex</strong></span> <span class='ocrx_word' id='word_1_429' title='bbox 2396 1675 2603 1728; x_wconf 86' lang='lat' dir='ltr'><strong>meritis</strong></span> <span class='ocrx_word' id='word_1_430' title='bbox 2641 1674 2957 1729; x_wconf 76' lang='lat' dir='ltr'><strong>obedientiae</strong></span> <span class='ocrx_word' id='word_1_431' title='bbox 3002 1683 3221 1744; x_wconf 89' lang='lat' dir='ltr'><strong>paterna</strong></span> <span class='ocrx_word' id='word_1_432' title='bbox 3268 1675 3571 1729; x_wconf 89' lang='lat' dir='ltr'><strong>benedictio</strong></span> <span class='ocrx_word' id='word_1_433' title='bbox 3609 1674 3753 1739; x_wconf 86' lang='lat' dir='ltr'><strong>filiis,</strong></span> <span class='ocrx_word' id='word_1_434' title='bbox 3784 1684 3845 1727; x_wconf 90' lang='lat' dir='ltr'><strong>ut</strong></span> 
     </span>
    </p>
   </div>
   <div class='ocr_carea' id='block_1_63' title="bbox 2203 1762 3840 1843">
    <p class='ocr_par' dir='ltr' id='par_1_63' title="bbox 2203 1762 3840 1843">
     <span class='ocr_line' id='line_1_63' title="bbox 2203 1762 3840 1843; baseline 0 -26"><span class='ocrx_word' id='word_1_435' title='bbox 2203 1786 2245 1843; x_wconf 72' lang='grc' dir='ltr'><strong>Β</strong></span> <span class='ocrx_word' id='word_1_436' title='bbox 2269 1778 2411 1828; x_wconf 79' lang='lat' dir='ltr'><strong>reor,</strong></span> <span class='ocrx_word' id='word_1_437' title='bbox 2452 1764 2680 1818; x_wconf 88' lang='lat' dir='ltr'><strong>eveniet.</strong></span> <span class='ocrx_word' id='word_1_438' title='bbox 2712 1763 3014 1819; x_wconf 83' lang='lat' dir='ltr'><strong>Considera</strong></span> <span class='ocrx_word' id='word_1_439' title='bbox 3054 1765 3266 1830; x_wconf 75' lang='lat' dir='ltr'><strong>Ruben,</strong></span> <span class='ocrx_word' id='word_1_440' title='bbox 3315 1773 3586 1818; x_wconf 87' lang='lat' dir='ltr'><strong>memento</strong></span> <span class='ocrx_word' id='word_1_441' title='bbox 3624 1762 3840 1829; x_wconf 67' lang='lat' dir='ltr'><strong>ludam,</strong></span> 
     </span>
    </p>
   </div>
   <div class='ocr_carea' id='block_1_64' title="bbox 2269 1855 3844 1925">
    <p class='ocr_par' dir='ltr' id='par_1_64' title="bbox 2269 1855 3844 1925">
     <span class='ocr_line' id='line_1_64' title="bbox 2269 1855 3844 1925; baseline -0.001 -15"><span class='ocrx_word' id='word_1_442' title='bbox 2269 1856 2335 1910; x_wconf 89' lang='lat' dir='ltr'><strong>de</strong></span> <span class='ocrx_word' id='word_1_443' title='bbox 2378 1870 2485 1911; x_wconf 90' lang='lat' dir='ltr'><strong>uno</strong></span> <span class='ocrx_word' id='word_1_444' title='bbox 2527 1862 2677 1925; x_wconf 89' lang='lat' dir='ltr'><strong>patre</strong></span> <span class='ocrx_word' id='word_1_445' title='bbox 2702 1864 2758 1909; x_wconf 91' lang='lat' dir='ltr'><strong>et</strong></span> <span class='ocrx_word' id='word_1_446' title='bbox 2800 1862 2975 1910; x_wconf 90' lang='lat' dir='ltr'><strong>matre</strong></span> <span class='ocrx_word' id='word_1_447' title='bbox 3002 1856 3230 1925; x_wconf 90' lang='lat' dir='ltr'><strong>genitos,</strong></span> <span class='ocrx_word' id='word_1_448' title='bbox 3277 1870 3341 1910; x_wconf 91' lang='lat' dir='ltr'><strong>ex</strong></span> <span class='ocrx_word' id='word_1_449' title='bbox 3379 1855 3605 1909; x_wconf 88' lang='lat' dir='ltr'><strong>diversis</strong></span> <span class='ocrx_word' id='word_1_450' title='bbox 3636 1855 3844 1909; x_wconf 85' lang='lat' dir='ltr'><strong>meritis</strong></span> 
     </span>
    </p>
   </div>
   <div class='ocr_carea' id='block_1_65' title="bbox 2270 1942 3843 1998">
    <p class='ocr_par' dir='ltr' id='par_1_65' title="bbox 2270 1942 3843 1998">
     <span class='ocr_line' id='line_1_65' title="bbox 2270 1942 3843 1998; baseline -0.002 0"><span class='ocrx_word' id='word_1_451' title='bbox 2270 1945 2508 1998; x_wconf 81' lang='lat' dir='ltr'><strong>diversas</strong></span> <span class='ocrx_word' id='word_1_452' title='bbox 2553 1944 2811 1998; x_wconf 83' lang='lat' dir='ltr'><strong>habentes</strong></span> <span class='ocrx_word' id='word_1_453' title='bbox 2861 1943 3277 1998; x_wconf 89' lang='lat' dir='ltr'><strong>benedictiones.</strong></span> <span class='ocrx_word' id='word_1_454' title='bbox 3334 1942 3528 1998; x_wconf 85' lang='lat' dir='ltr'><strong>Petrus</strong></span> <span class='ocrx_word' id='word_1_455' title='bbox 3575 1950 3629 1996; x_wconf 90' lang='lat' dir='ltr'><strong>et</strong></span> <span class='ocrx_word' id='word_1_456' title='bbox 3677 1942 3843 1996; x_wconf 77' lang='lat' dir='ltr'><strong>ludas</strong></span> 
     </span>
    </p>
   </div>
   <div class='ocr_carea' id='block_1_66' title="bbox 2271 2030 3843 2101">
    <p class='ocr_par' dir='ltr' id='par_1_66' title="bbox 2271 2030 3843 2101">
     <span class='ocr_line' id='line_1_66' title="bbox 2271 2030 3843 2101; baseline -0.002 -14"><span class='ocrx_word' id='word_1_457' title='bbox 2271 2034 2427 2087; x_wconf 91' lang='lat' dir='ltr'><strong>ambo</strong></span> <span class='ocrx_word' id='word_1_458' title='bbox 2451 2032 2506 2085; x_wconf 92' lang='lat' dir='ltr'><strong>in</strong></span> <span class='ocrx_word' id='word_1_459' title='bbox 2533 2030 2882 2101; x_wconf 85' lang='lat' dir='ltr'><strong>apostolatum</strong></span> <span class='ocrx_word' id='word_1_460' title='bbox 2925 2038 3050 2085; x_wconf 91' lang='lat' dir='ltr'><strong>sunt</strong></span> <span class='ocrx_word' id='word_1_461' title='bbox 3072 2030 3249 2095; x_wconf 90' lang='lat' dir='ltr'><strong>electi,</strong></span> <span class='ocrx_word' id='word_1_462' title='bbox 3283 2031 3375 2085; x_wconf 90' lang='lat' dir='ltr'><strong>sed</strong></span> <span class='ocrx_word' id='word_1_463' title='bbox 3412 2046 3518 2085; x_wconf 87' lang='lat' dir='ltr'><strong>non</strong></span> <span class='ocrx_word' id='word_1_464' title='bbox 3545 2031 3701 2085; x_wconf 87' lang='lat' dir='ltr'><strong>ambo</strong></span> <span class='ocrx_word' id='word_1_465' title='bbox 3725 2032 3843 2099; x_wconf 87' lang='lat' dir='ltr'><strong>pari</strong></span> 
     </span>
    </p>
   </div>
   <div class='ocr_carea' id='block_1_67' title="bbox 2270 2118 3845 2184">
    <p class='ocr_par' dir='ltr' id='par_1_67' title="bbox 2270 2118 3845 2184">
     <span class='ocr_line' id='line_1_67' title="bbox 2270 2118 3845 2184; baseline -0.004 -7"><span class='ocrx_word' id='word_1_466' title='bbox 2270 2121 2552 2177; x_wconf 78' lang='lat' dir='ltr'><strong>devotione</strong></span> <span class='ocrx_word' id='word_1_467' title='bbox 2569 2120 2743 2175; x_wconf 84' lang='lat' dir='ltr'><strong>secuti</strong></span> <span class='ocrx_word' id='word_1_468' title='bbox 2792 2126 2915 2173; x_wconf 89' lang='lat' dir='ltr'><strong>sunt</strong></span> <span class='ocrx_word' id='word_1_469' title='bbox 2953 2119 3275 2184; x_wconf 83' lang='lat' dir='ltr'><strong>Dominum;</strong></span> <span class='ocrx_word' id='word_1_470' title='bbox 3318 2119 3439 2174; x_wconf 91' lang='lat' dir='ltr'><strong>ideo</strong></span> <span class='ocrx_word' id='word_1_471' title='bbox 3469 2120 3571 2175; x_wconf 89' lang='lat' dir='ltr'><strong>iste</strong></span> <span class='ocrx_word' id='word_1_472' title='bbox 3607 2118 3845 2172; x_wconf 87' lang='lat' dir='ltr'><strong>elevatus</strong></span> 
     </span>
    </p>
   </div>
   <div class='ocr_carea' id='block_1_68' title="bbox 2270 2209 3846 2280">
    <p class='ocr_par' dir='ltr' id='par_1_68' title="bbox 2270 2209 3846 2280">
     <span class='ocr_line' id='line_1_68' title="bbox 2270 2209 3846 2280; baseline -0.003 -14"><span class='ocrx_word' id='word_1_473' title='bbox 2270 2219 2354 2266; x_wconf 87' lang='lat' dir='ltr'><strong>est</strong></span> <span class='ocrx_word' id='word_1_474' title='bbox 2378 2212 2433 2265; x_wconf 92' lang='lat' dir='ltr'><strong>in</strong></span> <span class='ocrx_word' id='word_1_475' title='bbox 2456 2210 2810 2280; x_wconf 85' lang='lat' dir='ltr'><strong>principatum</strong></span> <span class='ocrx_word' id='word_1_476' title='bbox 2834 2209 3161 2278; x_wconf 90' lang='lat' dir='ltr'><strong>apostolatus</strong></span> <span class='ocrx_word' id='word_1_477' title='bbox 3185 2226 3200 2275; x_wconf 90' lang='lat'><strong>;</strong></span> <span class='ocrx_word' id='word_1_478' title='bbox 3245 2210 3359 2278; x_wconf 90' lang='lat' dir='ltr'><strong>ipse</strong></span> <span class='ocrx_word' id='word_1_479' title='bbox 3376 2209 3613 2278; x_wconf 83' lang='lat' dir='ltr'><strong>principi</strong></span> <span class='ocrx_word' id='word_1_480' title='bbox 3644 2210 3846 2263; x_wconf 62' lang='lat' dir='ltr'><strong>damo-</strong></span> 
     </span>
    </p>
   </div>
   <div class='ocr_carea' id='block_1_69' title="bbox 2271 2298 3847 2368">
    <p class='ocr_par' dir='ltr' id='par_1_69' title="bbox 2271 2298 3847 2368">
     <span class='ocr_line' id='line_1_69' title="bbox 2271 2298 3847 2368; baseline -0.001 -13"><span class='ocrx_word' id='word_1_481' title='bbox 2271 2302 2482 2355; x_wconf 88' lang='lat' dir='ltr'><strong>niorum</strong></span> <span class='ocrx_word' id='word_1_482' title='bbox 2506 2299 2749 2354; x_wconf 87' lang='lat' dir='ltr'><strong>traditus.</strong></span> <span class='ocrx_word' id='word_1_483' title='bbox 2797 2299 3100 2368; x_wconf 82' lang='lat' dir='ltr'><strong>Stephanus</strong></span> <span class='ocrx_word' id='word_1_484' title='bbox 3141 2308 3197 2353; x_wconf 92' lang='lat' dir='ltr'><strong>et</strong></span> <span class='ocrx_word' id='word_1_485' title='bbox 3229 2298 3478 2354; x_wconf 75' lang='lat' dir='ltr'><strong>Nicotaus</strong></span> <span class='ocrx_word' id='word_1_486' title='bbox 3504 2300 3557 2352; x_wconf 91' lang='lat' dir='ltr'><strong>in</strong></span> <span class='ocrx_word' id='word_1_487' title='bbox 3604 2298 3847 2353; x_wconf 85' lang='lat' dir='ltr'><strong>ministe-</strong></span> 
     </span>
    </p>
   </div>
   <div class='ocr_carea' id='block_1_70' title="bbox 2273 2382 3850 2459">
    <p class='ocr_par' dir='ltr' id='par_1_70' title="bbox 2273 2382 3850 2459">
     <span class='ocr_line' id='line_1_70' title="bbox 2273 2382 3850 2459; baseline -0.002 -14"><span class='ocrx_word' id='word_1_488' title='bbox 2273 2392 2409 2445; x_wconf 86' lang='lat' dir='ltr'><strong>rium</strong></span> <span class='ocrx_word' id='word_1_489' title='bbox 2434 2389 2614 2445; x_wconf 88' lang='lat' dir='ltr'><strong>altaris</strong></span> <span class='ocrx_word' id='word_1_490' title='bbox 2636 2382 2914 2459; x_wconf 79' lang='lat' dir='ltr'><strong>aequaliter</strong></span> <span class='ocrx_word' id='word_1_491' title='bbox 2939 2389 3115 2455; x_wconf 87' lang='lat' dir='ltr'><strong>electi,</strong></span> <span class='ocrx_word' id='word_1_492' title='bbox 3148 2389 3242 2445; x_wconf 89' lang='lat' dir='ltr'><strong>sed</strong></span> <span class='ocrx_word' id='word_1_493' title='bbox 3277 2396 3500 2459; x_wconf 89' lang='lat' dir='ltr'><strong>propter</strong></span> <span class='ocrx_word' id='word_1_494' title='bbox 3531 2387 3850 2449; x_wconf 78' lang='lat' dir='ltr'><strong>dissimilem</strong></span> 
     </span>
    </p>
   </div>
   <div class='ocr_carea' id='block_1_71' title="bbox 2272 2476 3847 2534">
    <p class='ocr_par' dir='ltr' id='par_1_71' title="bbox 2272 2476 3847 2534">
     <span class='ocr_line' id='line_1_71' title="bbox 2272 2476 3847 2534; baseline -0.002 0"><span class='ocrx_word' id='word_1_495' title='bbox 2272 2479 2427 2534; x_wconf 84' lang='lat' dir='ltr'><strong>ﬁdem</strong></span> <span class='ocrx_word' id='word_1_496' title='bbox 2457 2478 2730 2533; x_wconf 86' lang='lat' dir='ltr'><strong>dissimilis</strong></span> <span class='ocrx_word' id='word_1_497' title='bbox 2768 2492 2861 2532; x_wconf 85' lang='lat' dir='ltr'><strong>eos</strong></span> <span class='ocrx_word' id='word_1_498' title='bbox 2886 2486 3203 2532; x_wconf 85' lang='lat' dir='ltr'><strong>consecutus</strong></span> <span class='ocrx_word' id='word_1_499' title='bbox 3222 2485 3306 2532; x_wconf 88' lang='lat' dir='ltr'><strong>est</strong></span> <span class='ocrx_word' id='word_1_500' title='bbox 3332 2476 3472 2531; x_wconf 81' lang='lat' dir='ltr'><strong>ﬁnis.</strong></span> <span class='ocrx_word' id='word_1_501' title='bbox 3517 2476 3695 2532; x_wconf 74' lang='lat' dir='ltr'><strong>Plenas</strong></span> <span class='ocrx_word' id='word_1_502' title='bbox 3722 2484 3847 2531; x_wconf 88' lang='lat' dir='ltr'><strong>sunt</strong></span> 
     </span>
    </p>
   </div>
   <div class='ocr_carea' id='block_1_72' title="bbox 2274 2565 3849 2637">
    <p class='ocr_par' dir='ltr' id='par_1_72' title="bbox 2274 2565 3849 2637">
     <span class='ocr_line' id='line_1_72' title="bbox 2274 2565 3849 2637; baseline -0.003 -15"><span class='ocrx_word' id='word_1_503' title='bbox 2274 2568 2564 2637; x_wconf 68' lang='lat' dir='ltr'><strong>Scriptum</strong></span> <span class='ocrx_word' id='word_1_504' title='bbox 2604 2567 2935 2621; x_wconf 84' lang='lat' dir='ltr'><strong>documentis</strong></span> <span class='ocrx_word' id='word_1_505' title='bbox 2959 2566 3277 2620; x_wconf 71' lang='lat' dir='ltr'><strong>obedientia:</strong></span> <span class='ocrx_word' id='word_1_506' title='bbox 3301 2583 3315 2631; x_wconf 90' lang='lat'><strong>;</strong></span> <span class='ocrx_word' id='word_1_507' title='bbox 3344 2565 3542 2634; x_wconf 88' lang='lat' dir='ltr'><strong>plenus</strong></span> <span class='ocrx_word' id='word_1_508' title='bbox 3568 2573 3652 2620; x_wconf 91' lang='lat' dir='ltr'><strong>est</strong></span> <span class='ocrx_word' id='word_1_509' title='bbox 3692 2580 3849 2618; x_wconf 87' lang='lat' dir='ltr'><strong>mun-</strong></span> 
     </span>
    </p>
   </div>
   <div class='ocr_carea' id='block_1_73' title="bbox 2274 2653 3849 2729">
    <p class='ocr_par' dir='ltr' id='par_1_73' title="bbox 2274 2653 3849 2729">
     <span class='ocr_line' id='line_1_73' title="bbox 2274 2653 3849 2729; baseline -0.002 -18"><span class='ocrx_word' id='word_1_510' title='bbox 2274 2657 2373 2729; x_wconf 77' lang='lat' dir='ltr'><strong>dus</strong></span> <span class='ocrx_word' id='word_1_511' title='bbox 2395 2653 2674 2724; x_wconf 77' lang='lat' dir='ltr'><strong>exemplis,</strong></span> <span class='ocrx_word' id='word_1_512' title='bbox 2698 2654 2825 2724; x_wconf 89' lang='lat' dir='ltr'><strong>quid</strong></span> <span class='ocrx_word' id='word_1_513' title='bbox 2855 2656 2941 2710; x_wconf 89' lang='lat' dir='ltr'><strong>cui</strong></span> <span class='ocrx_word' id='word_1_514' title='bbox 2962 2670 3036 2709; x_wconf 88' lang='lat' dir='ltr'><strong>ex</strong></span> <span class='ocrx_word' id='word_1_515' title='bbox 3061 2655 3360 2709; x_wconf 89' lang='lat' dir='ltr'><strong>humilitate</strong></span> <span class='ocrx_word' id='word_1_516' title='bbox 3383 2654 3700 2710; x_wconf 72' lang='lat' dir='ltr'><strong>obedientite</strong></span> <span class='ocrx_word' id='word_1_517' title='bbox 3723 2669 3849 2708; x_wconf 83' lang='lat' dir='ltr'><strong>eve—</strong></span> 
     </span>
    </p>
   </div>
   <div class='ocr_carea' id='block_1_74' title="bbox 2276 2739 3843 2812">
    <p class='ocr_par' dir='ltr' id='par_1_74' title="bbox 2276 2739 3843 2812">
     <span class='ocr_line' id='line_1_74' title="bbox 2276 2739 3843 2812; baseline -0.002 -15"><span class='ocrx_word' id='word_1_518' title='bbox 2276 2745 2458 2807; x_wconf 89' lang='lat' dir='ltr'><strong>nisset,</strong></span> <span class='ocrx_word' id='word_1_519' title='bbox 2487 2757 2713 2812; x_wconf 85' lang='lat' dir='ltr'><strong>quorum</strong></span> <span class='ocrx_word' id='word_1_520' title='bbox 2737 2742 3005 2810; x_wconf 88' lang='lat' dir='ltr'><strong>copiosam</strong></span> <span class='ocrx_word' id='word_1_521' title='bbox 3033 2741 3428 2795; x_wconf 89' lang='lat' dir='ltr'><strong>multitudinem</strong></span> <span class='ocrx_word' id='word_1_522' title='bbox 3441 2746 3711 2809; x_wconf 78' lang='lat' dir='ltr'><strong>exuperat</strong></span> <span class='ocrx_word' id='word_1_523' title='bbox 3727 2739 3843 2794; x_wconf 67' lang='lat' dir='ltr'><strong>Re-</strong></span> 
     </span>
    </p>
   </div>
   <div class='ocr_carea' id='block_1_75' title="bbox 2274 2829 3849 2903">
    <p class='ocr_par' dir='ltr' id='par_1_75' title="bbox 2274 2829 3849 2903">
     <span class='ocr_line' id='line_1_75' title="bbox 2274 2829 3849 2903; baseline -0.003 -16"><span class='ocrx_word' id='word_1_524' title='bbox 2274 2834 2563 2903; x_wconf 89' lang='lat' dir='ltr'><strong>demptoris</strong></span> <span class='ocrx_word' id='word_1_525' title='bbox 2588 2832 2757 2886; x_wconf 87' lang='lat' dir='ltr'><strong>nostri</strong></span> <span class='ocrx_word' id='word_1_526' title='bbox 2796 2830 3039 2885; x_wconf 90' lang='lat' dir='ltr'><strong>mirabile</strong></span> <span class='ocrx_word' id='word_1_527' title='bbox 3062 2829 3384 2899; x_wconf 82' lang='lat' dir='ltr'><strong>exemplum,</strong></span> <span class='ocrx_word' id='word_1_528' title='bbox 3425 2830 3491 2883; x_wconf 85' lang='lat' dir='ltr'><strong>de</strong></span> <span class='ocrx_word' id='word_1_529' title='bbox 3516 2844 3622 2898; x_wconf 90' lang='lat' dir='ltr'><strong>quo</strong></span> <span class='ocrx_word' id='word_1_530' title='bbox 3650 2829 3849 2884; x_wconf 84' lang='lat' dir='ltr'><strong>Doctor</strong></span> 
     </span>
    </p>
   </div>
   <div class='ocr_carea' id='block_1_76' title="bbox 2273 2917 3846 2991">
    <p class='ocr_par' dir='ltr' id='par_1_76' title="bbox 2273 2917 3846 2991">
     <span class='ocr_line' id='line_1_76' title="bbox 2273 2917 3846 2991; baseline -0.001 -17"><span class='ocrx_word' id='word_1_531' title='bbox 2273 2922 2512 2991; x_wconf 88' lang='lat' dir='ltr'><strong>gentium</strong></span> <span class='ocrx_word' id='word_1_532' title='bbox 2537 2920 2647 2972; x_wconf 60' lang='lat' dir='ltr'><strong>ait“.</strong></span> <span class='ocrx_word' id='word_1_533' title='bbox 2686 2917 2800 2971; x_wconf 80' lang='lat' dir='ltr'><strong>Hoc</strong></span> <span class='ocrx_word' id='word_1_534' title='bbox 2835 2922 3017 2973; x_wconf 78' lang='lat' dir='ltr'><strong>sentite</strong></span> <span class='ocrx_word' id='word_1_535' title='bbox 3035 2919 3091 2973; x_wconf 85' lang='lat' dir='ltr'><strong>in</strong></span> <span class='ocrx_word' id='word_1_536' title='bbox 3116 2918 3271 2981; x_wconf 75' lang='lat' dir='ltr'><strong>vobis,</strong></span> <span class='ocrx_word' id='word_1_537' title='bbox 3289 2918 3449 2987; x_wconf 76' lang='lat' dir='ltr'><strong>‘qaotl</strong></span> <span class='ocrx_word' id='word_1_538' title='bbox 3469 2929 3517 2972; x_wconf 79' lang='lat' dir='ltr'><strong>et</strong></span> <span class='ocrx_word' id='word_1_539' title='bbox 3545 2919 3602 2972; x_wconf 87' lang='lat' dir='ltr'><strong>in</strong></span> <span class='ocrx_word' id='word_1_540' title='bbox 3639 2917 3846 2973; x_wconf 78' lang='lat' dir='ltr'><strong>Christo</strong></span> 
     </span>
    </p>
   </div>
   <div class='ocr_carea' id='block_1_77' title="bbox 2272 3006 3848 3078">
    <p class='ocr_par' dir='ltr' id='par_1_77' title="bbox 2272 3006 3848 3078">
     <span class='ocr_line' id='line_1_77' title="bbox 2272 3006 3848 3078; baseline -0.001 -15"><span class='ocrx_word' id='word_1_541' title='bbox 2272 3010 2419 3074; x_wconf 68' lang='lat' dir='ltr'><strong>Iesu,</strong></span> <span class='ocrx_word' id='word_1_542' title='bbox 2448 3009 2536 3078; x_wconf 85' lang='lat' dir='ltr'><strong>qui</strong></span> <span class='ocrx_word' id='word_1_543' title='bbox 2560 3024 2677 3061; x_wconf 82' lang='lat' dir='ltr'><strong>cum</strong></span> <span class='ocrx_word' id='word_1_544' title='bbox 2698 3009 2751 3061; x_wconf 88' lang='lat' dir='ltr'><strong>in</strong></span> <span class='ocrx_word' id='word_1_545' title='bbox 2780 3007 2948 3076; x_wconf 76' lang='lat' dir='ltr'><strong>fama</strong></span> <span class='ocrx_word' id='word_1_546' title='bbox 2987 3006 3082 3062; x_wconf 84' lang='lat' dir='ltr'><strong>Dei</strong></span> <span class='ocrx_word' id='word_1_547' title='bbox 3122 3017 3269 3073; x_wconf 73' lang='lat' dir='ltr'><strong>esset,</strong></span> <span class='ocrx_word' id='word_1_548' title='bbox 3294 3024 3404 3061; x_wconf 81' lang='lat' dir='ltr'><strong>non</strong></span> <span class='ocrx_word' id='word_1_549' title='bbox 3432 3010 3670 3078; x_wconf 77' lang='lat' dir='ltr'><strong>rapinam</strong></span> <span class='ocrx_word' id='word_1_550' title='bbox 3707 3008 3848 3062; x_wconf 77' lang='lat' dir='ltr'><strong>arbi-</strong></span> 
     </span>
    </p>
   </div>
   <div class='ocr_carea' id='block_1_78' title="bbox 2198 3096 3847 3168">
    <p class='ocr_par' dir='ltr' id='par_1_78' title="bbox 2198 3096 3847 3168">
     <span class='ocr_line' id='line_1_78' title="bbox 2198 3096 3847 3168; baseline -0.001 -14"><span class='ocrx_word' id='word_1_551' title='bbox 2198 3101 2246 3164; x_wconf 86' lang='lat' dir='ltr'><strong><em>C</em></strong></span> <span class='ocrx_word' id='word_1_552' title='bbox 2274 3109 2439 3154; x_wconf 78' lang='lat' dir='ltr'><strong>tratus</strong></span> <span class='ocrx_word' id='word_1_553' title='bbox 2464 3107 2669 3152; x_wconf 77' lang='lat' dir='ltr'><strong>estesse</strong></span> <span class='ocrx_word' id='word_1_554' title='bbox 2687 3114 2741 3150; x_wconf 75' lang='lat' dir='ltr'><strong>se</strong></span> <span class='ocrx_word' id='word_1_555' title='bbox 2754 3097 3011 3168; x_wconf 63' lang='lat' dir='ltr'><strong>aqualem</strong></span> <span class='ocrx_word' id='word_1_556' title='bbox 3034 3096 3164 3161; x_wconf 86' lang='lat' dir='ltr'><strong>Deo,</strong></span> <span class='ocrx_word' id='word_1_557' title='bbox 3193 3097 3283 3150; x_wconf 77' lang='lat' dir='ltr'><strong>sed</strong></span> <span class='ocrx_word' id='word_1_558' title='bbox 3315 3098 3642 3168; x_wconf 76' lang='lat' dir='ltr'><strong>semetipsum</strong></span> <span class='ocrx_word' id='word_1_559' title='bbox 3667 3098 3847 3152; x_wconf 65' lang='lat' dir='ltr'><strong>uina-</strong></span> 
     </span>
    </p>
   </div>
   <div class='ocr_carea' id='block_1_79' title="bbox 2274 3187 3848 3258">
    <p class='ocr_par' dir='ltr' id='par_1_79' title="bbox 2274 3187 3848 3258">
     <span class='ocr_line' id='line_1_79' title="bbox 2274 3187 3848 3258; baseline -0.003 -13"><span class='ocrx_word' id='word_1_560' title='bbox 2274 3191 2417 3253; x_wconf 84' lang='lat' dir='ltr'><strong>nivit,</strong></span> <span class='ocrx_word' id='word_1_561' title='bbox 2443 3190 2663 3257; x_wconf 71' lang='lat' dir='ltr'><strong>formant</strong></span> <span class='ocrx_word' id='word_1_562' title='bbox 2688 3188 2818 3241; x_wconf 79' lang='lat' dir='ltr'><strong>servi</strong></span> <span class='ocrx_word' id='word_1_563' title='bbox 2838 3189 3093 3257; x_wconf 75' lang='lat' dir='ltr'><strong>accipiens</strong></span> <span class='ocrx_word' id='word_1_564' title='bbox 3114 3204 3134 3252; x_wconf 90' lang='lat'><strong><em>;</em></strong></span> <span class='ocrx_word' id='word_1_565' title='bbox 3156 3187 3394 3241; x_wconf 77' lang='lat' dir='ltr'><strong>obediens</strong></span> <span class='ocrx_word' id='word_1_566' title='bbox 3417 3187 3568 3240; x_wconf 73' lang='lat' dir='ltr'><strong>Pani</strong></span> <span class='ocrx_word' id='word_1_567' title='bbox 3596 3204 3757 3258; x_wconf 70' lang='lat' dir='ltr'><strong>usque</strong></span> <span class='ocrx_word' id='word_1_568' title='bbox 3776 3188 3848 3241; x_wconf 78' lang='lat' dir='ltr'><strong>ad</strong></span> 
     </span>
    </p>
   </div>
   <div class='ocr_carea' id='block_1_80' title="bbox 2276 3274 3845 3345">
    <p class='ocr_par' dir='ltr' id='par_1_80' title="bbox 2276 3274 3845 3345">
     <span class='ocr_line' id='line_1_80' title="bbox 2276 3274 3845 3345; baseline -0.001 -14"><span class='ocrx_word' id='word_1_569' title='bbox 2276 3286 2508 3338; x_wconf 86' lang='lat' dir='ltr'><strong>mortem,</strong></span> <span class='ocrx_word' id='word_1_570' title='bbox 2544 3285 2759 3329; x_wconf 85' lang='lat' dir='ltr'><strong>mortem</strong></span> <span class='ocrx_word' id='word_1_571' title='bbox 2784 3283 2955 3328; x_wconf 74' lang='lat' dir='ltr'><strong>autent</strong></span> <span class='ocrx_word' id='word_1_572' title='bbox 2983 3276 3150 3329; x_wconf 75' lang='lat' dir='ltr'><strong>crucis</strong></span> <span class='ocrx_word' id='word_1_573' title='bbox 3173 3292 3191 3340; x_wconf 89' lang='lat'><strong><em>;</em></strong></span> <span class='ocrx_word' id='word_1_574' title='bbox 3218 3285 3425 3345; x_wconf 58' lang='grc' dir='ltr'><strong>μωρίαν</strong></span> <span class='ocrx_word' id='word_1_575' title='bbox 3450 3274 3589 3345; x_wconf 84' lang='lat' dir='ltr'><strong>quod</strong></span> <span class='ocrx_word' id='word_1_576' title='bbox 3613 3285 3660 3329; x_wconf 83' lang='lat' dir='ltr'><strong>et</strong></span> <span class='ocrx_word' id='word_1_577' title='bbox 3704 3276 3845 3330; x_wconf 79' lang='lat' dir='ltr'><strong>Deus</strong></span> 
     </span>
    </p>
   </div>
   <div class='ocr_carea' id='block_1_81' title="bbox 2277 3350 3846 3437">
    <p class='ocr_par' dir='ltr' id='par_1_81' title="bbox 2277 3350 3846 3437">
     <span class='ocr_line' id='line_1_81' title="bbox 2277 3350 3846 3437; baseline 0.001 -19"><span class='ocrx_word' id='word_1_578' title='bbox 2277 3363 2523 3419; x_wconf 68' lang='lat' dir='ltr'><strong>exultavit</strong></span> <span class='ocrx_word' id='word_1_579' title='bbox 2565 3353 2733 3427; x_wconf 81' lang='lat' dir='ltr'><strong>illum,</strong></span> <span class='ocrx_word' id='word_1_580' title='bbox 2762 3373 2811 3417; x_wconf 85' lang='lat' dir='ltr'><strong>et</strong></span> <span class='ocrx_word' id='word_1_581' title='bbox 2855 3364 2993 3417; x_wconf 82' lang='lat' dir='ltr'><strong>dedit</strong></span> <span class='ocrx_word' id='word_1_582' title='bbox 3023 3363 3102 3417; x_wconf 88' lang='lat' dir='ltr'><strong>illi</strong></span> <span class='ocrx_word' id='word_1_583' title='bbox 3149 3380 3353 3428; x_wconf 78' lang='lat' dir='ltr'><strong>nomen,</strong></span> <span class='ocrx_word' id='word_1_584' title='bbox 3396 3350 3535 3434; x_wconf 76' lang='lat' dir='ltr'><strong>quod</strong></span> <span class='ocrx_word' id='word_1_585' title='bbox 3567 3375 3648 3418; x_wconf 79' lang='lat' dir='ltr'><strong>est</strong></span> <span class='ocrx_word' id='word_1_586' title='bbox 3691 3382 3846 3437; x_wconf 70' lang='lat' dir='ltr'><strong>super</strong></span> 
     </span>
    </p>
   </div>
   <div class='ocr_carea' id='block_1_82' title="bbox 2280 3454 3848 3525">
    <p class='ocr_par' dir='ltr' id='par_1_82' title="bbox 2280 3454 3848 3525">
     <span class='ocr_line' id='line_1_82' title="bbox 2280 3454 3848 3525; baseline 0.002 -18"><span class='ocrx_word' id='word_1_587' title='bbox 2280 3471 2427 3507; x_wconf 85' lang='lat' dir='ltr'><strong>omne</strong></span> <span class='ocrx_word' id='word_1_588' title='bbox 2452 3470 2655 3516; x_wconf 83' lang='lat' dir='ltr'><strong>nomen,</strong></span> <span class='ocrx_word' id='word_1_589' title='bbox 2683 3464 2739 3506; x_wconf 83' lang='lat' dir='ltr'><strong>ut</strong></span> <span class='ocrx_word' id='word_1_590' title='bbox 2760 3454 2815 3508; x_wconf 87' lang='lat' dir='ltr'><strong>in</strong></span> <span class='ocrx_word' id='word_1_591' title='bbox 2853 3456 3058 3513; x_wconf 76' lang='lat' dir='ltr'><strong>nomine</strong></span> <span class='ocrx_word' id='word_1_592' title='bbox 3094 3455 3221 3509; x_wconf 68' lang='lat' dir='ltr'><strong>Jesu</strong></span> <span class='ocrx_word' id='word_1_593' title='bbox 3261 3471 3410 3508; x_wconf 81' lang='lat' dir='ltr'><strong>omne</strong></span> <span class='ocrx_word' id='word_1_594' title='bbox 3446 3457 3848 3525; x_wconf 79' lang='lat' dir='ltr'><strong>genuﬂectatur</strong></span> 
     </span>
    </p>
   </div>
   <div class='ocr_carea' id='block_1_83' title="bbox 2280 3530 3848 3614">
    <p class='ocr_par' dir='ltr' id='par_1_83' title="bbox 2280 3530 3848 3614">
     <span class='ocr_line' id='line_1_83' title="bbox 2280 3530 3848 3614; baseline 0.001 -18"><span class='ocrx_word' id='word_1_595' title='bbox 2280 3541 2577 3605; x_wconf 68' lang='lat' dir='ltr'><strong>calentium,-</strong></span> <span class='ocrx_word' id='word_1_596' title='bbox 2617 3530 2963 3606; x_wconf 27' lang='lat' dir='ltr'><strong>terrestriunt,‘</strong></span> <span class='ocrx_word' id='word_1_597' title='bbox 2984 3553 3030 3597; x_wconf 85' lang='lat' dir='ltr'><strong>et</strong></span> <span class='ocrx_word' id='word_1_598' title='bbox 3058 3544 3362 3612; x_wconf 80' lang='lat' dir='ltr'><strong>inferorum,</strong></span> <span class='ocrx_word' id='word_1_599' title='bbox 3390 3552 3439 3598; x_wconf 84' lang='lat' dir='ltr'><strong>et</strong></span> <span class='ocrx_word' id='word_1_600' title='bbox 3471 3545 3641 3600; x_wconf 75' lang='lat' dir='ltr'><strong>omnia</strong></span> <span class='ocrx_word' id='word_1_601' title='bbox 3666 3544 3848 3614; x_wconf 73' lang='lat' dir='ltr'><strong>lingua</strong></span> 
     </span>
    </p>
   </div>
   <div class='ocr_carea' id='block_1_84' title="bbox 2280 3634 3848 3706">
    <p class='ocr_par' dir='ltr' id='par_1_84' title="bbox 2280 3634 3848 3706">
     <span class='ocr_line' id='line_1_84' title="bbox 2280 3634 3848 3706; baseline 0.006 -21"><span class='ocrx_word' id='word_1_602' title='bbox 2280 3634 2603 3701; x_wconf 79' lang='lat' dir='ltr'><strong>conﬁteatur,</strong></span> <span class='ocrx_word' id='word_1_603' title='bbox 2655 3636 2778 3704; x_wconf 81' lang='lat' dir='ltr'><strong>quia</strong></span> <span class='ocrx_word' id='word_1_604' title='bbox 2829 3635 2982 3689; x_wconf 71' lang='lat' dir='ltr'><strong>Iesus</strong></span> <span class='ocrx_word' id='word_1_605' title='bbox 3028 3647 3101 3689; x_wconf 80' lang='lat' dir='ltr'><strong>est</strong></span> <span class='ocrx_word' id='word_1_606' title='bbox 3148 3636 3391 3697; x_wconf 66' lang='lat' dir='ltr'><strong>Christus,</strong></span> <span class='ocrx_word' id='word_1_607' title='bbox 3428 3638 3485 3689; x_wconf 80' lang='lat' dir='ltr'><strong>in</strong></span> <span class='ocrx_word' id='word_1_608' title='bbox 3524 3637 3699 3706; x_wconf 75' lang='lat' dir='ltr'><strong>gloria</strong></span> <span class='ocrx_word' id='word_1_609' title='bbox 3749 3636 3848 3694; x_wconf 76' lang='lat' dir='ltr'><strong>Dei</strong></span> 
     </span>
    </p>
   </div>
   <div class='ocr_carea' id='block_1_85' title="bbox 2286 3719 3753 3792">
    <p class='ocr_par' dir='ltr' id='par_1_85' title="bbox 2286 3719 3753 3792">
     <span class='ocr_line' id='line_1_85' title="bbox 2286 3719 3753 3792; baseline -0.007 -20"><span class='ocrx_word' id='word_1_610' title='bbox 2286 3719 2459 3772; x_wconf 78' lang='lat' dir='ltr'><strong>Patris</strong></span> <span class='ocrx_word' id='word_1_611' title='bbox 2487 3719 2703 3790; x_wconf 72' lang='lat' dir='ltr'><strong>(Philip.</strong></span> <span class='ocrx_word' id='word_1_612' title='bbox 2736 3738 2793 3785; x_wconf 82' lang='lat' dir='ltr'><strong>tt,</strong></span> <span class='ocrx_word' id='word_1_613' title='bbox 2823 3722 2995 3792; x_wconf 80' lang='lat' dir='ltr'><strong>6—H.)</strong></span> <span class='ocrx_word' id='word_1_614' title='bbox 3462 3720 3465 3721; x_wconf 64' lang='grc'><strong><em>⁷</em></strong></span> <span class='ocrx_word' id='word_1_615' title='bbox 3750 3748 3753 3749; x_wconf 48' lang='grc' dir='ltr'><em>ν</em></span> 
     </span>
    </p>
   </div>
   <div class='ocr_carea' id='block_1_86' title="bbox 2684 3830 3406 3909">
    <p class='ocr_par' dir='ltr' id='par_1_86' title="bbox 2684 3830 3406 3909">
     <span class='ocr_line' id='line_1_86' title="bbox 2684 3830 3406 3909; baseline 0.004 -25"><span class='ocrx_word' id='word_1_616' title='bbox 2684 3841 2706 3868; x_wconf 81' lang='lat' dir='ltr'><strong>c</strong></span> <span class='ocrx_word' id='word_1_617' title='bbox 2732 3831 2839 3900; x_wconf 73' lang='lat'><strong>29</strong></span> <span class='ocrx_word' id='word_1_618' title='bbox 2863 3830 3191 3909; x_wconf 82' lang='lat' dir='ltr'><strong>EPISTOLA</strong></span> <span class='ocrx_word' id='word_1_619' title='bbox 3222 3832 3406 3887; x_wconf 80' lang='lat' dir='ltr'><strong>xxm.</strong></span> 
     </span>
    </p>
   </div>
   <div class='ocr_carea' id='block_1_87' title="bbox 2284 3960 3795 4008">
    <p class='ocr_par' dir='ltr' id='par_1_87' title="bbox 2284 3960 3795 4008">
     <span class='ocr_line' id='line_1_87' title="bbox 2284 3960 3795 4008; baseline 0.007 -10"><span class='ocrx_word' id='word_1_620' title='bbox 2284 3980 2288 3985; x_wconf 68' lang='grc' dir='ltr'><strong>ι</strong></span> <span class='ocrx_word' id='word_1_621' title='bbox 2335 3960 2400 3998; x_wconf 61' lang='grc' dir='ltr'>ιι)</span> <span class='ocrx_word' id='word_1_622' title='bbox 2436 3961 2675 4000; x_wconf 69' lang='grc' dir='ltr'>ῐιιΑει-ιεδ</span> <span class='ocrx_word' id='word_1_623' title='bbox 2709 3962 2893 4001; x_wconf 62' lang='grc' dir='ltr'>δικοτει</span> <span class='ocrx_word' id='word_1_624' title='bbox 2933 3963 3151 4003; x_wconf 70' lang='lat' dir='ltr'><strong>IART-INI</strong></span> <span class='ocrx_word' id='word_1_625' title='bbox 3195 3965 3471 4005; x_wconf 60' lang='lat' dir='ltr'><strong>TUBONICE</strong></span> <span class='ocrx_word' id='word_1_626' title='bbox 3510 3966 3795 4008; x_wconf 61' lang='grc' dir='ltr'><strong>(ῖΠΊΐΑΊἸὸ.</strong></span> 
     </span>
    </p>
   </div>
   <div class='ocr_carea' id='block_1_88' title="bbox 2768 4037 3349 4110">
    <p class='ocr_par' dir='ltr' id='par_1_88' title="bbox 2768 4037 3349 4110">
     <span class='ocr_line' id='line_1_88' title="bbox 2768 4037 3349 4110; baseline -0.002 -17"><span class='ocrx_word' id='word_1_627' title='bbox 2768 4037 2947 4107; x_wconf 79' lang='lat' dir='ltr'><strong>(Circa</strong></span> <span class='ocrx_word' id='word_1_628' title='bbox 2978 4054 3176 4093; x_wconf 82' lang='lat' dir='ltr'><strong>annum</strong></span> <span class='ocrx_word' id='word_1_629' title='bbox 3204 4039 3349 4110; x_wconf 81' lang='lat'><strong>795.)</strong></span> 
     </span>
    </p>
   </div>
   <div class='ocr_carea' id='block_1_89' title="bbox 2287 4126 3845 4201">
    <p class='ocr_par' dir='ltr' id='par_1_89' title="bbox 2287 4126 3845 4201">
     <span class='ocr_line' id='line_1_89' title="bbox 2287 4126 3845 4201; baseline 0.008 -26"><span class='ocrx_word' id='word_1_630' title='bbox 2287 4126 2415 4176; x_wconf 81' lang='lat' dir='ltr'><strong>Cum</strong></span> <span class='ocrx_word' id='word_1_631' title='bbox 2450 4126 2554 4177; x_wconf 77' lang='lat' dir='ltr'><strong>illis</strong></span> <span class='ocrx_word' id='word_1_632' title='bbox 2574 4140 2681 4178; x_wconf 78' lang='lat' dir='ltr'><strong>esse</strong></span> <span class='ocrx_word' id='word_1_633' title='bbox 2699 4126 2854 4201; x_wconf 73' lang='lat' dir='ltr'><strong>cupit,</strong></span> <span class='ocrx_word' id='word_1_634' title='bbox 2872 4143 3055 4201; x_wconf 73' lang='lat' dir='ltr'><strong>eoaque</strong></span> <span class='ocrx_word' id='word_1_635' title='bbox 3077 4128 3316 4201; x_wconf 79' lang='lat' dir='ltr'><strong>hortatur</strong></span> <span class='ocrx_word' id='word_1_636' title='bbox 3338 4130 3405 4182; x_wconf 81' lang='lat' dir='ltr'><strong>ad</strong></span> <span class='ocrx_word' id='word_1_637' title='bbox 3432 4132 3639 4185; x_wconf 76' lang='lat' dir='ltr'><strong>virtutes</strong></span> <span class='ocrx_word' id='word_1_638' title='bbox 3659 4126 3845 4191; x_wconf 68' lang='lat' dir='ltr'><strong>mona—</strong></span> 
     </span>
    </p>
   </div>
   <div class='ocr_carea' id='block_1_90' title="bbox 2616 4194 3326 4251">
    <p class='ocr_par' dir='ltr' id='par_1_90' title="bbox 2616 4194 3326 4251">
     <span class='ocr_line' id='line_1_90' title="bbox 2616 4194 3326 4251; baseline 0.01 -8"><span class='ocrx_word' id='word_1_639' title='bbox 2616 4212 2638 4251; x_wconf 78' lang='lat'><strong>-_</strong></span> <span class='ocrx_word' id='word_1_640' title='bbox 2805 4194 2913 4247; x_wconf 80' lang='lat' dir='ltr'><strong>citis</strong></span> <span class='ocrx_word' id='word_1_641' title='bbox 2959 4194 3326 4251; x_wconf 69' lang='lat' dir='ltr'><strong>convenientes.</strong></span> 
     </span>
    </p>
   </div>
   <div class='ocr_carea' id='block_1_91' title="bbox 2360 4272 3842 4369">
    <p class='ocr_par' dir='ltr' id='par_1_91' title="bbox 2360 4272 3842 4369">
     <span class='ocr_line' id='line_1_91' title="bbox 2360 4272 3842 4369; baseline 0.008 -18"><span class='ocrx_word' id='word_1_642' title='bbox 2360 4297 2726 4354; x_wconf 88' lang='lat' dir='ltr'><strong>Sanctissimis</strong></span> <span class='ocrx_word' id='word_1_643' title='bbox 2751 4300 2805 4353; x_wconf 90' lang='lat' dir='ltr'><strong>in</strong></span> <span class='ocrx_word' id='word_1_644' title='bbox 2848 4300 3061 4355; x_wconf 87' lang='lat' dir='ltr'><strong>Christo</strong></span> <span class='ocrx_word' id='word_1_645' title='bbox 3096 4272 3383 4369; x_wconf 76' lang='lat' dir='ltr'><strong>fratribus,</strong></span> <span class='ocrx_word' id='word_1_646' title='bbox 3422 4314 3477 4359; x_wconf 93' lang='lat' dir='ltr'><strong>et</strong></span> <span class='ocrx_word' id='word_1_647' title='bbox 3514 4308 3671 4361; x_wconf 88' lang='lat' dir='ltr'><strong>beato</strong></span> <span class='ocrx_word' id='word_1_648' title='bbox 3703 4308 3842 4364; x_wconf 78' lang='lat' dir='ltr'><strong>Mar-</strong></span> 
     </span>
    </p>
   </div>
   <div class='ocr_carea' id='block_1_92' title="bbox 527 4384 3843 4483">
    <p class='ocr_par' dir='ltr' id='par_1_92' title="bbox 527 4384 3843 4483">
     <span class='ocr_line' id='line_1_92' title="bbox 527 4384 3843 4483; baseline -0.002 -26"><span class='ocrx_word' id='word_1_649' title='bbox 527 4420 530 4423; x_wconf 58' lang='lat'>‘</span> <span class='ocrx_word' id='word_1_650' title='bbox 600 4446 603 4447; x_wconf 43' lang='grc' dir='ltr'><em>ν</em></span> <span class='ocrx_word' id='word_1_651' title='bbox 633 4415 879 4464; x_wconf 87' lang='lat' dir='ltr'><strong>merear;</strong></span> <span class='ocrx_word' id='word_1_652' title='bbox 908 4397 993 4453; x_wconf 89' lang='lat' dir='ltr'><strong>vel</strong></span> <span class='ocrx_word' id='word_1_653' title='bbox 1014 4398 1061 4452; x_wconf 89' lang='lat' dir='ltr'><strong>si</strong></span> <span class='ocrx_word' id='word_1_654' title='bbox 1087 4405 1141 4451; x_wconf 91' lang='lat' dir='ltr'><strong>tu</strong></span> <span class='ocrx_word' id='word_1_655' title='bbox 1168 4396 1488 4451; x_wconf 67' lang='lat' dir='ltr'><strong>me&#39;veniens</strong></span> <span class='ocrx_word' id='word_1_656' title='bbox 1516 4396 1752 4449; x_wconf 88' lang='lat' dir='ltr'><strong>invenire</strong></span> <span class='ocrx_word' id='word_1_657' title='bbox 1780 4395 2072 4458; x_wconf 85' lang='lat' dir='ltr'><strong>merearis;</strong></span> <span class='ocrx_word' id='word_1_658' title='bbox 2103 4410 2189 4446; x_wconf 84' lang='lat' dir='ltr'><strong>oc-</strong></span> <span class='ocrx_word' id='word_1_659' title='bbox 2216 4424 2265 4483; x_wconf 70' lang='lat' dir='ltr'><strong>D</strong></span> <span class='ocrx_word' id='word_1_660' title='bbox 2291 4384 2403 4483; x_wconf 67' lang='lat' dir='ltr'><strong>tino</strong></span> <span class='ocrx_word' id='word_1_661' title='bbox 2425 4385 2715 4441; x_wconf 76' lang='lat' dir='ltr'><strong>confessori</strong></span> <span class='ocrx_word' id='word_1_662' title='bbox 2736 4386 2933 4443; x_wconf 88' lang='lat' dir='ltr'><strong>Christi</strong></span> <span class='ocrx_word' id='word_1_663' title='bbox 2955 4391 3328 4448; x_wconf 85' lang='lat' dir='ltr'><strong>servientibus.</strong></span> <span class='ocrx_word' id='word_1_664' title='bbox 3354 4394 3569 4449; x_wconf 85' lang='lat' dir='ltr'><strong>humilis</strong></span> <span class='ocrx_word' id='word_1_665' title='bbox 3586 4396 3741 4451; x_wconf 85' lang='lat' dir='ltr'><strong>levita</strong></span> <span class='ocrx_word' id='word_1_666' title='bbox 3757 4398 3843 4451; x_wconf 75' lang='lat' dir='ltr'><strong>Al-</strong></span> 
     </span>
    </p>
   </div>
   <div class='ocr_carea' id='block_1_93' title="bbox 630 4480 2191 4554">
    <p class='ocr_par' dir='ltr' id='par_1_93' title="bbox 630 4480 2191 4554">
     <span class='ocr_line' id='line_1_93' title="bbox 630 4480 2191 4554; baseline -0.008 -9"><span class='ocrx_word' id='word_1_667' title='bbox 630 4490 769 4545; x_wconf 79' lang='lat' dir='ltr'><strong>culta</strong></span> <span class='ocrx_word' id='word_1_668' title='bbox 795 4494 914 4543; x_wconf 64' lang='lat' dir='ltr'><strong>Mat</strong></span> <span class='ocrx_word' id='word_1_669' title='bbox 936 4487 1069 4541; x_wconf 79' lang='lat' dir='ltr'><strong>enim</strong></span> <span class='ocrx_word' id='word_1_670' title='bbox 1087 4483 1292 4554; x_wconf 82' lang='lat' dir='ltr'><strong>judicia</strong></span> <span class='ocrx_word' id='word_1_671' title='bbox 1329 4482 1426 4537; x_wconf 85' lang='lat' dir='ltr'><strong>Dei</strong></span> <span class='ocrx_word' id='word_1_672' title='bbox 1443 4499 1463 4538; x_wconf 87' lang='lat'><strong><em>:</em></strong></span> <span class='ocrx_word' id='word_1_673' title='bbox 1490 4489 1753 4553; x_wconf 67' lang='lat' dir='ltr'><strong>praeparet</strong></span> <span class='ocrx_word' id='word_1_674' title='bbox 1778 4481 1878 4536; x_wconf 88' lang='lat' dir='ltr'><strong>sibi</strong></span> <span class='ocrx_word' id='word_1_675' title='bbox 1908 4480 2191 4549; x_wconf 86' lang='lat' dir='ltr'><strong>unusquis-</strong></span> 
     </span>
    </p>
   </div>
   <div class='ocr_carea' id='block_1_94' title="bbox 632 4568 2188 4647">
    <p class='ocr_par' dir='ltr' id='par_1_94' title="bbox 632 4568 2188 4647">
     <span class='ocr_line' id='line_1_94' title="bbox 632 4568 2188 4647; baseline -0.008 -14"><span class='ocrx_word' id='word_1_676' title='bbox 632 4593 736 4647; x_wconf 88' lang='lat' dir='ltr'><strong>que</strong></span> <span class='ocrx_word' id='word_1_677' title='bbox 758 4575 1029 4644; x_wconf 82' lang='lat' dir='ltr'><strong>lampades</strong></span> <span class='ocrx_word' id='word_1_678' title='bbox 1072 4573 1339 4637; x_wconf 83' lang='lat' dir='ltr'><strong>ardentes,</strong></span> <span class='ocrx_word' id='word_1_679' title='bbox 1382 4578 1443 4625; x_wconf 89' lang='lat' dir='ltr'><strong>ut</strong></span> <span class='ocrx_word' id='word_1_680' title='bbox 1480 4583 1793 4640; x_wconf 88' lang='lat' dir='ltr'><strong>quacunque</strong></span> <span class='ocrx_word' id='word_1_681' title='bbox 1833 4568 1964 4623; x_wconf 88' lang='lat' dir='ltr'><strong>hora</strong></span> <span class='ocrx_word' id='word_1_682' title='bbox 1994 4580 2188 4634; x_wconf 89' lang='lat' dir='ltr'><strong>sponso</strong></span> 
     </span>
    </p>
   </div>
   <div class='ocr_carea' id='block_1_95' title="bbox 633 4657 2189 4730">
    <p class='ocr_par' dir='ltr' id='par_1_95' title="bbox 633 4657 2189 4730">
     <span class='ocr_line' id='line_1_95' title="bbox 633 4657 2189 4730; baseline -0.009 -8"><span class='ocrx_word' id='word_1_683' title='bbox 633 4678 918 4721; x_wconf 75' lang='lat' dir='ltr'><strong>occanere</strong></span> <span class='ocrx_word' id='word_1_684' title='bbox 937 4662 1203 4730; x_wconf 68' lang='lat' dir='ltr'><strong>iubeatur,</strong></span> <span class='ocrx_word' id='word_1_685' title='bbox 1233 4676 1354 4714; x_wconf 89' lang='lat' dir='ltr'><strong>cum</strong></span> <span class='ocrx_word' id='word_1_686' title='bbox 1386 4659 1503 4714; x_wconf 88' lang='lat' dir='ltr'><strong>luce</strong></span> <span class='ocrx_word' id='word_1_687' title='bbox 1540 4660 1801 4713; x_wconf 89' lang='lat' dir='ltr'><strong>bonorum</strong></span> <span class='ocrx_word' id='word_1_688' title='bbox 1828 4669 2049 4724; x_wconf 82' lang='lat' dir='ltr'><strong>operum</strong></span> <span class='ocrx_word' id='word_1_689' title='bbox 2072 4657 2189 4710; x_wconf 84' lang='lat' dir='ltr'><strong>tha-</strong></span> 
     </span>
    </p>
   </div>
   <div class='ocr_carea' id='block_1_96' title="bbox 637 4748 1744 4819">
    <p class='ocr_par' dir='ltr' id='par_1_96' title="bbox 637 4748 1744 4819">
     <span class='ocr_line' id='line_1_96' title="bbox 637 4748 1744 4819; baseline -0.012 -9"><span class='ocrx_word' id='word_1_690' title='bbox 637 4757 835 4810; x_wconf 88' lang='lat' dir='ltr'><strong>lamum</strong></span> <span class='ocrx_word' id='word_1_691' title='bbox 859 4751 1043 4807; x_wconf 64' lang='lat' dir='ltr'><strong>aeterni</strong></span> <span class='ocrx_word' id='word_1_692' title='bbox 1068 4748 1210 4819; x_wconf 86' lang='lat' dir='ltr'><strong>regis</strong></span> <span class='ocrx_word' id='word_1_693' title='bbox 1236 4750 1744 4802; x_wconf 76' lang='lat' dir='ltr'><strong>iltraremereatur.</strong></span> 
     </span>
    </p>
   </div>
   <div class='ocr_carea' id='block_1_97' title="bbox 708 4810 2235 4912">
    <p class='ocr_par' dir='ltr' id='par_1_97' title="bbox 708 4810 2235 4912">
     <span class='ocr_line' id='line_1_97' title="bbox 708 4810 2235 4912; baseline -0.009 -15"><span class='ocrx_word' id='word_1_694' title='bbox 708 4843 765 4899; x_wconf 89' lang='lat' dir='ltr'><strong>Si</strong></span> <span class='ocrx_word' id='word_1_695' title='bbox 785 4840 910 4912; x_wconf 90' lang='lat' dir='ltr'><strong>quid</strong></span> <span class='ocrx_word' id='word_1_696' title='bbox 947 4840 1000 4895; x_wconf 91' lang='lat' dir='ltr'><strong>iu</strong></span> <span class='ocrx_word' id='word_1_697' title='bbox 1038 4810 1191 4892; x_wconf 63' lang='lat' dir='ltr'><strong>nonis</strong></span> <span class='ocrx_word' id='word_1_698' title='bbox 1210 4837 1362 4891; x_wconf 75' lang='lat' dir='ltr'><strong>bonas</strong></span> <span class='ocrx_word' id='word_1_699' title='bbox 1405 4833 1802 4889; x_wconf 74' lang='lat' dir='ltr'><strong>consuetudinis</strong></span> <span class='ocrx_word' id='word_1_700' title='bbox 1827 4832 2024 4897; x_wconf 75' lang='lat' dir='ltr'><strong>vidisti,</strong></span> <span class='ocrx_word' id='word_1_701' title='bbox 2054 4832 2192 4885; x_wconf 81' lang='lat' dir='ltr'><strong>lianc</strong></span> <span class='ocrx_word' id='word_1_702' title='bbox 2224 4810 2235 4816; x_wconf 67' lang='grc'>’</span> 
     </span>
    </p>
   </div>
   <div class='ocr_carea' id='block_1_98' title="bbox 637 4920 2193 5004">
    <p class='ocr_par' dir='ltr' id='par_1_98' title="bbox 637 4920 2193 5004">
     <span class='ocr_line' id='line_1_98' title="bbox 637 4920 2193 5004; baseline -0.012 -16"><span class='ocrx_word' id='word_1_703' title='bbox 637 4946 877 5004; x_wconf 85' lang='lat' dir='ltr'><strong>sequere,</strong></span> <span class='ocrx_word' id='word_1_704' title='bbox 906 4937 965 4983; x_wconf 90' lang='lat' dir='ltr'><strong>ut</strong></span> <span class='ocrx_word' id='word_1_705' title='bbox 987 4925 1405 4983; x_wconf 85' lang='lat' dir='ltr'><strong>benedictionem</strong></span> <span class='ocrx_word' id='word_1_706' title='bbox 1432 4922 1525 4977; x_wconf 87' lang='lat' dir='ltr'><strong>Dei</strong></span> <span class='ocrx_word' id='word_1_707' title='bbox 1552 4937 1615 4976; x_wconf 88' lang='lat' dir='ltr'><strong>ex</strong></span> <span class='ocrx_word' id='word_1_708' title='bbox 1644 4920 1731 4975; x_wconf 86' lang='lat' dir='ltr'><strong>illa</strong></span> <span class='ocrx_word' id='word_1_709' title='bbox 1773 4920 1971 4975; x_wconf 87' lang='lat' dir='ltr'><strong>habere</strong></span> <span class='ocrx_word' id='word_1_710' title='bbox 1986 4933 2193 4973; x_wconf 88' lang='lat' dir='ltr'><strong>merea-</strong></span> 
     </span>
    </p>
   </div>
   <div class='ocr_carea' id='block_1_99' title="bbox 640 5010 2192 5092">
    <p class='ocr_par' dir='ltr' id='par_1_99' title="bbox 640 5010 2192 5092">
     <span class='ocr_line' id='line_1_99' title="bbox 640 5010 2192 5092; baseline -0.009 -14"><span class='ocrx_word' id='word_1_711' title='bbox 640 5024 754 5088; x_wconf 88' lang='lat' dir='ltr'><strong>ris;</strong></span> <span class='ocrx_word' id='word_1_712' title='bbox 791 5022 837 5076; x_wconf 90' lang='lat' dir='ltr'><strong>si</strong></span> <span class='ocrx_word' id='word_1_713' title='bbox 887 5018 1014 5092; x_wconf 83' lang='lat' dir='ltr'><strong>quitl</strong></span> <span class='ocrx_word' id='word_1_714' title='bbox 1054 5029 1181 5070; x_wconf 86' lang='lat' dir='ltr'><strong>vero</strong></span> <span class='ocrx_word' id='word_1_715' title='bbox 1227 5012 1429 5068; x_wconf 71' lang='lat' dir='ltr'><strong>erroris</strong></span> <span class='ocrx_word' id='word_1_716' title='bbox 1470 5020 1527 5065; x_wconf 86' lang='lat' dir='ltr'><strong>et</strong></span> <span class='ocrx_word' id='word_1_717' title='bbox 1568 5011 1714 5079; x_wconf 89' lang='lat' dir='ltr'><strong>impii</strong></span> <span class='ocrx_word' id='word_1_718' title='bbox 1757 5010 2003 5071; x_wconf 88' lang='lat' dir='ltr'><strong>tramitis,</strong></span> <span class='ocrx_word' id='word_1_719' title='bbox 2051 5010 2192 5064; x_wconf 89' lang='lat' dir='ltr'><strong>hunc</strong></span> 
     </span>
    </p>
   </div>
   <div class='ocr_carea' id='block_1_100' title="bbox 642 5099 2191 5176">
    <p class='ocr_par' dir='ltr' id='par_1_100' title="bbox 642 5099 2191 5176">
     <span class='ocr_line' id='line_1_100' title="bbox 642 5099 2191 5176; baseline -0.021 -6"><span class='ocrx_word' id='word_1_720' title='bbox 642 5114 887 5170; x_wconf 77' lang='lat' dir='ltr'><strong>horresce</strong></span> <span class='ocrx_word' id='word_1_721' title='bbox 914 5116 969 5164; x_wconf 90' lang='lat' dir='ltr'><strong>et</strong></span> <span class='ocrx_word' id='word_1_722' title='bbox 992 5105 1161 5176; x_wconf 78' lang='lat' dir='ltr'><strong>fugias</strong></span> <span class='ocrx_word' id='word_1_723' title='bbox 1200 5104 1267 5158; x_wconf 85' lang='lat' dir='ltr'><strong>ab</strong></span> <span class='ocrx_word' id='word_1_724' title='bbox 1293 5114 1378 5165; x_wconf 90' lang='lat' dir='ltr'><strong>co,</strong></span> <span class='ocrx_word' id='word_1_725' title='bbox 1409 5114 1478 5154; x_wconf 88' lang='lat' dir='ltr'><strong>ne</strong></span> <span class='ocrx_word' id='word_1_726' title='bbox 1521 5100 1714 5155; x_wconf 80' lang='lat' dir='ltr'><strong>nostris</strong></span> <span class='ocrx_word' id='word_1_727' title='bbox 1753 5099 1986 5168; x_wconf 76' lang='lat' dir='ltr'><strong>peccatis</strong></span> <span class='ocrx_word' id='word_1_728' title='bbox 2011 5100 2191 5153; x_wconf 69' lang='lat' dir='ltr'><strong>nobis-</strong></span> 
     </span>
    </p>
   </div>
   <div class='ocr_carea' id='block_1_101' title="bbox 544 5185 2194 5259">
    <p class='ocr_par' dir='ltr' id='par_1_101' title="bbox 544 5185 2194 5259">
     <span class='ocr_line' id='line_1_101' title="bbox 544 5185 2194 5259; baseline -0.011 -2"><span class='ocrx_word' id='word_1_729' title='bbox 544 5197 549 5200; x_wconf 68' lang='grc'><em>’</em></span> <span class='ocrx_word' id='word_1_730' title='bbox 638 5213 763 5257; x_wconf 87' lang='lat' dir='ltr'><strong>cum</strong></span> <span class='ocrx_word' id='word_1_731' title='bbox 784 5197 1085 5252; x_wconf 83' lang='lat' dir='ltr'><strong>involvaris.</strong></span> <span class='ocrx_word' id='word_1_732' title='bbox 1111 5191 1311 5248; x_wconf 82' lang='lat' dir='ltr'><strong>Cursus</strong></span> <span class='ocrx_word' id='word_1_733' title='bbox 1332 5185 1625 5259; x_wconf 84' lang='lat' dir='ltr'><strong>quotidiani</strong></span> <span class='ocrx_word' id='word_1_734' title='bbox 1645 5200 1906 5257; x_wconf 74' lang='lat' dir='ltr'><strong>synaxeos</strong></span> <span class='ocrx_word' id='word_1_735' title='bbox 1925 5200 2047 5240; x_wconf 90' lang='lat' dir='ltr'><strong>cum</strong></span> <span class='ocrx_word' id='word_1_736' title='bbox 2070 5187 2194 5239; x_wconf 88' lang='lat' dir='ltr'><strong>mis-</strong></span> 
     </span>
    </p>
   </div>
   <div class='ocr_carea' id='block_1_102' title="bbox 641 5277 2192 5353">
    <p class='ocr_par' dir='ltr' id='par_1_102' title="bbox 641 5277 2192 5353">
     <span class='ocr_line' id='line_1_102' title="bbox 641 5277 2192 5353; baseline -0.011 -8"><span class='ocrx_word' id='word_1_737' title='bbox 641 5302 819 5345; x_wconf 79' lang='lat' dir='ltr'><strong>sarum</strong></span> <span class='ocrx_word' id='word_1_738' title='bbox 839 5286 1109 5342; x_wconf 76' lang='lat' dir='ltr'><strong>solemniis</strong></span> <span class='ocrx_word' id='word_1_739' title='bbox 1126 5292 1182 5338; x_wconf 91' lang='lat' dir='ltr'><strong>et</strong></span> <span class='ocrx_word' id='word_1_740' title='bbox 1197 5281 1393 5353; x_wconf 58' lang='lat' dir='ltr'><strong>vigiliis</strong></span> <span class='ocrx_word' id='word_1_741' title='bbox 1415 5280 1718 5349; x_wconf 81' lang='lat' dir='ltr'><strong>sanctorum</strong></span> <span class='ocrx_word' id='word_1_742' title='bbox 1740 5277 2050 5345; x_wconf 80' lang='lat' dir='ltr'><strong>quotidiana</strong></span> <span class='ocrx_word' id='word_1_743' title='bbox 2070 5289 2192 5340; x_wconf 90' lang='lat' dir='ltr'><strong>usu,</strong></span> 
     </span>
    </p>
   </div>
   <div class='ocr_carea' id='block_1_103' title="bbox 712 5405 2194 5477">
    <p class='ocr_par' dir='ltr' id='par_1_103' title="bbox 712 5405 2194 5477">
     <span class='ocr_line' id='line_1_103' title="bbox 712 5405 2194 5477; baseline -0.007 -10"><span class='ocrx_word' id='word_1_744' title='bbox 712 5418 747 5454; x_wconf 70' lang='grc' dir='ltr'><strong>ι</strong></span> <span class='ocrx_word' id='word_1_745' title='bbox 763 5412 1073 5468; x_wconf 74' lang='lat' dir='ltr'><strong>Strionibua.</strong></span> <span class='ocrx_word' id='word_1_746' title='bbox 1100 5408 1414 5477; x_wconf 10' lang='lat' dir='ltr'><strong>chendumﬁ</strong></span> <span class='ocrx_word' id='word_1_747' title='bbox 1424 5407 1666 5477; x_wconf 83' lang='lat' dir='ltr'><strong>fortassis</strong></span> <span class='ocrx_word' id='word_1_748' title='bbox 1685 5406 2050 5477; x_wconf 84' lang='lat' dir='ltr'><strong>histrionibus,</strong></span> <span class='ocrx_word' id='word_1_749' title='bbox 2080 5405 2194 5472; x_wconf 88' lang='lat' dir='ltr'><strong>qui-</strong></span> 
     </span>
    </p>
   </div>
   <div class='ocr_carea' id='block_1_104' title="bbox 644 5475 2187 5541">
    <p class='ocr_par' dir='ltr' id='par_1_104' title="bbox 644 5475 2187 5541">
     <span class='ocr_line' id='line_1_104' title="bbox 644 5475 2187 5541; baseline -0.006 -5"><span class='ocrx_word' id='word_1_750' title='bbox 644 5487 743 5537; x_wconf 87' lang='lat' dir='ltr'><strong>bus</strong></span> <span class='ocrx_word' id='word_1_751' title='bbox 755 5480 1039 5534; x_wconf 80' lang='lat' dir='ltr'><strong>Homerum</strong></span> <span class='ocrx_word' id='word_1_752' title='bbox 1057 5475 1209 5530; x_wconf 84' lang='lat' dir='ltr'><strong>suum</strong></span> <span class='ocrx_word' id='word_1_753' title='bbox 1229 5476 1509 5529; x_wconf 89' lang='lat' dir='ltr'><strong>admodum</strong></span> <span class='ocrx_word' id='word_1_754' title='bbox 1526 5475 1777 5529; x_wconf 88' lang='lat' dir='ltr'><strong>delectari</strong></span> <span class='ocrx_word' id='word_1_755' title='bbox 1790 5489 1946 5541; x_wconf 86' lang='lat' dir='ltr'><strong>supra</strong></span> <span class='ocrx_word' id='word_1_756' title='bbox 1965 5476 2015 5528; x_wconf 86' lang='lat' dir='ltr'><strong>in</strong></span> <span class='ocrx_word' id='word_1_757' title='bbox 2031 5477 2187 5541; x_wconf 84' lang='lat' dir='ltr'><strong>epist.</strong></span> 
     </span>
    </p>
   </div>
   <div class='ocr_carea' id='block_1_105' title="bbox 643 5542 2191 5619">
    <p class='ocr_par' dir='ltr' id='par_1_105' title="bbox 643 5542 2191 5619">
     <span class='ocr_line' id='line_1_105' title="bbox 643 5542 2191 5619; baseline -0.006 -14"><span class='ocrx_word' id='word_1_758' title='bbox 643 5551 747 5605; x_wconf 77' lang='grc'><strong>215</strong></span> <span class='ocrx_word' id='word_1_759' title='bbox 776 5552 943 5619; x_wconf 80' lang='lat' dir='ltr'><strong>(nunc</strong></span> <span class='ocrx_word' id='word_1_760' title='bbox 962 5545 1083 5619; x_wconf 68' lang='lat' dir='ltr'><strong>liii)</strong></span> <span class='ocrx_word' id='word_1_761' title='bbox 1106 5543 1274 5619; x_wconf 73' lang='lat' dir='ltr'><strong>dixit;</strong></span> <span class='ocrx_word' id='word_1_762' title='bbox 1297 5543 1423 5619; x_wconf 61' lang='lat' dir='ltr'><strong>hinc</strong></span> <span class='ocrx_word' id='word_1_763' title='bbox 1443 5544 1671 5609; x_wconf 77' lang='lat' dir='ltr'><strong>suspicio</strong></span> <span class='ocrx_word' id='word_1_764' title='bbox 1694 5542 1821 5594; x_wconf 90' lang='lat' dir='ltr'><strong>oriri</strong></span> <span class='ocrx_word' id='word_1_765' title='bbox 1841 5544 2030 5619; x_wconf 70' lang='lat' dir='ltr'><strong>possit,</strong></span> <span class='ocrx_word' id='word_1_766' title='bbox 2056 5543 2191 5597; x_wconf 85' lang='lat' dir='ltr'><strong>hanc</strong></span> 
     </span>
    </p>
   </div>
   <div class='ocr_carea' id='block_1_106' title="bbox 642 5609 2188 5691">
    <p class='ocr_par' dir='ltr' id='par_1_106' title="bbox 642 5609 2188 5691">
     <span class='ocr_line' id='line_1_106' title="bbox 642 5609 2188 5691; baseline -0.006 -18"><span class='ocrx_word' id='word_1_767' title='bbox 642 5609 916 5691; x_wconf 56' lang='lat' dir='ltr'><strong>epistulam</strong></span> <span class='ocrx_word' id='word_1_768' title='bbox 968 5614 1032 5668; x_wconf 88' lang='lat' dir='ltr'><strong>ad</strong></span> <span class='ocrx_word' id='word_1_769' title='bbox 1065 5609 1313 5665; x_wconf 80' lang='lat' dir='ltr'><strong>eumdem</strong></span> <span class='ocrx_word' id='word_1_770' title='bbox 1356 5609 1638 5665; x_wconf 89' lang='lat' dir='ltr'><strong>llomerum</strong></span> <span class='ocrx_word' id='word_1_771' title='bbox 1678 5624 1770 5663; x_wconf 84' lang='lat' dir='ltr'><strong>seu</strong></span> <span class='ocrx_word' id='word_1_772' title='bbox 1829 5610 2188 5678; x_wconf 81' lang='lat' dir='ltr'><strong>Angilbertum</strong></span> 
     </span>
    </p>
   </div>
   <div class='ocr_carea' id='block_1_107' title="bbox 2290 4472 2752 4529">
    <p class='ocr_par' dir='ltr' id='par_1_107' title="bbox 2290 4472 2752 4529">
     <span class='ocr_line' id='line_1_107' title="bbox 2290 4472 2752 4529; baseline 0.006 -3"><span class='ocrx_word' id='word_1_773' title='bbox 2290 4472 2481 4527; x_wconf 83' lang='lat' dir='ltr'><strong>cuinus</strong></span> <span class='ocrx_word' id='word_1_774' title='bbox 2508 4474 2752 4529; x_wconf 67' lang='lat' dir='ltr'><strong>Salutem.</strong></span> 
     </span>
    </p>
   </div>
   <div class='ocr_carea' id='block_1_108' title="bbox 2359 4562 3846 4641">
    <p class='ocr_par' dir='ltr' id='par_1_108' title="bbox 2359 4562 3846 4641">
     <span class='ocr_line' id='line_1_108' title="bbox 2359 4562 3846 4641; baseline 0.008 -25"><span class='ocrx_word' id='word_1_775' title='bbox 2359 4562 2438 4633; x_wconf 72' lang='lat' dir='ltr'><strong>Ex</strong></span> <span class='ocrx_word' id='word_1_776' title='bbox 2457 4578 2564 4632; x_wconf 78' lang='lat' dir='ltr'><strong>quo</strong></span> <span class='ocrx_word' id='word_1_777' title='bbox 2596 4572 2827 4620; x_wconf 83' lang='lat' dir='ltr'><strong>vestram</strong></span> <span class='ocrx_word' id='word_1_778' title='bbox 2862 4568 3241 4623; x_wconf 79' lang='lat' dir='ltr'><strong>beatitudinem</strong></span> <span class='ocrx_word' id='word_1_779' title='bbox 3269 4572 3408 4625; x_wconf 91' lang='lat' dir='ltr'><strong>scire</strong></span> <span class='ocrx_word' id='word_1_780' title='bbox 3440 4574 3608 4639; x_wconf 90' lang='lat' dir='ltr'><strong>potui,</strong></span> <span class='ocrx_word' id='word_1_781' title='bbox 3636 4588 3846 4641; x_wconf 82' lang='lat' dir='ltr'><strong>semper</strong></span> 
     </span>
    </p>
   </div>
   <div class='ocr_carea' id='block_1_109' title="bbox 2291 4653 3889 4723">
    <p class='ocr_par' dir='ltr' id='par_1_109' title="bbox 2291 4653 3889 4723">
     <span class='ocr_line' id='line_1_109' title="bbox 2291 4653 3889 4723; baseline 0.007 -18"><span class='ocrx_word' id='word_1_782' title='bbox 2291 4667 2471 4706; x_wconf 86' lang='lat' dir='ltr'><strong>amare</strong></span> <span class='ocrx_word' id='word_1_783' title='bbox 2492 4653 2656 4718; x_wconf 89' lang='lat' dir='ltr'><strong>volui,</strong></span> <span class='ocrx_word' id='word_1_784' title='bbox 2703 4655 2829 4723; x_wconf 87' lang='lat' dir='ltr'><strong>quia</strong></span> <span class='ocrx_word' id='word_1_785' title='bbox 2874 4657 3133 4709; x_wconf 88' lang='lat' dir='ltr'><strong>sanctitas</strong></span> <span class='ocrx_word' id='word_1_786' title='bbox 3162 4665 3337 4710; x_wconf 86' lang='lat' dir='ltr'><strong>vestra</strong></span> <span class='ocrx_word' id='word_1_787' title='bbox 3372 4660 3521 4713; x_wconf 91' lang='lat' dir='ltr'><strong>cordi</strong></span> <span class='ocrx_word' id='word_1_788' title='bbox 3550 4676 3668 4715; x_wconf 89' lang='lat' dir='ltr'><strong>meo</strong></span> <span class='ocrx_word' id='word_1_789' title='bbox 3702 4679 3845 4715; x_wconf 85' lang='lat' dir='ltr'><strong>amo-</strong></span> <span class='ocrx_word' id='word_1_790' title='bbox 3888 4684 3889 4691; x_wconf 52' lang='grc' dir='ltr'><strong>η</strong></span> 
     </span>
    </p>
   </div>
   <div class='ocr_carea' id='block_1_110' title="bbox 2293 4739 3845 4810">
    <p class='ocr_par' dir='ltr' id='par_1_110' title="bbox 2293 4739 3845 4810">
     <span class='ocr_line' id='line_1_110' title="bbox 2293 4739 3845 4810; baseline 0.009 -17"><span class='ocrx_word' id='word_1_791' title='bbox 2293 4753 2403 4793; x_wconf 85' lang='lat' dir='ltr'><strong>rem</strong></span> <span class='ocrx_word' id='word_1_792' title='bbox 2438 4739 2668 4795; x_wconf 89' lang='lat' dir='ltr'><strong>infundit</strong></span> <span class='ocrx_word' id='word_1_793' title='bbox 2708 4741 2871 4794; x_wconf 88' lang='lat' dir='ltr'><strong>vestri</strong></span> <span class='ocrx_word' id='word_1_794' title='bbox 2890 4780 2904 4804; x_wconf 97' lang='lat'><strong>,</strong></span> <span class='ocrx_word' id='word_1_795' title='bbox 2953 4749 3143 4810; x_wconf 90' lang='lat' dir='ltr'><strong>optans</strong></span> <span class='ocrx_word' id='word_1_796' title='bbox 3170 4760 3306 4798; x_wconf 90' lang='lat' dir='ltr'><strong>unus</strong></span> <span class='ocrx_word' id='word_1_797' title='bbox 3335 4761 3453 4801; x_wconf 91' lang='lat' dir='ltr'><strong>esse</strong></span> <span class='ocrx_word' id='word_1_798' title='bbox 3480 4763 3544 4802; x_wconf 93' lang='lat' dir='ltr'><strong>ex</strong></span> <span class='ocrx_word' id='word_1_799' title='bbox 3570 4751 3740 4805; x_wconf 81' lang='lat' dir='ltr'><strong>vobis.</strong></span> <span class='ocrx_word' id='word_1_800' title='bbox 3777 4752 3845 4807; x_wconf 78' lang='lat' dir='ltr'><strong>Ut</strong></span> 
     </span>
    </p>
   </div>
   <div class='ocr_carea' id='block_1_111' title="bbox 2291 4828 3845 4901">
    <p class='ocr_par' dir='ltr' id='par_1_111' title="bbox 2291 4828 3845 4901">
     <span class='ocr_line' id='line_1_111' title="bbox 2291 4828 3845 4901; baseline 0.009 -18"><span class='ocrx_word' id='word_1_801' title='bbox 2291 4828 2335 4883; x_wconf 88' lang='lat' dir='ltr'><strong>si</strong></span> <span class='ocrx_word' id='word_1_802' title='bbox 2352 4830 2557 4885; x_wconf 88' lang='lat' dir='ltr'><strong>meritis</strong></span> <span class='ocrx_word' id='word_1_803' title='bbox 2580 4846 2697 4885; x_wconf 87' lang='lat' dir='ltr'><strong>esse</strong></span> <span class='ocrx_word' id='word_1_804' title='bbox 2710 4832 3085 4901; x_wconf 88' lang='lat' dir='ltr'><strong>nequivissem,</strong></span> <span class='ocrx_word' id='word_1_805' title='bbox 3113 4835 3372 4889; x_wconf 87' lang='lat' dir='ltr'><strong>charitatc</strong></span> <span class='ocrx_word' id='word_1_806' title='bbox 3397 4848 3574 4893; x_wconf 88' lang='lat' dir='ltr'><strong>tamen</strong></span> <span class='ocrx_word' id='word_1_807' title='bbox 3596 4840 3845 4896; x_wconf 75' lang='lat' dir='ltr'><strong>fraterna:</strong></span> 
     </span>
    </p>
   </div>
   <div class='ocr_carea' id='block_1_112' title="bbox 2291 4920 3846 4999">
    <p class='ocr_par' dir='ltr' id='par_1_112' title="bbox 2291 4920 3846 4999">
     <span class='ocr_line' id='line_1_112' title="bbox 2291 4920 3846 4999; baseline 0.007 -25"><span class='ocrx_word' id='word_1_808' title='bbox 2291 4920 2591 4976; x_wconf 85' lang='lat' dir='ltr'><strong>dilectionis</strong></span> <span class='ocrx_word' id='word_1_809' title='bbox 2611 4921 2925 4991; x_wconf 73' lang='lat' dir='ltr'><strong>coniunctus</strong></span> <span class='ocrx_word' id='word_1_810' title='bbox 2946 4939 3143 4988; x_wconf 85' lang='lat' dir='ltr'><strong>essem,</strong></span> <span class='ocrx_word' id='word_1_811' title='bbox 3166 4936 3425 4993; x_wconf 86' lang='lat' dir='ltr'><strong>quatenus</strong></span> <span class='ocrx_word' id='word_1_812' title='bbox 3454 4929 3508 4982; x_wconf 82' lang='lat' dir='ltr'><strong>in</strong></span> <span class='ocrx_word' id='word_1_813' title='bbox 3537 4929 3846 4999; x_wconf 77' lang='lat' dir='ltr'><strong>diemagno</strong></span> 
     </span>
    </p>
   </div>
   <div class='ocr_carea' id='block_1_113' title="bbox 2292 5011 3893 5086">
    <p class='ocr_par' dir='ltr' id='par_1_113' title="bbox 2292 5011 3893 5086">
     <span class='ocr_line' id='line_1_113' title="bbox 2292 5011 3893 5086; baseline 0.009 -24"><span class='ocrx_word' id='word_1_814' title='bbox 2292 5011 2693 5078; x_wconf 75' lang='lat' dir='ltr'><strong>resurrectionis</strong></span> <span class='ocrx_word' id='word_1_815' title='bbox 2716 5013 2953 5065; x_wconf 90' lang='lat' dir='ltr'><strong>omnium</strong></span> <span class='ocrx_word' id='word_1_816' title='bbox 2981 5012 3250 5082; x_wconf 87' lang='lat' dir='ltr'><strong>particeps</strong></span> <span class='ocrx_word' id='word_1_817' title='bbox 3270 5031 3442 5071; x_wconf 88' lang='lat' dir='ltr'><strong>essem</strong></span> <span class='ocrx_word' id='word_1_818' title='bbox 3469 5024 3687 5082; x_wconf 72' lang='lat' dir='ltr'><strong>eorum,“</strong></span> <span class='ocrx_word' id='word_1_819' title='bbox 3712 5032 3847 5086; x_wconf 87' lang='lat' dir='ltr'><strong>quos</strong></span> <span class='ocrx_word' id='word_1_820' title='bbox 3883 5066 3893 5077; x_wconf 49' lang='grc' dir='ltr'><strong>ς</strong></span> 
     </span>
    </p>
   </div>
   <div class='ocr_carea' id='block_1_114' title="bbox 2289 5101 3862 5169">
    <p class='ocr_par' dir='ltr' id='par_1_114' title="bbox 2289 5101 3862 5169">
     <span class='ocr_line' id='line_1_114' title="bbox 2289 5101 3862 5169; baseline 0.004 -16"><span class='ocrx_word' id='word_1_821' title='bbox 2289 5107 2469 5154; x_wconf 86' lang='lat' dir='ltr'><strong>tantus</strong></span> <span class='ocrx_word' id='word_1_822' title='bbox 2501 5108 2683 5169; x_wconf 82' lang='lat' dir='ltr'><strong>pastor</strong></span> <span class='ocrx_word' id='word_1_823' title='bbox 2726 5115 2823 5155; x_wconf 87' lang='lat' dir='ltr'><strong>suo</strong></span> <span class='ocrx_word' id='word_1_824' title='bbox 2853 5101 2965 5169; x_wconf 88' lang='lat' dir='ltr'><strong>regi</strong></span> <span class='ocrx_word' id='word_1_825' title='bbox 2992 5103 3356 5169; x_wconf 69' lang='lat' dir='ltr'><strong>praesentabit.</strong></span> <span class='ocrx_word' id='word_1_826' title='bbox 3390 5101 3435 5158; x_wconf 91' lang='grc' dir='ltr'><strong>Ο</strong></span> <span class='ocrx_word' id='word_1_827' title='bbox 3467 5102 3597 5158; x_wconf 85' lang='lat' dir='ltr'><strong>felix</strong></span> <span class='ocrx_word' id='word_1_828' title='bbox 3622 5103 3862 5167; x_wconf 79' lang='lat' dir='ltr'><strong>familia,~</strong></span> 
     </span>
    </p>
   </div>
   <div class='ocr_carea' id='block_1_115' title="bbox 2289 5190 3909 5261">
    <p class='ocr_par' dir='ltr' id='par_1_115' title="bbox 2289 5190 3909 5261">
     <span class='ocr_line' id='line_1_115' title="bbox 2289 5190 3909 5261; baseline 0.001 -14"><span class='ocrx_word' id='word_1_829' title='bbox 2289 5191 2379 5247; x_wconf 79' lang='lat' dir='ltr'><strong>tali</strong></span> <span class='ocrx_word' id='word_1_830' title='bbox 2413 5192 2651 5261; x_wconf 84' lang='lat' dir='ltr'><strong>gaudens</strong></span> <span class='ocrx_word' id='word_1_831' title='bbox 2689 5197 2931 5258; x_wconf 83' lang='lat' dir='ltr'><strong>pastore,</strong></span> <span class='ocrx_word' id='word_1_832' title='bbox 2968 5190 3127 5247; x_wconf 87' lang='lat' dir='ltr'><strong>talem</strong></span> <span class='ocrx_word' id='word_1_833' title='bbox 3154 5192 3354 5247; x_wconf 84' lang='lat' dir='ltr'><strong>habens</strong></span> <span class='ocrx_word' id='word_1_834' title='bbox 3393 5193 3448 5246; x_wconf 92' lang='lat' dir='ltr'><strong>in</strong></span> <span class='ocrx_word' id='word_1_835' title='bbox 3495 5193 3583 5247; x_wconf 87' lang='lat' dir='ltr'><strong>die</strong></span> <span class='ocrx_word' id='word_1_836' title='bbox 3633 5192 3843 5248; x_wconf 65' lang='lat' dir='ltr'><strong>Domini</strong></span> <span class='ocrx_word' id='word_1_837' title='bbox 3906 5210 3909 5213; x_wconf 69' lang='lat'>‘</span> 
     </span>
    </p>
   </div>
   <div class='ocr_carea' id='block_1_116' title="bbox 2291 5275 3845 5353">
    <p class='ocr_par' dir='ltr' id='par_1_116' title="bbox 2291 5275 3845 5353">
     <span class='ocr_line' id='line_1_116' title="bbox 2291 5275 3845 5353; baseline 0.003 -23"><span class='ocrx_word' id='word_1_838' title='bbox 2291 5279 2563 5332; x_wconf 88' lang='lat' dir='ltr'><strong>doctorem</strong></span> <span class='ocrx_word' id='word_1_839' title='bbox 2585 5275 2752 5348; x_wconf 81' lang='lat' dir='ltr'><strong>[Edit.</strong></span> <span class='ocrx_word' id='word_1_840' title='bbox 2782 5277 3110 5353; x_wconf 88' lang='lat' dir='ltr'><strong>ductorem]!</strong></span> <span class='ocrx_word' id='word_1_841' title='bbox 3140 5278 3265 5333; x_wconf 80' lang='lat' dir='ltr'><strong>felix</strong></span> <span class='ocrx_word' id='word_1_842' title='bbox 3284 5282 3374 5348; x_wconf 87' lang='lat' dir='ltr'><strong>qui</strong></span> <span class='ocrx_word' id='word_1_843' title='bbox 3395 5279 3512 5347; x_wconf 82' lang='lat' dir='ltr'><strong>ejus</strong></span> <span class='ocrx_word' id='word_1_844' title='bbox 3535 5289 3647 5336; x_wconf 82' lang='lat' dir='ltr'><strong>tata</strong></span> <span class='ocrx_word' id='word_1_845' title='bbox 3662 5282 3845 5337; x_wconf 86' lang='lat' dir='ltr'><strong>volun-</strong></span> 
     </span>
    </p>
   </div>
   <div class='ocr_carea' id='block_1_117' title="bbox 2290 5404 3584 5492">
    <p class='ocr_par' dir='ltr' id='par_1_117' title="bbox 2290 5404 3584 5492">
     <span class='ocr_line' id='line_1_117' title="bbox 2290 5404 3584 5492; baseline 0.002 -1"><span class='ocrx_word' id='word_1_846' title='bbox 2786 5405 2962 5492; x_wconf 56' lang='lat' dir='ltr'><strong>(Aaud</strong></span> <span class='ocrx_word' id='word_1_847' title='bbox 2987 5408 3219 5492; x_wconf 60' lang='grc' dir='ltr'><strong>ξτςοδςιιο</strong></span> <span class='ocrx_word' id='word_1_848' title='bbox 3240 5410 3408 5492; x_wconf 65' lang='grc' dir='ltr'><strong>,ςρξει-</strong></span> <span class='ocrx_word' id='word_1_849' title='bbox 3434 5412 3584 5485; x_wconf 66' lang='lat'><strong>230-)</strong></span> 
     </span>
    </p>
   </div>
   <div class='ocr_carea' id='block_1_118' title="bbox 2363 5472 3846 5553">
    <p class='ocr_par' dir='ltr' id='par_1_118' title="bbox 2363 5472 3846 5553">
     <span class='ocr_line' id='line_1_118' title="bbox 2363 5472 3846 5553; baseline 0.009 -30"><span class='ocrx_word' id='word_1_850' title='bbox 2363 5472 2805 5553; x_wconf 47' lang='lat' dir='ltr'><strong>altatis</strong></span> <span class='ocrx_word' id='word_1_851' title='bbox 2822 5472 2893 5537; x_wconf 61' lang='lat' dir='ltr'><strong>est</strong></span> <span class='ocrx_word' id='word_1_852' title='bbox 2913 5478 3103 5553; x_wconf 75' lang='lat' dir='ltr'><strong>putria,</strong></span> <span class='ocrx_word' id='word_1_853' title='bbox 3118 5486 3221 5531; x_wconf 86' lang='lat' dir='ltr'><strong>etc.</strong></span> <span class='ocrx_word' id='word_1_854' title='bbox 3240 5472 3388 5543; x_wconf 74' lang='lat' dir='ltr'><strong>Vide,</strong></span> <span class='ocrx_word' id='word_1_855' title='bbox 3411 5497 3530 5551; x_wconf 81' lang='lat' dir='ltr'><strong>quae</strong></span> <span class='ocrx_word' id='word_1_856' title='bbox 3546 5472 3846 5538; x_wconf 79' lang='lat' dir='ltr'><strong>notavimus</strong></span> 
     </span>
    </p>
   </div>
   <div class='ocr_carea' id='block_1_119' title="bbox 2292 5542 3015 5609">
    <p class='ocr_par' dir='ltr' id='par_1_119' title="bbox 2292 5542 3015 5609">
     <span class='ocr_line' id='line_1_119' title="bbox 2292 5542 3015 5609; baseline -0.001 -14"><span class='ocrx_word' id='word_1_857' title='bbox 2292 5543 2354 5595; x_wconf 85' lang='lat' dir='ltr'><strong>ad</strong></span> <span class='ocrx_word' id='word_1_858' title='bbox 2382 5542 2535 5609; x_wconf 87' lang='lat' dir='ltr'><strong>epist.</strong></span> <span class='ocrx_word' id='word_1_859' title='bbox 2564 5542 2661 5595; x_wconf 77' lang='grc'><strong>157</strong></span> <span class='ocrx_word' id='word_1_860' title='bbox 2687 5542 2824 5596; x_wconf 89' lang='lat' dir='ltr'><strong>inter</strong></span> <span class='ocrx_word' id='word_1_861' title='bbox 2845 5542 3015 5595; x_wconf 84' lang='lat' dir='ltr'><strong>notas.</strong></span> 
     </span>
    </p>
   </div>
   <div class='ocr_carea' id='block_1_120' title="bbox 2363 5583 3635 5716">
    <p class='ocr_par' dir='ltr' id='par_1_120' title="bbox 2363 5583 3635 5716">
     <span class='ocr_line' id='line_1_120' title="bbox 2363 5583 3635 5716; baseline 0.009 -54"><span class='ocrx_word' id='word_1_862' title='bbox 2363 5583 3151 5716; x_wconf 42' lang='lat' dir='ltr'><strong>cv&#39;iiﬁ&#39;i&#39;tféuéfééifs‘i&#39;f‘iianis.</strong></span> <span class='ocrx_word' id='word_1_863' title='bbox 3184 5615 3265 5680; x_wconf 72' lang='lat' dir='ltr'><strong>ts,</strong></span> <span class='ocrx_word' id='word_1_864' title='bbox 3298 5615 3523 5674; x_wconf 85' lang='lat' dir='ltr'><strong>Froben.</strong></span> <span class='ocrx_word' id='word_1_865' title='bbox 3550 5583 3635 5675; x_wconf 71' lang='lat' dir='ltr'><strong>is.</strong></span> 
     </span>
    </p>
   </div>
  </div>
