4226 6216
300 376 390 434 ΠΤ

1711 375 2101 432 ΕΡΙὸΤΟῘιι-Ε..

3396 376 3497 431 1¹28

298 502 399 548 tate
422 494 669 559 sequitur
693 492 911 560 vestigia
930 532 942 555 ,
997 504 1056 544 ut
1079 491 1219 544 illius
1264 491 1525 545 inhaerens
1572 489 1850 559 praeceptis
1879 492 1924 549 Α
1953 488 2086 552 Quia
2111 489 2198 554 qui
2230 489 2473 541 arborem
2505 487 2728 555 plantat,
2760 485 3052 538 mercedem
3078 486 3143 538 de
3161 484 3332 540 fructu
3359 484 3502 543 illius

297 581 458 648 ipsius
487 588 759 635 mereatur
778 580 1073 634 consociari
1104 579 1304 648 glorize.
1357 579 1426 634 Ut
1472 579 1575 632 hoc
1616 578 1730 630 lteri
1757 593 1842 630 va-

299 676 415 731 leat,
443 666 590 720 nulla
618 683 715 721 vos
744 666 922 721 sarculi
944 668 1393 735 concupiscentia,
1416 668 1613 720 nullum
1636 666 1848 720 carnale

297 756 620 810 desiderium
636 757 943 820 abstrahat;
965 772 1062 810 nec
1083 766 1272 810 vestrae
1293 756 1478 810 salutis
1501 757 1852 824 vosmetipsos

298 843 624 911 negligentes
669 858 786 897 esse
825 845 1009 906 decet,
1047 859 1146 896 nec
1206 853 1448 911 paratam
1483 844 1633 897 vobis
1663 844 1714 896 in
1745 844 1854 896 Deo

297 932 520 1001 gioriam
535 933 937 1001 parvipendere.
957 932 1174 986 Habetis
1192 933 1333 985 enim
1349 932 1442 985 Dei
1457 932 1686 1001 gratiam
1703 931 1856 984 auxi-

299 1019 516 1072 liantem
549 1020 720 1083 vobis,
765 1028 819 1074 et
843 1035 1092 1089 magnum
1137 1021 1569 1083 intercessorem,
1612 1029 1854 1074 sanctum

297 1109 502 1163 scilicet
531 1109 837 1175 Martinum,
868 1110 1242 1177 deprecantem
1277 1111 1512 1177 quotidie
1534 1125 1630 1178 pro
1658 1109 1808 1163 vobis
1840 1126 1853 1162 :

297 1199 420 1264 quia
481 1199 540 1252 in
600 1198 754 1268 cujus
812 1199 1029 1253 servitio
1082 1200 1316 1266 quotidie
1376 1199 1532 1252 statis
1593 1198 1647 1251 in
1699 1198 1860 1251 domo

297 1300 390 1339 sua
414 1327 428 1349 ,
471 1287 621 1342 illum
657 1288 863 1343 habetis
892 1288 946 1344 in
972 1287 1124 1342 caelis
1157 1289 1302 1340 omni
1347 1288 1479 1340 hora
1534 1285 1857 1356 suifragato-

301 1391 431 1430 rem.
1012 1365 1024 1370 ”

367 1463 744 1535 Quapropter,
796 1465 1125 1519 dilectissimi
1185 1464 1415 1528 fratres,
1457 1465 1860 1535 diligentissime

297 1554 630 1615 contendite,
657 1561 715 1606 ut
740 1555 932 1620 saepius
962 1569 1055 1606 vos
1082 1554 1317 1607 inveniat
1345 1553 1581 1607 visitatio
1612 1555 1693 1607 sul
1732 1569 1859 1607 san-

1951 579 2190 645 accipere
2223 579 2437 648 cogitat.
2486 577 2689 632 Habete
2734 576 3098 631 adolescentes
3141 578 3292 644 quasi
3341 574 3501 642 ﬁlios,

1951 677 2211 735 quatenus
2233 668 2303 723 illi
2330 685 2423 723 vos
2459 669 2692 723 habeant
2718 676 2776 721 ut
2819 675 3013 736 patres.
3061 667 3326 734 Exemplis
3352 668 3507 721 bonis

1954 757 2070 810 illos
2097 757 2361 819 instruite,
2392 757 2669 810 admonete
2689 764 2746 808 ut
2773 756 3137 818 cbarissimos,
3166 756 3424 824 castigate
3449 763 3507 807 ut

1954 859 2275 908 conservos;
2307 845 2429 912 quia
2475 845 2580 913 30
2610 846 2722 898 hmo
2757 852 2841 897 est
2886 842 3122 896 fraterna
3150 842 3403 907 Charitas,
3449 849 3510 894 ut

1953 948 2138 986 omnes
2165 932 2315 999 quasi
2340 933 2690 1000 vosmetipsos
2717 932 2782 985 ad
2806 946 3055 985 coronam
3078 945 3319 1000 superna:
3339 930 3510 984 beati-

1957 1021 2153 1073 tudinis
2189 1021 2479 1088 perducere
2506 1020 2784 1073 studeatis.
2948 1007 2966 1027 \
3188 1088 3195 1095 ι

2024 1107 2395 1161 Adolescentes
2425 1121 2551 1161 vero
2576 1107 2885 1160 'senioribus
2931 1107 3080 1173 quasi
3110 1108 3350 1174 patribus
3390 1110 3499 1162 sub

1959 1195 2055 1248 diti
2078 1202 2249 1248 estote
2275 1193 2325 1262 (I
2363 1193 2501 1246 Petr.
2528 1209 2579 1256 v,
2607 1193 2680 1263 5),
2707 1194 2844 1246 sicut
2864 1193 2930 1246 de
2955 1193 3064 1247 Deo
3085 1194 3301 1249 Christo
3322 1195 3514 1262 legitur

1961 1285 2012 1336 in
2052 1284 2370 1352 Evangelio,
2408 1283 2546 1351 quod
2589 1281 2831 1336 subditus
2859 1289 3001 1336 esset
3043 1283 3158 1336 suis
3204 1285 3516 1351 parentibus

1960 1374 2108 1443 (Luc.
2133 1390 2192 1436 ιι,
2219 1373 2328 1443 51).
2357 1374 2411 1427 Si
2441 1389 2568 1427 vero
2591 1374 2730 1428 Deus
2751 1375 2908 1427 homo
2925 1382 2980 1427 et
3001 1374 3255 1428 Dominus
3279 1372 3516 1427 omnium

1961 1465 2202 1518 subditus
2225 1479 2341 1517 esse
2356 1479 2462 1517 non
2483 1465 2802 1533 dedignatur
2828 1465 3129 1518 hominibus
3144 1505 3159 1528 ,
3189 1470 3383 1532 quanto
3407 1477 3518 1516 ma-

1961 1553 2042 1623 gis
2065 1562 2119 1608 et
2144 1568 2256 1617 vos,
2282 1553 2432 1620 pueri
2452 1560 2506 1606 et
2535 1552 2916 1614 adolescentes,
2949 1553 3144 1607 subditi
3173 1565 3291 1607 esse
3313 1550 3520 1605 debetis

298 1640 524 1694 etissimi
560 1640 790 1710 Spiritus
836 1659 888 1696 In
929 1643 1173 1697 laudibus
1217 1643 1412 1698 divinis
1455 1644 1771 1711 vigilantes."
1808 1644 1864 1697 ln
1965 1641 2232 1712 magistris
2262 1642 2475 1704 vestris,
2505 1649 2563 1694 ut
2598 1655 2692 1708 per
2723 1640 2930 1693 illorum
2979 1642 3174 1694 bonam
3221 1641 3521 1696 doctrinam

299 1725 412 1781 loco
438 1728 494 1781 in
521 1743 630 1795 quo
657 1728 817 1798 elegit
836 1730 936 1784 sibi
966 1732 1203 1799 requiem
1241 1731 1624 1797 dulcissimam,
1650 1733 1727 1786 sic
1749 1732 1867 1786 fun-
1964 1731 2223 1800 proﬁcere
2242 1737 2296 1784 et
2323 1728 2545 1794 ﬂorere,
2584 1735 2637 1782 et
2673 1727 2895 1783 exaltari
2933 1727 2986 1780 in
3029 1727 3264 1781 Ecclesia
3300 1728 3518 1791 Christi,

299 1815 406 1868 dite
433 1831 628 1886 preces
646 1825 884 1883 vestras,
901 1820 1048 1885 quasi
1070 1829 1332 1886 praesente
1373 1820 1484 1874 Deo
1512 1822 1789 1889 loquentes
1813 1831 1866 1875 et
1900 1802 1942 1860 Β
1966 1829 2021 1875 et
2055 1821 2121 1874 ad
2150 1821 2313 1873 vitam
2339 1827 2593 1876 aeternam
2615 1832 2735 1874 cum
2756 1816 2891 1881 illis,
2921 1816 3031 1872 Deo
3053 1816 3298 1879 donante,
3331 1828 3520 1884 perve-

301 1907 506 1959 sanctis
527 1905 662 1973 ejus.
699 1904 806 1960 Nec
847 1908 916 1960 sit
949 1907 1092 1961 aliud
1131 1908 1184 1960 in
1229 1908 1425 1973 corde,
1466 1909 1608 1963 aliud
1655 1910 1706 1962 in
1743 1923 1863 1974 ore;

304 1995 430 2063 quia
454 1995 621 2048 homo
648 1995 796 2047 audit
815 1996 955 2062 quod
974 2011 1035 2049 os
1055 1994 1308 2066 loquitur,
1341 1996 1708 2064 Deusinspicit
1728 1998 1868 2065 quod

305 2098 401 2138 eor
433 2084 669 2153 cogitat;
700 2084 826 2151 quia
855 2100 951 2138 cor
971 2087 1257 2139 contritum
1279 2096 1332 2140 et
1364 2087 1703 2141 humiliatum
1728 2085 1869 2141 Deus

305 2189 407 2228 non
437 2176 649 2244 spernit
683 2173 854 2247 (Prol.
888 2192 939 2240 ι,
981 2176 1087 2246 19).
1123 2177 1188 2230 Et
1233 2181 1408 2232 omnis
1456 2179 1549 2247 qui
1595 2194 1653 2233 se
1695 2179 1871 2232 humi-

301 2262 422 2326 liat,
462 2263 786 2318 exallahitur
828 2263 978 2335 (Luc.
1018 2281 1148 2329 xiv,
1203 2266 1312 2336 ll).
1367 2266 1471 2322 Per
1515 2268 1869 2322 humilitatem

301 2354 848 2414 vero,.oLedientiam
876 2364 930 2409 et
976 2355 1291 2411 charitatem
1340 2362 1649 2416 monachus.
1676 2361 1871 2415 cmlum

303 2443 572 2497 ascendit.
1209 2441 1212 2444 ’

373 2531 495 2585 Non
533 2541 616 2586 est
654 2532 816 2603 igitur
852 2534 1116 2589 laudabile
1151 2538 1203 2592 in
1254 2539 1587 2594 vestimentis
1634 2540 1872 2593 habitum

303 2622 509 2675 imitari
537 2621 774 2685 Palmm,
807 2624 923 2677 sine
948 2625 1322 2679 observatione
1359 2628 1727 2681 mandatorum
1756 2642 1873 2695 quae

303 2709 376 2763 illi
406 2717 719 2764 statuerunt
745 2711 852 2765 Deo
894 2714 1269 2768 servientibus.
1300 2713 1401 2780 Qui
1447 2714 1576 2769 foris
1625 2717 1676 2768 in
1704 2716 1872 2770 oculis

305 2799 586 2855 hominum
615 2801 733 2854 ovis
755 2801 806 2856 in
833 2803 1166 2858 vestimentis
1185 2804 1352 2858 videri
1395 2806 1558 2874 cupit,
1586 2807 1728 2861 intus
1750 2814 1873 2859 ante

305 2894 659 2954 conspectum
683 2887 777 2940 Dei
804 2904 897 2957 per
924 2893 1104 2945 cordis
1155 2902 1361 2948 secreta
1391 2910 1511 2949 esse
1567 2897 1870 2958 contendat,
1947 2922 1958 2934 -

306 2974 455 3042 quod
481 2972 615 3029 foris
639 2983 764 3030 ante
786 2976 1028 3032 homines
1055 2982 1229 3048 putari
1252 2985 1416 3052 cupit.

379 3065 635 3119 Charitas
662 3066 824 3135 igitur
843 3082 1000 3135 quam
1048 3070 1187 3124 Deus
1223 3073 1474 3140 praecepit
1521 3072 1709 3141 duplex
1757 3089 1875 3128 esse

309 3154 510 3218 debet,
554 3156 607 3210 id
652 3164 736 3209 est
813 3157 902 3211 Dei
930 3167 978 3211 et
1011 3160 1258 3227 proximi.
1301 3161 1415 3215 Una
1445 3177 1564 3230 qua:
1595 3177 1877 3230 supra-nos

309 3251 422 3306 est,
452 3245 505 3298 id
534 3252 619 3298 est
662 3245 830 3310 Deus;
864 3247 1032 3300 altera
1069 3264 1186 3316 qua:
1230 3248 1382 3316 juxta
1412 3267 1510 3306 nos
1536 3260 1651 3316 est,
1704 3252 1754 3306 id
1798 3261 1881 3307 est

315 3332 500 3386 homo.
527 3333 667 3387 Deus
692 3349 758 3387 ex
782 3344 891 3388 toto
915 3339 1074 3390 corde
1102 3347 1155 3391 et
1176 3355 1241 3392 ex
1259 3347 1369 3395 tota
1394 3342 1571 3395 anima
1597 3351 1650 3396 et
1675 3358 1740 3396 ex
1770 3351 1881 3397 tota

311 3422 571 3489 diligatur
602 3424 818 3478 virtute.
849 3425 1128 3482 Proximos
1169 3445 1296 3484 vero
1349 3433 1487 3487 sicut
1531 3434 1883 3501 nosmetipsos

311 3509 605 3579 diligamus
624 3509 836 3580 (Matth.
870 3529 1001 3578 χιιι,
1043 3516 1132 3579 57,
1158 3517 1268 3587 39).
1297 3518 1352 3571 Si
1380 3528 1586 3587 quzerat
1610 3520 1879 3587 quislibet,

314 3599 414 3668 qui
451 3600 522 3653 sit
559 3601 872 3668 proximus?
904 3619 1144 3658 omnem
1193 3605 1553 3661 Christianum
1591 3607 1882 3676 intelligere

319 3687 503 3752 debet,
535 3689 697 3742 veluti
747 3689 799 3742 in
830 3690 1118 3760 Evangelia
1165 3694 1388 3763 legimus
1430 3695 1496 3748 de
1525 3695 1877 3756 Samaritauo,

319 3773 414 3839 qui
453 3774 788 3829 vuhieratum
826 3777 1025 3845 adjuvit
1069 3780 1216 3850 (Luc.
1267 3784 1354 3851 χ).
1409 3784 1540 3837 Item
1583 3784 1882 3841 obedientia

320 3861 516 3929 duplex
547 3876 664 3918 esse
687 3865 880 3929 debet,
923 3868 974 3920 id
1007 3878 1126 3934 est,
1162 3881 1216 3926 et
1258 3874 1391 3926 mala
1437 3892 1539 3928 non
1569 3876 1743 3929 facere
1769 3891 1884 3943 qua:

323 3952 697 4020 prohibentur,
741 3963 793 4009 et
819 3956 954 4011 bona
983 3950 1161 4016 facere
1186 3978 1302 4031 qua:
1339 3965 1625 4032 jubentur.
1680 3969 1744 4021 Et
1774 3971 1886 4023 lucc

323 4044 459 4106 duo,
498 4044 552 4098 id
600 4054 680 4098 est
745 4046 980 4102 charitas
1029 4058 1084 4103 et
1131 4052 1462 4116 obedientia,
1518 4071 1639 4110 cum
1677 4072 1883 4111 summa

315 4133 576 4201 jubentur
594 4135 896 4191 humilitate
917 4137 1141 4207 impleri.
1187 4141 1309 4196 Haec
1344 4154 1467 4198 sunt
1494 4145 1594 4198 tria
1619 4155 1884 4216 praecepta

323 4241 444 4294 qua:
463 4226 706 4295 aperient
727 4229 1002 4282 monachis
1027 4238 1208 4298 portas
1231 4234 1372 4287 coeli.

397 4316 492 4369 His
513 4317 694 4384 itaque
720 4319 872 4385 quasi
911 4320 1177 4376 radicibus
1203 4324 1318 4378 aliae
1345 4337 1690 4381 succrescunt
1723 4329 1888 4382 virtu-

327 4412 408 4457 tes
429 4443 444 4466 ,
505 4407 659 4473 quasi
695 4423 965 4463 ramomm
993 4411 1238 4468 fertilitas
1256 4454 1270 4478 ,
1299 4418 1491 4483 quibus
1533 4418 1740 4474 fructus
1766 4420 1888 4474 vita:

329 4493 566 4547 nascitur
600 4505 832 4550 :eternae.
864 4497 973 4552 Nec
1015 4515 1129 4564 me,
1158 4517 1306 4572 rogo,
1334 4508 1656 4560 sanctissimi
1699 4509 1885 4562 Patres

329 4587 380 4632 et
411 4580 608 4635 fratres
629 4623 642 4645 ,
672 4596 1152 4655 przesumptuosum
1173 4592 1454 4657 aestimate,
1474 4609 1569 4646 cur
1595 4596 1745 4649 vobis
1774 4598 1888 4651 hate

330 4669 640 4723 scriberem.
670 4671 916 4730 Charitas
937 4693 1052 4731 mea
1096 4693 1181 4732 me
1204 4682 1457 4750 compulit
1500 4694 1523 4721 ι
1559 4683 1611 4735 in
1642 4684 1738 4737 has
1763 4699 1886 4752 pro-

333 4773 578 4826 rumpere
626 4758 860 4827 Litteras;
917 4774 1106 4834 optans
1156 4771 1304 4824 vobis
1341 4772 1518 4825 omnia
1553 4774 1689 4826 bona
1713 4789 1743 4826 a
1780 4774 1888 4828 Deo

328 4848 443 4900 dari
474 4845 652 4917 [Can.,
684 4848 914 4924 donari],
945 4857 1004 4910 ut
1030 4857 1082 4909 in
1109 4859 1303 4913 saculo
1351 4862 1604 4916 honorem
1649 4864 1886 4919 habeatis

331 4953 450 4991 cum
498 4938 802 4993 hominibus
835 4950 890 4994 et
921 4943 977 4996 in
1005 4945 1184 5001 futuro
1211 4951 1404 5006 saeculo
1435 4952 1595 5005 vitam
1632 4961 1886 5007 aeternam

331 5042 452 5083 cum
488 5029 688 5083 sanctis
713 5028 834 5084 Dei.
860 5031 962 5086 Vos
987 5046 1113 5089 vero
1150 5039 1387 5094 seniores
1436 5041 1490 5095 in
1529 5041 1718 5110 spiritu
1743 5057 1888 5096 man—

331 5117 647 5182 suetudinis,
677 5118 815 5174 sicut
833 5119 1118 5190 Apostolus
1133 5128 1402 5195 praecepit,
1421 5128 1662 5197 juniores
1680 5138 1887 5187 vestros

333 5203 631 5270 admonete,
661 5210 785 5276 quia
827 5210 1035 5265 illorum
1091 5214 1233 5268 salus
1262 5225 1440 5272 vestra
1478 5229 1560 5274 est
1603 5235 1806 5276 merces
1833 5220 1886 5288 (1

333 5291 449 5347 εον.
497 5299 592 5364 iv),
629 5299 840 5355 illorum
874 5303 1102 5359 eruditio
1154 5315 1331 5360 vestra
1375 5317 1458 5363 est
1507 5315 1883 5369 remuneratio.

396 5439 421 5466 ι
460 5427 706 5508 Charitas
746 5450 826 5489 me
857 5436 1117 5508 compulit.
1155 5436 1462 5496 Htecverba
1490 5445 1620 5499 satis
1662 5446 1886 5505 inﬂuunt

335 5495 480 5578 hanc.
510 5500 794 5578 epistolam
826 5495 980 5578 _anté
1028 5508 1279 5575 scriptam
1337 5495 1885 5578 ruissé'ﬁhaEWii};

333 5567 1066 5690 ﬁrmi’sdl'lisdimﬂceretur
1093 5567 1362 5633 Alcuinus.
1403 5567 1604 5639 Βιλδίιῖ
1636 5567 1726 5637 lib.
1761 5567 1884 5639 xva

396 5709 419 5746 ι’
453 5711 705 5774 Quercet.
743 5709 824 5772 72,
857 5711 1036 5767 Canis.
1064 5717 1150 5780 ‘27,
1187 5719 1433 5788 (Froben.
1465 5719 1572 5787 20).

1968 1909 2084 1965 nire
2110 1905 2450 1968 mer-camini,
2478 1904 2580 1958 Pro
2603 1919 2688 1958 me
2738 1919 2947 1972 semper
2977 1902 3304 1963 intercedere
3335 1901 3521 1972 digne-

1970 1997 2132 2059 mini",
2178 2003 2438 2064 quatenus
2489 1993 2682 2048 vestris
2729 1993 2976 2062 precibus
3020 1993 3230 2050 veniam
3286 2007 3522 2050 meorum

1970 2104 2182 2145 merear
2200 2088 2441 2156 accipere
2461 2092 2822 2156 peccatorum,
2847 2090 2902 2138 et
2928 2083 3214 2138 amabilem
3249 2083 3523 2142 vobiscum

1969 2181 2022 2238 in
2048 2180 2131 2233 die
2153 2178 2441 2234 novissimo
2474 2174 2684 2230 Domini
2736 2174 2905 2228 nostri
2932 2171 3057 2226 Jesu
3098 2171 3299 2227 Christi
3340 2172 3524 2228 audire

1970 2268 2290 2324 sententiam
2325 2284 2338 2318 :
2374 2263 2572 2328 Venite,
2611 2262 2859 2317 benedicti
2894 2260 3067 2314 Putria
3114 2260 3234 2324 mei,
3280 2261 3524 2329 percipit:

1972 2372 2183 2426 regnum
2236 2353 2372 2424 quod
2420 2351 2557 2407 vobis
2599 2358 2838 2422 paratum
2892 2357 2967 2403 est
3016 2348 3078 2402 ab
3127 2348 3319 2404 orioine
3347 2340 3524 2401 round:

1974 2444 2185 2515 (Matth.
2211 2459 2334 2506 xxv,
2362 2441 2474 2511 54).
3254 2435 3259 2442 ’

2111 2535 2216 2589 Vos
2236 2542 2433 2587 aeterna
2458 2532 2848 2587 Dei‘conservet
2878 2531 3074 2600 gratia,
3106 2528 3319 2592 fratres,

2112 2621 2351 2678 Nominis
2372 2630 2531 2691 atque
2561 2620 2663 2674 mei
2686 2633 2950 2674 memores
2977 2619 3090 2672 sine
3118 2616 3223 2672 line
3247 2606 3436 2670 valete.

2441 2712 2469 2750 δ
2506 2709 2833 2769 EPISTOLA
2871 2709 3057 2765 XXIV.
3127 2719 3138 2729 ‘

2402 2795 2468 2834 an
2529 2794 2734 2832 LEONEI
2801 2795 2859 2831 ιιι
2921 2793 3108 2847 raris.

2579 2867 2754 2938 (Anno
2776 2866 2926 2936 796.)

1976 2961 2308 3040 Commendat
2343 2960 2609 3040 segni-ituri
2636 2959 2912 3040 pontiﬁcis.
2939 2966 3180 3040 tanquam
3205 2960 3526 3040 κνίσω-ξίφο-

2043 3031 2291 3085 stolarum
2312 3042 2357 3085 et
2390 3029 2633 3085 Ecclesia:
2657 3028 2922 3098 principis,
2954 3027 3244 3098 apertolicre
3279 3027 3525 3082 sollicitu-

2048 3100 2158 3152 dini
2186 3117 2278 3169 ρετ
2297 3100 2674 3170 Angilbertum.

2049 3187 2273 3242 Domino
2293 3189 2624 3252 beatissimo,
2665 3189 2991 3259 atqueomni
3011 3189 3211 3243 honore
3256 3189 3520 3243 nominan-

1978 3277 2045 3330 do
2082 3287 2104 3314 ε
2134 3275 2296 3330 Leoni
2323 3290 2489 3344 papae,
2521 3276 2736 3333 humilis
2785 3277 2944 3333 levita
2972 3275 3206 3336 Albinus
3241 3285 3450 3331 aeternae
3478 3277 3530 3330 in

1979 3368 2193 3422 Christo
2213 3366 2394 3437 gloriae
2425 3367 2672 3426 salutem.

2051 3455 2338 3524 Suscipiat,
2368 3457 2610 3521 obsecro,
2642 3457 2975 3512 sanctissima
3001 3458 3169 3528 pietas
3199 3466 3393 3520 vestra,
3436 3457 3530 3511 Pa-

1980 3552 2062 3596 ter
2086 3543 2402 3598 charissima
2444 3543 2573 3613 [Al.,
2596 3544 3044 3616 gloriosissime],
3087 3546 3316 3616 benigno
3358 3545 3532 3599 animo

1982 3640 2179 3685 nostrae
2203 3622 2485 3700 parvitatis
2509 3617 2787 3694 litterulas,
2848 3642 2902 3686 et
2947 3649 3032 3687 me
3069 3633 3316 3688 devotum
3347 3642 3532 3688 vestrae

1980 3723 2280 3776 dilectionis
2308 3721 2562 3775 famulum
2588 3711 2834 3790 agnosce.
2861 3720 3081 3790 Semper
3110 3730 3306 3776 sanctae
3333 3721 3532 3776 Roma-
3607 3716 3609 3719 ’

1983 3826 2064 3885 nte
2096 3811 2239 3864 sedis
2269 3809 2609 3865 beatissimos
2630 3851 2644 3873 ,
2694 3819 2970 3879 quantum.
3000 3810 3163 3874 valui,
3197 3811 3460 3879 principes
3483 3818 3531 3864 et

1984 3911 2226 3970 pastores
2248 3901 2440 3963 amavi,
2469 3901 2688 3969 cupiens
2727 3901 2938 3955 illorum
2967 3901 3316 3956 sanctissimis
3365 3902 3534 3955 inter-

1983 3989 2311 4044 cessionibus
2350 3989 2489 4046 inter
2512 3989 2859 4044 evesChristi
2889 3991 3187 4057 numerari,
3239 4007 3370 4060 quas
3399 3991 3535 4047 Deus

1983 4080 2227 4136 Christus
2254 4090 2374 4150 post
2395 4081 2796 4136 resurrectionis
2820 4097 2930 4136 suae
2950 4083 3171 4151 gloriam
3195 4085 3348 4140 beato
3379 4083 3537 4140 Petro

1985 4170 2208 4238 principi
2241 4171 2599 4239 apostolorum
2625 4173 2920 4240 pascendas
2951 4176 3360 4231 commendavit.
3389 4178 3536 4242 Q:.od

1987 4273 2112 4313 Vere
2137 4255 2352 4331 dignum
2379 4275 2496 4315 esse
2522 4259 2711 4325 fateor,
2737 4277 2948 4331 omnem
2983 4264 3124 4320 illius
3148 4267 3323 4337 gregis
3361 4267 3536 4320 multi-

1990 4349 2222 4404 tudinem
2239 4367 2334 4406 suo
2344 4350 2710 4419 pastori,_licet
2727 4352 2780 4404 in
2802 4353 3026 4408 diversis
3042 4362 3301 4407 terrarum
3326 4356 3538 4422 pascuis

1918 4468 1961 4521 υ
1989 4447 2437 4502 commorantem,
2454 4453 2558 4492 una
2582 4439 2857 4493 charitatis
2883 4440 2988 4495 ﬁde
3011 4439 3300 4507 subjectam
3321 4455 3460 4506 esse,
3484 4453 3537 4497 et

1987 4524 2125 4576 sicut
2145 4525 2230 4592 pio
2253 4529 2450 4590 pastori
2498 4524 2779 4589 condecet,
2819 4541 3063 4595 magnam
3113 4529 3382 4582 commissi
3431 4531 3535 4584 sibi

1985 4615 2158 4684 gregis
2187 4629 2368 4667 curam
2432 4614 2682 4680 habere,
2722 4622 2776 4669 et
2830 4617 3009 4670 sedula
3051 4617 3264 4680 pietatis
3291 4619 3534 4673 admoni-

1985 4705 2130 4758 tione
2167 4713 2220 4758 et
2258 4704 2554 4759 sanctitatis
2618 4704 3000 4761 intercessione
3045 4708 3336 4776 praevidere
3393 4707 3534 4779 [Al.,

1986 4795 2324 4866 providere],
2381 4809 2449 4849 ne
2484 4795 2649 4864 aliqui
2676 4811 2742 4850 ex
2782 4796 2886 4850 illis
2932 4811 3028 4865 per
3058 4797 3347 4865 praecipitia
3390 4813 3537 4850 erro—

1987 4898 2105 4936 rum
2145 4899 2174 4936 a
2197 4884 2277 4937 via
2305 4884 2549 4937 veritatis
2594 4893 2649 4937 et
2683 4893 2951 4953 perpetua:
2976 4885 3186 4954 pascuis
3220 4887 3343 4939 vita:
3379 4901 3536 4940 exor-

1987 4975 2158 5029 bitare
2212 4973 2487 5041 incipiant.
2554 4973 2744 5045 Gregis
2789 4977 2991 5031 sanitas
3037 4977 3202 5046 gloria
3239 4983 3321 5030 est
3357 4987 3536 5046 pasto-

1986 5063 2060 5116 ris
2083 5104 2098 5122 ,
2135 5049 2192 5115 et
2227 5063 2594 5130 multiplicatio
2631 5064 2774 5118 illius
2799 5078 3007 5121 merces
3029 5073 3247 5122 aeterna.

2056 5153 2191 5206 Ecce
2214 5159 2302 5216 tu,
2317 5151 2650 5206 sanctissime
2671 5152 2850 5217 Pater,
2874 5155 3107 5221 pontifex
3127 5172 3159 5211 a
3181 5158 3289 5213 Deo
3313 5157 3531 5222 electus.

1987 5238 2619 5307 vicariusapostolorum,
2640 5240 2809 5294 haares
2828 5239 3066 5306 Patrum,
3090 5243 3337 5314 princeps
3357 5247 3535 5302 Eccle-
3577 5310 3583 5316 κ

1985 5330 2097 5391 δίε,
2127 5327 2284 5381 unius
2309 5327 2660 5382 immaculata:
2679 5328 2938 5385 columba
2965 5333 3215 5401 nutritor.
3247 5334 3305 5390 In
3331 5345 3382 5392 te
3405 5338 3534 5393 ﬁdes

2055 5457 2265 5538 Ic.qu
2291 5476 2455 5527 papa.
2483 5461 2572 5538 Est
2592 5461 2678 5514 hic
2700 5461 2805 5538 Leo
2824 5476 2958 5538 papa
2980 5464 3062 5529 ΙΙΙ,
3073 5466 3168 5538 qui
3189 5477 3308 5538 post
3330 5471 3532 5527 obitum

1984 5525 2202 5607 édriani
2223 5525 2372 5607 papae
2391 5530 2752 5607 pontiﬁcatum
2781 5525 3059 5607 iniit-anno
3072 5525 3351 5600 195,'festci
3364 5525 3529 5594 sancti

1985 5594 2242 5675 Stephani
2261 5594 2689 5675 protomartyris,
2718 5601 2964 5675 utrel‘ert
2992 5594 3303 5662 Anastasius
3331 5610 3381 5662 in
3411 5608 3528 5662 Vita

1986 5663 2220 5718 Adriani.
2255 5663 2398 5720 Obiit
2424 5682 2548 5722 vero
2563 5663 2712 5724 anno
2739 5670 2857 5725 8l6.
