4226 6196
649 333 750 387 979

646 442 1002 512 ωειιιοηιιοτιι,
1031 445 1240 498 devotio
1269 444 1485 511 fulgeat,
1532 447 1769 497 cbaritas
1798 444 2031 497 abundet
2070 441 2197 512 [Αι.,
2235 440 2281 498 Α

644 534 1007 603 reSplemleat,
1052 534 1265 602 fulgeat,
1317 534 1590 604 abundet].
1619 534 1892 603 Congrega
1932 548 2030 586 nos
2074 532 2211 584 lilios

643 630 843 676 sanctae
892 622 983 674 Dei
1034 622 1283 675 E(‘tl.'5l:l!
1331 632 1564 689 paterna:
1594 624 1955 677 miserationis
1988 620 2197 684 all'ectu,

644 711 750 764 tuis
776 711 1129 765 sanctissimis
1150 711 1481 764 orationibus
1506 720 1559 765 et
1586 712 1910 765 dulc'ssitnis
1934 725 2209 764 sacrarum

644 802 939 854 litterarmn
965 802 1441 860 exhortationibus,
1468 802 1607 855 intra
1638 802 2002 855 lirmissimmn
2034 800 2209 851 Eccle-

644 894 735 945 si:e
761 890 1240 959 Soliditatisovile,
1284 906 1349 943 ne
1376 891 1569 959 aliquis
1611 907 1677 944 ex
1699 892 1849 945 nobis
1876 891 2211 943 errabundus

644 984 820 1052 lupina
856 984 1146 1049 rapacitate
1183 982 1311 1034 foris
1350 983 1655 1034 inveniatur
1685 982 2039 1036 devorandos.
2073 980 2207 1032 Nam

640 1072 1453 1141 Splendentiarcuzlestismilitiae
1481 1072 1714 1140 agmina,
1757 1070 2055 1144 nativitatis
2103 1070 2206 1122 Do-

643 1162 770 1246 nni/ni
799 1161 964 1214 nostri
1011 1159 1137 1213 .Icsn
1165 1160 1362 1214 Christi
1407 1160 1599 1229 gaudia
1648 1162 1823 1229 pritno
1869 1160 2204 1227 pastoribus,

642 1255 733 1322 qui
785 1269 942 1321 supra
990 1269 1114 1306 suos
1163 1254 1352 1308 devote
1378 1254 1661 1323 vigilarunt
1686 1270 1876 1324 greges
1903 1295 1917 1318 ,
1960 1256 2206 1308 mintiare

641 1355 920 1398 venerunt.
961 1345 1097 1399 Ecce
1125 1346 1230 1398 tuis
1257 1346 1608 1399 sanctissimis
1646 1347 1841 1415 vigiliis
1871 1348 1936 1399 ad
1962 1357 2207 1415 pastora-

640 1435 742 1487 lem
764 1434 1194 1497 sollicitudinem,
1235 1435 1606 1502 probatissimo
1644 1437 2079 1501 archimandrita,
2110 1454 2206 1490 an-

632 1522 837 1593 gelicas
860 1537 891 1574 a
918 1522 1163 1590 supernis
1185 1523 1399 1577 sedibus
1418 1523 1754 1579 visitationes
1766 1533 1946 1579 astare
1976 1541 2082 1579 non
2109 1527 2207 1578 du-

636 1614 892 1685 bitamus,
918 1625 1143 1678 quorum
1170 1611 1367 1665 auxilio
1400 1626 1730 1680 quacunque
1749 1613 1985 1666 divinam
2035 1628 2203 1682 popo-

635 1700 805 1753 sceris
826 1700 1111 1766 pietatem,
1150 1700 1438 1767 impetrare
1461 1708 1514 1753 te
1554 1717 1711 1770 posse
1736 1702 2022 1755 credimus.
2054 1701 2204 1756 Unde

637 1806 737 1860 ego
755 1790 975 1845 ultimus
1000 1790 1348 1845 sacratissimi
1397 1793 1554 1847 ovilis
1602 1795 1944 1858 vernaculus,
1974 1803 2028 1848 et
2057 1809 2201 1847 mor—

636 1881 763 1936 bide
782 1881 1017 1949 peccatis
1041 1881 1246 1935 ovicula
1270 1924 1282 1943 ,
1312 1898 1404 1951 spe
1431 1868 1709 1953 principum
1730 1886 1986 1939 bonitatis
2012 1896 2205 1939 vestra:

634 1969 739 2039 ει
780 1970 1078 2032 animatus,
1137 1979 1261 2023 ante
1307 1972 1676 2026 sanctissimos
1726 1973 2061 2041 paternitatis
2103 1981 2205 2025 tua:

634 2062 798 2126 pedes
822 2060 1001 2113 animo
1046 2068 1345 2127 prostratus
1388 2062 1700 2131 suppliciter
1744 2064 1993 2132 deposco,
2020 2072 2205 2133 quate-

635 2165 739 2215 nus
768 2150 1037 2203 dirissima
1079 2149 1186 2221 [Αι.
1239 2151 1549 2224 durissima]
1581 2165 1923 2223 peccatorum
1965 2169 2205 2207 meorum

634 2240 846 2294 vincula
904 2255 1000 2309 per
1056 2240 1475 2295 ecclesiasticam
1513 2244 1818 2309 apostolica:
1870 2243 2207 2296 auctoritatis

636 2339 957 2399 potestatem
973 2331 1179 2385 solvere
1198 2332 1454 2401 digneris,
1476 2341 1529 2387 et
1543 2343 1781 2402 paterna:
1800 2334 2015 2402 pietatis
2034 2334 2206 2402 preci-

626 2424 735 2483 ,bus
763 2436 977 2479 cursnm
1001 2422 1125 2476 vitae
1148 2437 1279 2477 mea:
1306 2425 1395 2493 qui
1422 2433 1592 2479 restat
1626 2426 1692 2478 ad
1721 2434 1989 2495 perpetem
2024 2435 2206 2495 portas

633 2512 868 2587 civitatis
898 2512 1125 2583 dirigere
1147 2514 1381 2568 studeas.

704 2602 936 2657 Grandia
959 2617 1123 2671 posco
1150 2604 1386 2671 quidem,
1420 2611 1510 2658 sed
1535 2607 1773 2659 cbaritas
1806 2606 2022 2674 grandia
2060 2608 2206 2659 novit

634 2693 783 2765 dare.
811 2691 1126 2745 Poscentem
1149 2707 1246 2760 pro
1272 2692 1376 2745 ﬁlia
1402 2707 1425 2732 ι
1454 2696 1661 2748 viduam
1694 2695 1895 2749 Christi
1925 2696 2203 2748 clementia

635 2798 739 2837 non
763 2784 984 2851 spernit,
1019 2785 1111 2837 sed
1141 2785 1214 2836 ait
1240 2800 1253 2836 :
1298 2783 1341 2837 0
1370 2786 1571 2850 mulier,
1605 2804 1790 2856 ntnyna
1820 2799 1891 2839 es!
1916 2789 2046 2855 ﬁdes
2077 2799 2203 2850 tua;

632 2872 727 2938 lict
752 2872 866 2931 tibi,
894 2872 1023 2924 sicut
1049 2874 1120 2925 eis
1147 2871 1360 2943 (."ltllll.
1392 2890 1476 2934 xv,
1506 2875 1616 2946 9.8).
1654 2876 1813 2931 Fides
1839 2893 1923 2931 me
1961 2878 2207 2948 hortatur

636 2964 753 3017 lucc
790 2976 1038 3031 poscere,
1087 2980 1207 3032 spes
1246 2964 1527 3018 confirmat
1571 2968 1895 3035 impetrare;
1936 2968 2202 3030 Charitas,

634 3054 814 3115 credo,
842 3068 1035 3123 negare
1057 3069 1159 3107 non
1181 3055 1475 3123 pratsumit.
1504 3054 1747 3109 Christus
1767 3072 1863 3125 pro
1884 3057 2055 3120 nobis,
2080 3072 2203 3110 cum

636 3141 840 3195 inimici
864 3156 1124 3206 essemus,
1150 3145 1284 3197 mori
1318 3160 1421 3197 non
1458 3146 1717 3199 dubitavit
1745 3163 1757 3199 :
1799 3156 1997 3215 quanto
2032 3148 2204 3216 magis

638 3241 708 3293 te,
741 3231 902 3284 Pater
929 3242 1143 3295 sam-te,
1175 3248 1272 3300 pro
1301 3234 1488 3285 amicis
1526 3251 1680 3287 orare
1712 3236 1843 3288 velle
1879 3236 2202 3289 credendum

562 3372 567 3375 _
634 3321 763 3373 est?
803 3321 915 3373 Sub
944 3330 993 3373 te
1018 3330 1233 3390 pastore
1270 3334 1527 3389 augeatur
1553 3340 1679 3392 grex
1718 3318 1940 3378 Christi.
1973 3326 2049 3379 Tu
2078 3344 2203 3379 con-

636 3410 838 3463 solator
881 3412 1246 3472 mmrentimn,
1302 3411 1511 3479 adjutor
1553 3414 1938 3478 laborantium,
1986 3432 2108 3483 spes
2138 3418 2202 3468 ad

636 3512 689 3552 te
716 3500 1080 3559 clamantium,
1116 3500 1203 3552 lux
1227 3502 1378 3563 vitae,
1420 3502 1696 3571 religionis
1733 3506 1911 3557 decus.
1942 3506 2112 3558 Locus
2151 3507 2201 3557 in

570 3634 573 3637 ν
636 3608 744 3659 quo
770 3600 900 3653 stas,
931 3591 1175 3644 omnibus
1214 3601 1265 3644 te
1306 3592 1669 3646 bonorabilcm
1718 3591 1874 3655 facit,
1917 3604 1969 3648 et
1999 3611 2203 3647 morum

638 3682 891 3735 nobilitas
934 3681 1253 3734 laudabilem
1295 3691 1348 3734 et
1392 3683 1607 3749 pietatis
1652 3684 1861 3737 devotio
1900 3686 2200 3738 amabilem.

641 3770 707 3821 Et
734 3770 823 3835 qui
847 3769 1024 3822 sedem
1051 3780 1354 3821 sanctorum
1385 3778 1531 3822 tenes
1555 3769 1793 3832 Patrum,
1820 3760 2001 3824 eorum
2028 3788 2203 3825 excin-

636 3860 745 3927 plis
780 3859 1041 3912 inhmreas
1066 3873 1291 3925 semper,
1327 3868 1383 3909 ut
1415 3874 1534 3911 cum
1563 3859 1667 3912 illis
1693 3859 1970 3928 multiplici
2010 3861 2205 3914 laboris

643 3948 885 4001 mercede
913 3949 965 3999 in
997 3947 1202 3999 Domini
1247 3948 1336 3999 Dei
1371 3949 1442 4000 tui
1469 3950 1656 4017 gaudia
1689 3950 1888 4003 intrare
1929 3952 2202 4003 mercaris.

640 4039 744 4090 lste
771 4035 910 4088 lilius
936 4051 1084 4088 meus
1106 4036 1454 4090 cbarissimus
1479 4038 2007 4111 l’Angilhertus[Al.,
2028 4040 2205 4109 Engil—

638 4123 849 4193 bertus]
876 4124 1025 4177 vobis
1051 4124 1348 4191 patefacere
1379 4126 1515 4178 valet
1550 4138 1744 4182 nostra:
1776 4130 2053 4196 parvitatis
2079 4146 2203 4197 erga

642 4214 991 4282 apostolicam
1026 4214 1203 4267 sedem
1240 4215 1591 4279 devotionem,
1639 4220 1800 4271 etiam
1838 4229 1890 4272 et
1919 4220 2207 4273 voluntatis

644 4314 841 4357 nostra:
868 4304 1197 4371 petitionem,
1219 4319 1374 4373 quem
1405 4315 1593 4360 vestrae
1614 4309 1798 4375 pietati
1825 4310 1975 4363 valde
1996 4310 2202 4364 ﬁdelem

1430 334 1439 341 ’
1492 337 1549 388 Β.
1593 336 1651 389 l~'.
1693 336 1911 388 ALlllNl
1948 335 2076 388 Slilj
2116 331 2385 387 ALCUINI
2421 328 2697 384 OPEllL'.“
2743 329 2919 383 PARS
2951 330 2987 381 l.

3782 326 3896 381 180

2799 448 2820 474 ε
2852 436 3180 491 EPISTOLA
3220 437 3381 491 XXV.

2385 586 2449 622 Λυ
2484 583 2827 623 ιιυιιηδειλιωι
2862 582 3038 621 FILIL'H
3069 583 3320 621 ιιωιειιιή
3351 566 3803 637 (ΑΧΩΕΗΙΙΞΙΠΗΕ).

2904 697 3091 766 (Anno
3123 696 3241 749 796.
3261 696 3279 766 )

2311 829 2644 881 Commendat
2670 828 2751 881 sui
2788 827 3087 879 "tentorium
3129 826 3196 877 ad
3236 826 3525 893 patrocinia
3552 835 3890 887 sanctorum,

2377 908 2442 959 et,
2488 907 2541 948 ut
2580 914 2656 949 res
2693 896 3051 949 ecclesiasticw
3084 894 3486 963 pulchritudinis
3520 894 3618 946 sibi
3664 894 3889 961 a/feml,

2380 976 2549 1019 monet
2558 1004 2571 1016 .

2381 1115 2695 1170 Dulcissimo
2722 1114 2832 1167 lilio
2861 1115 2941 1166 vir
2973 1111 3288 1179 ﬂuctivagus
3314 1113 3559 1166 salutem.

2379 1204 2452 1257 Te
2478 1206 2706 1258 abeunte
2736 1191 2933 1259 tentati
2977 1203 3172 1270 stt-pius
3211 1202 3278 1254 ad
3316 1212 3525 1271 portum
3570 1204 3891 1256 stabilitatis

2310 1296 2531 1358 venire;
2568 1296 2661 1347 sed
2698 1304 2875 1348 rector
2902 1308 3079 1346 rerum
3120 1301 3173 1345 et
3217 1292 3553 1360 dispensator
3577 1294 3887 1346 animarum

2309 1384 2533 1437 necdum
2562 1385 2823 1438 concessit
2851 1398 3007 1452 posse
3031 1385 3172 1451 quod
3195 1383 3322 1436 olim
3362 1383 3488 1437 fecit
3510 1384 3662 1437 velle.
3687 1384 3888 1436 Adhuc

2307 1490 2372 1527 ex
2399 1475 2577 1527 radice
2605 1476 2782 1528 cordis
2810 1483 3089 1528 nascentes
3123 1475 3506 1543 cogitationum
3544 1476 3885 1530 rumusculos

2310 1571 2499 1617 ventus
2525 1564 2876 1616 tentationum
2908 1556 3169 1631 ﬂagellat,
3211 1573 3269 1616 nt
3294 1565 3673 1620 consolationis
3718 1564 3885 1619 llores

2305 1662 2361 1707 et
2390 1652 2696 1708 refectionis
2722 1652 2928 1707 fructus
2958 1653 3149 1707 nutriri
3174 1655 3528 1721 nequiverint.
3559 1654 3689 1707 Tota
3722 1666 3885 1708 nocte

2308 1744 2613 1798 laborantes
2659 1743 2793 1797 nihil
2841 1744 3082 1813 cepimus
3118 1742 3267 1814 (Luc.
3306 1746 3381 1814 v),
3405 1746 3529 1814 quia
3560 1747 3787 1799 necdum
3823 1748 3881 1799 in

2308 1833 2487 1887 littore
2522 1832 2675 1887 Jesus
2706 1834 2880 1896 stetit,
2903 1833 3217 1901 praecipiens
3265 1834 3318 1886 in
3364 1835 3637 1887 dexteram
3683 1836 3882 1905 navigii

2309 1933 2422 1979 rete
2448 1926 2606 1978 mitti.

2376 2033 2678 2088 Patrocinia
2704 2045 3011 2089 sanctorum
3050 2051 3157 2090 non
3192 2037 3529 2091 obliviscere.
3573 2039 3679 2093 lies
3706 2041 3881 2093 eccle-

2307 2132 2536 2185 siastica:
2560 2131 2969 2199 pulchritudinis
2994 2132 3167 2185 oculis
3192 2142 3537 2186 occurrentes
3573 2134 3678 2185 noli
3705 2135 3877 2202 neg'i-

2307 2237 2432 2290 gere
2453 2230 2512 2273 ut
2536 2222 2802 2289 acquiras.
2830 2221 3022 2275 Nostra
3053 2223 3322 2275 rusticitas
3350 2238 3509 2275 avara
3545 2231 3626 2276 est
3656 2216 3719 2276 de
3751 2224 3877 2276 tali-

2307 2313 2437 2366 bus:
2471 2320 2645 2367 vestra
2677 2312 2925 2365 nobilitas
2954 2311 3100 2379 larga
3130 2321 3211 2366 est
3261 2313 3325 2365 de
3368 2314 3636 2367 omnibus.
3676 2312 3881 2368 Memor

2306 2410 2421 2453 esto
2451 2401 2641 2468 poetici
2667 2401 2910 2469 pncsagii
2939 2420 2948 2451 :
2972 2400 2979 2403 ’

2486 2552 2538 2600 Si
2562 2549 2680 2597 nihil
2703 2551 2940 2611 attuleris,
2968 2552 3077 2606 ibis,
3104 2550 3334 2607 Homere,
3354 2551 3494 2599 foras.

2306 2671 2417 2725 lloe
2447 2674 2510 2724 de
2538 2680 2587 2725 te
2616 2682 2811 2739 tuoque
2839 2672 3029 2725 itinere
3058 2672 3432 2739 prephetatum
3469 2687 3605 2733 esse,
3633 2674 3753 2740 quis
3778 2674 3877 2727 dtk

2305 2763 2480 2816 bitat?
2509 2762 2565 2815 Si
2588 2762 2858 2815 Christum
2888 2761 3111 2829 Sibylla,
3141 2760 3364 2827 ejusque
3392 2760 3603 2813 labores
3630 2763 3878 2829 pnedixit

2306 2859 2588 2906 venturum
2609 2893 2621 2913 ,
2666 2868 2762 2905 cur
2797 2866 2900 2904 non
2931 2850 3070 2905 Naso
3116 2851 3403 2905 llmnerum
3433 2850 3653 2921 ejusque
3683 2854 3875 2909 itinera

2304 2940 2650 3008 przececinit?
2700 2939 2978 2993 Paululum
3038 2949 3256 3008 propter
3314 2940 3659 2995 refectionem
3710 2944 3874 2996 animi

2306 3030 2571 3085 rhetorica
2599 3030 2696 3083 lusi
2726 3029 3013 3097 lepiditate.

2227 3105 2277 3167 c
2377 3138 2483 3207 32
2514 3136 2618 3191 Sed
2648 3145 2703 3189 ut
2732 3138 2927 3189 iterum
2963 3137 3029 3189 ad
3054 3136 3248 3190 seriem
3280 3153 3471 3205 rugosa
3496 3135 3669 3191 fronte
3699 3153 3877 3191 rever-

2308 3236 2409 3292 tar,
2440 3238 2490 3281 te
2512 3244 2637 3281 vero
2664 3228 2971 3281 unanimem
2997 3228 3291 3297 deposcens
3318 3229 3576 3291 amicum,
3612 3238 3664 3282 te
3701 3239 3880 3284 custo—

2308 3319 2425 3371 dem
2455 3319 2616 3371 animi
2640 3318 2948 3382 obsecrans,
2973 3328 3031 3372 nt
3057 3319 3337 3373 consilium
3362 3320 3548 3373 salutis
3574 3321 3877 3375 animarum

2308 3420 2554 3463 nostraru
2585 3428 2633 3469 ιε,
2666 3426 2786 3461 cum
2818 3409 3085 3476 sull‘ragiis
3113 3419 3419 3463 sanctorum
3460 3411 3819 3478 ,ηιιιδωιοι-υιῐι
3844 3427 3877 3462 a

2310 3500 2416 3550 Deo
2463 3497 2781 3565 depreceris.
2819 3496 2949 3548 Nam
3004 3513 3099 3549 nos
3151 3499 3374 3561 ambos,
3422 3506 3478 3551 ut
3511 3514 3874 3566 recognosco,

2307 3590 2547 3658 quaedam
2597 3589 2934 3643 necessitatis
2980 3597 3165 3642 catena
3216 3590 3567 3658 constringit,
3608 3598 3661 3641 ct
3714 3589 3879 3641 libero

2307 3697 2465 3735 cursu
2496 3681 2784 3734 voluntatis
2832 3688 3005 3734 castra
3046 3680 3244 3732 intrare
3288 3694 3393 3731 non
3440 3679 3739 3747 permittit:
3781 3692 3878 3730 nec

2306 3780 2418 3833 est,
2453 3772 2540 3837 qui
2574 3772 2854 3837 compedes
2895 3783 3141 3835 rumpere
3182 3768 3380 3831 valeat,
3415 3768 3515 3823 nisi
3546 3769 3637 3836 qui
3684 3766 3873 3820 inferni

2309 3858 2478 3912 ferrea
2505 3859 2738 3912 claustra
2762 3857 3034 3919 contrivit,
3060 3858 3150 3925 qui
3177 3865 3257 3909 est
3286 3858 3369 3910 via
3395 3867 3449 3911 et
3474 3859 3670 3910 veritas
3694 3864 3748 3910 et
3771 3857 3874 3909 vita

2308 3950 2487 4016 (.Ioan.
2510 3964 2623 4009 xw,
2646 3947 2722 4016 6).
2753 3948 2848 4001 Via
2877 3945 3223 4015 pergentibus
3252 3962 3346 4014 per
3374 3946 3539 4009 illum,
3564 3947 3765 4000 veritas
3789 3960 3875 3998 ve.

2307 4038 2574 4091 nientibus
2602 4037 2666 4089 ad
2700 4036 2866 4097 illum,
2898 4036 3006 4087 vita
3032 4036 3371 4089 manentibus
3405 4036 3456 4089 in
3481 4036 3592 4089 illo.
3621 4033 3757 4100 Quid
3785 4034 3876 4087 ha-

2305 4128 2406 4180 beo
2422 4126 2543 4193 plus
2567 4126 2821 4186 scribere,
2846 4125 2967 4192 quia
2990 4124 3168 4176 omnia
3192 4125 3492 4177 necessaria
3518 4115 3696 4176 nosti?
3718 4121 3872 4175 Juxta

2307 4217 2757 4287 opportunitatem
2783 4215 3045 4283 portantis
3071 4229 3282 4281 semper
3304 4214 3472 4283 dirige
3496 4214 3625 4267 mihi
3648 4213 3870 4273 litteras,

2308 4314 2367 4357 ut
2400 4304 2563 4357 sciam
2591 4303 2655 4357 de
2689 4302 3038 4370 prosperitate
3062 4310 3151 4353 tua
3182 4310 3235 4355 et
3262 4302 3455 4355 itinere
3478 4310 3570 4357 tuo
3590 4300 3637 4365 ἀ,
3665 4302 3875 4371 quando

643 4409 761 4447 esse
805 4394 992 4461 agnovi
1020 4408 1033 4446 :
1074 4403 1127 4447 et
1162 4395 1278 4449 ideo
1311 4406 1506 4448 nostra:
1538 4398 1869 4452 necessitatis
1904 4414 2094 4454 causas
2129 4401 2203 4454 illi
2231 4435 2282 4496 υ
2312 4393 2392 4446 vel
2420 4408 2525 4460 quo
2554 4391 2735 4444 venias
2763 4390 3050 4443 miserante
3082 4392 3209 4445 Deo.

645 4487 991 4554 iujumimus,
1015 4497 1073 4540 ut
1106 4503 1201 4556 per
1224 4503 1284 4542 os
1307 4487 1446 4541 illius
1471 4488 1682 4556 pietatis
1709 4499 1898 4545 vestrae
1921 4506 2078 4544 aures
2102 4493 2206 4545 mei

643 4577 822 4630 cordis
848 4578 1066 4629 audiant
1091 4579 1507 4631 obsecrationes.

719 4932 741 4956 υ
774 4920 1072 4993 Poscentem
1106 4937 1197 4993 pro
1226 4922 1336 4993 ﬁlia
1377 4926 1602 4977 viduam.
1638 4945 1654 4975 ι
1694 4926 1766 4979 lta
1799 4941 1863 4980 ex
1898 4925 2204 4993 conjectura

647 4988 871 5065 corrigo,
903 4991 975 5065 anit
1006 4989 1267 5051 Canisins,
1302 4992 1423 5065 licet
1456 4995 1633 5046 malint
1678 4996 1888 5065 legere:
1919 4988 2205 5065 poscentem

645 5073 739 5121 pro
773 5058 881 5127 [ilia
911 5057 1279 5111 Chmrnurum.
1310 5058 1435 5124 Quze
1462 5079 1526 5113 an
1558 5064 1707 5116 vidua
1731 5057 2043 5127 luerit,'tton
2082 5082 2208 5119 con-

648 5132 773 5202 stat.
805 5124 980 5202 βοάᾳ
1018 5143 1115 5202 ms.
1152 5130 1220 5179 ita
1245 5129 1433 5202 habet;
1457 5142 1741 5202 poscentem
1767 5152 1858 5202 pro
1882 5124 1993 5201 ﬁlio
2020 5136 2203 5189 vidule.

652 5192 751 5269 Ubi
787 5192 891 5269 duo
909 5192 1465 5269 distinctanmiracula'
1490 5192 1809 5269 conjungere
1834 5192 2057 5257 videtur.
2094 5224 2111 5254 ι

723 5263 747 5299 b
785 5263 1130 5337 .lriqilbcrlus.
1164 5265 1284 5319 Haec
1316 5270 1467 5321 tertia
1508 5263 1800 5337 Angillierti
1844 5274 2063 5327 Romam
2094 5283 2209 5327 erat

652 5332 729 5397 leg
744 5334 858 5384 JllO.
887 5333 995 5385 Leo
1027 5342 1165 5401 papa
1191 5336 1368 5388 statim
1409 5356 1435 5390 a
1482 5353 1578 5389 sua
1596 5332 1879 5394 'electionc
1910 5342 2117 5403 Carolo,
2151 5354 2209 5395 ut

650 5404 897 5479 entirsibi
934 5403 1246 5479 devinciret,
1293 5420 1385 5470 per
1412 5422 1537 5479 suos
1566 5407 1767 5479 legatos
1796 5410 1967 5463 claves
2000 5413 2207 5465 confes-

652 5472 819 5545 sionis
852 5473 1019 5545 sancti
1055 5472 1195 5545 Petri
1234 5488 1297 5545 ac
1323 5476 1568 5528 vexillum
1613 5472 1863 5531 Romanae
1903 5480 2051 5533 urbis
2087 5498 2206 5534 cum

654 5537 771 5613 aliis
796 5542 1101 5615 muneribus
1126 5541 1269 5594 misit
1294 5559 1307 5605 ;
1348 5546 1654 5615 rogavitque
1679 5555 1736 5598 ut
1760 5546 1989 5613 aliquem
2012 5564 2076 5600 ex
2098 5553 2208 5603 suis

652 5607 992 5683 optimatibus
1039 5610 1262 5683 llo‘mam‘
1308 5607 1581 5683 mitteret,
1620 5617 1709 5681 qui
1756 5607 1931 5683 populi
1979 5617 2203 5670 Romani

654 5691 785 5729 nova
816 5678 932 5731 lidei
965 5688 1015 5731 et
1047 5678 1388 5745 subjectionis
1410 5678 1742 5737 sacramenta
1757 5678 2049 5743 exciperet.
2082 5687 2201 5740 Mis-

2306 4525 2566 4594 Prospera
2590 4533 2801 4587 cuncta,
2817 4540 3026 4592 precor,
3045 4522 3209 4578 faciat
3228 4524 3323 4577 tibi
3338 4524 3603 4585 Christus,
3626 4523 3869 4577 Homere!

2376 4615 2475 4683 Qui
2508 4624 2558 4670 te
2592 4624 2872 4671 conservet
2896 4629 3124 4682 semper,
3151 4614 3347 4681 ubique
3379 4613 3524 4666 vale!

2308 4956 2398 4997 sus
2442 4952 2523 4997 est
2551 4958 2614 4996 eo
2645 4942 3003 5010 Angilbertus,
3045 4952 3148 4999 etc.
3171 4984 3187 5009 ,
3220 4945 3472 4998 nimirum
3494 4945 3635 4998 circa
3670 4944 3873 4997 initium

2308 5016 2429 5065 anni
2460 5012 2579 5065 796.
2619 5012 2913 5067 MABILLON.
2943 5044 3011 5052 —
3044 5014 3158 5067 Vid.
3192 5014 3445 5081 epistolas
3476 5012 3651 5065 Caroli
3687 5014 3753 5064 ad
3779 5013 3875 5065 llo.

2308 5098 2509 5134 merum
2542 5096 2633 5132 seu
2664 5080 3061 5147 Angilbertum,
3109 5094 3167 5137 et
3213 5080 3279 5137 ad
3310 5083 3540 5135 Leonem
3586 5096 3779 5149 papam
3824 5083 3874 5134 in

2309 5149 2681 5220 teitinCVlll
2713 5150 3050 5220 Patrologite.

2382 5232 2400 5255 ο
2438 5219 2574 5269 Edit.
2606 5217 2848 5282 Querect.
2877 5217 2962 5281 92',
2987 5220 3215 5273 Froben.
3250 5219 3335 5277 2L
3364 5219 3541 5272 Canis.
3568 5218 3657 5282 46,
3685 5221 3876 5273 collata

2309 5302 2426 5338 cum
2454 5287 2607 5337 codd.
2642 5304 2769 5340 mss.
2802 5288 2995 5343 Salisb.
3029 5299 3083 5344 et
3117 5289 3283 5341 sancti
3318 5289 3658 5341 Emmerami.

2378 5356 2401 5391 ἀ
2436 5354 2623 5406 Itinere
2649 5370 2756 5415 tuo,
2801 5358 3041 5411 Romano
3080 5359 3299 5413 scilicet.
3338 5357 3713 5423 Angilbertus,
3753 5359 3875 5411 dum

2308 5424 2561 5475 Aleuinus
2584 5424 2887 5496 inCalliam
2912 5428 3089 5496 rediit,
3121 5437 3203 5496 ter
3227 5426 3448 5478 Romam
3478 5426 3750 5496 profectus
3772 5437 3875 5487 est,

2311 5507 2497 5562 nempe
2536 5493 2693 5545 annis
2715 5493 2834 5556 794,
2867 5494 2967 5547 796
2990 5505 3043 5549 et
3074 5494 3197 5553 800,
3224 5505 3278 5546 ut
3307 5510 3463 5562 supra
3478 5493 3749 5557 'diximus,
3774 5510 3878 5562 quo

2309 5577 2371 5630 ev
2413 5561 2474 5611 iis
2502 5576 2640 5613 anno
2679 5562 2799 5615 data
2843 5564 2911 5615 sit
2941 5578 3179 5629 praesens
3208 5561 3425 5630 cpistola
3476 5565 3740 5622 incertum
3775 5561 3873 5617 est.

2314 5628 2643 5684 Mabillonius
2673 5631 2811 5684 illam
2841 5628 3081 5685 recenset
3113 5628 3251 5685 anno
3276 5634 3396 5688 796.
