4226 6186
346 326 430 381 nn
1753 298 2120 372 animus.

1930 431 1978 485 Α
2002 427 2146 495 gitur
2172 426 2312 479 enim
2342 426 2394 477 in
2417 432 2607 487 metro,
2637 424 2778 491 quod
2803 423 2855 475 in
2880 419 3164 489 Eptathico
3191 415 3566 482 conscribitur,

812 446 836 473 -
856 430 1178 487 nmsrou
1216 430 1401 485 xxvr.
1474 500 1475 503 γ

370 542 435 581 ΑΒ
464 538 848 579 Αιεσειιειτυι
878 534 1219 575 PBIIICEIIUI
1247 533 1457 572 ΡΑιΑτη
1487 533 1678 571 ΡΙΙΨΙΝΙ
1707 531 1875 570 REGIS.

242 620 256 637 ⁸
348 614 609 690 A.'l_sacra
642 609 992 690 apostolorum
1012 608 1192 690 limina
1211 608 1625 690 peregrinantem.
1646 621 1905 690 continen-

416 681 505 735 dat
550 673 835 748 Angilberti
890 676 1181 745 favoribus,
1213 673 1277 728 et
1319 673 1496 728 sacras
1527 675 1625 729 sibi
1665 673 1906 741 reliquias

419 750 553 803 mitti
582 746 830 816 postulat.

419 837 585 892 Fideli
607 838 778 889 amico
802 843 857 888 et
879 833 1166 903 venerabili
1190 834 1216 873 δ
1240 832 1553 903 Angilberto
1577 831 1908 901 primicerio,

352 907 568 962 humilis
598 905 755 958 levita
781 903 1004 957 Albinus
1030 902 1275 956 salutem.

421 998 623 1050 Memor
664 993 918 1049 condicta:
959 992 1099 1047 inter
1140 1008 1239 1046 nos
1264 991 1512 1046 amicitias
1558 991 1656 1045 has
1699 990 1901 1043 litteras

351 1086 502 1138 vobis
528 1084 755 1152 dirigere
782 1081 1117 1157 pmsumpsi,
1158 1081 1449 1148 deprecans
1473 1089 1531 1134 ut
1557 1080 1785 1147 benigne
1811 1080 1899 1132 ha-

352 1189 469 1226 rum
492 1172 809 1239 portitorem
833 1181 855 1209 ε
881 1170 1180 1223 litterarum
1209 1170 1479 1237 suscipere
1506 1168 1825 1236 dignemini,
1852 1175 1905 1219 et

353 1250 798 1328 peregrinationis
809 1257 951 1311 illius
968 1257 1068 1329 viis
1089 1257 1356 1310 dominum
1372 1255 1397 1293 ἀ
1416 1256 1697 1325 Pippinum
1726 1270 1903 1322 regem

350 1350 630 1405 subvenire
655 1348 1027 1415 deprecamini.
1059 1347 1264 1415 Regum
1288 1361 1415 1400 vero
1443 1359 1648 1399 merces
1671 1345 1723 1397 in
1747 1344 1907 1396 mise-

352 1455 534 1493 rorum
573 1438 872 1507 juvaniine,
920 1447 976 1490 et
1018 1438 1249 1491 maxime
1288 1437 1722 1507 peregrinorum,
1754 1451 1903 1489 sacra

350 1528 519 1581 sancti
559 1528 695 1580 Petri
722 1525 975 1595 principis
1003 1525 1357 1592 apostolorum
1387 1525 1566 1578 limina
1589 1525 1901 1594 petentium,

350 1630 537 1681 magna
568 1615 704 1682 apud
733 1614 963 1668 divinam
989 1620 1199 1667 constat
1226 1628 1344 1667 esse
1370 1614 1730 1667 clementiam.
1756 1614 1905 1667 Insu—

348 1719 460 1773 per,
486 1704 801 1757 charissime
824 1702 1007 1767 frater,
1036 1703 1372 1758 devotissime
1394 1703 1655 1772 deﬂagito,
1688 1711 1747 1757 ut
1766 1705 1903 1759 dona

349 1771 673 1854 dulcissima,
704 1800 758 1845 et
786 1792 913 1845 mihi
943 1792 1164 1845 multum
1186 1792 1505 1856 necessaria,
1550 1792 1602 1845 id
1634 1800 1742 1855 est,
1780 1806 1903 1845 san-
1933 1771 1977 1828 Β

351 1890 559 1935 ctorum
587 1881 839 1948 reliquias
858 1880 988 1940 mihi
1010 1882 1092 1935 vel
1114 1880 1319 1949 aliquas
1344 1882 1707 1934 transmittere
1726 1893 1900 1933 cures.

352 1970 582 2023 Hilarem
619 1970 761 2023 enim
786 1971 1025 2023 datorem
1052 1969 1223 2038 diligit
1262 1971 1399 2024 Deus
1431 1968 1517 2039 (II
1552 1968 1671 2023 Cor.
1700 1984 1774 2033 Ix,
1808 1968 1901 2039 7);

349 2060 438 2126 qui
469 2068 519 2112 te
568 2058 837 2112 abundare.
882 2056 1046 2111 faciat
1073 2058 1125 2110 in
1159 2060 1303 2111 omni
1328 2060 1496 2123 bono,
1532 2069 1586 2113 et
1617 2060 1758 2113 inter
1783 2073 1905 2112 san-

350 2156 555 2199 ctorum
593 2136 813 2215 gloriam
847 2145 1156 2209 constituat,
1204 2160 1430 2215 quorum
1474 2148 1606 2200 mihi
1650 2147 1904 2215 reliquias

352 2244 439 2287 tua
468 2236 834 2289 benevolentia
868 2235 1082 2305 dirigat.
1116 2235 1350 2299 Floreas,
1383 2235 1486 2299 ﬂli,
1524 2236 1781 2289 virtutum
1816 2252 1905 2289 co—

353 2324 513 2386 ronis,
527 2325 804 2392 sapientiae
824 2326 1035 2389 decore,
1053 2336 1105 2379 et
1124 2334 1307 2379 sancta
1331 2326 1610 2381 dilectione
1627 2326 1694 2380 ad
1716 2326 1902 2389 Deum,

351 2424 405 2469 et
424 2415 558 2469 bona
587 2414 692 2468 ﬂde
719 2415 785 2467 ad
811 2415 1053 2469 homines
1079 2417 1132 2469 in
1156 2425 1439 2471 mternum.

802 2534 825 2560 ο
864 2522 1193 2577 EPISTOLA
1239 2525 1445 2579 XXVII.

678 2609 744 2645 an
806 2608 1057 2646 nonsnuu
1120 2594 1556 2663 (ANGILBEII'I‘UI).

905 2680 1079 2749 (Anno
1107 2680 1358 2750 incerto.)

354 2766 508 2823 Mittit
535 2767 839 2821 solutionem
875 2769 1044 2821 binum
1077 2771 1415 2839 qua'ationum
1440 2769 1905 2839 grammaticalium

761 2852 793 2887 a
818 2853 931 2904 rege
956 2839 1053 2889 sibi
1075 2840 1474 2907 propositarum.

416 2924 637 2978 Flaccus
666 2923 887 2977 Albinus
916 2924 1096 2978 Flavio
1133 2924 1363 2979 Homero
1390 2934 1541 2994 optat
1568 2926 1812 2979 salutem.

418 3013 582 3093 Miror
606 3030 705 3068 cur
732 3013 992 3068 Flaccina:
1025 3015 1255 3083 pigritia:
1294 3018 1591 3070 socordiam
1619 3014 1908 3085 septiplicis

352 3105 623 3172 sapientia:
660 3104 837 3169 decus,
866 3103 1207 3158 dulcissimus
1253 3120 1403 3159 meus
1444 3106 1629 3173 David,
1678 3108 1905 3159 interro-

353 3210 476 3263 gare
498 3193 749 3247 voluisset
774 3192 838 3246 de
864 3194 1248 3261 quaestionibus
1271 3195 1549 3263 palatinis;
1568 3203 1910 3272 emeritaeque

354 3300 543 3339 nomen
587 3284 790 3337 militia:
816 3282 867 3335 in
892 3291 1069 3337 castra
1114 3299 1365 3340 revocare
1403 3293 1713 3356 pugnantia,
1743 3302 1801 3347 ut
1826 3303 1910 3350 tu-

354 3376 649 3427 multuosas
681 3372 908 3426 militum
950 3382 1155 3426 mentes
1189 3376 1425 3440 sedaret;
1469 3380 1593 3432 dum
1640 3385 1909 3439 szncularis

356 3467 667 3521 litteratum
691 3466 812 3519 libri
839 3474 895 3520 et
920 3466 1294 3520 ecclesiasticae
1318 3468 1601 3523 soliditatis
1628 3473 1906 3540 sapientia,

357 3558 492 3611 sicut
513 3557 723 3624 'justum
770 3564 871 3621 est,
918 3556 1058 3624 apud
1102 3570 1197 3609 vos
1246 3557 1605 3623 inveniuntur,
1635 3562 1688 3613 in
1716 3564 1909 3629 quibus

357 3648 423 3701 ad
461 3646 641 3699 omnia
675 3661 791 3713 quae
814 3652 1124 3713 quaeruntur
1146 3661 1284 3700 vera:
1311 3647 1533 3702 inveniri
1563 3659 1785 3717 possunt
1828 3668 1911 3706 re-

359 3735 688 3803 sponsiones.
736 3733 883 3787 Hanc
926 3742 1102 3789 tamen
1161 3736 1385 3790 duarum
1433 3740 1664 3806 partium
1707 3742 1907 3797 oratio-

358 3827 439 3879 nis
486 3824 897 3888 discretionem,
964 3833 1122 3893 prout
1170 3828 1338 3894 potui,
1383 3829 1734 3883 consideravi.
1779 3831 1908 3886 Cur-

360 3930 480 3969 rens
514 3928 608 3982 per
652 3913 888 3981 priorum
934 3913 1175 3981 exempla
1219 3914 1517 3979 doctorum,
1572 3918 1745 3972 inveni
1792 3921 1911 3975 illos

360 4020 568 4073 quoque
595 4005 647 4056 in
688 4003 773 4057 bis
800 4003 1041 4071 partibus
1060 4003 1159 4056 sibi
1189 4004 1491 4059 dissentire.
1516 4006 1717 4062 Idcirco
1738 4011 1909 4065 visum

364 4106 441 4151 est
464 4096 595 4151 mihi
623 4096 677 4149 in
696 4110 791 4149 vos
816 4094 1029 4148 mittere
1055 4082 1211 4164 hujus
1236 4088 1532 4151 eiamnssis
1556 4096 1759 4169 [Forte,
1787 4116 1911 4154 exa-

364 4184 539 4255 minis]
570 4185 962 4246 auctoritatem,
994 4182 1118 4236 dum
1164 4186 1501 4253 cognoscatis
1538 4186 1747 4242 illorum
1792 4204 1913 4244 sen-

365 4278 574 4340 tentias,
600 4276 682 4329 vel
710 4277 763 4327 in
791 4276 1187 4330 constructione
1215 4277 1447 4343 partium
1495 4278 1577 4330 vel
1614 4278 1667 4332 in
1705 4280 1913 4349 regula-

366 4383 476 4421 rum
502 4366 830 4434 proprietate

3463 308 3566 364 182

2006 514 2305 581 hujusmodi
2336 528 2524 567 versus
2556 527 2571 564 :

2131 631 2180 678 In
2205 644 2299 691 qua
2323 634 2576 736 conspicua
2604 631 2898 678 ﬂammarum
2923 627 3141 688 lampade
3169 628 3326 675 cernit

2131 694 2421 736 Procurrunt
2461 692 2633 736 uiuere
2655 689 2849 736 rubum.
2877 702 3041 736 ueuue
3069 689 3266 736 ignibus
3289 700 3326 736 αι

2124 684 2421 740 Ρι·οὶἰιτιιαηι
2442 684 2633 750 lnlgere
2655 689 2849 747 rubum,
2877 684 3041 747 neque
3069 689 3266 749 ignibus
3289 684 3382 736 uri.

2006 773 2135 825 Item
2160 773 2475 826 Ambrosius
2501 772 2554 825 in
2580 772 2785 841 Ilymno
2814 769 3061 823 Paschali
3091 784 3105 822 :

2248 900 2304 949 Et
2331 903 2419 949 ﬂaui
2440 912 2513 949 ma
2531 900 2753 949 famulum
2782 913 3061 963 provocans,

2243 964 2427 1011 Rubum
2452 974 2544 1010 non
2563 964 2733 1019 perdas
2750 961 2984 1020 spineam.

2248 1022 2364 1071 Cum
2388 1022 2455 1068 sis
2478 1022 2604 1079 Ignis
2626 1033 2965 1078 concremans,

2246 1080 2349 1130 Non
2371 1084 2470 1129 uris
2488 1079 2613 1141 quod
2636 1080 2901 1129 illuminas.

2004 1183 2131 1236 Item
2176 1182 2554 1251 grammaticus
2584 1180 2798 1248 quidam
2830 1180 2903 1232 ita
2942 1179 3017 1233 ait
3050 1197 3061 1230 :
3097 1198 3113 1229 ι
3148 1182 3277 1234 Item
3318 1180 3568 1235 feminina

2005 1271 2164 1325 huius
2189 1263 2436 1324 secundm
2463 1268 2832 1323 declinationis
2852 1282 3075 1322 numero
3096 1267 3284 1337 plurali
3309 1270 3566 1330 carentia,

2004 1378 2290 1431 regnorum
2341 1362 2425 1415 vel
2469 1362 2722 1415 arborum
2769 1374 2784 1412 :
2826 1371 2999 1430 tyrua,
3047 1377 3272 1431 cyprus,
3327 1360 3567 1430 populus,

2004 1474 2288 1527 cypressus,
2337 1456 2510 1518 alnus,
2560 1454 2821 1522 fraxinus,
2874 1456 3053 1510 rubus.
3092 1474 3109 1505 ι
3152 1453 3282 1507 Item
3334 1452 3582 1519 Donatus,

2005 1548 2070 1601 de
2123 1547 2407 1601 arboribus
2453 1545 2628 1599 dixit:
2669 1565 2685 1591 ι
2737 1543 2940 1595 Neutro
2988 1542 3255 1607 fructum;
3315 1538 3570 1596 feminino

2005 1639 2148 1706 ipsas
2177 1635 2398 1689 arbores
2416 1646 2557 1702 saepe
2582 1632 2825 1685 dicimus.
2857 1651 2881 1681 »η
2901 1628 3055 1692 Nota,
3085 1629 3228 1706 quod
3250 1644 3382 1696 sirpe
3413 1628 3565 1701 dixit,

2006 1704 2112 1779 non
2146 1741 2363 1794 semper.
2393 1722 2637 1777 Paterius
2663 1736 2810 1783 vero,
2837 1736 2905 1773 cx
2931 1718 3108 1772 verbis
3128 1704 3299 1771 sancti
3321 1715 3589 1787 Gregorii

2004 1830 2172 1883 papas,
2224 1812 2515 1866 masculino
2552 1812 2765 1879 posuit:
2800 1832 2817 1860 ε
2847 1810 2981 1863 Nam
3009 1824 3103 1878 per
3149 1822 3445 1881 succensum
3476 1823 3591 1879 run

2004 1904 2122 1956 bum
2145 1903 2358 1971 Moysen
2383 1903 2677 1969 alloQuens,
2709 1902 2835 1969 quid
2855 1900 2997 1953 aliud
3023 1899 3275 1959 ostendit,
3300 1897 3405 1969 nisi.
3427 1895 3567 1962 quod

2003 1992 2116 2060 ejus
2140 1992 2334 2061 populo
2364 1993 2554 2046 ductor
2580 1992 2759 2054 fuerit,
2793 1991 2882 2058 qui
2915 2000 2969 2044 et
2997 1990 3128 2059 legis
3155 1988 3419 2041 ﬂammam
3450 2000 3569 2053 per-

2004 2057 2227 2149 ciperet,
2260 2088 2313 2133 et
2338 2088 2515 2132 tamen
2559 2080 2765 2147 peccati
2812 2057 3019 2145 spinam
3055 2057 3397 2145 nequaquam
3436 2057 3590 2126 vita:

2004 2172 2116 2225 ret?
2168 2191 2185 2221 ι
2235 2171 2365 2240 Item
2418 2168 2651 2223 Isidorus
2702 2168 2756 2221 in
2807 2166 3205 2221 Commentario
3256 2165 3525 2225 Geneseos
3554 2178 3591 2234 εὶ

2010 2280 2027 2310 ί
2063 2262 2215 2327 Quod
2254 2276 2379 2314 vero
2408 2261 2661 2313 Dominus
2688 2258 2741 2311 in
2769 2258 2944 2310 eodem
2972 2255 3099 2307 rubo
3138 2253 3446 2321 apparuisse
3494 2253 3566 2305 le-

2004 2350 2165 2417 gitur.
2202 2369 2216 2396 ι
2248 2349 2516 2403 Amovius
2548 2350 2599 2402 in
2630 2345 2877 2403 conﬂictu
2917 2359 3073 2413 quem
3103 2342 3290 2396 habuit
3322 2355 3441 2393 cum
3472 2339 3568 2393 Se-

2006 2444 2243 2510 rapione,
2295 2441 2478 2493 rubum
2526 2440 2704 2508 posuit
2744 2434 3025 2491 masculini
3069 2432 3297 2502 generis,
3338 2432 3566 2483 dicens:

2060 2530 2127 2583 Et
2156 2531 2293 2582 sicut
2319 2544 2444 2582 vere
2476 2529 2632 2580 rubus
2664 2527 2929 2580 ﬂammam
2958 2523 3162 2587 habuit,
3188 2522 3265 2575 sic
3299 2534 3423 2573 vere
3446 2532 3568 2587 pas-

2032 2633 2096 2670 us
2123 2625 2205 2670 est
2232 2617 2399 2669 Filius
2429 2615 2660 2669 hominis
2686 2624 2739 2667 et
2766 2616 2905 2667 sicut
2926 2629 3049 2666 vere
3071 2627 3175 2665 non
3205 2611 3441 2663 incensus
3465 2615 3565 2670 est,

2005 2703 2081 2765 _sic
2115 2717 2239 2755 vero
2270 2718 2373 2754 non
2406 2717 2591 2768 passus
2632 2709 2713 2753 cst
2740 2701 2906 2753 Filius
2936 2700 3044 2752 Dei.
3082 2718 3098 2747 ι
3131 2698 3395 2766 .losepbus
3440 2712 3569 2764 quo-

2004 2807 2108 2860 que
2138 2792 2190 2844 in
2228 2791 2475 2844 Ilistoriis
2510 2790 2639 2843 dicit
2669 2808 2679 2841 :
2716 2809 2733 2839 ι
2764 2789 2828 2841 Et
2872 2787 3011 2840 facto
3042 2786 3328 2849 sacriﬁcio,
3365 2784 3570 2852 Moyses

2006 2881 2200 2951 pepqu
2244 2880 2751 2947 ministrabatjuxta
2795 2877 2997 2941 rubum,
3029 2876 3116 2945 qui
3140 2873 3403 2927 ﬂammam
3431 2872 3601 2949 ignis,

2006 2980 2271 3026 evaserat.
2307 2990 2325 3023 ι
2356 2972 2486 3025 Item
2515 2968 2765 3039 Virgilius
2796 2967 2937 3022 haud
2961 2962 3359 3020 contemnendae
3386 2972 3569 3017 aucto-

1931 3087 1979 3150 ρ
2011 3063 2185 3117 ritatis
2210 3061 2433 3117 falsator
2462 3076 2481 3114 :

2130 3192 2275 3242 Mella
2298 3192 2447 3240 ﬂuant
2471 3189 2558 3251 illi,
2588 3189 2710 3238 lerat
2733 3196 2784 3238 et
2803 3190 2945 3238 rubus
2965 3199 3107 3248 asper
3132 3198 3384 3235 amomum.

2008 3298 2209 3351 Tamen
2242 3298 2285 3350 si
2318 3312 2499 3365 aspera
2531 3304 2688 3356 esset,
2722 3294 2893 3361 potuit
2928 3306 3023 3361 per
3060 3289 3424 3360 synaloepham
3452 3303 3571 3341 ver-

2008 3400 2099 3439 sus
2124 3394 2286 3438 stare.
2316 3383 2622 3437 Priscianus
2656 3395 2782 3434 vero
2808 3380 3184 3434 veracissimus
3211 3376 3569 3445 grammatica:

2010 3475 2143 3526 artis
2184 3474 2401 3534 doctor,
2446 3472 2511 3523 de
2544 3472 2668 3522 rubo
2713 3472 2785 3523 ita
2819 3471 2932 3521 ait:
2968 3487 2985 3517 ι
3017 3466 3277 3535 Specialia
3321 3466 3569 3518 uniuscu-

1999 3564 2196 3632 jusque
2222 3561 2430 3615 arboris
2456 3560 2669 3613 nomina
2698 3557 2950 3610 feminina
2991 3563 3134 3618 sunt,
3164 3562 3386 3620 exapto
3429 3553 3571 3606 olea-

2006 3662 2139 3715 stro,
2166 3652 2305 3719 quod
2327 3658 2436 3705 tam
2463 3648 2630 3703 forma
2656 3644 3065 3705 terminationis,
3101 3657 3259 3710 quam
3288 3641 3571 3694 declinatio

2008 3743 2280 3813 prohibuit
2293 3757 2409 3797 esse
2425 3740 2733 3795 femininum
2743 3777 2755 3789 .
2773 3736 2904 3790 Nam
2919 3735 3059 3800 siler,
3075 3732 3215 3801 quod
3226 3739 3309 3786 est
3322 3738 3567 3783 neutrum

2009 3849 2116 3887 non
2146 3830 2253 3902 34
2279 3840 2362 3884 est
2402 3830 2541 3883 inter
2565 3829 2785 3881 arbores
2820 3824 3143 3893 ponendum,
3174 3822 3312 3875 sicut
3342 3833 3438 3873 nec
3482 3834 3569 3870 ru-

2012 3920 2123 3973 bus.
2156 3938 2174 3971 ›
2206 3918 2348 3972 Inter
2374 3919 2472 3970 hos
2500 3930 2626 3969 vero
2665 3925 2912 3969 auctores
2937 3920 3113 3967 vestra
3138 3911 3315 3965 videat
3342 3906 3569 3977 pruden—

2010 4014 2104 4073 tia,
2133 4011 2260 4078 quid
2298 4009 2626 4076 sequendum
2674 4008 2761 4060 sit.
2793 4005 3024 4059 Possunt
3052 4004 3196 4058 enim
3230 4002 3469 4069 qumdam
3505 4014 3566 4053 ex

2011 4101 2097 4154 his
2117 4097 2375 4166 exemplis
2400 4095 2529 4149 vitio
2549 4094 2824 4162 scriptoris
2846 4107 2962 4146 esse
2992 4098 3240 4159 corrupta
3264 4097 3318 4143 et
3338 4106 3370 4141 ιι
3394 4103 3492 4157 pro
3517 4106 3568 4149 α,

2011 4189 2095 4243 vel
2138 4185 2299 4242 étiam
2347 4203 2378 4238 a
2427 4200 2524 4253 pro
2567 4200 2599 4235 α
2642 4184 2833 4253 posita.
2878 4182 3078 4235 Tamen
3120 4180 3318 4234 certius
3365 4179 3567 4251 videtur

2011 4277 2365 4332 masculinum
2388 4290 2505 4329 esse
2537 4289 2694 4343 quam
2722 4272 3055 4327 femininum.
3114 4310 3115 4317 η
3566 4314 3573 4319 ,
3642 4266 3647 4267 “

2084 4367 2326 4422 Secunda
2352 4382 2481 4419 vero
2503 4364 2850 4432 interrogatio
2874 4364 2973 4415 fuit
2997 4366 3137 4415 inter
3160 4362 3243 4425 de,
3268 4361 3347 4413 dis
3387 4368 3438 4413 et
3458 4360 3568 4423 des,

429 4456 607 4509 Prima
634 4454 978 4521 interrogatio
1002 4452 1103 4505 fuit
1142 4453 1207 4506 de
1231 4453 1377 4518 rubo,
1401 4454 1552 4523 cujus
1575 4466 1718 4511 esset
1748 4473 1909 4526 gene—
1937 4440 1985 4496 D
2008 4472 2077 4510 an
2119 4456 2386 4510 debuisset
2430 4469 2548 4507 esse
2594 4454 2888 4520 dispexeris
2922 4454 3033 4506 sive
3080 4454 3417 4521 despexeris?
3444 4455 3571 4511 Esse

366 4549 471 4601 ris?
503 4546 567 4600 dc
593 4561 698 4614 quo
726 4545 939 4599 nomine
968 4543 1172 4597 diversa
1199 4542 1496 4596 invenimus
1518 4546 1776 4613 exempla.
1810 4546 1909 4603 Le-

432 4693 454 4718 ιι
486 4680 715 4744 Quercct
741 4678 867 4730 edit.
895 4676 981 4737 42,
1009 4675 1187 4744 Canis.
1224 4675 1310 4737 5i,
1341 4676 1569 4731 Froben.
1591 4678 1679 4731 22.

434 4751 459 4788 ιι
488 4742 791 4816 Απςείὺενιο
826 4742 1142 4816 ρνίηιίςςζᾶο.Δ
1168 4763 1187 4796 ι
1228 4746 1277 4799 Is
1306 4748 1571 4816 adscititio
1596 4750 1809 4802 nomine
1832 4748 1913 4802 die

365 4812 786 4888 ctusllome‘rus,
814 4812 1096 4888 anno
1210 4815 1329 4888 aula
1356 4815 1562 4888 Pippini
1587 4818 1748 4871 Italia:
1774 4820 1913 4888 regis

367 4851 480 4872 ιιυο
509 4851 786 4877 ..υ...ι...ο,
814 4851 952 4865 -..ην
987 4851 1077 4866 .w
1132 4851 1183 4866 ...
1210 4851 1329 4869 ...μοι
1356 4851 1376 4867 ι
1399 4851 1562 4885 mu...
1587 4851 1748 4871 ιιαιιω
1774 4851 1906 4888 mg“

367 4887 621 4963 ﬂorebat,
655 4851 1176 4963 ,ἱὺίᾳςς-νχίηξὶοὲτξξ
1219 4884 1400 4963 palatii
1439 4901 1628 4963 munus
1672 4888 1906 4963 gerebat.

365 4956 517 5008 Anno
537 4950 877 5007 circiter—787
906 4950 1308 5019 BertamCaroli
1341 4952 1511 5019 Magni
1543 4950 1705 5008 ﬁliam
1728 4957 1911 5009 matri-

367 5025 543 5077 monio
573 5020 672 5097 sibi
697 5022 981 5097 copulavit.
1007 5018 1157 5097 Circa
1190 5035 1384 5072 annum
1414 5018 1530 5097 790,
1558 5039 1722 5097 ngare
1747 5025 1912 5097 ‘Berta

367 5088 1009 5151 consentieitefsecessit
1052 5088 1105 5139 in
1152 5090 1529 5141 monasterium
1575 5091 1908 5147 Centulense.

367 5159 516 5213 Amno
564 5158 664 5211 792
697 5159 922 5213 Felicem
970 5155 1347 5227 Urgellitanum
1396 5157 1619 5227 Romam
1646 5162 1909 5227 perduxit.

368 5229 517 5281 Anno
551 5227 651 5280 794
687 5236 805 5281 acta
834 5224 1553 5282 conciliiFrancolordiensis
1575 5224 1795 5282 Romam
1822 5231 1914 5285 de-

371 5298 504 5351 tulit.
532 5296 687 5348 Anno
712 5295 815 5350 796
839 5295 1061 5349 Romam
1096 5296 1288 5347 missus
1318 5304 1399 5347 est
1421 5310 1449 5345 a
1474 5294 1664 5348 Carolo
1691 5298 1758 5350 ad
1782 5297 1915 5352 Leo-

373 5382 487 5420 nem
521 5365 586 5418 III
612 5378 825 5432 papam.
853 5364 1006 5417 Anno
1038 5363 1140 5432 800
1167 5362 1409 5416 Carolum
1454 5362 1674 5417 Romam
1703 5374 1914 5421 euntem

372 5430 651 5490 comitatus
680 5430 786 5486 est.
819 5432 974 5485 Anno
996 5433 1089 5487 8H
1129 5430 1305 5487 'Caroli
1338 5440 1653 5485 testamento
1686 5436 1917 5488 subscri-

433 5506 489 5559 it.
522 5500 1061 5582 Die-_18_Febr.“anno
1086 5502 1372 5582 Aobiit.
1414 5518 1431 5548 ε
1452 5499 1912 5582 βριηιξεξὲςνίρῑ.

370 5516 489 5625 Εςιι.
522 5516 614 5559 Dte
642 5516 707 5557 us
733 5516 892 5553 renr.
923 5516 1061 5553 anno
1086 5516 1187 5556 au
1224 5516 1370 5555 omn.
1414 5518 1431 5548 ε
1456 5516 1912 5620 υοιιιῖίιειρςνιρῑ.

417 5590 493 5627 er.
530 5572 850 5647 Gall._tom:
888 5568 948 5647 ν,
977 5582 1095 5647 pag.
1128 5571 1249 5647 {98,
1289 5579 1397 5623 not.
1447 5569 1552 5647 (ὁ)λ
1640 5570 1917 5647 τῴιΙΙοιιιιιε

373 5658 482 5697 eam
510 5642 792 5713 epistolam
835 5637 887 5691 in
916 5634 1102 5689 Annal.
1137 5641 1225 5693 lib.
1258 5655 1375 5702 xxv,
1409 5634 1462 5691 n.
1490 5634 1576 5700 38,
1623 5638 1687 5691 ad
1720 5655 1916 5694 annum

2008 4560 2113 4599 non
2152 4551 2335 4612 potest
2368 4550 2586 4611 propter
2628 4550 2935 4617 sequentem
2961 4559 3006 4606 ε,
3031 4558 3150 4610 quae
3193 4544 3359 4614 exigit
3398 4546 3478 4597 dis
3515 4555 3570 4600 ut

2011 4680 2134 4740 783,
2170 4677 2307 4731 libro
2334 4691 2460 4729 vero
2492 4691 2635 4737 xxVI,
2669 4691 2721 4727 n.
2755 4674 2841 4729 44.
2867 4674 2931 4726 ad
2955 4690 3151 4729 annum
3182 4677 3283 4734 796
3309 4692 3567 4743 recenset.

2010 4749 2152 4821 Nihil
2174 4748 2296 4821 inde
2322 4746 2453 4821 certi
2482 4744 2641 4799 statui
2672 4752 2863 4821 potest.
2886 4743 2994 4801 Nos
3013 4760 3130 4800 eam
3154 4746 3425 4819 jungimns
3448 4766 3565 4803 cum

2012 4818 2131 4871 aliis
2156 4816 2223 4869 ad
2244 4815 2506 4868 eumdem.
2831 4815 2837 4821 ⁷
3257 4815 3276 4819 ⁷
3463 4848 3482 4865 .

2080 4886 2186 4963 _33
2222 4896 2243 4923 °
2272 4882 2491 4963 “f‘m
2512 4882 3175 4963 PWlflptem-fortlradum
3202 4886 3567 4953 presbyterum

2014 4952 2180 5036 fuisse
2206 4952 2564 5036 colligiposse
2594 4953 2803 5036 videtur
2830 4952 3150 5021 Mabillonio,
3186 4952 3335 5020 cuius
3368 4952 3569 5009 nomen

2015 5024 2332 5092 exprimitur
2358 5021 2410 5071 in
2505 5021 2590 5074 ist.
2618 5021 2741 5074 210.

2017 5164 2033 5167 _
2086 5094 2128 5167 tl
2151 5032 2759 5167 Βοψὶηὲηἳὶρρὶεαω,
2788 5092 2953 5167 ﬁlium
2980 5090 3157 5167 Caron
3183 5088 3353 5167 Magni
3386 5104 3563 5167 regem

2017 5161 2199 5235 Italizn,
2228 5160 2303 5212 ait
2326 5154 2908 5235 Gauisius..l_3asnagio,
2935 5170 3013 5235 _nt
3037 5167 3089 5212 ct
3110 5154 3333 5235 Petavio
3361 5165 3413 5209 et
3449 5154 3570 5211 Bol-

2020 5231 2177 5311 lando
2214 5225 2564 5311 vemsimilius
2604 5225 2883 5311 Pippinum
2934 5225 3408 5311 hunc‘GalIiarum,
3462 5244 3567 5281 non

2021 5299 2187 5379 italim
2231 5307 2407 5362 regem
2434 5290 2618 5379 fuisse
2665 5290 2891 5379 videtur.
2941 5295 3257 5379 His-tamen
3309 5307 3569 5379 repugnat

2022 5369 2134 5437 ipse
2173 5372 2327 5418 tenor
2362 5364 2599 5429 epistolae
2629 5382 2747 5435 quae
2770 5368 2969 5419 directa
2996 5373 3077 5417 est
3105 5365 3170 5416 ad
3204 5364 3568 5433 Angilbertum

2020 5438 2076 5489 in
2102 5433 2250 5511 Italia
2293 5432 2631 5511 existentem,
2662 5445 2737 5511 ut_
2757 5442 2880 5501 pote
2922 5431 3344 5511 cuiportitorem
3370 5432 3572 5511 littera-

2021 5518 2139 5557 rum
2183 5500 2248 5571 ad
2288 5499 2476 5571 limina
2524 5499 2893 5571 Apostolorum
2943 5510 3211 5571 petentem
3236 5505 3569 5571 commendat

2025 5569 2250 5643 (Mabill.
2271 5568 2389 5643 Act.
2424 5571 2522 5625 SS.
2550 5568 2691 5643 ἕως,
2711 5588 2780 5632 ιν,
2812 5568 2958 5639 partI
2985 5586 3167 5643 inag.
3194 5570 3427 5643 πει).

2097 5650 2120 5678 ο
2158 5638 2295 5692 Εδίι.
2341 5639 2587 5704 Quercet.
2631 5640 2694 5693 27
2736 5638 2961 5710 οιςιηεη
3004 5638 3229 5695 Froben.
3276 5638 3361 5696 ‘23.
