4238 6184
618 290 717 341 nu
1443 294 1501 348 Β.
1544 296 1605 349 r.
1646 295 1867 352 ALBINI
1906 299 2035 356 seu
2076 268 2350 359 storm
2388 307 2669 365 oruucu
2701 313 2963 370 must.
3745 327 3845 383 ist

613 402 917 455 Priscianus
950 402 1078 456 vult.
1109 401 1215 458 Sed
1243 403 1383 458 inter
1405 406 1467 459 de
1491 416 1547 461 et
1571 410 1651 460 dis
1683 418 1890 464 tantum
1926 422 2172 467 versatur

613 488 879 509 __-___,_,.,A
949 486 1105 509 n___.
1132 489 1270 509 ,γέ-η,
1299 490 1345 509 .,_
1388 508 1394 509 ,
1464 508 1471 509 ,
1554 508 1557 509 ν
1645 496 1696 509 ι.
1736 505 1746 509 -
2129 501 2140 509 .

2232 413 2325 480 is?
2372 416 2586 490 οὓρανοῦ
2638 425 2876 495 ἕπᾶϐλιφε
2926 431 3105 501 κύριος
3155 430 3485 504 [ἕπὲλιενρυη
3541 438 3565 491 ὅ
3621 440 3839 509 κύριοςῐ.

612 488 903 555 inquisitio.
948 486 1404 544 Considerandum
1451 508 1569 547 esse
1609 496 1839 561 videtur,
1872 514 1978 566 quo
2019 501 2177 555 modo
2279 508 2328 570 ἐξ
2369 547 2381 560 .
2427 486 2444 559 ξ
2489 548 2503 562 .
2546 549 2560 561 .
2602 550 2616 563 .
2656 486 2836 568 etiam.
2850 532 2947 584 pro
2976 486 3041 572 de
3067 486 3501 591 positamdl'tem,
3527 486 3844 587 ubifnosvdi;

590 567 878 693 habeat-iu
1133 596 1251 681 qua:
1275 582 1345 636 ibi
1373 587 1685 693 prtepositio
1711 589 2032 656 inveniatur,
2065 594 2177 646 sive
2278 567 2449 653 cimus
2473 617 2493 650 :-
2520 600 2642 656 Non
2665 567 2931 672 deﬁcit'de
2952 567 3139 679 plateis
3168 615 3281 684 ejus
3310 568 3616 685 (Psalfuv,
3651 567 3842 693 Bitia
3945 612 3949 621 ’

605 684 723 734 qua:
757 668 837 721 dis
866 668 1150 751 signiﬁcet,
1176 672 1288 725 sive
1316 688 1432 740 quae
1458 675 1522 728 de
1548 676 1836 745 signiﬁcet.
1870 680 2009 734 Dicit
2031 683 2174 735 enim

606 757 910 813 Priscianus
954 760 1019 812 de
1048 759 1241 814 habere
1283 763 1467 829 plures
1512 766 1932 835 signiﬁcationes
1969 780 2024 825 et
2067 787 2172 826 non

605 863 700 912 pro
744 862 846 900 una
876 846 1058 901 Grmca
1093 851 1471 925 pra-positione
1508 855 1654 923 poni,
1701 856 1794 909 sed
1838 871 1936 925 pro
1977 859 2167 922 tribus,

609 938 689 991 vel
719 938 897 992 forsan
942 938 1203 1007 pluribus,
1253 923 1328 993 ita
1369 943 1550 998 dicens
1578 962 1589 996 :
1630 964 1648 995 ε
1676 946 1740 999 de
1769 962 1874 1000 non
1906 949 2078 1003 solum
2117 953 2173 1004 τὸ

602 1030 705 1083 ἀπὸ
745 1026 1035 1098 signiﬁcat,
1085 1023 1177 1083 sed
1215 1031 1375 1084 etiam
1402 1036 1461 1089 τὸ
1491 1036 1572 1088 ἐπὶ
1607 1038 2036 1099 memorativum,
2068 1049 2125 1092 ut
2157 1058 2167 1091 :

598 1118 663 1169 de
690 1118 931 1186 partibus
954 1118 1233 1174 orationis.
1265 1120 1539 1191 Accipitur
1558 1124 1721 1177 etiam
1740 1140 1840 1194 pro
1867 1128 1992 1181 κατὰ
2016 1127 2173 1181 locali

603 1208 654 1257 in
684 1205 1087 1274 compositione,
1118 1215 1175 1259 ut
1204 1224 1216 1261 :
1248 1208 1466 1273 dedueo,
1495 1212 1780 1277 descendo,
1808 1214 2052 1281 detraho,
2083 1218 2172 1270 de-

598 1294 740 1358 iicio,
780 1295 1033 1365 despicio,
1078 1297 1312 1352 derideo.
1353 1299 1447 1352 Est
1494 1301 1655 1355 etiam
1696 1302 2034 1370 intentivum,
2072 1314 2166 1359 ut:

595 1385 967 1454 deprehendo,
1026 1385 1189 1451 dedo,
1240 1387 1498 1458 depravo,
1554 1392 1833 1461 deprimo,
1886 1396 2166 1465 deminuo,

595 1475 793 1541 deisco,
825 1477 1094 1543 deterreo,
1121 1478 1313 1550 deligo,
1354 1482 1598 1537 decurro.
1628 1484 1723 1539 Est
1749 1478 1912 1541 etiam
1948 1489 2170 1557 privati-

594 1579 740 1629 vum,
770 1573 829 1618 ut
856 1582 868 1617 :
899 1565 1229 1635 desperatur,
1259 1568 1497 1634 demens,
1530 1572 1737 1637 desum,
1762 1573 1983 1642 deierat.
2016 1596 2034 1627 ι
2066 1577 2171 1632 No-

593 1662 668 1718 ta,
711 1654 852 1723 quod
892 1655 1127 1725 despicio
1158 1658 1312 1723 dixit,
1339 1661 1481 1714 unde
1522 1663 1628 1716 erit
1666 1663 1991 1734 despexeris.
2034 1668 2165 1723 Nam

2275 683 2463 741 Graeco
2491 689 2684 757 legittll‘
2709 710 2721 745 :
2760 698 2862 750 Οὐκ
2901 700 3117 763 ὶξίλιπιν
3149 683 3200 756 in
3226 683 3326 758 sini
3367 683 3613 764 «Messias
3821 732 3838 781 ς

2275 779 2329 829 ἐκ
2371 816 2385 829 .
2429 817 2442 829 .
2487 817 2502 831 .
2541 795 2639 849 pro
2670 783 2735 836 de
2760 788 3013 854 positum.
3042 790 3106 843 Di
3128 793 3341 859 quidem
3363 805 3418 850 et
3440 798 3521 851 dis
3550 779 3841 859 secundum

2277 863 2609 924 Prisciauum
2636 876 2880 929 eamdem
2910 877 3353 948 signiﬁcationem
3386 887 3583 943 habent
3608 908 3669 945 ac.
3695 894 3759 947 ab
3788 904 3843 949 at

2274 956 2384 1010 abs.
2411 956 2548 1013 Sunt
2566 971 2745 1018 autem
2768 969 3103 1034 separativze,
3122 974 3424 1041 utzdivido,
3446 978 3620 1043 diruo,
3648 983 3842 1039 distra-

2273 1044 2362 1137 ho,
2409 1048 2654 1107 discurro
2681 1068 2697 1105 :
2728 1057 2868 1124 quod
2897 1059 3035 1126 apud
3064 1058 3281 1118 Graecos
3305 1064 3389 1121 διὰ
3432 1071 3738 1137 pmpmitio
3764 1073 3842 1126 fa~

2272 1136 2345 1189 cit
2364 1148 2410 1189 ι.
2429 1138 2561 1193 Nam
2589 1143 2677 1197 ubi
2706 1160 2805 1199 nos
2830 1146 3087 1203 dicimus:
3110 1136 3502 1225 Disrumpamus
3527 1136 3732 1214 uincula
3755 1179 3839 1215 eo-

2272 1242 2386 1321 rum
2411 1228 2580 1297 (Psal.
2616 1249 2674 1295 is,
2701 1234 2779 1306 5),
2808 1237 2969 1315 habet
3012 1239 3065 1293 in
3102 1240 3290 1297 Graeco
3326 1228 3840 1321 εΔῖαρῤήξομενιι-οὐς

2269 1316 2489 1390 δεσμοὺς
2534 1322 2701 1397 αὐτοῦ
2753 1325 2961 1399 [αὐτῶν]
3006 1368 3025 1381 .
3060 1369 3073 1381 .
3120 1370 3134 1383 .

2270 1420 2389 1459 mus
2416 1426 2427 1459 :
2458 1408 2753 1477 Domine,.a
2777 1416 2955 1483 paucis
2977 1416 3041 1469 de
3066 1427 3205 1471 terra
3229 1420 3398 1475 divide
3414 1439 3499 1477 eos
3526 1424 3705 1491 (I’sal-
3725 1444 3838 1493 xw,

2273 1492 2381 1563 tt),
2413 1496 2466 1549 in
2510 1497 2696 1556 Graeco
2729 1500 2927 1571 legitur
2974 1523 2986 1557 :
3022 1509 3183 1581 κύριε,
3225 1511 3328 1564 διπό
3376 1513 3549 1584 ὀλίγων
3592 1518 3696 1573 ἀπὸ

2271 1586 2526 1657 [ἀπολύων
2556 1593 2656 1647 διπὸ
2682 1594 2798 1665 τῆς]
2823 1594 3336 1673 muniﬁcas-auratis.

2340 1678 2433 1732 llis
2459 1680 2622 1734 etiam
2661 1683 3035 1749 consideratis,
3062 1688 3237 1743 videte
3256 1691 3340 1744 vel
3366 1707 3429 1745 ex
3474 1682 3841 1752 antecedentis

590 1744 984 1857 ορίάοηωυιξειδ
1017 1744 1073 1797 in
1106 1747 1491 1850 αξηξροεὲιὶοιξε
1532 1751 1721 1821 κείρίι
1762 1757 2167 1825 ρτωροείιὶοηεε
2198 1755 2243 1815 Β
2270 1768 2463 1840 lingua:
2499 1773 2710 1838 notitia,
2761 1776 2844 1829 vel
2873 1787 3195 1835 constructae
3230 1784 3489 1839 orationis
3533 1788 3693 1846 serie.
3719 1804 3838 1857 quae

590 1844 646 1887 at
677 1834 876 1888 nullam
908 1835 961 1893 in
991 1836 1341 1911 appositioue,
1373 1839 1498 1909 quia
1527 1842 1687 1910 spicio
1714 1844 1768 1897 in
1798 1861 1897 1899 usu
1926 1863 2029 1901 non
2059 1859 2161 1913 est,

590 1926 864 1981 Invenitur
884 1928 1027 1985 enim
1059 1946 1074 1982 :
1104 1929 1318 1996 aspicio,
1358 1932 1598 1999 respicio,
1642 1935 1888 2003 suspicio,
1915 1937 2162 2007 despicio,

591 2018 874 2087 conspicio,
888 2017 1180 2091 prospicio._
1200 2019 1568 2092 Etutrumque
1596 2022 1867 2080 invenitur
1893 2045 1905 2080 :
1934 2028 2163 2100 despicio

588 2118 645 2163 et
680 2110 931 2178 dispicio.
962 2109 1086 2169 Meo
1118 2111 1367 2179 superius
1408 2113 1517 2166 dixi
1552 2115 1999 2173 considerandum
2045 2135 2166 2176 esse

588 2214 709 2268 qua
741 2198 1048 2269 praepositio
1075 2200 1128 2253 in
1156 2198 1343 2254 Grzeco
1366 2212 1509 2281 esset
1534 2204 1741 2271 posita;
1770 2214 1824 2259 et
1850 2207 1974 2262 inde
2001 2223 2165 2279 agno-

587 2291 667 2345 sci
694 2306 812 2361 quze
838 2292 892 2344 in
915 2290 1107 2345 Latino
1139 2290 1300 2345 scribi
1337 2292 1558 2356 debeat;
1586 2293 1710 2361 quia
1743 2296 1864 2350 talis
1902 2296 2165 2354 dubitatio

588 2397 656 2434 ex
685 2381 1053 2436 antecedentis
1083 2381 1276 2451 lingua:
1318 2384 1747 2440 consideratione
1781 2386 1915 2441 solvi
1944 2390 2160 2457 poterit.

590 2470 761 2524 liabet
786 2471 929 2526 enim
950 2471 1005 2529 in
1026 2470 1214 2526 Grzeco
1234 2471 1325 2527 ille
1344 2488 1532 2534 versus
1556 2491 1570 2527 :
1596 2473 1832 2539 Exaudi,
1864 2476 2019 2541 Deus,
2044 2495 2165 2534 ora-

586 2563 779 2615 tionem
816 2556 1067 2619 meamet
1096 2578 1157 2616 ne
1188 2562 1482 2631 despexeris
1523 2562 1933 2633 deprecationem
1973 2582 2161 2631 meam,

586 2650 867 2715 'Ewiirto'au,
892 2651 919 2706 ὁ
939 2651 1081 2715 esse,
1112 2658 1201 2711 τήν
1236 2657 1541 2726 προσευχήν
1564 2672 1684 2723 μου,
1708 2656 1790 2711 καὶ
1819 2659 1889 2725 μὴ
1918 2654 2164 2728 {impiam-

586 2751 676 2804 τήν
702 2744 873 2806 δέησίν
904 2766 1012 2816 μουἶ
1032 2743 1202 2813 (Psal.
1228 2762 1335 2810 ιιγ,
1361 2744 1438 2815 ἳ).

654 2834 786 2889 Item
827 2836 881 2888 in
925 2834 1137 2890 Psalmo
1164 2850 1255 2888 xxi
1288 2836 1374 2891 ille
1403 2837 1727 2893 versuszDe
1768 2848 1937 2894 ventre
1978 2842 2161 2893 matris

584 2941 714 2979 mea
746 2922 887 2978 Deus
915 2940 1059 2979 meus
1085 2941 1137 2979 es
1160 2935 1238 2989 tn,
1270 2924 1428 2980 habet
1456 2926 1510 2979 in
1541 2924 1764 2981 Grzeco:
1791 2927 1913 2982 ’Δπὸ
1938 2929 2163 3002 Interfui:

585 3012 689 3083 [Ἐκ
711 3011 914 3084 κοιλίας]
936 3015 1125 3088 μητρός
1152 3035 1247 3084 μου
1276 3015 1397 3075 Θεὸς
1432 3036 1530 3084 μου
1563 3011 1611 3070 εἴ
1639 3038 1728 3070 συ.
1758 3015 1859 3071 Ubi
1896 3032 1996 3071 nos
2024 3016 2158 3072 dici-

584 3118 706 3157 mus
729 3102 814 3168 de,
846 3103 918 3157 ibi
946 3100 1049 3158 ἆπό
1077 3103 1290 3173 legitur.
1318 3104 1447 3159 Item
1479 3106 1569 3160 ubi
1598 3122 1696 3160 nos
1726 3106 1985 3163 habemus
2009 3125 2021 3161 :
2054 3107 2155 3163 De-
2184 3091 2230 3154 α

581 3194 779 3247 scendit
800 3194 933 3246 sicut
956 3192 1129 3261 pluvia
1152 3194 1207 3247 in
1232 3194 1389 3248 vellus
1414 3195 1584 3265 (Psal.
1612 3214 1755 3260 Lxxt,
1790 3198 1865 3268 6),
1897 3199 1951 3252 in
1970 3198 2159 3253 (ἓωο

586 3286 855 3341 habetur:
887 3286 1240 3343 καταϐήσεται
1268 3288 1335 3346 ὥς
1357 3288 1503 3347 ὑετὸς
1542 3288 1627 3341 ἰπὶ
1666 3288 1873 3366 πόκον..
1916 3327 1929 3340 .
1971 3327 1985 3340 .
2022 3288 2160 3342 sicut

506 3400 509 3403 η
585 3376 831 3444 superius
866 3378 986 3446 περὶ
1023 3375 1077 3427 in
1107 3388 1172 3427 eo
1200 3388 1377 3436 versu,
1416 3374 1555 3429 unde
1585 3376 1700 3429 haec
1727 3375 2002 3444 inquisitio
2038 3384 2157 3429 orta

580 3474 685 3521 est.
718 3463 850 3517 Nam
877 3471 938 3517 et
961 3464 1149 3517 beatus
1174 3463 1528 3533 Hieronymus
1554 3464 1606 3518 iu
1631 3464 1882 3519 Tractatu
1907 3465 2157 3534 Epistola:

583 3553 652 3607 ad
692 3553 880 3608 Titum
915 3554 1019 3607 has
1058 3554 1489 3623 praepositiones,
1518 3554 1571 3608 id
1600 3562 1711 3617 est,
1749 3559 1871 3628 περὶ
1909 3564 1962 3610 et
2004 3560 2155 3621 κατὰ,

582 3644 700 3699 sine
734 3644 896 3698 dubio
934 3642 1001 3699 ad
1028 3653 1394 3712 contemptum
1439 3644 1708 3713 pertinere
1736 3646 1890 3700 dixit.
1923 3646 1989 3700 Et
2015 3647 2155 3701 idem

583 3735 735 3803 ponit
762 3749 909 3797 esse,
931 3734 1208 3787 contemnit
1246 3742 1303 3787 et
1348 3734 1596 3803 despexit.
1628 3734 1735 3789 Sed
1771 3745 1826 3789 et
1858 3737 2057 3813 bonum
2104 3748 2158 3792 et

584 3824 785 3877 malum
815 3837 935 3876 esse
966 3830 1365 3891 contemptum;
1402 3823 1625 3887 bonum,
1653 3824 1872 3891 quando
1894 3826 2018 3896 quis
2047 3835 2160 3881 tor-

587 3928 764 3969 menta
810 3915 899 3969 vel.
940 3914 1227 3982 opprobria
1270 3913 1470 3968 Christi
1516 3916 1731 3969 nomine
1774 3918 2069 3972 contemnit
2102 3930 2157 3973 et

585 4005 828 4075 despicit.
858 4005 925 4059 Et
950 4006 1047 4059 bas
1067 4005 1441 4067 distinctiones
1468 4006 1520 4059 in
1547 4008 2011 4075 praepositionibus
2039 4018 2155 4064 tau-

582 4098 856 4151 tummodo
886 4110 1002 4150 esse
1031 4096 1115 4149 his
1140 4097 1319 4151 verbis
1345 4097 1518 4161 docet,
1548 4098 1637 4151 ubi
1668 4098 1721 4152 in
1748 4098 1937 4154 (ἑτερου
1960 4100 2155 4169 legitur

582 4188 651 4241 nd
681 4188 858 4240 Titum
886 4188 1085 4241 dictum
1117 4190 1495 4262 περιφρονείτω,
1536 4195 1591 4243 et
1632 4188 1759 4242 illud
1787 4190 1929 4257 quod
1971 4191 2037 4243 ad
2064 4191 2153 4243 Ti-

585 4277 856 4329 motheum
883 4274 1077 4343 legitur
1099 4279 1486 4348 καταφρονιίτω,
1524 4285 1580 4330 et
1607 4279 1904 4346 apostolum
1932 4279 2153 4334 Paulum

579 4379 679 4433 pro
708 4362 971 4415 varietate
996 4376 1283 4415 causarum
1298 4363 1461 4417 variis
1476 4365 1551 4417 uti
1574 4366 2043 4434 prtepositionibus
2068 4384 2153 4423 as-

580 4454 769 4506 seruit.
798 4452 919 4506 Tito
951 4452 1112 4521 igitur
1134 4452 1384 4521 scripsit.
1424 4454 1591 4509 Nemo
1621 4466 1669 4509 te
1697 4466 1986 4511 contemnat
2018 4459 2141 4529 (Tit.

582 4560 640 4601 ιι,
696 4542 800 4609 l5).
847 4542 913 4595 Et
962 4541 1243 4596 Timotheo
1285 4560 1296 4593 :
1340 4543 1506 4596 Nemo
1554 4545 1953 4599 adolescentiam
2000 4558 2151 4600 luunt

581 4639 873 4684 contemnat
903 4629 953 4698 (1
990 4630 1122 4681 Tim.
1153 4646 1224 4692 iv,
1257 4630 1365 4699 12).
1397 4631 1461 4684 Et
1502 4633 1569 4686 ad
1607 4641 1894 4701 utrumque
1927 4646 2148 4704 propter

577 4743 638 4775 ττι
647 4725 695 4795 με
725 4722 806 4776 vel
838 4722 966 4776 κατὰ
992 4718 1208 4774 Gnecas
1248 4722 1671 4789 pnepositiones,
1709 4711 1943 4791 despicit,
1974 4722 2143 4793 ponit.

579 4814 879 4869 Stoicorum
912 4821 1143 4879 quoque,
1176 4811 1265 4879 qui
1289 4811 1557 4865 subtiliter
1592 4813 1731 4866 inter
1754 4812 1913 4866 verba
1948 4813 2149 4869 discer-

582 4910 733 4960 nunt.
780 4899 1026 4967 exemplo
1067 4900 1166 4953 hoc
1196 4900 1370 4967 ipsum
1410 4900 1710 4954 continuat.
1744 4900 1915 4955 liabet
1939 4917 2149 4971 quoque

576 4987 642 5039 de
692 4988 823 5039 alias
864 4986 1279 5055 signiﬁcationes
1323 4989 1376 5041 in
1411 4988 1619 5051 Gncco,
1663 4999 1719 5042 ut
1763 4989 1985 5043 estzDe
2025 4991 2149 5043 caelo

584 5077 799 5143 respexit
828 5075 1081 5130 Dominus
1112 5075 1282 5146 (Psal.
1312 5093 1479 5141 χχχιι,
1506 5079 1622 5145 15);
1652 5080 1703 5132 in
1736 5078 1923 5133 Gneco
1949 5080 2108 5134 habet
2134 5101 2143 5132 :

653 5249 841 5327 {Vide
864 5248 1021 5327 infra,
1040 5261 1183 5327 .tom.
1211 5253 1268 5327 ll,
1310 5252 1504 5306 librum
1538 5256 1602 5327 de
1627 5256 2036 5327 Orthographia,
2060 5275 2172 5312 \‘o-'

580 5333 642 5370 cc
662 5320 745 5379 de,
772 5320 824 5372 di
840 5330 892 5372 et
911 5320 1010 5371 dis.
1040 5319 1345 5375 Pneterista
1358 5319 2147 5387 notandum,textum'szcutu

584 5390 670 5441 hic
693 5389 947 5466 exhiberi
962 5405 1025 5443 ex
1052 5389 1281 5466 editione
1312 5392 1380 5443 cl.
1417 5392 1735 5466 Quercetaui
1762 5413 1773 5457 ;
1800 5396 1872 5466 in
1911 5397 2149 5466 margine

586 5459 1072 5534 veroapposuiuuts
1107 5458 1383 5534 lectionem
1426 5464 1758 5534 septuaginta
1797 5458 2147 5534 interpreium

582 5542 644 5577 rx
670 5528 900 5598 editione
928 5527 1159 5582 Waltoni
1191 5530 1243 5581 in
1268 5527 1596 5598 Poryglottis.

657 5598 679 5631 ιι
718 5594 968 5667 νΙΙυυιενο.
1006 5598 1153 5650 Haud
1192 5615 1324 5667 Opus
1365 5594 1449 5652 egi
1496 5603 1579 5654 hic
1616 5602 1889 5661 adnotare,
1932 5603 2143 5656 llotncti

585 5666 796 5718 uomitu:
839 5666 903 5718 ab
938 5668 1157 5721 Alcuino
1194 5666 1456 5735 designari
1505 5672 1903 5737 Angilbcrtutu;
1937 5671 2000 5724 de
2042 5688 2144 5739 quo

2267 1860 2441 1929 magis
2474 1861 2527 1914 in
2555 1875 2621 1916 eo
2650 1879 2808 1919 versu
2839 1868 3144 1935 praepositio
3166 1870 3291 1938 poni
3317 1872 3527 1927 debeat.
3558 1873 3689 1929 Nam
3725 1877 3838 1931 lucc

2267 1948 2374 2003 duo
2402 1951 2632 2006 maxime
2654 1953 3040 2010 dubitationem
3077 1957 3282 2015 solvere
3321 1962 3514 2028 solent,
3540 1972 3596 2019 et
3623 1965 3690 2020 ad
3720 1982 3839 2021 cer»

2266 2044 2380 2092 tum
2434 2039 2685 2096 lectorem
2739 2044 3033 2111 perducere
3080 2063 3317 2116 nasum,
3369 2061 3423 2106 et
3479 2056 3845 2112 contentiosas
3916 2048 3917 2051 “

2266 2127 2711 2185 scholasticorum
2750 2134 3039 2190 terminare
3068 2139 3411 2204 qumstiones.
3454 2142 3579 2213 Ideo
3612 2144 3677 2198 de
3711 2145 3847 2198 rubo

2264 2222 2420 2286 posui
2444 2228 2684 2276 veterum
2711 2228 3009 2282 sententias
3050 2237 3351 2296 auctorum,
3382 2240 3437 2286 et
3478 2233 3532 2287 in
3579 2234 3841 2304 preposi-

2266 2309 2500 2365 tionibus
2526 2310 2725 2368 Graecae
2748 2314 2855 2385 35
2884 2315 3082 2387 lingua:
3122 2321 3515 2386 auctoritatem,
3566 2338 3633 2377 ne
3662 2339 3844 2380 meam

2263 2400 2387 2467 quis
2415 2400 2701 2458 calumniis
2734 2414 2946 2461 notaret
2973 2409 3315 2475 sententiam,
3353 2418 3407 2466 et
3450 2422 3843 2484 praesumptuo-

2265 2507 2379 2545 sam
2432 2495 2866 2563 reprehenderet,
2916 2500 2961 2552 si
3008 2500 3171 2555 nullis
3216 2503 3517 2573 priscorum
3564 2504 3839 2560 fulciretur

2264 2582 2543 2638 doctorum
2593 2587 2852 2656 exemplis
2896 2591 3060 2660 :quia
3102 2592 3373 2649 multoties
3408 2594 3462 2647 in
3489 2594 3579 2647 vili
3608 2609 3833 2663 persona

2174 2731 2181 2739 ί
2263 2674 2463 2729 veritas
2493 2675 2802 2746 despicitur,
2837 2694 2962 2734 cum
2994 2680 3198 2752 [Forte,
3259 2681 3369 2755 cui]
3421 2684 3554 2738 nihil
3593 2685 3835 2755 praeferri

2262 2763 2468 2831 debuit,
2517 2766 2562 2820 si
2595 2776 2799 2822 tantum
2839 2770 2893 2823 in
2919 2771 3303 2838 quastionibus
3333 2774 3474 2828 illius
3498 2784 3837 2846 exspectaret

2256 2851 2515 2920 judicium
2546 2863 2600 2909 et
2621 2871 2731 2911 non
2753 2859 2981 2928 propria:
3005 2862 3281 2923 sententia:
3309 2863 3680 2926 defenderetur
3698 2879 3834 2941 pra:-

2264 2943 2517 3011 sumptio.

2748 3035 3082 3093 EPlSTOLA
3112 3041 3341 3095 XXVIII.

2746 3143 2817 3180 AD
2848 3143 3098 3183 IIOIEBUI
3133 3146 3335 3185 FILIUI.

2329 3208 2685 3267 Dilectissimo
2715 3213 2823 3269 ﬁiio
2855 3216 2882 3255 δ
2910 3216 3141 3274 Homero
3178 3218 3402 3275 Albinus
3439 3222 3845 3280 matricularius

2259 3298 2506 3355 salutem.

2326 3391 2435 3449 Per
2474 3394 2566 3448 Dei
2609 3397 2834 3466 gratiam
2876 3399 3149 3471 aliquanto
3185 3402 3376 3458 melius
3417 3405 3715 3471 habemus;
3752 3414 3832 3461 ta-

2257 3502 2380 3541 men
2421 3485 2652 3541 febrium
2695 3489 2974 3559 castigatio
3010 3493 3334 3560 quotidianis
3372 3495 3559 3549 diebus
3591 3512 3691 3551 nos
3725 3510 3831 3551 non
3873 3509 3878 3514 '

2258 3562 2533 3647 relinquit.
2574 3579 2765 3634 Beatus
2789 3582 2880 3649 qui
2916 3581 2968 3634 in
3003 3581 3105 3636 hoc
3144 3583 3338 3637 saeculo
3374 3583 3585 3639 labores
3617 3586 3837 3654 recipit,

2257 3677 2311 3722 et
2338 3669 2391 3722 iu
2421 3668 2605 3739 futuro
2635 3670 2871 3738 requiem
2900 3671 3134 3725 habebit.
3172 3670 3278 3726 Sed
3301 3681 3355 3726 et
3377 3674 3442 3728 de
3468 3675 3832 3730 adumnitione

2256 3765 2557 3812 vestrarum
2584 3757 2890 3811 dulcissima
2921 3758 3219 3814 litterarum
3251 3762 3452 3831 gratias
3478 3771 3671 3818 vestra!
3697 3779 3828 3833 pru-

2255 3846 2451 3902 dentia:
2477 3847 2703 3916 agimus.
2750 3846 2971 3901 Multum
2998 3849 3363 3906 desideramus
3394 3860 3446 3905 et
3483 3853 3713 3923 benigne
3741 3870 3830 3908 su-

2256 3938 2523 4007 scepimus
2548 3938 2953 3993 exhortationes
2978 3949 3169 3995 vestra:
3194 3942 3494 3999 dilectionis
3510 3985 3523 4007 ,
3556 3946 3678 4014 quia
3708 3959 3830 4014 per-

2254 4027 2393 4081 fecta
2434 4028 2699 4091 Charitas,
2740 4030 2881 4097 quod
2919 4030 3019 4084 sibi
3045 4031 3304 4099 optimum
3329 4033 3595 4102 intelligit,
3639 4034 3741 4088 hoc
3775 4041 3833 4086 et

2252 4118 2374 4170 aliis
2396 4116 2620 4170 suadere
2666 4131 2771 4169 non
2804 4118 3012 4171 desistit
3036 4134 3051 4171 :
3074 4134 3128 4174 et
3157 4122 3271 4175 ιιωο
3307 4130 3389 4175 est
3422 4121 3577 4190 plena
3615 4136 3670 4175 et
3705 4137 3830 4189 per-

2254 4206 2391 4260 fecta
2423 4205 2655 4266 dilectio,
2697 4213 2755 4259 ut
2800 4222 2903 4260 non
2952 4208 3123 4261 solum
3170 4209 3271 4262 sibi
3312 4210 3538 4278 quisque
3574 4224 3828 4279 prospera

2253 4294 2452 4364 cupiat,
2483 4294 2577 4348 sed
2601 4303 2658 4348 et
2682 4293 2903 4349 fratrum
2933 4296 3119 4350 salutis
3139 4312 3359 4362 memor,
3387 4300 3467 4353 vel
3495 4301 3674 4356 verbis
3694 4316 3831 4370 pra:-

2254 4398 2398 4446 scns,
2428 4383 2510 4436 vel
2550 4382 2744 4437 litteris
2772 4385 2965 4439 absens
2993 4386 3277 4443 admonere
3305 4404 3398 4442 eos
3426 4405 3534 4443 non
3562 4398 3755 4443 cesset.

2329 4482 2349 4509 ο
2390 4470 2621 4525 Antonio
2647 4471 2826 4541 itaque
2850 4472 2959 4527 ﬁlio
2983 4490 3119 4538 meo,
3149 4474 3303 4529 fratri
3329 4485 3526 4539 vestro,
3560 4478 3657 4532 has
3687 4478 3827 4533 litte-

2255 4578 2342 4616 ras
2371 4561 2522 4624 alias,
2561 4562 2822 4631 deprecor
2851 4572 2909 4616 ut
2935 4580 3094 4631 quam
3125 4565 3451 4628 cautissime,
3477 4566 3655 4621 clausa
3671 4569 3827 4623 char-

2257 4651 2365 4704 tula
2409 4652 2548 4706 sicut
2578 4659 2688 4714 est,
2711 4650 2968 4721 deprecor
2994 4661 3053 4706 ut
3079 4653 3309 4721 dirigas;
3339 4655 3461 4723 quia
3496 4655 3540 4709 si
3570 4657 3823 4712 discincta

2254 4742 2435 4796 veniat
2465 4742 2517 4793 in
2548 4741 2886 4808 praesentiam
2916 4741 3075 4803 illius,
3108 4742 3329 4798 vilescat
3363 4745 3501 4813 apud
3534 4761 3677 4800 eum.
3724 4745 3825 4798 Ta-

2255 4846 2377 4884 men
2404 4831 2578 4897 placet
2599 4830 2727 4885 mihi
2755 4839 2810 4884 ut
2841 4846 2907 4885 eo
2934 4833 3194 4903 dirigente
3217 4836 3406 4892 iterum
3437 4836 3618 4889 videas
3642 4834 3820 4899 illam;

2252 4916 2346 4970 sed
2386 4915 2518 4969 ﬁdes
2554 4926 2822 4983 servetur,
2868 4931 2925 4973 ut
2971 4920 3020 4974 ei
3068 4921 3243 4989 primo
3290 4921 3550 4989 dirigatur
3592 4922 3676 4975 cui
3725 4924 3824 4977 soli

2254 5005 2515 5058 mittetur.

2324 5092 2380 5145 Si
2421 5093 2619 5147 habeas
2644 5095 2667 5132 ιι
2696 5095 2948 5150 Jordanis
2980 5097 3287 5160 Historiam,
3325 5098 3493 5168 dirige
3532 5100 3658 5155 mihi
3700 5118 3822 5170 pro-

2255 5263 2448 5329 saapius
2476 5263 2621 5320 alibi.
2650 5266 2902 5336 (Froben.
2934 5270 3093 5339 epist.
3118 5268 3268 5339 215.)

2328 5342 2347 5366 ε
2382 5333 2621 5409 Alumna.
2652 5335 2983 5409 Adalhardo,
2998 5338 3083 5393 cui
3115 5338 3165 5391 in
3190 5340 3410 5409 epistola
3444 5339 3542 5395 190
3571 5342 3739 5399 suasit
3765 5352 3817 5400 ut

2253 5416 2397 5477 cum“
2411 5400 3131 5477 Homeroconsiliumineat,
3157 5400 3292 5477 quid
3322 5410 3704 5464 consulendum
3737 5426 3820 5463 cs-

2256 5478 2333 5523 srt
2362 5469 2614 5546 Bernario
2644 5472 2793 5546 fratri
2816 5474 3125 5546 Adalhardi,
3155 5469 3335 5546 Hirino
3358 5479 3424 5533 ad
3450 5481 3701 5546 palatium
3730 5494 3818 5533 vo-

2253 5546 2404 5618 i,-ato._
2430 5538 2568 5618 ρυλε·
2594 5543 2779 5618 cadem
2818 5543 3062 5618 fortassis
3091 5545 3311 5613 epistola
3345 5538 3465 5610 est;
3482 5562 3645 5618 quam
3675 5546 3821 5602 clau-

2255 5620 2366 5656 sam
2392 5607 2476 5660 hic
2502 5609 2727 5663 ﬁdeliter
2753 5611 2887 5663 tradi
2920 5613 3100 5666 voluit.

2322 5674 2621 5730 "Iordanis
2675 5678 2979 5732 Historiam.
3024 5682 3149 5737 Πιεο
3182 5694 3262 5737 est
3304 5685 3523 5737 historia
3569 5681 3816 5739 Iordanis
