4226 6230
601 343 696 400 187

593 452 767 504 tiones
795 466 888 520 pro
921 453 1070 505 vobis
1094 463 1337 520 aguntur.
1385 451 1569 504 Divina
1615 461 1663 505 te
1703 453 1896 518 ubique
1932 451 2151 503 comitc-
2178 457 2221 509 Α
2254 445 2460 514 lateque
2483 446 2704 513 populos
2727 447 2795 497 ab
2815 445 3087 497 erroribus
3114 486 3118 492 .

593 548 682 592 tur
703 539 1019 600 benedictio,
1047 540 1378 592 sanctissime
1406 539 1580 592 Pater.

1049 643 1072 667 ιι
1113 627 1438 681 ΕΡΙΞΤΟΙΛ
1477 628 1688 682 XXXII.

1175 736 1238 771 Mt
1281 735 1558 772 ITIII‘TRICII.

1190 806 1364 872 (Anno
1403 799 1548 873 796.)

591 900 900 954 Cousolutur
915 898 1200 965 inﬁrmant,
1220 907 1265 949 et
1290 907 1342 949 ut
1363 914 1415 948 se
1436 897 1502 947 ml
1523 894 1854 947 aeternitatem
1877 911 2048 962 pru'pu
2058 903 2148 955 ret,

1166 967 1328 1018 antire
1365 966 1570 1016 suadet.
1901 981 1905 985 '

660 1057 1014 1110 Dilectissimo
1041 1055 1185 1109 Patri
1221 1057 1245 1094 δ
1275 1055 1468 1107 ltherio
1495 1055 1717 1108 Albinus
1739 1055 1983 1108 salutem.

655 1145 866 1199 Gratias
900 1161 1119 1214 agamus
1153 1145 1258 1197 Deo
1285 1143 1432 1205 Jcsu,
1471 1144 1770 1196 vulnera‘nti
1805 1153 1859 1194 et
1896 1140 2149 1205 medenti,

587 1235 870 1303 llagellanti
920 1243 972 1288 et
1011 1233 1327 1287 consolanti.
1384 1233 1542 1286 Dolor
1591 1234 1832 1300 corporis
1877 1232 2020 1285 salus
2071 1240 2153 1284 est

587 1325 799 1384 animm,
842 1330 895 1376 et
932 1323 1216 1376 inﬁrmitas
1252 1321 1596 1388 temporalis,
1635 1322 1836 1373 sanitas
1874 1328 2147 1387 perpetua.

589 1410 839 1463 Libenter
867 1410 1211 1476 accipiamus,
1253 1408 1515 1476 patienter
1558 1408 1790 1460 feramus
1828 1408 2150 1460 voluntatem

589 1499 883 1552 Salvatoris
917 1499 1103 1551 nostri.
1151 1497 1256 1551 Sed
1293 1513 1433 1551 nunc
1459 1498 1562 1550 noli
1596 1499 1825 1551 tardare.
1871 1497 1976 1550 Fac
2013 1498 2152 1564 quod

589 1590 823 1641 facturus
846 1605 922 1641 es.
969 1588 1138 1641 Curre
1161 1589 1284 1640 dum
1310 1587 1480 1641 lucem
1508 1587 1672 1640 habes
1697 1586 1875 1654 (Joan.
1914 1603 2007 1646 xit,
2039 1585 2148 1652 33).

589 1675 797 1728 Festina
826 1677 890 1729 ad
915 1691 1035 1728 eum
1071 1675 1159 1742 qui
1189 1683 1346 1727 vocat
1376 1683 1445 1726 te.
1496 1674 1644 1736 Quod
1676 1674 1964 1726 necessitas
1987 1674 2151 1739 cegit,

1428 346 1484 398 li.
1529 345 1586 396 l“.
1626 344 1844 397 ALBINI
1886 342 2014 396 SL‘U
2055 338 2326 394 ALCUNI
2363 337 2643 391 OI'ERUM
2671 337 2848 389 PARS
2889 337 2925 388 l.

3715 337 3827 390 l88

3189 445 3401 498 ->ictatis
3430 447 3482 500 in
3509 447 3645 499 viam
3677 449 3827 500 veri-

2251 536 2378 587 taLis
2427 534 2661 586 deduxit.
2700 533 2883 598 Qualis
2928 534 3029 584 erit
3061 535 3111 583 tit
3145 577 3148 580 .
3190 535 3392 600 ploria,
3435 551 3466 586 (ι
3514 535 3826 590 beatissime

2257 639 2368 685 rex,
2399 623 2451 675 in
2497 622 2584 675 die
2624 632 2836 674 atteram
2878 622 3267 686 retributionis,
3308 624 3523 690 quando
3551 624 3601 674 Iri
3629 637 3828 676 omnes

2248 716 2336 782 qui
2376 729 2472 782 per
2515 723 2658 765 tuam
2698 712 2936 781 (bonam)
2967 710 3372 764 sollicitudinem
3410 712 3479 765 ab
3506 711 3822 766 idololatria:

2251 803 2458 854 cultura
2510 802 2576 854 ad
2638 801 3056 868 cognoscendum
3117 815 3301 852 verum
3347 799 3514 853 Deum
3572 815 3820 870 conversi

2250 901 2393 955 sunt,
2427 902 2476 945 te.
2517 901 2640 944 ante
2671 890 2900 943 tribunal
2943 891 3150 943 Domini
3193 892 3360 944 nostri
3386 890 3510 944 Jcsu
3533 890 3731 945 Christi
3759 891 3816 941 in

2251 981 2406 1032 beata
2447 989 2590 1033 sorte
2622 988 2850 1032 stantem
2887 980 3217 1046 sequentur?
3251 979 3319 1032 Et
3349 995 3416 1033 ex
3455 979 3539 1033 his
3571 979 3820 1033 omnibus

2253 1078 2518 1138 perpetum
2563 1069 2902 1122 beatitudinis
2932 1084 3139 1122 merces
3173 1078 3417 1138 augetur.
3452 1070 3590 1123 Ecce
3616 1079 3816 1138 quanta

2251 1158 2533 1212 devotion:
2596 1167 2649 1211 et
2699 1158 3023 1226 benignitate
3071 1173 3168 1226 pro
3223 1159 3532 1212 dilatatione
3584 1159 3816 1212 nominis

2252 1246 2474 1310 Christi,
2502 1247 2752 1300 duritiam
2797 1234 3022 1299 iht‘elitis
3043 1247 3219 1314 populi
3249 1246 3517 1300 Saxonum
3555 1260 3650 1314 per
3675 1261 3836 1314 verae.

2252 1336 2442 1389 salutis
2471 1336 2750 1389 consilium
2788 1335 3007 1387 cmolire
3041 1335 3311 1388 laborasti.
3341 1335 3448 1389 Sed
3475 1336 3600 1402 quia
3627 1335 3819 1387 electio

2253 1423 2480 1476 necdum
2522 1424 2574 1476 in
2604 1423 2706 1476 illis
2729 1421 2909 1475 diviaa
2935 1421 3100 1475 fuisse
3141 1421 3373 1485 videtur,
3405 1428 3682 1475 remanent
3712 1422 3816 1473 hu~

2253 1528 2454 1580 eusque
2484 1512 2633 1564 multi
2665 1529 2730 1565 ex
2771 1512 2874 1564 illis
2901 1526 3021 1564 cum
3057 1511 3266 1565 diabolo
3298 1511 3584 1565 damnandi
3619 1513 3672 1566 in
3698 1526 3818 1565 sor-

2256 1603 2411 1656 dibus
2453 1603 2850 1656 consuetudinis
2884 1603 3144 1670 pessimze.
3188 1603 3354 1656 Tuam
3383 1612 3581 1668 tamen,
3607 1620 3642 1658 o
3679 1605 3821 1658 veri-

2258 1693 2384 1746 tatis
2427 1701 2480 1744 et
2509 1691 2695 1745 salutis
2719 1693 3008 1744 multorum
3034 1701 3259 1755 amator,
3291 1692 3548 1760 0pzimam
3584 1693 3822 1745 volunta-

589 1765 831 1816 voluntas
867 1762 1173 1852 praeveniat.
1217 1760 1346 1814 Esto
1382 1761 1556 1852 scriba
1593 1760 1818 1852 sapiens,
1845 1759 2155 1852 negotiator
2188 1787 2229 1844 Β
2262 1793 2366 1836 mm
2422 1782 2626 1849 majore
2681 1783 2848 1852 gloria
2896 1793 2952 1835 οι
3001 1782 3156 1836 laude
3207 1759 3422 1835 Christo
3482 1798 3824 1838 remunerare

591 1852 779 1906 ﬁdelis.
826 1851 1001 1906 Venle
1023 1860 1256 1914 terrena,
1281 1865 1400 1903 cme
1427 1850 1685 1904 cmlestia.
1723 1848 1858 1915 Quid
1884 1858 2155 1918 spectatur

589 1942 692 1994 dici
735 1941 955 1994 crastini
1004 1939 1361 1993 incertitudo?
1395 1939 1508 1993 Non
1554 1940 1624 1992 sit
1673 1939 1856 1992 dilatio
1892 1941 1942 1991 in
1987 1939 2158 1993 salute

589 2034 801 2085 animae.
853 2030 1004 2096 Quod
1052 2030 1230 2082 animo
1280 2030 1578 2098 cogitatur,
1621 2042 1780 2096 opere
1825 2029 2154 2095 perﬁciatur.

589 2123 741 2186 Quod
779 2122 1060 2176 inﬁrmitas
1098 2120 1322 2189 optavit,
1361 2120 1563 2174 sanitas
1600 2129 1835 2189 peragat.
1878 2119 2053 2172 Testis
2077 2129 2158 2173 est

589 2213 683 2280 qui
701 2213 878 2264 omnia
903 2212 1049 2270 novit
1074 2211 1176 2265 mei
1199 2212 1530 2274 cordis,vhoe
1553 2210 1706 2278 plena
1734 2210 1996 2264 charitate
2024 2219 2076 2263 et
2102 2211 2160 2263 ﬁ-

589 2299 693 2354 deli
723 2300 827 2370 37
849 2301 1070 2354 consilio
1083 2315 1167 2354 me
1180 2299 1425 2354 suadere.
1451 2299 1573 2354 Scio
1590 2309 1864 2368 mepostte
1879 2301 1930 2354 in
1945 2301 2058 2354 loco
2073 2310 2164 2354 tuo

593 2391 753 2443 talem
786 2406 888 2442 non
924 2390 1116 2444 habere
1140 2390 1388 2443 amicum.
1426 2389 1528 2443 Sed
1563 2390 1729 2457 magis
1765 2399 1814 2443 te
1840 2390 1994 2444 velim
2029 2393 2160 2446 anti—

591 2491 715 2530 cnm
747 2477 942 2530 habere
971 2477 1023 2528 in
1065 2477 1266 2530 honore
1303 2487 1703 2545 permanentem
1743 2494 1902 2546 quam
1933 2495 2158 2546 pereun-

592 2571 720 2628 tem,
753 2573 805 2616 οι
835 2564 1242 2617 intercessorem
1268 2565 1404 2631 apud
1428 2565 1592 2618 Deum
1618 2567 1846 2635 gaudere
1868 2583 2028 2634 quam
2055 2568 2159 2620 lar-

591 2656 818 2724 gitorem
843 2656 893 2706 in
916 2654 1126 2707 secula.
1167 2655 1384 2709 Petatur
1403 2671 1431 2707 a
1455 2654 1564 2710 Deo
1585 2656 1859 2721 auxilium,
1885 2665 1942 2710 ut
1961 2658 2160 2711 amico-

565 2799 572 2804 _
593 2759 712 2796 rum
733 2742 1011 2795 conﬁrmet
1033 2743 1336 2807 consilium,
1357 2752 1410 2798 et
1433 2744 1544 2798 suis
1562 2745 1664 2799 iter
1682 2745 1866 2799 salutis
1895 2747 2156 2809 ostendat,

591 2841 648 2886 et
671 2833 865 2902 dirigat
896 2834 947 2885 in
985 2833 1120 2884 viam
1160 2833 1326 2900 pacis,
1368 2850 1502 2900 quos
1531 2835 1746 2904 proprio
1777 2835 2000 2889 redemit
2037 2851 2162 2888 san-

595 2923 773 2990 guine.
815 2921 950 2975 Ecce
973 2921 1112 2989 quali
1142 2922 1315 2989 pretio
1335 2923 1499 2990 empti
1521 2925 1741 2977 sumus!
1783 2922 1897 2976 Non
1919 2939 2160 2976 amemus

594 3030 657 3067 ea
686 3029 804 3081 qua:
830 3030 928 3067 nos
957 3022 1205 3080 separant
1230 3014 1296 3064 ab
1322 3028 1387 3065 eo
1415 3014 1504 3080 qui
1531 3028 1629 3066 nos
1654 3026 1823 3081 usque
1844 3013 1908 3065 ad
1931 3023 2156 3066 mortem

2259 1871 2474 1938 placuit.
2498 1869 2694 1923 Gentes
2715 1869 3040 1938 populosque
3067 1869 3340 1922 llunorum
3363 1870 3582 1938 antiqua
3607 1870 3824 1924 feritate

2257 1969 2312 2012 et
2340 1956 2652 2012 fortitudine
2691 1958 3073 2022 formidabiles,
3104 1959 3209 2012 tuis
3237 1973 3333 2031 suo
3374 1957 3588 2029 [honori
3627 1960 3821 2029 (Edil.,

2260 2051 2482 2120 honore)
2510 2049 2526 2120 ]
2555 2041 2906 2102 militantibus
2934 2049 3168 2103 subdidit
3193 2050 3418 2117 sceptris
3447 2065 3461 2101 :
3493 2051 3824 2118 praivenien-

2258 2150 2417 2209 teque
2446 2141 2617 2209 gratia
2647 2141 2782 2194 colla
2819 2141 2908 2193 diu
2935 2140 3312 2209 superbissima
3347 2156 3513 2194 sacra:
3547 2141 3666 2193 ﬁdei
3695 2140 3824 2208 jugo

2260 2231 2525 2293 devinxit,
2560 2240 2614 2282 et
2641 2229 2796 2282 Ctl‘t'is
2831 2230 2897 2282 ab
2932 2229 3150 2296 antiquo
3179 2236 3418 2298 tempore
3446 2229 3712 2285 mentibus
3743 2231 3823 2284 lu-

2261 2335 2380 2372 men
2413 2319 2656 2372 veritatis
2680 2317 2888 2372 infudit.

2327 2416 2352 2455 d
2387 2419 2490 2471 Sed
2533 2433 2670 2470 nunc
2712 2417 3000 2485 prmvideat
3035 2417 3426 2486 sapientissima
3470 2427 3524 2471 et
3566 2391 3823 2484 Deo’pla-

2260 2509 2446 2562 cabilis
2473 2508 2684 2561 devotio
2722 2517 2897 2561 vestra
2938 2509 3054 2576 pios
3084 2509 3276 2578 populo
3320 2510 3528 2564 novello
3575 2509 3827 2577 prmdiea-

2266 2607 2429 2657 tores,
2463 2597 2702 2649 moribus
2722 2597 2990 2656 honestos,
3017 2599 3238 2650 scicntia
3261 2613 3425 2654 sacra:
3452 2598 3572 2651 ﬁdei
3603 2599 3820 2652 edoctus

2260 2693 2314 2737 et
2337 2684 2656 2754 evangelicis
2684 2685 2963 2754 prteccptis
2992 2685 3221 2752 imbutos
3247 2704 3258 2735 ;
3285 2693 3590 2738 sanctorum
3615 2700 3826 2753 quoque

2259 2774 2620 2842 apostolorum
2661 2781 2712 2825 et
2744 2772 3122 2839 pnedicatione
3148 2773 3294 2826 verbi
3333 2773 3426 2826 Dei
3454 2772 3709 2842 exemplis
3740 2774 3822 2826 in—

2260 2869 2456 2922 tentos,
2499 2861 2590 2928 qui
2621 2859 2721 2924 lac,
2752 2859 2905 2912 idest
2944 2861 3125 2913 suavia
3153 2870 3437 2930 ptaeccpta,
3468 2863 3580 2914 suis
3621 2864 3826 2916 audito—

2261 2948 2408 3002 ribus
2433 2949 2486 3001 in
2522 2949 2676 3001 initio
2707 2948 2827 3001 ﬁdei
2849 2949 3154 3003 ministrare
3177 2950 3438 3014 solebant,
3469 2951 3677 3004 dicente
3699 2967 3824 3019 apo-

2259 3037 2396 3090 stolo
2427 3037 2592 3090 Paulo
2632 3051 2645 3088 :
2684 3035 2750 3087 Et
2774 3053 2893 3132 Ego,
2922 3035 3140 3103 fratres,
3181 3053 3281 3088 non
3319 3039 3462 3105 potui
3508 3038 3646 3090 vobis
3683 3038 3824 3110 loqu;

597 3116 708 3196 ⁵9³
732 3101 911 3196 θπηίξ
937 3099 1140 3153 δίιελίί’
1183 3099 1445 3196 “Primos
1470 3101 1584 3196 die?
1612 3101 1966 3196 δπθυίθ-δδίίδ
1989 3102 2156 3156 εθΓνί·
2185 3115 2230 3176 C
2257 3125 2406 3193 quasi
2435 3099 2884 3192 spiritalibus,’s’ed
2909 3099 3387 3192 ouasicarnaibus.
3417 3125 3683 3195 Tanquam
3703 3099 3825 3196 per:

598 3192 770 3243 vimus
796 3208 807 3242 :
833 3190 912 3244 vel
943 3191 1251 3258 paucos.qui
1280 3199 1484 3245 restant
1522 3191 1763 3246 vivamus
1800 3192 1912 3246 Deo
1950 3201 2158 3254 nostro,

599 3287 657 3330 ιιι
698 3277 842 3347 digni
879 3276 1167 3332 elliciamur
1212 3277 1402 3331 facient
1451 3280 1592 3334 illius
1631 3278 1938 3347 videre'qui
1981 3279 2158 3332 dixit:

599 3367 746 3419 Beati
794 3366 986 3418 ntuudo
1035 3365 1209 3430 corde,
1264 3369 1507 3436 quoniam
1560 3369 1657 3436 ipsi
1710 3360 1871 3420 Deum
1925 3369 2163 3421 videbunt

501 3453 521 3462 '
598 3457 812 3525 (.llatth.
842 3473 894 3520 γ,
922 3455 997 3526 8).
1032 3456 1208 3511 Lzetus
1237 3457 1371 3527 lege,
1399 3468 1451 3511 et
1482 3467 1791 3512 constanter
1815 3459 2018 3527 incipe;
2049 3458 2164 3516 fcli-

596 3549 731 3600 eiter
754 3547 970 3615 perﬁce,
995 3557 1047 3601 ct
1075 3549 1144 3602 sit
1170 3547 1425 3603 Dominus
1453 3558 1627 3602 tecum
1661 3550 1714 3601 in
1743 3557 2020 3603 aeternum.

1014 3652 1072 3710 ,ε
1116 3639 1445 3695 EPISTOLA
1486 3639 1718 3693 XXXIII.

1122 3748 1187 3783 AD
1213 3747 1424 3784 DOMNUM
1458 3746 1650 3782 REGI-JH.

1213 3819 1388 3888 (Anno
1411 3818 1558 3887 796.)

601 3908 912 3966 Cratttlatttr
931 3912 994 3964 de
1034 3911 1346 3979 subjectione
1377 3908 1687 3962 Hunnorum
1706 3948 1720 3972 ,
1744 3920 1790 3961 et
1817 3907 2042 3976 qualiter
2068 3908 2164 3979 do-

669 3981 957 4100 cendidsint
1015 3982 1068 4032 in
1118 3975 1241 4047 ﬁde,
1289 3991 1356 4042 ct,
1405 3979 1519 4047 quis
1575 3979 1700 4030 ordo
1747 3975 2160 4038 sitiserraudus,

673 4060 814 4100 osten
857 4059 914 4100 ιι.

673 4060 914 4102 ostendit.

674 4140 896 4192 Domino
916 4138 1359 4191 excellentissimo
1392 4146 1445 4191 et
1480 4137 1530 4190 in
1560 4137 1704 4191 omni
1730 4137 1927 4191 Christi
1963 4139 2164 4191 honore

603 4229 942 4282 devotissimo
963 4229 1156 4281 Camlo
1179 4229 1288 4297 regi
1315 4227 1636 4290 Germanite,
1671 4227 1855 4280 Gallize
1879 4212 2036 4294 atque
2063 4226 2164 4278 Ita-

607 4318 707 4377 Ιὶω,
737 4325 790 4368 et
830 4317 1026 4368 sanctis
1057 4317 1201 4369 verbi
1232 4315 1689 4384 prxdicatoribus,
1718 4315 1932 4368 humilis
1964 4323 2164 4370 sanctae

607 4406 794 4459 matris
839 4404 1087 4459 Ecclesia:
1133 4405 1326 4459 ﬁliolus
1372 4405 1595 4458 Albinus
1644 4401 2077 4473 :eternze’gloriaa
2111 4403 2163 4456 in

605 4501 818 4553 Christo
847 4499 1091 4552 salutem.

677 4586 859 4639 Gloria
888 4596 942 4639 et
984 4588 1098 4640 laus
1127 4586 1233 4639 Deo
1270 4587 1412 4639 Patri
1456 4595 1508 4640 et
1555 4587 1780 4639 Domino
1820 4593 2000 4640 nostro
2041 4585 2168 4640 Jesu

605 4673 847 4737 Christo;
887 4673 1009 4741 quia
1038 4674 1089 4726 in
1113 4674 1282 4742 gratia
1323 4673 1488 4727 sancti
1523 4672 1774 4743 Spiritus,
1805 4688 1902 4741 per
1927 4674 2168 4729 devotio-

612 4782 732 4820 nem
760 4775 812 4818 et
842 4766 1193 4819 ministerium
1228 4775 1425 4820 sancta:
1450 4766 1571 4819 ﬁdei
1607 4775 1660 4819 et
1686 4767 1836 4819 bona:
1863 4766 2172 4832 voluntatis,

607 4865 800 4908 vestra:
825 4855 1244 4909 Christianitatis
1278 4871 1495 4924 regnum
1524 4863 1681 4923 atque
1714 4855 2035 4922 agnitionem
2062 4855 2172 4908 veri

611 4944 762 5015 (Cod.
799 4942 932 5005 Sul.,
980 4943 1150 5014 verbi]
1183 4945 1273 4998 Dei
1324 4945 1597 5008 dilatavit,
1625 4953 1679 5000 et
1721 4944 1982 5014 plurimos
2018 4943 2176 5011 longe

683 5130 706 5156 ει
749 5118 790 5186 E
812 5118 888 5170 lit.
916 5118 1162 5183 Quercet.
1207 5117 1292 5179 75,
1319 5117 1496 5172 Canis.
1527 5119 1594 5172 40
1625 5117 1879 5186 (Froben.
1908 5116 2023 5186 ‘37).

684 5187 711 5223 lt
750 5185 963 5238 ltherio.
991 5188 1290 5242 Monasterii
1317 5185 1644 5242 Turonensis
1665 5187 1864 5247 abbati,
1890 5185 2047 5252 quem
2073 5186 2172 5239 hac

611 5255 834 5326 epistola
872 5256 923 5307 in
948 5267 1203 5326 extremo
1243 5273 1412 5326 agone
1458 5257 1764 5311 consolatur
1806 5264 1859 5306 et
1909 5255 2170 5326 accendit.

611 5324 757 5378 Obiit
782 5341 920 5377 anno
947 5324 1064 5386 796,
1087 5342 1190 5393 quo
1214 5321 1466 5378 Alcninns
1495 5327 1566 5378 illi
1591 5327 1643 5378 in
1670 5326 1926 5394 regimine
1944 5321 2176 5391 ejusdem

616 5394 924 5514 morltasterii
942 5394 1433 5514 fgfcessitthlabill.
1451 5396 1565 5447 Act.
1594 5395 1698 5447 SS.
1720 5393 1931 5456 Beued.,
1953 5407 2077 5447 sate.
2103 5409 2176 5456 tv,

616 5477 710 5514 oar
740 5502 753 5514 .
786 5478 823 5514 ι.
855 5477 908 5514 n.
1047 5501 1060 5514 .

614 5473 753 5530 part.
786 5478 823 5523 ι,
855 5477 908 5530 p.
942 5473 1060 5514 tit.

689 5543 711 5568 ε
753 5531 891 5584 Edit.
923 5532 1165 5596 Quercet.
1187 5532 1249 5596 7;
1276 5548 1341 5586 ex
1367 5549 1467 5586 ms.
1505 5531 2021 5600 emendataaliquot
2049 5530 2180 5583 locis

618 5615 681 5670 ex
725 5601 842 5652 cod.
893 5595 989 5653 ms.
1040 5595 1258 5664 Salisb.,
1294 5602 1344 5655 in
1390 5616 1498 5670 quo
1544 5595 1686 5670 hunc
1713 5600 1871 5670 habet
1910 5595 2126 5652 titulum
2161 5617 2173 5651 :

622 5669 861 5722 Dictattts
901 5670 1071 5722 :llbim'
1102 5673 1377 5740 magistri;
1409 5668 1577 5740 quem
1613 5668 1685 5722 ibi
1714 5669 2018 5722 immediate
2042 5685 2179 5737 pra:—

2261 3213 2390 3266 tvulis
2432 3214 2486 3264 in
2532 3211 2736 3265 Christo
2771 3211 2852 3264 luc
2882 3213 3019 3266 vobis
3064 3225 3241 3284 potum
3285 3216 3424 3280 dedi,
3477 3232 3581 3268 non
3631 3233 3823 3271 escam.

2264 3302 2509 3355 Nondum
2531 3304 2665 3356 enim
2690 3303 2959 3372 poteratis,
2994 3303 3084 3357 sed
3133 3305 3349 3357 necdum
3385 3306 3595 3374 potestis
3623 3306 3672 3377 (Ι
3700 3305 3819 3359 Cor.

2261 3409 2346 3458 tu,
2374 3394 2419 3457 l,
2450 3394 2525 3464 2).
2555 3395 2666 3449 Hoc
2693 3395 2834 3449 enim
2856 3399 3020 3449 totius
3045 3396 3225 3448 mundi
3253 3396 3590 3465 prmdicator,
3615 3397 3827 3453 Christo

2264 3482 2401 3537 inse
2444 3484 2715 3551 loquente,
2741 3484 3094 3551 signiﬁcavit,
3136 3493 3194 3538 ut
3241 3502 3376 3540 nova
3414 3488 3728 3556 populorum
3759 3489 3823 3541 ad
3861 3475 3866 3478 ’
3927 3503 3936 3510 ·

2265 3573 2424 3626 ﬁdem
2451 3573 2730 3626 conversio
2759 3573 3090 3628 mollioribus
3125 3573 3444 3645 (praeceptis)
3477 3577 3629 3645 quasi
3662 3576 3827 3629 infan-

2265 3664 2371 3717 tilis
2407 3672 2537 3718 tetas
2581 3663 2718 3718 laete
2757 3673 2901 3719 esset
2945 3663 3226 3718 nutrienda
3259 3679 3273 3716 :
3302 3681 3369 3718 ne
3402 3681 3498 3733 per
3535 3667 3825 3720 austeriora

2261 3755 2372 3824 38
2403 3763 2666 3823 przeeepta
2694 3754 2895 3822 fragilis
2917 3768 3066 3806 mens
3092 3763 3302 3806 evomat
3329 3753 3470 3821 quod
3497 3755 3651 3808 bibit.
3679 3755 3828 3810 Unde

2242 3851 2315 3896 .et
2347 3846 2460 3912 ipse
2490 3842 2745 3895 Dominus
2767 3842 3012 3895 Christus
3035 3841 3088 3894 in
3122 3842 3410 3910 Evangelia
3441 3844 3713 3912 respondit
3751 3845 3826 3897 in-

2264 3934 2656 4003 terrogantibus
2675 3948 2753 3997 se,
2775 3948 2941 4002 quare
2963 3933 3206 4002 discipuli
3224 3933 3362 3988 illius
3383 3948 3487 3987 non
3504 3933 3824 4001 jejunarent,

2263 4025 2446 4078 dicens
2484 4041 2496 4075 :
2533 4023 2699 4075 Nemo
2729 4024 2884 4076 mittit
2925 4024 3096 4075 vinum
3127 4039 3311 4075 uorum
3341 4024 3397 4075 in
3425 4033 3566 4075 utres
3608 4032 3824 4084 veteres;

2264 4114 2494 4183 alioquin
2522 4120 2661 4163 utres
2698 4121 3007 4178 rumpuntur
3033 4120 3080 4162 et
3111 4111 3280 4162 viuum
3305 4109 3603 4176 eﬂ'undetur
3623 4120 3669 4163 et
3694 4120 3827 4170 utre;

2264 4202 2498 4270 peribunt
2543 4198 2755 4267 (Matth.
2790 4214 2879 4262 ix,
2922 4198 3030 4266 l7).
3058 4197 3174 4250 Alia
3203 4205 3283 4249 est
3311 4198 3489 4260 enim,
3538 4205 3596 4250 ut
3646 4199 3827 4252 beatus

2266 4292 2618 4358 Hieronymus
2656 4289 2803 4350 dicit,
2831 4288 3038 4356 put-itas
3072 4285 3345 4357 virginalis
3373 4287 3564 4342 animae
3603 4298 3658 4342 et
3689 4288 3826 4342 nulla

2270 4380 2461 4449 prioris
2489 4378 2602 4430 vitii
2628 4378 2943 4444 contagione
2974 4377 3198 4446 polluta,
3237 4386 3292 4431 et
3313 4377 3415 4430 alia
3441 4393 3562 4446 qua:
3585 4379 3838 4434 sordibus.

2203 4446 2248 4504 θ
2271 4446 2324 4526 et
2352 4471 2638 4525 multorum
2671 4470 2872 4524 libidini
2897 4469 3240 4537 subiacuerit.

2339 4563 2431 4617 His
2455 4563 2529 4616 ita
2559 4562 2940 4622 consideratis,
2970 4569 3145 4613 vestra
3181 4559 3513 4613 sanctissima
3547 4560 3718 4628 pietas
3750 4575 3832 4612 sa-
3890 4569 3892 4573 '

2267 4653 2430 4722 pienti
2453 4652 2673 4705 consilio
2695 4651 3004 4717 pnevideat,
3032 4650 3080 4701 si
3109 4648 3298 4702 melius
3327 4649 3396 4702 sit
3426 4650 3644 4703 rudibus
3664 4664 3829 4717 popu-

2272 4745 2338 4798 lis
2379 4745 2430 4796 in
2453 4742 2714 4811 principio
2743 4741 2863 4794 fidei
2891 4740 3076 4810 jngutn
3102 4742 3373 4809 imponere
3402 4742 3752 4804 decimarum,
3777 4751 3832 4792 ut

2271 4833 2426 4902 plena
2470 4832 2563 4884 ﬁat
2600 4846 2694 4901 per
2721 4831 2954 4899 singulas
3000 4832 3187 4885 domus
3233 4832 3439 4887 exactio
3486 4831 3696 4882 illarum
3725 4848 3736 4881 :
3765 4846 3829 4882 an

2279 4922 2501 4992 apostoli
2529 4936 2738 4991 quoque
2760 4921 2827 4974 ab
2848 4920 2960 4988 ipso
2983 4919 3092 4974 Deo
3112 4921 3323 4974 Christo
3343 4919 3514 4973 edocti
3539 4927 3591 4971 et
3611 4917 3678 4973 ad
3702 4934 3833 4986 pra:-

2276 5114 2662 5182 ceditejusdem
2686 5114 3007 5182 argumenti,
3029 5109 3490 5182 Dictatusl’aulini
3503 5112 3828 5182 patriarcha,

2457 5179 2917 5304 edittiéglreperies
2947 5184 3084 5234 inter
3107 5179 3341 5233 Concilia
3381 5179 3440 5230 D.
3472 5179 3640 5234 Mansi
3662 5221 3673 5241 ,
3702 5189 3829 5234 tom.

2401 5291 2415 5304 .
2447 5267 2569 5304 nae.
2707 5291 2717 5302 .
3729 5303 3733 5304 ν

2279 5252 2415 5313 Xlll,
2447 5267 2569 5313 pae.
2597 5252 2717 5304 921.
3726 5303 3733 5309 ,

2519 5268 2569 5302 "o
2597 5268 2614 5284 ι
2707 5291 2717 5302 ι

2349 5268 2708 5373 il’s'iit’niric'.
2749 5321 2947 5388 Nempe
2983 5325 3261 5388 postquam
3295 5334 3311 5365 ι
3357 5315 3496 5372 Deus
3521 5303 3828 5388 Hunnorum

2349 5389 2498 5457 pulos
2523 5390 2698 5444 Caroli
2727 5386 2951 5457 sceptris
3001 5386 3235 5457 subdidit
3277 5395 3330 5438 et
3373 5387 3834 5457 cmcisgmentjbus

2301 5454 2455 5511 amen
2496 5460 2737 5512 veritatis.
2781 5454 3000 5517 infudit,
3041 5476 3058 5506 ι
3102 5455 3203 5508 hoe
3230 5462 3330 5522 est,
3369 5471 3506 5509 anno
3533 5455 3654 5512 796.
3701 5454 3829 5508 Data

2280 5527 2442 5596 igitur
2471 5529 2581 5581 haec
2609 5526 2831 5595 epistola
2866 5540 3003 5596 anno
3005 5525 3247 5596 “eodem;
3283 5540 3380 5596 nec
3409 5526 3650 5596 ratio_e‘s_t
3691 5522 3826 5596 illam

2281 5591 2400 5649 dum
2433 5597 2595 5665 Pagto
2623 5591 2677 5649 et
2702 5596 2912 5649 Cointio
2934 5592 3301 5665 Adiﬁ'erendiad
3333 5607 3527 5665 annum
3552 5591 3671 5645 79S.
3707 5591 3822 5646 Vid.

2281 5667 2440 5720 etiam
2469 5660 2601 5718 in'fra
2629 5665 2904 5732 epistolam
2931 5663 2990 5717 ’51
3026 5665 3187 5731 (nunc
3212 5661 3300 5730 56)
3321 5663 3384 5714 ad
3413 5660 3700 5716 Arnonem.

3861 6145 3870 6151 __
3883 6121 4030 6154 ius-
4039 6121 4149 6150 με
