4226 6220
418 333 511 389 lilii

1829 326 2199 383 EPISTOLJ-I.

3539 325 3640 381 ιθο

413 447 693 502 dicandum
718 443 920 497 mundo
958 440 1102 496 missi
1128 440 1432 495 exactiones
1453 439 1780 493 decimarum
1810 449 1835 476 ι
1871 451 1968 490 ex—
1997 438 2042 495 Α
2137 434 2303 503 igitur
2330 432 2418 486 ille
2432 433 2583 497 ordo,
2614 434 2668 486 in
2695 434 2930 487 docendo
2947 434 3121 487 virum
3143 440 3299 486 actate
3321 429 3643 500 perfectum,

416 536 667 604 egissent,
697 532 781 584 vel
812 528 1004 584 alicubi
1027 528 1435 581 demandassent
1458 526 1592 588 dari,
1622 523 1970 579 consideran-
2018 540 2021 543 ‘

420 626 540 678 dum
564 630 667 675 est.
714 619 928 672 Scimus
952 617 1074 691 quia
1094 614 1380 668 decimatio
1421 612 1733 668 subsuntia:
1773 617 1973 664 nostrae

419 711 566 764 valde
592 711 733 763 bona
761 715 863 760 est.
894 704 997 758 Sed
1020 703 1210 757 melius
1246 711 1329 756 est
1356 701 1500 756 illam
1532 702 1779 753 amittere
1813 712 1974 767 quam

420 802 577 854 ﬁdem
601 797 841 867 perdere.
886 793 994 847 Nos
1020 806 1147 846 vero
1189 791 1241 844 in
1267 791 1371 845 ﬁde
1395 789 1657 844 catholica
1687 789 1797 841 nati
1821 828 1836 852 ,
1879 802 1976 839 nu-

423 888 612 941 triti‘et
636 885 810 940 edocti
834 885 919 936 vix
944 881 1305 947 consentimus
1349 878 1702 933 substantiam
1733 884 1972 930 nostram

424 978 647 1047 pleniter
684 975 970 1029 decimare.
1001 970 1209 1036 Quanto
1240 969 1411 1038 magis
1447 976 1630 1031 tenera
1658 966 1787 1018 ﬁdes
1817 972 1871 1017 et
1895 964 1977 1016 in-

422 1067 619 1120 fantilis
641 1065 853 1118 animus
876 1103 891 1128 ,
918 1070 973 1115 et
1002 1074 1161 1113 avara
1188 1073 1338 1112 mens
1376 1056 1584 1109 illarum
1610 1054 1842 1123 largitati
1868 1067 1973 1105 non

423 1154 726 1211 consentit?
753 1152 1024 1205 Roborata
1046 1164 1171 1202 vero
1197 1146 1318 1211 ﬁde,
1343 1155 1396 1200 et
1418 1144 1733 1199 conﬁrmata
1754 1156 1979 1196 consue—

420 1244 602 1297 tudine
626 1238 1045 1296 Christianitatis
1061 1277 1075 1299 ,
1112 1245 1236 1291 tunc
1263 1236 1415 1305 quasi
1441 1235 1571 1288 viris
1590 1233 1840 1301 perfectis
1864 1232 1974 1285 for-

422 1337 556 1389 tiora
606 1332 776 1387 danda
806 1338 929 1384 sunt
974 1335 1258 1396 praecepta,
1310 1340 1429 1393 qua:
1487 1322 1732 1394 [solidata
1779 1321 1974 1391 (Edit.,

422 1422 609 1489 solida)
637 1420 655 1490 ]
692 1433 839 1473 mens
862 1416 1117 1485 religione
1141 1414 1440 1468 Christiana
1464 1427 1566 1464 non
1598 1412 1904 1463 abhorreat.

486 1510 615 1563 Illud
647 1522 854 1576 quoque
887 1506 1116 1559 maxima
1164 1501 1610 1586 considerandum
1640 1507 1723 1553 est
1754 1498 1979 1566 diligen-

424 1602 513 1665 tia,
543 1609 601 1653 ut
625 1599 868 1653 ordinate
890 1597 979 1650 ﬁat
1004 1594 1395 1664 pnedicationis
1422 1592 1653 1646 ollicium
1673 1632 1688 1655 ,
1714 1599 1770 1646 et
1798 1591 1974 1661 bapti-

421 1694 517 1747 smi
543 1697 933 1745 sacramentum
972 1705 985 1738 :
1024 1702 1091 1740 ne
1126 1686 1257 1740 nihil
1280 1684 1450 1753 prosit
1475 1684 1613 1738 sacri
1639 1683 1838 1737 ablutio
1879 1684 1973 1736 ba-

2074 524 2384 591 diligenter,
2410 529 2471 575 ut
2498 523 2759 582 arbitror,
2790 522 3085 577 servandus
3112 532 3195 576 est
3219 562 3232 585 ,
3272 535 3430 589 quem
3456 521 3647 577 beatus

2073 610 2402 681 Augustinus
2427 610 2696 663 ordinavit
2716 611 2770 662 in
2799 610 2936 663 libro
2952 611 3036 664 cui
3059 612 3134 678 De
3157 609 3546 663 catechizandis
3560 626 3649 665 m-

2076 701 2233 755 dibus
2262 700 2473 753 titulum
2509 700 2847 766 prmnotavit.
2874 698 3029 752 Prius
3064 700 3410 753 instruendus
3441 706 3525 752 est
3551 700 3647 755 ho-

2076 804 2164 842 mo
2186 789 2251 841 de
2278 788 2922 850 animmimmortalitate,
2956 797 3009 841 ct
3035 788 3099 841 de
3137 790 3243 841 vita
3280 787 3481 852 futura,
3502 796 3558 842 et
3580 788 3646 843 de

2076 878 2428 930 retributione
2455 878 2715 937 bonorum
2756 878 3146 945 malorumque,
3178 888 3234 931 et
3262 878 3327 932 de
3350 877 3647 931 aeternitate

2074 965 2354 1033 utriusque
2383 966 2561 1018 sortis.
2588 963 2779 1018 Postea
2800 980 2897 1034 pro
2922 967 3114 1033 quibus
3136 967 3373 1032 peccatis
3405 974 3458 1019 et
3484 966 3648 1020 scele-

2076 1056 2222 1108 riitus
2262 1070 2450 1122 poenas
2479 1070 2601 1107 eum
2631 1054 2842 1108 diabolo
2884 1055 3120 1122 patiatur
3164 1062 3427 1119 mtet‘nas;
3467 1063 3520 1109 ct
3548 1071 3648 1123 pro

2077 1144 2272 1211 quibus
2296 1142 2448 1196 bonis
2477 1142 2558 1194 vel
2588 1140 2883 1217 benefactis
2907 1142 3075 1211 gloria
3111 1158 3233 1196 cum
3259 1142 3474 1196 Christo
3500 1142 3647 1196 frua-

2078 1244 2167 1287 tur
2207 1233 2551 1301 sempiterna.
2584 1232 2784 1286 Deinde
2811 1234 2942 1285 ﬁdes
2974 1241 3173 1285 sanctae
3202 1233 3484 1285 Trinitatis
3525 1233 3648 1286 dili-

2075 1322 2387 1391 gentissime
2420 1322 2658 1377 docenda
2692 1331 2796 1386 est,
2831 1331 2885 1376 et
2928 1323 3188 1376 adventus
3212 1339 3310 1391 pro
3354 1320 3525 1381 salute
3549 1325 3648 1377 hu—

2076 1412 2219 1463 mani
2256 1412 2469 1479 generis
2493 1410 2611 1463 Filii
2642 1412 2731 1464 Dei
2774 1412 2985 1464 Domini
3016 1413 3185 1465 nostri
3215 1412 3342 1467 Jesu
3376 1412 3571 1468 Christi
3599 1414 3650 1467 in

2076 1503 2218 1557 hunc
2237 1502 2489 1554 mundum
2515 1499 2879 1570 cxponcndus.
2918 1502 2984 1553 Et
3010 1502 3075 1554 de
3102 1504 3362 1571 mysterio
3385 1504 3652 1572 passionis

2076 1594 2236 1657 illius,
2268 1602 2320 1646 et
2349 1594 2577 1647 veritate
2602 1593 3013 1647 resurrectionis
3042 1603 3094 1645 et
3125 1593 3290 1662 gloria
3314 1594 3646 1648 ascensionis

2080 1684 2131 1735 iu
2156 1681 2339 1745 cmlos,
2370 1692 2423 1736 et
2446 1681 2625 1735 futuro
2646 1680 2762 1748 ejus
2785 1681 3014 1735 adventu
3043 1680 3106 1733 ad
3129 1679 3444 1747 iudicandas
3465 1696 3653 1734 omnes

421 1780 599 1850 ptismi
644 1779 697 1830 in
727 1791 967 1844 corpore,
999 1775 1043 1828 si
1075 1775 1128 1826 in
1154 1773 1330 1825 anima
1361 1772 1565 1825 ratione
1592 1771 1758 1823 utenti
1800 1770 1970 1840 [Cod.
2008 1774 2050 1832 Β
2078 1781 2298 1840 gentes:
2333 1782 2385 1826 et
2411 1774 2475 1827 de
2506 1774 2897 1827 resurrectione
2922 1788 3207 1842 corporum
3242 1780 3573 1836 nostrorum,
3595 1782 3650 1826 et

422 1870 533 1926 Sal.
559 1910 575 1934 ,
615 1867 843 1931 intenti,
876 1862 1135 1934 mendose]
1164 1862 1438 1917 catholicm
1477 1862 1597 1915 ﬁdei
1642 1861 1842 1930 agnitio
1870 1877 1975 1915 non

419 1957 749 2028 prtecesserit
771 1955 847 2026 [in
869 1953 1069 2023 corde].
1099 1953 1423 2021 Dicititaquc
1443 1952 1764 2021 Apostolus:
1790 1951 1979 2004 Omnia

422 2058 583 2101 restra
618 2048 831 2099 honesta
859 2040 973 2097 cum
1008 2042 1186 2096 ordine
1206 2042 1335 2110 [iant
1376 2041 1429 2110 (I
1461 2041 1581 2094 Cor.
1613 2058 1700 2094 xxv
1723 2082 1737 2104 ,
1767 2039 1879 2110 40).
1912 2040 1980 2093 Ει

421 2139 532 2205 ipse
568 2135 825 2190 Dominus
854 2135 905 2187 in
929 2130 1213 2201 Evangelio
1239 2130 1515 2198 discipulis
1537 2130 1647 2183 suis
1665 2130 1982 2198 ptmcipiens

421 2226 494 2279 ait
527 2244 540 2277 :
580 2224 678 2288 Ite,
701 2226 877 2277 docete
903 2240 1076 2276 omnes
1099 2231 1268 2292 gentes
1286 2262 1301 2287 ,
1334 2221 1650 2291 baptizantes
1678 2238 1764 2274 eos
1793 2222 1849 2273 in
1890 2237 1982 2274 no-

422 2315 553 2366 mine
583 2311 761 2365 Patris
787 2321 835 2364 et
856 2311 983 2365 Filii
1003 2321 1051 2364 et
1079 2310 1306 2380 Spiritus
1332 2312 1496 2365 sancti
1531 2309 1744 2382 (Matth.
1764 2325 1980 2389 ,xxvut,

423 2403 528 2470 l9).
560 2399 724 2467 llujus
746 2415 872 2454 vero
897 2403 1144 2468 praecepti
1167 2400 1407 2454 ordinem
1429 2401 1617 2469 beatus
1631 2398 1984 2469 Hieronymus

420 2490 473 2543 in
517 2489 897 2543 commentario
945 2504 1058 2550 suo,
1110 2504 1268 2557 quem
1323 2491 1376 2542 in
1422 2489 1766 2559 Evangelium
1811 2490 1981 2544 sancti

423 2576 655 2631 Mattbmi
676 2577 908 2646 scripsit,
933 2577 1007 2629 ita
1031 2576 1275 2646 exposuit
1307 2594 1318 2627 :
1352 2575 1591 2629 Primum
1616 2578 1840 2631 doceant
1869 2594 1983 2632 om-

423 2680 515 2719 nes
540 2674 743 2736 gentes,
771 2667 959 2721 deinde
988 2668 1170 2721 doctas
1192 2667 1495 2736 intinguant
1517 2681 1672 2734 aqua.
1700 2665 1815 2731 Non
1840 2668 1981 2720 enim

420 2762 593 2822 potest
623 2753 739 2808 ﬁeri
768 2763 827 2807 ut
848 2770 1040 2823 corpus
1069 2755 1318 2825 baptismi
1345 2755 1521 2824 capiat
1561 2762 1979 2817 sacramentum,

421 2846 518 2899 nisi
548 2843 718 2915 [ante]
745 2846 922 2899 anima
962 2846 1083 2898 ﬁdei
1116 2848 1413 2914 susceperit
1451 2848 1755 2901 veritatem.
1804 2845 1982 2913 Bapti-

423 2943 610 2988 zantur
640 2940 816 2988 autem
845 2932 900 2987 in
928 2933 1141 2987 nomine
1164 2931 1374 2996 Patris,
1404 2941 1457 2985 ct
1482 2932 1630 2996 Filii,
1670 2942 1725 2986 et
1751 2932 1982 3001 Spiritus

423 3027 610 3089 sancti,
640 3034 698 3079 ut
721 3041 946 3094 quorum
973 3041 1077 3079 una
1102 3032 1185 3079 est
1212 3024 1480 3087 divinitas,
1510 3024 1580 3077 sit
1609 3038 1712 3076 una
1746 3023 1978 3091 largitio,
2020 3070 2024 3075 .
2048 3082 2055 3089 η,

423 3132 717 3186 nomenque
743 3117 1017 3171 Trinitatis
1042 3116 1193 3187 [Cod.
1220 3114 1362 3180 Sal.,
1392 3114 1648 3185 Trinitas]
1682 3130 1819 3168 unus
1841 3115 1982 3168 Deus
2003 3116 2054 3178 C

421 3212 522 3258 est.
557 3206 803 3259 Docentes
829 3222 913 3259 eos
943 3220 1143 3258 servare
1168 3206 1363 3269 omnia,
1392 3221 1707 3275 qumcunque
1740 3204 1981 3258 mandavi

422 3292 557 3345 vobis
590 3292 772 3357 (lbid.,
805 3310 936 3345 vers.
961 3291 1073 3361 20).
1105 3291 1247 3345 Ordo
1279 3294 1595 3361 prmeipuus.
1636 3292 1806 3348 Jussit
1831 3292 1982 3365 [apo-

422 3379 571 3432 stolis
595 3378 788 3448 (Edit.,
816 3376 1120 3445 Apostolus,
1143 3379 1405 3449 mendose)
1432 3379 1450 3450 ]
1480 3390 1537 3434 ut
1564 3383 1800 3449 primum
1824 3383 1981 3436 doce-

422 3476 541 3521 rent
575 3482 761 3521 omnes
789 3466 938 3538 [Cod.
972 3467 1107 3529 Sal.,
1135 3469 1427 3540 universas]
1448 3480 1632 3539 gentes
1653 3511 1666 3534 ,
1706 3473 1895 3525 deinde
1920 3472 1980 3524 ﬁ-

422 3562 504 3615 dei
552 3562 755 3629 tingere
800 3560 1158 3632 [sacramento
1186 3560 1371 3631 (Edit.,
1420 3562 1978 3633 sacramentum)],et

421 3661 535 3721 post
560 3652 719 3705 ﬁdem
740 3667 801 3705 ac
827 3653 1108 3721 baptisma,
1135 3668 1253 3720 qua:
1275 3661 1452 3707 essent
1474 3654 1821 3717 observanda,
1845 3667 1979 3721 pne-

421 3742 675 3810 ciperent.
712 3741 789 3795 Ac
817 3756 882 3795 ne
911 3750 1155 3809 putemus
1189 3743 1321 3795 levia
1351 3759 1467 3797 esse
1484 3759 1602 3813 quze
1635 3742 1784 3810 jussa
1831 3750 1974 3807 sunt,

419 3843 471 3887 et
490 3830 649 3902 [post]
681 3847 847 3899 pauca
878 3832 1080 3886 addidit
1113 3850 1125 3884 :
1158 3832 1348 3885 Omnia
1382 3850 1697 3904 quiscunque
1736 3834 1977 3886 mandavi

418 3925 571 3976 vobis.
607 3922 674 3977 Ut
703 3924 792 3990 qui
822 3922 1178 3985 crediderint,
1231 3923 1321 3989 qui
1368 3924 1423 3976 in
1468 3923 1730 3987 Trinitate
1777 3924 1978 3977 fuerint

418 4012 693 4080 baptizati,
718 4012 896 4064 omnia
924 4010 1121 4065 faciant
1151 4027 1266 4079 qua:
1291 4021 1552 4080 praecepta
1582 4020 1723 4065 sunt.

484 4101 651 4170 Igitur
695 4098 925 4154 infantes
956 4102 1160 4155 ratione
1184 4116 1289 4154 non
1335 4108 1565 4164 utentes,
1602 4100 1825 4155 aliorum
1853 4116 1977 4172 pec-

417 4196 546 4246 catis
571 4193 809 4256 obnoxii,
845 4193 1070 4246 aliorum
1106 4192 1207 4246 ﬁde
1234 4192 1331 4265 [et]
1360 4193 1692 4248 confessione
1742 4211 1840 4262 per
1884 4197 1977 4247 ba-

415 4281 591 4347 ptismi
620 4286 1011 4334 sacramentum
1041 4282 1233 4336 salvari
1261 4292 1504 4351 possunt,
1536 4285 1577 4337 si
1602 4283 1859 4339 confessa:
1878 4299 1976 4353 pro

416 4385 471 4422 se
515 4369 635 4424 ﬁdei
668 4370 1049 4437 integritatem,
1096 4386 1329 4439 congrua
1356 4376 1671 4429 adveniente
1697 4385 1854 4429 relate
1882 4393 1974 4429 cu-

2081 1863 2147 1916 de
2185 1862 2293 1931 39
2322 1863 2625 1937 aeternitate
2650 1877 2932 1929 poenarum
2961 1862 3015 1914 in
3048 1862 3216 1915 malos
3238 1869 3292 1914 et
3312 1862 3652 1930 praemiorum

2082 1952 2136 2004 ir.
2161 1952 2348 2015 bonos,
2374 1963 2434 2005 ut
2452 1967 2571 2005 mox
2597 1951 2963 2020 praediximus,
2990 1967 3142 2005 mens
3162 1951 3368 2005 novella
3392 1952 3651 2007 ﬁrmanda

2082 2050 2183 2096 est.
2214 2042 2281 2093 Et
2308 2041 2408 2094 bac
2434 2040 2538 2093 ﬁde
2568 2039 2852 2093 roboratus
2872 2040 3032 2094 homo
3052 2050 3106 2093 et
3132 2048 3464 2109 pra‘paratus
3484 2042 3656 2111 bapti-

2083 2130 2286 2182 zandus
2321 2136 2424 2182 est.
2468 2129 2535 2182 Et
2563 2130 2640 2182 sic
2679 2137 2917 2197 tempore
2945 2139 3242 2197 opportuno
3272 2129 3465 2197 smpius
3494 2144 3641 2182 evan-

2082 2220 2253 2291 gelica
2282 2204 2546 2288 précepta
2572 2218 2746 2273 danda
2769 2227 2893 2273 sunt
2919 2234 3014 2288 per
3040 2218 3236 2272 sedula:
3258 2218 3654 2287 prazdicalionis

2082 2310 2332 2376 ofﬁcium,
2357 2311 2527 2365 donec
2553 2318 2825 2365 accrescat
2854 2311 2907 2364 in
2936 2310 3107 2375 virum
3133 2310 3474 2383 [perfectum]
3500 2320 3553 2365 et
3579 2312 3655 2365 di-

2084 2418 2185 2472 gna
2207 2402 2469 2456 eﬁiciatur
2499 2400 2722 2470 Spiritui
2752 2408 2938 2455 sancto
2964 2402 3223 2455 haoitatio
3244 2442 3256 2465 ,
3298 2411 3351 2455 et
3376 2402 3442 2455 sit
3473 2402 3651 2471 pcrfc-
3728 2438 3729 2445 η

2085 2502 2203 2549 etus
2227 2493 2368 2548 ﬁlius
2396 2494 2489 2548 Dei
2531 2493 2584 2546 in
2604 2494 2858 2562 operibus
2880 2492 3281 2555 misericordim,
3315 2493 3454 2546 sicut
3494 2492 3656 2547 Pater

2087 2582 2293 2655 [noster
2322 2582 2492 2654 (Edit.
2521 2624 2532 2645 ,
2566 2581 2791 2652 vester)]
2822 2582 3058 2637 caelestis
3088 2581 3355 2655 porl‘tctus
3398 2591 3479 2635 est
3505 2623 3519 2646 ,
3563 2582 3651 2650 qui

2082 2675 2219 2728 vivit
2257 2682 2309 2727 et
2336 2682 2523 2742 regnat
2550 2675 2604 2726 in
2636 2673 2901 2727 Trinitate
2924 2673 3191 2743 perfecta,
3236 2682 3289 2726 et
3328 2672 3532 2725 unitate
3563 2671 3657 2723 be-

2084 2764 2316 2826 nedicta,
2362 2762 2506 2816 Deus
2543 2770 2599 2814 et
2631 2762 2887 2838 Dominus
2911 2777 3009 2833 per
3053 2762 3234 2815 omnia
3264 2760 3454 2813 sazcula
3486 2774 3655 2811 saecu-

2083 2856 2274 2909 loru‘m.
2303 2854 2493 2908 Amen.
2518 2852 2521 2854 ’

2532 2945 2559 2984 ι)
2588 2943 2918 2999 EPISTOLA
2949 2942 3185 2997 XXXIV.

2686 3050 2752 3089 AD
2780 3048 3041 3089 ARSONEI.

2681 3132 2869 3202 (Anno
2899 3132 3019 3187 796.

2082 3241 2234 3296 Illius
2267 3242 2487 3295 reditum
2525 3250 2762 3303 exoptat,
2790 3251 2836 3294 et
2875 3242 2938 3293 de
2968 3240 3124 3294 variis
3165 3239 3423 3293 eventibus
3464 3239 3653 3292 instrui

2154 3260 2234 3296 ius
2267 3260 2487 3295 reauum
2525 3260 2619 3294 ero
2656 3260 2762 3303 (at,
2790 3260 2836 3294 et
2875 3260 2938 3293 ac
2968 3260 3124 3294 variis
3165 3260 3423 3293 eventqu
3464 3260 3649 3292 instrui

2150 3312 2521 3381 cupit._Mense
2546 3260 2690 3364 Juiio
2722 3327 2776 3363 se
2803 3311 2871 3362 ad
2912 3308 3174 3381 Palatium
3204 3311 3399 3361 iturum
3446 3308 3649 3377 signiﬁ-

2148 3378 2250 3435 cat.
2284 3379 2542 3434 Hortatur
2582 3391 2637 3433 ut
2673 3380 2932 3433 aberrare
2963 3378 3317 3449 Hispanorum
3346 3387 3540 3431 caveat.

2148 3492 2465 3545 Venerando
2509 3491 2710 3544 volucri
2756 3500 2815 3545 et
2855 3505 2981 3544 vere
3026 3490 3394 3543 amantissimo
3442 3486 3648 3555 Aquila:

2076 3578 2306 3632 Albinus
2345 3578 2596 3632 salutem.
3414 3631 3419 3636 _

2145 3666 2479 3733 Exspectans
2504 3672 2757 3733 exspecto
2794 3664 2972 3718 lretum
2999 3662 3183 3716 audire
3221 3663 3488 3726 nuntium,
3517 3677 3647 3730 quo-

2077 3757 2235 3811 modo
2250 3756 2437 3825 Aquila
2462 3756 2688 3810 sublime
2715 3755 2899 3809 volans
2923 3744 3108 3823 Alpina
3124 3751 3251 3823 juga
3278 3753 3642 3815 transcendat,

2076 3852 2133 3899 et
2171 3844 2342 3898 fessus
2385 3844 2562 3898 volatu
2595 3845 2647 3898 in
2674 3843 2880 3898 Rhetia:
2908 3842 3061 3915 [Cod.
3084 3840 3227 3906 Sal.,
3250 3839 3449 3913 Reciae]
3480 3841 3646 3910 parti-

2075 3936 2177 3990 bus
2209 3935 2319 3987 alas
2352 3944 2639 4004 componat
2664 3952 2807 4000 suas,
2834 3937 2914 3989 vel
2954 3935 3081 4002 quid
3118 3934 3249 3989 mihi
3286 3934 3501 3988 nuntiet
3531 3944 3552 3971 ο
3584 3934 3665 3999 de

2076 4035 2262 4078 sancto
2300 4022 2507 4093 [Paule]
2542 4025 2802 4092 partibus,
2828 4036 2883 4078 et
2918 4024 3279 4078 Romanorum
3307 4022 3565 4086 consiliis,
3592 4032 3645 4076 et

2076 4118 2119 4171 si
2158 4117 2273 4171 ﬁeri
2305 4117 2501 4185 possit,
2533 4116 2674 4183 quod
2702 4116 2854 4169 valde
2879 4124 3146 4184 optamus,
3174 4116 3284 4168 Deo
3308 4113 3560 4177 donante,
3590 4124 3648 4166 ut

2076 4207 2189 4262 ﬁat.
2207 4208 2542 4277 Quapropter
2571 4220 2761 4276 precor
2785 4220 2973 4260 omnes
3004 4206 3231 4274 aligeras
3255 4212 3548 4273 potestates
3577 4204 3641 4257 de

2077 4297 2283 4352 caelesti
2318 4298 2445 4351 sede
2473 4297 2871 4360 descendentes,
2905 4303 2966 4350 ut
2996 4295 3245 4363 Aquilam
3273 4308 3449 4348 meum
3490 4292 3641 4365 [ϐοά.

2078 4387 2219 4451 Sal.,
2247 4385 2441 4457 meam]
2483 4387 2590 4440 cito
2617 4402 2801 4441 sanum
2840 4400 2959 4440 cum
2986 4385 3130 4439 omni
3156 4383 3509 4452 prosperitate
3560 4382 3641 4434 fa-

416 4459 644 4513 stodient
690 4455 840 4528 [Cod.
867 4457 1004 4522 Sal.,
1032 4458 1381 4530 custodiunt].
1423 4462 1560 4515 Dicit
1592 4479 1718 4517 vero
1742 4466 1971 4533 Aposto-
1998 4461 2051 4519 D
2074 4476 2183 4530 οίεη
2209 4475 2390 4528 venire
2422 4455 2488 4527 5d
2518 4489 2634 4527 nos,
2666 4474 2773 4527 Nos
2794 4489 2921 4526 νει-ο
2947 4474 3090 4525 velut
3114 4472 3295 4525 mstiva
3322 4470 3549 4523 hirundo
3575 4470 3639 4521 ad

415 4550 495 4603 lus
524 4567 535 4602 :
568 4547 732 4602 Corde
759 4550 987 4603 creditur
1007 4551 1074 4604 ad
1104 4551 1386 4620 justitiam,
1409 4568 1495 4605 ore
1516 4562 1689 4606 autent
1712 4556 1966 4623 confessio

414 4638 471 4708 ﬁt
512 4636 833 4728 ad‘salatem
887 4639 1061 4707 (Rom.
1091 4658 1165 4728 ιιι,
1212 4642 1317 4714 10).
1357 4642 1448 4696 Illa
1493 4642 1724 4715 [tantum
1774 4644 1964 4715 (Edit..

416 4726 607 4798 tanta)]
628 4727 741 4782 oris
757 4728 1019 4782 confessio
1038 4726 1245 4815 pttoﬁcit
1259 4735 1325 4786 ad
1340 4734 1586 4799 salutem,
1603 4748 1725 4806 quae
1742 4734 1968 4789 ﬁrmiter

411 4818 586 4873 cordis
611 4815 928 4906 credulitate
965 4822 1191 4875 tenetur.

480 4942 504 5001 ξι
538 4929 678 5001 fide
702 4928 951 5001 epistll’i'i
983 4929 1145 5001 @unc
1173 4930 1285 5001 :42),
1314 4934 1379 4985 ad
1402 4931 1823 5001 Megenfredum.

480 4998 677 5073 h‘Edit.
708 4997 901 5073 hiabill.
924 4997 1142 5073 2,_Pe_zi_i
1166 4997 1525 5073 2;“emendat‘a
1558 5012 1615 5073 et
1640 5004 1879 5073 suppleta
1898 5021 1962 5061 ex

413 5066 614 5137 duobus
634 5067 791 5119 codd.
821 5083 951 5137 mss.
966 5068 1169 5137 8³1181).
1205 5068 1469 5137 Scriptam
1494 5068 1657 5124 fuisse
1688 5066 1827 5126 anno
1864 5076 1965 5129 796

414 5134 703 5209 colligo_ex
737 5144 907 5209 morte
943 5134 1569 5209 EanbaldiEboracensis
1598 5141 1830 5209 episcopi
1863 5144 1964 5197 hoc

413 5202 549 5281 anno
570 5202 737 5281 obita,
761 5205 911 5271 cujus
946 5208 1183 5281 meminit
1208 5208 1263 5260 in
1289 5206 1508 5281 epistola
1550 5202 1821 5281 sequenti,
1846 5228 1964 5279 quin

414 5272 507 5345 hac
530 5272 798 5345 posterior
814 5282 913 5345 est.
940 5274 1097 5345 Arno,
1114 5276 1274 5344 igitur
1299 5272 1397 5330 hoc
1433 5292 1574 5329 anno
1611 5272 1815 5330 Rome
1840 5272 1959 5345 fuit,

414 5340 477 5417 de
508 5340 634 5395 cura
668 5340 913 5417 fortassis
934 5344 1123 5396 novelli
1136 5340 1321 5412 'populi
1346 5346 1641 5417 Avarorum
1666 5346 1763 5399 sibi
1787 5364 1815 5399 a
1842 5340 1963 5417 Pip;

413 5410 955 5528 pinomcommendata
1012 5410 1393 5469 cum—summo
1440 5415 1690 5485 pontiﬁce
1739 5410 1959 5473 consilia

440 5492 527 5528 rae
585 5496 668 5528 ns.
1116 5502 1120 5508 '
1199 5492 1209 5509 ‘

440 5487 668 5536 ractans.
1116 5502 1120 5508 '
1199 5492 1209 5509 ‘

477 5546 583 5616 ω
611 5561 634 5589 ο
674 5548 751 5602 De
776 5557 954 5618 saneto
984 5546 1149 5618 Paule
1190 5552 1446 5618 partibus.
1498 5552 1573 5606 Ita
1626 5553 1789 5608 habet
1838 5555 1954 5607 cod.

416 5628 510 5695 ms.
527 5618 743 5695 satis)”
759 5616 901 5695 quod
916 5616 1227 5695 vocabulum
1250 5620 1412 5695 Paule
1425 5636 1516 5695 seu
1533 5622 1683 5695 Pauli
1696 5622 1927 5695 omittitu
1938 5642 1961 5675 r

416 5686 471 5744 in
496 5688 610 5742 cod.
641 5686 1170 5744 Benedicto-Burano
1192 5689 1329 5757 apud
1376 5689 1612 5746 Pezium.
1654 5692 1955 5761 Legendum

2072 4562 2328 4631 palatium
2357 4576 2539 4616 mense
2568 4560 2707 4615 Julio
2733 4575 3080 4631 properamus
3110 4556 3374 4629 [Habill.,
3401 4558 3642 4626 partibus

2072 4652 2326 4722 palatinis
2351 4667 2637 4723 properare
2666 4648 3076 4721 desideramus].
3105 4647 3297 4702 Nescio
3343 4647 3408 4701 de
3460 4655 3641 4702 nostro

2072 4742 2266 4796 itinere
2291 4744 2418 4812 quid
2438 4744 2543 4798 erit
2565 4741 2801 4797 futurum
2829 4739 2964 4812 [sive
2993 4740 3137 4795 circa
3166 4750 3191 4777 α
3224 4737 3470 4791 Mosanas
3496 4736 3640 4803 ripas

2073 4832 2402 4887 liceatnobis
2428 4834 2566 4887 sicut
2595 4832 2861 4902 mergulos
2893 4832 3068 4901 pisces
3088 4838 3336 4899 captare;
3377 4842 3443 4879 an
3480 4834 3501 4863 ε
3530 4826 3639 4878 Ali-

2067 4943 2162 4996 abs
2199 4944 2359 4997 dubio
2416 4962 2427 4996 :
2477 4944 2539 4995 de
2593 4944 2760 4997 sancti
2806 4941 2963 5011 Pauli
3011 4937 3629 5011 partibustmonasterii

2066 5027 2256 5081 nempe
2284 5013 2805 5071 Cormaricensis,de
2829 5010 2977 5078 cujus
3004 5007 3475 5081 approbationehab
3497 5007 3633 5081 Apo-

2066 5075 2253 5135 stolica
2280 5084 2403 5137 sede
2435 5082 2762 5149 impetranda
2791 5075 2951 5134 etiam
2981 5075 3183 5133 in'aliis
3211 5076 3451 5146 epistulis
3488 5075 3630 5127 solli-

2066 5150 2356 5205 citudinem
2386 5166 2538 5203 suam
2558 5150 2832 5210 ostendit).

2136 5218 2162 5257 ‘1
2202 5222 2283 5273 Ad
2311 5220 2557 5271 Mosanas
2593 5220 2752 5285 ripas.
2802 5218 2859 5270 ln
2912 5216 3233 5271 monasterio
3280 5212 3525 5285 fortassis

2066 5287 2293 5342 Servatii
2320 5287 2545 5353 Trajecti
2572 5283 2647 5338 ad
2673 5284 2893 5350 Mosam,
2919 5286 3069 5353 cujus
3096 5298 3279 5337 rursus
3306 5283 3548 5337 meminit
3571 5284 3625 5336 in

2063 5358 2219 5425 epist.
2247 5357 2314 5411 87
2347 5356 2509 5423 (nunc
2536 5354 2677 5425 ωδ).

2138 5438 2160 5465 ο
2177 5420 2539 5503 Aligerensem
2554 5420 2794 5503 ﬂuuium:
2820 5422 3144 5503 Ligerimzla
3172 5420 3418 5499 Loire,.in
3444 5432 3621 5499 mona-

2138 5443 2160 5465 °
2196 5443 2539 5546 All¥€f€ﬂ8€m
2554 5443 2794 5503 Iutorum.
2825 5443 3144 5493 Ltgcrunua
3172 5443 3418 5499 1101713.!"
3444 5443 3621 5499 ιιιυιιίι-

2062 5496 2226 5550 sterio
2321 5506 2586 5552 uronensr,
2619 5508 2726 5552 quo
2768 5491 3023 5545 Alcuinus
3053 5490 3321 5543 Amonem
3352 5498 3543 5543 invntat
3573 5506 3627 5543 ιιι

2062 5508 2226 5550 sterio
2273 5508 2586 5552 'ruronensr,
2658 5508 2726 5546 uo
2768 5508 3023 5545 AlCllItlllS
3053 5508 3321 5543 amonem
3352 5508 3543 5543 tnvnat
3573 5508 3627 5543 ιιι

2062 5566 2217 5632 epist.
2250 5563 2316 5617 8'1
2352 5560 2521 5630 (nunc
2552 5508 2675 5632 tog)
2701 5562 2785 5632 his
2814 5561 2991 5615 verbis
3013 5579 3034 5632 ξ
3080 5579 3096 5609 ι
3137 5560 3355 5632 Utinam
3393 5559 3629 5615 volassrt

2060 5630 2360 5701 Aquila”...
2381 5644 2545 5697 usque
2570 5630 2635 5683 ad
2666 5630 2987 5698 piscationcs
3012 5630 3184 5699 Ligeri
3209 5630 3460 5684 ﬂuminis.
3500 5649 3519 5683 ι
