4238 6188
410 314 505 368 I95

397 508 809 579 dispensationis
836 506 927 559 Dei
966 503 1153 572 ignari,
1202 499 1342 555 apud
1378 513 1536 567 quem
1566 500 1745 551 omnia
1776 497 1957 551 futura

396 597 503 666 jam
527 597 665 652 facta
702 604 845 651 sunt.
873 593 974 660 Qui
1013 600 1063 645 te
1096 604 1300 644 summa
1327 588 1523 656 pietate
1548 587 1786 641 caelestia
1811 587 1959 641 ordi-

402 688 545 742 navit
577 686 827 755 mysteria
855 682 1066 752 populis
1092 678 1413 739 ministrare,
1441 684 1496 730 et
1526 676 1591 729 de
1630 676 1740 728 alto
1777 689 1963 743 supcr-

402 775 691 846 naz'gratia:
719 773 911 828 intuitu
937 767 1260 825 acutissimis
1290 763 1645 833 spiritualium
1685 763 1961 817 oculorum

399 866 671 919 obtutibus
709 863 1016 930 fluctivagos
1049 858 1115 912 de
1146 855 1301 923 hujus
1326 854 1502 909 saeculi
1547 853 1659 906 salo
1686 855 1862 922 pisces
1895 854 1962 905 ad

400 956 793 1019 viviticandum,
823 969 928 1007 non
955 952 1021 1006 ad
1046 946 1470 1004 mortiﬁcandum
1501 958 1691 998 eruere
1724 952 1779 997 et
1810 959 1965 997 sacro

399 1046 553 1100 vitrei
581 1043 744 1097 lentis
764 1042 977 1095 lavacro
993 1038 1226 1101 abluere,
1242 1044 1295 1089 et
1314 1036 1435 1103 igne
1458 1033 1626 1087 sancti
1648 1032 1879 1102 Spiritus
1896 1034 1964 1086 ad

399 1133 582 1204 epulas
602 1131 788 1185 aeterni
819 1129 976 1197 [legis
994 1135 1172 1179 astare
1198 1121 1311 1194 [F.,
1329 1120 1555 1191 assare],
1580 1132 1639 1173 ut
1653 1135 1810 1174 verus
1831 1134 1965 1187 apo-

400 1221 603 1275 stolicae
637 1217 935 1273 vocationis
964 1215 1174 1269 auditor
1202 1209 1467 1273 efticiaris,
1495 1209 1705 1263 dicente
1727 1207 1963 1268 Christo,

401 1312 525 1364 dum
570 1310 624 1363 in
667 1306 976 1378 procellosis
1023 1304 1269 1358 fluctibus
1299 1299 1709 1373 [hinas(Edit.,
1740 1297 1963 1369 vivas)]

400 1399 627 1453 duorum
647 1397 872 1452 fratrum
893 1394 1275 1465 germanitates
1299 1391 1479 1445 labore
1500 1390 1707 1457 aspexit
1735 1404 1748 1441 :
1788 1380 1967 1441 Venite

398 1496 509 1556 post
530 1502 630 1550 me,
653 1496 700 1539 et
722 1485 914 1554 faciam
934 1499 1020 1536 vos
1039 1482 1154 1549 ﬁeri
1168 1481 1445 1549 piscatores
1465 1478 1729 1530 hominum
1751 1476 1962 1551 (Matth.

401 1593 476 1642 tv,
512 1576 616 1646 l9).
658 1573 773 1628 Non
804 1589 833 1626 a
870 1570 1034 1640 priori
1076 1568 1302 1639 propria:
1350 1567 1485 1621 artis
1529 1563 1704 1620 ollicio
1755 1579 1967 1633 compe-

400 1678 573 1730 scens,
603 1662 695 1717 sed
736 1671 795 1715 ut
832 1660 1101 1721 meliores,
1130 1656 1332 1711 retibus
1378 1656 1432 1709 in
1466 1655 1740 1709 dexteram
1767 1654 1963 1719 missis,

399 1724 572 1823 pisces
610 1752 678 1806 ad
714 1752 865 1804 littus
892 1747 1251 1804 stabilissimze
1277 1744 1561 1799 soliditatis
1592 1743 1961 1812 perducerent.
1997 1724 2043 1783 Β

397 1841 510 1896 ilos
547 1849 604 1894 tu
653 1837 1054 1895 efﬁcacissimus
1099 1834 1264 1889 divini
1323 1834 1499 1903 operis
1544 1833 1815 1887 laborator
1854 1841 1965 1888 tota

395 1932 599 1987 mentis
634 1930 927 1984 intentione
956 1926 1165 1995 assequi
1195 1932 1395 1997 satage,
1429 1932 1692 1993 quatenus
1722 1924 1968 1979 Christus

391 2024 515 2092 ipse
542 2036 638 2090 per
670 2029 721 2074 te
750 2020 814 2074 de
846 2026 951 2072 tuae
983 2017 1142 2088 puppi
1185 2018 1381 2071 carina:
1402 2014 1632 2083 populis
1676 2013 1969 2084 praedicare

404 2113 671 2181 dignetur,
703 2118 757 2164 et
800 2110 870 2163 sit
889 2108 1007 2177 pius
1034 2106 1356 2175 gubernator
1380 2104 1662 2168 naviculae,
1689 2118 1757 2156 ex
1786 2118 1889 2171 qua
1917 2112 1969 2157 te

391 2204 538 2256 retia
563 2200 864 2270 apostolicae
902 2195 1297 2266 praedicationis
1344 2195 1397 2248 in
1421 2194 1642 2263 pelagus
1668 2192 1970 2262 profundis-

401 2293 554 2345 simaa
582 2289 894 2361 gentilitatis
942 2287 1242 2356 expandere
1281 2285 1483 2353 jussit:
1511 2291 1775 2352 quatenus
1819 2284 1968 2337 illum

402 2392 500 2446 per
525 2392 636 2432 suae
671 2390 876 2445 magna:
904 2373 1119 2443 pietatis
1145 2371 1543 2425 miserationem
1577 2370 1671 2424 tibi
1703 2371 1969 2439 sociisque

392 2468 511 2522 tuis
534 2465 923 2535 praecipientem
963 2462 1189 2516 audias:
1225 2461 1419 2528 Aﬂ'erte
1462 2460 1526 2513 de
1565 2459 1792 2528 piscibus
1841 2476 1970 2530 quos

392 2554 735 2635 .prendidistis
760 2570 895 2607 nunc
922 2551 1101 2622 (Joan.
1131 2566 1247 2615 xxx,
1276 2549 1385 2619 i0).

473 2666 601 2719 Esto
643 2665 897 2719 obedieus
939 2662 1196 2716 voluntati
1247 2662 1391 2715 illius
1434 2656 1724 2717 secundum
1777 2676 1969 2715 nomen

396 2754 657 2818 Simonis,
684 2755 773 2823 qui
817 2754 881 2807 ad
929 2753 1261 2807 Dominicum
1309 2752 1610 2807 convivium
1650 2752 1813 2805 traxit
1857 2760 1969 2807 rete

397 2842 557 2911 plene
604 2842 812 2912 magnis
854 2842 1085 2911 piscibus
1117 2850 1337 2894 centum
1386 2842 1767 2911 quinquaginta
1800 2842 1972 2896 tribus

396 2930 582 3001 (Joan.
615 2946 727 2996 xxi,
756 2930 863 3000 il).
893 2929 996 2996 Qui
1020 2944 1147 2983 vero
1192 2928 1300 2983 sint
1340 2930 1395 2983 hi
1438 2930 1615 3000 pisces
1662 2930 1717 2984 in
1746 2931 1848 2985 hoc
1875 2947 1972 2985 nu-

404 3032 554 3072 mero
579 3016 859 3089 [prteﬂniti
891 3017 1075 3088 (Edit.,
1111 3017 1398 3089 perfiniti)]
1419 3058 1433 3082 ,
1464 3019 1509 3073 si
1537 3018 1668 3073 velis
1701 3020 1859 3085 scire,
1894 3021 1968 3074 illi

404 3114 527 3160 sunt
552 3098 642 3173 qui
662 3121 727 3161 ex
756 3105 1006 3177 decalogo
1028 3105 1178 3177 [Cod.
1227 3106 1365 3171 Sal.,
1391 3105 1651 3177 decalogi]
1674 3118 1967 3177 praecepto-

405 3210 526 3248 rum
549 3194 667 3259 Dei,
682 3194 767 3250 vel
786 3209 854 3249 ex
875 3194 1167 3263 septiformi
1192 3196 1360 3251 sancti
1379 3194 1610 3264 Spiritus
1628 3196 1822 3265 gratia,
1847 3206 1967 3266 post

404 3294 703 3337 extremam
727 3282 1168 3337 resurrectionem
1191 3283 1267 3359 ad‘
1280 3292 1588 3351 perpetuum
1610 3301 1735 3340 cum
1755 3287 1969 3341 Christo

399 3370 704 3425 convivium
744 3368 898 3423 electi
941 3379 1083 3425 sunt.
1130 3370 1252 3424 Ideo
1304 3379 1415 3425 rete
1457 3372 1598 3427 illius
1633 3376 1965 3442 piscationis,

318 3462 325 3468 '
405 3462 544 3515 sicut
582 3460 636 3513 in
661 3459 827 3529 priori
862 3466 1105 3529 captura,
1154 3450 1380 3534 seissum
1435 3475 1553 3515 esse
1608 3478 1713 3517 non
1753 3465 1966 3533 legitur,

326 3560 330 3563 ‘
406 3550 529 3619 quia
556 3548 731 3603 nullus
764 3548 858 3613 ibi,
887 3548 991 3602 nisi
1019 3548 1220 3603 electus
1246 3557 1302 3602 et
1328 3550 1395 3602 ad
1426 3560 1738 3619 perpetuam
1780 3568 1966 3621 pacem

398 3638 701 3701 ordinatus,
727 3624 981 3690 invitatur
1012 3636 1251 3690 conviva.
1302 3635 1465 3706 Igitur
1487 3637 1532 3690 si
1578 3638 1646 3692 ab
1675 3653 1781 3693 uno
1803 3654 1969 3707 usque

407 3728 473 3780 ad
502 3727 791 3795 septimam
820 3720 1099 3780 decimam;
1119 3740 1404 3790 summam,
1451 3727 1685 3796 singulos
1720 3744 1969 3783 numeros

406 3829 502 3883 per
547 3822 827 3885 augmenta
873 3816 1262 3883 computaveris
1284 3856 1300 3880 ,
1348 3819 1670 3885 posteriores
1719 3835 1969 3874 numeros

409 3917 617 3970 semper
636 3904 902 3971 prioribus
924 3902 1233 3972 adjungens,
1258 3906 1419 3959 totius
1439 3906 1804 3962 calculationis
1824 3924 1968 3963 sum-

407 4005 493 4042 ma
530 3990 583 4043 in
611 3989 711 4043 I55
737 3992 1012 4067 accrescit.
1046 3990 1112 4044 Et
1146 3991 1191 4045 si
1220 3991 1331 4046 'bos
1357 3994 1539 4047 decem
1581 4002 1635 4047 et
1674 4004 1876 4063 septem
1912 3998 1963 4051 in

407 4080 513 4133 duo
564 4070 867 4144 divideris,
897 4081 953 4133 id
1004 4087 1087 4133 est
1141 4080 1417 4136 denarium
1474 4090 1529 4136 et
1575 4087 1963 4153 septenarium,

410 4170 657 4223 denarius
683 4169 867 4237 legalis
900 4170 1166 4235 mandata,
1197 4180 1261 4226 ct.
1287 4175 1616 4241 septenarius
1642 4177 1776 4231 dona
1795 4181 1965 4232 sancti

1812 297 2188 355 EPISTOL/E.

468 420 773 490 Prmsagum
804 416 899 473 tibi
931 426 1120 469 nomen
1175 412 1470 478 imposuere
1518 416 1785 476 Ρποιηεεν
1834 408 1961 462 “cei
1991 413 2033 483 ᾧ
2063 428 2334 493 baptizare
2369 427 2549 495 jussit.
2582 430 2781 484 Deinde
2822 431 2923 484 (ide
2953 432 3231 495 imbutum,
3270 442 3323 486 et
3360 449 3514 489 sacro
3538 436 3630 488 ba-
3724 434 3731 445 '

3528 304 3627 356 ΨΜ

2063 515 2313 581 ptismate
2363 516 2599 571 ablutum
2649 518 2970 588 evangelicis
3035 519 3296 573 instruere
3352 523 3632 590 prarceptis

2066 605 2355 657 mandavit.

2134 690 2286 746 Hunc
2308 700 2365 746 tu
2390 694 2653 757 ordinem,
2678 696 3013 750 sanctissime
3034 697 3237 759 doctor,
3266 696 3630 750 calechizandi

2064 776 2117 829 in
2145 779 2335 833 adulta:
2362 780 2538 833 :etatis
2557 780 2690 833 viris
2717 782 2912 849 ubique
2938 782 3164 835 ﬁrmiter
3192 784 3449 836 obtinens.
3498 783 3619 836 Fra-

2063 867 2236 935 giliori
2260 883 2385 923 vero
2408 870 2549 923 :etati
2579 871 2663 939 pia
2690 880 2861 925 mater
2888 871 3125 927 Ecclesia
3150 874 3429 935 concessit,
3459 883 3517 927 ut
3541 875 3632 941 qui

2064 958 2238 1013 alieno
2262 960 2313 1012 in
2347 967 2570 1028 paterna
2599 962 3039 1029 prtevaricatione
3064 962 3255 1032 ligatus
3282 970 3364 1015 est
3389 971 3628 1031 peccato,

2065 1045 2283 1101 alterius
2308 1048 2360 1101 in
2394 1049 2641 1115 baptismi
2672 1050 2928 1119 mysterio
2950 1049 3287 1119 professione
3312 1049 3516 1103 solutus
3541 1049 3630 1103 sit.

2066 1134 2133 1189 Et
2176 1135 2221 1189 si
2267 1137 2370 1191 hoc
2406 1153 2511 1191 non
2548 1146 2720 1203 esset,
2759 1139 2942 1207 quanti
2991 1138 3227 1207 perirent
3270 1137 3523 1199 infantes,
3568 1154 3632 1191 ex

2065 1239 2292 1293 quorum
2324 1224 2510 1297 [nunc]
2542 1242 2762 1281 numero
2806 1226 3037 1281 caelestis
3062 1227 3300 1295 quotidie
3342 1226 3635 1280 aedificatur

2067 1311 2439 1367 Hierusalem?
2471 1314 2689 1382 Absque
2736 1313 2860 1379 fide,
2906 1315 3031 1383 quid
3079 1314 3287 1384 prolicit
3338 1315 3633 1384 baptisma?

2066 1400 2275 1455 dicente
2324 1401 2579 1469 Apostolo
2610 1417 2623 1454 :
2654 1401 2780 1456 Sine
2828 1402 2933 1471 ﬁde
2977 1403 3288 1471 impossibile
3317 1413 3390 1456 est
3432 1404 3637 1473 placere

2067 1489 2174 1543 Deo
2204 1489 2388 1561 (Hebr.
2421 1507 2495 1555 xi,
2534 1490 2608 1561 6).
2637 1492 2780 1544 Inter
2818 1492 3144 1561 impossibile
3185 1503 3239 1547 et
3279 1492 3489 1548 difﬁcile
3536 1495 3636 1549 hoc

2067 1580 2328 1635 interesse
2366 1582 2592 1651 legimus
2619 1600 2631 1633 :
2658 1581 2875 1637 difﬁcile
2900 1593 2983 1637 est
3028 1584 3170 1651 quod
3199 1584 3332 1646 ﬁeri,
3371 1583 3495 1638 licet
3525 1585 3636 1647 vix,

2068 1669 2634 1739 potest;eimpossibile
2682 1685 2829 1734 vero,
2867 1670 3008 1740 quod
3053 1671 3270 1725 omnino
3311 1673 3377 1726 ab
3406 1672 3636 1725 humana

2070 1756 2359 1825 fragilitate
2408 1759 2523 1811 ﬁeri
2575 1774 2680 1812 non
2724 1767 2918 1827 potest.
2971 1760 3093 1814 Ideo
3138 1761 3250 1829 ipse
3291 1759 3546 1815 Dominus
3584 1762 3637 1815 in

2068 1842 2377 1913 Evangelia,
2420 1846 2755 1913 stupentibus
2800 1846 3070 1914 apostolis,
3119 1848 3240 1914 quis
3281 1862 3347 1901 ex
3384 1848 3640 1903 divitibus

2069 1932 2249 2005 salvus
2283 1932 2397 1987 fieri
2423 1943 2619 2003 posset,
2648 1935 2920 2003 :espondit
2951 1949 2965 1986 :
2996 1934 3143 2003 Apud
3169 1936 3399 1989 homines
3422 1937 3519 1989 hoc
3542 1938 3640 1989 im-

2066 2023 2309 2092 possibile
2332 2034 2439 2087 est;
2469 2024 2607 2093 apud
2643 2024 2801 2078 Deum
2828 2035 2999 2081 autem
3025 2028 3197 2080 (iunia
3227 2028 3491 2091 possibilia
3519 2040 3639 2082 sunt

2069 2111 2284 2180 (Matth.
2313 2128 2425 2173 xix,
2458 2112 2566 2181 26).
2596 2113 2799 2167 Idcirco
2834 2115 3029 2169 misera
3054 2115 3373 2189 [Saxonum]
3401 2134 3531 2190 gens
3559 2130 3641 2174 ιο·-

2069 2200 2171 2253 ties
2205 2200 2451 2270 baptismi
2486 2203 2716 2269 perdidit
2754 2214 3169 2268 sacramentum,
3199 2207 3323 2274 quia
3368 2223 3638 2277 nunquam

2070 2290 2192 2344 fidei
2216 2289 2652 2361 [fundamentum
2678 2293 2869 2363 (Edit.,
2894 2296 3344 2354 sacramentumll
3375 2298 3558 2353 habuit
3585 2300 3637 2353 in

2073 2379 2255 2432 corde.

2141 2478 2247 2532 Sed
2281 2487 2334 2532 et
2374 2480 2475 2533 hoc
2510 2478 2783 2533 sciendum
2831 2488 2913 2534 est
2957 2481 3097 2549 quod
3150 2480 3300 2546 fides,
3346 2484 3637 2539 secundum

2070 2567 2214 2635 quod
2242 2574 2459 2622 sanctus
2480 2566 2805 2637 Augustinus
2828 2570 2921 2633 ait,
2944 2585 3009 2624 ex
3038 2570 3308 2626 voluntate
3335 2573 3413 2638 iit,
3442 2589 3546 2629 non
3572 2593 3635 2631 ex

2070 2654 2407 2709 necessitate.
2433 2652 2711 2720 Quomodo
2724 2664 2899 2724 potest
2918 2658 3077 2710 homo
3094 2659 3211 2728 cogi
3233 2669 3291 2713 ut
3302 2660 3484 2716 credat
3497 2664 3639 2731 quod

2070 2754 2175 2799 non
2206 2745 2411 2800 credit?
2436 2744 2639 2816 Impelli
2664 2756 2840 2815 porest
2874 2748 3031 2802 homo
3072 2750 3138 2814 ad
3170 2750 3516 2819 baptismum,
3546 2756 3639 2808 sed

2071 2850 2175 2888 non
2220 2834 2288 2888 ad
2317 2834 2474 2888 ﬁdem
2506 2848 2521 2886 :
2550 2832 2715 2888 veluti
2759 2834 2848 2889 isti
2891 2836 3126 2892 hmretici
3166 2840 3258 2908 qui
3303 2841 3639 2911 adoptionem

2070 2923 2248 2977 carnis
2282 2924 2336 2976 in
2363 2921 2580 2978 Christo
2608 2923 2946 2989 conﬁrmant,
2987 2925 3291 2987 nullatenus
3316 2930 3382 2984 ad
3419 2932 3639 2986 catholi-

2072 3030 2189 3068 cam
2235 3014 2393 3069 fidem
2443 3015 2683 3069 converti
2740 3023 2993 3084 possunt,
3030 3017 3154 3087 quia
3195 3018 3393 3072 nullam
3440 3020 3641 3076 habent

2070 3105 2393 3159 voluntatem
2428 3105 2740 3159 orthodoxa:
2788 3104 2910 3159 ﬁdei
2953 3105 3337 3177 professionem
3367 3123 3488 3163 cum
3516 3110 3639 3165 uni-

2066 3193 2257 3247 versali
2299 3193 2538 3248 Ecclesia
2581 3195 2953 3263 cogno-cendi.
2998 3194 3287 3250 ‘Docendus
3335 3207 3418 3252 est
3463 3200 3642 3270 itaque

2070 3284 2229 3337 homo
2250 3281 2565 3337 rationalem
2590 3283 2793 3337 habens
2815 3282 3235 3352 intelligentiam,
3253 3293 3307 3338 et
3328 3286 3637 3342 multimoda

2069 3374 2442 3441 praedicatione
2484 3374 2849 3435 attrahendus,
2901 3382 2960 3427 ut
3004 3389 3172 3428 sacra:
3202 3374 3322 3428 fidei
3359 3377 3638 3431 veritatem

2068 3471 2339 3532 agnoscat.
2365 3463 2431 3516 Et
2456 3463 2685 3518 maxime
2709 3460 2799 3516 Dei
2824 3463 3204 3533 omnipotentis
3232 3479 3328 3533 pro
3358 3480 3422 3520 eo
3452 3466 3638 3538 depre—

2069 3550 2238 3603 cauda
2263 3557 2346 3603 est
2364 3549 2667 3615 clementia,
2706 3552 2829 3619 quia
2861 3551 3031 3629 otiosa
3058 3559 3140 3607 est
3168 3552 3347 3623 lingua
3374 3554 3635 3620 docentis,

2040 3639 2115 3693 .si
2150 3640 2319 3708 gratia
2366 3640 2545 3693 divina
2588 3655 2682 3694 cor
2720 3642 2979 3695 auditoris
3023 3657 3130 3695 non
3171 3642 3378 3695 imbuit.
3420 3642 3637 3699 Dicente

2071 3729 2184 3797 ipsa
2221 3729 2453 3783 Vcritate
2485 3746 2497 3780 :
2534 3728 2700 3781 Nemo
2725 3738 2888 3799 potest
2916 3730 3082 3782 venire
3107 3729 3175 3781 ad
3198 3745 3297 3792 me,
3327 3730 3427 3783 nisi
3456 3727 3634 3795 Pater,

2067 3822 2157 3888 qui
2192 3821 2343 3873 misit
2391 3836 2487 3882 me,
2526 3821 2797 3872 attraxerit
2830 3836 2947 3872 eum
2978 3820 3169 3891 (Joan.
3205 3836 3286 3884 vr,
3314 3819 3381 3873 44
3396 3818 3436 3890 ).
3484 3820 3551 3875 Et
3579 3831 3638 3876 ut

2046 3900 2343 3983 aequaliter
2371 3920 2613 3966 sanctam
2644 3908 2959 3965 Trinitatem
2990 3910 3215 3966 salutem
3254 3912 3489 3967 hominis
3510 3927 3639 3983 ope-

2068 4002 2177 4055 rari
2207 4001 2497 4072 intelligas,
2520 4002 2651 4055 dicit
2681 4009 2736 4053 et
2780 4002 2892 4069 ipse
2929 4000 3185 4054 Dominus
3223 4000 3274 4053 in
3323 4000 3428 4053 alio
3468 4000 3585 4055 loco
3616 4014 3633 4053 :

2071 4092 2237 4144 Nemo
2269 4100 2431 4160 potest
2472 4091 2641 4143 venire
2680 4089 2749 4141 ad
2798 4087 3029 4153 Patrem,
3062 4090 3165 4142 nisi
3212 4105 3302 4159 per
3343 4105 3425 4142 me
3452 4088 3633 4161 (Joan.

2067 4196 2176 4244 xiv,
2216 4179 2290 4251 6).
2321 4179 2451 4233 Item
2479 4188 2533 4233 et
2554 4178 2620 4232 de
2655 4176 2854 4245 Spiritu
2884 4185 3069 4231 sancto
3106 4178 3182 4231 ait
3211 4196 3223 4229 :
3256 4177 3378 4231 Nisi
3410 4179 3524 4248 quis
3551 4195 3635 4233 τις
3678 4206 3685 4215 -

407 4257 641 4325 Spiritus
676 4258 932 4326 designat.
985 4260 1113 4313 Item
1152 4260 1195 4314 si
1241 4268 1441 4329 septem
1484 4262 1537 4315 in
1580 4264 1714 4318 duas
1766 4265 1967 4320 divide-
2068 4278 2220 4328 natas
2254 4268 2407 4337 fuerit
2433 4285 2495 4322 ex
2524 4285 2660 4338 aqua
2697 4277 2742 4319 et
2778 4267 2997 4336 Spiritu,
3028 4283 3128 4320 non
3155 4269 3559 4337 potestintroire
3581 4270 3636 4321 ir:

410 4347 499 4439 ιὶίεᾲ
528 4355 723 4439 partes,
764 4345 816 4439 id
843 4355 924 4439 est
949 4348 1003 4439 in
1031 4350 1066 4401 5
1086 4356 1141 4401 et
1166 4350 1219 4402 4.
1245 4348 1377 4403 Tres
1406 4352 1547 4439 enim
1586 4353 1741 4407 fidem
1771 4366 1968 4411 sancta:
2002 4372 2046 4429 υ
2072 4375 2283 4429 regnum
2310 4358 2406 4411 Dei
2423 4358 2601 4429 (Joan.
2625 4357 2795 4427 in,5).
2827 4355 2977 4423 Quod
2991 4358 3132 4411 enim
3156 4357 3436 4439 visibiliter
3460 4373 3639 4421 sacer~

352 4503 357 4507 ‘
408 4433 515 4506 42
548 4435 820 4529 Trinitatis
868 4435 1180 4529 designant,
1228 4438 1283 4491 in
1321 4454 1427 4529 qua
1468 4438 1571 4493 tide
1609 4442 1795 4529 omnes
1839 4460 1969 4511 gen-.-
2068 4448 2164 4500 dos
2197 4460 2295 4514 per
2319 4446 2639 4515 baptismum
2663 4454 2917 4513 operatur
2940 4447 2993 4500 in
3034 4461 3257 4516 corpore
3273 4433 3659 4516 peraqnaut,

411 4535 491 4578 tes
539 4524 801 4578 salvandze
844 4525 970 4589 sint,
993 4540 1110 4594 quae
1130 4527 1182 4580 in
1212 4525 1567 4595 quadrifarias
1596 4526 1756 4584 totius
1784 4534 1967 4603 mundi

410 4614 590 4682 plagas
609 4611 811 4667 dilfusa:
836 4623 978 4667 sunt.
1004 4614 1124 4669 Ideo
1144 4614 1398 4669 Dominus
1425 4625 1605 4670 noster
1622 4615 1777 4672 Jesus
1804 4619 1963 4674 Chri-

392 4714 523 4755 stus
570 4702 842 4770 discipulis
878 4704 989 4757 suis
1030 4704 1327 4769 mandavit,
1378 4706 1558 4759 dicens
1589 4721 1603 4758 :
1633 4707 1742 4773 Ite,
1793 4710 1967 4763 docete

411 4807 583 4844 omnes
619 4798 807 4860 gentes,
852 4787 1166 4858 eaptisa’ntes
1203 4807 1291 4845 eos
1330 4794 1386 4844 in
1428 4795 1632 4861 nomine
1681 4794 1881 4860 Patris,
1919 4807 1966 4849 et

382 4910 385 4917 ς
413 4877 561 4945 Filii,
588 4890 635 4932 et
678 4878 901 4948 Spiritus
925 4879 1104 4932 sancti
1132 4897 1151 4931 ξ
1182 4878 1419 4934 docentes
1447 4898 1531 4934 eos
1556 4899 1759 4936 servare
1792 4887 1967 4939 omnia

409 4984 722 5037 quacunque
752 4968 990 5022 mandavi
1021 4966 1156 5020 vobis
1178 4966 1388 5037 (Matth.
1419 4985 1606 5035 xxvnt,
1640 4972 1744 5041 l9).
1770 4971 1825 5024 In
1851 4972 1969 5026 istis

411 5058 744 5128 paucissimis
770 5058 947 5112 verbis
972 5057 1134 5112 totius
1159 5062 1357 5110 sanctae
1385 5059 1778 5125 pradicationis
1816 5062 1962 5114 ordi-

413 5160 531 5199 nem
562 5146 825 5213 exposuit.
853 5145 944 5200 Bis
980 5145 1169 5201 docere
1206 5145 1363 5209 dixit,
1396 5154 1451 5199 et
1476 5149 1643 5202 semel
1669 5149 1961 5218 baptizare.

413 5235 593 5289 Primo
618 5235 855 5288 omnium
881 5234 1037 5289 ﬁdem
1068 5233 1381 5288 catholicam
1404 5235 1593 5288 docere
1616 5238 1889 5306 praecepit,
1913 5247 1966 5291 ct

412 5334 531 5396 post
578 5324 737 5401 tidem
755 5333 1043 5395 ecceptam
1086 5327 1139 5380 in
1190 5325 1403 5379 nomine
1450 5333 1648 5379 sancta:
1689 5326 1967 5407 Trinitatis

411 5466 492 5510 est
519 5457 606 5512 illa
626 5455 832 5524 plenior
852 5456 917 5510 de
940 5457 1312 5523 praedicatione
1336 5458 1457 5511 fidei
1479 5456 1617 5524 apud
1648 5454 1850 5510 Avaros
1872 5472 1964 5509 no-

413 5525 549 5579 viter
573 5524 647 5582 ad
666 5526 821 5581 dem
850 5539 1134 5579 conversos
1172 5526 1451 5580 instructio
1471 5566 1485 5586 ,
1512 5539 1670 5592 quam
1702 5524 1753 5576 in
1799 5526 1962 5591 priori

413 5595 633 5660 epistola
656 5594 993 5663 promiserat,
1018 5607 1159 5646 anno
1176 5595 1383 5660 eodem,
1414 5595 1467 5649 ni
1499 5594 1668 5658 fallor,
1700 5594 1839 5657 data,
1866 5595 1964 5647 etsi

2069 4535 2170 4587 hoc
2208 4532 2437 4603 Spiritus
2482 4542 2698 4587 sanctus
2739 4533 3076 4589 invisibiliter
3100 4544 3351 4604 operatur
3371 4535 3424 4591 in
3454 4536 3634 4589 anima

2068 4636 2170 4689 per-
2194 4611 2376 4675 ﬁdem.
3604 4638 3608 4641 ·

2138 4710 2260 4762 Tria
2302 4717 2423 4763 sunt
2454 4711 2510 4762 in
2546 4710 2880 4771 baptismatis
2924 4721 3260 4765 sacramento
3306 4710 3532 4765 visibilia
3578 4721 3635 4764 et

2071 4802 2171 4855 tria
2218 4801 2521 4856 invisibilia.
2572 4801 2811 4856 Visibilia
2861 4798 2983 4854 sunt
3026 4802 3304 4864 sacerdos,
3350 4814 3545 4868 corpus
3577 4809 3633 4853 et

2066 4905 2225 4967 aqua.
2255 4888 2540 4943 Invisibilis
2584 4903 2727 4950 vero,
2760 4888 2977 4956 spiritus
2999 4897 3053 4941 et
3077 4889 3251 4941 anima
3280 4896 3333 4941 et
3358 4888 3509 4942 ﬁdes.
3540 4889 3628 4942 Illa

2067 4978 2169 5029 tria
2198 4976 2427 5030 visibilia
2453 4976 2584 5029 nihil
2620 4975 2901 5044 proficiunt
2926 4974 3074 5037 foris,
3106 4978 3149 5031 si
3178 4978 3292 5032 tunc
3318 4979 3420 5031 tria
3447 4978 3629 5032 invisi-

2063 5066 2189 5119 bilia
2235 5081 2340 5119 non
2386 5065 2527 5119 intus
2573 5072 2881 5134 operantur.
2940 5064 3201 5121 Sacerdos
3250 5081 3441 5135 corpus
3490 5082 3628 5135 aqua

2065 5153 2253 5219 abluit,
2300 5153 2532 5223 Spiritus
2578 5162 2793 5208 sanctus
2842 5154 3074 5229 animam
3119 5153 3221 5207 tidc
3244 5152 3525 5221 justilicat.
3564 5156 3631 5209 Et

2066 5243 2167 5296 hoc
2211 5252 2293 5297 est
2328 5244 2467 5312 quod
2493 5242 2777 5312 Apostolus
2819 5244 2895 5296 ait
2923 5260 2935 5295 :
2967 5242 3334 5311 Cooperatores
3362 5246 3497 5299 enim
3532 5245 3628 5301 Dei

2064 5347 2241 5383 sumus
2271 5330 2400 5402 (111
2440 5331 2597 5384 Joan.
2636 5346 2686 5394 I,
2712 5331 2796 5400 8).
2827 5330 3155 5401 Coeperatur
3200 5334 3360 5389 homo
3405 5334 3626 5409 Spiritui

2064 5459 2439 5531 cl.AHansi}‘i_us
2466 5458 2608 5531 illam
2631 5460 2696 5513 ad
2714 5474 2909 5514 annum
2942 5470 3271 5529 sequentem,
3296 5446 3626 5531 nempeid'i,

2067 5528 2279 5649 rcll‘crat.
2314 5528 2448 5582 Vide
2472 5529 2631 5583 etiam
2655 5544 2811 5598 supra
2836 5532 2990 5597 epist.
3014 5533 3081 5586 ‘28
3107 5544 3267 5602 (nunc
3293 5532 3404 5609 53).
3423 5528 3497 5583 ad
3521 5532 3626 5587 ϐδ-

2068 5614 2126 5650 I‘O
2151 5613 2257 5649 um.
