4238 6184
586 278 686 331 195

585 474 861 543 ptizandus
880 481 982 537 est,
1012 475 1287 542 cooperari
1314 476 1570 529 ambobus
1590 477 1746 531 debet
1763 479 1814 530 in
1833 480 2003 535 salute
2029 498 2144 545 sua,

588 560 640 615 id
667 570 768 625 est,
797 561 1017 631 Spiritui
1054 573 1238 617 sancto
1266 572 1321 615 et
1351 564 1635 627 sacerdoti,
1662 565 1934 621 humiliter
1957 584 2149 637 corpus

588 659 841 719 praestare
864 650 931 702 ad
956 651 1092 703 sacri
1128 652 1439 720 mysterium
1478 652 1697 716 lavacri,
1726 662 1780 707 et
1801 656 2032 710 animam
2058 674 2149 723 vo-

588 740 816 794 luntarie
840 740 907 794 ad
934 741 1205 795 catholicae
1232 741 1356 795 ﬁdei
1383 745 1792 817 susceptionem.
1823 746 1946 801 litec
1971 750 2147 801 omnia

587 828 789 883 doctori
814 829 865 881 in
908 828 1056 881 initio
1083 828 1222 889 ﬁdei,
1253 836 1306 881 et
1330 839 1664 884 sacramento
1696 832 2054 901 baptismatis,
2083 831 2150 888 ad

588 918 810 971 salutem
842 916 1153 986 accipientis
1180 919 1460 988 diligenter
1489 921 1872 976 conSideranda
1903 933 2023 977 sunt
2050 942 2064 989 ;
2098 934 2152 978 et

590 1004 977 1059 nondesidiose
1004 1006 1133 1059 tanti
1159 1007 1477 1060 sacramenti
1500 1009 1809 1076 mysterium
1838 1012 2077 1081 exsequi.

662 1093 764 1147 Sed
791 1096 890 1149 hoc
911 1109 1117 1162 quoque
1144 1110 1463 1164 magnopere
1494 1098 1821 1164 pensandum
1848 1109 1949 1164 est,
1980 1100 2151 1168 quali-

592 1191 674 1235 ter
694 1184 898 1236 novella
922 1184 1174 1252 plautatio
1194 1184 1411 1237 colenda
1438 1185 1529 1246 sit,
1565 1196 1617 1237 ut
1654 1187 1808 1254 primi
1849 1186 2007 1242 liores
2030 1188 2151 1243 ﬁdei

593 1269 658 1321 ad
691 1271 1025 1355 incrementa
1045 1270 1307 1324 fructuum
1352 1273 1630 1339 pervenire
1655 1273 1865 1328 valeant
1899 1294 1909 1328 :
1941 1292 2007 1330 ne
2033 1277 2151 1346 gelu

592 1359 871 1426 cuiuslibet
910 1360 1118 1414 duritia:
1167 1371 1563 1425 cmarcescant,
1609 1374 1664 1417 et
1706 1365 1773 1417 ad
1820 1368 2149 1422 dulcedinem

590 1449 757 1515 eptati
779 1448 980 1502 fruetus
1000 1464 1104 1501 non
1131 1459 1392 1503 crescant.
1420 1435 1549 1504 Nam
1590 1452 1847 1508 infantilis
1873 1465 2003 1510 aetas
2026 1473 2151 1511 sua-

592 1538 757 1589 vitate
778 1537 1001 1589 materni
1022 1536 1173 1591 lactis
1189 1540 1466 1592 nutrienda
1489 1549 1589 1603 est,
1618 1550 1671 1594 et
1696 1543 1962 1615 rudis43
1975 1546 2151 1598 anima

595 1622 921 1676 mollioribus
953 1624 1143 1678 divina:
1189 1625 1481 1681 dulcedinis
1520 1630 1799 1697 praeceptis
1822 1632 2007 1684 alenda
2050 1639 2149 1686 est.

594 1712 724 1765 Nam
766 1713 964 1767 solidus
1010 1715 1159 1768 cibus
1202 1716 1436 1773 virorum
1475 1726 1556 1771 est
1595 1718 1832 1785 fortium,
1869 1730 1920 1775 et
1966 1723 2152 1776 al;iora
2188 1721 2230 1778 Β

595 1807 855 1867 przecepta
886 1800 1091 1860 illorum
1121 1812 1243 1855 sunt
1276 1805 1363 1873 qui
1397 1808 1717 1863 exercitatos
1744 1810 1940 1864 habent
1966 1826 2154 1867 sensus

598 1887 649 1939 in
678 1888 792 1955 lege
828 1888 941 1943 Dei.
972 1889 1117 1944 Unde
1143 1899 1195 1945 et
1222 1886 1504 1961 Apostolus
1526 1897 1840 1963 quibusdam
1871 1897 2155 1967 fragilioris

596 1978 957 2048 intelligentia:
1000 1980 1253 2035 fratribus
1287 1985 1527 2039 scribens
1571 1986 1687 2039 ait:
1717 1988 1819 2039 Lac
1858 1989 1992 2042 vobis
2035 1991 2153 2043 dedi

514 2114 515 2117 η
588 2081 784 2130 escam,
811 2083 911 2120 non
939 2067 1159 2120 solidum
1188 2070 1355 2123 cibum
1393 2071 1505 2143 [ΑΙ.
1524 2114 1536 2131 ,
1564 2084 1756 2143 potant.
1787 2093 1889 2129 non
1929 2077 2152 2148 escam],

595 2156 716 2222 quia
744 2172 843 2208 non
868 2157 1102 2225 potuistis
1130 2160 1377 2229 accipere,
1408 2162 1496 2214 sed
1527 2163 1741 2215 necdum
1770 2167 1998 2233 potestis,
2030 2168 2152 2235 quia

592 2243 831 2297 carnales
871 2247 1010 2298 estis.
1058 2245 1297 2302 Carnalis
1338 2253 1473 2303 enim
1518 2254 1668 2305 homo
1713 2271 1812 2307 non
1859 2258 2069 2324 percipit
2095 2275 2155 2310 ea

600 2349 714 2400 qum
735 2332 831 2385 Dei
852 2344 1001 2396 sunt;
1029 2336 1275 2404 spiritalis
1316 2340 1450 2391 enim
1479 2341 1652 2411 om_nia
1679 2341 1929 2409 dijudicat
1955 2343 2007 2414 (Ι
2033 2344 2152 2398 Cor.

604 2442 685 2489 Ili,
707 2426 783 2495 2),
817 2427 866 2478 id
900 2435 1000 2490 est,
1031 2428 1284 2481 discernit
1310 2438 1361 2483 et
1376 2429 1596 2498 judicat.
1625 2432 1775 2485 Unde
1797 2441 1849 2486 et
1873 2433 1984 2502 ipsa
2010 2436 2171 2489 Veri-7

602 2526 684 2569 tas
711 2516 761 2568 in
783 2515 1069 2584 Evangelio
1094 2518 1406 2584 quibusdam
1437 2519 1882 2574 calumniantibus
1911 2537 2006 2573 cur
2033 2537 2156 2590 apo-

603 2604 722 2659 stoli
746 2602 1152 2673 nonjejunarent
1171 2606 1571 2660 sicutPhartsaei
1588 2608 1889 2677 etdiscipuli
1918 2608 2155 2672 Joannis,

604 2688 875 2760 respondit
902 2708 913 2743 :
940 2692 1103 2744 Nemo
1124 2694 1275 2745 mittit
1297 2695 1467 2747 vinum
1497 2713 1675 2748 novum
1702 2699 1755 2749 in
1786 2708 1919 2751 utres
1943 2710 2123 2751 re3eres
2138 2716 2157 2763 ;

606 2780 835 2848 alioquin
868 2788 913 2831 et
955 2788 1089 2831 utres
1138 2794 1462 2848 rumpuntur,
1492 2794 1536 2834 et
1585 2784 1755 2837 vinum
1782 2786 2081 2854 effunditur,
2113 2797 2157 2840 et

608 2878 743 2923 utres
770 2868 1004 2939 peribunt
1033 2869 1242 2937 (Matth.
1262 2888 1337 2933 ts,
1368 2873 1474 2943 17).
1499 2874 1596 2939 Qui
1623 2885 1745 2928 sunt
1766 2885 1909 2930 utres
1932 2888 2156 2939 veteres,

607 2962 709 3015 nisi
732 2960 821 3027 qui
857 2960 908 3013 in
935 2962 1241 3029 gentilitatis
1276 2965 1547 3017 erroribus
1583 2967 2011 3020 obduraverunt?
2038 2968 2156 3035 qni—

612 3047 711 3099 bus
737 3046 781 3099 si
824 3046 1149 3117 [austeriora
1204 3049 1395 3120 (Edit.,,
1442 3053 1876 3124 austerioribus)]
1918 3055 1970 3107 in
2012 3034 2159 3110 initio
2185 3034 2232 3098 ο

612 3134 732 3188 ﬁdei
779 3152 926 3190 nova:
960 3138 1345 3205 praedicationis
1380 3150 1639 3208 prrecepta
1688 3144 1989 3205 tradideris,
2016 3160 2161 3196 rum-

610 3232 822 3293 puntur,
846 3216 900 3277 et
926 3227 990 3279 ad
1019 3234 1223 3282 veteres
1256 3231 1663 3284 consuetudines
1716 3231 1951 3299 perﬁdia:
1997 3232 2165 3284 revol-

613 3323 823 3366 vunttlr.

676 3401 1014 3455 Constantior
1041 3410 1123 3455 est
1151 3403 1330 3472 itaque
1379 3404 1445 3456 ad
1474 3419 1629 3457 omne
1657 3398 1787 3473 opus
1816 3420 1964 3459 tuens
1999 3406 2165 3460 multo

613 3496 846 3557 tempore
879 3490 931 3542 in
956 3506 1121 3544 sacra),
1141 3490 1262 3544 ﬁdei
1289 3493 1688 3545 consecratione
1714 3495 1983 3558 roborata,
2007 3511 2164 3563 quam

607 3576 817 3630 novella
860 3578 1234 3645 przedicatione
1285 3579 1511 3631 initiata.
1554 3579 1722 3632 Aliter
1766 3581 1907 3634 enim
1947 3591 2165 3637 sanctus

613 3658 819 3730 Petrus,
847 3676 1126 3737 postquam
1148 3679 1321 3722 musto
1343 3671 1509 3723 sancti
1535 3668 1765 3739 Spiritus
1800 3672 2030 3740 repletus
2058 3688 2159 3737 eSt,

612 3756 666 3806 in
693 3754 898 3809 Palatio
928 3756 1168 3808 Romano
1214 3771 1310 3822 pro
1348 3756 1449 3808 fide
1494 3757 1793 3809 Christiana
1841 3758 2036 3812 Neroni
2084 3776 2166 3813 re-

616 3841 858 3907 spondit;
888 3849 942 3893 et
971 3840 1125 3892 aliter
1158 3841 1210 3892 in
1256 3841 1413 3895 domo
1442 3841 1654 3913 Caiphm
1695 3859 1792 3912 pro
1837 3846 2166 3917 confessione

620 3929 962 3997 dispipulatus
989 3927 1184 3982 Christi
1209 3929 1413 3983 ancilla:
1458 3933 1745 3998 respondit.
1777 3932 1875 3987 llic
1903 3935 2163 3998 timidior,

617 4018 722 4071 illic
750 4016 1093 4087 constantior.
1132 4014 1242 4069 Hoc
1267 4017 1532 4085 exemplar
1561 4018 1657 4071 fuit
1685 4018 2002 4089 fragilitatis,
2040 4023 2166 4077 illud

618 4104 956 4160 fortitudinis.
995 4104 1160 4168 Quem
1183 4104 1423 4158 Christus
1451 4115 1570 4174 post
1594 4111 2030 4163 resurrectionem
2056 4112 2166 4178 pie-

619 4194 742 4273 tatis
770 4193 960 4245 intuitu
990 4193 1124 4247 trina
1149 4192 1448 4263 dilectionis
1477 4210 1585 4248 sua:
1612 4197 1937 4262 professione
1965 4200 2029 4252 ad
2061 4201 2169 4267 pri-

618 4281 769 4347 stiha:
809 4281 1082 4344 dignitatis
1109 4283 1463 4350 principatum
1504 4287 1792 4348 revocavit,
1821 4297 1978 4353 atque
2006 4304 2162 4353 oves,

614 4387 749 4451 quas
780 4371 993 4456 prrio
1014 4370 1234 4423 redemit
1253 4373 1527 4437 sanguine,
1547 4377 2166 4445 commendavitpascen-
2197 4366 2241 4421 Γ)

618 4450 719 4515 das
754 4450 1132 4531 (malum):
1167 4467 1426 4527 quatenus
1465 4461 1633 4514 bonus
1679 4473 1859 4530 pastor
1904 4465 2166 4534 intellige-

617 4560 716 4612 ret,
741 4565 845 4602 non
868 4563 1075 4617 semper
1110 4548 1475 4616 delinquentes
1508 4553 1965 4617 durajnv'ectione
2004 4558 2164 4610 casti—

616 4651 761 4709 gare,
790 4636 880 4688 sed
904 4653 1040 4705 s:epe
1071 4639 1168 4704 pia:
1198 4640 1572 4692 consolationis
1612 4642 1971 4697 admonitione
2002 4648 2166 4698 corri-

616 4739 760 4791 gere.
784 4722 915 4775 Nam
946 4734 998 4777 et
1042 4725 1151 4791 ipse
1175 4726 1427 4778 Dominus
1470 4737 1649 4780 noster
1694 4727 1848 4783 Jesus
1891 4730 2165 4795 Christus,

622 4813 744 4866 dum
774 4826 803 4863 a
830 4811 1023 4864 ludatis
1056 4819 1344 4865 tentaretur
1377 4814 1441 4867 de
1489 4815 1707 4869 muliere
1750 4818 2016 4883 adultera,
2064 4837 2169 4873 non

611 4901 799 4955 statim
824 4899 1005 4968 legalis
1041 4914 1317 4954 censuram
1354 4904 1627 4958 sententia:
1653 4908 1889 4972 protulit,
1932 4911 2023 4963 sed
2069 4912 2169 4963 hu-

616 4992 859 5045 militatis
909 4992 1151 5059 exemplo
1196 5008 1252 5045 se
1299 4995 1556 5048 inclinans
1602 4999 1867 5051 scribebat
1917 5000 1968 5051 in
2030 5009 2169 5051 terra

619 5079 801 5150 (Joan.
827 5080 970 5149 vni),
1007 5091 1065 5134 ut
1091 5082 1389 5151 designaret
1417 5085 1683 5137 doctorem
1712 5089 1936 5153 propria:
1968 5087 2168 5157 fragili-

620 5166 749 5219 tatis
772 5166 953 5236 culpas
981 5170 1033 5223 in
1061 5170 1275 5238 pulvere
1300 5173 1380 5224 sui
1409 5174 1585 5226 cordis
1623 5176 1770 5240 prius
1800 5176 2094 5245 depingere,
2120 5190 2172 5234 et

622 5255 702 5308 sic
730 5252 897 5307 aliena
923 5256 1103 5312 mitius
1132 5258 1417 5327 diiudicare
1438 5270 1673 5329 peccata.
1709 5262 1778 5314 At
1801 5265 1842 5316 si
1866 5265 2019 5329 hujus
2050 5284 2173 5321 con-

620 5334 1175 5413 siderationis‘iregula
1218 5349 1269 5401 in
1312 5351 1454 5402 omni
1480 5359 1635 5404 aztate
1658 5361 1711 5404 et
1753 5357 2022 5420 preposito
2051 5358 2171 5409 dili-

614 5440 808 5497 genter.
842 5434 1118 5489 tractanda
1141 5444 1239 5499 est,
1264 5448 1462 5505 quanto
1489 5441 1656 5507 magis
1697 5443 1749 5495 in
1771 5444 1853 5496 his
1884 5446 1972 5497 oui
1998 5446 2063 5498 ab
2089 5463 2174 5507 er:

693 5549 719 5576 ⁸
757 5537 892 5593 ﬁdit.
922 5542 1169 5608 Quercet.
1200 5545 1289 5609 90,
1317 5560 1379 5597 ex
1409 5563 1506 5599 ms.
1543 5549 1791 5615 (Froben.
1824 5555 1931 5617 3|).

1425 280 1483 334 Β.
1524 280 1583 333 F.
1624 280 1843 336 ALBlNl
1882 283 2010 338 SEU
2041 284 2311 343 ALCUINI
2352 291 2632 349 OPERUM
2674 298 2848 352 PARS
2882 299 2923 351 Ι.

478 419 490 439 .
584 394 768 440 sancto
794 385 846 437 iu
872 384 1041 438 salute
1082 384 1329 441 hominis.
1366 386 1467 440 Sed
1496 396 1550 440 et
1570 388 1686 457 ipse
1724 390 1904 453 homo,
1934 393 2025 460 qui
2054 393 2146 447 bas
2175 399 2219 472 Α
2248 413 2369 452 rore
2395 383 2590 456 inolitaa
2616 406 3013 459 consuetudinis
3052 407 3116 459 ad
3146 406 3300 461 ﬁdem
3332 408 3689 462 Christianam
3711 426 3800 461 nu-

3705 300 3799 353 196

2246 504 2344 558 per
2362 494 2604 546 conversi
2626 502 2749 547 sunt
2786 510 2978 565 magno
3005 497 3218 564 pietatis
3244 498 3601 552 moderamine
3626 500 3803 553 obser.

2247 581 2417 634 vanda
2443 584 2559 635 est?
2596 582 2705 636 Nec
2728 599 2833 638 non
2856 586 3015 640 etiam
3045 594 3101 641 et
3128 586 3179 640 in
3203 587 3307 641 illis
3346 590 3433 655 qui
3472 590 3539 643 ab
3581 589 3802 643 infantia

2247 669 2562 724 Christiana:
2592 672 2713 726 ﬁdei
2739 684 3443 742 sacramentasusceperant,
3471 687 3526 729 et
3542 677 3802 731 diabolica

2248 757 2433 811 fraude
2451 768 2569 826 post
2594 762 2817 830 decepti,
2854 762 3007 833 longa
3047 766 3426 839 consuetudine
3451 766 3688 819 carnales
3717 782 3801 819 se-

2249 848 2357 901 cuti
2384 857 2508 901 sunt
2538 849 2810 904 luxurias:
2844 851 2926 904 vel
2956 852 3076 905 aliis
3117 853 3434 920 quibuslibet
3466 863 3801 920 peccatorum

2249 937 2475 991 nexibus
2495 938 2732 1007 obligati,
2773 939 3059 993 levioribus
3087 942 3257 1008 primo
3288 943 3572 994 verborum
3604 941 3804 994 fomen-

2250 1028 2320 1081 tis
2355 1029 2660 1082 consolandi
2685 1038 2827 1092 sunt,
2863 1045 2929 1083 ne
2953 1031 3276 1098 ptenitentize
3304 1032 3689 1085 medicamenta
3715 1033 3827 1103 du-rr

2251 1117 2483 1170 rioribus
2501 1119 2741 1170 exterriti
2773 1119 3215 1186 castigationibus
3239 1120 3579 1171 abhorreant.

2322 1205 2459 1258 Sunt
2479 1207 2718 1273 qutealam
2743 1207 3077 1261 inﬁrmitates
3104 1223 3219 1275 qua:
3250 1209 3435 1261 melius
3459 1206 3805 1278 [dulcioribus

2252 1293 2583 1346 medicantur
2609 1286 2912 1360 potionibus
2933 1308 3090 1360 quam
3114 1295 3329 1356 amaris,
3345 1302 3397 1346 et
3424 1295 3659 1361 qumdam
3688 1309 3805 1362 qu.‘e

2250 1366 2462 1453 melius]
2492 1382 2843 1436 amarioribus
2865 1376 3021 1449 quam
3049 1382 3306 1435 dulcibus.
3349 1382 3498 1436 Unde
3517 1391 3571 1435 et
3616 1382 3805 1435 doctor

2251 1472 2427 1540 populi
2452 1472 2565 1534 Dei,
2597 1471 2722 1524 dum
2762 1473 2967 1525 cunctis
2993 1472 3248 1524 virtutum
3282 1471 3508 1524 lucernis
3546 1472 3598 1524 in
3651 1472 3805 1525 domo

2253 1562 2349 1615 Dei
2371 1562 2665 1615 clarescere
2709 1562 2900 1623 debet,
2949 1562 3176 1615 maxime
3232 1570 3407 1615 tamen
3454 1562 3807 1631 sagacissime

2254 1652 2591 1708 discretionis
2615 1651 2959 1721 intelligentia
3004 1652 3201 1721 pollere
3226 1692 3240 1715 ,
3286 1661 3341 1705 ut
3370 1652 3505 1705 sciat
3537 1651 3665 1719 quid
3721 1652 3805 1705 cui

2257 1758 2515 1813 personm,
2552 1744 2723 1807 sexui,
2761 1744 2903 1797 aetati
2939 1752 2995 1798 et
3018 1745 3318 1812 proposito,
3364 1744 3445 1797 vel
3472 1744 3633 1797 etiam
3674 1752 3810 1798 tem~

2256 1832 2371 1900 pori
2410 1833 2706 1887 conveniat.
2746 1832 2874 1897 Quae
2896 1833 3074 1889 omnia
3094 1835 3279 1887 beatus
3307 1832 3597 1903 Gregorius
3624 1833 3810 1887 claris-

2256 1923 2424 1976 simus
2457 1923 2640 1976 doctor
2669 1923 2723 1975 in
2754 1923 2890 1977 libro
2918 1924 3206 1978 Pastoralis
3233 1924 3384 1977 Cone
3424 1924 3809 1978 studiosissime

2255 2010 2558 2077 exquisivit,
2582 2012 2824 2078 personis
2869 2012 3132 2075 distinxit,
3153 2013 3411 2079 exemplis
3459 2012 3713 2073 firmavit,
3756 2024 3813 2064 et

2255 2098 2552 2152 divinarum
2577 2099 2969 2167 Scripturarum
3020 2102 3333 2156 auctoritate
3390 2102 3683 2154 roboravit.
3730 2101 3810 2153 Ad

2256 2185 2407 2253 cujus
2427 2188 2545 2241 libri
2570 2189 2849 2243 lectionem
2879 2199 2953 2252 te,
2975 2191 3303 2244 sanctissime
3327 2189 3538 2257 praesul,
3577 2190 3808 2253 remitto,

2254 2280 2542 2333 obsecrans
2567 2286 2627 2331 ut
2653 2279 2794 2331 illum
2840 2280 3030 2348 saepius
3073 2280 3224 2347 quasi
3246 2280 3573 2333 enchiridiou
3616 2280 3811 2332 habeas

2257 2368 2310 2421 in
2334 2367 2575 2421 manibus
2596 2374 2649 2419 et
2677 2367 2750 2445 in‘
2768 2368 2926 2445 corde
2967 2367 3214 2420 retineas.
3242 2366 3321 2419 Ac
3346 2367 3461 2419 ideo
3483 2366 3606 2419 dum
3648 2366 3812 2433 pluri-

2255 2472 2374 2510 mos
2412 2465 2483 2519 te,
2513 2442 2817 2511 beatissime
2842 2442 3023 2522 Pater,
3056 2467 3362 2513 sanctorum
3399 2461 3671 2513 doctorum
3704 2459 3814 2512 scio

2254 2546 2422 2600 libros
2443 2548 2658 2609 habere,
2687 2547 2885 2615 legere,
2938 2555 2992 2600 et
3025 2549 3174 2601 ﬁrma
3205 2557 3386 2603 tenere
3428 2550 3681 2603 memoria
3702 2589 3716 2611 ,
3755 2556 3812 2601 et

2258 2635 2485 2689 maxime
2527 2634 2580 2687 in
2618 2635 2809 2688 divinis
2836 2636 3025 2689 litteris
3059 2638 3349 2691 studiosum
3389 2652 3507 2691 esse
3554 2652 3808 2707 agnoscov

2258 2740 2709 2795 supervacaneum
2734 2742 2852 2781 esse
2880 2728 3089 2780 videtur
3122 2744 3252 2782 mea:
3270 2729 3517 2783 litterulis
3539 2728 3811 2795 imperitiae

2260 2826 2361 2871 tam:
2387 2818 2657 2885 sapientia:
2678 2833 2833 2872 aures
2857 2834 3134 2887 occupare.
3177 2818 3283 2875 Nisi
3311 2819 3587 2873 cbaritatis
3609 2828 3810 2872 tantum

2260 2922 2419 2960 causa
2448 2924 2619 2959 meam
2649 2910 3108 2976 praesumptimem
3136 2912 3459 2963 antemulos
3482 2910 3813 2963 auctoritatis

2260 3003 2451 3047 vestra:
2469 2994 2628 3061 juste,
2655 3004 2713 3049 ut
2741 3004 2889 3064 puto,
2912 3012 3164 3050 excusare
3216 2998 3437 3065 poterit;
3477 2997 3776 3050 nedilectio
3794 3037 3808 3058 ,

2262 3097 2379 3150 qua:
2406 3084 2548 3136 intus
2572 3084 2720 3135 ardet
2740 3084 2792 3135 in
2817 3086 2995 3146 corde,
3029 3093 3169 3137 muta
3200 3084 3328 3138 foris
3361 3087 3603 3145 videatur
3627 3086 3677 3136 in
3700 3100 3812 3136 vcr-

2263 3171 2364 3223 bis.
2388 3170 2589 3233 Adhuc
2608 3170 2748 3222 enim
2777 3171 3020 3223 videntur
3045 3173 3203 3226 verba
3228 3174 3530 3227 hominibus
3560 3175 3709 3236 data,
3757 3184 3810 3226 ut

2233 3262 2241 3272 ‘
2264 3270 2455 3309 arcana
2473 3256 2648 3309 cordis
2672 3256 2918 3310 fraternis
2947 3257 3161 3311 auribus
3186 3258 3458 3313 infundere
3488 3261 3709 3314 valeant.
3735 3261 3811 3312 Ad

2265 3343 2365 3397 hoc
2392 3345 2626 3411 epistolae
2660 3346 2994 3408 scribuntur,
3042 3356 3099 3399 ut
3129 3388 3142 3410 ,
3180 3363 3284 3415 quo
3324 3352 3605 3401 verborum
3653 3365 3813 3403 souns

2262 3432 2539 3497 pervenire
2592 3448 2697 3485 non
2747 3434 2977 3500 poterit,
3021 3434 3313 3487 litterarum
3345 3434 3514 3489 oflicia
3555 3446 3808 3496 currant;

2264 3526 2521 3585 quatenus
2535 3530 2729 3575 mutua:
2756 3522 3032 3575 charitatis
3053 3523 3104 3574 in
3126 3523 3362 3589 apicibus
3384 3524 3533 3593 signa
3562 3516 3812 3575 fraternis

2264 3607 2532 3671 obtutibus
2568 3610 3030 3663 demonstrentur:
3066 3620 3121 3662 ut
3163 3612 3254 3662 ﬁat
3293 3612 3589 3663 animorum
3615 3611 3667 3662 in
3691 3611 3788 3663 eha

2266 3699 2422 3752 ritate
2450 3701 2747 3767 prmsentia,
2789 3701 2878 3754 ubi
2910 3710 2993 3752 est
3039 3690 3564 3769 corporum‘propter
3610 3701 3813 3768 longin-

2266 3774 2521 3854 quitatem
2560 3788 2669 3858 44
2716 3789 2949 3842 locorum
3004 3792 3261 3844 absentia.
3316 3791 3359 3845 Ο
3408 3791 3527 3844 felix
3567 3800 3620 3844 ct
3658 3792 3811 3845 beata

2266 3875 2395 3938 vita,
2428 3876 2515 3928 ubi
2544 3892 2753 3946 semper
2777 3878 2918 3946 quod
2963 3888 3169 3931 amatur
3194 3880 3402 3933 videtur
3427 3890 3481 3933 et
3508 3882 3647 3948 quod
3672 3881 3814 3933 vide-

2266 3972 2352 4017 tur
2393 3981 2659 4033 nunquam
2711 3966 2936 4019 fastidit!
2977 3968 3072 4021 Ubi
3124 3969 3257 4022 Deus
3306 3969 3550 4023 omnibus
3586 3978 3815 4021 aeternus

2267 4071 2416 4108 amor
2443 4095 2457 4118 ,
2505 4050 2700 4108 attenta
2744 4056 2896 4119 laus,
2939 4057 3102 4123 gloria
3137 4066 3191 4109 et
3227 4056 3514 4111 beatitudo.
3564 4058 3644 4110 Ad
3678 4058 3815 4113 hanc

2266 4154 2393 4195 vero
2426 4144 2664 4212 V'itanret
2706 4143 3009 4219 felicitatem
3041 4158 3123 4194 me
3149 4144 3459 4197 familiarem
3493 4153 3637 4196 tuum
3684 4144 3815 4197 ³8ὲί-

2267 4231 2383 4284 duis
2409 4234 2655 4299 precith
2685 4242 2737 4287 et
2774 4234 3230 4287 exhortationibus
3258 4245 3430 4289 tecum
3458 4237 3607 4288 trahe
3627 4274 3641 4298 ,
3686 4249 3815 4301 qua-

2271 4328 2422 4373 tenus
2444 4330 2563 4388 post
2598 4322 2751 4389 hujus
2764 4324 2883 4377 vitae
2905 4324 3223 4391 procellosus
3247 4334 3588 4393 tempestates
3614 4324 3679 4377 ad
3695 4338 3813 4391 per-

2268 4419 2437 4477 petua:
2448 4419 2656 4477 portum
2682 4412 2895 4478 quietis,
2923 4412 3135 4466 Christo
3162 4414 3464 4474 miserante,
3496 4423 3667 4466 tecum
3694 4425 3814 4476 per-

2270 4499 2447 4551 venire
2473 4514 2697 4551 merear.
2727 4500 2969 4553 Vestram
3000 4502 3332 4554 sanctitatem
3363 4502 3412 4552 in
3447 4500 3690 4551 omnibus
3722 4497 3815 4549 bo-

2233 4620 2247 4631 ι
2270 4588 2351 4639 nis
2378 4586 2563 4640 florere
2607 4598 2659 4641 et
2685 4590 2749 4641 ad
2773 4598 3079 4656 perpetuam
3113 4591 3250 4641 Deus
3285 4589 3438 4642 Jesus
3470 4588 3724 4655 prolicere
3744 4584 3815 4637 fa—

2271 4678 2375 4729 ciat
2412 4676 2734 4738 felicitatem,
2762 4677 3244 4749 desiderantissime
3286 4676 3449 4749 frater
3478 4677 3532 4729 in
3572 4675 3810 4728 Christo.

2707 4799 2731 4826 ι
2760 4788 3085 4841 EPISTOLA
3124 4787 3266 4839 XXX
3276 4788 3377 4841 Vl].

2775 4894 2836 4929 AD
2874 4892 3086 4930 IIO'NUI
3126 4890 3297 4927 πείθει
3308 4913 3319 4925 .

2873 4965 3044 5032 (Anno
3083 4961 3223 5031 796.)

2274 5049 2616 5117 PtoIcaptiris
2639 5053 2692 5103 in
2720 5050 2849 5103 bello
2880 5022 3141 5115 ila-nico,
3168 5022 3215 5104 et
3261 5068 3353 5117 pro
3393 5022 3816 5118 hostibusaepre-
3836 5067 3847 5075 ε

2968 5130 3135 5171 catur.

2968 5136 3135 5171 catur.

2344 5206 2559 5259 Domine
2586 5208 2655 5259 mi
2681 5208 3037 5267 dilectissime,
3069 5217 3124 5260 et
3157 5206 3476 5271 dulcissime,
3505 5218 3559 5263 et
3579 5205 3830 5273 omnium

2274 5295 2757 5349 desiderantissime
2800 5298 2869 5348 mi
2911 5296 3099 5348 David!
3135 5295 3323 5348 Tristis
3366 5304 3447 5369 est
3479 5295 3696 5348 Flaccus
3729 5305 3815 5343 ve-

2275 5395 2382 5437 ster
2438 5396 2648 5453 propter
2698 5387 3053 5438 inﬁrmitatem
3091 5396 3340 5439 vestram.
3392 5386 3563 5453 Opto,
3610 5393 3663 5435 et
3706 5390 3816 5433 toto

2276 5477 2431 5527 corde
2457 5478 2616 5527 Deum
2642 5478 2893 5543 deprecor
2917 5487 2973 5526 ut
2998 5476 3102 5527 cito
3124 5478 3461 5541 convalealis,
3488 5484 3544 5527 nt
3571 5473 3815 5542 gaudium
