  <div class='ocr_page' id='page_1' title='image "/cluster/home/n/w/nwhite01/storage/ocr_20150623/100/uva.x000827058/106.png"; bbox 0 0 4226 6188; ppageno 0'>
   <div class='ocr_carea' id='block_1_1' title="bbox 384 330 473 387">
    <p class='ocr_par' dir='ltr' id='par_1_1' title="bbox 384 330 473 387">
     <span class='ocr_line' id='line_1_1' title="bbox 384 330 473 387; baseline 0 -1"><span class='ocrx_word' id='word_1_1' title='bbox 384 330 473 387; x_wconf 76' lang='grc'><strong>197</strong></span> 
     </span>
    </p>
   </div>
   <div class='ocr_carea' id='block_1_2' title="bbox 1786 302 2152 382">
    <p class='ocr_par' dir='ltr' id='par_1_2' title="bbox 1786 302 2152 382">
     <span class='ocr_line' id='line_1_2' title="bbox 1786 302 2152 382; baseline -0.011 -1"><span class='ocrx_word' id='word_1_2' title='bbox 1786 302 2152 382; x_wconf 58' lang='grc' dir='ltr'><strong>Ειιιετοιηρισ.</strong></span> 
     </span>
    </p>
   </div>
   <div class='ocr_carea' id='block_1_3' title="bbox 3506 312 3600 370">
    <p class='ocr_par' dir='ltr' id='par_1_3' title="bbox 3506 312 3600 370">
     <span class='ocr_line' id='line_1_3' title="bbox 3506 312 3600 370; baseline 0.021 -2"><span class='ocrx_word' id='word_1_3' title='bbox 3506 312 3600 370; x_wconf 82' lang='grc'><strong>198</strong></span> 
     </span>
    </p>
   </div>
   <div class='ocr_carea' id='block_1_4' title="bbox 372 420 3603 515">
    <p class='ocr_par' dir='ltr' id='par_1_4' title="bbox 372 420 3603 515">
     <span class='ocr_line' id='line_1_4' title="bbox 372 420 3603 515; baseline -0.008 -15"><span class='ocrx_word' id='word_1_4' title='bbox 372 457 625 503; x_wconf 86' lang='lat' dir='ltr'><strong>nostrum</strong></span> <span class='ocrx_word' id='word_1_5' title='bbox 669 454 735 500; x_wconf 82' lang='lat' dir='ltr'><strong>su</strong></span> <span class='ocrx_word' id='word_1_6' title='bbox 765 446 979 515; x_wconf 90' lang='lat' dir='ltr'><strong>plenum</strong></span> <span class='ocrx_word' id='word_1_7' title='bbox 1004 447 1057 499; x_wconf 91' lang='lat' dir='ltr'><strong>in</strong></span> <span class='ocrx_word' id='word_1_8' title='bbox 1084 445 1233 498; x_wconf 99' lang='lat' dir='ltr'><strong>vobis</strong></span> <span class='ocrx_word' id='word_1_9' title='bbox 1264 484 1275 507; x_wconf 90' lang='lat'><strong>,</strong></span> <span class='ocrx_word' id='word_1_10' title='bbox 1321 452 1374 496; x_wconf 92' lang='lat' dir='ltr'><strong>ct</strong></span> <span class='ocrx_word' id='word_1_11' title='bbox 1396 420 1819 496; x_wconf 29' lang='lat' dir='ltr'><strong>sanitas‘vestra</strong></span> <span class='ocrx_word' id='word_1_12' title='bbox 1868 441 1938 491; x_wconf 88' lang='lat' dir='ltr'><strong>sit</strong></span> <span class='ocrx_word' id='word_1_13' title='bbox 1969 448 2014 499; x_wconf 84' lang='grc' dir='ltr'>Λ</span> <span class='ocrx_word' id='word_1_14' title='bbox 2039 452 2132 491; x_wconf 92' lang='lat' dir='ltr'><strong>ore</strong></span> <span class='ocrx_word' id='word_1_15' title='bbox 2155 478 2170 501; x_wconf 90' lang='lat'><strong>,</strong></span> <span class='ocrx_word' id='word_1_16' title='bbox 2215 437 2505 491; x_wconf 74' lang='lat' dir='ltr'><strong>honestatis</strong></span> <span class='ocrx_word' id='word_1_17' title='bbox 2527 433 2768 500; x_wconf 79' lang='lat' dir='ltr'><strong>exempla</strong></span> <span class='ocrx_word' id='word_1_18' title='bbox 2820 432 2870 483; x_wconf 92' lang='lat' dir='ltr'><strong>in</strong></span> <span class='ocrx_word' id='word_1_19' title='bbox 2930 432 3198 513; x_wconf 82' lang='lat' dir='ltr'><strong>moribus;</strong></span> <span class='ocrx_word' id='word_1_20' title='bbox 3234 436 3290 482; x_wconf 98' lang='grc' dir='ltr'><strong>ιιι</strong></span> <span class='ocrx_word' id='word_1_21' title='bbox 3352 436 3402 480; x_wconf 89' lang='lat' dir='ltr'><strong>te</strong></span> <span class='ocrx_word' id='word_1_22' title='bbox 3429 426 3603 479; x_wconf 83' lang='lat' dir='ltr'><strong>divina</strong></span> 
     </span>
    </p>
   </div>
   <div class='ocr_carea' id='block_1_5' title="bbox 387 525 1951 602">
    <p class='ocr_par' dir='ltr' id='par_1_5' title="bbox 387 525 1951 602">
     <span class='ocr_line' id='line_1_5' title="bbox 387 525 1951 602; baseline -0.006 -16"><span class='ocrx_word' id='word_1_23' title='bbox 387 535 538 602; x_wconf 88' lang='lat' dir='ltr'><strong>plena</strong></span> <span class='ocrx_word' id='word_1_24' title='bbox 571 535 753 587; x_wconf 86' lang='lat' dir='ltr'><strong>anima</strong></span> <span class='ocrx_word' id='word_1_25' title='bbox 778 542 834 587; x_wconf 88' lang='lat' dir='ltr'><strong>et</strong></span> <span class='ocrx_word' id='word_1_26' title='bbox 852 548 1094 601; x_wconf 91' lang='lat' dir='ltr'><strong>corpore.</strong></span> <span class='ocrx_word' id='word_1_27' title='bbox 1116 530 1340 584; x_wconf 93' lang='lat' dir='ltr'><strong>Domine</strong></span> <span class='ocrx_word' id='word_1_28' title='bbox 1368 529 1469 582; x_wconf 88' lang='lat' dir='ltr'><strong>mi!</strong></span> <span class='ocrx_word' id='word_1_29' title='bbox 1503 543 1706 582; x_wconf 88' lang='lat' dir='ltr'><strong>memor</strong></span> <span class='ocrx_word' id='word_1_30' title='bbox 1743 526 1813 579; x_wconf 84' lang='lat' dir='ltr'><strong>sit</strong></span> <span class='ocrx_word' id='word_1_31' title='bbox 1844 525 1951 593; x_wconf 87' lang='lat' dir='ltr'><strong>pic-</strong></span> 
     </span>
    </p>
   </div>
   <div class='ocr_carea' id='block_1_6' title="bbox 390 618 1947 690">
    <p class='ocr_par' dir='ltr' id='par_1_6' title="bbox 390 618 1947 690">
     <span class='ocr_line' id='line_1_6' title="bbox 390 618 1947 690; baseline -0.007 -15"><span class='ocrx_word' id='word_1_32' title='bbox 390 635 470 678; x_wconf 90' lang='lat' dir='ltr'><strong>tas</strong></span> <span class='ocrx_word' id='word_1_33' title='bbox 486 630 664 676; x_wconf 87' lang='lat' dir='ltr'><strong>vestra</strong></span> <span class='ocrx_word' id='word_1_34' title='bbox 686 624 1039 690; x_wconf 89' lang='lat' dir='ltr'><strong>captivorum,</strong></span> <span class='ocrx_word' id='word_1_35' title='bbox 1055 633 1079 659; x_wconf 84' lang='grc' dir='ltr'><strong>ιι</strong></span> <span class='ocrx_word' id='word_1_36' title='bbox 1101 621 1224 687; x_wconf 86' lang='lat' dir='ltr'><strong>dum</strong></span> <span class='ocrx_word' id='word_1_37' title='bbox 1240 628 1325 673; x_wconf 90' lang='lat' dir='ltr'><strong>est</strong></span> <span class='ocrx_word' id='word_1_38' title='bbox 1338 618 1593 686; x_wconf 83' lang='lat' dir='ltr'><strong>Pippinus</strong></span> <span class='ocrx_word' id='word_1_39' title='bbox 1610 625 1731 668; x_wconf 91' lang='lat' dir='ltr'><strong>tuus</strong></span> <span class='ocrx_word' id='word_1_40' title='bbox 1754 625 1947 671; x_wconf 86' lang='lat' dir='ltr'><strong>tecum,</strong></span> 
     </span>
    </p>
   </div>
   <div class='ocr_carea' id='block_1_7' title="bbox 390 700 1951 779">
    <p class='ocr_par' dir='ltr' id='par_1_7' title="bbox 390 700 1951 779">
     <span class='ocr_line' id='line_1_7' title="bbox 390 700 1951 779; baseline -0.008 -17"><span class='ocrx_word' id='word_1_41' title='bbox 390 719 606 779; x_wconf 85' lang='lat' dir='ltr'><strong>propter</strong></span> <span class='ocrx_word' id='word_1_42' title='bbox 650 710 946 778; x_wconf 76' lang='lat' dir='ltr'><strong>gratiarum</strong></span> <span class='ocrx_word' id='word_1_43' title='bbox 990 707 1227 761; x_wconf 73' lang='lat' dir='ltr'><strong>actiones</strong></span> <span class='ocrx_word' id='word_1_44' title='bbox 1256 705 1518 759; x_wconf 83' lang='lat' dir='ltr'><strong>mirabilis</strong></span> <span class='ocrx_word' id='word_1_45' title='bbox 1546 702 1785 756; x_wconf 92' lang='lat' dir='ltr'><strong>beneﬁcii</strong></span> <span class='ocrx_word' id='word_1_46' title='bbox 1813 700 1951 768; x_wconf 77' lang='lat' dir='ltr'><strong>quod</strong></span> 
     </span>
    </p>
   </div>
   <div class='ocr_carea' id='block_1_8' title="bbox 392 792 1954 855">
    <p class='ocr_par' dir='ltr' id='par_1_8' title="bbox 392 792 1954 855">
     <span class='ocr_line' id='line_1_8' title="bbox 392 792 1954 855; baseline -0.006 -6"><span class='ocrx_word' id='word_1_47' title='bbox 392 801 664 853; x_wconf 82' lang='lat' dir='ltr'><strong>vobiscum</strong></span> <span class='ocrx_word' id='word_1_48' title='bbox 707 800 734 837; x_wconf 75' lang='grc' dir='ltr'><strong>ιι</strong></span> <span class='ocrx_word' id='word_1_49' title='bbox 771 797 836 850; x_wconf 89' lang='lat' dir='ltr'><strong>de</strong></span> <span class='ocrx_word' id='word_1_50' title='bbox 892 797 1094 855; x_wconf 82' lang='lat' dir='ltr'><strong>llnnnis</strong></span> <span class='ocrx_word' id='word_1_51' title='bbox 1145 796 1321 850; x_wconf 89' lang='lat' dir='ltr'><strong>divina</strong></span> <span class='ocrx_word' id='word_1_52' title='bbox 1371 794 1496 847; x_wconf 80' lang='lat' dir='ltr'><strong>fecit</strong></span> <span class='ocrx_word' id='word_1_53' title='bbox 1553 792 1852 852; x_wconf 88' lang='lat' dir='ltr'><strong>clementia,</strong></span> <span class='ocrx_word' id='word_1_54' title='bbox 1902 798 1954 841; x_wconf 91' lang='lat' dir='ltr'><strong>ct</strong></span> 
     </span>
    </p>
   </div>
   <div class='ocr_carea' id='block_1_9' title="bbox 392 880 1955 959">
    <p class='ocr_par' dir='ltr' id='par_1_9' title="bbox 392 880 1955 959">
     <span class='ocr_line' id='line_1_9' title="bbox 392 880 1955 959; baseline -0.01 -14"><span class='ocrx_word' id='word_1_55' title='bbox 392 899 612 959; x_wconf 77' lang='lat' dir='ltr'><strong>propter</strong></span> <span class='ocrx_word' id='word_1_56' title='bbox 632 889 1036 958; x_wconf 91' lang='lat' dir='ltr'><strong>prosperitatem</strong></span> <span class='ocrx_word' id='word_1_57' title='bbox 1084 886 1474 940; x_wconf 91' lang='lat' dir='ltr'><strong>imminentium</strong></span> <span class='ocrx_word' id='word_1_58' title='bbox 1501 898 1677 937; x_wconf 90' lang='lat' dir='ltr'><strong>rerum</strong></span> <span class='ocrx_word' id='word_1_59' title='bbox 1705 896 1719 933; x_wconf 74' lang='grc' dir='ltr'>ε</span> <span class='ocrx_word' id='word_1_60' title='bbox 1749 889 1803 932; x_wconf 92' lang='grc' dir='ltr'><strong>ιιι</strong></span> <span class='ocrx_word' id='word_1_61' title='bbox 1850 880 1955 931; x_wconf 77' lang='lat' dir='ltr'><strong>cle—</strong></span> 
     </span>
    </p>
   </div>
   <div class='ocr_carea' id='block_1_10' title="bbox 394 969 1952 1044">
    <p class='ocr_par' dir='ltr' id='par_1_10' title="bbox 394 969 1952 1044">
     <span class='ocr_line' id='line_1_10' title="bbox 394 969 1952 1044; baseline -0.008 -12"><span class='ocrx_word' id='word_1_62' title='bbox 394 979 723 1033; x_wconf 82' lang='lat' dir='ltr'><strong>meritissima</strong></span> <span class='ocrx_word' id='word_1_63' title='bbox 774 978 915 1030; x_wconf 91' lang='lat' dir='ltr'><strong>illius</strong></span> <span class='ocrx_word' id='word_1_64' title='bbox 975 975 1209 1044; x_wconf 82' lang='lat' dir='ltr'><strong>potentia</strong></span> <span class='ocrx_word' id='word_1_65' title='bbox 1261 989 1449 1028; x_wconf 89' lang='lat' dir='ltr'><strong>omnes</strong></span> <span class='ocrx_word' id='word_1_66' title='bbox 1506 971 1840 1041; x_wconf 86' lang='lat' dir='ltr'><strong>adversarios</strong></span> <span class='ocrx_word' id='word_1_67' title='bbox 1874 969 1952 1021; x_wconf 86' lang='lat' dir='ltr'><strong>sui</strong></span> 
     </span>
    </p>
   </div>
   <div class='ocr_carea' id='block_1_11' title="bbox 394 1057 1955 1127">
    <p class='ocr_par' dir='ltr' id='par_1_11' title="bbox 394 1057 1955 1127">
     <span class='ocr_line' id='line_1_11' title="bbox 394 1057 1955 1127; baseline -0.006 -8"><span class='ocrx_word' id='word_1_68' title='bbox 394 1065 825 1119; x_wconf 87' lang='lat' dir='ltr'><strong>sanctinominis</strong></span> <span class='ocrx_word' id='word_1_69' title='bbox 867 1065 1058 1117; x_wconf 77' lang='lat' dir='ltr'><strong>vestris</strong></span> <span class='ocrx_word' id='word_1_70' title='bbox 1110 1063 1364 1117; x_wconf 90' lang='lat' dir='ltr'><strong>velociter</strong></span> <span class='ocrx_word' id='word_1_71' title='bbox 1408 1060 1654 1127; x_wconf 85' lang='lat' dir='ltr'><strong>subjiciat</strong></span> <span class='ocrx_word' id='word_1_72' title='bbox 1707 1057 1955 1127; x_wconf 74' lang='lat' dir='ltr'><strong>pedibus:</strong></span> 
     </span>
    </p>
   </div>
   <div class='ocr_carea' id='block_1_12' title="bbox 396 1151 1960 1227">
    <p class='ocr_par' dir='ltr' id='par_1_12' title="bbox 396 1151 1960 1227">
     <span class='ocr_line' id='line_1_12' title="bbox 396 1151 1960 1227; baseline -0.008 -16"><span class='ocrx_word' id='word_1_73' title='bbox 396 1158 492 1211; x_wconf 86' lang='lat' dir='ltr'><strong>sed</strong></span> <span class='ocrx_word' id='word_1_74' title='bbox 521 1165 575 1210; x_wconf 91' lang='lat' dir='ltr'><strong>et</strong></span> <span class='ocrx_word' id='word_1_75' title='bbox 599 1158 664 1209; x_wconf 91' lang='lat' dir='ltr'><strong>de</strong></span> <span class='ocrx_word' id='word_1_76' title='bbox 689 1154 1032 1227; x_wconf 80' lang='lat' dir='ltr'><strong>peccantibus</strong></span> <span class='ocrx_word' id='word_1_77' title='bbox 1066 1156 1119 1207; x_wconf 93' lang='lat' dir='ltr'><strong>in</strong></span> <span class='ocrx_word' id='word_1_78' title='bbox 1156 1170 1270 1216; x_wconf 90' lang='lat' dir='ltr'><strong>vos,</strong></span> <span class='ocrx_word' id='word_1_79' title='bbox 1307 1153 1351 1207; x_wconf 90' lang='lat' dir='ltr'><strong>si</strong></span> <span class='ocrx_word' id='word_1_80' title='bbox 1384 1153 1497 1205; x_wconf 90' lang='lat' dir='ltr'><strong>ﬁeri</strong></span> <span class='ocrx_word' id='word_1_81' title='bbox 1542 1151 1746 1219; x_wconf 88' lang='lat' dir='ltr'><strong>possit,</strong></span> <span class='ocrx_word' id='word_1_82' title='bbox 1793 1156 1847 1201; x_wconf 92' lang='lat' dir='ltr'><strong>et</strong></span> <span class='ocrx_word' id='word_1_83' title='bbox 1874 1162 1960 1199; x_wconf 87' lang='lat' dir='ltr'><strong>ve-</strong></span> 
     </span>
    </p>
   </div>
   <div class='ocr_carea' id='block_1_13' title="bbox 396 1236 1961 1311">
    <p class='ocr_par' dir='ltr' id='par_1_13' title="bbox 396 1236 1961 1311">
     <span class='ocr_line' id='line_1_13' title="bbox 396 1236 1961 1311; baseline -0.007 -14"><span class='ocrx_word' id='word_1_84' title='bbox 396 1254 524 1297; x_wconf 67' lang='lat' dir='ltr'><strong>str-az</strong></span> <span class='ocrx_word' id='word_1_85' title='bbox 541 1244 779 1297; x_wconf 89' lang='lat' dir='ltr'><strong>videatur</strong></span> <span class='ocrx_word' id='word_1_86' title='bbox 800 1242 1355 1311; x_wconf 62' lang='lat' dir='ltr'><strong>providentiae,aliqua</strong></span> <span class='ocrx_word' id='word_1_87' title='bbox 1385 1241 1449 1294; x_wconf 93' lang='lat' dir='ltr'><strong>de</strong></span> <span class='ocrx_word' id='word_1_88' title='bbox 1475 1240 1737 1308; x_wconf 78' lang='lat' dir='ltr'><strong>aliquibus</strong></span> <span class='ocrx_word' id='word_1_89' title='bbox 1766 1237 1858 1290; x_wconf 83' lang='lat' dir='ltr'><strong>ﬁat</strong></span> <span class='ocrx_word' id='word_1_90' title='bbox 1884 1236 1961 1287; x_wconf 92' lang='lat' dir='ltr'><strong>in-</strong></span> 
     </span>
    </p>
   </div>
   <div class='ocr_carea' id='block_1_14' title="bbox 398 1325 1962 1400">
    <p class='ocr_par' dir='ltr' id='par_1_14' title="bbox 398 1325 1962 1400">
     <span class='ocr_line' id='line_1_14' title="bbox 398 1325 1962 1400; baseline -0.006 -15"><span class='ocrx_word' id='word_1_91' title='bbox 398 1332 664 1400; x_wconf 87' lang='lat' dir='ltr'><strong>dulgentia</strong></span> <span class='ocrx_word' id='word_1_92' title='bbox 694 1340 746 1384; x_wconf 90' lang='lat' dir='ltr'><strong>et</strong></span> <span class='ocrx_word' id='word_1_93' title='bbox 778 1331 1037 1385; x_wconf 89' lang='lat' dir='ltr'><strong>remissio.</strong></span> <span class='ocrx_word' id='word_1_94' title='bbox 1075 1330 1274 1384; x_wconf 82' lang='lat' dir='ltr'><strong>Tamen</strong></span> <span class='ocrx_word' id='word_1_95' title='bbox 1325 1336 1539 1398; x_wconf 88' lang='lat' dir='ltr'><strong>propter</strong></span> <span class='ocrx_word' id='word_1_96' title='bbox 1568 1326 1865 1395; x_wconf 84' lang='lat' dir='ltr'><strong>incognitas</strong></span> <span class='ocrx_word' id='word_1_97' title='bbox 1894 1325 1962 1377; x_wconf 90' lang='lat' dir='ltr'><strong>il-</strong></span> 
     </span>
    </p>
   </div>
   <div class='ocr_carea' id='block_1_15' title="bbox 400 1413 1959 1486">
    <p class='ocr_par' dir='ltr' id='par_1_15' title="bbox 400 1413 1959 1486">
     <span class='ocr_line' id='line_1_15' title="bbox 400 1413 1959 1486; baseline -0.006 -12"><span class='ocrx_word' id='word_1_98' title='bbox 400 1423 574 1475; x_wconf 85' lang='lat' dir='ltr'><strong>lorum</strong></span> <span class='ocrx_word' id='word_1_99' title='bbox 600 1436 787 1475; x_wconf 81' lang='lat' dir='ltr'><strong>causas</strong></span> <span class='ocrx_word' id='word_1_100' title='bbox 815 1421 1021 1474; x_wconf 87' lang='lat' dir='ltr'><strong>cautius</strong></span> <span class='ocrx_word' id='word_1_101' title='bbox 1046 1421 1111 1474; x_wconf 92' lang='lat' dir='ltr'><strong>de</strong></span> <span class='ocrx_word' id='word_1_102' title='bbox 1140 1420 1224 1473; x_wconf 87' lang='lat' dir='ltr'><strong>his</strong></span> <span class='ocrx_word' id='word_1_103' title='bbox 1267 1419 1472 1486; x_wconf 93' lang='lat' dir='ltr'><strong>loquor.</strong></span> <span class='ocrx_word' id='word_1_104' title='bbox 1530 1417 1636 1470; x_wconf 86' lang='lat' dir='ltr'><strong>Vos</strong></span> <span class='ocrx_word' id='word_1_105' title='bbox 1676 1416 1816 1468; x_wconf 92' lang='lat' dir='ltr'><strong>enim</strong></span> <span class='ocrx_word' id='word_1_106' title='bbox 1861 1413 1959 1481; x_wconf 91' lang='lat' dir='ltr'><strong>ipsi</strong></span> 
     </span>
    </p>
   </div>
   <div class='ocr_carea' id='block_1_16' title="bbox 400 1506 1959 1579">
    <p class='ocr_par' dir='ltr' id='par_1_16' title="bbox 400 1506 1959 1579">
     <span class='ocr_line' id='line_1_16' title="bbox 400 1506 1959 1579; baseline -0.004 -16"><span class='ocrx_word' id='word_1_107' title='bbox 400 1512 602 1578; x_wconf 89' lang='lat' dir='ltr'><strong>optime</strong></span> <span class='ocrx_word' id='word_1_108' title='bbox 629 1512 778 1564; x_wconf 88' lang='lat' dir='ltr'><strong>scitis</strong></span> <span class='ocrx_word' id='word_1_109' title='bbox 795 1512 937 1579; x_wconf 91' lang='lat' dir='ltr'><strong>quod</strong></span> <span class='ocrx_word' id='word_1_110' title='bbox 975 1511 1103 1565; x_wconf 91' lang='lat' dir='ltr'><strong>utile</strong></span> <span class='ocrx_word' id='word_1_111' title='bbox 1132 1519 1214 1563; x_wconf 90' lang='lat' dir='ltr'><strong>est</strong></span> <span class='ocrx_word' id='word_1_112' title='bbox 1239 1524 1403 1579; x_wconf 84' lang='lat' dir='ltr'><strong>regno</strong></span> <span class='ocrx_word' id='word_1_113' title='bbox 1429 1506 1581 1561; x_wconf 90' lang='lat' dir='ltr'><strong>vobis</strong></span> <span class='ocrx_word' id='word_1_114' title='bbox 1609 1523 1638 1560; x_wconf 91' lang='lat' dir='ltr'><strong>a</strong></span> <span class='ocrx_word' id='word_1_115' title='bbox 1664 1507 1771 1560; x_wconf 89' lang='lat' dir='ltr'><strong>Deo</strong></span> <span class='ocrx_word' id='word_1_116' title='bbox 1798 1506 1920 1558; x_wconf 89' lang='lat' dir='ltr'><strong>dato</strong></span> <span class='ocrx_word' id='word_1_117' title='bbox 1946 1543 1959 1567; x_wconf 93' lang='lat'><strong>,</strong></span> 
     </span>
    </p>
   </div>
   <div class='ocr_carea' id='block_1_17' title="bbox 400 1591 1964 1665">
    <p class='ocr_par' dir='ltr' id='par_1_17' title="bbox 400 1591 1964 1665">
     <span class='ocr_line' id='line_1_17' title="bbox 400 1591 1964 1665; baseline -0.001 -16"><span class='ocrx_word' id='word_1_118' title='bbox 400 1608 457 1649; x_wconf 84' lang='lat' dir='ltr'><strong>et</strong></span> <span class='ocrx_word' id='word_1_119' title='bbox 496 1598 611 1665; x_wconf 86' lang='lat' dir='ltr'><strong>paci</strong></span> <span class='ocrx_word' id='word_1_120' title='bbox 655 1605 852 1650; x_wconf 68' lang='lat' dir='ltr'><strong>sancta:</strong></span> <span class='ocrx_word' id='word_1_121' title='bbox 890 1596 984 1649; x_wconf 90' lang='lat' dir='ltr'><strong>Dei</strong></span> <span class='ocrx_word' id='word_1_122' title='bbox 1023 1596 1273 1651; x_wconf 63' lang='lat' dir='ltr'><strong>Ecclesiae</strong></span> <span class='ocrx_word' id='word_1_123' title='bbox 1319 1593 1634 1663; x_wconf 88' lang='lat' dir='ltr'><strong>proﬁcuum.</strong></span> <span class='ocrx_word' id='word_1_124' title='bbox 1685 1591 1964 1647; x_wconf 84' lang='lat' dir='ltr'><strong>Facientes</strong></span> 
     </span>
    </p>
   </div>
   <div class='ocr_carea' id='block_1_18' title="bbox 403 1681 1962 1752">
    <p class='ocr_par' dir='ltr' id='par_1_18' title="bbox 403 1681 1962 1752">
     <span class='ocr_line' id='line_1_18' title="bbox 403 1681 1962 1752; baseline -0.003 -13"><span class='ocrx_word' id='word_1_125' title='bbox 403 1687 617 1741; x_wconf 74' lang='lat' dir='ltr'><strong>faciatis</strong></span> <span class='ocrx_word' id='word_1_126' title='bbox 659 1689 711 1740; x_wconf 91' lang='lat' dir='ltr'><strong>in</strong></span> <span class='ocrx_word' id='word_1_127' title='bbox 744 1687 989 1741; x_wconf 87' lang='lat' dir='ltr'><strong>omnibus</strong></span> <span class='ocrx_word' id='word_1_128' title='bbox 1022 1686 1347 1740; x_wconf 82' lang='lat' dir='ltr'><strong>voluntatem</strong></span> <span class='ocrx_word' id='word_1_129' title='bbox 1381 1685 1495 1748; x_wconf 85' lang='lat' dir='ltr'><strong>Dei,</strong></span> <span class='ocrx_word' id='word_1_130' title='bbox 1518 1691 1779 1752; x_wconf 83' lang='lat' dir='ltr'><strong>quatenus</strong></span> <span class='ocrx_word' id='word_1_131' title='bbox 1822 1681 1962 1734; x_wconf 90' lang='lat' dir='ltr'><strong>illius</strong></span> 
     </span>
    </p>
   </div>
   <div class='ocr_carea' id='block_1_19' title="bbox 2050 512 3609 595">
    <p class='ocr_par' dir='ltr' id='par_1_19' title="bbox 2050 512 3609 595">
     <span class='ocr_line' id='line_1_19' title="bbox 2050 512 3609 595; baseline -0.008 -16"><span class='ocrx_word' id='word_1_132' title='bbox 2050 528 2243 595; x_wconf 85' lang='lat' dir='ltr'><strong>ubique</strong></span> <span class='ocrx_word' id='word_1_133' title='bbox 2270 525 2547 579; x_wconf 84' lang='lat' dir='ltr'><strong>clementia</strong></span> <span class='ocrx_word' id='word_1_134' title='bbox 2570 523 2768 575; x_wconf 78' lang='lat' dir='ltr'><strong>exaltet</strong></span> <span class='ocrx_word' id='word_1_135' title='bbox 2788 530 2841 574; x_wconf 89' lang='lat' dir='ltr'><strong>et</strong></span> <span class='ocrx_word' id='word_1_136' title='bbox 2874 512 3160 573; x_wconf 78' lang='lat' dir='ltr'><strong>custodiat.</strong></span> <span class='ocrx_word' id='word_1_137' title='bbox 3199 520 3339 581; x_wconf 71' lang='lat' dir='ltr'><strong>Haec,</strong></span> <span class='ocrx_word' id='word_1_138' title='bbox 3363 517 3609 575; x_wconf 85' lang='lat' dir='ltr'><strong>obsecro,</strong></span> 
     </span>
    </p>
   </div>
   <div class='ocr_carea' id='block_1_20' title="bbox 2049 604 3611 673">
    <p class='ocr_par' dir='ltr' id='par_1_20' title="bbox 2049 604 3611 673">
     <span class='ocr_line' id='line_1_20' title="bbox 2049 604 3611 673; baseline -0.007 -7"><span class='ocrx_word' id='word_1_139' title='bbox 2049 615 2233 666; x_wconf 85' lang='lat' dir='ltr'><strong>charta</strong></span> <span class='ocrx_word' id='word_1_140' title='bbox 2288 622 2461 665; x_wconf 92' lang='lat' dir='ltr'><strong>tecum</strong></span> <span class='ocrx_word' id='word_1_141' title='bbox 2509 612 2562 663; x_wconf 91' lang='lat' dir='ltr'><strong>in</strong></span> <span class='ocrx_word' id='word_1_142' title='bbox 2600 610 2959 663; x_wconf 89' lang='lat' dir='ltr'><strong>testimonium</strong></span> <span class='ocrx_word' id='word_1_143' title='bbox 3015 610 3211 661; x_wconf 90' lang='lat' dir='ltr'><strong>amoris</strong></span> <span class='ocrx_word' id='word_1_144' title='bbox 3256 604 3358 669; x_wconf 84' lang='lat' dir='ltr'><strong>mei</strong></span> <span class='ocrx_word' id='word_1_145' title='bbox 3405 613 3611 673; x_wconf 84' lang='lat' dir='ltr'><strong>pergat.</strong></span> 
     </span>
    </p>
   </div>
   <div class='ocr_carea' id='block_1_21' title="bbox 2053 697 3613 768">
    <p class='ocr_par' dir='ltr' id='par_1_21' title="bbox 2053 697 3613 768">
     <span class='ocr_line' id='line_1_21' title="bbox 2053 697 3613 768; baseline -0.003 -14"><span class='ocrx_word' id='word_1_146' title='bbox 2053 703 2160 754; x_wconf 81' lang='lat' dir='ltr'><strong>Etsi</strong></span> <span class='ocrx_word' id='word_1_147' title='bbox 2181 717 2282 754; x_wconf 88' lang='lat' dir='ltr'><strong>non</strong></span> <span class='ocrx_word' id='word_1_148' title='bbox 2314 702 2381 754; x_wconf 90' lang='lat' dir='ltr'><strong>sit</strong></span> <span class='ocrx_word' id='word_1_149' title='bbox 2404 700 2560 768; x_wconf 89' lang='lat' dir='ltr'><strong>digna</strong></span> <span class='ocrx_word' id='word_1_150' title='bbox 2593 709 2694 751; x_wconf 72' lang='lat' dir='ltr'><strong>tute</strong></span> <span class='ocrx_word' id='word_1_151' title='bbox 2717 698 3074 750; x_wconf 87' lang='lat' dir='ltr'><strong>venerationis</strong></span> <span class='ocrx_word' id='word_1_152' title='bbox 3100 698 3312 765; x_wconf 84' lang='lat' dir='ltr'><strong>cingulo</strong></span> <span class='ocrx_word' id='word_1_153' title='bbox 3339 697 3613 765; x_wconf 82' lang='lat' dir='ltr'><strong>suSpcndi,</strong></span> 
     </span>
    </p>
   </div>
   <div class='ocr_carea' id='block_1_22' title="bbox 2056 786 3616 856">
    <p class='ocr_par' dir='ltr' id='par_1_22' title="bbox 2056 786 3616 856">
     <span class='ocr_line' id='line_1_22' title="bbox 2056 786 3616 856; baseline -0.004 -13"><span class='ocrx_word' id='word_1_154' title='bbox 2056 801 2229 843; x_wconf 87' lang='lat' dir='ltr'><strong>tamen</strong></span> <span class='ocrx_word' id='word_1_155' title='bbox 2257 790 2374 856; x_wconf 82' lang='lat' dir='ltr'><strong>ejus</strong></span> <span class='ocrx_word' id='word_1_156' title='bbox 2399 787 2690 841; x_wconf 83' lang='lat' dir='ltr'><strong>admonitio</strong></span> <span class='ocrx_word' id='word_1_157' title='bbox 2713 786 2868 854; x_wconf 84' lang='lat' dir='ltr'><strong>digna</strong></span> <span class='ocrx_word' id='word_1_158' title='bbox 2902 787 2971 837; x_wconf 85' lang='lat' dir='ltr'><strong>sit</strong></span> <span class='ocrx_word' id='word_1_159' title='bbox 2997 787 3049 837; x_wconf 91' lang='lat' dir='ltr'><strong>in</strong></span> <span class='ocrx_word' id='word_1_160' title='bbox 3087 789 3249 839; x_wconf 84' lang='lat' dir='ltr'><strong>corde</strong></span> <span class='ocrx_word' id='word_1_161' title='bbox 3281 796 3380 839; x_wconf 72' lang='lat' dir='ltr'><strong>tum</strong></span> <span class='ocrx_word' id='word_1_162' title='bbox 3409 787 3616 852; x_wconf 72' lang='lat' dir='ltr'><strong>sapien-</strong></span> 
     </span>
    </p>
   </div>
   <div class='ocr_carea' id='block_1_23' title="bbox 2057 880 2411 933">
    <p class='ocr_par' dir='ltr' id='par_1_23' title="bbox 2057 880 2411 933">
     <span class='ocr_line' id='line_1_23' title="bbox 2057 880 2411 933; baseline -0.006 -1"><span class='ocrx_word' id='word_1_163' title='bbox 2057 883 2141 933; x_wconf 76' lang='lat' dir='ltr'><strong>ti.e</strong></span> <span class='ocrx_word' id='word_1_164' title='bbox 2176 880 2411 933; x_wconf 78' lang='lat' dir='ltr'><strong>recondi.</strong></span> 
     </span>
    </p>
   </div>
   <div class='ocr_carea' id='block_1_24' title="bbox 2131 988 3362 1056">
    <p class='ocr_par' dir='ltr' id='par_1_24' title="bbox 2131 988 3362 1056">
     <span class='ocr_line' id='line_1_24' title="bbox 2131 988 3362 1056; baseline -0.005 -12"><span class='ocrx_word' id='word_1_165' title='bbox 2131 993 2255 1044; x_wconf 74' lang='lat' dir='ltr'><strong>Vive</strong></span> <span class='ocrx_word' id='word_1_166' title='bbox 2283 992 2390 1043; x_wconf 80' lang='lat' dir='ltr'><strong>Deo</strong></span> <span class='ocrx_word' id='word_1_167' title='bbox 2420 989 2642 1046; x_wconf 76' lang='lat' dir='ltr'><strong>ﬂoreus..</strong></span> <span class='ocrx_word' id='word_1_168' title='bbox 2666 990 2777 1039; x_wconf 73' lang='lat' dir='ltr'><strong>Izt‘lﬂ</strong></span> <span class='ocrx_word' id='word_1_169' title='bbox 2804 988 3146 1056; x_wconf 82' lang='lat' dir='ltr'><strong>gaudensque</strong></span> <span class='ocrx_word' id='word_1_170' title='bbox 3175 988 3362 1039; x_wconf 79' lang='lat' dir='ltr'><strong>salule.</strong></span> 
     </span>
    </p>
   </div>
   <div class='ocr_carea' id='block_1_25' title="bbox 2201 1077 3384 1143">
    <p class='ocr_par' dir='ltr' id='par_1_25' title="bbox 2201 1077 3384 1143">
     <span class='ocr_line' id='line_1_25' title="bbox 2201 1077 3384 1143; baseline -0.002 -14"><span class='ocrx_word' id='word_1_171' title='bbox 2201 1080 2427 1131; x_wconf 79' lang='lat' dir='ltr'><strong>Dextera</strong></span> <span class='ocrx_word' id='word_1_172' title='bbox 2458 1088 2507 1130; x_wconf 88' lang='lat' dir='ltr'><strong>te</strong></span> <span class='ocrx_word' id='word_1_173' title='bbox 2539 1077 2734 1129; x_wconf 72' lang='lat' dir='ltr'><strong>Christi</strong></span> <span class='ocrx_word' id='word_1_174' title='bbox 2759 1085 2997 1143; x_wconf 75' lang='lat' dir='ltr'><strong>protegat</strong></span> <span class='ocrx_word' id='word_1_175' title='bbox 3024 1086 3183 1143; x_wconf 88' lang='lat' dir='ltr'><strong>atque</strong></span> <span class='ocrx_word' id='word_1_176' title='bbox 3218 1087 3384 1141; x_wconf 74' lang='lat' dir='ltr'><strong>regat.</strong></span> 
     </span>
    </p>
   </div>
   <div class='ocr_carea' id='block_1_26' title="bbox 2132 1167 3511 1234">
    <p class='ocr_par' dir='ltr' id='par_1_26' title="bbox 2132 1167 3511 1234">
     <span class='ocr_line' id='line_1_26' title="bbox 2132 1167 3511 1234; baseline 0.001 -13"><span class='ocrx_word' id='word_1_177' title='bbox 2132 1170 2383 1227; x_wconf 73' lang='lat' dir='ltr'><strong>Obsecro,</strong></span> <span class='ocrx_word' id='word_1_178' title='bbox 2415 1168 2753 1219; x_wconf 80' lang='lat' dir='ltr'><strong>commendes</strong></span> <span class='ocrx_word' id='word_1_179' title='bbox 2781 1167 2953 1218; x_wconf 79' lang='lat' dir='ltr'><strong>Albini</strong></span> <span class='ocrx_word' id='word_1_180' title='bbox 2983 1176 3037 1218; x_wconf 92' lang='lat' dir='ltr'><strong>ut</strong></span> <span class='ocrx_word' id='word_1_181' title='bbox 3070 1184 3257 1220; x_wconf 81' lang='lat' dir='ltr'><strong>nomen</strong></span> <span class='ocrx_word' id='word_1_182' title='bbox 3291 1168 3511 1234; x_wconf 79' lang='lat' dir='ltr'><strong>ttbiqm&#39;.</strong></span> 
     </span>
    </p>
   </div>
   <div class='ocr_carea' id='block_1_27' title="bbox 2202 1237 3225 1324">
    <p class='ocr_par' dir='ltr' id='par_1_27' title="bbox 2202 1256 3225 1324">
     <span class='ocr_line' id='line_1_27' title="bbox 2202 1256 3225 1324; baseline -0.004 -13"><span class='ocrx_word' id='word_1_183' title='bbox 2202 1258 2245 1311; x_wconf 87' lang='lat'>0</span> <span class='ocrx_word' id='word_1_184' title='bbox 2276 1258 2369 1319; x_wconf 85' lang='lat' dir='ltr'><strong>Iili,</strong></span> <span class='ocrx_word' id='word_1_185' title='bbox 2400 1256 2629 1316; x_wconf 80' lang='lat' dir='ltr'><strong>fanmlis,</strong></span> <span class='ocrx_word' id='word_1_186' title='bbox 2667 1272 2762 1324; x_wconf 79' lang='lat' dir='ltr'><strong>per</strong></span> <span class='ocrx_word' id='word_1_187' title='bbox 2790 1266 2878 1309; x_wconf 87' lang='lat' dir='ltr'><strong>tua</strong></span> <span class='ocrx_word' id='word_1_188' title='bbox 2908 1273 3087 1323; x_wconf 71' lang='lat' dir='ltr'><strong>regna,</strong></span> <span class='ocrx_word' id='word_1_189' title='bbox 3115 1258 3225 1309; x_wconf 82' lang='lat' dir='ltr'><strong>Dei.</strong></span> 
     </span>
    </p>
   </div>
   <div class='ocr_carea' id='block_1_28' title="bbox 2512 1363 3164 1425">
    <p class='ocr_par' dir='ltr' id='par_1_28' title="bbox 2512 1363 3164 1425">
     <span class='ocr_line' id='line_1_28' title="bbox 2512 1363 3164 1425; baseline 0.005 -11"><span class='ocrx_word' id='word_1_190' title='bbox 2512 1363 2529 1401; x_wconf 70' lang='grc' dir='ltr'><em>τ</em></span> <span class='ocrx_word' id='word_1_191' title='bbox 2567 1363 2889 1425; x_wconf 62' lang='lat' dir='ltr'><strong>EPISTULA</strong></span> <span class='ocrx_word' id='word_1_192' title='bbox 2930 1365 2967 1415; x_wconf 76' lang='grc' dir='ltr'><strong>Χ</strong></span> <span class='ocrx_word' id='word_1_193' title='bbox 2982 1366 3018 1416; x_wconf 77' lang='grc' dir='ltr'><strong>Χ</strong></span> <span class='ocrx_word' id='word_1_194' title='bbox 3032 1365 3140 1417; x_wconf 72' lang='lat' dir='ltr'><strong>XIX</strong></span> <span class='ocrx_word' id='word_1_195' title='bbox 3153 1404 3164 1417; x_wconf 92' lang='lat'><strong>.</strong></span> 
     </span>
    </p>
   </div>
   <div class='ocr_carea' id='block_1_29' title="bbox 2450 1469 3239 1508">
    <p class='ocr_par' dir='ltr' id='par_1_29' title="bbox 2450 1469 3239 1508">
     <span class='ocr_line' id='line_1_29' title="bbox 2450 1469 3239 1508; baseline 0.004 -3"><span class='ocrx_word' id='word_1_196' title='bbox 2450 1470 2514 1505; x_wconf 68' lang='lat' dir='ltr'><strong>Ali</strong></span> <span class='ocrx_word' id='word_1_197' title='bbox 2553 1469 2813 1505; x_wconf 62' lang='lat' dir='ltr'><strong>I‘.\l&#39;l.l.\&#39;l&#39;)l</strong></span> <span class='ocrx_word' id='word_1_198' title='bbox 2851 1470 3239 1508; x_wconf 67' lang='lat' dir='ltr'><strong>l‘.\Tl‘.l\l\Cll.\.\lo</strong></span> 
     </span>
    </p>
   </div>
   <div class='ocr_carea' id='block_1_30' title="bbox 2064 1543 3625 1611">
    <p class='ocr_par' dir='ltr' id='par_1_30' title="bbox 2064 1543 3625 1611">
     <span class='ocr_line' id='line_1_30' title="bbox 2064 1543 3625 1611; baseline -0.003 -13"><span class='ocrx_word' id='word_1_199' title='bbox 2064 1545 2209 1598; x_wconf 80' lang='lat' dir='ltr'><strong>Srirc</strong></span> <span class='ocrx_word' id='word_1_200' title='bbox 2254 1544 2389 1611; x_wconf 83' lang='lat' dir='ltr'><strong>cupit</strong></span> <span class='ocrx_word' id='word_1_201' title='bbox 2438 1543 2561 1611; x_wconf 77' lang='lat' dir='ltr'><strong>quid</strong></span> <span class='ocrx_word' id='word_1_202' title='bbox 2610 1543 2816 1593; x_wconf 56' lang='lat' dir='ltr'><strong>(Mittis</strong></span> <span class='ocrx_word' id='word_1_203' title='bbox 2852 1543 2915 1592; x_wconf 66' lang='lat' dir='ltr'><strong>Ha</strong></span> <span class='ocrx_word' id='word_1_204' title='bbox 2941 1544 3053 1594; x_wconf 75' lang='lat' dir='ltr'><strong>nuis</strong></span> <span class='ocrx_word' id='word_1_205' title='bbox 3099 1561 3190 1610; x_wconf 83' lang='lat' dir='ltr'><strong>pro</strong></span> <span class='ocrx_word' id='word_1_206' title='bbox 3223 1555 3383 1611; x_wconf 69' lang='grc' dir='ltr'><strong>υοιιίλδ</strong></span> <span class='ocrx_word' id='word_1_207' title='bbox 3418 1561 3625 1595; x_wconf 68' lang='lat' dir='ltr'><strong>rom-rr—</strong></span> 
     </span>
    </p>
   </div>
   <div class='ocr_carea' id='block_1_31' title="bbox 2130 1612 3628 1679">
    <p class='ocr_par' dir='ltr' id='par_1_31' title="bbox 2130 1612 3628 1679">
     <span class='ocr_line' id='line_1_31' title="bbox 2130 1612 3628 1679; baseline -0.002 -15"><span class='ocrx_word' id='word_1_208' title='bbox 2130 1615 2274 1666; x_wconf 74' lang='lat' dir='ltr'><strong>sione</strong></span> <span class='ocrx_word' id='word_1_209' title='bbox 2304 1621 2510 1664; x_wconf 75' lang='lat' dir='ltr'><strong>acturus</strong></span> <span class='ocrx_word' id='word_1_210' title='bbox 2536 1613 2604 1662; x_wconf 83' lang='lat' dir='ltr'><strong>sit</strong></span> <span class='ocrx_word' id='word_1_211' title='bbox 2640 1612 2893 1663; x_wconf 77' lang='lat' dir='ltr'><strong>Paulinus</strong></span> <span class='ocrx_word' id='word_1_212' title='bbox 2925 1629 2985 1662; x_wconf 84' lang='lat' dir='ltr'><strong>uc</strong></span> <span class='ocrx_word' id='word_1_213' title='bbox 3022 1614 3208 1679; x_wconf 76' lang='lat' dir='ltr'><strong>strpius</strong></span> <span class='ocrx_word' id='word_1_214' title='bbox 3241 1613 3308 1663; x_wconf 84' lang='lat' dir='ltr'><strong>ml</strong></span> <span class='ocrx_word' id='word_1_215' title='bbox 3350 1630 3403 1663; x_wconf 68' lang='lat' dir='ltr'><strong>se</strong></span> <span class='ocrx_word' id='word_1_216' title='bbox 3432 1613 3628 1664; x_wconf 66' lang='lat' dir='ltr'><strong>litteras</strong></span> 
     </span>
    </p>
   </div>
   <div class='ocr_carea' id='block_1_32' title="bbox 2132 1682 2535 1749">
    <p class='ocr_par' dir='ltr' id='par_1_32' title="bbox 2132 1682 2535 1749">
     <span class='ocr_line' id='line_1_32' title="bbox 2132 1682 2535 1749; baseline -0.007 -16"><span class='ocrx_word' id='word_1_217' title='bbox 2132 1682 2264 1733; x_wconf 81' lang='lat' dir='ltr'><strong>mitti</strong></span> <span class='ocrx_word' id='word_1_218' title='bbox 2290 1682 2535 1749; x_wconf 76' lang='lat' dir='ltr'><strong>postulat.</strong></span> 
     </span>
    </p>
   </div>
   <div class='ocr_carea' id='block_1_33' title="bbox 404 1752 3625 1847">
    <p class='ocr_par' dir='ltr' id='par_1_33' title="bbox 404 1752 3625 1847">
     <span class='ocr_line' id='line_1_33' title="bbox 404 1752 3625 1847; baseline 0.001 -20"><span class='ocrx_word' id='word_1_219' title='bbox 404 1776 739 1828; x_wconf 80' lang='lat' dir='ltr'><strong>sanctissima</strong></span> <span class='ocrx_word' id='word_1_220' title='bbox 767 1776 936 1844; x_wconf 88' lang='lat' dir='ltr'><strong>gratia</strong></span> <span class='ocrx_word' id='word_1_221' title='bbox 965 1790 1059 1828; x_wconf 90' lang='lat' dir='ltr'><strong>vos</strong></span> <span class='ocrx_word' id='word_1_222' title='bbox 1083 1772 1418 1842; x_wconf 87' lang='lat' dir='ltr'><strong>proﬁcientes</strong></span> <span class='ocrx_word' id='word_1_223' title='bbox 1439 1772 1635 1839; x_wconf 88' lang='lat' dir='ltr'><strong>ubique</strong></span> <span class='ocrx_word' id='word_1_224' title='bbox 1672 1776 1917 1838; x_wconf 78' lang='lat' dir='ltr'><strong>protegat</strong></span> <span class='ocrx_word' id='word_1_225' title='bbox 1944 1808 1959 1831; x_wconf 86' lang='lat'><strong>,</strong></span> <span class='ocrx_word' id='word_1_226' title='bbox 1991 1752 2040 1811; x_wconf 68' lang='grc' dir='ltr'><strong><em>Β</em></strong></span> <span class='ocrx_word' id='word_1_227' title='bbox 2138 1779 2491 1831; x_wconf 73' lang='lat' dir='ltr'><strong>Dilectissimo</strong></span> <span class='ocrx_word' id='word_1_228' title='bbox 2516 1777 2658 1828; x_wconf 86' lang='lat' dir='ltr'><strong>Patri</strong></span> <span class='ocrx_word' id='word_1_229' title='bbox 2686 1784 2738 1829; x_wconf 90' lang='lat' dir='ltr'><strong>et</strong></span> <span class='ocrx_word' id='word_1_230' title='bbox 2760 1777 2847 1843; x_wconf 86' lang='lat' dir='ltr'><strong>pio</strong></span> <span class='ocrx_word' id='word_1_231' title='bbox 2872 1778 3102 1844; x_wconf 81' lang='lat' dir='ltr'><strong>pontiﬁci</strong></span> <span class='ocrx_word' id='word_1_232' title='bbox 3146 1778 3363 1831; x_wconf 82' lang='lat' dir='ltr'><strong>Paulino</strong></span> <span class='ocrx_word' id='word_1_233' title='bbox 3398 1781 3625 1847; x_wconf 86' lang='lat' dir='ltr'><strong>patriar-</strong></span> 
     </span>
    </p>
   </div>
   <div class='ocr_carea' id='block_1_34' title="bbox 406 1853 1971 1930">
    <p class='ocr_par' dir='ltr' id='par_1_34' title="bbox 406 1853 1971 1930">
     <span class='ocr_line' id='line_1_34' title="bbox 406 1853 1971 1930; baseline -0.003 -17"><span class='ocrx_word' id='word_1_234' title='bbox 406 1870 557 1930; x_wconf 72' lang='lat' dir='ltr'><strong>negat</strong></span> <span class='ocrx_word' id='word_1_235' title='bbox 574 1871 629 1915; x_wconf 91' lang='lat' dir='ltr'><strong>et</strong></span> <span class='ocrx_word' id='word_1_236' title='bbox 654 1862 933 1923; x_wconf 82' lang='lat' dir='ltr'><strong>custodiat,</strong></span> <span class='ocrx_word' id='word_1_237' title='bbox 960 1862 1174 1915; x_wconf 88' lang='lat' dir='ltr'><strong>domine</strong></span> <span class='ocrx_word' id='word_1_238' title='bbox 1193 1869 1247 1913; x_wconf 92' lang='lat' dir='ltr'><strong>et</strong></span> <span class='ocrx_word' id='word_1_239' title='bbox 1274 1860 1575 1915; x_wconf 79' lang='lat' dir='ltr'><strong>dulcissime</strong></span> <span class='ocrx_word' id='word_1_240' title='bbox 1596 1853 1971 1913; x_wconf 57' lang='lat' dir='ltr'><strong>etdesidcran4</strong></span> 
     </span>
    </p>
   </div>
   <div class='ocr_carea' id='block_1_35' title="bbox 409 1949 630 2003">
    <p class='ocr_par' dir='ltr' id='par_1_35' title="bbox 409 1949 630 2003">
     <span class='ocr_line' id='line_1_35' title="bbox 409 1949 630 2003; baseline -0.005 -1"><span class='ocrx_word' id='word_1_241' title='bbox 409 1949 630 2003; x_wconf 88' lang='lat' dir='ltr'><strong>tissime.</strong></span> 
     </span>
    </p>
   </div>
   <div class='ocr_carea' id='block_1_36' title="bbox 831 2037 1538 2093">
    <p class='ocr_par' dir='ltr' id='par_1_36' title="bbox 831 2037 1538 2093">
     <span class='ocr_line' id='line_1_36' title="bbox 831 2037 1538 2093; baseline -0.003 -2"><span class='ocrx_word' id='word_1_242' title='bbox 831 2050 851 2076; x_wconf 75' lang='grc' dir='ltr'><strong><em>ε</em></strong></span> <span class='ocrx_word' id='word_1_243' title='bbox 894 2037 1221 2091; x_wconf 82' lang='lat' dir='ltr'><strong>EPISTOLA</strong></span> <span class='ocrx_word' id='word_1_244' title='bbox 1261 2037 1538 2093; x_wconf 76' lang='lat' dir='ltr'><strong>XXXVIII.</strong></span> 
     </span>
    </p>
   </div>
   <div class='ocr_carea' id='block_1_37' title="bbox 1002 2144 1371 2181">
    <p class='ocr_par' dir='ltr' id='par_1_37' title="bbox 1002 2144 1371 2181">
     <span class='ocr_line' id='line_1_37' title="bbox 1002 2144 1371 2181; baseline 0 -2"><span class='ocrx_word' id='word_1_245' title='bbox 1002 2145 1067 2180; x_wconf 75' lang='lat' dir='ltr'><strong>AD</strong></span> <span class='ocrx_word' id='word_1_246' title='bbox 1104 2144 1371 2181; x_wconf 58' lang='lat' dir='ltr'><strong>PIPI’INUM.</strong></span> 
     </span>
    </p>
   </div>
   <div class='ocr_carea' id='block_1_38' title="bbox 1021 2215 1375 2284">
    <p class='ocr_par' dir='ltr' id='par_1_38' title="bbox 1021 2215 1375 2284">
     <span class='ocr_line' id='line_1_38' title="bbox 1021 2215 1375 2284; baseline -0.003 -16"><span class='ocrx_word' id='word_1_247' title='bbox 1021 2218 1196 2284; x_wconf 82' lang='lat' dir='ltr'><strong>(Anno</strong></span> <span class='ocrx_word' id='word_1_248' title='bbox 1231 2215 1375 2284; x_wconf 83' lang='lat'><strong>796.)</strong></span> 
     </span>
    </p>
   </div>
   <div class='ocr_carea' id='block_1_39' title="bbox 580 2296 1785 2372">
    <p class='ocr_par' dir='ltr' id='par_1_39' title="bbox 580 2296 1785 2372">
     <span class='ocr_line' id='line_1_39' title="bbox 580 2296 1785 2372; baseline -0.002 -16"><span class='ocrx_word' id='word_1_249' title='bbox 580 2296 787 2372; x_wconf 69' lang='lat' dir='ltr'><strong>Optima</strong></span> <span class='ocrx_word' id='word_1_250' title='bbox 811 2305 1033 2372; x_wconf 75' lang='lat' dir='ltr'><strong>suggerit</strong></span> <span class='ocrx_word' id='word_1_251' title='bbox 1061 2304 1175 2356; x_wconf 77' lang='lat' dir='ltr'><strong>vita:</strong></span> <span class='ocrx_word' id='word_1_252' title='bbox 1209 2303 1423 2372; x_wconf 71' lang='lat' dir='ltr'><strong>agenda!</strong></span> <span class='ocrx_word' id='word_1_253' title='bbox 1464 2303 1785 2355; x_wconf 79' lang='lat' dir='ltr'><strong>documenta.</strong></span> 
     </span>
    </p>
   </div>
   <div class='ocr_carea' id='block_1_40' title="bbox 480 2390 1968 2460">
    <p class='ocr_par' dir='ltr' id='par_1_40' title="bbox 480 2390 1968 2460">
     <span class='ocr_line' id='line_1_40' title="bbox 480 2390 1968 2460; baseline -0.001 -15"><span class='ocrx_word' id='word_1_254' title='bbox 480 2391 818 2460; x_wconf 82' lang='lat' dir='ltr'><strong>Nobilissimo</strong></span> <span class='ocrx_word' id='word_1_255' title='bbox 870 2393 1124 2459; x_wconf 89' lang='lat' dir='ltr'><strong>nobisque</strong></span> <span class='ocrx_word' id='word_1_256' title='bbox 1161 2391 1526 2445; x_wconf 87' lang='lat' dir='ltr'><strong>amantissimo</strong></span> <span class='ocrx_word' id='word_1_257' title='bbox 1556 2391 1663 2443; x_wconf 89' lang='lat' dir='ltr'><strong>ﬁlio</strong></span> <span class='ocrx_word' id='word_1_258' title='bbox 1688 2391 1713 2427; x_wconf 74' lang='grc' dir='ltr'>ἀ</span> <span class='ocrx_word' id='word_1_259' title='bbox 1746 2390 1968 2459; x_wconf 82' lang='lat' dir='ltr'><strong>Pippino</strong></span> 
     </span>
    </p>
   </div>
   <div class='ocr_carea' id='block_1_41' title="bbox 409 2480 1529 2543">
    <p class='ocr_par' dir='ltr' id='par_1_41' title="bbox 409 2480 1529 2543">
     <span class='ocr_line' id='line_1_41' title="bbox 409 2480 1529 2543; baseline -0.002 -9"><span class='ocrx_word' id='word_1_260' title='bbox 409 2482 652 2543; x_wconf 79' lang='lat' dir='ltr'><strong>Albinus,</strong></span> <span class='ocrx_word' id='word_1_261' title='bbox 675 2480 726 2532; x_wconf 91' lang='lat' dir='ltr'><strong>in</strong></span> <span class='ocrx_word' id='word_1_262' title='bbox 748 2480 947 2533; x_wconf 84' lang='lat' dir='ltr'><strong>Christi</strong></span> <span class='ocrx_word' id='word_1_263' title='bbox 978 2481 1257 2534; x_wconf 88' lang='lat' dir='ltr'><strong>dilectione</strong></span> <span class='ocrx_word' id='word_1_264' title='bbox 1284 2481 1529 2533; x_wconf 89' lang='lat' dir='ltr'><strong>salutem.</strong></span> 
     </span>
    </p>
   </div>
   <div class='ocr_carea' id='block_1_42' title="bbox 484 2569 1970 2638">
    <p class='ocr_par' dir='ltr' id='par_1_42' title="bbox 484 2569 1970 2638">
     <span class='ocr_line' id='line_1_42' title="bbox 484 2569 1970 2638; baseline 0.001 -17"><span class='ocrx_word' id='word_1_265' title='bbox 484 2570 694 2621; x_wconf 76' lang='lat' dir='ltr'><strong>Gratias</strong></span> <span class='ocrx_word' id='word_1_266' title='bbox 724 2569 929 2635; x_wconf 82' lang='lat' dir='ltr'><strong>agimus</strong></span> <span class='ocrx_word' id='word_1_267' title='bbox 970 2569 1347 2622; x_wconf 71' lang='lat' dir='ltr'><strong>benevolentirc</strong></span> <span class='ocrx_word' id='word_1_268' title='bbox 1377 2577 1497 2631; x_wconf 74' lang='lat' dir='ltr'><strong>ture,</strong></span> <span class='ocrx_word' id='word_1_269' title='bbox 1527 2569 1757 2623; x_wconf 86' lang='lat' dir='ltr'><strong>simulet</strong></span> <span class='ocrx_word' id='word_1_270' title='bbox 1786 2570 1970 2638; x_wconf 78' lang='lat' dir='ltr'><strong>pietati</strong></span> 
     </span>
    </p>
   </div>
   <div class='ocr_carea' id='block_1_43' title="bbox 411 2646 1970 2725">
    <p class='ocr_par' dir='ltr' id='par_1_43' title="bbox 411 2646 1970 2725">
     <span class='ocr_line' id='line_1_43' title="bbox 411 2646 1970 2725; baseline 0.001 -16"><span class='ocrx_word' id='word_1_271' title='bbox 411 2656 591 2710; x_wconf 91' lang='lat' dir='ltr'><strong>domui</strong></span> <span class='ocrx_word' id='word_1_272' title='bbox 620 2656 777 2724; x_wconf 86' lang='lat' dir='ltr'><strong>regis,</strong></span> <span class='ocrx_word' id='word_1_273' title='bbox 807 2656 895 2722; x_wconf 87' lang='lat' dir='ltr'><strong>qui</strong></span> <span class='ocrx_word' id='word_1_274' title='bbox 920 2656 1004 2722; x_wconf 91' lang='lat' dir='ltr'><strong>pie</strong></span> <span class='ocrx_word' id='word_1_275' title='bbox 1029 2658 1290 2709; x_wconf 87' lang='lat' dir='ltr'><strong>consentit</strong></span> <span class='ocrx_word' id='word_1_276' title='bbox 1331 2646 1566 2725; x_wconf 86' lang='lat' dir='ltr'><strong>petitioni</strong></span> <span class='ocrx_word' id='word_1_277' title='bbox 1593 2659 1970 2725; x_wconf 84' lang='lat' dir='ltr'><strong>redemptionis</strong></span> 
     </span>
    </p>
   </div>
   <div class='ocr_carea' id='block_1_44' title="bbox 412 2744 1971 2814">
    <p class='ocr_par' dir='ltr' id='par_1_44' title="bbox 412 2744 1971 2814">
     <span class='ocr_line' id='line_1_44' title="bbox 412 2744 1971 2814; baseline -0.001 -16"><span class='ocrx_word' id='word_1_278' title='bbox 412 2746 765 2813; x_wconf 84' lang='lat' dir='ltr'><strong>captivorum.</strong></span> <span class='ocrx_word' id='word_1_279' title='bbox 813 2744 937 2798; x_wconf 88' lang='lat' dir='ltr'><strong>Scio</strong></span> <span class='ocrx_word' id='word_1_280' title='bbox 988 2762 1083 2799; x_wconf 88' lang='lat' dir='ltr'><strong>vos</strong></span> <span class='ocrx_word' id='word_1_281' title='bbox 1127 2747 1179 2799; x_wconf 92' lang='lat' dir='ltr'><strong>in</strong></span> <span class='ocrx_word' id='word_1_282' title='bbox 1214 2747 1404 2799; x_wconf 87' lang='lat' dir='ltr'><strong>talibus</strong></span> <span class='ocrx_word' id='word_1_283' title='bbox 1458 2749 1668 2814; x_wconf 88' lang='lat' dir='ltr'><strong>p&#39;ctatis</strong></span> <span class='ocrx_word' id='word_1_284' title='bbox 1720 2748 1971 2813; x_wconf 75' lang='lat' dir='ltr'><strong>operibus</strong></span> 
     </span>
    </p>
   </div>
   <div class='ocr_carea' id='block_1_45' title="bbox 414 2835 1971 2907">
    <p class='ocr_par' dir='ltr' id='par_1_45' title="bbox 414 2835 1971 2907">
     <span class='ocr_line' id='line_1_45' title="bbox 414 2835 1971 2907; baseline 0.003 -21"><span class='ocrx_word' id='word_1_285' title='bbox 414 2836 707 2902; x_wconf 86' lang='lat' dir='ltr'><strong>promereri</strong></span> <span class='ocrx_word' id='word_1_286' title='bbox 734 2835 1153 2889; x_wconf 89' lang='lat' dir='ltr'><strong>benedictionem</strong></span> <span class='ocrx_word' id='word_1_287' title='bbox 1175 2877 1188 2900; x_wconf 93' lang='lat'><strong>,</strong></span> <span class='ocrx_word' id='word_1_288' title='bbox 1240 2846 1291 2889; x_wconf 91' lang='lat' dir='ltr'><strong>et</strong></span> <span class='ocrx_word' id='word_1_289' title='bbox 1322 2837 1609 2906; x_wconf 82' lang='lat' dir='ltr'><strong>longaevam</strong></span> <span class='ocrx_word' id='word_1_290' title='bbox 1639 2838 1780 2903; x_wconf 84' lang='lat' dir='ltr'><strong>regni</strong></span> <span class='ocrx_word' id='word_1_291' title='bbox 1820 2853 1971 2907; x_wconf 81' lang='lat' dir='ltr'><strong>pros-</strong></span> 
     </span>
    </p>
   </div>
   <div class='ocr_carea' id='block_1_46' title="bbox 413 2920 1969 2996">
    <p class='ocr_par' dir='ltr' id='par_1_46' title="bbox 413 2920 1969 2996">
     <span class='ocr_line' id='line_1_46' title="bbox 413 2920 1969 2996; baseline 0.005 -21"><span class='ocrx_word' id='word_1_292' title='bbox 413 2924 693 2992; x_wconf 86' lang='lat' dir='ltr'><strong>peritatem</strong></span> <span class='ocrx_word' id='word_1_293' title='bbox 709 2925 949 2992; x_wconf 87' lang='lat' dir='ltr'><strong>adipisci.</strong></span> <span class='ocrx_word' id='word_1_294' title='bbox 976 2926 1042 2977; x_wconf 85' lang='lat' dir='ltr'><strong>Et</strong></span> <span class='ocrx_word' id='word_1_295' title='bbox 1059 2934 1134 2988; x_wconf 91' lang='lat' dir='ltr'><strong>tu,</strong></span> <span class='ocrx_word' id='word_1_296' title='bbox 1158 2928 1600 2981; x_wconf 79' lang='lat' dir='ltr'><strong>excellentissime</strong></span> <span class='ocrx_word' id='word_1_297' title='bbox 1622 2920 1852 2996; x_wconf 66' lang='lat' dir='ltr'><strong>juvenis,</strong></span> <span class='ocrx_word' id='word_1_298' title='bbox 1878 2946 1969 2983; x_wconf 89' lang='lat' dir='ltr'><strong>no—</strong></span> 
     </span>
    </p>
   </div>
   <div class='ocr_carea' id='block_1_47' title="bbox 416 3006 1973 3083">
    <p class='ocr_par' dir='ltr' id='par_1_47' title="bbox 416 3006 1973 3083">
     <span class='ocr_line' id='line_1_47' title="bbox 416 3006 1973 3083; baseline 0.002 -15"><span class='ocrx_word' id='word_1_299' title='bbox 416 3006 672 3068; x_wconf 88' lang='lat' dir='ltr'><strong>bilitatem</strong></span> <span class='ocrx_word' id='word_1_300' title='bbox 724 3014 1079 3083; x_wconf 78' lang='lat' dir='ltr'><strong>generationis</strong></span> <span class='ocrx_word' id='word_1_301' title='bbox 1138 3030 1343 3067; x_wconf 90' lang='lat' dir='ltr'><strong>morum</strong></span> <span class='ocrx_word' id='word_1_302' title='bbox 1394 3016 1666 3070; x_wconf 89' lang='lat' dir='ltr'><strong>nobilitate</strong></span> <span class='ocrx_word' id='word_1_303' title='bbox 1713 3018 1973 3071; x_wconf 84' lang='lat' dir='ltr'><strong>adornare</strong></span> 
     </span>
    </p>
   </div>
   <div class='ocr_carea' id='block_1_48' title="bbox 414 3101 1970 3172">
    <p class='ocr_par' dir='ltr' id='par_1_48' title="bbox 414 3101 1970 3172">
     <span class='ocr_line' id='line_1_48' title="bbox 414 3101 1970 3172; baseline 0.002 -18"><span class='ocrx_word' id='word_1_304' title='bbox 414 3101 663 3164; x_wconf 69' lang='lat' dir='ltr'><strong>Studeas;</strong></span> <span class='ocrx_word' id='word_1_305' title='bbox 701 3110 756 3154; x_wconf 90' lang='lat' dir='ltr'><strong>et</strong></span> <span class='ocrx_word' id='word_1_306' title='bbox 818 3102 910 3154; x_wconf 91' lang='lat' dir='ltr'><strong>Dei</strong></span> <span class='ocrx_word' id='word_1_307' title='bbox 973 3101 1347 3169; x_wconf 90' lang='lat' dir='ltr'><strong>omnipotentis</strong></span> <span class='ocrx_word' id='word_1_308' title='bbox 1396 3103 1759 3167; x_wconf 78' lang='lat' dir='ltr'><strong>voluntatem,</strong></span> <span class='ocrx_word' id='word_1_309' title='bbox 1813 3113 1970 3172; x_wconf 85' lang='lat' dir='ltr'><strong>atque</strong></span> 
     </span>
    </p>
   </div>
   <div class='ocr_carea' id='block_1_49' title="bbox 414 3190 1971 3261">
    <p class='ocr_par' dir='ltr' id='par_1_49' title="bbox 414 3190 1971 3261">
     <span class='ocr_line' id='line_1_49' title="bbox 414 3190 1971 3261; baseline 0.002 -18"><span class='ocrx_word' id='word_1_310' title='bbox 414 3190 523 3261; x_wconf 58' lang='lat'><strong>55</strong></span> <span class='ocrx_word' id='word_1_311' title='bbox 555 3192 810 3245; x_wconf 84' lang='lat' dir='ltr'><strong>honorem</strong></span> <span class='ocrx_word' id='word_1_312' title='bbox 859 3198 967 3244; x_wconf 90' lang='lat' dir='ltr'><strong>tota</strong></span> <span class='ocrx_word' id='word_1_313' title='bbox 993 3192 1188 3245; x_wconf 90' lang='lat' dir='ltr'><strong>virtute</strong></span> <span class='ocrx_word' id='word_1_314' title='bbox 1233 3192 1452 3261; x_wconf 89' lang='lat' dir='ltr'><strong>implere</strong></span> <span class='ocrx_word' id='word_1_315' title='bbox 1483 3193 1757 3255; x_wconf 81' lang='lat' dir='ltr'><strong>contende,</strong></span> <span class='ocrx_word' id='word_1_316' title='bbox 1787 3204 1971 3261; x_wconf 87' lang='lat' dir='ltr'><strong>quate-</strong></span> 
     </span>
    </p>
   </div>
   <div class='ocr_carea' id='block_1_50' title="bbox 416 3280 1971 3350">
    <p class='ocr_par' dir='ltr' id='par_1_50' title="bbox 416 3280 1971 3350">
     <span class='ocr_line' id='line_1_50' title="bbox 416 3280 1971 3350; baseline -0.001 -17"><span class='ocrx_word' id='word_1_317' title='bbox 416 3295 518 3333; x_wconf 91' lang='lat' dir='ltr'><strong>nus</strong></span> <span class='ocrx_word' id='word_1_318' title='bbox 540 3280 680 3334; x_wconf 88' lang='lat' dir='ltr'><strong>illius</strong></span> <span class='ocrx_word' id='word_1_319' title='bbox 714 3281 1093 3335; x_wconf 74' lang='lat' dir='ltr'><strong>inzestimabilis</strong></span> <span class='ocrx_word' id='word_1_320' title='bbox 1121 3282 1291 3349; x_wconf 89' lang='lat' dir='ltr'><strong>pietas</strong></span> <span class='ocrx_word' id='word_1_321' title='bbox 1335 3282 1521 3335; x_wconf 90' lang='lat' dir='ltr'><strong>solium</strong></span> <span class='ocrx_word' id='word_1_322' title='bbox 1549 3283 1693 3350; x_wconf 85' lang='lat' dir='ltr'><strong>regni</strong></span> <span class='ocrx_word' id='word_1_323' title='bbox 1725 3283 1799 3335; x_wconf 90' lang='lat' dir='ltr'><strong>tui</strong></span> <span class='ocrx_word' id='word_1_324' title='bbox 1825 3282 1971 3335; x_wconf 82' lang='lat' dir='ltr'><strong>exal-</strong></span> 
     </span>
    </p>
   </div>
   <div class='ocr_carea' id='block_1_51' title="bbox 420 3369 1970 3438">
    <p class='ocr_par' dir='ltr' id='par_1_51' title="bbox 420 3369 1970 3438">
     <span class='ocr_line' id='line_1_51' title="bbox 420 3369 1970 3438; baseline 0.002 -17"><span class='ocrx_word' id='word_1_325' title='bbox 420 3376 515 3431; x_wconf 90' lang='lat' dir='ltr'><strong>tet,</strong></span> <span class='ocrx_word' id='word_1_326' title='bbox 539 3377 593 3421; x_wconf 88' lang='lat' dir='ltr'><strong>et</strong></span> <span class='ocrx_word' id='word_1_327' title='bbox 618 3369 877 3423; x_wconf 88' lang='lat' dir='ltr'><strong>terminos</strong></span> <span class='ocrx_word' id='word_1_328' title='bbox 912 3369 1121 3432; x_wconf 86' lang='lat' dir='ltr'><strong>dilatet,</strong></span> <span class='ocrx_word' id='word_1_329' title='bbox 1166 3378 1220 3422; x_wconf 91' lang='lat' dir='ltr'><strong>et</strong></span> <span class='ocrx_word' id='word_1_330' title='bbox 1240 3378 1423 3438; x_wconf 88' lang='lat' dir='ltr'><strong>gentes</strong></span> <span class='ocrx_word' id='word_1_331' title='bbox 1467 3379 1568 3424; x_wconf 68' lang='lat' dir='ltr'><strong>tuze</strong></span> <span class='ocrx_word' id='word_1_332' title='bbox 1601 3370 1847 3437; x_wconf 80' lang='lat' dir='ltr'><strong>subiiciat</strong></span> <span class='ocrx_word' id='word_1_333' title='bbox 1873 3386 1970 3438; x_wconf 89' lang='lat' dir='ltr'><strong>po-</strong></span> 
     </span>
    </p>
   </div>
   <div class='ocr_carea' id='block_1_52' title="bbox 422 3458 1969 3530">
    <p class='ocr_par' dir='ltr' id='par_1_52' title="bbox 422 3458 1969 3530">
     <span class='ocr_line' id='line_1_52' title="bbox 422 3458 1969 3530; baseline 0 -18"><span class='ocrx_word' id='word_1_334' title='bbox 422 3459 617 3512; x_wconf 83' lang='lat' dir='ltr'><strong>testati.</strong></span> <span class='ocrx_word' id='word_1_335' title='bbox 648 3458 776 3511; x_wconf 85' lang='lat' dir='ltr'><strong>Esto</strong></span> <span class='ocrx_word' id='word_1_336' title='bbox 808 3458 990 3527; x_wconf 86' lang='lat' dir='ltr'><strong>largus</strong></span> <span class='ocrx_word' id='word_1_337' title='bbox 1032 3459 1086 3511; x_wconf 91' lang='lat' dir='ltr'><strong>in</strong></span> <span class='ocrx_word' id='word_1_338' title='bbox 1140 3459 1372 3524; x_wconf 87' lang='lat' dir='ltr'><strong>miseris,</strong></span> <span class='ocrx_word' id='word_1_339' title='bbox 1399 3460 1516 3528; x_wconf 91' lang='lat' dir='ltr'><strong>pius</strong></span> <span class='ocrx_word' id='word_1_340' title='bbox 1546 3461 1596 3512; x_wconf 92' lang='lat' dir='ltr'><strong>in</strong></span> <span class='ocrx_word' id='word_1_341' title='bbox 1639 3461 1934 3530; x_wconf 80' lang='lat' dir='ltr'><strong>peregrinis</strong></span> <span class='ocrx_word' id='word_1_342' title='bbox 1956 3500 1969 3521; x_wconf 93' lang='lat'><strong>,</strong></span> 
     </span>
    </p>
   </div>
   <div class='ocr_carea' id='block_1_53' title="bbox 420 3545 1969 3618">
    <p class='ocr_par' dir='ltr' id='par_1_53' title="bbox 420 3545 1969 3618">
     <span class='ocr_line' id='line_1_53' title="bbox 420 3545 1969 3618; baseline 0 -18"><span class='ocrx_word' id='word_1_343' title='bbox 420 3546 643 3600; x_wconf 85' lang='lat' dir='ltr'><strong>devotus</strong></span> <span class='ocrx_word' id='word_1_344' title='bbox 672 3548 726 3600; x_wconf 91' lang='lat' dir='ltr'><strong>in</strong></span> <span class='ocrx_word' id='word_1_345' title='bbox 781 3546 999 3600; x_wconf 87' lang='lat' dir='ltr'><strong>servitio</strong></span> <span class='ocrx_word' id='word_1_346' title='bbox 1026 3545 1224 3600; x_wconf 88' lang='lat' dir='ltr'><strong>Christi</strong></span> <span class='ocrx_word' id='word_1_347' title='bbox 1259 3565 1271 3598; x_wconf 89' lang='lat'><strong>:</strong></span> <span class='ocrx_word' id='word_1_348' title='bbox 1306 3546 1500 3600; x_wconf 77' lang='lat' dir='ltr'><strong>Servos</strong></span> <span class='ocrx_word' id='word_1_349' title='bbox 1540 3548 1657 3601; x_wconf 89' lang='lat' dir='ltr'><strong>illos</strong></span> <span class='ocrx_word' id='word_1_350' title='bbox 1693 3547 1819 3618; x_wconf 80' lang='lat' dir='ltr'><strong>[F.,</strong></span> <span class='ocrx_word' id='word_1_351' title='bbox 1846 3546 1969 3616; x_wconf 90' lang='lat' dir='ltr'><strong>illis]</strong></span> 
     </span>
    </p>
   </div>
   <div class='ocr_carea' id='block_1_54' title="bbox 418 3635 1971 3700">
    <p class='ocr_par' dir='ltr' id='par_1_54' title="bbox 418 3635 1971 3700">
     <span class='ocr_line' id='line_1_54' title="bbox 418 3635 1971 3700; baseline 0.004 -13"><span class='ocrx_word' id='word_1_352' title='bbox 418 3643 475 3687; x_wconf 90' lang='lat' dir='ltr'><strong>et</strong></span> <span class='ocrx_word' id='word_1_353' title='bbox 496 3635 762 3689; x_wconf 85' lang='lat' dir='ltr'><strong>Ecclesias</strong></span> <span class='ocrx_word' id='word_1_354' title='bbox 781 3635 1069 3689; x_wconf 89' lang='lat' dir='ltr'><strong>honoriﬁce</strong></span> <span class='ocrx_word' id='word_1_355' title='bbox 1092 3642 1347 3700; x_wconf 86' lang='lat' dir='ltr'><strong>tractans,</strong></span> <span class='ocrx_word' id='word_1_356' title='bbox 1369 3646 1422 3689; x_wconf 90' lang='lat' dir='ltr'><strong>et</strong></span> <span class='ocrx_word' id='word_1_357' title='bbox 1463 3645 1521 3688; x_wconf 91' lang='lat' dir='ltr'><strong>ut</strong></span> <span class='ocrx_word' id='word_1_358' title='bbox 1552 3638 1730 3690; x_wconf 90' lang='lat' dir='ltr'><strong>sedula</strong></span> <span class='ocrx_word' id='word_1_359' title='bbox 1762 3637 1971 3693; x_wconf 92' lang='lat' dir='ltr'><strong>illorum</strong></span> 
     </span>
    </p>
   </div>
   <div class='ocr_carea' id='block_1_55' title="bbox 419 3724 1970 3795">
    <p class='ocr_par' dir='ltr' id='par_1_55' title="bbox 419 3724 1970 3795">
     <span class='ocr_line' id='line_1_55' title="bbox 419 3724 1970 3795; baseline 0.005 -19"><span class='ocrx_word' id='word_1_360' title='bbox 419 3724 593 3776; x_wconf 89' lang='lat' dir='ltr'><strong>oratio</strong></span> <span class='ocrx_word' id='word_1_361' title='bbox 630 3732 683 3776; x_wconf 86' lang='lat' dir='ltr'><strong>te</strong></span> <span class='ocrx_word' id='word_1_362' title='bbox 711 3725 941 3792; x_wconf 85' lang='lat' dir='ltr'><strong>adjuvet.</strong></span> <span class='ocrx_word' id='word_1_363' title='bbox 990 3727 1116 3781; x_wconf 89' lang='lat' dir='ltr'><strong>Esto</strong></span> <span class='ocrx_word' id='word_1_364' title='bbox 1161 3728 1498 3783; x_wconf 85' lang='lat' dir='ltr'><strong>honestus&#39;in</strong></span> <span class='ocrx_word' id='word_1_365' title='bbox 1542 3732 1970 3795; x_wconf 72' lang='lat' dir='ltr'><strong>conuersatione,</strong></span> 
     </span>
    </p>
   </div>
   <div class='ocr_carea' id='block_1_56' title="bbox 420 3813 1976 3880">
    <p class='ocr_par' dir='ltr' id='par_1_56' title="bbox 420 3813 1976 3880">
     <span class='ocr_line' id='line_1_56' title="bbox 420 3813 1976 3880; baseline 0.006 -17"><span class='ocrx_word' id='word_1_366' title='bbox 420 3821 599 3864; x_wconf 87' lang='lat' dir='ltr'><strong>castus</strong></span> <span class='ocrx_word' id='word_1_367' title='bbox 620 3813 673 3864; x_wconf 90' lang='lat' dir='ltr'><strong>in</strong></span> <span class='ocrx_word' id='word_1_368' title='bbox 687 3828 927 3880; x_wconf 89' lang='lat' dir='ltr'><strong>corpore.</strong></span> <span class='ocrx_word' id='word_1_369' title='bbox 942 3814 1147 3869; x_wconf 66' lang='lat' dir='ltr'><strong>Laetare</strong></span> <span class='ocrx_word' id='word_1_370' title='bbox 1179 3828 1202 3855; x_wconf 77' lang='grc' dir='ltr'><strong>ο</strong></span> <span class='ocrx_word' id='word_1_371' title='bbox 1227 3834 1345 3871; x_wconf 89' lang='lat' dir='ltr'><strong>cum</strong></span> <span class='ocrx_word' id='word_1_372' title='bbox 1360 3818 1579 3873; x_wconf 88' lang='lat' dir='ltr'><strong>muliere</strong></span> <span class='ocrx_word' id='word_1_373' title='bbox 1607 3821 1976 3874; x_wconf 76' lang='lat' dir='ltr'><strong>adolescentia:</strong></span> 
     </span>
    </p>
   </div>
   <div class='ocr_carea' id='block_1_57' title="bbox 421 3896 1976 3975">
    <p class='ocr_par' dir='ltr' id='par_1_57' title="bbox 421 3896 1976 3975">
     <span class='ocr_line' id='line_1_57' title="bbox 421 3896 1976 3975; baseline 0.006 -23"><span class='ocrx_word' id='word_1_374' title='bbox 421 3910 545 3961; x_wconf 71' lang='lat' dir='ltr'><strong>tum,</strong></span> <span class='ocrx_word' id='word_1_375' title='bbox 575 3910 628 3954; x_wconf 88' lang='lat' dir='ltr'><strong>et</strong></span> <span class='ocrx_word' id='word_1_376' title='bbox 655 3896 763 3955; x_wconf 81' lang='lat' dir='ltr'><strong>non</strong></span> <span class='ocrx_word' id='word_1_377' title='bbox 785 3903 892 3955; x_wconf 90' lang='lat' dir='ltr'><strong>sint</strong></span> <span class='ocrx_word' id='word_1_378' title='bbox 937 3905 1121 3958; x_wconf 71' lang='lat' dir='ltr'><strong>alienae</strong></span> <span class='ocrx_word' id='word_1_379' title='bbox 1150 3908 1435 3975; x_wconf 89' lang='lat' dir='ltr'><strong>participes</strong></span> <span class='ocrx_word' id='word_1_380' title='bbox 1458 3910 1553 3972; x_wconf 91' lang='lat' dir='ltr'><strong>tui,</strong></span> <span class='ocrx_word' id='word_1_381' title='bbox 1594 3918 1650 3962; x_wconf 91' lang='lat' dir='ltr'><strong>ut</strong></span> <span class='ocrx_word' id='word_1_382' title='bbox 1682 3910 1976 3963; x_wconf 89' lang='lat' dir='ltr'><strong>benedictio</strong></span> 
     </span>
    </p>
   </div>
   <div class='ocr_carea' id='block_1_58' title="bbox 423 3988 1976 4068">
    <p class='ocr_par' dir='ltr' id='par_1_58' title="bbox 423 3988 1976 4068">
     <span class='ocr_line' id='line_1_58' title="bbox 423 3988 1976 4068; baseline 0.006 -28"><span class='ocrx_word' id='word_1_383' title='bbox 423 3988 518 4042; x_wconf 91' lang='lat' dir='ltr'><strong>tibi</strong></span> <span class='ocrx_word' id='word_1_384' title='bbox 546 4003 577 4040; x_wconf 86' lang='lat' dir='ltr'><strong>a</strong></span> <span class='ocrx_word' id='word_1_385' title='bbox 610 3988 718 4043; x_wconf 86' lang='lat' dir='ltr'><strong>Deo</strong></span> <span class='ocrx_word' id='word_1_386' title='bbox 743 3990 943 4068; x_wconf 86' lang='lat' dir='ltr'><strong>datain</strong></span> <span class='ocrx_word' id='word_1_387' title='bbox 970 3991 1177 4059; x_wconf 83' lang='lat' dir='ltr'><strong>longam</strong></span> <span class='ocrx_word' id='word_1_388' title='bbox 1209 4008 1456 4067; x_wconf 74' lang='lat' dir='ltr'><strong>nepetum</strong></span> <span class='ocrx_word' id='word_1_389' title='bbox 1483 3998 1732 4063; x_wconf 87' lang='lat' dir='ltr'><strong>procedat</strong></span> <span class='ocrx_word' id='word_1_390' title='bbox 1754 3999 1976 4065; x_wconf 84' lang='lat' dir='ltr'><strong>posteri-</strong></span> 
     </span>
    </p>
   </div>
   <div class='ocr_carea' id='block_1_59' title="bbox 421 4074 1970 4150">
    <p class='ocr_par' dir='ltr' id='par_1_59' title="bbox 421 4074 1970 4150">
     <span class='ocr_line' id='line_1_59' title="bbox 421 4074 1970 4150; baseline 0.008 -20"><span class='ocrx_word' id='word_1_391' title='bbox 421 4086 610 4130; x_wconf 84' lang='lat' dir='ltr'><strong>tatem.</strong></span> <span class='ocrx_word' id='word_1_392' title='bbox 633 4074 943 4133; x_wconf 81' lang='lat' dir='ltr'><strong>Estot&#39;ortis</strong></span> <span class='ocrx_word' id='word_1_393' title='bbox 967 4081 1018 4132; x_wconf 92' lang='lat' dir='ltr'><strong>in</strong></span> <span class='ocrx_word' id='word_1_394' title='bbox 1048 4082 1402 4149; x_wconf 85' lang='lat' dir='ltr'><strong>adversarios,</strong></span> <span class='ocrx_word' id='word_1_395' title='bbox 1435 4084 1606 4139; x_wconf 88' lang='lat' dir='ltr'><strong>ﬁdelis</strong></span> <span class='ocrx_word' id='word_1_396' title='bbox 1640 4086 1691 4138; x_wconf 93' lang='lat' dir='ltr'><strong>in</strong></span> <span class='ocrx_word' id='word_1_397' title='bbox 1730 4088 1929 4141; x_wconf 89' lang='lat' dir='ltr'><strong>amicos</strong></span> <span class='ocrx_word' id='word_1_398' title='bbox 1957 4128 1970 4150; x_wconf 88' lang='lat'><strong>,</strong></span> 
     </span>
    </p>
   </div>
   <div class='ocr_carea' id='block_1_60' title="bbox 422 4166 1976 4242">
    <p class='ocr_par' dir='ltr' id='par_1_60' title="bbox 422 4166 1976 4242">
     <span class='ocr_line' id='line_1_60' title="bbox 422 4166 1976 4242; baseline 0.008 -24"><span class='ocrx_word' id='word_1_399' title='bbox 422 4166 637 4220; x_wconf 88' lang='lat' dir='ltr'><strong>humilis</strong></span> <span class='ocrx_word' id='word_1_400' title='bbox 661 4166 996 4232; x_wconf 85' lang='lat' dir='ltr'><strong>Christianis,</strong></span> <span class='ocrx_word' id='word_1_401' title='bbox 1034 4172 1286 4231; x_wconf 85' lang='lat' dir='ltr'><strong>terribilis</strong></span> <span class='ocrx_word' id='word_1_402' title='bbox 1306 4174 1523 4242; x_wconf 90' lang='lat' dir='ltr'><strong>paganis</strong></span> <span class='ocrx_word' id='word_1_403' title='bbox 1544 4215 1557 4238; x_wconf 92' lang='lat'><strong>,</strong></span> <span class='ocrx_word' id='word_1_404' title='bbox 1628 4175 1851 4230; x_wconf 87' lang='lat' dir='ltr'><strong>aﬂ‘abilis</strong></span> <span class='ocrx_word' id='word_1_405' title='bbox 1880 4178 1976 4230; x_wconf 88' lang='lat' dir='ltr'><strong>mi-</strong></span> 
     </span>
    </p>
   </div>
   <div class='ocr_carea' id='block_1_61' title="bbox 423 4254 1976 4323">
    <p class='ocr_par' dir='ltr' id='par_1_61' title="bbox 423 4254 1976 4323">
     <span class='ocr_line' id='line_1_61' title="bbox 423 4254 1976 4323; baseline 0.008 -17"><span class='ocrx_word' id='word_1_406' title='bbox 423 4254 577 4315; x_wconf 84' lang='lat' dir='ltr'><strong>seris,</strong></span> <span class='ocrx_word' id='word_1_407' title='bbox 612 4257 862 4323; x_wconf 86' lang='lat' dir='ltr'><strong>providus</strong></span> <span class='ocrx_word' id='word_1_408' title='bbox 884 4258 935 4311; x_wconf 91' lang='lat' dir='ltr'><strong>in</strong></span> <span class='ocrx_word' id='word_1_409' title='bbox 964 4260 1217 4314; x_wconf 90' lang='lat' dir='ltr'><strong>consiliis.</strong></span> <span class='ocrx_word' id='word_1_410' title='bbox 1250 4260 1408 4316; x_wconf 89' lang='lat' dir='ltr'><strong>Utere</strong></span> <span class='ocrx_word' id='word_1_411' title='bbox 1449 4265 1671 4318; x_wconf 91' lang='lat' dir='ltr'><strong>consilio</strong></span> <span class='ocrx_word' id='word_1_412' title='bbox 1706 4281 1887 4319; x_wconf 89' lang='lat' dir='ltr'><strong>senum</strong></span> <span class='ocrx_word' id='word_1_413' title='bbox 1910 4274 1976 4321; x_wconf 77' lang='grc' dir='ltr'><strong>,οι</strong></span> 
     </span>
    </p>
   </div>
   <div class='ocr_carea' id='block_1_62' title="bbox 424 4340 1970 4423">
    <p class='ocr_par' dir='ltr' id='par_1_62' title="bbox 424 4340 1970 4423">
     <span class='ocr_line' id='line_1_62' title="bbox 424 4340 1970 4423; baseline 0.007 -26"><span class='ocrx_word' id='word_1_414' title='bbox 424 4340 937 4411; x_wconf 75' lang='lat' dir='ltr'><strong>servitio’juvenum.</strong></span> <span class='ocrx_word' id='word_1_415' title='bbox 960 4347 1026 4399; x_wconf 86' lang='lat' dir='ltr'><strong>Et</strong></span> <span class='ocrx_word' id='word_1_416' title='bbox 1052 4350 1318 4415; x_wconf 65' lang='lat' dir='ltr'><strong>aequitatis</strong></span> <span class='ocrx_word' id='word_1_417' title='bbox 1356 4350 1555 4418; x_wconf 87' lang='lat' dir='ltr'><strong>judicia</strong></span> <span class='ocrx_word' id='word_1_418' title='bbox 1581 4353 1633 4405; x_wconf 90' lang='lat' dir='ltr'><strong>in</strong></span> <span class='ocrx_word' id='word_1_419' title='bbox 1670 4369 1834 4423; x_wconf 86' lang='lat' dir='ltr'><strong>regno</strong></span> <span class='ocrx_word' id='word_1_420' title='bbox 1861 4363 1970 4419; x_wconf 90' lang='lat' dir='ltr'><strong>tuo,</strong></span> 
     </span>
    </p>
   </div>
   <div class='ocr_carea' id='block_1_63' title="bbox 423 4430 1974 4506">
    <p class='ocr_par' dir='ltr' id='par_1_63' title="bbox 423 4430 1974 4506">
     <span class='ocr_line' id='line_1_63' title="bbox 423 4430 1974 4506; baseline 0.008 -23"><span class='ocrx_word' id='word_1_421' title='bbox 423 4438 477 4483; x_wconf 91' lang='lat' dir='ltr'><strong>et</strong></span> <span class='ocrx_word' id='word_1_422' title='bbox 512 4430 628 4483; x_wconf 89' lang='lat' dir='ltr'><strong>laus</strong></span> <span class='ocrx_word' id='word_1_423' title='bbox 652 4430 746 4483; x_wconf 93' lang='lat' dir='ltr'><strong>Dei</strong></span> <span class='ocrx_word' id='word_1_424' title='bbox 780 4432 973 4500; x_wconf 87' lang='lat' dir='ltr'><strong>ubique</strong></span> <span class='ocrx_word' id='word_1_425' title='bbox 1022 4435 1166 4489; x_wconf 87' lang='lat' dir='ltr'><strong>boris</strong></span> <span class='ocrx_word' id='word_1_426' title='bbox 1195 4440 1612 4504; x_wconf 82' lang='lat' dir='ltr'><strong>competentibus</strong></span> <span class='ocrx_word' id='word_1_427' title='bbox 1639 4452 1880 4506; x_wconf 89' lang='lat' dir='ltr'><strong>resonet;</strong></span> <span class='ocrx_word' id='word_1_428' title='bbox 1922 4452 1974 4496; x_wconf 91' lang='lat' dir='ltr'><strong>et</strong></span> 
     </span>
    </p>
   </div>
   <div class='ocr_carea' id='block_1_64' title="bbox 424 4519 1972 4597">
    <p class='ocr_par' dir='ltr' id='par_1_64' title="bbox 424 4519 1972 4597">
     <span class='ocr_line' id='line_1_64' title="bbox 424 4519 1972 4597; baseline 0.008 -26"><span class='ocrx_word' id='word_1_429' title='bbox 424 4519 655 4571; x_wconf 81' lang='lat' dir='ltr'><strong>maxime</strong></span> <span class='ocrx_word' id='word_1_430' title='bbox 680 4520 733 4571; x_wconf 87' lang='lat' dir='ltr'><strong>in</strong></span> <span class='ocrx_word' id='word_1_431' title='bbox 772 4522 1052 4587; x_wconf 69' lang='lat' dir='ltr'><strong>praasentia</strong></span> <span class='ocrx_word' id='word_1_432' title='bbox 1094 4524 1307 4591; x_wconf 89' lang='lat' dir='ltr'><strong>pietatis</strong></span> <span class='ocrx_word' id='word_1_433' title='bbox 1335 4533 1456 4579; x_wconf 65' lang='lat' dir='ltr'><strong>ture.</strong></span> <span class='ocrx_word' id='word_1_434' title='bbox 1507 4525 1637 4591; x_wconf 86' lang='lat' dir='ltr'><strong>Quia</strong></span> <span class='ocrx_word' id='word_1_435' title='bbox 1674 4523 1972 4597; x_wconf 86' lang='lat' dir='ltr'><strong>hujusmodi</strong></span> 
     </span>
    </p>
   </div>
   <div class='ocr_carea' id='block_1_65' title="bbox 423 4606 1970 4671">
    <p class='ocr_par' dir='ltr' id='par_1_65' title="bbox 423 4606 1970 4671">
     <span class='ocr_line' id='line_1_65' title="bbox 423 4606 1970 4671; baseline 0.006 -11"><span class='ocrx_word' id='word_1_436' title='bbox 423 4606 637 4660; x_wconf 80' lang='lat' dir='ltr'><strong>devotio</strong></span> <span class='ocrx_word' id='word_1_437' title='bbox 682 4607 735 4659; x_wconf 92' lang='lat' dir='ltr'><strong>in</strong></span> <span class='ocrx_word' id='word_1_438' title='bbox 762 4607 953 4664; x_wconf 83' lang='lat' dir='ltr'><strong>ofﬁciis</strong></span> <span class='ocrx_word' id='word_1_439' title='bbox 974 4612 1349 4666; x_wconf 75' lang='lat' dir='ltr'><strong>ecclesiasticis</strong></span> <span class='ocrx_word' id='word_1_440' title='bbox 1373 4615 1479 4668; x_wconf 89' lang='lat' dir='ltr'><strong>Deo</strong></span> <span class='ocrx_word' id='word_1_441' title='bbox 1507 4624 1556 4667; x_wconf 90' lang='lat' dir='ltr'><strong>te</strong></span> <span class='ocrx_word' id='word_1_442' title='bbox 1580 4616 1859 4671; x_wconf 88' lang='lat' dir='ltr'><strong>amabilem</strong></span> <span class='ocrx_word' id='word_1_443' title='bbox 1890 4616 1970 4670; x_wconf 83' lang='lat' dir='ltr'><strong>fa-</strong></span> 
     </span>
    </p>
   </div>
   <div class='ocr_carea' id='block_1_66' title="bbox 424 4693 1959 4762">
    <p class='ocr_par' dir='ltr' id='par_1_66' title="bbox 424 4693 1959 4762">
     <span class='ocr_line' id='line_1_66' title="bbox 424 4693 1959 4762; baseline 0.007 -13"><span class='ocrx_word' id='word_1_444' title='bbox 424 4693 552 4758; x_wconf 82' lang='lat' dir='ltr'><strong>ciet,</strong></span> <span class='ocrx_word' id='word_1_445' title='bbox 578 4703 633 4747; x_wconf 89' lang='lat' dir='ltr'><strong>et</strong></span> <span class='ocrx_word' id='word_1_446' title='bbox 660 4695 961 4751; x_wconf 90' lang='lat' dir='ltr'><strong>hominibus</strong></span> <span class='ocrx_word' id='word_1_447' title='bbox 986 4700 1348 4755; x_wconf 87' lang='lat' dir='ltr'><strong>bonorahilem</strong></span> <span class='ocrx_word' id='word_1_448' title='bbox 1378 4703 1588 4762; x_wconf 80' lang='lat' dir='ltr'><strong>efﬁciet.</strong></span> <span class='ocrx_word' id='word_1_449' title='bbox 1627 4703 1743 4757; x_wconf 89' lang='lat' dir='ltr'><strong>Sint</strong></span> <span class='ocrx_word' id='word_1_450' title='bbox 1768 4706 1859 4760; x_wconf 85' lang='lat' dir='ltr'><strong>tibi</strong></span> <span class='ocrx_word' id='word_1_451' title='bbox 1882 4722 1959 4760; x_wconf 89' lang='lat' dir='ltr'><strong>so-</strong></span> 
     </span>
    </p>
   </div>
   <div class='ocr_carea' id='block_1_67' title="bbox 422 4783 1973 4855">
    <p class='ocr_par' dir='ltr' id='par_1_67' title="bbox 422 4783 1973 4855">
     <span class='ocr_line' id='line_1_67' title="bbox 422 4783 1973 4855; baseline 0.008 -19"><span class='ocrx_word' id='word_1_452' title='bbox 422 4783 667 4838; x_wconf 83' lang='lat' dir='ltr'><strong>brietatis</strong></span> <span class='ocrx_word' id='word_1_453' title='bbox 691 4784 1036 4853; x_wconf 83' lang='lat' dir='ltr'><strong>cogitationes</strong></span> <span class='ocrx_word' id='word_1_454' title='bbox 1080 4788 1134 4840; x_wconf 91' lang='lat' dir='ltr'><strong>in</strong></span> <span class='ocrx_word' id='word_1_455' title='bbox 1182 4791 1375 4855; x_wconf 89' lang='lat' dir='ltr'><strong>corde,</strong></span> <span class='ocrx_word' id='word_1_456' title='bbox 1424 4793 1662 4847; x_wconf 87' lang='lat' dir='ltr'><strong>veritatis</strong></span> <span class='ocrx_word' id='word_1_457' title='bbox 1710 4797 1865 4847; x_wconf 87' lang='lat' dir='ltr'><strong>verba</strong></span> <span class='ocrx_word' id='word_1_458' title='bbox 1918 4796 1973 4848; x_wconf 90' lang='lat' dir='ltr'><strong>in</strong></span> 
     </span>
    </p>
   </div>
   <div class='ocr_carea' id='block_1_68' title="bbox 496 4918 1972 5017">
    <p class='ocr_par' dir='ltr' id='par_1_68' title="bbox 496 4918 1972 5017">
     <span class='ocr_line' id='line_1_68' title="bbox 496 4918 1972 5017; baseline 0.011 -34"><span class='ocrx_word' id='word_1_459' title='bbox 496 4932 697 5017; x_wconf 55' lang='grc' dir='ltr'>ἒ</span> <span class='ocrx_word' id='word_1_460' title='bbox 733 4944 805 4986; x_wconf 74' lang='lat' dir='ltr'><strong>est</strong></span> <span class='ocrx_word' id='word_1_461' title='bbox 839 4933 1098 5017; x_wconf 56' lang='grc' dir='ltr'><strong>Ιξίρπυιιιιι⁸</strong></span> <span class='ocrx_word' id='word_1_462' title='bbox 1137 4946 1255 4991; x_wconf 76' lang='lat' dir='ltr'><strong>tuus</strong></span> <span class='ocrx_word' id='word_1_463' title='bbox 1276 4918 1804 5017; x_wconf 55' lang='lat' dir='ltr'><strong>tecunt._Aquisgrani</strong></span> <span class='ocrx_word' id='word_1_464' title='bbox 1833 4948 1972 5017; x_wconf 80' lang='lat' dir='ltr'><strong>haud</strong></span> 
     </span>
    </p>
   </div>
   <div class='ocr_carea' id='block_1_69' title="bbox 426 4999 1973 5081">
    <p class='ocr_par' dir='ltr' id='par_1_69' title="bbox 426 4999 1973 5081">
     <span class='ocr_line' id='line_1_69' title="bbox 426 4999 1973 5081; baseline 0.01 -30"><span class='ocrx_word' id='word_1_465' title='bbox 426 4999 751 5081; x_wconf 24' lang='lat' dir='ltr'><strong>dubie,_quo‘</strong></span> <span class='ocrx_word' id='word_1_466' title='bbox 772 4999 1233 5081; x_wconf 59' lang='lat' dir='ltr'><strong>post&#39;llunnieam</strong></span> <span class='ocrx_word' id='word_1_467' title='bbox 1261 4999 1835 5081; x_wconf 55' lang='lat' dir='ltr'><strong>expedition&#39;emuanno</strong></span> <span class='ocrx_word' id='word_1_468' title='bbox 1873 5016 1973 5067; x_wconf 87' lang='lat'><strong>796</strong></span> 
     </span>
    </p>
   </div>
   <div class='ocr_carea' id='block_1_70' title="bbox 427 5074 1973 5203">
    <p class='ocr_par' dir='ltr' id='par_1_70' title="bbox 427 5074 1973 5203">
     <span class='ocr_line' id='line_1_70' title="bbox 427 5074 1973 5134; baseline 0.01 -16"><span class='ocrx_word' id='word_1_469' title='bbox 427 5074 671 5131; x_wconf 86' lang='lat' dir='ltr'><strong>accessit,</strong></span> <span class='ocrx_word' id='word_1_470' title='bbox 702 5078 759 5122; x_wconf 91' lang='lat' dir='ltr'><strong>ut</strong></span> <span class='ocrx_word' id='word_1_471' title='bbox 804 5082 1023 5126; x_wconf 86' lang='lat' dir='ltr'><strong>narrant</strong></span> <span class='ocrx_word' id='word_1_472' title='bbox 1069 5074 1298 5128; x_wconf 87' lang='lat' dir='ltr'><strong>Annales</strong></span> <span class='ocrx_word' id='word_1_473' title='bbox 1332 5074 1683 5131; x_wconf 73' lang='lat' dir='ltr'><strong>Francorum.</strong></span> <span class='ocrx_word' id='word_1_474' title='bbox 1736 5082 1973 5134; x_wconf 84' lang='lat' dir='ltr'><strong>Postula-</strong></span> 
     </span>
     <span class='ocr_line' id='line_1_71' title="bbox 429 5135 1969 5203; baseline 0.012 -19"><span class='ocrx_word' id='word_1_475' title='bbox 429 5135 557 5203; x_wconf 92' lang='lat' dir='ltr'><strong>tioni</strong></span> <span class='ocrx_word' id='word_1_476' title='bbox 582 5136 789 5191; x_wconf 82' lang='lat' dir='ltr'><strong>Alcuini</strong></span> <span class='ocrx_word' id='word_1_477' title='bbox 825 5140 891 5193; x_wconf 87' lang='lat' dir='ltr'><strong>de</strong></span> <span class='ocrx_word' id='word_1_478' title='bbox 920 5143 1277 5203; x_wconf 88' lang='lat' dir='ltr'><strong>redemptione</strong></span> <span class='ocrx_word' id='word_1_479' title='bbox 1307 5147 1633 5203; x_wconf 83' lang='lat' dir='ltr'><strong>captivorum</strong></span> <span class='ocrx_word' id='word_1_480' title='bbox 1660 5152 1843 5201; x_wconf 90' lang='lat' dir='ltr'><strong>annuit</strong></span> <span class='ocrx_word' id='word_1_481' title='bbox 1867 5152 1969 5203; x_wconf 84' lang='lat' dir='ltr'><strong>Ca-</strong></span> 
     </span>
    </p>
   </div>
   <div class='ocr_carea' id='block_1_71' title="bbox 428 5158 1971 5323">
    <p class='ocr_par' dir='ltr' id='par_1_71' title="bbox 428 5158 1971 5323">
     <span class='ocr_line' id='line_1_72' title="bbox 429 5158 1969 5211; baseline 0.012 -27"><span class='ocrx_word' id='word_1_482' title='bbox 429 5158 557 5186; x_wconf 84' lang='grc' dir='ltr'>ιιυιιι</span> <span class='ocrx_word' id='word_1_483' title='bbox 582 5158 789 5191; x_wconf 72' lang='lat' dir='ltr'><strong>mcum!</strong></span> <span class='ocrx_word' id='word_1_484' title='bbox 825 5158 891 5193; x_wconf 81' lang='lat' dir='ltr'><strong>ne</strong></span> <span class='ocrx_word' id='word_1_485' title='bbox 920 5158 1277 5209; x_wconf 78' lang='lat' dir='ltr'><strong>redemptione</strong></span> <span class='ocrx_word' id='word_1_486' title='bbox 1307 5158 1633 5211; x_wconf 84' lang='lat' dir='ltr'><strong>captivorum</strong></span> <span class='ocrx_word' id='word_1_487' title='bbox 1660 5158 1843 5201; x_wconf 89' lang='lat' dir='ltr'><strong>annuit</strong></span> <span class='ocrx_word' id='word_1_488' title='bbox 1867 5158 1969 5203; x_wconf 84' lang='lat' dir='ltr'><strong>Ca-</strong></span> 
     </span>
     <span class='ocr_line' id='line_1_73' title="bbox 428 5202 1971 5323; baseline 0.01 -67"><span class='ocrx_word' id='word_1_489' title='bbox 428 5202 679 5323; x_wconf 59' lang='lat' dir='ltr'><strong>:It</strong></span> <span class='ocrx_word' id='word_1_490' title='bbox 725 5216 873 5274; x_wconf 88' lang='lat' dir='ltr'><strong>patet</strong></span> <span class='ocrx_word' id='word_1_491' title='bbox 892 5224 958 5261; x_wconf 81' lang='lat' dir='ltr'><strong>ex</strong></span> <span class='ocrx_word' id='word_1_492' title='bbox 987 5210 1138 5264; x_wconf 90' lang='lat' dir='ltr'><strong>initio</strong></span> <span class='ocrx_word' id='word_1_493' title='bbox 1173 5212 1403 5274; x_wconf 72' lang='lat' dir='ltr'><strong>epistolae</strong></span> <span class='ocrx_word' id='word_1_494' title='bbox 1438 5216 1508 5266; x_wconf 80' lang='lat' dir='ltr'><strong>ad</strong></span> <span class='ocrx_word' id='word_1_495' title='bbox 1532 5216 1827 5285; x_wconf 88' lang='lat' dir='ltr'><strong>Pippinum,</strong></span> <span class='ocrx_word' id='word_1_496' title='bbox 1855 5234 1971 5291; x_wconf 70' lang='lat' dir='ltr'><strong>qua:</strong></span> 
     </span>
    </p>
   </div>
   <div class='ocr_carea' id='block_1_72' title="bbox 428 5285 1971 5467">
    <p class='ocr_par' dir='ltr' id='par_1_72' title="bbox 428 5285 1971 5467">
     <span class='ocr_line' id='line_1_74' title="bbox 428 5285 1971 5413; baseline 0.013 -25"><span class='ocrx_word' id='word_1_497' title='bbox 428 5285 886 5396; x_wconf 49' lang='grc' dir='ltr'><strong>κτιῖῗτίιιηηίι.</strong></span> <span class='ocrx_word' id='word_1_498' title='bbox 929 5344 1072 5409; x_wconf 83' lang='lat' dir='ltr'><strong>Quos</strong></span> <span class='ocrx_word' id='word_1_499' title='bbox 1120 5346 1372 5413; x_wconf 76' lang='lat' dir='ltr'><strong>Pippinus</strong></span> <span class='ocrx_word' id='word_1_500' title='bbox 1396 5348 1495 5401; x_wconf 89' lang='lat' dir='ltr'><strong>hoc</strong></span> <span class='ocrx_word' id='word_1_501' title='bbox 1521 5356 1657 5405; x_wconf 88' lang='lat' dir='ltr'><strong>anno</strong></span> <span class='ocrx_word' id='word_1_502' title='bbox 1689 5354 1789 5406; x_wconf 77' lang='lat'><strong>796</strong></span> <span class='ocrx_word' id='word_1_503' title='bbox 1817 5355 1971 5408; x_wconf 89' lang='lat' dir='ltr'><strong>sube-</strong></span> 
     </span>
     <span class='ocr_line' id='line_1_75' title="bbox 430 5408 1535 5467; baseline 0.007 -8"><span class='ocrx_word' id='word_1_504' title='bbox 430 5408 524 5467; x_wconf 73' lang='lat' dir='ltr'><strong>git,</strong></span> <span class='ocrx_word' id='word_1_505' title='bbox 564 5410 784 5463; x_wconf 88' lang='lat' dir='ltr'><strong>testibus</strong></span> <span class='ocrx_word' id='word_1_506' title='bbox 818 5410 933 5467; x_wconf 86' lang='lat' dir='ltr'><strong>eius</strong></span> <span class='ocrx_word' id='word_1_507' title='bbox 963 5416 1217 5467; x_wconf 81' lang='lat' dir='ltr'><strong>temporis</strong></span> <span class='ocrx_word' id='word_1_508' title='bbox 1241 5416 1535 5467; x_wconf 84' lang='lat' dir='ltr'><strong>annalibus.</strong></span> 
     </span>
    </p>
   </div>
   <div class='ocr_carea' id='block_1_73' title="bbox 430 5422 1965 5554">
    <p class='ocr_par' dir='ltr' id='par_1_73' title="bbox 430 5422 1965 5554">
     <span class='ocr_line' id='line_1_76' title="bbox 430 5422 1535 5534; baseline 0.008 -76"><span class='ocrx_word' id='word_1_509' title='bbox 430 5422 524 5476; x_wconf 76' lang='lat' dir='ltr'><strong>git,</strong></span> <span class='ocrx_word' id='word_1_510' title='bbox 564 5422 784 5488; x_wconf 66' lang='lat' dir='ltr'><strong>testibus</strong></span> <span class='ocrx_word' id='word_1_511' title='bbox 818 5425 933 5476; x_wconf 82' lang='lat' dir='ltr'><strong>ejus</strong></span> <span class='ocrx_word' id='word_1_512' title='bbox 963 5422 1217 5534; x_wconf 56' lang='lat' dir='ltr'><strong>temporis</strong></span> <span class='ocrx_word' id='word_1_513' title='bbox 1241 5422 1535 5470; x_wconf 80' lang='lat' dir='ltr'><strong>annalibus.</strong></span> 
     </span>
     <span class='ocr_line' id='line_1_77' title="bbox 501 5476 1965 5554; baseline 0.012 -27"><span class='ocrx_word' id='word_1_514' title='bbox 501 5487 523 5513; x_wconf 73' lang='grc' dir='ltr'><strong><em>ο</em></strong></span> <span class='ocrx_word' id='word_1_515' title='bbox 562 5476 700 5554; x_wconf 52' lang='lat' dir='ltr'><strong>Egit:</strong></span> <span class='ocrx_word' id='word_1_516' title='bbox 731 5476 979 5547; x_wconf 84' lang='lat' dir='ltr'><strong>Quercet.</strong></span> <span class='ocrx_word' id='word_1_517' title='bbox 1020 5483 1088 5554; x_wconf 40' lang='grc' dir='ltr'>ᾖ</span> <span class='ocrx_word' id='word_1_518' title='bbox 1125 5496 1191 5554; x_wconf 57' lang='lat' dir='ltr'><strong>es</strong></span> <span class='ocrx_word' id='word_1_519' title='bbox 1234 5498 1332 5535; x_wconf 88' lang='lat' dir='ltr'><strong>ms.</strong></span> <span class='ocrx_word' id='word_1_520' title='bbox 1382 5484 1627 5552; x_wconf 78' lang='lat' dir='ltr'><strong>(Froben.</strong></span> <span class='ocrx_word' id='word_1_521' title='bbox 1674 5488 1783 5554; x_wconf 80' lang='lat'><strong>35).</strong></span> <span class='ocrx_word' id='word_1_522' title='bbox 1840 5492 1965 5545; x_wconf 86' lang='lat' dir='ltr'><strong>Data</strong></span> 
     </span>
    </p>
   </div>
   <div class='ocr_carea' id='block_1_74' title="bbox 432 5542 1967 5624">
    <p class='ocr_par' dir='ltr' id='par_1_74' title="bbox 432 5542 1967 5624">
     <span class='ocr_line' id='line_1_78' title="bbox 432 5542 1967 5624; baseline 0.01 -29"><span class='ocrx_word' id='word_1_523' title='bbox 432 5557 568 5624; x_wconf 65' lang='lat' dir='ltr'><strong>anno</strong></span> <span class='ocrx_word' id='word_1_524' title='bbox 596 5542 715 5607; x_wconf 82' lang='lat'><strong>796,</strong></span> <span class='ocrx_word' id='word_1_525' title='bbox 740 5544 1018 5624; x_wconf 71' lang='lat' dir='ltr'><strong>postquam</strong></span> <span class='ocrx_word' id='word_1_526' title='bbox 1032 5548 1281 5624; x_wconf 75' lang='lat' dir='ltr'><strong>Pippinus</strong></span> <span class='ocrx_word' id='word_1_527' title='bbox 1299 5554 1365 5604; x_wconf 88' lang='lat' dir='ltr'><strong>ab</strong></span> <span class='ocrx_word' id='word_1_528' title='bbox 1387 5542 1717 5619; x_wconf 78' lang='lat' dir='ltr'><strong>expeditione</strong></span> <span class='ocrx_word' id='word_1_529' title='bbox 1733 5542 1967 5612; x_wconf 51' lang='lat' dir='ltr'><strong>l&#39;lnnnica</strong></span> 
     </span>
    </p>
   </div>
   <div class='ocr_carea' id='block_1_75' title="bbox 432 5612 1962 5685">
    <p class='ocr_par' dir='ltr' id='par_1_75' title="bbox 432 5612 1962 5685">
     <span class='ocr_line' id='line_1_79' title="bbox 432 5612 1962 5685; baseline 0.01 -21"><span class='ocrx_word' id='word_1_530' title='bbox 432 5612 819 5682; x_wconf 73' lang='lat' dir='ltr'><strong>Aquisgranum</strong></span> <span class='ocrx_word' id='word_1_531' title='bbox 863 5612 929 5668; x_wconf 79' lang='lat' dir='ltr'><strong>ad</strong></span> <span class='ocrx_word' id='word_1_532' title='bbox 971 5612 1251 5681; x_wconf 62' lang='lat' dir='ltr'><strong>Caralim,</strong></span> <span class='ocrx_word' id='word_1_533' title='bbox 1298 5612 1506 5685; x_wconf 77' lang='lat' dir='ltr'><strong>patrem</strong></span> <span class='ocrx_word' id='word_1_534' title='bbox 1550 5639 1699 5675; x_wconf 91' lang='lat' dir='ltr'><strong>suum</strong></span> <span class='ocrx_word' id='word_1_535' title='bbox 1734 5666 1745 5685; x_wconf 90' lang='lat'><strong>,</strong></span> <span class='ocrx_word' id='word_1_536' title='bbox 1793 5628 1962 5679; x_wconf 85' lang='lat' dir='ltr'><strong>rediit.</strong></span> 
     </span>
    </p>
   </div>
   <div class='ocr_carea' id='block_1_76' title="bbox 2065 1850 3624 1936">
    <p class='ocr_par' dir='ltr' id='par_1_76' title="bbox 2065 1850 3624 1936">
     <span class='ocr_line' id='line_1_80' title="bbox 2065 1850 3624 1936; baseline -0.001 -15"><span class='ocrx_word' id='word_1_537' title='bbox 2065 1850 2447 1927; x_wconf 9' lang='lat' dir='ltr'><strong>chazlAlhinus,</strong></span> <span class='ocrx_word' id='word_1_538' title='bbox 2498 1874 2687 1917; x_wconf 69' lang='lat' dir='ltr'><strong>\‘CSll&#39;lC</strong></span> <span class='ocrx_word' id='word_1_539' title='bbox 2721 1866 2861 1918; x_wconf 86' lang='lat' dir='ltr'><strong>ﬁlius</strong></span> <span class='ocrx_word' id='word_1_540' title='bbox 2901 1867 3225 1928; x_wconf 84' lang='lat' dir='ltr'><strong>dilectionis,</strong></span> <span class='ocrx_word' id='word_1_541' title='bbox 3273 1877 3541 1936; x_wconf 68' lang='lat' dir='ltr'><strong>perpetua:</strong></span> <span class='ocrx_word' id='word_1_542' title='bbox 3574 1870 3624 1921; x_wconf 89' lang='lat' dir='ltr'><strong>in</strong></span> 
     </span>
    </p>
   </div>
   <div class='ocr_carea' id='block_1_77' title="bbox 1942 1954 2953 2023">
    <p class='ocr_par' dir='ltr' id='par_1_77' title="bbox 1942 1954 2953 2023">
     <span class='ocr_line' id='line_1_81' title="bbox 1942 1954 2953 2023; baseline -0.008 -11"><span class='ocrx_word' id='word_1_543' title='bbox 1942 1972 1953 1982; x_wconf 85' lang='lat'><strong>’</strong></span> <span class='ocrx_word' id='word_1_544' title='bbox 1984 1982 1985 1985; x_wconf 50' lang='grc' dir='ltr'><strong>η</strong></span> <span class='ocrx_word' id='word_1_545' title='bbox 2065 1954 2284 2011; x_wconf 84' lang='lat' dir='ltr'><strong>Christo</strong></span> <span class='ocrx_word' id='word_1_546' title='bbox 2310 1954 2680 2023; x_wconf 88' lang='lat' dir='ltr'><strong>prosperitatis</strong></span> <span class='ocrx_word' id='word_1_547' title='bbox 2710 1954 2953 2006; x_wconf 90' lang='lat' dir='ltr'><strong>salutem.</strong></span> 
     </span>
    </p>
   </div>
   <div class='ocr_carea' id='block_1_78' title="bbox 2139 2041 3631 2110">
    <p class='ocr_par' dir='ltr' id='par_1_78' title="bbox 2139 2041 3631 2110">
     <span class='ocr_line' id='line_1_82' title="bbox 2139 2041 3631 2110; baseline 0 -15"><span class='ocrx_word' id='word_1_548' title='bbox 2139 2043 2195 2095; x_wconf 90' lang='lat' dir='ltr'><strong>Si</strong></span> <span class='ocrx_word' id='word_1_549' title='bbox 2224 2043 2461 2110; x_wconf 83' lang='lat' dir='ltr'><strong>quotidie</strong></span> <span class='ocrx_word' id='word_1_550' title='bbox 2483 2052 2585 2094; x_wconf 77' lang='lat' dir='ltr'><strong>tua:</strong></span> <span class='ocrx_word' id='word_1_551' title='bbox 2603 2041 2945 2093; x_wconf 52' lang='lat' dir='ltr'><strong>beatitudinis</strong></span> <span class='ocrx_word' id='word_1_552' title='bbox 2966 2042 3243 2108; x_wconf 65' lang='lat' dir='ltr'><strong>priescntia</strong></span> <span class='ocrx_word' id='word_1_553' title='bbox 3272 2050 3468 2103; x_wconf 83' lang='lat' dir='ltr'><strong>uterer,</strong></span> <span class='ocrx_word' id='word_1_554' title='bbox 3498 2058 3631 2095; x_wconf 88' lang='lat' dir='ltr'><strong>nun-</strong></span> 
     </span>
    </p>
   </div>
   <div class='ocr_carea' id='block_1_79' title="bbox 2067 2129 3633 2200">
    <p class='ocr_par' dir='ltr' id='par_1_79' title="bbox 2067 2129 3633 2200">
     <span class='ocr_line' id='line_1_83' title="bbox 2067 2129 3633 2200; baseline -0.001 -17"><span class='ocrx_word' id='word_1_555' title='bbox 2067 2146 2227 2199; x_wconf 82' lang='lat' dir='ltr'><strong>quam</strong></span> <span class='ocrx_word' id='word_1_556' title='bbox 2266 2131 2478 2200; x_wconf 79' lang='lat' dir='ltr'><strong>[tamen</strong></span> <span class='ocrx_word' id='word_1_557' title='bbox 2510 2134 2525 2199; x_wconf 96' lang='lat'><strong>(</strong></span> <span class='ocrx_word' id='word_1_558' title='bbox 2555 2130 2723 2192; x_wconf 78' lang='lat' dir='ltr'><strong>Edit.,</strong></span> <span class='ocrx_word' id='word_1_559' title='bbox 2758 2129 2944 2200; x_wconf 91' lang='lat' dir='ltr'><strong>tunc)]</strong></span> <span class='ocrx_word' id='word_1_560' title='bbox 2993 2130 3243 2183; x_wconf 86' lang='lat' dir='ltr'><strong>mellilluo</strong></span> <span class='ocrx_word' id='word_1_561' title='bbox 3289 2148 3353 2185; x_wconf 78' lang='lat' dir='ltr'><strong>ex</strong></span> <span class='ocrx_word' id='word_1_562' title='bbox 3401 2146 3494 2185; x_wconf 87' lang='lat' dir='ltr'><strong>ore</strong></span> <span class='ocrx_word' id='word_1_563' title='bbox 3541 2140 3633 2183; x_wconf 89' lang='lat' dir='ltr'><strong>tuo</strong></span> 
     </span>
    </p>
   </div>
   <div class='ocr_carea' id='block_1_80' title="bbox 2068 2210 3633 2289">
    <p class='ocr_par' dir='ltr' id='par_1_80' title="bbox 2068 2210 3633 2289">
     <span class='ocr_line' id='line_1_84' title="bbox 2068 2210 3633 2289; baseline -0.002 -13"><span class='ocrx_word' id='word_1_564' title='bbox 2068 2210 2343 2276; x_wconf 81' lang='lat' dir='ltr'><strong>dulcedine</strong></span> <span class='ocrx_word' id='word_1_565' title='bbox 2364 2223 2618 2280; x_wconf 78' lang='lat' dir='ltr'><strong>satiarer,</strong></span> <span class='ocrx_word' id='word_1_566' title='bbox 2650 2221 2741 2273; x_wconf 89' lang='lat' dir='ltr'><strong>sed</strong></span> <span class='ocrx_word' id='word_1_567' title='bbox 2766 2230 3018 2287; x_wconf 88' lang='lat' dir='ltr'><strong>quantum</strong></span> <span class='ocrx_word' id='word_1_568' title='bbox 3044 2222 3194 2273; x_wconf 87' lang='lat' dir='ltr'><strong>avida</strong></span> <span class='ocrx_word' id='word_1_569' title='bbox 3225 2237 3371 2276; x_wconf 90' lang='lat' dir='ltr'><strong>mens</strong></span> <span class='ocrx_word' id='word_1_570' title='bbox 3393 2239 3455 2289; x_wconf 78' lang='lat' dir='ltr'><strong>ex</strong></span> <span class='ocrx_word' id='word_1_571' title='bbox 3488 2223 3633 2276; x_wconf 79' lang='lat' dir='ltr'><strong>fonte</strong></span> 
     </span>
    </p>
   </div>
   <div class='ocr_carea' id='block_1_81' title="bbox 2070 2310 3630 2384">
    <p class='ocr_par' dir='ltr' id='par_1_81' title="bbox 2070 2310 3630 2384">
     <span class='ocr_line' id='line_1_85' title="bbox 2070 2310 3630 2384; baseline 0.003 -19"><span class='ocrx_word' id='word_1_572' title='bbox 2070 2315 2246 2366; x_wconf 85' lang='lat' dir='ltr'><strong>vitalis</strong></span> <span class='ocrx_word' id='word_1_573' title='bbox 2267 2314 2419 2366; x_wconf 79' lang='lat' dir='ltr'><strong>unda:</strong></span> <span class='ocrx_word' id='word_1_574' title='bbox 2456 2313 2677 2375; x_wconf 87' lang='lat' dir='ltr'><strong>biberet,</strong></span> <span class='ocrx_word' id='word_1_575' title='bbox 2708 2320 2908 2363; x_wconf 88' lang='lat' dir='ltr'><strong>tantum</strong></span> <span class='ocrx_word' id='word_1_576' title='bbox 2937 2310 3086 2381; x_wconf 77' lang='grc' dir='ltr'><strong>[ϐοά.</strong></span> <span class='ocrx_word' id='word_1_577' title='bbox 3119 2310 3254 2375; x_wconf 82' lang='grc' dir='ltr'><strong>8(ιΙ.,</strong></span> <span class='ocrx_word' id='word_1_578' title='bbox 3285 2313 3484 2384; x_wconf 90' lang='lat' dir='ltr'><strong>tamen]</strong></span> <span class='ocrx_word' id='word_1_579' title='bbox 3513 2315 3630 2369; x_wconf 90' lang='lat' dir='ltr'><strong>sitis</strong></span> 
     </span>
    </p>
   </div>
   <div class='ocr_carea' id='block_1_82' title="bbox 2071 2401 3626 2471">
    <p class='ocr_par' dir='ltr' id='par_1_82' title="bbox 2071 2401 3626 2471">
     <span class='ocr_line' id='line_1_86' title="bbox 2071 2401 3626 2471; baseline 0.001 -16"><span class='ocrx_word' id='word_1_580' title='bbox 2071 2404 2250 2455; x_wconf 89' lang='lat' dir='ltr'><strong>addita</strong></span> <span class='ocrx_word' id='word_1_581' title='bbox 2284 2410 2568 2455; x_wconf 88' lang='lat' dir='ltr'><strong>cresceret.</strong></span> <span class='ocrx_word' id='word_1_582' title='bbox 2620 2401 2689 2453; x_wconf 89' lang='lat' dir='ltr'><strong>At</strong></span> <span class='ocrx_word' id='word_1_583' title='bbox 2734 2417 2872 2454; x_wconf 92' lang='lat' dir='ltr'><strong>nunc</strong></span> <span class='ocrx_word' id='word_1_584' title='bbox 2910 2410 3051 2454; x_wconf 87' lang='lat' dir='ltr'><strong>tanta</strong></span> <span class='ocrx_word' id='word_1_585' title='bbox 3079 2402 3316 2456; x_wconf 88' lang='lat' dir='ltr'><strong>locorum</strong></span> <span class='ocrx_word' id='word_1_586' title='bbox 3349 2406 3518 2471; x_wconf 87' lang='lat' dir='ltr'><strong>spatia</strong></span> <span class='ocrx_word' id='word_1_587' title='bbox 3547 2406 3626 2456; x_wconf 87' lang='lat' dir='ltr'><strong>vi-</strong></span> 
     </span>
    </p>
   </div>
   <div class='ocr_carea' id='block_1_83' title="bbox 2070 2489 3631 2559">
    <p class='ocr_par' dir='ltr' id='par_1_83' title="bbox 2070 2489 3631 2559">
     <span class='ocr_line' id='line_1_87' title="bbox 2070 2489 3631 2559; baseline 0.003 -18"><span class='ocrx_word' id='word_1_588' title='bbox 2070 2491 2228 2542; x_wconf 63' lang='lat' dir='ltr'><strong>carite</strong></span> <span class='ocrx_word' id='word_1_589' title='bbox 2276 2490 2645 2543; x_wconf 87' lang='lat' dir='ltr'><strong>collocutionis</strong></span> <span class='ocrx_word' id='word_1_590' title='bbox 2676 2489 3089 2543; x_wconf 81' lang='lat' dir='ltr'><strong>familiaritatem</strong></span> <span class='ocrx_word' id='word_1_591' title='bbox 3132 2491 3408 2556; x_wconf 88' lang='lat' dir='ltr'><strong>dividunt,</strong></span> <span class='ocrx_word' id='word_1_592' title='bbox 3454 2494 3631 2559; x_wconf 81' lang='lat' dir='ltr'><strong>utvix</strong></span> 
     </span>
    </p>
   </div>
   <div class='ocr_carea' id='block_1_84' title="bbox 2071 2579 3635 2650">
    <p class='ocr_par' dir='ltr' id='par_1_84' title="bbox 2071 2579 3635 2650">
     <span class='ocr_line' id='line_1_88' title="bbox 2071 2579 3635 2650; baseline 0.001 -19"><span class='ocrx_word' id='word_1_593' title='bbox 2071 2579 2338 2646; x_wconf 82' lang='lat' dir='ltr'><strong>pergentis</strong></span> <span class='ocrx_word' id='word_1_594' title='bbox 2362 2579 2614 2631; x_wconf 67' lang='lat' dir='ltr'><strong>chartula:</strong></span> <span class='ocrx_word' id='word_1_595' title='bbox 2640 2579 2855 2647; x_wconf 88' lang='lat' dir='ltr'><strong>gerulus</strong></span> <span class='ocrx_word' id='word_1_596' title='bbox 2883 2579 3202 2632; x_wconf 76' lang='lat' dir='ltr'><strong>inveniatur.</strong></span> <span class='ocrx_word' id='word_1_597' title='bbox 3247 2581 3311 2633; x_wconf 82' lang='lat' dir='ltr'><strong>Et</strong></span> <span class='ocrx_word' id='word_1_598' title='bbox 3337 2582 3386 2633; x_wconf 92' lang='lat' dir='ltr'><strong>in</strong></span> <span class='ocrx_word' id='word_1_599' title='bbox 3410 2594 3635 2650; x_wconf 82' lang='lat' dir='ltr'><strong>angusto</strong></span> 
     </span>
    </p>
   </div>
   <div class='ocr_carea' id='block_1_85' title="bbox 2073 2669 3632 2743">
    <p class='ocr_par' dir='ltr' id='par_1_85' title="bbox 2073 2669 3632 2743">
     <span class='ocr_line' id='line_1_89' title="bbox 2073 2669 3632 2743; baseline 0.003 -23"><span class='ocrx_word' id='word_1_600' title='bbox 2073 2669 2305 2737; x_wconf 86' lang='lat' dir='ltr'><strong>pectoris</strong></span> <span class='ocrx_word' id='word_1_601' title='bbox 2331 2678 2485 2721; x_wconf 86' lang='lat' dir='ltr'><strong>antro</strong></span> <span class='ocrx_word' id='word_1_602' title='bbox 2505 2670 2779 2723; x_wconf 89' lang='lat' dir='ltr'><strong>charitatis</strong></span> <span class='ocrx_word' id='word_1_603' title='bbox 2799 2670 2901 2722; x_wconf 87' lang='lat' dir='ltr'><strong>olla</strong></span> <span class='ocrx_word' id='word_1_604' title='bbox 2933 2670 3196 2733; x_wconf 76' lang='lat' dir='ltr'><strong>fervescit,</strong></span> <span class='ocrx_word' id='word_1_605' title='bbox 3227 2689 3322 2724; x_wconf 80' lang='lat' dir='ltr'><strong>nec</strong></span> <span class='ocrx_word' id='word_1_606' title='bbox 3347 2674 3501 2727; x_wconf 85' lang='lat' dir='ltr'><strong>habet</strong></span> <span class='ocrx_word' id='word_1_607' title='bbox 3528 2691 3632 2743; x_wconf 76' lang='lat' dir='ltr'><strong>quo</strong></span> 
     </span>
    </p>
   </div>
   <div class='ocr_carea' id='block_1_86' title="bbox 2072 2753 3632 2823">
    <p class='ocr_par' dir='ltr' id='par_1_86' title="bbox 2072 2753 3632 2823">
     <span class='ocr_line' id='line_1_90' title="bbox 2072 2753 3632 2823; baseline 0.006 -17"><span class='ocrx_word' id='word_1_608' title='bbox 2072 2753 2328 2823; x_wconf 70' lang='lat' dir='ltr'><strong>[ulgori-m</strong></span> <span class='ocrx_word' id='word_1_609' title='bbox 2358 2755 2436 2808; x_wconf 81' lang='lat' dir='ltr'><strong>sui</strong></span> <span class='ocrx_word' id='word_1_610' title='bbox 2467 2755 2762 2823; x_wconf 74' lang='lat' dir='ltr'><strong>Splendoris</strong></span> <span class='ocrx_word' id='word_1_611' title='bbox 2783 2759 3044 2822; x_wconf 86' lang='lat' dir='ltr'><strong>ostendat,</strong></span> <span class='ocrx_word' id='word_1_612' title='bbox 3082 2759 3163 2812; x_wconf 91' lang='lat' dir='ltr'><strong>cui</strong></span> <span class='ocrx_word' id='word_1_613' title='bbox 3194 2770 3375 2814; x_wconf 85' lang='lat' dir='ltr'><strong>coctas</strong></span> <span class='ocrx_word' id='word_1_614' title='bbox 3399 2762 3632 2815; x_wconf 90' lang='lat' dir='ltr'><strong>charita-</strong></span> 
     </span>
    </p>
   </div>
   <div class='ocr_carea' id='block_1_87' title="bbox 2073 2847 3633 2914">
    <p class='ocr_par' dir='ltr' id='par_1_87' title="bbox 2073 2847 3633 2914">
     <span class='ocr_line' id='line_1_91' title="bbox 2073 2847 3633 2914; baseline 0.003 -14"><span class='ocrx_word' id='word_1_615' title='bbox 2073 2847 2139 2900; x_wconf 82' lang='lat' dir='ltr'><strong>tis</strong></span> <span class='ocrx_word' id='word_1_616' title='bbox 2161 2847 2343 2913; x_wconf 85' lang='lat' dir='ltr'><strong>epulas</strong></span> <span class='ocrx_word' id='word_1_617' title='bbox 2371 2856 2599 2913; x_wconf 87' lang='lat' dir='ltr'><strong>apponat</strong></span> <span class='ocrx_word' id='word_1_618' title='bbox 2626 2865 2636 2898; x_wconf 91' lang='lat'>:</span> <span class='ocrx_word' id='word_1_619' title='bbox 2670 2858 2724 2899; x_wconf 88' lang='lat' dir='ltr'><strong>et</strong></span> <span class='ocrx_word' id='word_1_620' title='bbox 2751 2848 3140 2914; x_wconf 79' lang='lat' dir='ltr'><strong>quodammodo</strong></span> <span class='ocrx_word' id='word_1_621' title='bbox 3160 2852 3479 2904; x_wconf 74' lang='lat' dir='ltr'><strong>abundantia</strong></span> <span class='ocrx_word' id='word_1_622' title='bbox 3509 2869 3633 2906; x_wconf 79' lang='lat' dir='ltr'><strong>su:i~</strong></span> 
     </span>
    </p>
   </div>
   <div class='ocr_carea' id='block_1_88' title="bbox 2072 2936 3633 3010">
    <p class='ocr_par' dir='ltr' id='par_1_88' title="bbox 2072 2936 3633 3010">
     <span class='ocr_line' id='line_1_92' title="bbox 2072 2936 3633 3010; baseline 0.004 -21"><span class='ocrx_word' id='word_1_623' title='bbox 2072 2936 2251 3010; x_wconf 82' lang='lat' dir='ltr'><strong>vitatis</strong></span> <span class='ocrx_word' id='word_1_624' title='bbox 2277 2952 2427 2991; x_wconf 87' lang='lat' dir='ltr'><strong>versa</strong></span> <span class='ocrx_word' id='word_1_625' title='bbox 2450 2946 2529 2989; x_wconf 89' lang='lat' dir='ltr'><strong>est</strong></span> <span class='ocrx_word' id='word_1_626' title='bbox 2560 2937 2610 2989; x_wconf 91' lang='lat' dir='ltr'><strong>in</strong></span> <span class='ocrx_word' id='word_1_627' title='bbox 2637 2938 2865 2990; x_wconf 89' lang='lat' dir='ltr'><strong>esuriem</strong></span> <span class='ocrx_word' id='word_1_628' title='bbox 2896 2940 3305 2994; x_wconf 76' lang='lat' dir='ltr'><strong>amaritudinis?</strong></span> <span class='ocrx_word' id='word_1_629' title='bbox 3346 2943 3401 2994; x_wconf 83' lang='lat' dir='ltr'><strong>In</strong></span> <span class='ocrx_word' id='word_1_630' title='bbox 3435 2946 3633 3010; x_wconf 86' lang='lat' dir='ltr'><strong>pampi-</strong></span> 
     </span>
    </p>
   </div>
   <div class='ocr_carea' id='block_1_89' title="bbox 2074 3008 3637 3093">
    <p class='ocr_par' dir='ltr' id='par_1_89' title="bbox 2074 3008 3637 3093">
     <span class='ocr_line' id='line_1_93' title="bbox 2074 3008 3637 3093; baseline 0.003 -15"><span class='ocrx_word' id='word_1_631' title='bbox 2074 3008 2155 3079; x_wconf 80' lang='lat' dir='ltr'><strong>nis</strong></span> <span class='ocrx_word' id='word_1_632' title='bbox 2182 3027 2303 3079; x_wconf 84' lang='lat' dir='ltr'><strong>vitis</strong></span> <span class='ocrx_word' id='word_1_633' title='bbox 2329 3026 2574 3086; x_wconf 81' lang='lat' dir='ltr'><strong>ﬂorescit,</strong></span> <span class='ocrx_word' id='word_1_634' title='bbox 2607 3026 2698 3078; x_wconf 86' lang='lat' dir='ltr'><strong>sed</strong></span> <span class='ocrx_word' id='word_1_635' title='bbox 2722 3026 2894 3079; x_wconf 88' lang='lat' dir='ltr'><strong>cultor</strong></span> <span class='ocrx_word' id='word_1_636' title='bbox 2925 3026 3079 3093; x_wconf 91' lang='lat' dir='ltr'><strong>hujus</strong></span> <span class='ocrx_word' id='word_1_637' title='bbox 3109 3030 3273 3083; x_wconf 76' lang='lat' dir='ltr'><strong>vine-.n</strong></span> <span class='ocrx_word' id='word_1_638' title='bbox 3299 3030 3637 3083; x_wconf 56' lang='lat' dir='ltr'><strong>infructuom:</strong></span> 
     </span>
    </p>
   </div>
   <div class='ocr_carea' id='block_1_90' title="bbox 2075 3115 3639 3186">
    <p class='ocr_par' dir='ltr' id='par_1_90' title="bbox 2075 3115 3639 3186">
     <span class='ocr_line' id='line_1_94' title="bbox 2075 3115 3639 3186; baseline 0.003 -19"><span class='ocrx_word' id='word_1_639' title='bbox 2075 3131 2179 3167; x_wconf 86' lang='lat' dir='ltr'><strong>non</strong></span> <span class='ocrx_word' id='word_1_640' title='bbox 2217 3131 2273 3167; x_wconf 90' lang='lat' dir='ltr'><strong>se</strong></span> <span class='ocrx_word' id='word_1_641' title='bbox 2307 3115 2503 3186; x_wconf 54' lang='lat' dir='ltr'><strong>Uidit,</strong></span> <span class='ocrx_word' id='word_1_642' title='bbox 2541 3115 2615 3186; x_wconf 80' lang='lat' dir='ltr'><strong>te]</strong></span> <span class='ocrx_word' id='word_1_643' title='bbox 2645 3116 2832 3183; x_wconf 84' lang='lat' dir='ltr'><strong>pascit.</strong></span> <span class='ocrx_word' id='word_1_644' title='bbox 2871 3116 3115 3185; x_wconf 87' lang='lat' dir='ltr'><strong>Agricola</strong></span> <span class='ocrx_word' id='word_1_645' title='bbox 3146 3119 3366 3172; x_wconf 87' lang='lat' dir='ltr'><strong>uniones</strong></span> <span class='ocrx_word' id='word_1_646' title='bbox 3402 3122 3535 3173; x_wconf 90' lang='lat' dir='ltr'><strong>eruit</strong></span> <span class='ocrx_word' id='word_1_647' title='bbox 3576 3122 3639 3172; x_wconf 84' lang='lat' dir='ltr'><strong>de</strong></span> 
     </span>
    </p>
   </div>
   <div class='ocr_carea' id='block_1_91' title="bbox 2073 3192 3637 3276">
    <p class='ocr_par' dir='ltr' id='par_1_91' title="bbox 2073 3192 3637 3276">
     <span class='ocr_line' id='line_1_95' title="bbox 2073 3192 3637 3276; baseline 0.006 -23"><span class='ocrx_word' id='word_1_648' title='bbox 2073 3204 2238 3273; x_wconf 84' lang='lat' dir='ltr'><strong>glarie</strong></span> <span class='ocrx_word' id='word_1_649' title='bbox 2283 3203 2491 3274; x_wconf 78' lang='lat' dir='ltr'><strong>[Edit.,</strong></span> <span class='ocrx_word' id='word_1_650' title='bbox 2521 3204 2750 3273; x_wconf 87' lang='lat' dir='ltr'><strong>gloria],</strong></span> <span class='ocrx_word' id='word_1_651' title='bbox 2809 3208 2901 3259; x_wconf 91' lang='lat' dir='ltr'><strong>sed</strong></span> <span class='ocrx_word' id='word_1_652' title='bbox 2948 3192 3135 3266; x_wconf 86' lang='lat' dir='ltr'><strong>aurum</strong></span> <span class='ocrx_word' id='word_1_653' title='bbox 3170 3209 3220 3261; x_wconf 93' lang='lat' dir='ltr'><strong>in</strong></span> <span class='ocrx_word' id='word_1_654' title='bbox 3264 3225 3396 3276; x_wconf 85' lang='lat' dir='ltr'><strong>Opus</strong></span> <span class='ocrx_word' id='word_1_655' title='bbox 3430 3226 3637 3264; x_wconf 85' lang='lat' dir='ltr'><strong>corona:</strong></span> 
     </span>
    </p>
   </div>
   <div class='ocr_carea' id='block_1_92' title="bbox 2077 3291 3639 3367">
    <p class='ocr_par' dir='ltr' id='par_1_92' title="bbox 2077 3291 3639 3367">
     <span class='ocr_line' id='line_1_96' title="bbox 2077 3291 3639 3367; baseline 0.003 -21"><span class='ocrx_word' id='word_1_656' title='bbox 2077 3293 2273 3346; x_wconf 79' lang='lat' dir='ltr'><strong>deﬁcit.</strong></span> <span class='ocrx_word' id='word_1_657' title='bbox 2315 3291 2506 3355; x_wconf 85' lang='lat' dir='ltr'><strong>Novit,</strong></span> <span class='ocrx_word' id='word_1_658' title='bbox 2552 3293 2641 3361; x_wconf 87' lang='lat' dir='ltr'><strong>qui</strong></span> <span class='ocrx_word' id='word_1_659' title='bbox 2672 3308 2875 3345; x_wconf 90' lang='lat' dir='ltr'><strong>mecum</strong></span> <span class='ocrx_word' id='word_1_660' title='bbox 2916 3295 3035 3347; x_wconf 89' lang='lat' dir='ltr'><strong>talia</strong></span> <span class='ocrx_word' id='word_1_661' title='bbox 3067 3294 3298 3366; x_wconf 91' lang='lat' dir='ltr'><strong>[patitur</strong></span> <span class='ocrx_word' id='word_1_662' title='bbox 3320 3298 3336 3367; x_wconf 95' lang='lat'>(</span> <span class='ocrx_word' id='word_1_663' title='bbox 3358 3298 3522 3361; x_wconf 80' lang='lat' dir='ltr'><strong>Edit.,</strong></span> <span class='ocrx_word' id='word_1_664' title='bbox 3551 3316 3639 3367; x_wconf 82' lang='lat' dir='ltr'><strong>pa-</strong></span> 
     </span>
    </p>
   </div>
   <div class='ocr_carea' id='block_1_93' title="bbox 2076 3384 3634 3458">
    <p class='ocr_par' dir='ltr' id='par_1_93' title="bbox 2076 3384 3634 3458">
     <span class='ocr_line' id='line_1_97' title="bbox 2076 3384 3634 3458; baseline 0.003 -21"><span class='ocrx_word' id='word_1_665' title='bbox 2076 3384 2284 3454; x_wconf 91' lang='lat' dir='ltr'><strong>trum)]</strong></span> <span class='ocrx_word' id='word_1_666' title='bbox 2321 3384 2449 3453; x_wconf 83' lang='lat' dir='ltr'><strong>quid</strong></span> <span class='ocrx_word' id='word_1_667' title='bbox 2499 3386 2611 3438; x_wconf 75' lang='lat' dir='ltr'><strong>lucc</strong></span> <span class='ocrx_word' id='word_1_668' title='bbox 2665 3385 2963 3453; x_wconf 86' lang='lat' dir='ltr'><strong>signiﬁcare</strong></span> <span class='ocrx_word' id='word_1_669' title='bbox 3019 3387 3202 3440; x_wconf 88' lang='lat' dir='ltr'><strong>volunt</strong></span> <span class='ocrx_word' id='word_1_670' title='bbox 3246 3390 3634 3458; x_wconf 85' lang='lat' dir='ltr'><strong>paradigmata.</strong></span> 
     </span>
    </p>
   </div>
   <div class='ocr_carea' id='block_1_94' title="bbox 2072 3473 3635 3551">
    <p class='ocr_par' dir='ltr' id='par_1_94' title="bbox 2072 3473 3635 3551">
     <span class='ocr_line' id='line_1_98' title="bbox 2072 3473 3635 3551; baseline 0.004 -26"><span class='ocrx_word' id='word_1_671' title='bbox 2072 3473 2234 3528; x_wconf 86' lang='lat' dir='ltr'><strong>Forte</strong></span> <span class='ocrx_word' id='word_1_672' title='bbox 2269 3482 2322 3526; x_wconf 91' lang='lat' dir='ltr'><strong>et</strong></span> <span class='ocrx_word' id='word_1_673' title='bbox 2348 3474 2535 3526; x_wconf 87' lang='lat' dir='ltr'><strong>harum</strong></span> <span class='ocrx_word' id='word_1_674' title='bbox 2566 3473 2732 3526; x_wconf 90' lang='lat' dir='ltr'><strong>lector</strong></span> <span class='ocrx_word' id='word_1_675' title='bbox 2754 3474 3050 3528; x_wconf 88' lang='lat' dir='ltr'><strong>litterarum</strong></span> <span class='ocrx_word' id='word_1_676' title='bbox 3080 3477 3237 3529; x_wconf 90' lang='lat' dir='ltr'><strong>talem</strong></span> <span class='ocrx_word' id='word_1_677' title='bbox 3267 3494 3322 3531; x_wconf 91' lang='lat' dir='ltr'><strong>se</strong></span> <span class='ocrx_word' id='word_1_678' title='bbox 3357 3490 3635 3551; x_wconf 61' lang='lat' dir='ltr'><strong>metuorpt,</strong></span> 
     </span>
    </p>
   </div>
   <div class='ocr_carea' id='block_1_95' title="bbox 2073 3562 3640 3629">
    <p class='ocr_par' dir='ltr' id='par_1_95' title="bbox 2073 3562 3640 3629">
     <span class='ocr_line' id='line_1_99' title="bbox 2073 3562 3640 3629; baseline 0.005 -17"><span class='ocrx_word' id='word_1_679' title='bbox 2073 3562 2283 3628; x_wconf 83' lang='lat' dir='ltr'><strong>qualem</strong></span> <span class='ocrx_word' id='word_1_680' title='bbox 2319 3578 2405 3615; x_wconf 92' lang='lat' dir='ltr'><strong>me</strong></span> <span class='ocrx_word' id='word_1_681' title='bbox 2454 3563 2695 3629; x_wconf 87' lang='lat' dir='ltr'><strong>agnoscit</strong></span> <span class='ocrx_word' id='word_1_682' title='bbox 2734 3562 2787 3615; x_wconf 90' lang='lat' dir='ltr'><strong>in</strong></span> <span class='ocrx_word' id='word_1_683' title='bbox 2837 3564 2972 3627; x_wconf 90' lang='lat' dir='ltr'><strong>illis;</strong></span> <span class='ocrx_word' id='word_1_684' title='bbox 3026 3573 3079 3617; x_wconf 92' lang='lat' dir='ltr'><strong>et</strong></span> <span class='ocrx_word' id='word_1_685' title='bbox 3124 3567 3354 3619; x_wconf 65' lang='lat' dir='ltr'><strong>maxime</strong></span> <span class='ocrx_word' id='word_1_686' title='bbox 3382 3577 3453 3627; x_wconf 87' lang='lat' dir='ltr'><strong>tu,</strong></span> <span class='ocrx_word' id='word_1_687' title='bbox 3482 3567 3640 3620; x_wconf 85' lang='lat' dir='ltr'><strong>Pater</strong></span> 
     </span>
    </p>
   </div>
   <div class='ocr_carea' id='block_1_96' title="bbox 2072 3649 3635 3720">
    <p class='ocr_par' dir='ltr' id='par_1_96' title="bbox 2072 3649 3635 3720">
     <span class='ocr_line' id='line_1_100' title="bbox 2072 3649 3635 3720; baseline 0.004 -19"><span class='ocrx_word' id='word_1_688' title='bbox 2072 3659 2276 3710; x_wconf 89' lang='lat' dir='ltr'><strong>sancte,</strong></span> <span class='ocrx_word' id='word_1_689' title='bbox 2311 3651 2375 3703; x_wconf 89' lang='lat' dir='ltr'><strong>de</strong></span> <span class='ocrx_word' id='word_1_690' title='bbox 2404 3649 2556 3715; x_wconf 90' lang='lat' dir='ltr'><strong>cnjus</strong></span> <span class='ocrx_word' id='word_1_691' title='bbox 2583 3651 2742 3703; x_wconf 88' lang='lat' dir='ltr'><strong>corde</strong></span> <span class='ocrx_word' id='word_1_692' title='bbox 2788 3651 2905 3703; x_wconf 78' lang='lat' dir='ltr'><strong>fons</strong></span> <span class='ocrx_word' id='word_1_693' title='bbox 2949 3653 3128 3720; x_wconf 86' lang='lat' dir='ltr'><strong>[verae</strong></span> <span class='ocrx_word' id='word_1_694' title='bbox 3157 3666 3368 3707; x_wconf 84' lang='lat' dir='ltr'><strong>emanat</strong></span> <span class='ocrx_word' id='word_1_695' title='bbox 3399 3656 3635 3707; x_wconf 90' lang='lat' dir='ltr'><strong>charila-</strong></span> 
     </span>
    </p>
   </div>
   <div class='ocr_carea' id='block_1_97' title="bbox 2076 3737 3641 3809">
    <p class='ocr_par' dir='ltr' id='par_1_97' title="bbox 2076 3737 3641 3809">
     <span class='ocr_line' id='line_1_101' title="bbox 2076 3737 3641 3809; baseline 0.004 -20"><span class='ocrx_word' id='word_1_696' title='bbox 2076 3739 2143 3790; x_wconf 90' lang='lat' dir='ltr'><strong>tis</strong></span> <span class='ocrx_word' id='word_1_697' title='bbox 2170 3737 2357 3806; x_wconf 50' lang='grc' dir='ltr'><strong>(ΕΔΜ,</strong></span> <span class='ocrx_word' id='word_1_698' title='bbox 2382 3738 2523 3799; x_wconf 77' lang='lat' dir='ltr'><strong>vitae,</strong></span> <span class='ocrx_word' id='word_1_699' title='bbox 2549 3746 2780 3799; x_wconf 88' lang='lat' dir='ltr'><strong>emanat,</strong></span> <span class='ocrx_word' id='word_1_700' title='bbox 2803 3739 3088 3809; x_wconf 82' lang='lat' dir='ltr'><strong>charitas)]</strong></span> <span class='ocrx_word' id='word_1_701' title='bbox 3111 3750 3162 3794; x_wconf 93' lang='lat' dir='ltr'><strong>et</strong></span> <span class='ocrx_word' id='word_1_702' title='bbox 3185 3741 3396 3794; x_wconf 75' lang='lat' dir='ltr'><strong>ﬁumina</strong></span> <span class='ocrx_word' id='word_1_703' title='bbox 3425 3744 3489 3795; x_wconf 88' lang='lat' dir='ltr'><strong>de</strong></span> <span class='ocrx_word' id='word_1_704' title='bbox 3516 3758 3641 3796; x_wconf 88' lang='lat' dir='ltr'><strong>ven-</strong></span> 
     </span>
    </p>
   </div>
   <div class='ocr_carea' id='block_1_98' title="bbox 2077 3826 3641 3898">
    <p class='ocr_par' dir='ltr' id='par_1_98' title="bbox 2077 3826 3641 3898">
     <span class='ocr_line' id='line_1_102' title="bbox 2077 3826 3641 3898; baseline 0.003 -19"><span class='ocrx_word' id='word_1_705' title='bbox 2077 3836 2156 3879; x_wconf 92' lang='lat' dir='ltr'><strong>tre</strong></span> <span class='ocrx_word' id='word_1_706' title='bbox 2183 3826 2298 3893; x_wconf 88' lang='lat' dir='ltr'><strong>ejus</strong></span> <span class='ocrx_word' id='word_1_707' title='bbox 2334 3826 2503 3879; x_wconf 84' lang='lat' dir='ltr'><strong>ﬂuunt</strong></span> <span class='ocrx_word' id='word_1_708' title='bbox 2531 3843 2681 3895; x_wconf 66' lang='lat' dir='ltr'><strong>aqua:</strong></span> <span class='ocrx_word' id='word_1_709' title='bbox 2711 3828 2861 3882; x_wconf 64' lang='lat' dir='ltr'><strong>viva).</strong></span> <span class='ocrx_word' id='word_1_710' title='bbox 2892 3830 2957 3883; x_wconf 82' lang='lat' dir='ltr'><strong>Et</strong></span> <span class='ocrx_word' id='word_1_711' title='bbox 2981 3831 3071 3898; x_wconf 91' lang='lat' dir='ltr'><strong>qui</strong></span> <span class='ocrx_word' id='word_1_712' title='bbox 3103 3831 3213 3884; x_wconf 73' lang='lat' dir='ltr'><strong>bzcc</strong></span> <span class='ocrx_word' id='word_1_713' title='bbox 3250 3832 3299 3884; x_wconf 92' lang='lat' dir='ltr'><strong>in</strong></span> <span class='ocrx_word' id='word_1_714' title='bbox 3324 3834 3641 3886; x_wconf 81' lang='lat' dir='ltr'><strong>consolatio—</strong></span> 
     </span>
    </p>
   </div>
   <div class='ocr_carea' id='block_1_99' title="bbox 2076 3917 3637 4001">
    <p class='ocr_par' dir='ltr' id='par_1_99' title="bbox 2076 3917 3637 4001">
     <span class='ocr_line' id='line_1_103' title="bbox 2076 3917 3637 4001; baseline 0.005 -31"><span class='ocrx_word' id='word_1_715' title='bbox 2076 3933 2194 3970; x_wconf 86' lang='lat' dir='ltr'><strong>nem</strong></span> <span class='ocrx_word' id='word_1_716' title='bbox 2230 3918 2382 3987; x_wconf 87' lang='lat' dir='ltr'><strong>[Cod.</strong></span> <span class='ocrx_word' id='word_1_717' title='bbox 2414 3917 2527 3971; x_wconf 81' lang='lat' dir='ltr'><strong>Sal.</strong></span> <span class='ocrx_word' id='word_1_718' title='bbox 2557 3929 2603 3970; x_wconf 85' lang='lat' dir='ltr'><strong>et</strong></span> <span class='ocrx_word' id='word_1_719' title='bbox 2637 3918 2695 3972; x_wconf 88' lang='lat' dir='ltr'><strong>S.</strong></span> <span class='ocrx_word' id='word_1_720' title='bbox 2725 3920 3072 4001; x_wconf 57' lang='grc' dir='ltr'><strong>Ιίνιιιιιεναηιὶ,</strong></span> <span class='ocrx_word' id='word_1_721' title='bbox 3102 3925 3484 3996; x_wconf 82' lang='lat' dir='ltr'><strong>consolatione]</strong></span> <span class='ocrx_word' id='word_1_722' title='bbox 3527 3928 3637 3996; x_wconf 63' lang='lat' dir='ltr'><strong>spei</strong></span> 
     </span>
    </p>
   </div>
   <div class='ocr_carea' id='block_1_100' title="bbox 2074 4006 3639 4086">
    <p class='ocr_par' dir='ltr' id='par_1_100' title="bbox 2074 4006 3639 4086">
     <span class='ocr_line' id='line_1_104' title="bbox 2074 4006 3639 4086; baseline 0.007 -29"><span class='ocrx_word' id='word_1_723' title='bbox 2074 4014 2270 4058; x_wconf 66' lang='lat' dir='ltr'><strong>nostra:</strong></span> <span class='ocrx_word' id='word_1_724' title='bbox 2298 4006 2561 4072; x_wconf 87' lang='lat' dir='ltr'><strong>promisit,</strong></span> <span class='ocrx_word' id='word_1_725' title='bbox 2592 4009 2664 4059; x_wconf 89' lang='lat' dir='ltr'><strong>tui</strong></span> <span class='ocrx_word' id='word_1_726' title='bbox 2696 4017 2779 4061; x_wconf 86' lang='lat' dir='ltr'><strong>est</strong></span> <span class='ocrx_word' id='word_1_727' title='bbox 2812 4009 3133 4064; x_wconf 87' lang='lat' dir='ltr'><strong>inhabitator</strong></span> <span class='ocrx_word' id='word_1_728' title='bbox 3154 4015 3406 4078; x_wconf 90' lang='lat' dir='ltr'><strong>pectoris,</strong></span> <span class='ocrx_word' id='word_1_729' title='bbox 3443 4010 3531 4082; x_wconf 83' lang='lat' dir='ltr'><strong>qui</strong></span> <span class='ocrx_word' id='word_1_730' title='bbox 3558 4027 3639 4086; x_wconf 83' lang='lat' dir='ltr'><strong>est</strong></span> 
     </span>
    </p>
   </div>
   <div class='ocr_carea' id='block_1_101' title="bbox 2075 4094 3636 4173">
    <p class='ocr_par' dir='ltr' id='par_1_101' title="bbox 2075 4094 3636 4173">
     <span class='ocr_line' id='line_1_105' title="bbox 2075 4094 3636 4173; baseline 0.008 -28"><span class='ocrx_word' id='word_1_731' title='bbox 2075 4095 2241 4146; x_wconf 88' lang='lat' dir='ltr'><strong>virtus</strong></span> <span class='ocrx_word' id='word_1_732' title='bbox 2273 4094 2369 4164; x_wconf 85' lang='lat' dir='ltr'><strong>[et]</strong></span> <span class='ocrx_word' id='word_1_733' title='bbox 2399 4097 2654 4162; x_wconf 89' lang='lat' dir='ltr'><strong>sapientia</strong></span> <span class='ocrx_word' id='word_1_734' title='bbox 2681 4098 2801 4161; x_wconf 89' lang='lat' dir='ltr'><strong>Dci;</strong></span> <span class='ocrx_word' id='word_1_735' title='bbox 2843 4099 2894 4150; x_wconf 93' lang='lat' dir='ltr'><strong>in</strong></span> <span class='ocrx_word' id='word_1_736' title='bbox 2925 4098 3075 4165; x_wconf 91' lang='lat' dir='ltr'><strong>cujus</strong></span> <span class='ocrx_word' id='word_1_737' title='bbox 3114 4103 3343 4167; x_wconf 89' lang='lat' dir='ltr'><strong>potentia</strong></span> <span class='ocrx_word' id='word_1_738' title='bbox 3386 4114 3439 4156; x_wconf 91' lang='lat' dir='ltr'><strong>et</strong></span> <span class='ocrx_word' id='word_1_739' title='bbox 3465 4106 3636 4173; x_wconf 84' lang='lat' dir='ltr'><strong>gratia</strong></span> 
     </span>
    </p>
   </div>
   <div class='ocr_carea' id='block_1_102' title="bbox 2077 4186 3639 4265">
    <p class='ocr_par' dir='ltr' id='par_1_102' title="bbox 2077 4186 3639 4265">
     <span class='ocr_line' id='line_1_106' title="bbox 2077 4186 3639 4265; baseline 0.008 -29"><span class='ocrx_word' id='word_1_740' title='bbox 2077 4186 2388 4237; x_wconf 87' lang='lat' dir='ltr'><strong>mirabiliter</strong></span> <span class='ocrx_word' id='word_1_741' title='bbox 2416 4189 2438 4224; x_wconf 72' lang='grc' dir='ltr'><strong><em>Β</em></strong></span> <span class='ocrx_word' id='word_1_742' title='bbox 2462 4186 2831 4259; x_wconf 83' lang='lat' dir='ltr'><strong>deAvarorum</strong></span> <span class='ocrx_word' id='word_1_743' title='bbox 2852 4198 3007 4257; x_wconf 88' lang='lat' dir='ltr'><strong>gente</strong></span> <span class='ocrx_word' id='word_1_744' title='bbox 3028 4188 3176 4262; x_wconf 85' lang='lat' dir='ltr'><strong>[Ed.,</strong></span> <span class='ocrx_word' id='word_1_745' title='bbox 3200 4194 3416 4265; x_wconf 84' lang='lat' dir='ltr'><strong>genere]</strong></span> <span class='ocrx_word' id='word_1_746' title='bbox 3453 4196 3639 4249; x_wconf 89' lang='lat' dir='ltr'><strong>trimu-</strong></span> 
     </span>
    </p>
   </div>
   <div class='ocr_carea' id='block_1_103' title="bbox 2076 4274 3637 4351">
    <p class='ocr_par' dir='ltr' id='par_1_103' title="bbox 2076 4274 3637 4351">
     <span class='ocr_line' id='line_1_107' title="bbox 2076 4274 3637 4351; baseline 0.008 -27"><span class='ocrx_word' id='word_1_747' title='bbox 2076 4274 2435 4341; x_wconf 88' lang='lat' dir='ltr'><strong>phatumcst:</strong></span> <span class='ocrx_word' id='word_1_748' title='bbox 2468 4290 2693 4341; x_wconf 89' lang='lat' dir='ltr'><strong>quorum</strong></span> <span class='ocrx_word' id='word_1_749' title='bbox 2729 4276 2875 4329; x_wconf 89' lang='lat' dir='ltr'><strong>missi</strong></span> <span class='ocrx_word' id='word_1_750' title='bbox 2928 4278 2995 4330; x_wconf 86' lang='lat' dir='ltr'><strong>ad</strong></span> <span class='ocrx_word' id='word_1_751' title='bbox 3036 4278 3284 4334; x_wconf 89' lang='lat' dir='ltr'><strong>domnnm</strong></span> <span class='ocrx_word' id='word_1_752' title='bbox 3336 4298 3513 4351; x_wconf 85' lang='lat' dir='ltr'><strong>regem</strong></span> <span class='ocrx_word' id='word_1_753' title='bbox 3563 4286 3637 4337; x_wconf 76' lang='lat' dir='ltr'><strong>di-</strong></span> 
     </span>
    </p>
   </div>
   <div class='ocr_carea' id='block_1_104' title="bbox 2080 4361 3634 4430">
    <p class='ocr_par' dir='ltr' id='par_1_104' title="bbox 2080 4361 3634 4430">
     <span class='ocr_line' id='line_1_108' title="bbox 2080 4361 3634 4430; baseline 0.008 -19"><span class='ocrx_word' id='word_1_754' title='bbox 2080 4362 2228 4423; x_wconf 87' lang='lat' dir='ltr'><strong>recti,</strong></span> <span class='ocrx_word' id='word_1_755' title='bbox 2250 4361 2631 4429; x_wconf 88' lang='lat' dir='ltr'><strong>subjectionem</strong></span> <span class='ocrx_word' id='word_1_756' title='bbox 2654 4364 2925 4430; x_wconf 89' lang='lat' dir='ltr'><strong>paciﬁcam</strong></span> <span class='ocrx_word' id='word_1_757' title='bbox 2954 4374 3006 4418; x_wconf 90' lang='lat' dir='ltr'><strong>et</strong></span> <span class='ocrx_word' id='word_1_758' title='bbox 3030 4364 3447 4422; x_wconf 90' lang='lat' dir='ltr'><strong>Christianitatis</strong></span> <span class='ocrx_word' id='word_1_759' title='bbox 3480 4371 3634 4423; x_wconf 90' lang='lat' dir='ltr'><strong>ﬁdem</strong></span> 
     </span>
    </p>
   </div>
   <div class='ocr_carea' id='block_1_105' title="bbox 2077 4451 3639 4527">
    <p class='ocr_par' dir='ltr' id='par_1_105' title="bbox 2077 4451 3639 4527">
     <span class='ocr_line' id='line_1_109' title="bbox 2077 4451 3639 4527; baseline 0.006 -26"><span class='ocrx_word' id='word_1_760' title='bbox 2077 4451 2463 4518; x_wconf 87' lang='lat' dir='ltr'><strong>promittentes.</strong></span> <span class='ocrx_word' id='word_1_761' title='bbox 2524 4453 2589 4505; x_wconf 85' lang='lat' dir='ltr'><strong>Et</strong></span> <span class='ocrx_word' id='word_1_762' title='bbox 2641 4454 2685 4506; x_wconf 89' lang='lat' dir='ltr'><strong>si</strong></span> <span class='ocrx_word' id='word_1_763' title='bbox 2738 4454 2869 4515; x_wconf 91' lang='lat' dir='ltr'><strong>hoc,</strong></span> <span class='ocrx_word' id='word_1_764' title='bbox 2924 4456 3099 4508; x_wconf 88' lang='lat' dir='ltr'><strong>divina</strong></span> <span class='ocrx_word' id='word_1_765' title='bbox 3148 4473 3240 4511; x_wconf 87' lang='lat' dir='ltr'><strong>eos</strong></span> <span class='ocrx_word' id='word_1_766' title='bbox 3284 4462 3639 4527; x_wconf 77' lang='lat' dir='ltr'><strong>przevenicnte</strong></span> 
     </span>
    </p>
   </div>
   <div class='ocr_carea' id='block_1_106' title="bbox 2073 4538 3635 4615">
    <p class='ocr_par' dir='ltr' id='par_1_106' title="bbox 2073 4538 3635 4615">
     <span class='ocr_line' id='line_1_110' title="bbox 2073 4538 3635 4615; baseline 0.009 -28"><span class='ocrx_word' id='word_1_767' title='bbox 2073 4538 2262 4605; x_wconf 87' lang='lat' dir='ltr'><strong>gratia,</strong></span> <span class='ocrx_word' id='word_1_768' title='bbox 2290 4553 2473 4590; x_wconf 89' lang='lat' dir='ltr'><strong>verum</strong></span> <span class='ocrx_word' id='word_1_769' title='bbox 2505 4548 2625 4601; x_wconf 91' lang='lat' dir='ltr'><strong>est,</strong></span> <span class='ocrx_word' id='word_1_770' title='bbox 2669 4542 2788 4606; x_wconf 89' lang='lat' dir='ltr'><strong>quis</strong></span> <span class='ocrx_word' id='word_1_771' title='bbox 2823 4556 2879 4593; x_wconf 91' lang='lat' dir='ltr'><strong>se</strong></span> <span class='ocrx_word' id='word_1_772' title='bbox 2906 4556 3179 4595; x_wconf 85' lang='lat' dir='ltr'><strong>servorum</strong></span> <span class='ocrx_word' id='word_1_773' title='bbox 3211 4545 3300 4597; x_wconf 90' lang='lat' dir='ltr'><strong>Dei</strong></span> <span class='ocrx_word' id='word_1_774' title='bbox 3330 4556 3433 4599; x_wconf 89' lang='lat' dir='ltr'><strong>tam</strong></span> <span class='ocrx_word' id='word_1_775' title='bbox 3466 4550 3550 4615; x_wconf 84' lang='lat' dir='ltr'><strong>pio</strong></span> <span class='ocrx_word' id='word_1_776' title='bbox 3582 4560 3635 4603; x_wconf 92' lang='lat' dir='ltr'><strong>et</strong></span> 
     </span>
    </p>
   </div>
   <div class='ocr_carea' id='block_1_107' title="bbox 2076 4620 3638 4694">
    <p class='ocr_par' dir='ltr' id='par_1_107' title="bbox 2076 4620 3638 4694">
     <span class='ocr_line' id='line_1_111' title="bbox 2076 4620 3638 4694; baseline 0.008 -16"><span class='ocrx_word' id='word_1_777' title='bbox 2076 4627 2324 4690; x_wconf 86' lang='lat' dir='ltr'><strong>laudabili</strong></span> <span class='ocrx_word' id='word_1_778' title='bbox 2350 4628 2516 4681; x_wconf 89' lang='lat' dir='ltr'><strong>labori</strong></span> <span class='ocrx_word' id='word_1_779' title='bbox 2543 4629 2855 4686; x_wconf 88' lang='lat' dir='ltr'><strong>subtrahere</strong></span> <span class='ocrx_word' id='word_1_780' title='bbox 2884 4630 3059 4694; x_wconf 92' lang='lat' dir='ltr'><strong>debet,</strong></span> <span class='ocrx_word' id='word_1_781' title='bbox 3088 4641 3143 4685; x_wconf 93' lang='lat' dir='ltr'><strong>ut</strong></span> <span class='ocrx_word' id='word_1_782' title='bbox 3166 4634 3363 4689; x_wconf 87' lang='lat' dir='ltr'><strong>diaboli</strong></span> <span class='ocrx_word' id='word_1_783' title='bbox 3395 4620 3638 4690; x_wconf 87' lang='lat' dir='ltr'><strong>diruatur</strong></span> 
     </span>
    </p>
   </div>
   <div class='ocr_carea' id='block_1_108' title="bbox 2074 4721 3634 4799">
    <p class='ocr_par' dir='ltr' id='par_1_108' title="bbox 2074 4721 3634 4799">
     <span class='ocr_line' id='line_1_112' title="bbox 2074 4721 3634 4799; baseline 0.006 -26"><span class='ocrx_word' id='word_1_784' title='bbox 2074 4722 2305 4783; x_wconf 78' lang='lat' dir='ltr'><strong>saevitia,</strong></span> <span class='ocrx_word' id='word_1_785' title='bbox 2356 4732 2409 4775; x_wconf 94' lang='lat' dir='ltr'><strong>et</strong></span> <span class='ocrx_word' id='word_1_786' title='bbox 2451 4721 2648 4776; x_wconf 88' lang='lat' dir='ltr'><strong>Christi</strong></span> <span class='ocrx_word' id='word_1_787' title='bbox 2685 4724 2891 4777; x_wconf 90' lang='lat' dir='ltr'><strong>Domini</strong></span> <span class='ocrx_word' id='word_1_788' title='bbox 2938 4724 3100 4778; x_wconf 81' lang='lat' dir='ltr'><strong>rCod.</strong></span> <span class='ocrx_word' id='word_1_789' title='bbox 3132 4725 3245 4780; x_wconf 87' lang='lat' dir='ltr'><strong>Sal.</strong></span> <span class='ocrx_word' id='word_1_790' title='bbox 3275 4728 3402 4799; x_wconf 92' lang='lat' dir='ltr'><strong>Dei]</strong></span> <span class='ocrx_word' id='word_1_791' title='bbox 3429 4740 3634 4783; x_wconf 89' lang='lat' dir='ltr'><strong>crescat</strong></span> 
     </span>
    </p>
   </div>
   <div class='ocr_carea' id='block_1_109' title="bbox 2074 4808 2387 4860">
    <p class='ocr_par' dir='ltr' id='par_1_109' title="bbox 2074 4808 2387 4860">
     <span class='ocr_line' id='line_1_113' title="bbox 2074 4808 2387 4860; baseline 0.003 -1"><span class='ocrx_word' id='word_1_792' title='bbox 2074 4808 2387 4860; x_wconf 85' lang='lat' dir='ltr'><strong>servitium?</strong></span> 
     </span>
    </p>
   </div>
   <div class='ocr_carea' id='block_1_110' title="bbox 2071 4954 2667 5024">
    <p class='ocr_par' dir='ltr' id='par_1_110' title="bbox 2071 4954 2667 5024">
     <span class='ocr_line' id='line_1_114' title="bbox 2071 4954 2667 5024; baseline 0.002 -16"><span class='ocrx_word' id='word_1_793' title='bbox 2071 4954 2189 5024; x_wconf 81' lang='lat' dir='ltr'><strong>Vid.</strong></span> <span class='ocrx_word' id='word_1_794' title='bbox 2230 4958 2385 5023; x_wconf 89' lang='lat' dir='ltr'><strong>epist.</strong></span> <span class='ocrx_word' id='word_1_795' title='bbox 2416 4956 2667 5024; x_wconf 90' lang='lat' dir='ltr'><strong>priorem.</strong></span> 
     </span>
    </p>
   </div>
   <div class='ocr_carea' id='block_1_111' title="bbox 2138 5022 3630 5097">
    <p class='ocr_par' dir='ltr' id='par_1_111' title="bbox 2138 5022 3630 5097">
     <span class='ocr_line' id='line_1_115' title="bbox 2138 5022 3630 5097; baseline 0.009 -23"><span class='ocrx_word' id='word_1_796' title='bbox 2138 5022 2164 5060; x_wconf 74' lang='grc' dir='ltr'>ἀ</span> <span class='ocrx_word' id='word_1_797' title='bbox 2206 5022 2447 5097; x_wconf 52' lang='lat' dir='ltr'><strong>fippiuo}</strong></span> <span class='ocrx_word' id='word_1_798' title='bbox 2474 5025 2757 5097; x_wconf 73' lang='lat' dir='ltr'><strong>Pippinus,</strong></span> <span class='ocrx_word' id='word_1_799' title='bbox 2789 5034 2955 5097; x_wconf 87' lang='lat' dir='ltr'><strong>antea</strong></span> <span class='ocrx_word' id='word_1_800' title='bbox 2979 5026 3399 5084; x_wconf 86' lang='lat' dir='ltr'><strong>Carolomannus</strong></span> <span class='ocrx_word' id='word_1_801' title='bbox 3435 5032 3630 5097; x_wconf 84' lang='lat' dir='ltr'><strong>dictus,</strong></span> 
     </span>
    </p>
   </div>
   <div class='ocr_carea' id='block_1_112' title="bbox 2071 5091 3635 5169">
    <p class='ocr_par' dir='ltr' id='par_1_112' title="bbox 2071 5091 3635 5169">
     <span class='ocr_line' id='line_1_116' title="bbox 2071 5091 3635 5169; baseline 0.009 -26"><span class='ocrx_word' id='word_1_802' title='bbox 2071 5091 2441 5169; x_wconf 54' lang='lat' dir='ltr'><strong>CarolLMaigni</strong></span> <span class='ocrx_word' id='word_1_803' title='bbox 2472 5091 2892 5169; x_wconf 49' lang='lat' dir='ltr'><strong>et&#39;Hildegardis</strong></span> <span class='ocrx_word' id='word_1_804' title='bbox 2936 5096 3117 5169; x_wconf 86' lang='lat' dir='ltr'><strong>ﬁlius._</strong></span> <span class='ocrx_word' id='word_1_805' title='bbox 3140 5099 3214 5152; x_wconf 91' lang='lat' dir='ltr'><strong>De</strong></span> <span class='ocrx_word' id='word_1_806' title='bbox 3243 5113 3306 5152; x_wconf 85' lang='lat' dir='ltr'><strong>eo</strong></span> <span class='ocrx_word' id='word_1_807' title='bbox 3332 5101 3483 5169; x_wconf 89' lang='lat' dir='ltr'><strong>plura</strong></span> <span class='ocrx_word' id='word_1_808' title='bbox 3513 5091 3635 5157; x_wconf 81' lang='lat' dir='ltr'><strong>vide</strong></span> 
     </span>
    </p>
   </div>
   <div class='ocr_carea' id='block_1_113' title="bbox 2070 5160 3635 5279">
    <p class='ocr_par' dir='ltr' id='par_1_113' title="bbox 2070 5160 3635 5279">
     <span class='ocr_line' id='line_1_117' title="bbox 2070 5160 3635 5279; baseline 0.01 -70"><span class='ocrx_word' id='word_1_809' title='bbox 2070 5160 2206 5279; x_wconf 50' lang='lat' dir='ltr'><strong>gpjiiu:</strong></span> <span class='ocrx_word' id='word_1_810' title='bbox 2231 5161 2448 5230; x_wconf 85' lang='lat' dir='ltr'><strong>Pagium</strong></span> <span class='ocrx_word' id='word_1_811' title='bbox 2473 5162 2539 5215; x_wconf 89' lang='lat' dir='ltr'><strong>ab</strong></span> <span class='ocrx_word' id='word_1_812' title='bbox 2566 5177 2703 5213; x_wconf 90' lang='lat' dir='ltr'><strong>anno</strong></span> <span class='ocrx_word' id='word_1_813' title='bbox 2722 5160 2827 5215; x_wconf 83' lang='lat'><strong>776</strong></span> <span class='ocrx_word' id='word_1_814' title='bbox 2856 5180 3025 5233; x_wconf 88' lang='lat' dir='ltr'><strong>usque</strong></span> <span class='ocrx_word' id='word_1_815' title='bbox 3052 5166 3119 5219; x_wconf 86' lang='lat' dir='ltr'><strong>ad</strong></span> <span class='ocrx_word' id='word_1_816' title='bbox 3146 5160 3347 5220; x_wconf 67' lang='lat' dir='ltr'><strong>annum&#39;</strong></span> <span class='ocrx_word' id='word_1_817' title='bbox 3366 5171 3469 5224; x_wconf 80' lang='grc'><strong>810</strong></span> <span class='ocrx_word' id='word_1_818' title='bbox 3526 5188 3635 5240; x_wconf 89' lang='lat' dir='ltr'><strong>quo</strong></span> 
     </span>
     <span class='ocr_line' id='line_1_118' title="bbox 2166 5245 2223 5279; baseline 0.035 -2"><span class='ocrx_word' id='word_1_819' title='bbox 2166 5245 2176 5277; x_wconf 92' lang='lat' dir='ltr'><strong>I</strong></span> <span class='ocrx_word' id='word_1_820' title='bbox 2212 5269 2223 5279; x_wconf 88' lang='lat'><strong>.</strong></span> 
     </span>
    </p>
   </div>
   <div class='ocr_carea' id='block_1_114' title="bbox 2166 5245 2223 5279">
    <p class='ocr_par' dir='ltr' id='par_1_114' title="bbox 2166 5245 2223 5279">
     <span class='ocr_line' id='line_1_119' title="bbox 2166 5245 2223 5279; baseline 0.035 -2"><span class='ocrx_word' id='word_1_821' title='bbox 2166 5245 2223 5279; x_wconf 86' lang='grc' dir='ltr'><strong>Ιῐ.</strong></span> 
     </span>
    </p>
   </div>
   <div class='ocr_carea' id='block_1_115' title="bbox 2144 5296 3549 5373">
    <p class='ocr_par' dir='ltr' id='par_1_115' title="bbox 2144 5296 3549 5373">
     <span class='ocr_line' id='line_1_120' title="bbox 2144 5296 3549 5373; baseline 0.009 -29"><span class='ocrx_word' id='word_1_822' title='bbox 2144 5308 2165 5373; x_wconf 63' lang='grc' dir='ltr'>ξ</span> <span class='ocrx_word' id='word_1_823' title='bbox 2206 5296 2331 5373; x_wconf 58' lang='lat' dir='ltr'><strong>Quin</strong></span> <span class='ocrx_word' id='word_1_824' title='bbox 2362 5296 2592 5373; x_wconf 57' lang='lat' dir='ltr'><strong>muliere,</strong></span> <span class='ocrx_word' id='word_1_825' title='bbox 2617 5299 3036 5373; x_wconf 75' lang='lat' dir='ltr'><strong>ctc_._Qua:_illa?</strong></span> <span class='ocrx_word' id='word_1_826' title='bbox 3063 5301 3255 5373; x_wconf 87' lang='lat' dir='ltr'><strong>Nullibi</strong></span> <span class='ocrx_word' id='word_1_827' title='bbox 3286 5307 3549 5373; x_wconf 90' lang='lat' dir='ltr'><strong>proditur.</strong></span> 
     </span>
    </p>
   </div>
   <div class='ocr_carea' id='block_1_116' title="bbox 2147 5363 3629 5445">
    <p class='ocr_par' dir='ltr' id='par_1_116' title="bbox 2147 5363 3629 5445">
     <span class='ocr_line' id='line_1_121' title="bbox 2147 5363 3629 5445; baseline 0.01 -33"><span class='ocrx_word' id='word_1_828' title='bbox 2147 5363 2165 5399; x_wconf 78' lang='grc' dir='ltr'><strong>ί</strong></span> <span class='ocrx_word' id='word_1_829' title='bbox 2401 5364 2647 5445; x_wconf 75' lang='lat' dir='ltr'><strong>Quercet.</strong></span> <span class='ocrx_word' id='word_1_830' title='bbox 2688 5363 2851 5445; x_wconf 46' lang='grc' dir='ltr'><strong>Ηὲλη</strong></span> <span class='ocrx_word' id='word_1_831' title='bbox 2870 5370 3049 5445; x_wconf 77' lang='lat' dir='ltr'><strong>Canis.</strong></span> <span class='ocrx_word' id='word_1_832' title='bbox 3107 5372 3166 5445; x_wconf 64' lang='grc'><strong>6]</strong></span> <span class='ocrx_word' id='word_1_833' title='bbox 3209 5363 3476 5445; x_wconf 70' lang='lat' dir='ltr'><strong>_(Froben.</strong></span> <span class='ocrx_word' id='word_1_834' title='bbox 3518 5374 3629 5445; x_wconf 68' lang='lat'><strong>34).</strong></span> 
     </span>
    </p>
   </div>
   <div class='ocr_carea' id='block_1_117' title="bbox 2070 5431 3553 5495">
    <p class='ocr_par' dir='ltr' id='par_1_117' title="bbox 2070 5431 3553 5495">
     <span class='ocr_line' id='line_1_122' title="bbox 2070 5431 3553 5495; baseline 0.007 -12"><span class='ocrx_word' id='word_1_835' title='bbox 2070 5431 2359 5484; x_wconf 79' lang='lat' dir='ltr'><strong>Emendata</strong></span> <span class='ocrx_word' id='word_1_836' title='bbox 2388 5447 2451 5485; x_wconf 78' lang='lat' dir='ltr'><strong>ex</strong></span> <span class='ocrx_word' id='word_1_837' title='bbox 2478 5435 2630 5487; x_wconf 79' lang='lat' dir='ltr'><strong>codd.</strong></span> <span class='ocrx_word' id='word_1_838' title='bbox 2659 5452 2787 5489; x_wconf 88' lang='lat' dir='ltr'><strong>mss.</strong></span> <span class='ocrx_word' id='word_1_839' title='bbox 2820 5438 3013 5490; x_wconf 82' lang='lat' dir='ltr'><strong>Salisb.</strong></span> <span class='ocrx_word' id='word_1_840' title='bbox 3045 5448 3103 5493; x_wconf 92' lang='lat' dir='ltr'><strong>et</strong></span> <span class='ocrx_word' id='word_1_841' title='bbox 3123 5441 3178 5494; x_wconf 85' lang='lat' dir='ltr'><strong>S.</strong></span> <span class='ocrx_word' id='word_1_842' title='bbox 3207 5431 3553 5495; x_wconf 81' lang='lat' dir='ltr'><strong>Emmerami.</strong></span> 
     </span>
    </p>
   </div>
   <div class='ocr_carea' id='block_1_118' title="bbox 2142 5499 3633 5575">
    <p class='ocr_par' dir='ltr' id='par_1_118' title="bbox 2142 5499 3633 5575">
     <span class='ocr_line' id='line_1_123' title="bbox 2142 5499 3633 5575; baseline 0.014 -28"><span class='ocrx_word' id='word_1_843' title='bbox 2142 5499 2277 5575; x_wconf 46' lang='lat' dir='ltr'><strong>[pne</strong></span> <span class='ocrx_word' id='word_1_844' title='bbox 2300 5500 2581 5575; x_wconf 61' lang='lat' dir='ltr'><strong>Avaroriim</strong></span> <span class='ocrx_word' id='word_1_845' title='bbox 2610 5514 2753 5571; x_wconf 78' lang='lat' dir='ltr'><strong>gente</strong></span> <span class='ocrx_word' id='word_1_846' title='bbox 2769 5506 3154 5575; x_wconf 70' lang='lat' dir='ltr'><strong>triumphatum</strong></span> <span class='ocrx_word' id='word_1_847' title='bbox 3175 5519 3265 5561; x_wconf 72' lang='lat' dir='ltr'><strong>est.</strong></span> <span class='ocrx_word' id='word_1_848' title='bbox 3298 5509 3453 5564; x_wconf 79' lang='lat' dir='ltr'><strong>Anno</strong></span> <span class='ocrx_word' id='word_1_849' title='bbox 3482 5528 3633 5567; x_wconf 78' lang='lat' dir='ltr'><strong>nem-</strong></span> 
     </span>
    </p>
   </div>
   <div class='ocr_carea' id='block_1_119' title="bbox 2068 5566 3633 5684">
    <p class='ocr_par' dir='ltr' id='par_1_119' title="bbox 2068 5566 3633 5684">
     <span class='ocr_line' id='line_1_124' title="bbox 2068 5566 3633 5684; baseline 0.012 -70"><span class='ocrx_word' id='word_1_850' title='bbox 2314 5571 2452 5634; x_wconf 78' lang='lat' dir='ltr'><strong>quod</strong></span> <span class='ocrx_word' id='word_1_851' title='bbox 2490 5566 2628 5634; x_wconf 52' lang='lat' dir='ltr'><strong>jam&#39;</strong></span> <span class='ocrx_word' id='word_1_852' title='bbox 2657 5572 2849 5639; x_wconf 70' lang='lat' dir='ltr'><strong>srepius</strong></span> <span class='ocrx_word' id='word_1_853' title='bbox 2901 5566 3267 5631; x_wconf 81' lang='lat' dir='ltr'><strong>adnotavimus</strong></span> <span class='ocrx_word' id='word_1_854' title='bbox 3322 5593 3388 5632; x_wconf 84' lang='lat' dir='ltr'><strong>ex</strong></span> <span class='ocrx_word' id='word_1_855' title='bbox 3437 5566 3633 5635; x_wconf 76' lang='lat' dir='ltr'><strong>Annal.</strong></span> 
     </span>
    </p>
   </div>
   <div class='ocr_carea' id='block_1_120' title="bbox 2115 5650 2257 5685">
    <p class='ocr_par' dir='ltr' id='par_1_120' title="bbox 2115 5650 2257 5685">
     <span class='ocr_line' id='line_1_125' title="bbox 2115 5650 2257 5685; baseline -0.007 0"><span class='ocrx_word' id='word_1_856' title='bbox 2115 5650 2257 5685; x_wconf 69' lang='grc' dir='ltr'><strong>Γζὶηίῖ.</strong></span> 
     </span>
    </p>
   </div>
  </div>
