4238 6188
618 315 717 368 199

1460 309 1519 361 Β.
1559 308 1619 361 ιε’.
1663 307 1880 361 ALBINI
1920 305 2049 360 SEU
2087 302 2356 358 ALGUlNI
2396 299 2685 361 OPERUM
2723 300 2899 355 PARS
2934 298 3005 383 1.7

3711 295 3815 348 200

678 424 788 494 46
812 422 913 475 Sed
939 435 1096 488 quam
1131 419 1477 488 plurimorum
1522 418 1574 469 in
1612 425 1663 469 tc
1688 458 1700 480 ,
1753 424 1903 485 pater
1940 416 2160 484 optime,
2192 416 2237 473 Α
2333 413 2509 466 Donec
2538 412 2790 479 suscipiat
2814 409 2936 462 felix
2970 416 3019 461 te
3051 416 3204 494 porta
3227 406 3471 494 polorum

610 513 748 568 oculi
794 509 1114 578 respiciunt,
1169 506 1295 575 quid
1336 515 1514 559 vestra
1563 505 1862 558 veneranda
1908 504 2164 557 sanctitas

613 602 787 655 facere
820 598 966 652 velit.
1003 596 1134 661 Quia
1162 605 1216 649 et
1244 595 1493 647 vicinitas
1535 594 1772 647 locorum
1820 592 1913 644 tibi
1951 605 2163 658 compe-

615 691 697 752 tit,
721 697 776 743 et
796 685 1071 755 sapientiae
1100 684 1261 738 decus
1281 681 1423 753 [tibi]
1453 681 1718 750 suppetit,
1755 687 1809 735 et
1830 679 2160 732 auctoritatis

614 776 925 833 excellentia
969 775 1065 828 tibi
1109 774 1344 842 appetit,
1384 780 1439 826 et
1483 780 1673 825 cuncta
1702 771 2020 825 conveniunt
2046 784 2165 838 qum

616 866 703 919 tali
732 864 877 932 operi
902 862 1196 916 necessaria
1228 876 1345 914 esse
1379 861 1643 914 videntur.
1682 860 1801 913 Ideo
1835 874 1966 912 meae
1996 859 2166 927 parvi-

615 959 741 1012 tatis
786 955 1068 1010 curiositas
1123 953 1243 1023 [per
1291 962 1341 1006 te
1380 952 1546 1023 (Edit.
1572 992 1586 1017 ,
1631 949 1972 1021 propterea)]
2012 949 2165 1015 hujus

616 1056 813 1100 sanctae
843 1046 919 1099 rei
953 1040 1136 1114 [scire]
1186 1041 1450 1095 desiderat
1491 1041 1767 1093 veritatem
1787 1079 1802 1104 ,
1833 1048 1885 1091 ct
1910 1048 2013 1092 tute
2041 1053 2166 1091 eon-

616 1136 793 1189 silium
838 1132 1075 1201 deposcit
1112 1129 1442 1197 prudentiae:
1484 1127 1566 1180 vel
1616 1126 1742 1194 quid
1778 1126 1969 1180 exinde
2010 1138 2167 1194 agere

618 1235 725 1279 tam
770 1224 909 1277 bona
950 1220 1192 1283 voluntas
1239 1218 1582 1271 deliberatum
1625 1215 1835 1278 habeat,
1880 1228 2167 1283 agnoscere

612 1316 835 1384 ﬂagitat.
876 1313 1019 1383 Opus
1042 1312 1185 1365 enim
1228 1311 1447 1363 arduum
1491 1317 1603 1371 est,
1634 1307 1727 1375 sed
1749 1310 1860 1376 ipsa
1884 1316 2166 1361 attestante

619 1392 899 1467 Veritate,
959 1401 1134 1455 omnia
1189 1400 1384 1453 scimus
1436 1414 1554 1453 esse
1601 1399 1871 1467 possibilia
1931 1397 2165 1452 credenti

619 1496 811 1564 (Marc.
844 1512 919 1559 ix,
949 1493 1060 1564 22).
1100 1492 1163 1544 Et
1188 1495 1276 1559 qui
1299 1492 1362 1544 de
1390 1498 1726 1558 persecutore
1749 1488 1876 1542 fecit
1908 1489 2166 1557 praidica-

621 1560 790 1635 torem
821 1580 873 1650 (l
906 1560 1036 1633 Tim.
1078 1595 1114 1643 ι,
1160 1580 1278 1647 15),
1333 1587 1387 1631 et
1429 1578 1495 1631 de
1532 1587 1765 1631 stercore
1792 1577 1945 1646 erigit
1971 1592 2168 1645 paupe—

621 1687 753 1735 rem,
786 1680 843 1724 ut
866 1671 1044 1724 sedeat
1065 1685 1187 1724 cum
1213 1668 1536 1737 principibus
1565 1666 1732 1736 (Psal.
1758 1682 1895 1728 exn,
1928 1666 2011 1735 7);
2056 1666 2067 1717 i

2401 499 2511 562 Qua
2546 514 2747 551 memor
2788 502 2902 549 esto
2920 537 2933 547 .
2953 534 2967 546 .
2990 534 3002 546 .
3057 493 3148 565 [F.
3175 493 3339 563 suppl.
3367 490 3585 564 precor]
3608 507 3817 561 semper

3384 580 3404 653 [
3426 584 3479 636 in
3501 596 3596 637 ore
3618 583 3742 637 mei.

2772 652 2798 690 ἀ
2830 650 3153 707 EPISTOLA
3194 650 3305 704 XL.

2682 755 2747 794 Αυ
2776 755 3024 803 QUEIDAI
3066 723 3405 810 (annuum).

2265 830 2389 883 Post
2416 831 2623 899 longum
2657 830 2871 882 Paulini
2908 830 3189 899 silentium,
3229 832 3442 899 receptis
3471 848 3604 884 nunc
3634 831 3817 889 litteris

2364 898 2577 952 audiunt
2599 915 2748 951 suum
2776 899 3052 967 signiﬁcat.
3098 898 3221 951 Post
3245 898 3353 951 hac
3388 900 3442 953 in
3474 899 3654 955 laudes
3678 901 3818 955 Putt-

2350 969 2425 1021 ini
2447 969 2671 1021 excurrit
2688 983 2811 1037 ;7ac
2856 967 3035 1019 mortis
3076 968 3257 1037 vicinis
3285 976 3435 1037 atque
3454 984 3665 1021 suorum
3702 986 3819 1037 pec-

2331 1047 2564 1089 catorum
2608 1036 2935 1088 reminiscens
2994 1052 3047 1089 se
3099 1035 3515 1104 precibus'illius
3555 1035 3819 1093 humiliter

2331 1104 2691 1157 commendat.’

2339 1204 2361 1229 ε
2394 1191 2527 1244 Dum
2566 1189 2682 1261 [F.,
2711 1191 2867 1260 sicut]
2899 1192 3150 1245 ferventis
3182 1191 3371 1246 Cancri
3409 1195 3593 1262 igneus
3630 1195 3709 1247 sol
3742 1196 3816 1250 si-

2265 1281 2361 1335 dus
2382 1282 2639 1345 ascendit,
2664 1290 2717 1333 et
2742 1282 2904 1334 nimio
2923 1283 3279 1350 diuturnoque
3320 1283 3497 1338 calore
3540 1284 3687 1338 arida
3723 1285 3819 1339 tel-

2262 1368 2345 1421 lus
2370 1370 2570 1423 imbres
2614 1379 2911 1437 exspectat;
2942 1371 3020 1423 sic
3050 1379 3174 1435 tua,
3220 1371 3380 1424 Pater
3411 1372 3627 1439 optime,
3660 1373 3713 1426 in
3743 1388 3823 1427 re-

2266 1457 2538 1528 frigerium
2589 1459 2762 1525 magni
2811 1460 3007 1511 amoris
3046 1459 3233 1512 sitiens
3271 1461 3323 1512 in
3353 1474 3472 1514 meo
3490 1471 3707 1528 pectore
3730 1477 3820 1515 vo-

2263 1547 2440 1599 luntas
2494 1554 2597 1599 tuae
2641 1546 2982 1609 beatitudinis
3042 1548 3131 1601 diu
3196 1549 3531 1604 desiderabat
3591 1549 3815 1604 litteras.

2264 1634 2458 1688 lterum
2488 1643 2643 1703 atque
2667 1636 2854 1688 iterum
2886 1651 2983 1705 per
3018 1636 3220 1705 singula
3261 1637 3514 1691 horarum
3553 1649 3820 1692 momenta

619 1724 789 1830 potest
830 1761 895 1816 de
926 1762 1073 1814 arida
1105 1724 1279 1813 cordis
1304 1724 1407 1819 mei
1430 1724 1583 1812 caute
1620 1757 1818 1811 rivulos
1841 1758 1945 1809 vivi
1964 1724 2161 1819 Ifontis,
2198 1736 2242 1793 Β
2266 1732 2496 1830 Tarans
2515 1725 2633 1830 Poc
2662 1724 2989 1830 ,Γῗγξδψθξηξ
3027 1724 3307 1830 θιῨείυῬλ
3338 1724 3821 1830 ρυξηάίξ,⁸’θ⁰ίθ¹ξι

620 1859 673 1905 et
717 1853 770 1904 iu
817 1851 981 1923 vitam
1024 1848 1260 1901 salientis
1300 1847 1595 1917 producere
1636 1855 1927 1900 aeternam:
1969 1854 2167 1912 quanto

622 1942 791 2009 magis
837 1938 922 2009 [de
981 1947 1154 1991 vestro
1198 1944 1413 2005 pectore
1457 1937 1912 1990 abundantissimo
1953 1935 2165 1989 ﬂumina

620 2026 888 2081 Cehouica
937 2023 1155 2079 ﬂuentia
1206 2022 1373 2091 (Cod.
1436 2022 1547 2077 Sal.
1604 2024 1669 2078 de
1712 2032 1891 2077 vestro
1940 2024 2169 2093 pectoris

620 2114 1073 2169 abundantissimo
1098 2112 1309 2165 ﬂumine
1330 2110 1559 2166 Gconica
1585 2110 1800 2182 ﬂuenta)
1829 2111 1849 2184 ]
1884 2127 1980 2182 per
2003 2122 2168 2167 totam

624 2201 831 2257 Nilotici
888 2202 1029 2253 ruris
1080 2199 1408 2253 latitudinem
1458 2200 1523 2253 ad
1570 2199 1929 2254 fecundandos
1975 2201 2170 2256 diversi

624 2291 833 2359 generis
858 2289 1015 2343 ﬂores
1042 2287 1333 2341 ditlundere
1360 2287 1527 2340 valet?
1550 2286 1764 2354 Audiat,
1792 2289 2035 2353 obsecro,
2078 2305 2173 2358 per

626 2389 677 2433 te
696 2376 962 2432 unanimis
985 2384 1087 2451 tua:
1110 2376 1385 2431 charitatis
1414 2375 1585 2442 ﬁlius,
1612 2378 1740 2446 quid
1777 2388 1994 2447 paterna
2038 2395 2173 2447 prae-

624 2469 800 2521 vidcat
822 2466 1081 2536 agendum
1109 2466 1409 2536 prudentia.
1450 2466 1816 2522 Certissimum
1843 2469 2020 2536 itaque
2046 2483 2173 2523 con-

624 2558 800 2610 silium
846 2556 1030 2611 salutis
1068 2571 1164 2625 per
1209 2571 1271 2609 os
1302 2555 1445 2611 illius
1478 2558 1680 2624 sperari
1706 2557 1882 2620 debet,
1909 2555 2059 2624 cujus
2078 2572 2173 2624 pe-

624 2646 788 2699 ctoris
853 2643 1176 2711 septiformis
1217 2642 1526 2713 [Spiritus]
1586 2644 1797 2698 consilii
1850 2644 2173 2699 inhabitator

627 2730 789 2804 [esse]
816 2732 1160 2804 dignoscitur.

692 2884 853 2939 Binas
880 2892 1068 2939 vestrae
1098 2884 1401 2953 paternitati
1425 2883 1581 2953 paulo
1605 2893 1725 2938 ante
1756 2884 1922 2938 direxi
1953 2885 2169 2938 chartu-

626 2978 727 3041 las,
759 2993 918 3032 unam
963 2991 1057 3045 per
1094 2985 1335 3030 sanctum
1379 2987 1403 3015 ι
1429 2975 1733 3045 episcopum
1771 2974 2119 3029 Histriensem
2155 2988 2171 3027 :

2266 1813 2549 1868 desiderati
2575 1815 2676 1868 mei
2700 1815 2992 1869 dulcissimi
3019 1815 3232 1883 apices?
3265 1814 3487 1881 Quando
3506 1816 3714 1871 videam
3743 1818 3820 1871 si-

2266 1917 2369 1970 gna
2409 1903 2596 1957 salutis
2634 1903 2961 1959 dilectissimi
3005 1904 3150 1957 mei?
3206 1902 3431 1970 Quando
3472 1905 3603 1959 mihi
3650 1904 3821 1958 Auso-

2268 1992 2369 2044 nia:
2391 1992 2681 2046 nobilitatis
2706 1992 2896 2063 pagina
2925 1993 3091 2061 optati
3128 1993 3532 2061 prosperitatem
3577 1995 3824 2049 ostendet

2269 2080 2446 2143 amici,
2476 2088 2534 2134 nt
2562 2081 2761 2135 videam
2784 2081 2889 2152 47
2915 2079 2961 2135 si
2990 2081 3164 2150 aliqua
3204 2080 3477 2137 hederate
3496 2083 3567 2137 .in
3607 2083 3821 2139 Christo

2268 2173 2514 2227 amicitiae
2540 2174 2592 2226 in
2624 2173 2764 2227 illius
2799 2180 3017 2241 pectore
3057 2181 3268 2226 maneat
3308 2174 3563 2226 memoria
3592 2190 3606 2237 ;
3655 2173 3701 2227 si
3736 2172 3823 2227 Al-

2269 2259 2380 2311 bini
2405 2259 2485 2312 sui
2508 2273 2701 2313 nomen
2745 2260 2883 2327 stylo
2910 2258 3184 2313 charitatis
3220 2258 3273 2311 in
3300 2258 3477 2312 cordis
3507 2272 3703 2313 arcano
3733 2274 3821 2311 re-

2268 2347 2536 2399 conditum
2566 2347 2779 2409 habeat,
2810 2347 2946 2400 sicut
2978 2346 3348 2401 suavissimum
3400 2345 3603 2400 Paulini
3646 2344 3823 2401 Patris

2270 2446 2486 2502 nomen,
2527 2441 2783 2502 perpetua
2833 2434 3149 2498 dilectione,
3190 2434 3246 2487 in
3290 2434 3453 2487 corde
3487 2433 3581 2487 lilii
3609 2435 3824 2488 :eternis

2269 2522 2409 2591 viget
2433 2522 2627 2577 litteris
2656 2523 3003 2591 inscriptum?
3578 2543 3583 2548 -

2345 2611 2363 2648 ί
2393 2612 2529 2666 Ecce
2552 2611 2715 2665 venit
2738 2650 2753 2674 ,
2799 2626 2924 2666 ecce
2953 2612 3098 2665 venit
3116 2621 3349 2681 paterna:
3367 2612 3583 2681 pietatis
3604 2612 3820 2683 pagina,

2269 2718 2430 2771 quam
2456 2703 2545 2757 diu
2571 2695 2963 2767 desiderabam,
3000 2702 3145 2756 omni
3178 2701 3331 2756 melle
3356 2701 3533 2769 palato
3557 2716 3679 2755 meo
3706 2701 3824 2755 dul-

2269 2794 2402 2857 cior,
2447 2791 2593 2845 omni
2638 2791 2836 2844 obrvso
2877 2782 3048 2844 oculis
3078 2788 3455 2844 benorabilior.
3497 2784 3646 2843 Hanc
3672 2788 3822 2845 lactus

2269 2880 2528 2933 ambabus
2567 2877 2892 2946 accipiebam
2936 2878 3201 2941 manibus,
3240 2868 3299 2931 Et
3335 2884 3445 2932 toto
3462 2876 3824 2946 amplectebar

2268 2974 2501 3035 pectore,
2552 2980 2868 3034 suspensus,
2919 2967 3045 3035 quid
3088 2966 3216 3021 mihi
3265 2969 3331 3021 de
3379 2982 3497 3021 meo
3550 2967 3823 3022 nuntiaret

628 3067 785 3120 aliam
809 3080 905 3134 per
926 3064 1100 3117 virum
1132 3063 1480 3118 venerabilem
1503 3063 1751 3118 Aericum
1778 3064 1983 3117 ducem.
2012 3062 2031 3134 [
2055 3063 2081 3101 ιι
2106 3064 2170 3117 Et
2193 3056 2243 3121 α
2268 3053 2525 3111 Paulino?
2550 3054 2851 3125 Soiutisque
2876 3055 3093 3126 sigillis,
3129 3056 3298 3111 avidis
3333 3056 3605 3111 oculorum
3632 3056 3823 3113 obtuti-

628 3152 931 3207 utinamvel
962 3152 1075 3207 hrec
1106 3151 1260 3204 tertia
1289 3158 1558 3205 mereatur
1580 3151 1809 3220 aliquam
1834 3160 2023 3206 vestra:
2050 3153 2173 3206 bea-

631 3242 869 3294 titudinis
915 3239 1361 3312 exhortationem]
1407 3250 1672 3310 nespreta
1720 3241 1954 3315 charitas
1984 3240 2189 3312 [quare

632 3329 761 3400 tam]
791 3344 979 3397 rugosa
1020 3329 1192 3384 fronte
1213 3369 1227 3391 ,
1271 3330 1353 3383 vel
1391 3331 1675 3399 queruloso
1700 3328 1922 3385 calamo
1953 3345 2175 3385 exarare

631 3417 865 3483 incipiat.
918 3416 1258 3484 Nequaquam
1303 3417 1356 3469 in
1399 3426 1741 3484 augmentum
1782 3418 2008 3473 tristitia:
2046 3435 2176 3475 meae

633 3505 829 3558 diutius
852 3514 1043 3566 taceas,
1069 3505 1160 3559 sed
1187 3502 1327 3575 [per]
1350 3506 1593 3574 spiritum
1628 3506 2005 3564 consolationis
2028 3510 2117 3563 tibi
2145 3525 2174 3563 a

544 3588 545 3591 “
632 3594 742 3645 Deo
766 3595 963 3657 datum,
994 3594 1293 3662 frequentes
1334 3596 1465 3649 mihi
1510 3597 1685 3665 apices
1717 3596 1892 3654 facere
1924 3599 2177 3654 almitatis

630 3688 820 3734 \‘CSI.l".B
848 3682 1222 3736 consolationis
1254 3698 1359 3737 non
1390 3684 1645 3752 graveris,
1691 3692 1751 3739 ut
1778 3687 1884 3741 tuis
1907 3688 2061 3742 bonis
2085 3702 2177 3741 ex-

632 3767 1018 3821 hortationibus
1038 3778 1090 3822 et
1117 3770 1315 3823 sanctis
1338 3772 1667 3827 orationibus
1688 3772 1925 3839 adjutus,
1962 3776 2026 3828 ad
2055 3790 2177 3843 sup-

633 3855 955 3921 plementum
977 3856 1238 3909 mercedis
1260 3857 1355 3911 tibi
1384 3867 1668 3927 perpetuae,
1690 3861 1868 3923 divina
1889 3861 2180 3919 auxiliante

635 3943 1034 4010 misericordia,
1098 3945 1216 4000 vita:
1263 3954 1477 4002 aeterna:
1529 3956 1702 4002 tecum
1749 3951 2013 4021 particeps
2060 3968 2177 4008 esse

636 4048 810 4093 ruerea
819 4049 860 4086 l‘.

706 4212 728 4239 ε
757 4201 968 4255 Floreat
993 4205 1045 4255 in
1070 4215 1248 4259 vestro
1275 4209 1469 4263 divinis
1491 4219 1703 4278 pectore
1727 4212 1878 4265 donis

775 4289 994 4357 Semper
1018 4292 1071 4344 in
1104 4302 1355 4347 aeternum
1383 4297 1584 4364 sophia,
1615 4307 1795 4352 sancte
1822 4299 1998 4353 Pater.

706 4377 769 4430 Et
796 4378 923 4430 mihi
946 4390 1221 4434 conservet
1249 4380 1445 4435 Christi
1467 4384 1654 4438 dextra
1680 4386 2056 4457 omnipotentis
2116 4380 2119 4381 ν

692 4476 695 4477 ⁷
772 4468 1107 4532 Incolumem,
1134 4470 1336 4525 meritis
1361 4480 1549 4542 augeat
1570 4466 1825 4529 aetheriis.

702 4626 735 4660 ἰ
779 4620 1078 4689 Episcopum
1141 4622 1495 4679 Histriensem.
1575 4626 1772 4680 Omnes
1822 4627 2178 4689 Aquileiensis

542 4728 543 4731 η
631 4689 923 4771 provinciae
970 4689 1198 4771 episcopi
1242 4693 1533 4771 antiquitus
1570 4694 1698 4747 dicti
1721 4702 1844 4771 sunt
1880 4689 2051 4771 isti-ile
2073 4698 2178 4763 epi-

639 4758 876 4830 seqpi,nt
919 4765 1061 4830 patet
1098 4772 1160 4810 ex
1204 4758 1424 4830 concilio
1466 4761 1705 4814 Romano
1742 4763 1840 4830 sub
1884 4758 2176 4830 Agathone,

750 4823 1337 4911 genettensis
1361 4830 1458 4883 sub
1481 4830 1789 4911 patriarcha
1817 4823 2108 4911 Agathone]
2126 4823 2180 4886 et

640 4893 817 4968 caueri
868 4892 1365 4968 Mediterranearum
1405 4892 1607 4968 sedium
1652 4892 1892 4968 episcopi
1925 4908 2181 4955 vocantur

645 4962 814 5037 Lstria:
854 4962 1072 5037 episcopi
1114 4962 1345 5037 (biadris.
1400 4965 1531 5037 Qpp.
1556 4966 1631 5037 VS.
1666 4962 1890 5037 Paulini,
1936 4984 1989 5037 p.
2031 4968 2177 5033 205).

643 5029 901 5111 fortassis
944 5030 1031 5111 hic
1079 5030 1354 5111 episcopus
1394 5029 1511 5111 fuit
1538 5036 1749 5111 Aginus_
1777 5029 2178 5111 Pergomensis,

642 5107 733 5172 seu
764 5097 960 5172 potius
981 5097 1295 5172 Veronensis
1326 5097 1632 5172 episcopus,
1663 5103 1752 5172 qui
1777 5103 1879 5156 hoc
1893 5097 2038 5157 anno
2059 5097 2178 5159 cum

644 5164 862 5239 Alcuino
878 5164 1011 5239 fuit,
1035 5174 1107 5239 ut_
1120 5164 1386 5239 colligitur
1410 5184 1478 5222 ex
1504 5164 1723 5239 epistola
1752 5173 1817 5223 ad
1843 5172 2084 5225 eumdem
2113 5173 2182 5225 26

644 5236 806 5299 (nunc
833 5234 942 5302 5i).
980 5234 1054 5287 De
1080 5234 1270 5289 Aerico
1289 5235 1423 5289 duce
1447 5234 1552 5291 vid:
1579 5240 1736 5307 epist.
1770 5239 1821 5293 l.

717 5323 742 5359 δ
777 5321 919 5383 Haec.
945 5326 1194 5379 mendosa
1220 5325 1273 5379 in
1302 5324 1457 5389 edit,
1494 5341 1560 5379 ex
1580 5342 1680 5382 ms.
1713 5329 2081 5384 restittmntm.

719 5423 741 5450 ε
782 5408 843 5467 Hi
875 5428 1058 5467 versus
1082 5415 1272 5469 desunt
1299 5416 1353 5470 in
1373 5414 1501 5471 Co'd.
1532 5414 1722 5471 Salisb.
1744 5426 1800 5473 et
1823 5418 1880 5474 S.
1922 5420 2095 5475 Emm.

715 5496 744 5575 ᾖ
781 5498 1339 5575 Edit._Quercet._A62,_
1371 5502 1547 5575 Canis.
1581 5498 1649 5558 68
1682 5502 1930 5573 (Froben.
1974 5508 2086 5575 30).
2128 5510 2183 5562 In

650 5564 765 5619 ciui.
797 5582 900 5620 ms:
926 5564 1342 5625 sanet-Gallonsi
1381 5564 1712 5627 desideratur
1744 5576 1952 5642 quidem
1993 5564 2183 5631 inscri-

2271 3148 2374 3202 bus
2391 3160 2486 3216 per
2513 3146 2747 3216 singulas
2771 3146 2938 3215 lineas
2966 3147 3069 3201 iter
3087 3146 3289 3215 aperui,
3318 3147 3823 3218 desiderabilequ

2270 3244 2465 3305 optatae
2491 3236 2676 3291 salutis
2722 3236 3027 3305 sospitatem
3066 3235 3242 3289 Patris
3287 3249 3600 3304 agnoscens.
3642 3236 3694 3290 in
3719 3236 3824 3292 illis

2268 3337 2397 3377 mox
2445 3322 2667 3391 singulis
2708 3322 3007 3376 litterarum
3049 3323 3289 3391 apicibus
3338 3323 3517 3378 oscula
3567 3323 3823 3388 libabam.

2274 3421 2548 3481 totumque
2568 3427 2651 3467 me
2676 3413 2785 3467 Deo
2811 3413 3023 3468 Christo
3055 3413 3111 3470 in
3146 3414 3435 3483 gratiarum
3470 3413 3629 3469 eﬂ'udi
3653 3415 3823 3469 actio-

2273 3518 2392 3568 nes,
2421 3504 2602 3558 dicens
2626 3521 2639 3555 :
2671 3503 2884 3557 Aeditui
2910 3519 3022 3557 meo
3050 3503 3199 3556 dabis
3221 3503 3468 3574 gaudium
3490 3513 3537 3559 et
3565 3503 3820 3574 lwtitiam,

2274 3602 2321 3646 et
2359 3592 2685 3647 exsultabant
2728 3608 2845 3645 ossa
2890 3591 3160 3645 humiliata
3202 3591 3372 3662 (Psal.
3402 3608 3456 3656 ι,
3490 3590 3596 3660 l0).
3634 3590 3702 3645 Et
3731 3592 3821 3660 qui

2276 3691 2399 3737 ante
2427 3680 2737 3736 humiliatus
2782 3680 2855 3734 fui
2887 3681 2940 3734 in
2966 3682 3180 3735 tristitia
3205 3721 3223 3745 ,
3262 3666 3402 3735 nunc
3424 3682 3684 3736 esaltatus
3704 3696 3822 3753 sum

2275 3772 2330 3825 in
2360 3770 2562 3824 laetitia.
2610 3769 2677 3823 Et
2709 3769 2758 3822 si
2789 3768 2921 3837 quid
2959 3769 3116 3837 pleno
3132 3771 3415 3825 charitatis
3433 3771 3609 3825 modio
3639 3786 3825 3841 super-

2276 3859 2396 3913 addi
2438 3858 2734 3926 potuisset,
2790 3852 3113 3913 cumularem
3148 3860 3329 3929 utique
3366 3861 3644 3930 pristinam
3690 3861 3820 3933 [Al.,

2276 3945 2532 4016 primam]
2563 3946 2858 4003 dilectionis
2892 3946 3272 4015 plenitudinem
3292 3990 3306 4012 ,
3331 3966 3479 4003 nova:
3504 3950 3823 4006 abundantia

2276 4034 2491 4089 laetitim.
2531 4033 2686 4086 Nevit
2713 4018 2921 4102 itaque,
2950 4034 3249 4103 quicunque
3275 4036 3523 4090 mellilluo
3546 4037 3825 4090 charitatis

2270 4119 2448 4187 jacqu
2474 4119 2689 4178 vulnera
2720 4120 2864 4173 omni
2904 4119 3024 4173 favo
3050 4121 3281 4175 dulciora
3317 4124 3370 4177 in
3398 4123 3558 4200 corde
3578 4121 3821 4192 accipiet,

2279 4224 2383 4263 non
2416 4223 2502 4262 me
2524 4209 2814 4261 autumnali
2851 4208 3045 4277 frigore
3070 4208 3343 4264 ﬂaccentia
3372 4212 3651 4268 verborum
3677 4214 3820 4279 folia,

2279 4296 2332 4350 in
2359 4295 2512 4363 hujus
2535 4298 2790 4352 chartula:
2815 4312 3135 4367 exaggerare
3162 4302 3417 4369 gremium
3449 4318 3462 4355 :
3496 4303 3588 4357 sed
3614 4303 3680 4357 de
3704 4304 3824 4357 vivo

2201 4367 2255 4428 θ
2280 4389 2516 4443 veritatis
2542 4388 2713 4454 fonte,
2740 4390 2805 4444 ad
2836 4390 3131 4461 irrigandos
3158 4367 3297 4447 vera:
3322 4392 3478 4447 ﬂores
3503 4393 3820 4456 dilectionis,

2276 4480 2389 4561 haec
2415 4496 2577 4549 prona
2620 4483 2851 4549 pectoris
2878 4484 2980 4537 mei
3025 4484 3240 4537 dextera
3275 4484 3519 4546 haurire,
3560 4494 3825 4552 quatenus

2316 4637 2406 4699 tio,
2452 4637 2542 4690 sed
2577 4653 2642 4689 ex
2671 4644 2919 4690 contextu
2969 4644 3172 4689 certum
3216 4644 3313 4697 est,
3363 4636 3578 4690 missam
3607 4652 3723 4692 esse
3756 4622 3823 4691 ad
3928 4628 3932 4630 Ὗ

2322 4704 2555 4757 aulinum
2581 4704 2987 4770 Aquileiensem.
3013 4702 3272 4757 Camsms.

2352 4782 2375 4809 ο
2414 4772 2549 4824 Dum
2590 4771 2825 4827 ferventis
2866 4771 3071 4824 Cancri.
3123 4770 3255 4826 Hinc
3298 4772 3496 4827 colliuit
3521 4772 3589 4826 cl.
3630 4773 3825 4827 Madri-

2280 4839 2390 4909 sius
2412 4839 2685 4907 epistolam
2708 4840 2959 4908 scriptam
2986 4848 3107 4909 post
3134 4841 3405 4893 dimidium
3434 4839 3576 4893 Junii
3600 4843 3819 4895 mensis.

2362 4920 2485 4960 vero
2526 4921 2625 4987 ego
2670 4923 2774 4987 non
2821 4907 3140 4987 magisinde
3165 4908 3355 4987 colligo
3379 4922 3534 4973 quam
3558 4923 3624 4970 ex
3648 4910 3823 4987 verbis

2278 4975 2442 5037 hisce,
2475 4975 2665 5044 quibus
2693 4976 2915 5029 inferius
2951 4980 3060 5029 ait:
3092 4975 3246 5027 Novit
3284 4975 3456 5044 itaque
3482 5013 3496 5027 .
3526 5014 3540 5027 .
3572 5014 3586 5029 .
3619 5015 3632 5028 .
3662 5015 3677 5028 .
3720 4981 3823 5032 non

2278 5060 2358 5096 me
2378 5043 2663 5097 autumnali
2689 5044 2883 5113 frigore
2898 5044 3169 5113 ﬂaccentia
3192 5043 3452 5113 verberant
3481 5044 3609 5111 [alia
3639 5083 3654 5097 .
3682 5083 3695 5096 .
3719 5085 3729 5097 .
3763 5085 3776 5098 .
3804 5088 3817 5099 .

2279 5127 2605 5179 exaggerem,
2634 5111 2771 5179 etc.,'
2790 5112 3037 5179 colligere
3085 5111 3207 5164 licet
3247 5111 3522 5179 epistolam
3568 5122 3825 5169 autumno

2281 5177 2993 5263 ξυτὶοξξτηρεξίέιμξεέὲυδίο
3008 5179 3227 5263 inﬁnitio
3253 5177 3538 5263 ξῦβνέεηάε·
3559 5183 3825 5263 φαρετρε-

2281 5246 2398 5320 cula
2424 5246 2583 5305 sicut;
2615 5247 2905 5320 nequehic
2930 5245 3242 5320 exprimitur
3266 5245 3479 5320 tempus
3498 5245 3820 5320 scriptionis.

2281 5313 2372 5369 sed
2397 5327 2495 5380 per
2527 5312 2971 5394 comparationem
2998 5312 3262 5370 ferventis
3295 5312 3482 5369 Cancri
3509 5312 3825 5387 exprimitur

2282 5380 2439 5434 ardor
2466 5390 2712 5435 pectoris.

2282 5396 2439 5434 arnor
2466 5396 2712 5436 pectoris.

2358 5395 2863 5524 P293231...
2895 5450 3270 5524 _Besponsoria
3298 5467 3509 5523 nempe,
3538 5470 3657 5524 quae
3680 5454 3821 5524 desi-

2283 5517 2516 5588 deratur,
2556 5533 2716 5587 quam
2758 5518 3009 5573 Alcuinus
3031 5517 3160 5588 post
3187 5530 3297 5573 tres
3323 5536 3352 5573 a
3379 5517 3607 5579 sedatis
3628 5522 3824 5588 episto-

2284 5584 2359 5636 las
2388 5584 2596 5639 domum
2624 5588 2863 5645 extorsit.
2899 5588 3013 5640 Vid.
3041 5584 3191 5653 epist.
3220 5592 3447 5653 priorem
3476 5590 3617 5643 circa
3641 5584 3818 5646 liuent.
