4238 6188
392 296 487 350 201

1800 286 1903 341 EPI
1910 286 2080 341 δῖοι.
2087 286 2149 337 :E
2159 325 2171 337 .

3398 271 3589 327 '20‘3.

393 410 496 463 mei
528 404 704 474 magni
724 377 930 456 amoris
962 399 1289 456 stillicidium
1333 400 1436 453 tuis
1483 398 1812 452 infunderent
1855 399 1933 449 vi-
1960 404 2008 458 Α
2034 394 2357 449 etationum?
2390 392 2486 446 [ω
2526 390 2793 445 stt-cuiatis
2833 402 3036 458 pompae
3066 388 3293 455 superba
3333 388 3588 443 ambitio?

391 496 653 553 secribus.

454 583 689 639 Plurima
717 578 848 633 mihi
890 578 956 632 de
997 577 1329 632 sanctissimo
1370 576 1445 630 tui
1481 576 1656 630 cordis
1682 577 1935 645 epithala-

390 674 516 737 mio,
548 670 762 726 rarilluo
790 677 1003 723 nectare
1027 667 1345 739 exundantia
1374 665 1637 734 protulisti
1661 664 1932 732 exempla;

386 770 445 816 ut
468 761 649 816 verius
691 757 1086 812 Aristotelicum
1137 755 1261 807 illud
1307 755 1358 806 in
1406 762 1457 806 te
1495 753 1702 805 videam
1730 752 1936 820 impleri

385 851 751 921 proverbium,
780 848 870 917 qui
895 845 1229 900 acutissimas
1253 843 1769 897 Perihermeniarum
1805 843 1937 895 scri-

382 939 585 1006 ptitans
624 933 1124 1004 argumentationes,
1160 926 1354 985 dicitur
1383 931 1437 983 in
1467 939 1642 983 mente
1673 929 1935 982 calamum

387 1028 625 1081 tinxisse.
666 1026 741 1078 Te
758 1037 887 1077 vero
929 1036 1157 1091 agnosco
1184 1021 1247 1074 de
1285 1029 1483 1074 aeterno
1520 1019 1796 1073 charitatis
1818 1019 1935 1071 the-

386 1132 545 1171 sauro
586 1114 863 1168 afﬂuenter
905 1127 1042 1166 nova
1082 1110 1321 1179 proferre
1366 1118 1422 1163 et
1450 1117 1650 1173 vetera,
1677 1109 1807 1162 etin
1834 1108 1937 1161 fide

384 1204 608 1258 fraterni
628 1202 1072 1270 amorispennam
1097 1200 1319 1253 tinxisse
1339 1199 1574 1267 pietatis.
1617 1198 1787 1270 Tuum
1809 1211 1935 1251 vero

383 1291 778 1349 sanctissimum
826 1304 920 1343 cor
962 1295 1102 1341 terra
1147 1294 1229 1339 est
1256 1286 1700 1354 repromissionis,
1730 1284 1937 1351 sapien-

384 1382 471 1435 tia:
493 1380 647 1433 melle
674 1393 912 1440 manans,
960 1385 1015 1430 et
1036 1375 1363 1429 suavissima:
1404 1375 1681 1428 charitatis
1718 1374 1836 1427 luce
1857 1387 1935 1425 re-

379 1470 640 1531 dundans,
666 1468 719 1519 in
741 1480 844 1533 qua
866 1479 1024 1518 verus
1047 1473 1100 1517 et
1121 1464 1381 1533 gloriosus
1404 1462 1651 1516 Salomon
1679 1462 1932 1514 virtutum

379 1557 622 1628 gemmis,
648 1554 898 1623 templum
918 1552 1150 1623 pulchra:
1169 1552 1509 1606 habitationis
1536 1566 1645 1606 sua:
1670 1550 1932 1618 majestati

379 1646 711 1709 construxit,
758 1660 862 1697 non
911 1642 1157 1697 Chaldaaa
1204 1641 1416 1695 ﬂamma
1457 1642 1748 1710 periturum
1774 1681 1788 1704 ,
1838 1640 1987 1695 sed

2035 481 2219 536 Nonne
2246 482 2421 534 omnia
2471 481 2581 533 hare
2624 479 2781 532 veluti
2826 481 2998 531 fumus
3031 479 3300 532 ventuosis
3326 479 3585 545 procella-

2035 584 2154 622 rum
2198 570 2251 621 in
2298 584 2474 622 aerem
2510 569 2761 636 dispersis
2790 567 3084 636 gurgitibus
3122 569 3478 621 evanescunt?
3523 570 3589 623 Et

2037 668 2236 727 quanto
2265 659 2381 727 plus
2406 658 2651 726 quislibet
2684 658 2798 711 lllllC
2839 672 2971 709 vana
3011 656 3340 711 delectabilia
3372 672 3584 710 amave-

2038 749 2106 802 rit
2128 749 2178 801 in
2202 748 2415 809 mundo,
2449 757 2595 800 tanto
2636 748 2803 816 magis
2847 763 2909 799 ea
2935 788 2949 809 ,
2994 756 3191 801 aeterno
3239 756 3590 815 pmesentatus

2030 838 2217 906 judici,
2243 837 2364 890 odio
2402 836 2661 889 habuerit.
2722 837 2912 890 Beatus
2952 837 3039 902 qui
3076 837 3445 890 necessitatem
3468 852 3590 888 vcr-

2036 926 2161 978 terit
2188 927 2239 978 in
2264 925 2585 978 voluntatem
2615 943 2628 976 :
2659 933 2712 977 et
2739 940 2801 977 ea
2826 925 3022 979 Christi
3046 940 3224 978 amore
3244 933 3591 994 compunctus

2034 1013 2330 1066 voluntarie
2349 1013 2605 1076 amiserit,
2636 1028 2753 1081 qua:
2780 1013 2953 1067 debita
2990 1021 3208 1079 cogente
3232 1022 3404 1067 morte
3433 1013 3593 1066 amis-

2036 1116 2195 1155 surus
2221 1101 2342 1154 erit.
2476 1164 2479 1165 ν

2106 1190 2229 1244 llzcc
2258 1206 2388 1243 mea:
2415 1205 2624 1246 memor
2647 1192 2874 1246 miserim
2902 1191 3216 1260 lacrymosis
3236 1179 3437 1245 dictavi
3463 1205 3591 1260 que-

2035 1280 2192 1342 relis;
2224 1295 2327 1332 non
2357 1290 2415 1333 ut
2448 1289 2519 1344 te,
2553 1267 2711 1347 'quod
2745 1294 2876 1347 opus
2902 1297 3005 1334 non
3040 1289 3153 1345 est,
3178 1297 3243 1334 ex
3268 1282 3402 1333 meis
3426 1281 3594 1334 corri-

2033 1384 2186 1437 geres
2216 1370 2397 1432 dictis;
2446 1371 2536 1423 sed
2581 1379 2638 1421 ut
2677 1385 2881 1422 mecum
2924 1385 3009 1422 me
3051 1382 3114 1420 ex
3158 1372 3289 1422 meis
3315 1370 3590 1437 plangercs

2034 1459 2402 1527 iniquitatibus
2440 1475 2455 1512 ;
2499 1472 2554 1513 et
2596 1469 2899 1529 pascentem
2946 1462 2998 1513 in
3047 1461 3259 1529 regione
3304 1460 3593 1529 longinqua

2032 1548 2175 1600 omni
2201 1548 2254 1599 in
2284 1547 2617 1600 iinmunditic
2649 1563 2839 1615 porcos
2864 1550 2988 1614 tuis,
3015 1563 3048 1600 ο
3073 1550 3408 1603 sanctissime
3440 1547 3587 1615 adju-

1988 1627 2155 1688 ’Ἴσι-3
2202 1635 2450 1703 precibus
2506 1636 2839 1699 sublevares,
2888 1646 2943 1692 et
2990 1638 3055 1690 ad
3094 1646 3330 1705 paterna:
3379 1638 3594 1707 pictatis

378 1744 575 1791 interna
600 1749 729 1803 pace
754 1746 1185 1802 permansurum;
1213 1731 1267 1784 in
1286 1746 1391 1799 quo
1415 1740 1596 1785 sancta
1624 1739 1925 1785 sanctorum
1956 1738 2002 1795 Β
2030 1725 2214 1793 epulas
2236 1725 2324 1777 diu
2364 1726 2630 1793 perditum
2674 1725 2804 1797 [Al.,
2850 1726 3261 1797 periclitantem]
3309 1727 3592 1781 reduceres

378 1840 587 1881 summo
617 1831 670 1877 et
702 1838 827 1875 vero
860 1820 1096 1889 pontifici
1132 1820 1227 1873 soli
1252 1820 1464 1874 Christo
1486 1821 1689 1889 pervia,
1717 1835 1822 1873 non
1846 1836 1931 1874 se-

378 1914 483 1968 mel
511 1914 565 1966 in
606 1926 745 1965 anno
792 1909 976 1981 (Hebr.
1006 1924 1082 1973 ix,
1109 1908 1267 1979 3-7),
1317 1910 1409 1963 sed
1450 1924 1660 1977 semper
1703 1909 1756 1962 in
1783 1918 1943 1963 teter-7

378 2018 525 2056 num.
562 2001 637 2054 lbi
680 2014 803 2054 arca
845 1999 1139 2067 sapientiai,
1182 2006 1237 2051 et
1274 1997 1498 2051 duorum
1534 1997 1727 2051 tabula:
1773 2007 1931 2051 testa-

377 2102 697 2146 mentorum.
756 2090 822 2142 Et
850 2090 964 2142 haec
999 2089 1177 2141 omnia
1212 2088 1468 2141 cherubin
1500 2088 1552 2140 in
1592 2086 1929 2139 multitudine

378 2178 559 2252 tegunt
593 2180 850 2236 scientite.
902 2177 1101 2231 Horum
1149 2177 1330 2231 subter
1370 2175 1482 2229 alas
1514 2175 1692 2228 divina
1721 2174 1929 2243 populis

373 2270 586 2327 oracula
612 2269 954 2336 respondent,
993 2276 1047 2319 et
1081 2265 1295 2319 flumina
1323 2266 1550 2319 viventis
1584 2280 1734 2332 aqua:
1770 2265 1821 2317 in
1851 2279 1931 2317 sa-

377 2363 540 2416 lutem
590 2360 891 2414 sitientibus
934 2357 1125 2411 salient
1173 2363 1428 2410 aeternam
1477 2355 1668 2423 (Joan.
1709 2369 1780 2414 tv,
1817 2352 1924 2420 M).

376 2450 492 2515 Quo
527 2450 616 2516 qui
643 2448 790 2509 sitit,
834 2446 898 2499 de
928 2445 1093 2499 aridis
1134 2451 1399 2498 terrarum
1430 2440 1929 2510 ignorantizn'parti-

375 2543 472 2595 bus
504 2539 701 2601 veniat,
729 2546 781 2591 et
802 2538 967 2590 bibat.

443 2634 578 2700 Quid
607 2636 659 2687 in
685 2641 791 2686 tam
816 2630 1051 2686 affluenti
1082 2631 1159 2683 tui
1198 2630 1375 2683 cordis
1421 2631 1672 2683 thesauro
1707 2643 1813 2681 non
1849 2628 1929 2679 in-

373 2724 623 2777 venitur?
656 2722 807 2789 cujus
835 2721 1105 2775 habitator
1134 2720 1219 2774 ille
1244 2720 1549 2789 agnoscitur
1576 2734 1693 2772 esse
1711 2758 1724 2781 ,
1752 2719 1805 2771 in
1827 2735 1928 2786 quo

371 2822 488 2864 sunt
516 2827 688 2863 omnes
731 2810 959 2862 thesauri
999 2810 1265 2877 sapientiae
1309 2819 1357 2862 et
1398 2809 1625 2862 scientia
1645 2807 1928 2861 absconditi

372 2899 590 2968 (Colore.
610 2915 672 2962 ll,
688 2898 769 2968 3);
795 2897 885 2966 qui
907 2897 1060 2950 habet
1086 2896 1285 2950 clavem
1302 2897 1484 2959 David,
1501 2898 1688 2965 aperit.
1708 2906 1761 2952 et
1775 2910 1928 2950 nemo

370 2989 596 3051 claudit;
623 2988 837 3050 claudit,
854 2993 907 3039 et
922 3000 1076 3039 nemo
1090 2986 1259 3054 aperit
1280 2987 1459 3055 (Apoc.
1477 3002 1560 3049 ιιι,
1578 2985 1651 3056 7).
1666 2986 1795 3051 Qua:
1814 2985 1930 3039 vult

2030 1812 2179 1881 (Luc.
2212 1828 2298 1875 xv,
2331 1813 2557 1883 15-15).
2599 1816 2836 1869 Adhzesit
2876 1818 3057 1883 itaque
3083 1817 3237 1870 oculo
3275 1818 3453 1870 cordis
3487 1815 3589 1869 inci

2028 1900 2199 1968 pulvis
2235 1902 2615 1969 cogitationum
2638 1903 2962 1973 iniquarum,
2994 1913 3052 1958 ut
3074 1920 3339 1959 summum
3364 1906 3593 1958 beatitu-

2029 1990 2169 2044 dinis
2197 1990 2393 2045 bonum
2417 2006 2517 2045 nec
2546 1993 2748 2055 videre,
2774 2009 2871 2048 nec
2898 2009 3078 2047 amare
3098 1995 3331 2063 perfecte
3359 1995 3606 2048 valeam.‘

2029 2076 2085 2130 Si
2116 2079 2373 2141 viderem,
2407 2080 2591 2146 utique
2614 2097 2868 2134 amarem.
2909 2081 3013 2135 Sed
3049 2098 3077 2134 a
3115 2090 3194 2144 te,
3231 2083 3319 2150 qui
3346 2084 3592 2150 spiritum

2028 2170 2094 2222 ab
2116 2183 2179 2222 eo
2200 2169 2581 2224 consolationis
2603 2172 2852 2239 accepisti
2881 2173 2969 2240 qui
3006 2172 3116 2224 vult
3142 2188 3325 2225 omnes
3346 2174 3590 2227 homines

2028 2258 2203 2311 salvos
2239 2258 2351 2311 fieri
2383 2258 2435 2328 (ι
2462 2259 2610 2312 'Tim.
2654 2276 2713 2325 ιι,
2746 2260 2821 2331 4),
2863 2261 3086 2315 assiduae
3118 2262 3376 2315 orationis
3403 2260 3591 2315 suifra-

2028 2346 2111 2414 gia
2143 2346 2323 2413 ﬂagito
2346 2363 2366 2398 »:
2398 2355 2661 2414 quatenus
2688 2356 2900 2402 :nternae
2930 2350 3077 2417 pacis
3105 2349 3343 2402 medicus
3371 2349 3590 2417 collyrio

2028 2450 2137 2487 sua:
2163 2436 2541 2489 misericordia:
2567 2437 2786 2505 inungat
2822 2438 3033 2491 oculum
3066 2476 3077 2498 ,
3122 2438 3318 2504 iniquis
3348 2437 3587 2491 obcaeca-

2033 2532 2141 2575 tum
2167 2523 2573 2591 cupiditatibus;
2607 2534 2665 2577 ut
2692 2541 2875 2579 verum
2906 2534 3175 2594 perpetuae
3214 2523 3466 2578 bonitatis
3508 2524 3591 2577 lu—

2029 2626 2149 2664 men
2175 2611 2355 2665 videre
2378 2612 2569 2675 valeat,
2600 2624 2653 2667 ct
2681 2630 2862 2667 amare
2884 2616 3024 2683 quod
3052 2616 3247 2669 videat.

2100 2698 2362 2767 Memento
2410 2702 2743 2755 mitissimam
2800 2703 3119 2758 Samaritani
3170 2715 3400 2760 mentem
3430 2718 3465 2771 ,‘
3499 2708 3589 2774 qui

2029 2784 2363 2839 vulneratum
2410 2790 2660 2857 omnique
2707 2791 2953 2859 przesidio
3004 2792 3317 2847 destitututn
3365 2794 3482 2849 oleo
3534 2806 3590 2850 et

2027 2872 2154 2926 vino
2189 2874 2428 2938 fovebat,
2477 2878 2689 2945 pictatis
2735 2878 2897 2932 fascia
2932 2881 3150 2950 ligavit,
3202 2882 3394 2937 levavit
3430 2885 3483 2937 in
3504 2899 3591 2952 ju—

2031 2972 2289 3029 mentum,
2312 2966 2461 3020 duxit
2488 2968 2542 3021 in
2574 2969 2859 3033 stabulum,
2888 2955 3020 3023 duos
3048 2987 3143 3040 pro
3163 2987 3227 3027 eo
3257 2974 3401 3027 dedit
3428 2974 3591 3029 dena-

367 3077 437 3129 ad
456 3075 753 3143 ρτοτεοωιη
788 3075 1012 3129 aliorum
1048 3083 1315 3143 perpetua;
1347 3075 1547 3129 clavem
1588 3075 1921 3144 eloquentia),
1951 3060 1999 3121 C
2031 3056 2159 3119 rios,
2184 3066 2242 3109 ut
2268 3066 2548 3112 curaretur
2582 3058 2730 3129 (Luc.
2760 3060 2835 3129 χ).
2866 3062 3000 3127 Quid
3031 3064 3132 3118 hac
3159 3065 3353 3131 pietate
3376 3065 3581 3120 mitius?

366 3165 649 3219 charitatis
677 3163 823 3217 clave
848 3164 1037 3231 aperit,
1069 3172 1122 3215 et
1151 3179 1268 3231 quae
1298 3165 1407 3217 vult
1438 3165 1489 3217 in
1523 3179 1717 3218 arcano
1750 3174 1928 3231 pecto-

369 3255 446 3307 ris
464 3254 540 3307 tui
568 3253 837 3314 thesauro,
883 3251 1030 3303 clave
1072 3252 1344 3321 sapientia:
1377 3252 1592 3305 claudit.
1653 3253 1777 3307 Haec
1805 3268 1928 3305 san-

371 3342 609 3422 ctiSsima
650 3340 965 3394 somniantis
1004 3338 1168 3393 Jacob
1210 3340 1351 3394 scala
1397 3340 1548 3411 (Cen.
1594 3357 1781 3403 XXVIII,
1815 3342 1924 3409 12),

292 3437 298 3443 ’
352 3452 467 3507 per
488 3452 648 3505 quam
695 3435 815 3490 cadi
856 3442 1060 3489 secreta
1089 3472 1103 3495 ,
1137 3432 1371 3509 septenis
1416 3433 1731 3499 spiritalium
1757 3433 1929 3485 chari-

372 3534 601 3580 smatum
629 3524 879 3593 gradibus
899 3563 913 3586 ,
958 3524 1044 3591 pia
1070 3531 1351 3592 penetrare
1366 3524 1500 3577 solet
1526 3523 1867 3592 intelligentia
1911 3541 1923 3572 :

344 3622 426 3668 ,et
456 3614 652 3666 iterum
676 3612 743 3665 ad
785 3611 1190 3665 aedificationem
1234 3610 1455 3675 subjecti
1483 3611 1581 3663 sibi
1616 3610 1792 3678 populi
1820 3609 1929 3663 fra-

372 3703 509 3771 terni
537 3702 733 3755 amoris
750 3701 994 3769 passibus
1024 3698 1313 3761 descendit,
1350 3706 1407 3752 ut
1431 3698 1523 3751 ﬁat
1546 3697 1731 3752 doctor
1754 3698 1927 3752 eccle-

371 3789 621 3843 siasticus
645 3788 836 3841 divina:
857 3786 1317 3855 contemplationis
1351 3801 1470 3839 cum
1500 3784 1660 3840 Maria
1687 3800 1925 3853 compos,

368 3882 424 3929 et
447 3875 639 3928 iterum
667 3889 787 3927 cum
813 3873 1016 3926 Martha
1039 3873 1107 3925 ad
1134 3873 1422 3926 Dominica:
1454 3887 1649 3926 mensa:
1677 3873 1928 3926 convivas

372 3963 567 4019 sedulie
593 3961 1067 4016 administrationis
1106 3959 1363 4015 sollicitus
1410 3959 1556 4030 (Luc.
1596 3976 1652 4023 x,
1691 3961 1781 4024 39,
1812 3961 1924 4027 40).

373 4053 468 4107 llis
490 4052 696 4106 duabus
724 4050 821 4104 alis
845 4049 1151 4111 sanctorum
1175 4050 1365 4102 animae
1391 4065 1510 4102 cum
1542 4065 1731 4119 magna
1757 4050 1922 4103 meri-

375 4150 549 4195 turum
582 4139 746 4210 gloria
767 4139 833 4192 ad
852 4138 1084 4193 cmlestis
1111 4139 1257 4206 regni
1282 4139 1659 4192 beatitudinem
1691 4141 1927 4208 quotidie

371 4228 650 4291 feruntur;
681 4228 763 4281 his
789 4227 950 4279 etiam
972 4226 1150 4279 sazculi
1169 4227 1323 4292 hujus
1340 4226 1665 4299 procellosus
1693 4229 1927 4296 gurgites

373 4331 561 4371 securo
603 4321 881 4368 transeunt
923 4314 1151 4381 navigio,
1196 4322 1251 4366 et
1297 4316 1360 4367 ad
1406 4323 1614 4383 portum
1657 4325 1928 4387 perpetua:

370 4404 565 4473 quietis
592 4416 711 4455 cum
731 4402 988 4464 virtutum
1020 4400 1378 4453 mercimoniis
1407 4403 1735 4467 pervenient.

310 4480 311 4483 ¹
443 4492 548 4547 Sed
570 4506 775 4553 vereor,
807 4489 947 4558 quod
978 4490 1095 4542 sine
1129 4488 1361 4542 maximo
1405 4488 1581 4543 cordis
1607 4489 1791 4543 dolore
1818 4496 1923 4544 non

371 4583 513 4646 dico,
536 4594 621 4634 me
642 4580 864 4633 ulterius
888 4580 941 4632 in
964 4580 1065 4633 hac
1091 4579 1197 4631 vita
1228 4587 1330 4632 tuae
1355 4578 1695 4633 beatitudinis
1733 4578 1924 4643 faciem

376 4683 478 4723 non
502 4669 740 4721 visurum
762 4706 777 4730 ,
807 4668 931 4734 quia
961 4668 1015 4720 in
1061 4667 1144 4720 via
1180 4668 1455 4722 divisionis
1476 4669 1582 4722 iter
1605 4670 1811 4737 agimus
1850 4668 1925 4723 la-

375 4757 663 4812 boriosum.
724 4757 824 4810 Per
866 4755 1056 4808 vallem
1103 4755 1502 4824 lacrymahilem
1552 4758 1617 4811 ad
1662 4758 1919 4812 incertum

374 4858 720 4914 properamus
748 4845 937 4907 linem;
966 4850 1019 4897 et
1041 4843 1149 4897 cito
1184 4842 1390 4913 fragilis
1420 4861 1572 4907 caro,
1613 4849 1753 4901 unde
1788 4862 1926 4900 sum—

375 4946 505 5006 pta,
559 4941 855 4992 revertetur
898 4931 1065 5004 (Prol.
1108 4949 1225 4995 cui,
1266 4932 1355 4989 9.9)
1390 4951 1402 4984 :
1457 4942 1512 4987 et
1550 4936 1724 4989 omnis
1768 4938 1937 4990 decor‘

378 5024 535 5085 illius,
576 5023 687 5095 58
728 5022 921 5076 urente"
952 5035 1199 5089 percussa
1247 5029 1405 5075 vento
1442 5020 1562 5090 (Job
1615 5038 1782 5089 xxvii,
1812 5025 1923 5093 2i),

377 5109 651 5164 ilaccescet
680 5150 693 5173 ,
734 5118 789 5164 et
828 5110 918 5163 ibit
959 5110 1110 5161 homo
1152 5110 1205 5161 in
1269 5126 1445 5163 omum
1483 5115 1784 5167 mternitatis
1820 5130 1927 5167 stur

380 5195 573 5265 (Eccle.
618 5212 711 5256 xu,
743 5196 818 5263 5).
848 5197 914 5249 Et
948 5198 1095 5250 circa
1122 5209 1241 5248 eum
1267 5198 1483 5251 stabunt
1515 5200 1565 5253 in
1590 5200 1761 5266 platea
1792 5200 1920 5270 [Al.,

376 5283 557 5354 domo]
596 5284 903 5350 plangentes
927 5326 941 5347 ,
983 5293 1037 5339 et
1078 5286 1294 5355 spiritus
1332 5296 1631 5341 revertetur
1669 5290 1734 5343 ad
1760 5290 1921 5343 Deum

376 5372 470 5439 qui
495 5370 823 5427 deditillum.
864 5372 963 5427 Ubi
1001 5382 1130 5429 tunc
1160 5373 1419 5428 illeeebm
1455 5375 1747 5428 carnalium
1785 5376 1925 5431 dele-

452 5495 475 5522 ι
508 5481 912 5555 Edit._Quer_cet.
943 5484 1063 5555 HA5,
1092 5485 1270 5555 Canis.
1302 5486 1373 5555 657
1397 5484 1643 5554 (Froben.
1671 5480 1923 5555 36),uhi-

375 5565 484 5629 que
514 5551 693 5603 mutila
720 5558 771 5602 et
817 5551 1148 5617 imperfecta;
1188 5554 1308 5607 data
1355 5551 1595 5609 fortassis
1631 5551 1768 5611 anno
1799 5559 1920 5624 796,

770 5640 1036 5701 Ρηιιοι.
1076 5642 1145 5699 C.

1954 4371 2419 4445 Dcumstantibus
2475 4394 2610 4445 dixit
2658 4411 2670 4444 ε

2029 3145 2156 3212 quid
2201 3145 2303 3199 hoc
2353 3146 2593 3213 exemplo
2644 3148 2943 3201 salubrius?
2989 3150 3213 3203 Creator
3257 3152 3493 3204 omnium
3534 3151 3591 3204 in

2028 3234 2255 3302 pretium
2275 3236 2505 3301 scipsum
2540 3236 2759 3289 tradidit
2801 3238 3102 3304 hominum,
3142 3248 3199 3293 ut
3223 3256 3315 3294 eos
3341 3236 3603 3294 liberaret

2029 3338 2162 3389 quos
2189 3323 2408 3375 creavit.
2449 3323 2643 3376 Fateor
2680 3340 2763 3377 me
2790 3341 2949 3378 unum
2979 3343 3095 3380 esse
3123 3343 3186 3380 ex
3216 3328 3319 3381 illis
3340 3344 3473 3397 quos
3502 3345 3585 3382 re-

2028 3411 2209 3463 demit.
2253 3409 2356 3462 Sed
2386 3411 2509 3462 duni
2538 3412 2724 3465 alienae
2753 3414 2939 3466 avidus
2973 3415 3412 3481 pulchritudinis,
3454 3416 3591 3469 Cita-

2028 3497 2293 3550 nanitidas
2342 3512 2404 3550 ex
2447 3507 2669 3565 paterno
2720 3501 3062 3555 tabernaculo
3120 3504 3331 3570 perrexi
3386 3504 3589 3564 videre,

2028 3583 2135 3652 lupi
2159 3600 2242 3637 mc
2270 3587 2553 3652 vespertini
2579 3588 2922 3649 invenerunt,
2972 3590 3292 3656 rapuerunt,
3326 3591 3590 3647 lacerave-

2028 3683 2170 3736 runt,
2205 3675 2537 3727 vulneratum
2565 3676 2980 3742 dereliqueruut.
3024 3677 3257 3732 Tandem
3283 3681 3584 3747 aliquando,

2028 3765 2203 3826 divina
2233 3763 2587 3833 praiveniente
2609 3766 2777 3832 gratia
2796 3805 2810 3827 ,
2850 3766 2902 3817 iu
2930 3776 3123 3819 memet
3154 3783 3397 3821 reversus
3426 3769 3535 3822 dixi
3570 3790 3584 3823 :

2014 3857 2255 3925 Surgam
2275 3865 2322 3908 et
2347 3856 2429 3908 ibo
2454 3855 2521 3907 ad
2546 3854 2752 3908 Patrem
2782 3873 2951 3909 meum
2979 3857 3125 3924 (Luc.
3152 3875 3239 3923 xv,
3274 3861 3376 3927 18),
3411 3869 3586 3929 teque,

2028 3945 2306 3998 mitissime
2333 3952 2531 4012 pastor,
2575 3944 2628 3997 in
2660 3945 2757 3998 hoc
2787 3946 2904 4007 iter,
2946 3948 3087 3999 sicut
3111 3948 3363 4015 przedixi,
3403 3950 3587 4017 ducto-

2028 4046 2141 4084 rem
2167 4032 2415 4099 deposco.
2938 4044 2941 4045 '

2096 4123 2275 4177 Potuit
2298 4123 2457 4192 igitur
2481 4124 2617 4178 idem
2638 4124 2827 4177 Lazari
2859 4125 3062 4180 solvere
3089 4126 3315 4189 vincula,
3346 4126 3436 4195 qui
3464 4142 3586 4182 eum

2028 4214 2093 4267 de
2141 4221 2483 4267 monumento
2525 4215 2740 4281 prodire
2786 4212 2964 4280 jussit.
3033 4213 3135 4269 Sed
3174 4224 3233 4267 ut
3268 4224 3586 4282 potestatem

2029 4294 2264 4355 Solvendi
2293 4311 2507 4356 sanctos
2536 4304 2730 4357 habere
2759 4303 3005 4358 doctores
3034 4305 3449 4370 demonstraret,
3484 4307 3588 4359 cir-

2734 4393 2927 4447 Solrite
2972 4412 3108 4458 eum,
3167 4406 3213 4448 et
3252 4398 3404 4449 sinite
3445 4399 3589 4451 abire

2028 4480 2206 4548 (Joan.
2242 4496 2318 4543 ιιι,
2348 4480 2459 4549 45).
2535 4474 2613 4534 Tu
2642 4496 2787 4545 vero,
2844 4485 3054 4552 egregie
3090 4493 3286 4552 pastor,
3322 4486 3463 4541 solve
3501 4487 3586 4553 ju-

2026 4568 2184 4622 bente
2210 4570 2316 4623 Deo
2364 4556 2665 4624 mortiferas
2714 4572 2842 4626 mihi
2885 4582 3224 4641 peccatorum
3255 4584 3496 4638 catenas,
3528 4588 3589 4630 ut

2028 4658 2160 4711 liber
2188 4658 2413 4726 vitaeque
2438 4660 2674 4714 redditus
2701 4662 2828 4716 inter
2866 4663 3116 4717 convivas
3164 4662 3257 4719 Dei
3300 4664 3496 4717 Christi
3531 4667 3584 4716 in

1986 4777 1993 4783 -
2027 4754 2240 4800 :eteruaa
2262 4748 2601 4801 beatitudinis
2620 4749 2789 4815 epulis
2812 4752 3121 4803 recumbere
3152 4765 3377 4804 merear.

2468 4834 2579 4904 49
2599 4848 2623 4875 ι
2650 4835 2975 4890 EPISTOLA
3002 4837 3133 4891 xu.

2413 4919 2478 4956 AD
2505 4918 2766 4957 PAULINUI
2793 4920 3182 4962 PATRIARCHAI.

2549 4978 2731 5048 (Forte
2749 4996 2889 5035 anno
2912 4982 3057 5051 796.)

2028 5066 2124 5121 Sui
2151 5084 2422 5137 memorem
2442 5084 2549 5121 esse
2571 5079 2715 5135 rogat
2738 5072 2791 5122 in
2819 5071 2877 5124 S.
2897 5074 3073 5124 missa.
3093 5071 3150 5125 S.
3171 5076 3359 5137 crucis,
3384 5086 3431 5127 et
3452 5076 3583 5129 alios

2096 5136 2345 5255 zeliquias
2369 5138 2463 5189 sibi
2501 5138 2631 5189 mitti
2658 5141 2812 5205 petit;
2840 5140 3077 5191 hortatur
3108 5142 3173 5193 ad
3202 5136 3425 5195 laborem
3450 5159 3583 5211 pra:-

2134 5216 2390 5257 tcationts.

2099 5292 2318 5347 Paulino
2346 5295 2678 5349 sanctissimo
2707 5298 3023 5365 patriarcha:
3052 5299 3263 5353 humilis
3309 5300 3465 5353 levita
3494 5303 3583 5356 Al-

2024 5387 2216 5440 cuinus
2239 5385 2481 5440 salutem.

2028 5506 2132 5558 quo
2162 5490 2413 5568 Paulinus
2437 5494 2501 5568 ad
2533 5494 2796 5568 Evangelii
2820 5490 3247 5561 priedicationem
3271 5497 3405 5564 apud
3439 5496 3581 5550 ﬂuu-

2030 5575 2125 5611 uos
2157 5560 2389 5611 animum
2420 5560 2626 5627 adjecit.

3188 5659 3223 5705 ’7
