4226 6228
561 296 666 349 203

1388 260 1393 265 ’
1440 290 1499 344 n.
1540 290 1602 345 ιτ.
1635 291 1857 370 quam
1892 292 2027 347 seu
2064 287 2336 346 ALCUlNl
2373 285 2649 341 ornum:
2690 284 2866 340 rans
2905 258 2983 340 1."

3683 285 3789 338 9.οι

634 395 891 451 Abscntia
926 393 1171 465 corporis
1208 406 1317 449 non
1354 404 1565 464 oportet
1598 395 1948 455 diiectionem
1989 397 2127 451 divi-
2151 404 2199 463 Α
2258 392 2261 396 ’
2292 385 2506 451 nimiam
2545 398 2861 450 exactionem
2907 397 3225 452 decimarum
3270 397 3620 464 reprehendit;
3651 398 3792 449 doli-1

565 491 715 554 dere,
735 487 864 559 quia
892 487 1138 541 amicitia
1165 500 1285 557 qua:
1300 486 1477 541 deseri
1496 466 1972 557 potesﬁnnquam
1996 502 2125 542 vera

564 583 688 636 fuit.
714 581 788 635 Es
832 594 943 647 quo
986 570 1039 631 te
1091 578 1354 644 sciebam,
1396 578 1714 633 dulcissime
1742 578 1934 644 amice,
1976 593 2127 633 sem-

563 688 659 742 per
686 671 961 735 amabam,
984 677 1039 723 ct
1066 668 1269 739 pepigit
1299 683 1395 723 cor
1422 682 1602 723 meum
1651 667 1830 733 fmdus
1869 669 2126 723 atnicitite

566 768 716 822 cordi
745 776 857 824 tuo.
892 766 960 820 Et
989 765 1068 820 sic
1099 779 1297 819 nomen
1329 762 1544 819 Paulini
1582 764 1708 828 mei,
1750 777 1861 817 non
1892 764 1946 817 in
1974 777 2123 826 cera,

2296 466 2483 519 multos
2503 482 2633 527 esse,
2662 466 2750 534 qui
2777 466 3053 534 sacerdotii
3079 465 3297 534 honores
3317 475 3574 532 quaerunt,
3594 466 3792 533 gradus

2293 542 2485 604 cernet
2512 530 2855 604 ministerium
2882 533 3107 604 fugiunt.
3132 530 3377 604 Caroium
3411 530 3789 604 rogari'cupit,

2293 612 2349 654 ut
2376 601 2550 681 plures
2578 602 2849 673 mittantur
2874 601 2992 677 boni
3018 601 3241 670 operarii
3266 602 3322 653 in
3345 617 3587 653 messem.

2293 690 2654 745 Dilectissimo
2694 690 2746 743 in
2771 689 2971 744 Christi
2996 689 3257 743 charitate
3285 690 3458 742 amico
3497 698 3553 743 et
3600 690 3798 760 regalis

2223 777 2463 853 palatiif
2492 778 2739 833 archario
2780 776 3107 847 Megenfrido
3133 777 3356 833 Flaccus
3396 778 3621 833 Albinus
3665 794 3794 848 per-

563 875 684 929 qua:
717 858 886 915 deleri
901 863 1103 940 potest,
1126 856 1343 940 scripsi.
1368 856 1465 923 Ne,
1481 870 1685 940 quaeso,
1700 854 2046 940 obliviscaris
2068 854 2129 940 in_
2222 879 2398 940 ρειυω

2234 879 2398 939 petua:
2424 866 2701 940 sospitatis
2722 869 2989 925 salutem..

570 942 677 995 tuis
697 940 893 994 sanctis
913 937 1245 993 orationibus
1269 948 1461 988 nomen
1487 932 1645 986 amici
1670 932 1745 985 tui
1785 930 1960 985 Albini
1986 948 2000 982 :
2037 930 2130 983 sed

568 1028 625 1081 in
665 1028 842 1096 aliquo
884 1024 1156 1079 memoriae
1199 1021 1577 1091 gazophylacio
1616 1018 1842 1073 reconde
1880 1016 2036 1081 illud,
2078 1023 2133 1071 et

570 1116 749 1186 profer
770 1131 835 1169 eo
858 1122 1103 1182 tempore
1126 1118 1445 1180 opportuno,
1475 1122 1500 1149 ι
1525 1124 1629 1177 quo
1652 1124 1843 1177 panem
1867 1116 1922 1163 et
1945 1110 2128 1163 vinum

572 1204 625 1256 in
655 1200 1005 1256 substantiam
1034 1197 1278 1266 corporis
1306 1204 1359 1249 et
1398 1195 1671 1265 sanguinis
1710 1196 1910 1250 Christi
1932 1211 2131 1251 conse-

572 1290 827 1343 cravcris.
864 1317 901 1345 κ
1312 1279 1314 1281 b
1398 1310 1401 1311 ν
1963 1356 1971 1359 ν

643 1378 741 1431 Diu
782 1376 1083 1431 dilectionis
1109 1382 1215 1429 tua:
1239 1374 1543 1441 exspectavi
1581 1373 1863 1441 promissa,
1893 1375 1996 1429 hoc
2026 1385 2130 1441 est,

570 1464 792 1519 viviﬁcaa
818 1464 1018 1527 erucis,
1039 1463 1123 1515 vel
1160 1462 1387 1515 aliarum
1429 1461 1771 1529 reliquiarum
1814 1465 2129 1532 patrocinia.

572 1541 688 1608 Noli
723 1567 824 1617 me,
870 1554 1114 1616 obsecro,
1157 1559 1308 1605 tanto
1337 1538 1604 1604 fraudare
1653 1566 1900 1617 munere;
1934 1567 2035 1608 nec
2080 1563 2133 1607 te

824 1618 830 1627 ⁸
1322 1617 1327 1635 Ι

576 1624 929 1697 veritatis.....
957 1641 1090 1696 Nolo
1116 1624 1559 1712 longinquitatem
1587 1642 1685 1695 via:
1713 1644 1968 1697 causeris.
1996 1624 2133 1697 Cha-

574 1734 705 1788 ritas
750 1747 951 1802 pennas
1000 1733 1069 1786 ad
1122 1732 1407 1786 volandum
1472 1732 1735 1795 inveniet,
1779 1748 1870 1784 nec
1912 1734 2130 1801 ﬂumina
2166 1727 2209 1787 Β

576 1824 788 1877 obruent
812 1822 957 1875 illam
977 1821 1150 1893 (Cant.
1168 1837 1285 1885 vin,
1304 1822 1378 1888 7).
1399 1820 1676 1878 Sulliciunt
1700 1822 1796 1876 ala:
1822 1823 1941 1877 ﬁdei
1964 1824 2017 1875 in
2041 1839 2136 1895 pa-

577 1913 705 1965 latio
726 1912 888 1979 regis,
926 1910 1119 1980 quibus
1150 1926 1249 1964 nec
1274 1910 1521 1965 voluntas
1546 1912 1695 1965 deest
1728 1911 1781 1963 iu
1810 1912 2138 1979 accipiendo,

582 2015 679 2053 nec
702 1999 831 2053 ﬁdes
854 1999 907 2051 in
934 1996 1220 2051 reddendo.
1246 1996 1303 2051 Si
1327 1998 1453 2065 quid
1480 2007 1659 2052 nostra
1684 1998 1875 2066 petitio
1890 1999 2028 2066 apud
2047 2014 2142 2053 vos

568 2088 770 2152 'valeat,
801 2094 855 2142 et
885 2096 973 2139 tua
1002 2100 1212 2153 semper
1235 2086 1302 2139 ad
1331 2086 1496 2140 Deum
1528 2087 1699 2141 valeat
1732 2072 1939 2155 petitio,
1970 2088 2062 2157 qui
2090 2097 2141 2142 te

581 2180 637 2231 in
665 2187 773 2231 tam
815 2175 1028 2233 sublimi
1070 2176 1257 2230 statuit
1280 2177 1475 2245 gradu,
1512 2176 1602 2231 ubi
1640 2175 1879 2244 ejusdem
1907 2166 1999 2229 Dei
2039 2176 2144 2229 Do—

585 2266 712 2320 mini
736 2266 902 2319 nostri
930 2263 1057 2318 Jesu
1086 2262 1284 2317 Christi
1309 2263 1642 2318 eﬁ'ectus.....
1800 2267 1813 2279 ’

653 2356 783 2410 Vide
812 2368 973 2424 quam
1002 2353 1229 2409 sublime
1259 2361 1341 2407 est
1365 2354 1467 2408 hoc
1495 2368 1709 2407 nomen.
1735 2354 2146 2422 Contende'me-

586 2444 707 2498 ritis
740 2457 858 2498 esse
903 2442 1045 2512 quod
1094 2441 1306 2496 nomine
1346 2442 1574 2497 vocaris.
1613 2440 1815 2507 Clama,
1855 2457 1916 2493 ne
1960 2457 2141 2506 cesses,

586 2532 758 2587 exaltu
780 2532 929 2603 quasi
967 2531 1090 2584 tuba
1116 2545 1284 2584 vocem
1312 2540 1453 2583 tuam
1478 2531 1610 2601 (Isa.
1634 2546 1794 2596 Lvm,
1822 2528 1895 2601 Ι).
1921 2530 2003 2583 Sit
2030 2536 2155 2599 gut-'

587 2631 675 2673 tur
717 2628 867 2672 tuum
907 2620 1036 2672 tuba
1079 2618 1195 2671 Dei.
1236 2618 1476 2671 Praedico
1520 2622 1829 2688 importune,
1867 2610 2165 2689 opportune

589 2707 677 2778 (11
707 2707 840 2760 Tim.
868 2723 940 2771 tv,
968 2706 1043 2777 2).
1081 2707 1159 2759 Tu
1197 2706 1365 2775 gallus
1407 2706 1461 2759 in
1505 2708 1899 2775 praedicatione,
1940 2708 2150 2761 succin-

590 2805 708 2848 ctus
730 2794 784 2848 in
809 2794 1074 2848 castitate.
1103 2793 1182 2847 Tu
1208 2794 1347 2847 aries
1372 2795 1425 2847 in
1448 2795 1673 2848 veritate
1700 2794 2042 2861 fortissimus,
2062 2798 2150 2850 cui

589 2882 766 2938 nullus
806 2896 989 2951 regum
1020 2882 1269 2935 resistere
1310 2881 1507 2949 poterit
1553 2880 1740 2951 (Prov.
1768 2898 1893 2957 xxx,
1922 2885 2010 2947 50,
2032 2885 2145 2954 51).

593 2974 673 3029 Tu
712 2973 928 3027 lucerna
954 2986 1116 3040 super
1142 2971 1515 3026 candelabrum
1544 2972 1597 3027 in
1626 2972 1783 3025 domo
1813 2973 1907 3025 Dei
1933 2973 2145 3043 (Matth.

592 3064 773 3132 v.15).
800 3063 912 3116 Tua
943 3063 1121 3131 lingua
1148 3063 1341 3117 coetum
1372 3063 1568 3117 claudit
1593 3070 1648 3115 et
1674 3063 1845 3131 aperit
1867 3062 2046 3135 (Apoc.
2068 3070 2151 3127 m;
2177 3048 2243 3109 C‘

595 3151 670 3222 7).
694 3152 877 3220 Aperit
903 3151 1135 3221 primum
1162 3164 1259 3220 per
1282 3150 1675 3219 prmdicationis
1699 3150 2048 3203 devotionem.
2073 3150 2156 3204 Ad

596 3243 897 3312 exemplum
916 3241 1116 3307 Christi
1141 3255 1376 3305 accurre,
1398 3240 1489 3308 qui
1514 3254 1609 3309 per
1632 3239 1892 3301 civitates,
1916 3238 2151 3323 castella;

597 3350 773 3398 vicos,
798 3332 971 3396 villas,
1000 3330 1414 3398 evangelizando
1456 3329 1558 3381 iter
1602 3328 1794 3396 agebat
1840 3327 2052 3396 (Matth.
2081 3344 2154 3391 ts,

598 3422 688 3491 35)
719 3439 730 3474 :
758 3420 921 3474 etiam
945 3427 999 3472 et
1027 3419 1212 3477 domos
1238 3417 1640 3487 publicanorum
1672 3414 1751 3468 vel
1793 3400 2154 3484 peccatoriim,
2198 3426 2200 3430 '
2242 3446 2245 3447 ν

597 3515 817 3578 propter
862 3507 1193 3561 occasionem
1246 3504 1669 3573 praedicationis,
1716 3517 1820 3556 non
1855 3502 2161 3568 abhorruit

601 3599 801 3653 intrare
842 3596 991 3668 (Luc.
1022 3611 1075 3660 v,
1102 3593 1214 3664 29).
1262 3592 1397 3662 Spes
1441 3592 1645 3661 prtemii
1689 3589 1938 3645 solatium
1976 3597 2047 3645 sit
2084 3591 2160 3644 la-

600 3694 768 3747 boris.
1110 3715 1114 3721 ’
1969 3700 1977 3703 '

672 3783 808 3848 Quid
857 3782 993 3835 facio
1044 3780 1303 3847 insipiens
1349 3748 1449 3844 ego
1501 3783 1689 3830 contra
1738 3772 2163 3844 philosophicum
2204 3784 2209 3787 '

602 3873 965 3942 proverbium,
992 3871 1140 3938 ligna
1179 3869 1234 3920 in
1276 3867 1462 3920 silvam
1506 3865 1705 3929 ferens,
1744 3865 2024 3918 stillicidiis
2062 3862 2162 3917 ﬁu-

606 3962 751 4016 mina
777 3958 1038 4028 irrigans?
1071 3955 1340 4009 Modulum
1365 3969 1543 4008 meum
1572 3953 1735 4006 extuli
1766 3952 1966 4022 ﬁgurae.
1999 3952 2163 4007 Obse-

606 4066 699 4105 cro
739 4063 832 4117 per
859 4047 975 4115 ejus
1004 4037 1257 4107 amorem,
1288 4044 1380 4112 qui
1405 4043 1511 4097 duo
1552 4042 1755 4096 minuta
1800 4042 1971 4096 vidua:
2012 4044 2165 4097 donis

609 4136 828 4192 divitum
874 4133 1195 4201 praeferebat
1240 4129 1569 4202 (Harman,
1611 4128 1709 4193 42,
1752 4128 1871 4199 45).
1922 4130 2165 4184 Charitas

609 4224 785 4277 omnia
830 4221 1044 4284 sull‘ert,
1086 4220 1139 4272 in
1185 4234 1288 4287 qua
1342 4218 1433 4286 qui
1478 4224 1687 4279 manet,
1730 4217 1781 4268 in
1832 4217 1941 4270 Deo
1987 4226 2168 4269 manet

612 4308 673 4377 (1
699 4308 818 4361 Cor.
860 4323 988 4370 xm,
1032 4307 1117 4376 '7),
1158 4306 1282 4374 quia
1327 4304 1467 4356 Deus
1516 4287 1753 4357 Charitas
1792 4311 1873 4354 est
1915 4302 1966 4371 (ι
2005 4302 2161 4354 Joan.

613 4414 685 4461 ’γ’
717 4397 824 4467 ¹⁰)’
1047 4465 1152 4535 50
1176 4465 1204 4503 ι›
1232 4460 1560 4515 EPISTOLA
1588 4459 1741 4513 XLII.
1840 4426 1848 4431 “

1136 4550 1219 4587 "AD
1249 4545 1636 4583 HEGENFBIDUM.

1212 4600 1387 4667 (Anno
1417 4598 1579 4665 796?)

620 4696 693 4749 De
733 4694 939 4756 ordine,
972 4702 1016 4743 et
1054 4690 1203 4743 modo
1233 4687 1550 4757 praedicandi
1580 4686 1781 4747 edocet;
1813 4686 2084 4736 avaritiam
2124 4693 2171 4735 et

688 4838 715 4865 α
745 4823 858 4888 Quo
906 4835 1087 4889 panem
1124 4827 1177 4889 et
1220 4820 1393 4870 vinum
1436 4818 1490 4869 in
1534 4817 1693 4889 subst.
1739 4830 1879 4889 corp.
1922 4824 1968 4865 et
2020 4830 2167 4889 song.

621 4884 809 4950 Christi
851 4884 1075 4943 co'nsecr.
1124 4886 1329 4938 illustre
1363 4900 1495 4938 sane
1540 4884 1903 4938 testimonium
1938 4898 2034 4950 pro
2074 4884 2169 4935 do-

621 4971 795 5034 gmate
863 4955 1471 5034 transsubstantiationis
1526 4969 1589 5034 eo
1653 4963 1887 5034 tempore
1951 4951 2167 5034 credito.

628 5018 798 5082 illaec
820 5034 1021 5087 nostra,
1048 5024 1161 5077 hmc
1189 5021 1451 5088 majorum
1469 5018 1776 5075 nostrorum
1808 5020 1937 5073 fides
1964 5018 2059 5087 (ait
2088 5035 2172 5072 ce-

626 5097 936 5151 leberrimus
964 5091 1296 5146 Mabillonius
1317 5092 1372 5142 in
1396 5090 1513 5143 libr.
1536 5092 1600 5144 de
1623 5090 1861 5156 Liturgia
1881 5088 2171 5149 Gallicana,

626 5181 741 5235 pag.
769 5162 878 5281 952,
903 5177 1060 5227 quam
1085 5162 1286 5213 utinam
1314 5156 1507 5211 fratres
1531 5159 1700 5213 nostri
1728 5157 1901 5211 aversi
1922 5156 2031 5222 jam
2061 5164 2175 5208 tau-

628 5237 745 5281 alam
774 5246 839 5281 ve
894 5245 1013 5281 sero
1048 5235 1365 5281 agnoscant:
1394 5241 1564 5281 nenue
1595 5244 1691 5281 nos
1729 5226 1952 5281 amplius
1982 5239 2169 5281 Drovo-

628 5226 746 5288 [lein
774 5226 857 5307 vel
888 5226 1029 5307 (sero.
1048 5235 1365 5307 agnoscant;
1394 5241 1564 5307 neque
1595 5244 1691 5282 nos
1729 5226 1952 5307 amplius
1981 5239 2169 5307 provo-

627 5311 748 5365 cent
789 5300 855 5353 ad
884 5293 1125 5351 ﬁctiliam
1149 5298 1292 5349 illam
1318 5293 1671 5359 novationem,
1699 5293 2171 5365 qtiamPaschasio

628 5364 894 5423 Radberto
924 5372 1139 5418 auctore
1180 5366 1373 5419 sreculo
1413 5380 1469 5417 ιχ
1494 5364 1775 5429 contigisse
1802 5362 2167 5429 criminantur.

631 5438 810 5493 Unius.
843 5434 1049 5489 Alcuini
1090 5436 1397 5505 auctoritas,
1442 5441 1554 5505 tam_
1590 5428 1739 5505 clara
1774 5438 1827 5483 et
1871 5428 2169 5505 manifesta,
2203 5493 2211 5502 _

632 5507 765 5564 hanc
784 5502 1213 5573 controversiam
1238 5500 1825 5573 diri_mere_deber_et....
1853 5507 1907 5549 et
1933 5500 2022 5573 qui
2065 5506 2173 5573 tam

630 5573 919 5643 perspicuis
962 5572 1139 5627 verbis
1183 5569 1412 5623 detrahit
1443 5568 1626 5631 ﬁdem,
1674 5567 1716 5617 is
1762 5581 1864 5618 non
1916 5566 2168 5627 veritatis,

2191 4369 2246 4431 Ι)

2296 958 2445 1021 Solet
2472 960 2653 1027 itaque
2680 948 2932 1035 .cltaFtula
2954 959 3232 1012 charitatis
3252 959 3461 1013 calamo
3496 960 3796 1028 perscripta

2227 1047 2367 1102 inter
2412 1047 2683 1102 amicales
2716 1061 2937 1101 currere
2980 1062 3269 1116 personas,
3311 1056 3371 1100 ut
3420 1046 3666 1101 ardorem
3710 1049 3797 1103 sui

2226 1134 2457 1205 pectoris
2486 1137 2681 1190 litteris
2707 1134 2961 1189 fraternis
2987 1137 3232 1191 ostendat
3255 1137 3545 1199 obtutibus,
3571 1145 3626 1190 et
3653 1138 3797 1206 quod

2228 1226 2373 1279 intus
2402 1222 2533 1278 latet
2552 1226 2607 1278 in
2629 1226 2827 1302 animo,
2859 1224 3002 1279 foras
3026 1227 3271 1281 videatur
3298 1230 3350 1281 in
3385 1228 3621 1297 scriptis.
3648 1228 3800 1283 Unde

2230 1328 2331 1381 ego
2355 1314 2428 1366 tui
2460 1328 2686 1377 memor,
2712 1313 2885 1367 amice
2912 1315 3247 1379 charissime,
3277 1318 3373 1370 tibi
3404 1317 3502 1371 bos
3529 1324 3632 1371 tua:
3660 1318 3801 1373 salu-

2231 1403 2321 1467 tis,
2362 1404 2471 1458 imo
2494 1409 2549 1456 et
2576 1402 2890 1467 multorum,
2916 1403 3306 1459 admonitorios
3347 1406 3584 1475 dirigere
3617 1406 3797 1460 curavi

2232 1491 2431 1560 apices.
2472 1488 2583 1544 Nec
2613 1504 2699 1544 me
2737 1489 3064 1559 superﬂuum
3108 1492 3161 1545 in
3190 1493 3276 1547 his
3314 1493 3509 1548 litteris
3540 1495 3795 1558 aestimes,

2233 1583 2329 1636 sed
2378 1582 2660 1645 devotum;
2699 1580 3012 1635 desiderans
3061 1591 3378 1651 utrumque,
3422 1592 3477 1637 et
3522 1586 3800 1652 pnescntis

2234 1672 2356 1724 vitae
2380 1671 2792 1740 prosperitatem
2811 1679 2867 1725 et
2891 1669 3083 1726 futura
3107 1689 3121 1724 :
3151 1681 3415 1740 quatenus
3442 1674 3495 1727 in
3522 1674 3625 1729 ista
3665 1684 3802 1729 tem-
3852 1723 3861 1737 ,

2236 1760 2404 1829 porali
2434 1759 2661 1815 feliciter
2697 1760 2867 1823 vivas,
2893 1770 2947 1814 et
2972 1759 3026 1813 in
3051 1759 3140 1813 illa
3179 1771 3379 1814 aeterna
3420 1762 3575 1815 beate
3614 1744 3805 1831 regnes

2240 1865 2359 1904 cum
2382 1848 2618 1905 Christo.

2310 1939 2767 1995 Considerandum
2808 1953 2936 1994 vero
2968 1948 3053 1994 est
3088 1940 3493 2008 diligentissime
3519 1942 3663 2015 omni
3705 1942 3803 1995 bo-

2241 2032 2369 2085 mini
2415 2030 2544 2100 quid
2593 2031 2774 2100 fugere
2823 2030 3041 2093 debeat,
3079 2039 3134 2091 et
3171 2032 3299 2099 quid
3330 2033 3499 2101 sequi.
3543 2031 3673 2097 Quae
3700 2033 3805 2085 duo

2239 2121 2519 2175 Psalmista
2547 2136 2653 2174 uno
2685 2120 3000 2174 brevissimo
3030 2120 3293 2174 versiculo
3320 2122 3553 2174 ostendit
3581 2122 3765 2174 dicens
3789 2135 3803 2171 :

2243 2209 2445 2263 Diserte
2470 2225 2502 2261 a
2534 2209 2694 2271 malo,
2719 2217 2767 2262 et
2797 2209 2881 2277 [ac
2912 2210 3101 2261 bonum
3131 2208 3301 2279 (Psal.
3330 2225 3527 2273 xum,
3554 2209 3664 2277 15).
3693 2209 3807 2263 Non

2240 2297 2437 2352 suﬁicit
2463 2297 2633 2352 solum
2675 2298 2816 2351 mala
2857 2313 2964 2352 non
3005 2296 3201 2360 facere,
3244 2298 3346 2350 nisi
3370 2305 3425 2350 et
3448 2297 3586 2350 bona
3627 2292 3804 2357 f.¢lat,

2242 2395 2495 2441 mtemam
2542 2385 2779 2454 cupienti
2824 2385 3097 2453 possidere
3139 2384 3383 2453 gloriam.
3413 2384 3564 2438 Unde
3601 2395 3656 2437 et
3697 2386 3809 2452 ipsa

2244 2475 2452 2530 Veritas
2476 2475 2529 2527 in
2561 2473 2853 2542 Evangelio
2880 2474 3090 2525 cuidam
3116 2486 3174 2526 se
3203 2473 3555 2542 interroganti
3590 2487 3810 2541 respon-

2247 2564 2325 2617 dit
2349 2581 2361 2615 :
2392 2562 2451 2617 Si
2478 2563 2559 2631 vis,
2576 2563 2733 2614 vitam
2757 2560 2980 2629 ingredi,
2999 2559 3154 2612 'serva
3185 2561 3433 2613 mandata
3462 2560 3674 2631 (Matth.
3696 2576 3810 2624 xu,

2248 2649 2359 2718 l7).
2390 2649 2496 2703 Sed
2527 2648 2812 2717 unicuique
2838 2648 3166 2717 pensandum
3198 2656 3282 2701 est
3306 2649 3361 2700 iu
3388 2663 3493 2716 quo
3517 2648 3683 2717 gradu
3707 2655 3814 2702 sta-

2247 2738 2437 2790 tuisset
2463 2752 2583 2791 eum
2619 2736 2781 2801 Deus,
2818 2744 2874 2789 et
2904 2749 3012 2803 quo
3038 2735 3253 2788 talento
3281 2735 3503 2789 ditasset
3528 2751 3673 2789 eum.
3700 2735 3814 2791 Non

2248 2826 2389 2880 enim
2416 2824 2543 2879 solis
2582 2825 2849 2893 episcopis
2880 2824 2963 2878 vel
2992 2814 3321 2901 presbiteris
3358 2826 3640 2894 pecuniam
3666 2841 3815 2880 suam

2251 2916 2468 2971 tradidit
2498 2916 2753 2970 Dominus
2792 2916 2859 2970 ad
2888 2915 3368 2985 multiplicandum,
3409 2918 3503 2972 sed
3540 2917 3687 2971 omni
3730 2917 3815 2971 di-

2252 3006 2444 3074 gnitati
2486 3012 2541 3058 et
2569 2998 2758 3073 gradui
2801 3004 3015 3079 talenta
3038 3006 3191 3059 bona:
3225 2996 3551 3073 operationis
3578 3005 3815 3070 tradidit,

2254 3103 2311 3146 ut
2340 3093 2516 3146 datam
2539 3093 2641 3147 sibi
2666 3094 2891 3162 gratiam
2920 3092 3147 3164 ﬁdeliter
3184 3094 3561 3149 administrare
3584 3096 3817 3161 studeat,

2252 3190 2306 3235 et
2330 3181 2604 3247 conservis
2624 3180 2739 3233 suis
2759 3194 2983 3249 erogare
3008 3183 3312 3237 contendat.
3337 3183 3487 3238 Alius
3512 3194 3595 3238 est
3624 3186 3716 3253 qui
3742 3195 3821 3238 ta-

2254 3269 2453 3321 lentum
2480 3258 2874 3337 pr‘mdicationis
2900 3269 3126 3338 accipit,
3168 3270 3307 3325 alius
3344 3273 3642 3341 sapientim;
3686 3274 3821 3326 alius

2257 3357 2583 3421 divitiarum,
2603 3355 2738 3410 alius
2763 3355 3046 3425 cujuslibet
3065 3358 3573 3423 administrationis;
3603 3360 3819 3427 quidam

2256 3445 2395 3515 forte
2428 3446 2650 3514 alicujus
2688 3447 2902 3503 artiﬁcii
2936 3448 3130 3501 donum
3154 3464 3187 3501 a
3211 3450 3321 3514 Deo
3359 3452 3551 3504 horum
3581 3452 3820 3505 omnium

2256 3535 2518 3589 honorum
2554 3535 2940 3603 dispensatore.
2963 3535 3029 3589 Et
3076 3520 3131 3590 in
3175 3536 3260 3591 his
3304 3538 3554 3592 omnibus
3592 3536 3725 3593 ﬁdes
3767 3547 3821 3591 et

2258 3622 2469 3677 devotio
2497 3621 2783 3689 spectanda
2808 3628 2912 3687 est,
2936 3621 3490 3713 ut’ﬁdeliter)aboret,
3518 3632 3573 3679 et
3598 3625 3823 3678 viriliter

2260 3712 2353 3765 sui.
2371 3710 2571 3766 domini
2601 3710 2884 3778 pecuniam
2911 3709 3266 3785 multiplicare
3300 3719 3530 3780 satagat,
3558 3713 3820 3778 quatenus

2262 3803 2667 3858 desiderabilem
2708 3817 2892 3856 vocem
2930 3802 3114 3856 audire
3146 3812 3455 3857 mereatur:
3483 3803 3651 3871 Euge,
3685 3820 3824 3857 serve

2263 3892 2390 3945 bone
2422 3900 2469 3945 et
2495 3890 2685 3960 ﬁdelis,
2712 3891 2837 3959 quia
2863 3906 3019 3959 super
3057 3906 3224 3959 pauca
3261 3890 3417 3959 fuisti“
3446 3890 3637 3959 ﬁdelis,
3668 3908 3825 3960 supra

2262 3981 2426 4033 multa
2465 3989 2513 4033 te
2552 3979 2893 4042 constituam;
2932 3978 3072 4038 intra
3110 3979 3167 4031 in
3202 3978 3452 4047 gaudium
3508 3979 3707 4033 domini
3750 3979 3826 4032 tui

2249 4066 2480 4139 (Matth.
2508 4082 2634 4130 xxv,
2656 4065 2769 4134 ‘21).

2334 4156 2439 4223 Qui
2480 4147 2606 4225 vicre
2632 4156 2915 4222 pecuniam
2956 4154 3345 4227 praedicationis
3372 4155 3673 4223 accipiunt,
3703 4148 3824 4208 dili—

2265 4251 2453 4310 genter
2475 4241 2818 4307 considerare
2843 4242 3035 4295 debent
3056 4241 3185 4309 quid
3212 4242 3406 4309 cuique
3431 4242 3827 4313 eongruatloco

2269 4328 2349 4380 vel
2383 4328 2635 4395 tempori;
2664 4328 2826 4381 etiam
2859 4334 2914 4380 et
2957 4342 3063 4395 quo
3088 4329 3291 4400 ordine
3326 4326 3632 4398 praedicatio
3671 4329 3829 4403 Chrij

2272 4403 2559 4470 stianitatis
2590 4417 2889 4485 incipienda
2915 4418 2985 4471 sit
3012 4418 3096 4472 vel
3121 4418 3460 4487 perﬁcienda.
3488 4418 3635 4485 Nam,
3653 4419 3830 4472 Domi-

2274 4524 2373 4561 nus
2410 4515 2591 4561 noster
2629 4507 2782 4562 Jesus
2812 4507 3058 4561 Christus
3084 4521 3205 4561 cum
3249 4507 3516 4575 triumpho
3536 4506 3741 4576 gloria:
3766 4506 3847 4562 ad.

2234 4607 2249 4616 ‘
2273 4613 2551 4671 paternam
2593 4604 2808 4656 rediens
2835 4601 3015 4655 sedem
3057 4599 3310 4667 apostolis
3336 4600 3447 4652 suis
3480 4601 3732 4668 praecepit
3754 4599 3832 4652 di-

2278 4708 2438 4747 oens:
2470 4692 2571 4756 Ite,
2600 4692 2773 4743 docete
2802 4706 2973 4743 omnes
2996 4700 3185 4759 gentes,
3212 4689 3526 4758 baptizantes
3557 4704 3643 4743 eos
3663 4689 3719 4742 in
3744 4704 3833 4743 no-

2280 4820 2369 4872 sed
2398 4817 2770 4881 contentionis,
2798 4818 2899 4871 sed
2923 4816 3143 4881 erroris,
3164 4818 3267 4871 sed
3294 4816 3602 4893 schismatis
3625 4824 3835 4873 amator

2274 4896 2374 4941 est.
2402 4908 2419 4938 ι
2984 4930 2991 4933 .
3488 4932 3497 4939 .
3680 4914 3685 4917 η

2345 4959 2371 4995 δ
2412 4956 2550 5010 Ειιίι-
2574 4955 2819 5025 ρυετςςει-
2848 4955 2947 5025 105
2974 4968 3039 5025 es
3062 4968 3177 5025 ms-
3209 4952 3457 5025 (Froben-
3486 4951 3605 5025 5‘1)-

2349 5036 2369 5062 ο
2413 5018 2662 5081 Archario
2710 5018 3067 5091 Megenfridb.'
3100 5018 3243 5091 Alias
3278 5021 3439 5091 etiam
3476 5018 3835 5091 Ma‘qenfridus

2276 5102 2329 5145 et
2376 5092 2430 5144 Μ
2436 5094 2598 5161 aganf
2599 5093 2685 5143 red
2693 5084 3099 5161 us__ﬁominatnr
3120 5088 3528 5161 _du1_t_exer_c_itus
3577 5084 3832 5161 Sasonici

2279 5162 2332 5214 in
2361 5156 2693 5229 expeditione
2743 5158 2984 5229 Hunnica
3006 5159 3130 5229 anni
3157 5158 3279 5229 79_l.
3329 5156 3461 5208 Vide
3499 5166 3714 5222 poetam
3739 5156 3836 5229 _S_a-

2278 5224 2491 5291 xmiem,
2518 5237 2570 5280 et
2608 5226 2891 5293 Eginhardi
2939 5224 3130 5291 Annal.
3171 5226 3239 5278 ad
3289 5238 3411 5277 eum
3462 5236 3681 5283 annum.
3739 5224 3839 5277 llic

2278 5296 2651 5365 Meginfridum
2698 5296 2839 5362 regis
2886 5294 3275 5365 cubicularium
3326 5299 3499 5365 vocat.
3550 5292 3839 5365 Archarius

2277 5361 2403 5434 ergo
2428 5361 2786 5418 cubicularius
2812 5370 2912 5427 est,
2930 5374 3040 5434 seu,
3061 5370 3128 5434 ut
3158 5361 3313 5428 paulo
3337 5361 3559 5434 inferius
3581 5361 3842 5413 Alcuinus

2277 5430 2518 5499 pluribus
2564 5434 2792 5499 explicat
2813 5431 3023 5491 verbis,»
3037 5430 3359 5499 dispensator
3378 5432 3774 5499 thesaurorum,
3789 5438 3836 5499 et

2279 5496 2853 5570 seratorconsiiiorum;
2899 5499 3055 5570 quasi
3102 5496 3320 5555 intimus
3344 5498 3697 5554 consiliarius.
3717 5496 3836 5551 Vid.

2281 5568 2467 5639 Cangii
2491 5569 2685 5634 Gloss,
2712 5583 2841 5622 voce
2875 5566 3139 5621 A'rcarius.
