4238 6184
325 332 427 388 205

1756 315 2110 372 EPISTOI..‘E
2121 354 2134 366 .

3402 286 3549 370 eos

322 444 457 494 mine
482 438 677 502 Patris,
706 446 753 490 et
781 436 930 500 Filii,
957 446 1003 488 et
1050 435 1275 503 Spiritus
1303 433 1487 484 sancti.
1524 430 1768 481 Ducentes
1797 444 1882 479 eos
1912 433 1959 489 Λ
1986 424 2109 476 dem
2165 424 2447 490 aliquando
2512 424 2757 476 doctores
2808 423 2926 476 ﬁdei
2982 424 3288 491 apostolicis
3355 430 3549 481 eruditi

322 531 707 586 servareomnia
716 544 1031 599 qua'cuuque
1042 524 1283 579 mandari
1306 523 1441 576 vobis
1458 520 1647 591 (.llattlt
1658 559 1669 568 .
1690 534 1717 569 χ
1728 533 1876 579 xvm,

322 623 407 686 l9,
429 621 540 689 20).
568 633 593 661 ι
615 620 796 673 Primo
843 618 975 671 ﬁdes
1005 616 1243 671 docenda
1285 623 1389 676 est,
1418 621 1472 665 et
1507 612 1585 664 sic
1632 608 1881 675 baptismi

318 709 657 779 percipienda
714 715 840 762 sunt
905 713 1257 759 sacramenta.
1312 701 1512 755 Deinde
1577 697 1882 766 evangelica

316 806 578 867 praecepta
609 795 861 849 tradenda
890 801 1032 847 sunt.
1056 793 1129 845 At
1165 792 1209 845 si
1240 789 1439 859 aliquid
1483 789 1673 841 horum
1720 785 1883 837 trium

318 888 507 950 deerit,
546 887 773 940 salutem
798 886 990 938 animm
1029 898 1139 938 sua:
1164 882 1377 935 auditor
1404 879 1602 933 habere
1641 892 1746 930 non
1790 889 1885 943 po-

316 979 461 1033 terit.
488 977 647 1030 Fides
666 990 895 1044 quoque,
922 975 1061 1028 sicut
1084 979 1300 1026 sanctus
1323 969 1397 1023 ait
1423 969 1773 1038 Augustinus,
1799 982 1885 1019 res

315 1074 400 1121 est
424 1065 746 1129 voluntaria,
770 1078 875 1117 non
907 1061 1230 1115 necessaria.
1258 1058 1469 1111 Attrahi
1501 1057 1696 1125 poterit
1722 1056 1883 1107 homo

316 1155 370 1207 in
400 1154 578 1218 ﬁdem,
611 1170 717 1208 non
754 1153 892 1222 cogi.
918 1150 1045 1219 Cogi
1076 1149 1277 1217 poteris
1318 1147 1386 1200 ad
1411 1146 1754 1213 baptismum,
1790 1144 1884 1197 sed

317 1258 423 1297 non
467 1243 680 1312 proﬁcit
720 1240 862 1294 ﬁdei.
891 1240 1005 1293 Nisi
1035 1236 1294 1301 infantilis
1317 1243 1471 1299 tetas,
1498 1234 1724 1287 aliorum
1753 1247 1881 1301 pce-

316 1331 451 1385 catis
487 1330 743 1391 obnoxia,
786 1329 1011 1382 aliorum
1052 1324 1389 1380 confessione
1430 1323 1624 1376 salvari
1662 1320 1879 1391 poterit.

312 1419 571 1491 Perfecta:
607 1410 891 1473 :etatisvir
916 1432 1015 1485 pro
1042 1429 1101 1468 se
1145 1415 1484 1483 respondeat,
1520 1412 1649 1479 quid
1677 1411 1879 1473 credat,

315 1521 407 1565 aut
432 1508 558 1579 quid
594 1510 792 1577 cupiat.
817 1508 886 1560 Et
910 1507 955 1559 si
984 1505 1245 1559 fallaciter
1281 1504 1437 1558 ﬁdem
1465 1500 1762 1570 proﬁtetur,
1794 1514 1884 1553 ve-

317 1602 511 1654 raciter
536 1599 767 1653 salutem
808 1612 914 1651 non
956 1595 1191 1649 habebit.
1227 1592 1377 1647 Unde
1414 1601 1469 1645 et
1507 1591 1883 1663 prmdicatores

313 1705 643 1762 paganorum
673 1688 925 1757 populum
956 1685 1193 1755 paciﬁcis
1234 1684 1412 1739 verbis
1453 1690 1509 1736 et
1534 1681 1882 1751 prudentibus

1988 512 2178 582 [suppL
2236 512 2536 583 est-nuptis].
2582 510 2701 564 Sint
2728 512 3129 580 praulicatores,
3158 529 3262 567 non
3296 516 3554 583 praedato-

1986 617 2088 653 res.
2128 602 2408 655 Conﬁdant
2443 603 2496 654 in
2536 601 2679 655 illius
2708 602 2921 669 pietate,
2961 602 3053 670 qui
3076 603 3185 655 ait:
3236 604 3411 657 Nolite
3432 623 3555 674 por-

1984 701 2095 742 tare
2116 690 2400 753 sacculum,
2426 700 2515 743 aut
2541 708 2717 759 peram
2744 691 2894 760 (Luc.
2927 708 2981 755 χ,
3008 692 3086 759 4),
3128 700 3183 745 et
3202 686 3395 747 caetera
3439 711 3559 763 qum

1984 788 2299 848 sequuntur.
2335 780 2402 833 Et
2418 782 2484 833 de
2512 796 2617 848 quo
2642 782 2898 849 propheta
2930 781 3143 849 inquit:
3168 782 3270 846 Qui
3294 800 3558 853 nunquam

1984 871 2292 939 derelinquit
2318 879 2583 939 sperantes
2609 870 2663 922 in
2690 886 2744 922 sc
2773 870 2933 939 (Dan.
2957 886 3079 933 xm,
3104 870 3216 940 60).

2054 971 2179 1026 ιιωε
2199 979 2323 1035 tum,
2346 972 2647 1025 venerande
2668 970 2859 1033 amice,
2895 973 3081 1039 scripsi
3110 971 3401 1036 dilectioni,
3423 989 3557 1042 qua-

1986 1069 2142 1114 tenus
2188 1061 2296 1113 tuis
2337 1060 2618 1129 proﬁciant
2648 1058 3119 1125 admonitionibus,
3159 1063 3251 1129 qui
3284 1078 3314 1115 a
3342 1072 3393 1117 te
3424 1078 3556 1116 con-

1984 1151 2163 1203 silium
2200 1150 2387 1205 audire
2426 1150 2754 1204 desiderant.
2799 1150 2894 1202 Sat
2931 1151 3072 1204 enim
3101 1152 3216 1205 hmc
3266 1153 3444 1204 omnia
3464 1167 3556 1220 op-

1987 1239 2117 1292 time
2155 1240 2306 1292 novit
2325 1238 2548 1292 dilectus
2576 1254 2728 1291 meus
2751 1239 2934 1300 David,
2978 1240 3063 1293 cui
3094 1241 3235 1294 Deus
3262 1249 3316 1293 et
3348 1240 3559 1307 sapien-

1986 1328 2115 1381 tiam
2143 1326 2308 1390 dedit,
2349 1335 2403 1380 et
2426 1329 2619 1381 bonam
2669 1327 2999 1379 voluntatem
3033 1343 3047 1379 :
3076 1336 3130 1381 et
3152 1329 3410 1397 plurimos
3430 1344 3558 1382 cou-

1984 1419 2146 1471 vertit
2172 1417 2392 1487 populos
2451 1418 2517 1471 ad
2543 1416 2855 1469 charitatem
2877 1415 3075 1491 Christi
3103 1428 3157 1471 et
3194 1419 3424 1471 laudem.
3458 1420 3557 1472 Cui

1984 1508 2161 1561 omnis
2185 1507 2397 1560 bonitas
2418 1514 2471 1560 et
2499 1506 2734 1574 potentia
2764 1506 2830 1558 ad
2856 1504 3294 1559 benefacicndum
3342 1506 3553 1560 sufﬁcit.

1987 1595 2097 1650 Nisi
2137 1612 2303 1650 unum
2352 1596 2720 1649 tantummodo
2746 1593 2839 1665 [Ε.
2873 1596 3041 1664 suppl.
3072 1596 3308 1667 deﬁcit?)
3338 1606 3556 1664 propter

1987 1693 2227 1753 tempora
2268 1685 2562 1754 periculosa
2591 1684 2750 1753 hujus
2789 1682 2993 1747 smeuli,
3031 1685 3175 1751 quod
3203 1685 3437 1738 rariores
3462 1685 3555 1737 ha-

315 1749 474 1835 lidem
516 1749 707 1834 docere
741 1749 973 1832 debent:
1001 1774 1159 1829 Novit
1187 1774 1445 1827 Dominus
1472 1749 1562 1841 qui
1604 1772 1711 1825 sint
1736 1768 1879 1836 ejus;
1915 1749 1960 1808 Β
1989 1749 2400 1843 bet-adjutores
2451 1777 2502 1828 in
2523 1749 2688 1844 Opere
2746 1777 2955 1832 Domini
2978 1749 3142 1845 quam
3191 1789 3409 1829 necesse
3464 1776 3553 1829 sit.

313 1880 369 1924 et
410 1884 635 1938 quorum
660 1882 755 1922 cor
778 1866 911 1930 vult,
946 1866 1147 1933 aperit,
1176 1873 1236 1918 ut
1265 1862 1561 1931 intelligant
1588 1876 1706 1928 qua:
1733 1875 1763 1912 a
1790 1859 1885 1913 doc

313 1968 461 2013 ctore
503 1958 768 2012 dicantur.
799 1954 905 2009 Sed
933 1962 987 2007 et
1017 1962 1137 2022 post
1168 1952 1289 2005 ﬁdei
1323 1960 1375 2005 et
1405 1951 1656 2019 baptismi
1700 1962 1885 2017 perce-

314 2048 553 2116 ptionem
579 2046 822 2099 molliora
842 2051 1107 2112 praecepta
1137 2040 1521 2096 inﬁrmioribus
1544 2039 1737 2092 animis
1761 2046 1886 2091 sunt

316 2138 619 2206 przebenda.
646 2135 781 2189 Nam
806 2144 861 2189 et
890 2134 1165 2204 apostolus
1206 2131 1403 2185 Paulus
1428 2124 1649 2183 novella:
1672 2127 1888 2182 Galata-

318 2237 436 2281 rum
483 2222 941 2298 [Corinthiorum]
972 2222 1115 2293 genti
1160 2220 1403 2275 scribens
1449 2219 1564 2271 ait:
1599 2217 1703 2270 Lac
1746 2218 1885 2270 vobis

314 2319 433 2372 dedi
465 2327 673 2388 potum,
705 2334 808 2369 non
849 2315 1073 2369 solidum
1117 2313 1286 2383 cilium
1334 2310 1386 2382 (1
1409 2310 1531 2364 Cor.
1561 2325 1619 2364 ιιι
1640 2350 1655 2374 ,
1677 2309 1755 2379 2).
1791 2308 1887 2363 So-

316 2413 456 2470 lidus,
479 2425 623 2464 uvero
666 2409 817 2463 cibus
856 2407 1094 2460 virorum
1127 2412 1211 2456 est
1254 2401 1500 2465 fortium;
1533 2401 1585 2453 id
1615 2408 1724 2463 est,
1753 2414 1888 2468 prae-

316 2502 468 2569 cepta
501 2498 701 2566 majora
732 2496 943 2550 illorum
981 2502 1125 2559 sunt,
1155 2494 1245 2562 qui
1273 2493 1439 2545 multo
1472 2499 1710 2560 tempore
1736 2502 1888 2543 exer-

316 2589 507 2642 citatos
536 2587 736 2640 habent
763 2597 951 2638 sensus
980 2583 1033 2636 in
1062 2583 1179 2653 lege
1208 2582 1308 2651 51
1352 2581 1581 2635 Domini.
1620 2580 1684 2633 lit
1723 2579 1886 2633 veluti

318 2679 398 2731 lac
424 2676 597 2746 fragili
624 2674 869 2744 congruit
893 2673 1059 2735 :etati,
1088 2672 1161 2725 ita
1198 2671 1445 2724 suaviora
1474 2677 1739 2737 praecepta
1768 2668 1885 2721 rudi

318 2766 510 2834 populo
534 2765 589 2818 in
616 2763 877 2833 principio
900 2760 1309 2833 ﬁdeidt’radenda
1336 2768 1479 2814 sunt.

386 2852 551 2921 Igitur
583 2860 634 2904 et
660 2851 713 2903 in
759 2850 982 2903 Actibus
1016 2849 1376 2916 apostolorum
1401 2847 1555 2919 (Cap.
1588 2865 1679 2913 xv,
1716 2849 1772 2921 2)
1805 2850 1883 2904 le-

320 2946 493 3014 gimus
530 2942 753 2997 Paulum
790 2949 844 2995 et
888 2938 1204 2994 Barnabam‘
1230 2940 1653 3010 Hierosolymam
1697 2957 1886 2995 ascen-

1987 1862 2172 1916 Nullus
2210 1871 2387 1917 tamen
2438 1864 2492 1916 in
2539 1866 2740 1918 mundo
2768 1866 3037 1927 meliores,
3088 1872 3147 1917 ut
3177 1867 3355 1927 credo,
3400 1866 3563 1919 habit

1985 1969 2147 2021 quam
2172 1953 2278 2007 ille.
2308 1951 2417 2007 llos
2470 1954 2701 2017 erudiat,
2733 1954 3018 2007 admoneat
3046 1962 3099 2007 et
3126 1954 3335 2017 doceat,
3373 1943 3564 2009 secun-

1987 2045 2115 2097 dum
2143 2043 2460 2111 sapientiam
2509 2043 2612 2095 sibi
2662 2058 2693 2095 a
2736 2044 2845 2097 Deo
2881 2044 3081 2096 datam.
3144 2043 3209 2096 Et
3244 2052 3320 2106 tu,
3369 2042 3566 2097 ﬁdelis-

1987 2133 2121 2186 sime
2143 2132 2482 2199 dispensator
2502 2132 2875 2185 thesaurorum
2903 2140 2958 2184 et
2982 2140 3192 2186 scrator
3214 2120 3559 2187 consiliorum

1986 2232 2041 2277 et
2075 2220 2290 2289 adjutor
2337 2221 2578 2283 devotus,
2630 2221 2857 2275 viriliter
2904 2220 2987 2275 fac
3029 2222 3356 2276 voluntatem
3401 2223 3561 2275 illius.

1988 2311 2116 2365 Esto
2142 2312 2195 2364 in
2222 2312 2447 2365 consilio
2480 2311 2659 2364 suavis
2685 2319 2739 2363 et
2769 2311 2823 2364 in
2861 2326 3023 2380 opere
3062 2319 3333 2374 strenuus,
3380 2311 3566 2383 paciﬁ-

1986 2416 2083 2456 cus
2114 2403 2168 2455 iu
2198 2403 2378 2466 domo,
2424 2402 2657 2469 prudens
2680 2402 2733 2455 in
2769 2402 3144 2471 legationibus,
3184 2403 3303 2469 pius
3347 2402 3399 2453 in
3436 2417 3563 2469 pau-

1986 2505 2142 2561 peres
2163 2499 2216 2544 et
2246 2491 2494 2555 miseros,
2515 2489 2701 2558 justus
2736 2491 2791 2543 in
2823 2491 3062 2559 judiciis,
3120 2490 3301 2559 largus
3338 2490 3391 2543 in
3420 2490 3567 2543 «ιω--

1989 2582 2262 2651 mosynis;
2320 2589 2379 2635 ut
2401 2595 2468 2635 ex
2523 2581 2911 2650 temporalibus
2950 2581 3152 2636 divitiis
3192 2581 3299 2635 tuis
3338 2589 3568 2635 a-tcmas

1987 2672 2086 2726 tibi
2110 2670 2371 2726 merearis
2392 2670 2446 2723 in
2472 2668 2642 2724 cmlis.

2056 2772 2244 2836 Adhuc
2271 2795 2357 2835 me
2380 2780 2597 2835 dilectio
2625 2780 2806 2835 dilecti
2838 2780 2943 2835 mei
2970 2781 3155 2845 David,
3182 2788 3236 2834 et
3261 2779 3567 2855 sollicitudo

1987 2870 2179 2925 salutis
2208 2869 2521 2932 multorum,
2543 2869 2689 2939 cogit
2716 2869 2809 2922 tibi
2835 2869 3085 2930 suadere,
3132 2884 3252 2937 qua:
3279 2869 3428 2921 utilia
3451 2869 3565 2923 scio

1989 2974 2172 3015 coram
2199 2959 2310 3013 Deo
2335 2967 2389 3011 et
2421 2958 2648 3011 honesta
2686 2971 2870 3011 coram
2894 2957 3111 3011 sarculo.
3165 2956 3297 3010 Nam
3349 2958 3567 3025 quidam

320 3033 465 3088 disse
495 3031 565 3135 ad
613 3030 951 3139 Jacobum‘et
991 3036 1214 3139 cuit-citos
1241 3028 1531 3139 3905:0103:
1554 3045 1748 3139 flii?"
1785 3030 1889 3139 ¹¹²¹ξ
1914 3074 1961 3134 c
1990 3052 2298 3105 sacerdotes
2330 3048 2554 3112 Christi,
2587 3048 2680 3117 qui
2714 3047 2916 3102 habent
2953 3048 3237 3116 parochias
3259 3057 3314 3101 et
3336 3049 3568 3139 honogcs

290 3150 291 3153 η
322 3124 641 3199 quaestione,
671 3119 937 3189 quomodo
957 3119 1203 3189 gentibus
1230 3119 1522 3187 pratdicare
1548 3118 1889 3172 debuissent?

324 3219 395 3272 At
438 3216 513 3271 illi
540 3213 949 3285 prasscribentes
970 3211 1208 3265 unanimi
1229 3210 1453 3264 consilio
1479 3218 1781 3264 statuerunt
1831 3214 1891 3264 ut

324 3310 398 3364 nil
422 3308 678 3364 molestia:
703 3305 890 3375 legalis
936 3304 1304 3400 imponerptur
1355 3302 1656 3356 cervicibus
1680 3315 1888 3365 eorum,

324 3399 418 3454 sed
448 3409 656 3454 tantum
681 3409 741 3453 ut
778 3399 1113 3453 abstinerent
1150 3396 1209 3467 se
1248 3412 1277 3450 a
1306 3396 1680 3461 fornicatione,
1706 3412 1739 3465 a
1770 3412 1893 3450 san-

251 3490 257 3496 ·
314 3490 504 3569 .guine,
532 3474 879 3545 suffocatione
898 3497 952 3543 et
981 3488 1283 3572 simu/lactis
1308 3488 1494 3558 qua,
1518 3489 1759 3572 verses,
1775 3487 1890 3557 29).

327 3568 447 3634 Imo
471 3589 526 3635 et
554 3581 666 3649 ipse
690 3581 886 3634 Paulus
923 3568 1244 3651 praedicator
1273 3580 1521 3647 gentibus
1567 3568 1894 3649 gloriabatur

328 3685 387 3723 se
412 3680 496 3724 'ex
542 3670 724 3727 labore
759 3686 1014 3727 manuum
1046 3685 1265 3723 suarum
1298 3669 1495 3722 vivere.
1534 3668 1624 3721 Ait
1652 3670 1794 3722 enim
1840 3671 1893 3724 in
1924 3668 1927 3677 “

329 3766 559 3834 quadam
607 3765 841 3833 Epistola
889 3766 969 3818 sic
1004 3761 1160 3821 :/.Vos
1199 3764 1339 3817 scitis
1378 3763 1515 3833 quod
1557 3764 1684 3816 milii
1725 3774 1773 3816 et
1814 3765 1893 3817 his

328 3856 418 3923 qui
441 3869 639 3908 mecum
688 3861 807 3906 sunt
855 3869 1039 3906 manus
1087 3852 1200 3906 ista:
1238 3852 1679 3913 ministraeerunt,
1728 3848 1791 3904 ne
1812 3853 1895 3904 cui

330 3953 554 3997 restrum
608 3942 809 3996 molesti
863 3958 1088 3996 essemus
1111 3941 1249 4011 (Act.
1301 3956 1393 4002 xx,
1421 3939 1490 3994 δι
1516 3957 1530 4004 ;
1561 3927 1627 3991 Ἠ
1658 3939 1891 3993 Tliessal.

331 4050 412 4097 tu,
437 4032 512 4103 8).
566 4030 631 4085 Et
652 4034 821 4095 item;
848 4030 1038 4083 Melius
1065 4039 1138 4082 est
1171 4029 1295 4081 mihi
1315 4029 1466 4090 mori,
1494 4044 1650 4097 quam
1705 4037 1759 4079 ut
1784 4027 1897 4096 glo-

333 4123 466 4174 riam
500 4137 663 4174 meam
708 4116 823 4189 quis
853 4127 1079 4172 evacuet.
1124 4117 1253 4182 Quae
1304 4126 1377 4170 est
1419 4116 1586 4186 gloria
1641 4115 1794 4168 mea?
1840 4124 1896 4167 ut

334 4211 671 4281 Euangelium
692 4211 803 4263 sine
829 4218 1036 4278 sumptu
1065 4224 1317 4277 exponam
1340 4206 1390 4277 (I
1422 4206 1543 4259 Cor.
1578 4223 1653 4269 Ix,
1686 4206 1890 4276 15-18).

335 4299 447 4355 Hoc
480 4298 623 4352 enim
650 4305 829 4351 tantus
848 4306 903 4350 et
922 4313 952 4351 a
973 4297 1081 4350 Deo
1109 4296 1409 4365 specialiter
1436 4295 1637 4349 electus
1659 4296 1896 4365 gentium

334 4388 654 4459 pratdicator
689 4387 819 4455 egit,
874 4392 933 4438 ut
986 4400 1199 4439 omnem
1251 4385 1508 4439 radicitus
1556 4385 1895 4440 occasionem

335 4474 574 4549 avaritize
593 4471 1032 4541 prmdicatorihus
1056 4472 1393 4525 abscinderet
1424 4488 1437 4523 :
1464 4480 1727 4540 quatenus
1773 4474 1895 4547 nul:

337 4562 442 4627 lus,
481 4560 717 4630 qualibet
770 4560 1063 4628 cupiditate
1106 4559 1336 4623 illectus,
1403 4561 1495 4614 sed
1544 4560 1658 4615 sola
1698 4560 1899 4616 Christi

338 4650 599 4704 charitate
623 4649 952 4705 confortatus
977 4652 1198 4706 verbum
1230 4652 1325 4706 Dei
1368 4652 1704 4721 prmdicaret,
1762 4655 1901 4708 sicut

339 4740 453 4810 ipse
479 4740 534 4794 in
557 4740 845 4811 Evangelio
862 4742 975 4796 suis
997 4743 1311 4812 pnecipiens
1331 4745 1604 4815 discipulis
1624 4746 1700 4799 ait
1723 4761 1736 4799 :
1768 4744 1913 4799 Cra-.

339 4829 406 4881 tis
429 4829 714 4897 accepistis,
730 4830 893 4898 gratis
922 4830 1042 4882 date
1070 4830 1284 4899 (Matth.
1318 4849 1371 4897 x,
1398 4836 1475 4901 8).

410 4916 470 4971 Si
506 4925 654 4971 tanta
687 4918 942 4971 instantia
987 4932 1149 4973 suave
1202 4921 1404 4977 Christi
1433 4922 1620 4991 jugum
1668 4935 1725 4979 et
1765 4942 1903 4981 onus

342 5006 457 5074 ejus
484 5007 600 5063 leve
627 5007 913 5061 durissimo
940 5006 1211 5062 Saxonum
1256 5012 1451 5080 populo
1498 5015 1898 5081 prtedicaretur,

340 5108 543 5166 quanta
556 5100 884 5153 decimarum
905 5099 1155 5163 redditio,
1166 5101 1249 5156 vel
1262 5102 1443 5171 legalis
1459 5119 1553 5172 pro
1573 5108 1904 5173 parvissimis

344 5184 669 5255 quibuslibet
704 5188 874 5256 culpis
906 5188 1064 5242 edicti
1094 5192 1385 5245 necessitas
1407 5193 1738 5260 exigebatur,
1765 5195 1904 5250 forte

346 5271 682 5342 baptismatis
719 5284 1056 5330 sacramenta
1076 5292 1184 5330 non
1218 5278 1585 5334 abhorrerent.
1629 5280 1749 5336 Sint
1787 5292 1905 5337 tan-

419 5453 447 5482 ι
482 5440 663 5494 Primo
684 5441 814 5509 ﬁdes
849 5444 1082 5498 docenda
1106 5454 1199 5499 est.
1252 5445 1451 5499 Eadem
1500 5450 1687 5503 scribit
1717 5431 1906 5507 'Alcui-

352 5526 452 5566 nus
472 5510 539 5563 ad
554 5509 805 5564 Carotum
859 5513 1104 5635 Magum
1134 5516 1287 5585 epist.
1327 5515 1397 5568 28
1427 5520 1592 5583 (nunc
1618 5518 1729 5589 33),
1767 5530 1820 5574 et
1840 5524 1907 5577 ad

352 5580 618 5634 Arnonem
645 5580 707 5633 3i
741 5580 904 5635 (nunc
1002 5584 1040 5635 l:
1080 5600 1220 5635 anno
1247 5584 1367 5635 796.

352 5580 618 5650 Anionem
645 5580 707 5633 3i
741 5580 904 5649 (nunc
930 5580 1040 5650 36);
1080 5580 1220 5639 anno
1247 5584 1367 5638 796.

422 5649 451 5688 ι
489 5647 795 5719 Legendum
833 5658 961 5718 puto
994 5647 1008 5701 ἐ
1036 5650 1234 5706 Privati
1273 5669 1387 5708 vero
1415 5664 1533 5707 sunt
1576 5667 1821 5723 potestate
1843 5660 1907 5713 li-

1990 3140 2194 3205 saeculi,
2234 3148 2289 3194 et
2311 3141 2513 3210 gradus
2551 3139 2835 3193 ministerii
2860 3153 2967 3193 non
2991 3140 3180 3193 volunt
3210 3141 3410 3195 habere
3440 3158 3452 3193 :
3482 3140 3564 3193 vi-

1989 3230 2147 3285 detur
2184 3230 2314 3283 mihi
2344 3230 2555 3292 melius,
2614 3236 2674 3282 ut
2718 3228 2929 3297 plenam
2960 3230 3198 3288 habeant
3228 3229 3563 3284 benedictio-

1990 3335 2114 3374 nem
2150 3327 2206 3374 et
2227 3319 2440 3389 plenam
2475 3317 2780 3373 mercedem
2820 3317 2961 3385 apud
3006 3317 3195 3370 Deum.
3242 3316 3393 3371 Nunc
3436 3331 3568 3371 vero

1996 3408 2135 3462 alius
2164 3407 2373 3461 laborat
2405 3422 2506 3474 pro
2556 3404 2807 3473 mercede
2849 3414 3130 3473 perpetua,
3171 3405 3245 3458 illi
3304 3421 3432 3459 vero
3471 3420 3571 3474 pro

1993 3495 2237 3550 sreculari
2280 3495 2503 3549 honore.
2535 3494 2563 3533 ιι
2601 3493 2804 3546 Privati
2837 3508 2967 3547 vero
3013 3502 3157 3559 sunt,
3195 3503 3254 3547 ut
3279 3510 3400 3548 cum
3438 3510 3573 3562 pace

1994 3585 2189 3638 dicam.
2218 3583 2549 3638 Potestatetn
2576 3582 2773 3651 ligandi
2809 3591 2865 3637 et
2894 3574 3161 3647 solvendi,
3203 3583 3345 3651 quod
3385 3560 3574 3637 claris-

1993 3674 2191 3726 simum
2216 3681 2301 3726 est
2334 3673 2389 3725 in
2411 3671 2651 3725 Ecclesia
2679 3670 2879 3725 Christi
2910 3672 3130 3735 donum,
3156 3672 3403 3726 Christus
3424 3674 3571 3728 dedit

1994 3761 2267 3830 apostolis,
2306 3768 2362 3815 et
2386 3775 2486 3829 per
2513 3775 2608 3813 eos
2629 3760 3031 3815 successoribus
3067 3761 3197 3815 suis.
3229 3760 3335 3815 Nec
3373 3778 3480 3815 non
3517 3772 3573 3816 et

1995 3851 2277 3915 Ecclesiis,
2305 3865 2426 3919 qua:
2451 3864 2557 3903 non
2582 3850 2781 3903 habent
2804 3857 3068 3916 pastores,
3105 3850 3465 3917 periculosqu
3490 3858 3574 3912 est

1994 3956 2207 4011 gregem
2245 3939 2447 3994 Christi
2476 3939 2678 4006 absque
2717 3946 2937 4005 pastore
2959 3939 3051 3991 diu
3077 3954 3315 3992 manere.
3362 3939 3574 3992 luti-ant

1996 4031 2105 4100 lupi
2128 4044 2365 4099 rapaces,
2416 4030 2512 4083 sed
2537 4043 2644 4082 non
2666 4026 2750 4081 est
2778 4028 2868 4095 qui
2911 4028 3093 4096 exigat
3118 4042 3230 4081 eos.
3261 4028 3425 4081 Sedet
3455 4028 3567 4081 sola

1995 4128 2050 4172 et
2071 4120 2229 4173 vidua
2255 4119 2473 4172 domina
2511 4119 2748 4187 gentium
2796 4126 2850 4171 et
2882 4133 2989 4172 non
3015 4126 3099 4172 est
3140 4119 3231 4186 qui
3260 4117 3573 4172 consoletur

1996 4224 2115 4263 eam
2162 4207 2376 4278 (Thren.
2433 4225 2472 4271 ι,
2504 4209 2553 4272 l,
2579 4207 2657 4279 2).
2715 4208 2855 4261 Dicit
2879 4217 2933 4262 et
2962 4210 3074 4278 ipsa
3104 4210 3313 4263 Veritas
3341 4224 3355 4261 :
3390 4208 3572 4263 Messis

1995 4297 2201 4366 quidem
2224 4296 2409 4361 multa,
2433 4297 2653 4366 operarii
2671 4307 2845 4363 autem
2873 4298 3059 4366 pauci;
3102 4307 3278 4366 rogate
3303 4298 3570 4350 dominum

1928 4391 2197 4467 Dmessis,
2242 4400 2297 4441 ut
2326 4390 2494 4441 mittat
2535 4391 2800 4457 operarios
2853 4392 2909 4442 in
2963 4406 3179 4442 messem
3232 4398 3384 4443 suam
3411 4389 3566 4457 (Luc.

2000 4495 2054 4542 ι,
2084 4478 2161 4546 2).
2184 4477 2252 4530 Et
2279 4492 2379 4545 ego
2407 4477 2523 4539 tibi,
2557 4471 2875 4531 charissime
2900 4480 3091 4542 amice,
3124 4480 3315 4533 messis
3355 4481 3573 4548 quidem

2000 4566 2164 4619 multa
2203 4574 2287 4618 est
2332 4565 2385 4617 in
2430 4566 2629 4633 populo
2679 4565 3005 4629 Christiano,
3057 4567 3151 4620 sed
3208 4584 3312 4620 non
3366 4576 3491 4621 sunt
3516 4570 3569 4621 in

1999 4654 2318 4723 quihusdam
2341 4655 2473 4708 locis
2503 4668 2787 4708 messores.
2846 4654 2927 4708 Tu
2974 4670 3102 4709 vero
3130 4671 3257 4725 roga
3294 4650 3571 4711 deminum

2000 4744 2211 4807 messis,
2238 4742 2291 4797 id
2319 4752 2422 4807 est,
2456 4744 2619 4797 David
2654 4759 2831 4797 meum
2856 4744 3129 4806 dilectum,
3156 4753 3214 4797 ut
3244 4747 3420 4799 mittat
3439 4762 3569 4813 ope-

2003 4833 2177 4889 rarios
2200 4834 2252 4887 in
2278 4848 2507 4887 messem
2538 4847 2717 4894 suam;
2751 4841 3015 4901 quatenus
3040 4832 3145 4885 illis
3165 4833 3309 4886 dicat
3333 4842 3573 4901 rogatus,

2002 4926 2141 4980 sicut
2190 4940 2319 4978 suus
2346 4923 2595 4991 proprius
2631 4931 2904 4990 protector
2943 4932 2998 4975 et
3024 4925 3230 4986 unicus,
3286 4933 3339 4975 et
3365 4934 3575 4987 amator

2002 5014 2248 5068 Christus
2270 5013 2410 5065 Deus
2435 5012 2569 5065 dixit
2598 5010 2872 5079 discipulis
2896 5012 3000 5081 52
3036 5013 3149 5066 suis
3173 5030 3183 5063 :
3217 5012 3316 5074 Ite,
3340 5030 3453 5066 ecce
3479 5031 3575 5082 ego

2002 5106 2149 5158 mitto
2176 5121 2259 5157 vos
2282 5102 2514 5172 (Luc.~x,
2552 5102 2629 5171 ὅ).
2667 5101 2782 5170 Ipse
2807 5111 2889 5156 est
2909 5088 3155 5155 dominus
3178 5102 3364 5163 vinem,
3391 5103 3573 5155 mittat

2004 5196 2279 5264 operarios
2336 5194 2389 5245 in
2441 5192 2650 5243 vineam
2685 5208 2837 5245 suam
2892 5200 2946 5243 et
2968 5191 3110 5244 dicat
3136 5210 3148 5243 :
3176 5191 3251 5245 ltc
3288 5200 3343 5244 et
3391 5207 3487 5245 vos
3517 5194 3572 5247 in

2006 5284 2215 5337 vineam
2262 5295 2436 5335 meam
2480 5288 2534 5333 et
2561 5281 2703 5350 quod
2719 5280 2922 5348 justum
2949 5279 3131 5347 fuerit,
3174 5279 3447 5347 accipietis
3476 5296 3574 5348 pro

2004 5453 2164 5523 gaudi
2184 5460 2229 5505 et
2256 5450 2503 5523 solvendi,
2528 5452 2665 5523 quod
2688 5453 3036 5523 clarissimum
3067 5457 3121 5507 in
3163 5453 3393 5523 Ecclesia
3425 5455 3575 5509 Citri-

2005 5518 2096 5601 .
2122 5520 2317 5601 donum
2347 5518 2580 5575 Christus
2606 5521 2746 5601 dedit
2761 5524 3035 5601 _apostolis_,
3079 5532 3182 5576 etc.
3217 5518 3393 5577 Locus
3419 5534 3569 5601 nota-

2005 5590 2131 5643 bilis
2178 5599 2365 5661 ωηιξη
2417 5590 2883 5661 commendatitios
2940 5595 3251 5659 episcopos,
3286 5595 3567 5661 parochos,

2006 5661 2266 5729 etc.,’qui
2311 5660 2539 5715 honores
2574 5659 2833 5727 ambiunt,
2884 5662 3237 5717 ministerium
3277 5659 3567 5733 refugiunt.
