4238 6190
617 319 716 372 207

1472 312 1531 365 Β.
1572 311 1633 363 F.
1671 308 1887 363 ALBINI
1927 306 2056 361 SEU
2097 304 2368 359 ALCUINI
2401 299 2675 357 OPERUM
2715 299 2887 353 PARS
2924 301 2964 354 l.

3724 298 3824 351 208

617 428 796 481 labore
819 422 1142 481 viminea:
1173 406 1382 489 (Matth.
1427 435 1514 483 xx,
1552 418 1603 482 4,
1630 418 1705 485 7).
1739 418 1855 485 lpse
1883 414 1999 486 [F.,
2034 414 2158 484 ipsi]
2188 418 2232 474 Α
2259 428 2289 465 a
2317 412 2424 465 Deo
2449 411 2811 473 commissum,
2842 411 3107 480 corrigere
3140 408 3388 471 studeas,
3432 415 3486 461 et
3510 408 3826 476 ignorantite

617 522 699 567 est
722 518 957 580 potestas
980 517 1033 563 et
1063 507 1387 576 dispensatio
1419 507 1584 559 vinea:
1620 504 1837 569 Christi,
1884 504 1939 556 id
1963 511 2044 568 est
2072 502 2171 554 Ec-

618 602 894 655 clesiarum
925 596 1042 652 Dei.
1072 596 1218 650 Illius
1267 604 1350 649 est
1386 595 1501 648 laus
1543 602 1598 648 et
1644 594 1836 664 gloria,
1878 600 1943 645 et
1963 604 2169 645 merces

617 701 835 755 :etema,
864 697 924 743 ut
948 689 1085 743 bene
1123 687 1457 750 ordinentur,
1506 693 1571 753 et
1590 691 1861 754 regantur,
1900 691 1954 736 et
1987 687 2168 749 pasto-

620 797 706 836 res
729 782 977 842 habeant,
1020 785 1245 845 quantos
1273 774 1511 828 invenire
1548 774 1754 842 possint
1782 784 1833 834 ι,
1893 771 2083 839 dignos
2115 775 2170 821 et

618 870 727 923 Deo
758 866 1063 937 placabiles.
1110 863 1199 916 llle
1219 870 1304 916 est
1356 862 1410 914 in
1462 862 1564 915 hoc
1609 874 1795 928 regno,
1843 857 1935 926 qui
1983 860 2171 909 Omnes

615 958 907 1026 praedicare
930 961 1121 1024 potest,
1144 959 1199 1006 et
1222 951 1287 1005 de
1315 952 1560 1005 omnibus
1589 948 1839 1003 Ecclesiis
1868 945 2169 1000 mercedem

618 1046 816 1101 habere
836 1052 889 1099 et
912 1041 1335 1098 benedictionem
1371 1040 1424 1093 in
1446 1037 1659 1102 stecolo,
1681 1044 1737 1090 et
1757 1044 2010 1089 aeternam
2050 1034 2173 1087 bea—

619 1136 898 1190 titudinem
933 1140 989 1187 et
1036 1133 1249 1186 beatam
1298 1129 1672 1208 teternitatem
1696 1140 1817 1179 cum
1853 1123 2066 1177 Christo
2118 1130 2173 1175 et

618 1225 819 1282 sanctis
840 1223 976 1291 ejus.
1484 1287 1511 1290 μ

918 1312 923 1317 ’
1094 1312 1123 1351 δ
1161 1305 1489 1364 EPISTOLA
1524 1304 1701 1357 XLlll.

1093 1415 1159 1453 AD
1194 1410 1436 1452 εΑιιοιωι
1474 1408 1707 1447 IAGNUI.

1230 1486 1403 1558 (Auno
1431 1482 1580 1553 796.)

623 1570 901 1664 Signiﬁcat
922 1603 1072 1641 suum
1110 1586 1357 1664 gaudium
1397 1579 2065 1664 obprosperitatemnregis.
2094 1579 2173 1632 Ad

694 1648 868 1711 studia
900 1673 995 1725 sua
1048 1648 1516 1725 provehenda__petit
1544 1648 1610 1725 e_a_i
1638 1650 1823 1719 Anglia
1872 1648 2027 1725 libros
2055 1664 2175 1725 suos

689 1726 886 1795 σιγεῖν-ἰ.
907 1716 1165 1795 Utilit'ates
1184 1722 1341 1795 studii
1362 1716 1602 1795 litterarii
1628 1716 1848 1771 recenset
1869 1732 1887 1769 :
1908 1717 2027 1768 huic
2048 1716 2176 1769 ado-

692 1787 938 1847 [ἐξίκηται
961 1791 1143 1861 palatii
1170 1789 1348 1842 suadet
1372 1787 1570 1841 addici.

692 1902 915 1956 Domino
937 1900 1180 1969 piissimo
1193 1906 1247 1952 et
1262 1883 1701 1965 praestantissimo
1730 1903 1783 1951 et
1806 1896 1950 1949 omni
1975 1896 2175 1948 honore

620 1989 933 2060 dignissimo
957 1986 1124 2040 David
1145 1986 1255 2054 regi
1279 1983 1503 2037 Flaccus
1540 1983 1763 2037 Albinus
1790 1996 1926 2035 verze
1952 1980 2178 2035 beatitu-

621 2079 759 2133 dinis
784 2085 1037 2131 aeternam
1066 2075 1120 2127 in
1139 2072 1355 2127 Christo
1369 2072 1615 2126 salutem.

691 2164 920 2222 Dulcedo
956 2175 1155 2221 sancta:
1184 2166 1485 2221 dilectionis
1510 2173 1702 2220 vestra:
1729 2167 1977 2220 omnibus
2005 2165 2174 2228 horis,

620 2259 856 2311 etiamet
883 2257 1183 2319 momentis,
1230 2255 1535 2308 aviditatem
1579 2255 1807 2322 pectoris
1856 2253 1960 2305 mei
2004 2254 2174 2305 abun-

623 2347 810 2397 danter
836 2343 1037 2407 reiicit;
1093 2352 1147 2396 et
1175 2343 1382 2396 decoris
1406 2343 1567 2395 vestri
1596 2341 1778 2404 facies,
1804 2356 1962 2409 quam
1987 2342 2177 2409 smpius

623 2430 925 2483 amabiliter
944 2429 1278 2483 considerare
1302 2430 1557 2493 solebam,
1589 2437 1726 2483 totas
1752 2428 2020 2482 memoria:
2046 2443 2177 2481 mete

630 2532 788 2571 venas
810 2532 932 2570 cum
959 2532 1149 2585 magna
1169 2516 1499 2583 iucunditate
1526 2517 1948 2571 desiderabiliter
1972 2516 2183 2584 implet,

621 2618 675 2660 et
709 2609 859 2675 quasi
886 2608 1172 2660 multarum
1198 2608 1251 2660 in
1276 2597 1440 2661 corde
1487 2608 1790 2661 divitiarum
1819 2608 2046 2675 species,
2078 2623 2175 2661 ve-

622 2704 746 2749 stra:
796 2695 1051 2749 bonitatis
1090 2710 1284 2749 nomen
1314 2702 1368 2748 et
1400 2706 1646 2764 aspectus
1674 2698 1999 2750 reconditur.
2053 2697 2176 2751 ideo

625 2798 814 2851 magna
857 2783 986 2835 mihi
1017 2792 1098 2837 est
1131 2784 1455 2851 iucunditas,
1481 2794 1672 2838 vestra:
1708 2784 2025 2839 dulcissima:
2051 2801 2175 2854 pro-

623 2871 895 2940 speritatis
946 2872 1131 2926 audire
1177 2872 1437 2935 lzetitiam,
1469 2873 1536 2927 ad
1565 2888 1723 2940 quam
1766 2875 1925 2928 etiam
1978 2889 2176 2943 cogno-
2216 2912 2219 2913 ν

625 2960 871 3015 scendam
911 2959 1053 3012 hunc
1089 2971 1110 2998 ο
1140 2961 1439 3029 puerulum,
1455 2968 1512 3012 ut
1541 2961 1710 3023 scitis,
1736 2961 2017 3030 parvitatis
2047 2975 2179 3014 metu

2271 500 2505 553 tenebris
2524 497 2613 552 diu
2656 499 2861 551 animas
2881 498 3187 552 obcacatas.
3223 496 3289 549 ad
3312 496 3491 548 lumen
3539 508 3677 549 verae
3706 495 3827 550 tidei

2275 589 2538 643 deducere
2567 587 2799 641 coneris.
2843 584 3123 655 Nunquam
3175 585 3389 655 Optimis
3439 584 3825 659 voluntatibus,

2270 676 2355 731 vel
2392 676 2549 731 bonis
2569 675 2847 729 conatibus
2870 673 3228 729 remuneratio
3272 673 3446 726 divina
3498 670 3668 725 deerit
3696 692 3708 725 :
3733 675 3827 728 sed

2270 768 2359 835 qui
2384 766 2502 834 plus
2551 766 2758 818 laborat
2801 764 2877 823 in,
2911 763 3182 817 voluntate
3234 762 3346 825 Dei,
3398 762 3517 830 plus
3569 762 3829 815 mercedis

2272 857 2491 924 recipiet
2512 856 2565 908 in
2593 869 2755 923 regno
2780 853 2894 906 Dei.
2922 852 3154 921 Tempus
3211 850 3369 918 hujus
3409 853 3531 905 vitae
3578 849 3830 905 velociter

2271 946 2458 1009 currit,
2485 944 2643 1015 fugit,
2690 954 2746 999 et
2780 960 2884 998 non
2921 943 3202 998 revertitur
3239 942 3371 1013 [Al.,
3414 940 3683 1012 respicit];
3724 939 3829 1010 53

2271 1032 2557 1087 inetl‘abilis
2578 1048 2704 1086 vero
2728 1034 2822 1086 Dei
2854 1033 3024 1101 pietas
3047 1032 3278 1085 humano
3296 1020 3617 1100 prtevidebat
3643 1029 3828 1099 generi

2270 1121 2506 1174 breviter
2540 1120 2804 1183 laberare,
2826 1131 2879 1175 et
2919 1119 3239 1173 aeternaliter
3264 1118 3528 1173 coronari.
3559 1117 3683 1170 ideo
3710 1131 3833 1186 pre-

2274 1208 2407 1262 tiosa
2436 1209 2632 1265 debent
2657 1222 2775 1261 esse
2802 1209 2955 1261 nobis
3007 1216 3265 1275 tempora,
3298 1220 3365 1259 ne
3414 1206 3698 1274 perdamus
3733 1218 3833 1272 per

2273 1298 2649 1368 negligentiam
2692 1298 2835 1366 quod
2880 1312 2975 1365 per
3022 1299 3176 1351 bona:
3226 1297 3350 1350 vitae
3375 1296 3691 1362 exercitium
3735 1293 3833 1347 hac

2272 1386 2400 1440 bere
2422 1386 2713 1456 poterimus
2735 1384 2866 1455 [Αι.,
2889 1382 3243 1455 potuerimus]
3266 1390 3545 1436 teternum.
3587 1380 3697 1434 Nec
3717 1390 3833 1434 tan-

2276 1487 2392 1532 tum
2444 1476 2665 1544 diligere
2709 1475 2907 1543 aliquid
2957 1474 3249 1543 poterimus
3270 1473 3325 1526 in
3366 1481 3530 1536 terra,
3577 1478 3833 1540 quantum

2273 1564 2429 1618 beata
2456 1563 2723 1615 amabitur
2753 1561 2963 1629 requies
2980 1562 3035 1613 in
3060 1561 3196 1615 etelo
3228 1576 3243 1613 :
3268 1575 3426 1629 quam
3464 1560 3554 1628 qui
3582 1568 3709 1613 tunc
3736 1561 3834 1612 ba-

2274 1651 2403 1704 bere
2449 1650 2811 1718 concupiscat,
2850 1648 3005 1701 bonis
3051 1664 3190 1701 nunc
3237 1648 3489 1717 Operibus
3534 1648 3833 1715 promereri

2204 1755 2252 1813 Β
2277 1738 2579 1793 contendat.
2626 1735 2885 1790 Omnibus
2927 1736 3104 1804 itaque
3127 1736 3480 1790 communiter
3516 1736 3666 1805 regni
3715 1751 3831 1795 co:-

2277 1827 2429 1882 lestis
2468 1826 2631 1895 janua
2670 1826 2930 1893 patescit;
2976 1826 3069 1879 sed
3112 1825 3215 1879 illis
3260 1825 3461 1880 intrare
3506 1826 3836 1888 conceditur,

2275 1917 2365 1985 qui
2407 1931 2528 1969 cum
2560 1914 2835 1984 multiplici
2880 1914 3137 1967 bonitatis
3176 1913 3353 1967 fructu
3397 1914 3464 1968 ad
3508 1929 3630 1978 eam
3656 1916 3835 1969 venire

2276 2001 2548 2056 festinant.
3327 2065 3331 2067 Α
3520 2056 3528 2063 θ

2342 2093 2454 2161 Ego
2481 2106 2608 2145 vero
2640 2088 2863 2144 Flaccus
2888 2097 3064 2144 vester
3089 2091 3378 2145 secundum
3405 2091 3836 2145 exhortationem

2276 2191 2333 2236 et
2356 2184 2552 2243 bonam
2580 2179 2903 2233 voluntatem
2927 2188 3181 2243 vestram,
3210 2179 3330 2233 aliis
3356 2194 3451 2249 per
3494 2187 3632 2234 tecta
3664 2180 3839 2247 sancti

2276 2270 2489 2323 Martini
2534 2275 2837 2322 sanctarum
2881 2267 3036 2320 mella
3082 2266 3486 2336 Scripturarum
3531 2268 3841 2323 ministrare

2276 2369 2460 2428 satago
2483 2375 2498 2423 ;
2539 2357 2672 2411 alios
2698 2364 2875 2409 vetere
2903 2356 3238 2423 antiquarum
3267 2356 3663 2425 disciplinarum
3688 2371 3840 2410 mero

2276 2448 2540 2502 inebriare
2568 2445 2783 2508 studeo;
2823 2444 2957 2498 alios
2984 2446 3345 2512 grammatica:
3372 2446 3682 2499 subtilitatis
3706 2460 3836 2499 enu-

2277 2534 2407 2587 trirc
2451 2532 2623 2600 pomis
2668 2531 2955 2599 incipiam;
2996 2532 3252 2600 quosdam
3297 2534 3568 2588 stellarum
3616 2536 3836 2598 ordine,

2276 2640 2374 2679 ceu
2400 2625 2544 2693 picto
2572 2622 2853 2691 cujuslibet
2893 2637 3097 2691 magum
3131 2624 3320 2676 domus
3347 2624 3609 2688 culmine,
3628 2624 3834 2679 illumi-

2278 2730 2404 2769 nare
2428 2712 2871 2782 gestio.'Plurima
2900 2710 3144 2779 plurimis
3177 2710 3356 2766 factus
3382 2712 3434 2783 (Ι
3462 2713 3583 2766 Cor.
3609 2728 3663 2766 Ix
3682 2751 3696 2776 ,
3722 2713 3836 2784 22),

2275 2810 2333 2855 ut
2363 2801 2622 2872 plurimos
2656 2801 2724 2854 ad
2759 2799 3054 2867 protectum
3099 2810 3300 2855 sanctae
3345 2801 3440 2855 Dei
3481 2802 3751 2868 Ecclesiae,
3783 2813 3857 2858 et

2276 2892 2342 2943 ad
2379 2890 2624 2943 decorem
2652 2887 2944 2967 imperialis
2986 2890 3136 2959 regni
3176 2892 3338 2945 vestri
3365 2891 3640 2958 erudiam,
3674 2908 3742 2948 ne
3769 2895 3834 2949 sit

2276 2994 2441 3035 vacua
2474 2978 2565 3030 Dei
2593 2977 2974 3045 omnipotentis
2997 2979 3051 3032 in
3077 2996 3163 3033 me
3186 2982 3356 3050 gratia
3383 2982 3435 3052 (1
3464 2981 3588 3036 Cor.
3612 2999 3702 3048 xv,
3727 2984 3837 3054 10),

622 3049 946 3102 clientellum
985 3046 1117 3117 [Al.,
1142 3047 1474 3117 elientulum]
1497 3049 1665 3101 direxi
1691 3067 1703 3100 :
1729 3048 2069 3117 quatenusin
2091 3063 2175 3102 sa—
2196 3069 2244 3132 ο
2273 3080 2372 3122 nec
2414 3075 2609 3121 νοείτω
2647 3066 2902 3134 bonitatis
2945 3067 3158 3136 ιπείιίο
3190 3046 3401 3125 ’ξηεηίεξ
3436 3070 3541 3127 Sed
3583 3087 3651 3127 ex
3686 3046 3838 3142 bark,

622 3139 732 3191 tute
752 3137 1091 3192 sublimitatis
1116 3142 1326 3199 vestrm,
1375 3137 1427 3191 in
1458 3139 1748 3207 gratiarum
1769 3139 2065 3193 actionibus
2087 3139 2176 3195 lte-

627 3236 713 3279 tus
752 3225 1046 3280 collaudem
1092 3224 1515 3279 misericordiam
1572 3226 1782 3280 Domini
1829 3226 2000 3279 nostri
2050 3226 2175 3294 Jesu

621 3313 841 3367 Christi.
887 3314 1002 3367 Non
1048 3315 1219 3369 solum
1265 3330 1363 3383 ego
1404 3314 1620 3368 ultimus
1666 3317 1908 3372 servulus
1938 3318 2178 3374 Salvato—

624 3402 701 3454 ris
725 3403 915 3465 nostri,
962 3403 1293 3472 congaudere
1333 3403 1499 3456 debeo
1538 3406 1873 3471 prusperitati
1898 3416 1952 3461 et
1974 3409 2177 3461 exalta-

628 3489 760 3543 tioni
788 3490 1100 3542 clarissimae
1142 3490 1420 3557 potestatis
1458 3500 1645 3545 vestra:
1678 3511 1689 3544 :
1721 3495 1815 3547 sed
1853 3504 1961 3549 tota
1997 3505 2181 3551 sancta

629 3579 726 3633 Dei
774 3578 1013 3632 Ecclesia
1054 3580 1303 3655 unanimo
1345 3580 1620 3634 charitatis
1674 3592 1933 3639 concentu
1982 3587 2181 3655 gratias

628 3682 787 3735 agere
825 3667 1053 3721 Domino
1099 3668 1208 3722 Deo
1251 3654 1596 3736 omnipotenti
1650 3672 1880 3736 debebit,
1926 3654 2014 3742 qui
2071 3684 2180 3730 tam

629 3757 796 3824 pium,
821 3758 1135 3823 prudentem
1163 3765 1217 3810 et
1246 3758 1470 3825 justum,
1500 3759 1585 3813 his
1604 3762 1904 3814 novissimis
1927 3764 2104 3817 mundi
2128 3774 2182 3817 et

626 3846 1092 3915 periculosissimis
1136 3847 1461 3914 temporibus
1483 3848 1675 3917 populo
1707 3848 2009 3906 Christiano
2054 3867 2178 3921 per-

628 3938 845 3992 donavit
892 3935 1307 3991 clementissimo
1341 3951 1563 3991 munere
1612 3948 1873 3993 rectorem
1903 3949 2064 4009 atque
2089 3943 2183 3997 de-

628 4022 893 4078 fensorem
913 4042 925 4075 :
946 4024 1035 4091 qui
1056 4038 1220 4090 prava
1243 4023 1533 4092 corrigere,
1559 4032 1613 4078 et
1641 4033 1783 4080 recta
1808 4028 2177 4094 corroborarc,

629 4120 682 4165 et
705 4121 885 4164 sancta
912 4112 1197 4165 sublimare
1220 4115 1365 4167 omni
1409 4116 1701 4170 intentione
1728 4119 1959 4182 studeat,
1997 4126 2050 4172 et
2086 4134 2183 4173 no-

630 4212 750 4253 men
781 4198 989 4250 Domini
1014 4198 1107 4251 Dei
1134 4201 1330 4255 excelsi
1371 4217 1467 4270 per
1493 4204 1657 4269 multa
1703 4215 1965 4259 terrarum
2010 4209 2181 4276 spatia

628 4286 850 4342 dilatare
885 4290 1129 4357 gaudeat,
1186 4297 1239 4342 et
1267 4290 1539 4343 catholica:
1567 4291 1688 4344 ﬁdei
1714 4293 1891 4346 lumen
1929 4295 1981 4347 in
2006 4305 2183 4349 extre-

2275 3157 2469 3211 desunt
2512 3154 2643 3228 mihi
2681 3154 2895 3216 servulo
2919 3167 3104 3212 vestra
3127 3159 3504 3227 exquisitiores
3526 3163 3841 3219 eruditionis

2275 3244 2607 3300 scholasticae
2632 3242 2816 3309 libelli,
2856 3259 2990 3312 quos
3022 3245 3181 3299 habui
3225 3248 3277 3301 in
3308 3250 3480 3317 patria
3522 3266 3618 3319 per
3642 3251 3843 3306 bonam

2276 3338 2331 3394 et
2358 3330 2752 3384 devotissimam
2770 3330 2797 3369 ά
2829 3332 3071 3401 magistri
3094 3333 3199 3387 mei
3222 3334 3556 3402 industriam,
3577 3338 3661 3392 vel
3679 3340 3841 3392 etiam

2279 3420 2384 3474 mei
2414 3420 2579 3487 ipsius
2603 3420 3024 3489 qualemcunque
3060 3424 3327 3479 sudorem.
3355 3426 3477 3482 ldeo
3508 3428 3622 3483 haec
3649 3438 3840 3486 vestrm

2279 3510 2608 3563 excellentiae
2636 3509 2787 3575 dico,
2834 3524 2902 3565 ne
2944 3509 3081 3566 forte
3116 3522 3293 3570 vestro
3318 3516 3525 3584 placeat
3555 3521 3720 3575 totius
3748 3537 3840 3576 sa-

2278 3602 2492 3670 pientite
2516 3601 3003 3657 desiderantissimo
3024 3605 3266 3670 consilio,
3281 3616 3341 3661 ut
3363 3608 3567 3678 aliquos
3580 3625 3646 3665 ex
3661 3614 3840 3680 pueris

2279 3694 2476 3747 nostris
2500 3692 2789 3755 remittam,
2813 3694 2904 3761 qui
2928 3693 3195 3763 excipiant
3216 3692 3337 3750 inde
3363 3697 3515 3751 nobis
3537 3701 3839 3754 necessaria

2279 3793 2519 3845 qumque,
2547 3786 2601 3830 et
2627 3778 2883 3831 revehant
2912 3778 2964 3831 in
3005 3779 3287 3835 Franciam
3325 3781 3483 3838 ﬂores
3509 3784 3798 3841 Britannia:
3822 3805 3840 3841 :

2280 3871 2461 3917 utnon
2482 3864 2552 3916 sit
2574 3865 2938 3918 tantummodo
2962 3865 3017 3918 in
3040 3865 3305 3923 Euborica
3327 3870 3515 3925 hortus
3533 3873 3839 3939 conclusus,

2203 3990 2215 4002 .
2280 3954 2373 4007 sed
2415 3953 2469 4006 in
2500 3953 2765 4008 Turonica
2804 3955 3115 4011 emissiones
3150 3960 3385 4027 paradisi
3422 3977 3543 4015 eum
3566 3978 3839 4031 pomorum

2280 4038 2561 4104 fructibus,
2592 4048 2652 4093 ut
2685 4042 2904 4096 veniens
2932 4042 3127 4097 Auster
3167 4046 3417 4113 perﬂaret
3446 4048 3631 4105 hortos
3663 4050 3840 4120 Ligeri

2281 4126 2529 4211 ﬂuminis,
2559 4136 2613 4182 et
2636 4127 2802 4183 lluant
2825 4142 3061 4193 aromata
3094 4134 3252 4198 illius,
3284 4144 3338 4189 et
3380 4136 3688 4194 novissime'
3713 4140 3837 4205 ﬁat,

2281 4219 2421 4289 quod
2443 4218 2685 4286 sequitur
2718 4219 2772 4271 in
2805 4219 3045 4285 Cantico,
3072 4221 3211 4279 unde
3251 4224 3352 4277 hoc
3394 4228 3659 4295 assumpsi
3685 4243 3842 4296 para-

2281 4310 2457 4375 digma
2485 4328 2498 4362 :
2540 4306 2722 4361 Veniat
2744 4308 2959 4362 dilectus
2995 4326 3138 4364 meus
3166 4312 3221 4365 in
3248 4313 3453 4366 hortum
3486 4332 3657 4379 suum,
3684 4327 3730 4370 et
3755 4334 3834 4371 co-

628 4374 727 4469 Ψίξ
750 4378 935 4469 imiimi
971 4377 1243 4469 Parium?
1263 4378 1545 4469 ίηβθηάθτθ
1597 4388 1836 4434 οοηθίυιπ
1869 4381 1992 4439 H330
2016 4392 2115 4450 es"
2148 4400 2181 4439 0
2207 4399 2258 4457 ι)
2280 4374 2452 4453 medat
2480 4401 2704 4469 fructum
2729 4417 2998 4469 pomorum
3030 4419 3262 4457 suorum.
3293 4406 3359 4459 Et
3377 4407 3520 4461 dicat
3540 4374 3841 4465 adolescen-

627 4465 933 4521 dulcissime
970 4466 1151 4530 David,
1199 4468 1387 4535 gloria,
1432 4468 1551 4523 laus
1570 4478 1624 4522 et
1658 4485 1862 4526 merces
1887 4479 1974 4526 tua
2023 4472 2178 4541 inju-

628 4550 767 4603 dicio
794 4552 897 4605 diei
940 4554 1139 4623 magni,
1188 4562 1242 4608 et
1262 4555 1314 4607 in
1334 4564 1588 4623 perpetuo
1614 4566 1918 4613 sanctorum
1963 4574 2180 4617 consor-

630 4638 734 4702 tio;
785 4646 846 4691 ut
874 4639 1273 4709 diligentissime
1294 4644 1564 4713 pepulum,
1617 4646 1945 4703 excellentia:
1986 4659 2179 4709 vestrae

698 4781 725 4841 ξ
753 4768 1253 4841 LocusAcorruptus.

688 4836 726 4917 ,δ
753 4834 1166 4920 Edit._Quercet.
1200 4844 1259 4920 l_,__
1279 4842 1455 4900 Canis.
1484 4846 1517 4900 5
1546 4845 1794 4916 (Froben.
1822 4849 1932 4920 38).
1966 4849 2174 4920 Scripta

631 4904 793 4986 fuisse
814 4904 1024 4986 videtur
1047 4924 1165 4986 non
1184 4911 1295 4986 _d_iu
1326 4904 1601 4986 postquam
1630 4904 1965 4986 monasterio
2007 4904 2174 4974 Ture;

630 4977 812 5057 pensi.
824 4978 997 5057 sancti
1046 4977 1255 5032 Martini
1288 4977 1478 5057 abbas"
1507 4984 1819 5057 praefectus,
1846 4986 1925 5057 ibi
1970 4989 2175 5045 scholas

634 5048 857 5108 aperuit,
887 5048 1026 5099 circa
1061 5048 1404 5101 annum.796.
1437 5048 1584 5115 Quod
1626 5054 1746 5107 inde
1792 5048 2011 5123 colligo,
2054 5060 2176 5124 quia

633 5108 757 5189 dum
785 5111 921 5165 hanc
948 5116 1222 5189 epistolam
1248 5116 1523 5189 scriberet,
1552 5122 1783 5175 nondum
1803 5124 2046 5189 provisus
2068 5126 2178 5178 fue-

634 5184 717 5230 rat
743 5182 1055 5236 necessariis
1085 5185 1149 5236 ad
1179 5184 1470 5237 docendum
1497 5188 1663 5243 libris.

704 5245 1061 5329 fhPuerulum.
1092 5250 1224 5329 Quis
1254 5252 1687 5329 illebCandidus
1714 5258 1978 5323 fortassis,
2022 5276 2181 5329 quem

635 5313 901 5389 multoties
924 5313 1195 5389 mittendis
1221 5321 1456 5389 epistolis
1479 5323 1735 5377 adhibuit.

656 5380 730 5460 ηδ
772 5381 1083 5460 H§ec_paulo
1127 5380 1280 5460 aliter
1322 5393 1449 5460 citat
1490 5390 1802 5447 Wilbclmus
1842 5395 2177 5450 Malmesbur.

634 5447 725 5501 lib.
742 5451 869 5529 _t_de
892 5447 1037 5529 G'est.
1066 5456 1533 5529 reg._.{\ngl.,‘eap.
1559 5459 1612 5518 5.
1637 5471 1690 5513 et
1716 5461 1806 5514 lib.
1834 5447 2180 5518 utdeCestis

633 5517 859 5598 pontiflt
894 5522 1076 5598 ¢__Date
1104 5517 1228 5598 mihi
1256 5517 1623 5598 exquisitiores
1644 5531 1956 5585 eruditionis
1980 5517 2183 5587 schola;

633 5587 780 5641 stic-.e
807 5587 1027 5655 libellos,
1064 5592 1245 5660 quales
1272 5593 1322 5646 in
1342 5587 1520 5663 'patria
1554 5598 1743 5662 habui,
1789 5612 1882 5667 per
1910 5601 2101 5656 bonam
2126 5612 2178 5658 et

2287 4491 2409 4545 tulis
2435 4492 2579 4545 suis:
2608 4489 2867 4545 Comedite
2902 4494 3056 4547 amici
3081 4497 3213 4561 mei,
3248 4496 3399 4550 bibite
3420 4508 3467 4552 et
3491 4499 3839 4563 inebriamiai,
3890 4498 3895 4501 ’

2233 4604 2249 4613 -
2284 4579 2593 4632 charissimi.
2626 4579 2737 4649 Ego
2769 4581 2988 4645 dormio,
3011 4592 3059 4634 et
3080 4598 3171 4635 cor
3191 4601 3359 4638 meum
3382 4585 3555 4655 vigilat
3584 4587 3757 4657 (Cant.
3782 4604 3838 4654 ν,

2286 4664 2338 4729 1,
2362 4664 2437 4735 2).
2468 4666 2559 4720 Vel
2582 4665 2709 4719 illud
2737 4668 3130 4721 exhortativum
3168 4672 3235 4724 ad
3274 4675 3589 4741 sapientiam
3632 4677 3840 4731 discen-

2283 4794 2675 4876 devotissima‘m
2701 4798 2939 4876 magistri
2974 4800 3076 4852 mei
3098 4800 3320 4876 _Egb_erti
3347 4805 3731 4875 archiepiscopi
3757 4808 3839 4860 in-

2283 4864 2562 4937 dustriam.
2603 4865 2667 4917 Et
2709 4866 2756 4937 si
2793 4864 2965 4933 placet
3001 4864 3271 4937 sapientiae
3314 4864 3837 4937 vestrm,‘rem'ittam

2282 4932 2488 5000 aliquos
2516 4947 2579 5014 ex
2610 4932 3029 5017 pueris’nostri’s,
3053 4932 3148 5058 gui
3176 4942 3443 5011 excipiant
3472 4932 3593 4999 inde
3616 4959 3843 5026 quaeque

2283 5016 2606 5058 necessaria.
2625 5013 2679 5056 et
2700 5006 2953 5058 revehant
2974 5022 3027 5058 In
3097 5010 3330 5058 ranciam
3353 5012 3513 5058 ﬂorea
3530 5012 3833 5058 Britannum

2283 5006 2606 5081 necessaria,
2625 5013 2679 5056 et
2700 5006 2953 5081 revehant
2974 5007 3027 5081 in
3053 5006 3331 5081 ξηιαηείεῴ
3353 5012 3513 5066 tlores
3529 5006 3839 5081 Britanniae,

2283 5077 2336 5122 et
2360 5085 2466 5149 non
2489 5071 2558 5122 sit
2587 5076 2947 5149 tantummodo
2977 5076 3028 5127 in
3048 5075 3293 5149 AEboraco
3320 5079 3508 5133 hortus
3530 5071 3834 5149 conclusus,

2283 5136 2375 5215 sed
2399 5138 2556 5215 etiam
2576 5138 2641 5215 .in
2667 5139 2931 5215 Turonica
2960 5143 3272 5215 emissiones
3306 5149 3557 5213 paradisi.
3592 5168 3610 5200 ι
3643 5148 3721 5203 Ex
3754 5136 3839 5205 bis

2284 5206 2389 5258 duo
2416 5205 2746 5285 colligimus:
2782 5209 3029 5285 primum,
3070 5205 3348 5285 Alcuinum
3396 5216 3619 5270 Eboraci
3664 5217 3837 5273 studia

2282 5288 2376 5355 sua
2398 5273 2728 5355 confecisse;
2766 5273 3348 5355 alterum_ve_r_o_mult_o
3372 5285 3692 5351 evidentius,
3730 5301 3839 5340 non

2282 5340 2504 5422 Lutetiae
2526 5341 2849 5422 Parisiorum
2875 5356 2967 5422 aut
2994 5348 3343 5422 i_n_Fuldensi_
3363 5340 3701 5422 monasterio,
3742 5356 3839 5411 sed

2281 5412 2335 5489 in
2362 5412 2577 5463 civitate
2605 5412 2875 5489 Turonum
2903 5415 2969 5468 ad
2990 5414 3234 5489 μεθύω
3272 5420 3507 5476 scholam
3535 5412 3831 5478 suam'ere-

2282 5481 2441 5538 xisse.
2472 5493 2501 5531 e
2527 5494 2629 5547 qua
2668 5481 2854 5538 deinde
2872 5481 3186 5553 prodierunt
3209 5495 3285 5544 tot
3298 5489 3410 5546 .viri
3438 5492 3676 5549 doctrina
3706 5491 3837 5547 insi.-

2282 5561 2430 5601 unes.
2467 5546 2727 5601 Bassam.

2282 5561 2430 5615 gues.
2468 5561 2727 5603 DASNAGB.
