4238 6192
364 334 468 389 209

1808 327 2157 386 εριδτοωε
2169 368 2182 384 .

3475 337 3582 391 2H)

366 448 488 500 dam
508 444 655 498 Isaia:
680 446 948 513 propheta:
975 443 1199 515 elogium
1226 463 1238 497 :
1278 444 1465 498 Omnes
1503 444 1728 496 sitientes
1756 441 1915 494 venite
1948 445 1991 500 Λ
2019 446 2170 493 suam
2194 440 2429 497 honestis
2452 443 2654 497 artibus
2674 444 3061 506 instruxerunt;
3082 453 3143 497 et
3156 440 3208 495 in
3234 441 3350 513 lege
3371 443 3592 501 Domini

368 534 435 587 ad
464 549 662 602 aquas:
696 543 745 586 et
785 535 872 604 qui
908 551 1009 587 non
1058 534 1253 587 habetis
1285 542 1550 602 argentum
1570 571 1584 594 ,
1616 538 1916 599 properate,

367 622 535 685 emite,
561 630 607 674 et
635 622 921 675 eomedite:
969 619 1164 684 Venite,
1192 622 1358 683 emite,
1397 621 1585 690 absque
1614 625 1843 687 argento,
1875 624 1921 667 et

368 710 556 778 absque
589 709 697 762 ulla
732 710 1127 764 commutatione
1153 711 1324 762 sinum
1352 720 1400 763 et
1425 709 1508 762 lac
1535 708 1667 777 (Isa.
1699 722 1784 770 ιν,
1816 706 1889 775 1).

438 799 565 853 Ῑίαξο
610 806 736 853 sunt
781 814 898 866 qua:
947 806 1124 853 vestra
1172 797 1504 851 nobilissima
1550 798 1791 850 intentio
1820 810 1931 849 non

370 886 595 955 ignorat,
624 884 886 953 quomodo
905 900 1001 953 per
1024 900 1209 939 omnes
1238 893 1433 938 sancta:
1464 883 1753 953 Scriptura:
1780 883 1926 950 pagi-

369 988 468 1027 nas
495 972 840 1027 exhortamur
862 974 930 1026 ad
969 973 1284 1040 sapientiam
1319 972 1644 1027 discendam.
1691 970 1775 1024 Nil
1808 985 1927 1025 esse

370 1062 437 1115 ad
472 1062 682 1116 beatam
726 1062 890 1115 vitam
937 1061 1218 1116 sublimius
1270 1061 1680 1130 adipiscendam,
1731 1060 1805 1114 nil
1860 1059 1928 1114 ad

370 1151 685 1206 exercitium
704 1150 1004 1217 jucundius,
1042 1152 1116 1205 nil
1140 1160 1327 1207 contra
1352 1153 1479 1208 vitia
1519 1151 1727 1215 fortius,
1773 1151 1848 1204 nil
1874 1152 1926 1204 in

371 1241 514 1294 omni
540 1241 791 1309 dignitate
826 1241 1179 1307 laudabilius;
1218 1244 1380 1297 etiam
1415 1252 1469 1296 et
1501 1242 1788 1295 secundum
1814 1242 1931 1309 phi-

370 1327 710 1396 losophorum
736 1328 877 1383 dicta
904 1329 978 1381 nil
998 1330 1065 1383 ad
1095 1331 1384 1399 regendum
1408 1330 1659 1400 populum
1684 1344 1932 1384 necessa-

373 1419 505 1481 rius,
537 1418 612 1471 nil
644 1419 709 1473 ad
751 1419 1173 1487 componendam
1203 1420 1255 1472 in
1293 1420 1521 1488 optimos
1562 1434 1739 1473 mores
1756 1418 1930 1472 vitam

371 1506 583 1570 melius,
613 1522 771 1576 quam
807 1508 1082 1575 sapientiae
1107 1508 1287 1571 decus,
1315 1518 1373 1562 et
1397 1509 1689 1578 disciplina:
1727 1508 1843 1561 laus
1880 1513 1935 1560 et

372 1596 687 1650 eruditionis
721 1595 973 1652 ellicacia.
1008 1598 1157 1654 Unde
1192 1607 1248 1654 et
1274 1601 1338 1655 de
1367 1601 1524 1655 laude
1551 1601 1693 1655 illius
1721 1601 1935 1670 sapien-

373 1686 609 1739 tissimus
635 1686 899 1765 exclamat
932 1687 1074 1759 [Al.,
1113 1690 1392 1762 explanat]
1422 1691 1671 1746 Salomon
1699 1710 1711 1743 :
1750 1689 1937 1744 Melior

374 1782 448 1825 est
467 1758 719 1841 sapientia
745 1777 942 1828 cunctis
965 1758 1392 1845 pretiosissimis;
1417 1789 1465 1832 et
1490 1796 1637 1833 omne
1664 1780 1931 1832 desidera-
1960 1758 2008 1817 Β

377 1861 474 1914 bile
516 1862 563 1914 ei
602 1877 705 1937 non
741 1871 903 1929 potest
944 1867 1254 1933 comparari.
1292 1866 1419 1920 Hac
1452 1876 1527 1920 est
1562 1883 1677 1936 qua:
1713 1865 1931 1920 humiles

378 1948 589 2011 exultat,
604 1965 719 2019 qua
738 1950 978 2005 sublimes
997 1953 1241 2021 honorat.
1255 1953 1357 2007 Per
1377 1954 1520 2008 illam
1538 1971 1679 2024 reges
1696 1964 1931 2025 regnant,

378 2047 426 2092 et
452 2038 619 2108 legum
640 2039 927 2094 conditores
945 2041 1094 2109 justa
1116 2042 1413 2096 decernunt.
1445 2043 1549 2097 Per
1567 2042 1714 2097 illam
1738 2044 1933 2113 princi-

378 2147 464 2200 pes
496 2131 746 2200 imperant
790 2140 837 2184 et
878 2140 1102 2200 potentes
1138 2132 1417 2187 decernunt
1455 2134 1739 2203 justitiam.
1788 2133 1937 2186 Beati

380 2219 469 2287 qui
502 2219 795 2272 custodiunt
820 2220 927 2273 eius
953 2220 1085 2288 ejus,
1114 2229 1160 2273 et
1195 2220 1328 2273 beati
1354 2222 1442 2290 qui
1470 2219 1681 2291 vigilant
1705 2220 1773 2275 ad
1790 2220 1938 2289 fores

378 2306 521 2361 illius
546 2309 774 2377 quotidie
809 2308 988 2378 (Prov.
1030 2325 1159 2373 vui,
1198 2309 1258 2362 ll
1290 2307 1476 2379 seqq.).
1504 2297 1589 2362 Ad
1629 2309 1767 2363 hanc
1793 2308 1939 2362 omni

381 2395 557 2448 studio
578 2395 882 2449 discendam
904 2404 957 2449 et
976 2396 1282 2462 quotidiano
1296 2395 1550 2449 exercitio
1566 2396 1940 2463 possidendam

314 2542 323 2553 ,
381 2484 697 2547 exhortare,
747 2484 940 2539 domne
982 2500 1106 2551 rex,
1145 2485 1369 2555 juvenes
1394 2500 1633 2554 quosque
1659 2486 1713 2540 in
1742 2484 1940 2555 palatio

380 2572 707 2628 excellentia:
734 2582 943 2639 vestrae,
974 2584 1237 2644 quatenus
1280 2576 1333 2629 in
1363 2591 1425 2631 ea
1463 2575 1744 2646 proﬁciant
1786 2582 1942 2630 aetate

380 2660 607 2727 ﬂorida,
658 2671 717 2716 ut
767 2662 833 2717 ad
877 2665 1134 2720 honorem
1159 2666 1408 2720 canitiem
1455 2680 1605 2720 suam
1650 2665 1942 2734 perducere

381 2753 527 2822 digni
556 2754 879 2819 habeantur,
920 2764 972 2809 et
1014 2772 1108 2826 per
1132 2770 1251 2809 eam
1277 2755 1342 2808 ad
1375 2764 1686 2823 perpetuam
1729 2752 1940 2807 valeant

380 2842 657 2911 pervenire
677 2842 1075 2897 beatitudinem.
1105 2846 1215 2914 Ego
1239 2859 1384 2910 vero,
1409 2846 1699 2899 secundum
1726 2845 1940 2900 modum

382 2930 631 2999 ingenioli
658 2932 779 2995 mei,
805 2933 943 3001 apud
969 2948 1150 2988 servos
1170 2942 1378 2989 vestros
1406 2936 1458 2989 in
1487 2935 1572 2990 his
1595 2935 1838 3005 partibus
1860 2948 1944 2989 se-

382 3021 587 3075 minare
616 3022 887 3091 sapientiai
904 3038 1068 3092 grana
1090 3039 1277 3093 segnes
1303 3025 1431 3097 [Al.,
1463 3024 1661 3095 segnis]
1691 3040 1796 3079 non
1822 3039 1937 3087 ero,

387 3125 613 3175 memor,
631 3111 771 3167 illius
805 3114 1115 3168 sententiae:
1151 3113 1306 3168 Mane
1344 3116 1541 3167 semina
1570 3130 1740 3166 semen
1772 3124 1936 3175 tuum,

383 3206 432 3250 et
477 3214 675 3267 vespere
723 3216 825 3253 non
858 3210 1011 3254 cesset
1053 3217 1237 3254 manus
1281 3211 1409 3265 tua;
1446 3202 1567 3270 quia
1610 3203 1771 3255 nescis
1818 3202 1942 3270 quid

383 3291 548 3359 magis
581 3291 799 3352 oriatur,
830 3291 924 3343 hoc
946 3308 1013 3342 an
1044 3290 1193 3342 illud.
1223 3290 1291 3342 Et
1323 3292 1367 3344 si
1389 3301 1605 3361 utraque
1625 3291 1799 3356 simul,
1835 3308 1943 3347 me-

385 3379 485 3431 lius
509 3388 585 3431 est
612 3377 804 3448 (Eccle.
836 3394 909 3441 xx,
938 3378 1012 3447 6).

458 3478 483 3505 ι
518 3465 671 3519 Mane
705 3465 833 3536 [Αι.,
865 3465 1048 3537 Multa]
1072 3464 1380 3521 ﬂorentibus
1402 3482 1503 3535 per
1524 3476 1730 3522 aetatem
1757 3468 1947 3521 studiis

385 3557 640 3610 seminavi
658 3557 709 3609 in
729 3557 1019 3611 Britannia.
1043 3556 1193 3612 Nunc
1206 3573 1331 3612 vero
1351 3558 1669 3628 frigescente
1692 3558 1946 3627 sanguine

387 3645 539 3715 quasi
569 3659 788 3713 veSpere
816 3645 870 3698 in
897 3644 1121 3699 Francia
1143 3646 1406 3700 seminare
1439 3661 1543 3699 non
1573 3659 1741 3698 cesso.
1785 3644 1943 3697 Utra-

388 3750 492 3804 que
517 3735 679 3801 enim,
706 3735 800 3788 Dei
825 3734 995 3804 gratia
1021 3735 1269 3798 donante,
1297 3734 1427 3787 oriri
1452 3741 1659 3799 optans.
1691 3730 1815 3784 Mihi
1843 3731 1944 3785 fra-

389 3834 478 3879 cto
502 3840 723 3894 corpore
751 3824 941 3878 solatio
983 3832 1066 3879 est
1107 3825 1367 3878 sententia
1414 3823 1580 3877 sancti
1615 3822 1941 3893 Hieronymi,

390 3912 480 3981 qui
502 3913 577 3965 ait
598 3913 651 3965 in
672 3912 893 3979 epistola
910 3910 1101 3981 (Epist.
1121 3911 1209 3982 52)
1228 3913 1294 3966 ad
1313 3911 1692 3979 Nepotianum:
1713 3931 1731 3963 ι
1752 3912 1946 3968 Omnes

388 4014 524 4071 pene
552 3997 657 4071 54
681 4000 905 4054 virtutes
931 4001 1169 4068 corporis
1212 4009 1484 4055 mutantur
1512 4002 1565 4056 in
1601 4004 1814 4058 senibus
1838 4043 1852 4065 ,
1894 4009 1948 4056 et

391 4098 664 4144 crescente
693 4088 803 4144 sola
832 4090 1087 4159 sapientia
1113 4090 1427 4144 decrescunt
1449 4100 1662 4146 cetera.
1694 4112 1712 4145 ι
1741 4092 1806 4145 Et
1828 4098 1947 4160 post

2020 530 2256 584 meditati
2285 539 2408 585 sunt
2435 530 2518 585 die
2544 547 2605 585 ac
2631 539 2805 594 nocte,
2832 538 2985 585 :etate
3002 531 3076 584 'ﬁt
3098 530 3324 595 doctior,
3350 547 3450 587 usu
3485 537 3594 587 tri+

2022 616 2156 680 tior,
2188 632 2439 686 processu
2468 618 2722 686 temporis
2750 618 3077 685 sapientior;
3110 627 3164 672 et
3188 628 3428 673 veterum
3465 630 3602 675 stum

2024 705 2230 758 diorum
2255 704 2586 759 dulcissimos
2613 703 2818 761 fructus
2858 706 3030 760 metit.
3066 725 3086 758 ι
3121 707 3178 760 In
3208 722 3314 776 qua
3339 706 3610 775 epistola,
3668 742 3671 751 ι

2024 795 2089 848 de
2130 794 2402 861 sapientiae
2431 793 2604 859 laude,
2629 803 2683 848 et
2708 803 2945 849 veterum
2982 797 3172 852 studiis
3212 798 3362 867 plura
3389 806 3583 865 potest,
3606 840 3613 847 .
3640 844 3647 849 .

2023 884 2109 937 cui
2132 882 2411 951 placuerit,
2449 884 2642 951 legere,
2669 891 2723 937 et
2751 884 3045 953 intelligere
3082 894 3341 955 quantum
3378 895 3614 940 veteres-

2026 973 2080 1025 in
2108 972 2298 1026 decore
2330 971 2602 1040 sapientize
2628 971 2819 1037 ﬂorere
2862 973 3196 1029 studuerunt.
3231 975 3291 1028 ln
3319 974 3459 1029 hanc
3486 987 3573 1027 ves

2026 1068 2191 1114 stram
2216 1060 2324 1115 Deo
2347 1050 2648 1123 amabilem,
2672 1069 2727 1114 et
2748 1060 2871 1114 vitae
2894 1060 3214 1114 laudabilem
3230 1076 3449 1129 semper
3469 1076 3592 1129 pro-

2028 1148 2188 1203 ﬁcere
2209 1155 2264 1203 et
2291 1147 2520 1217 gaudere
2547 1148 2737 1217 agnovi
2777 1148 3133 1217 diligentiam;
3181 1158 3235 1203 et
3260 1150 3588 1208 nobilitatem

2028 1238 2299 1295 saecularis
2342 1238 2602 1309 prosapiae
2651 1237 2852 1307 majore
2896 1239 3091 1293 mentis
3114 1238 3393 1294 nobilitate
3428 1254 3612 1294 exor-v

2029 1342 2178 1381 nare.
2205 1327 2262 1381 ln
2286 1342 2391 1395 qua
2418 1327 2679 1381 Dominus
2703 1334 2886 1381 noster
2919 1325 3073 1381 Iesus
3092 1325 3361 1390 Christus,
3390 1327 3483 1395 qui
3509 1333 3615 1380 estv

2029 1415 2201 1469 virtus
2222 1423 2276 1468 et
2302 1415 2561 1483 sapientia
2586 1412 2702 1480 Dei,
2729 1422 2783 1469 te
2810 1416 3094 1480 custodiat,
3125 1422 3179 1470 et
3206 1414 3421 1479 exultet,
3443 1422 3499 1469 et
3523 1415 3592 1468 ad

2031 1502 2253 1571 gloriam
2291 1502 2461 1557 beata:
2495 1508 2551 1555 et
2588 1509 2870 1570 perpetuae
2900 1498 3123 1557 visionis
3163 1517 3272 1557 suae
3314 1501 3596 1570 pervenire

2036 1592 2215 1649 tam"
2518 1657 2549 1699 ι
2568 1659 2893 1715 EPISTOLA
2932 1659 3110 1714 xuv.

2408 1770 2487 1807 AD
2540 1767 2885 1806 DANOETA!
2945 1766 3209 1805 ι-ἰιιυιι.

2635 1820 2807 1891 (Anno
2834 1819 2979 1891 796.)

2035 1909 2292 1978 Prospera
2332 1916 2571 1976 precatur
2596 1907 2737 1978 eunti
2768 1908 2823 1978 in
2858 1909 3087 1978 hostem,
3127 1919 3173 1962 et
3210 1908 3274 1962 de
3311 1909 3594 1961 amicorum

2600 1974 2737 2027 dolet
2760 1975 3013 2029 absentia.

2103 2028 2325 2118 Flaccus
2348 2062 2571 2117 Albinus
2602 2073 2623 2099 ε
2657 2061 2836 2124 Flavio
2865 2063 3119 2118 Damoetae
3147 2062 3254 2117 ﬁlio
3284 2063 3598 2117 charissima

2038 2155 2283 2210 salutem.

2109 2246 2235 2301 Tua:
2259 2245 2563 2315 congaudeo
2591 2243 2881 2310 dilectioni,
2907 2253 2961 2299 et
2987 2251 3249 2314 praestatis:
3286 2241 3595 2314 [praestita]

2038 2333 2159 2389 ﬁdei
2186 2333 2559 2403 mngratnlor:
2595 2333 2719 2403 quia
2748 2349 2958 2402 semper
2983 2334 3178 2402 ubique
3204 2342 3257 2387 te
3280 2332 3487 2387 ﬁdelem
3518 2331 3598 2383 in-

2038 2424 2156 2477 veni
2182 2456 2213 2488 ,ς
2240 2430 2294 2476 et
2322 2421 2636 2477 benevolum
2665 2437 2788 2492 erga
2827 2436 2911 2476 me
2947 2423 3157 2492 agnovi,
3186 2423 3325 2476 sicut
3351 2410 3517 2475 ﬁlium
3545 2421 3599 2473 in

2039 2522 2286 2583 patrem:
2326 2527 2426 2567 nec
2452 2512 2610 2567 aliter
2634 2511 2829 2576 inveni,
2860 2512 2962 2565 nisi
2988 2519 3046 2565 ut
3072 2511 3316 2565 voluntas
3347 2519 3435 2564 tua
3462 2522 3600 2563 sem-

2038 2618 2136 2675 per
2166 2617 2338 2657 meam
2377 2603 2659 2658 subsecuta
2706 2607 2787 2656 est
2828 2601 3175 2660 voluntatem.
3220 2599 3343 2655 ldeo
3385 2597 3597 2652 taedium

2039 2694 2200 2748 habet
2222 2693 2435 2747 animus
2459 2707 2610 2746 meus
2638 2692 2701 2745 de
2730 2692 2966 2745 absentia
2993 2689 3143 2744 faciei
3173 2697 3305 2744 tuae:
3342 2696 3517 2741 tamen
3548 2686 3602 2739 in

2040 2777 2302 2834 charitate
2346 2776 2523 2831 cordis
2552 2776 2656 2828 mei
2705 2783 2756 2828 te
2797 2790 3006 2843 semper
3046 2780 3360 2845 praesentem
3389 2771 3598 2836 habeo,

2040 2865 2312 2934 Deumque
2338 2878 2434 2932 pro
2462 2871 2548 2916 tua
2578 2862 2832 2930 deprecor
2872 2863 3246 2931 prosperitate,
3281 2871 3339 2914 ut
3382 2868 3437 2915 te
3470 2860 3602 2915 mihi

2042 2956 2096 3009 in
2125 2954 2396 3024 gaudium,
2424 2952 2625 3022 tibique
2655 2951 2753 3020 ipsi
2778 2952 2831 3005 in
2859 2951 3085 3006 salutem
3114 2950 3365 3021 longrevis
3387 2963 3601 3004 conser-

2045 3059 2175 3099 vare
2202 3043 2445 3113 dignetur
2472 3041 2816 3111 temporibus.
2852 3040 2958 3096 Sed
2986 3041 3138 3096 valde
3179 3038 3435 3095 sollicitus
3478 3052 3602 3092 sum

2042 3133 2067 3173 δ
2096 3134 2162 3188 de
2185 3134 2376 3188 itinere
2404 3142 2507 3187 tua:
2532 3132 2875 3203 profectionis
2898 3133 2950 3186 in
2978 3134 3206 3198 hostem,
3226 3132 3349 3202 quia
3372 3130 3603 3201 plurima

2046 3221 2216 3277 solent
2252 3222 2308 3275 in
2350 3221 2542 3274 talibus
2568 3220 2778 3274 evenire
2817 3221 3048 3290 pericula
3077 3223 3254 3276 rebus.
3288 3220 3487 3274 Tamen
3512 3218 3603 3286 qui

2038 3307 2299 3377 justitiam
2320 3308 2479 3362 habet
2508 3306 2666 3361 eundi
2688 3316 2741 3375 et
2759 3322 2856 3377 pro
2878 3308 2987 3362 Deo
3013 3308 3337 3372 decertandi,
3352 3306 3599 3382 ﬁduciam

2044 3410 2221 3472 potest
2246 3401 2445 3455 habere
2474 3401 2538 3455 de
2563 3399 2943 3475 auxilioillius,
2976 3416 3072 3471 pro
3094 3402 3246 3470 cujus
3272 3412 3454 3454 amore
3478 3405 3600 3450 tan-

2048 3499 2156 3542 tum
2195 3488 2375 3541 subire
2421 3486 2653 3540 laborem
2707 3504 2813 3542 non
2861 3487 3127 3543 formidat.
3176 3487 3255 3541 Tu
3296 3499 3422 3539 vero
3451 3494 3474 3521 °
3506 3483 3604 3536 iter

2046 3586 2195 3631 tuum
2219 3573 2551 3642 confessione
2578 3562 2911 3639 conﬁrmare,
2940 3575 3290 3644 eleemosynis
3324 3572 3601 3632 rohorare,
3638 3606 3645 3615 .

2044 3664 2374 3733 orationibus
2402 3678 2675 3717 servorum
2702 3662 2793 3715 Dei
2818 3664 3049 3731 undique
3072 3662 3281 3715 munire
3302 3665 3600 3714 memento:

2046 3761 2104 3808 ut
2133 3751 2352 3821 angelus
2379 3750 2587 3805 Domini
2622 3758 2675 3805 te
2702 3750 2842 3803 inter
2867 3750 3041 3803 omnia
3070 3748 3292 3802 adversa
3318 3755 3530 3804 tueatur
3549 3760 3603 3804 et

2045 3842 2357 3903 comitetur,
2401 3846 2662 3908 quatenus
2701 3854 2820 3893 cum
2855 3838 3142 3894 securitate
3180 3835 3344 3891 vadas
3387 3846 3441 3893 et
3481 3854 3608 3894 cum

2044 3944 2175 4001 pace
2202 3927 2507 3982 revertaris.

2115 4017 2217 4088 55
2245 4018 2355 4085 Ego
2382 4033 2532 4085 pene,
2561 4017 2711 4084 quasi
2734 4016 2951 4070 orbatus
2978 4014 3120 4079 ﬁliis,
3165 4026 3414 4069 remaneo
3435 4013 3611 4069 domi-

2045 4104 2282 4158 Damoeta
2306 4102 2613 4167 Saxoniam,
2638 4103 2897 4157 Homerus
2918 4102 3147 4163 Italiam.
3176 4101 3194 4138 ί
3210 4098 3476 4156 Candidus
3494 4100 3607 4153 Bri-

391 4176 662 4246 paululum
688 4194 700 4230 :
743 4196 762 4230 ‹
793 4177 1048 4233 δεηθείης
1063 4192 1192 4235 vero
1211 4194 1395 4233 eorum
1418 4181 1507 4250 qui
1536 4181 1944 4236 adolescentiam
2045 4192 2281 4248 tanniam
2308 4193 2551 4258 recessit,
2579 4190 2836 4247 Martinus
2880 4193 2904 4231 s
2930 4190 2986 4245 in
3014 4191 3179 4246 Vicos
3196 4189 3335 4260 apud
3364 4188 3421 4243 s,
3449 4186 3607 4241 Jodo.

462 4342 489 4370 ι
520 4330 675 4402 itane
706 4369 719 4383 .
844 4369 859 4384 .
898 4333 1144 4402 seminavi
1184 4333 1238 4385 in
1270 4332 1564 4386 Britannia.
1611 4332 1737 4386 lude
1780 4333 1943 4402 aliqui

394 4399 733 4467 concludunt,
762 4399 1042 4467 Alcuinum
1080 4401 1371 4467 praecipuas
1396 4402 1791 4454 Britanniarum
1824 4399 1946 4455 aca-

395 4466 599 4520 demias
613 4466 977 4537 perlustrasse.
995 4466 1193 4537 Ferunt
1215 4466 1443 4537 Annales
1462 4468 1942 4537 Cantabrigienses,

2044 4346 2285 4415 praelium
2298 4345 2669 4415 sacramentali
2696 4344 3024 4415 confessione
3035 4341 3467 4415 peccataexpiet,
3490 4340 3615 4397 laus

2047 4409 2171 4469 dato
2199 4414 2389 4493 priscis
2413 4414 2668 4491 militibus
2694 4427 2860 4475 more,
2921 4412 2972 4489 ui
3002 4409 3055 4464 et
3081 4425 3110 4463 a
3148 4412 3221 4464 ud
3250 4409 3606 4470 Normannos.

2048 4485 2115 4529 de
2138 4482 2329 4529 ﬂlllblls
2359 4479 2573 4529 Wilhel.
2602 4427 2992 4529 Malmesbﬂnb.
3020 4426 3257 4529 triﬁlem
3281 4476 3460 4529 Anal..
3490 4483 3604 4529 tota

398 4476 599 4547 ςιεωίεε
613 4476 977 4547 Ρθῖιυε,ι¹’³⁵⁵θς
995 4476 1193 4547 [⁸1⁸311³⁸
1215 4476 1443 4547 ἑηηθέθε
1462 4476 1945 4547 (λῆῐξίθῐξτίεῖθηὶθδι
2048 4485 2115 4536 de
2138 4476 2329 4547 quibus
2359 4479 2573 4547 Wilhel.
2602 4479 2869 4532 Malmesb.
2900 4476 2992 4531 lib.
3020 4476 3257 4545 mJleg.
3281 4476 3460 4546 Angl.,
3490 4483 3604 4547 t_ota

396 4536 537 4615 ἥλῳ
562 4535 835 4615 academia
862 4542 982 4615 post
1005 4534 1199 4615 Bedam
1229 4535 1473 4615 docuisse
1510 4534 1812 4615 Alcuimim.
1843 4538 1947 4593 Sed

2047 4534 2207 4604 nocte
2252 4545 2572 4601 confessioni
2618 4555 2957 4615 peccatorum
3001 4534 3269 4615 vacantes,
3320 4534 3474 4599 mane
3500 4544 3608 4599 Do—

396 4601 1048 4683 nihilobstatquo‘minus
1088 4603 1311 4683 Eboraci
1337 4619 1642 4683 remanens,
1690 4606 1743 4658 in
1781 4614 1947 4683 totam

2048 4601 2243 4672 minieo
2267 4630 2491 4683 corpore
2518 4601 3010 4678 conimunicarunt;
3059 4601 3266 4682 pedites
3298 4628 3420 4668 cum
3446 4628 3605 4667 arcu-

395 4670 1403 4765 éﬂslii'.'§.£'2?}f“l'~f_'.“_§eri.eiu‘l‘ifif:
1435 4673 1609 4765 Ei“:
1628 4674 1950 4765 "EPW-
2011 4711 2015 4715 ’
2047 4670 2147 4765 ius
2176 4693 2230 4765 at
2254 4670 2506 4765 εειβίῖιιίεε.
2515 4694 2619 4765 elc-
2649 4683 2826 4763 ομιε·

398 4747 485 4809 tur
507 4740 823 4803 evidentius,
852 4756 1032 4795 senem
1063 4741 1228 4809 fuisse
1249 4740 1551 4809 Alcuinum,
1581 4758 1702 4797 cum
1731 4740 1950 4797 Turoni-

2066 4740 2069 4741 ⁷
2123 4752 2143 4791 ί
2172 4740 2437 4808 Candidus
2462 4740 2804 4807 Britanniam.
2836 4749 2987 4804 Hunc
3006 4747 3605 4806 Candidum'Lindisfar-

395 4806 497 4892 ΜΞ
520 4809 757 4892 €999“?
786 4806 1288 4892 e'e‘."-}}‘S.€i“=F-..
1327 4878 1382 4892 ._
1416 4878 1473 4892 ,η
1538 4806 1552 4892 ζ
1645 4861 1772 4892 -_-.
2049 4806 2513 4892 ηεηείεεοοιθέὲέε.
2536 4817 3141 4892 αιιξωιιιδιηνλιῐεεδὲιάὶ
3176 4818 3408 4889 episcopi
3442 4815 3602 4892 άξερέ-

467 4876 497 4960 ξ
524 4877 678 4960 Edita
697 4877 944 4960 Quercet‘.
976 4876 1292 4960 95,.‘Canisii
1314 4878 1382 4932 47
1410 4878 1807 4960 (Froben._..3_9)._

2048 4890 2232 4959 pulum
2260 4890 2389 4946 facit
2426 4889 2686 4960 Lelandus
2713 4887 2780 4941 de
2814 4876 3017 4957 Script.
3049 4876 3306 4960 Britanna
3470 4882 3603 4960 .100,

470 4956 494 4985 α
524 4944 1001 5028 ξιαεξᾳουωπωξω.
1048 4946 1234 4999 Fuisse
1274 4944 1950 5028 hunc'virum‘illustrem,
2135 4960 2256 5023 1'53,
2295 4944 2400 5028 ubi,
2423 4956 2588 5028 refers
2611 4944 2965 5028 fragmentuxj
3011 4956 3241 5028 epistolae
3279 4944 3482 5028 Alcuini
3527 4944 3601 5028 ad

566 5014 872 5097 Ψίιίιξφφξθ
896 5022 1364 5097 “teneamur”?
1393 5015 1587 5097 QEO
1610 5020 1665 5094 εξ
1709 5016 1951 5097 ξείιιιειιιί
2050 5014 2296 5083 eumdem
2342 5014 2725 5097 lligebaldum:
2754 5040 2859 5093 quo
2885 5014 3194 5097 Candidum
3226 5019 3401 5097 tacito
3426 5018 3605 5097 studio

2052 5098 2280 5220 aptent;
2321 5086 2461 5216 quid
2491 5092 2608 5147 vid.
2627 5086 2969 5175 supraepist.
3010 5093 3044 5146 8
3076 5091 3239 5160 (nunc
3278 5088 3351 5157 9),
3385 5088 3451 5141 ad
3474 5086 3603 5141 Lin-

2156 5179 2379 5219 amense
2413 5200 2436 5214 .
3177 5184 3184 5191 -

2156 5178 2436 5219 amenses.
3177 5184 3184 5191 '

2128 5236 2153 5273 ⁸
2180 5232 2247 5286 1η
2286 5231 2431 5300 Vicos
2456 5231 2605 5300 apud
2622 5230 2689 5286 S.
2710 5230 2988 5300 Jodocum.
3011 5228 3087 5300 De
3115 5223 3335 5300 cella_S‘.
3355 5223 3541 5300 _Jodo_ci
3571 5239 3601 5275 a

2054 5301 2242 5356 Carolo
2274 5299 2463 5353 collata
2488 5291 2742 5365 'Alcuino,
2782 5299 2901 5352 alibi
2926 5296 3187 5365 diximus.
3237 5294 3458 5365 Ex;hoc
3484 5291 3602 5346 loco

2054 5369 2297 5439 Baluzius
2326 5367 2381 5439 in
2403 5376 2514 5439 not.
2561 5370 2628 5424 ad
2651 5363 2890 5439 epist}!
2920 5364 3054 5439 Lupi
3084 5363 3290 5439 abbatis
3314 5363 3602 5419 Ferraren-

2004 5472 2017 5485 ι
2055 5438 2128 5493 sis
2166 5436 2384 5506 colligit,
2428 5438 2630 5506 Victam
2660 5433 3176 5506 seuAQuenta’vicutg
3212 5433 3350 5506 idem
3387 5444 3503 5487 esse
3538 5445 3601 5483 ac

2057 5500 2435 5562 monasterium
2489 5508 2547 5561 S.
2602 5503 2780 5559 Jodoci
2811 5542 2825 5567 ,
2876 5502 3067 5572 vulgo,
3135 5500 3604 5559 Saint-Josss—sur-

2054 5588 2183 5625 mer.

842 5029 872 5068 e
896 5022 1187 5082 strenuum,
1220 5022 1364 5082 patet
1393 5029 1457 5067 ex
1486 5015 1587 5082 hac
1610 5020 1665 5067 et
1709 5016 1951 5082 sequenti

400 5083 645 5149 epistola,
668 5083 759 5162 ubi
776 5081 1013 5162 .huncjn
1035 5081 1269 5162 exercitu
1286 5081 1471 5143 Caroli
1497 5081 1691 5153 Magni,
1718 5081 1952 5163 Saxones

400 5150 738 5217 debellatur],
769 5165 878 5217 ,ιω-ι
903 5151 1127 5204 dicundo
1168 5150 1331 5205 fuisse
1363 5151 1672 5217 przefectum
1698 5150 1860 5217 liquet
1886 5167 1953 5205 ex

402 5166 738 5231 uenenatum,
769 5166 878 5217 ,ιω-ι
903 5166 1127 5229 dicundo
1168 5166 1331 5205 tuisse
1363 5166 1672 5219 prietecwm
1698 5166 1860 5231 liquet
1886 5167 1953 5205 ex

402 5216 486 5270 his
506 5218 721 5272 verbis:
775 5218 1195 5299 ludiversanrurn
1241 5221 1423 5274 auditu
1448 5236 1725 5275 causarum
1742 5221 1955 5288 justitia

401 5300 599 5354 super
625 5296 820 5340 resonet
844 5288 899 5339 in
922 5303 1029 5340 ore.
1059 5286 1239 5343 Catus.
1738 5286 1756 5317 ⁵

442 5352 498 5435 ,τι
524 5353 602 5408 De
626 5355 829 5435 itinere_
1190 5357 1452 5435 Saxones,
1472 5364 1557 5435 ‘ut
1784 5356 1858 5435 Id.
1878 5358 1956 5435 fa-

406 5428 549 5502 ctum
573 5430 754 5502 censet
780 5422 1275 5502 Mabilloniusanno
1304 5426 1424 5502 7_85_.
1472 5425 1956 5502 Prteplacetppinio

407 5491 577 5570 Pagii,
606 5492 718 5561 qui,
758 5507 905 5547 num.
931 5493 1020 5558 22,
1055 5494 1288 5562 epistola
1332 5494 1454 5547 huic
1487 5491 1683 5547 annum
1730 5491 1830 5549 796
1872 5510 1955 5549 as-

396 5569 647 5717 :an
669 5639 813 5685 tuum
843 5630 1173 5700 confessione.
1207 5628 1458 5686 Hortatur
1480 5632 1700 5688 militem
1730 5642 1788 5689 ut
1833 5642 1955 5687 ante
