2113 3099
201 176 249 203 ω

442 239 454 253 ιι
468 233 632 261 EPISTOLA
650 233 752 261 XLVII.

375 275 410 294 AD
426 268 535 295 born-
554 275 640 295 ltscsu
659 275 821 295 lsactonutt.
850 293 852 297 Α

498 303 585 337 (Anno
603 303 679 338 796.)

202 344 311 373 Nuntiat
331 345 456 374 Carolum
471 349 538 382 genti
560 348 831 375 Nortlmnumbrorum
844 349 939 374 iratum
956 347 986 374 ob

433 390 519 409 necem
531 383 597 417 regis
610 382 753 409 Ethelredi.

233 425 307 453 Sciat
324 428 478 454 veneranda
499 427 608 455 dilectio
624 432 714 455 vestra
728 428 799 462 quod
813 426 927 454 domnus
940 434 988 454 rex

201 469 311 498 Carolus
325 471 478 499 amabiliter
489 476 516 499 et
531 472 645 509 ﬁdeliter
659 480 729 506 saepe
741 473 847 499 locutus
866 475 908 498 est
930 479 987 498 me-

201 522 261 541 cum
273 516 304 542 de
316 514 401 546 vobis,
417 521 444 544 et
455 516 481 543 in
497 524 529 543 eo
538 516 643 544 habetis
656 516 842 544 ﬁdelissimum
855 516 983 543 amicum.

200 558 260 586 Ideo
271 565 298 587 et
309 565 404 588 vestra:
416 561 552 589 dilectioni
567 561 647 596 digna
663 561 755 597 dirigit
766 562 881 588 'muncra
895 564 923 587 et
940 568 987 594 per

200 602 364 637 episcopales
372 604 449 631 sedes
458 604 531 639 regni
541 605 633 632 vestri.
642 604 773 632 Similiter
781 604 924 631 Ethelredo
931 604 986 638 regi

199 653 225 674 et
232 648 264 674 ad
272 654 335 674 suas
341 648 528 682 episcoporum
536 648 614 675 sedes
627 654 637 667 ε
654 649 723 675 dona
735 649 843 677 direxit.
852 647 905 675 Sed
916 649 968 675 heu
978 649 984 674 ‘.

199 693 265 727 proh
275 693 365 719 dolor!
373 694 450 720 donis
456 694 525 720 datis
531 694 558 720 et
564 693 683 727 epistolis
691 693 717 720 in
729 693 973 727 manusﬁmissorum
978 713 984 724 ,

200 739 353 772 supervenit
361 738 549 773 tristislegatio
561 746 609 772 per
620 739 726 770 missos,
740 738 786 772 qui
794 738 826 765 de
838 737 928 765 Seotia
938 745 986 772 per

200 790 248 809 vos
263 783 366 809 reversi
379 787 453 814 sunt,
465 783 498 809 de
513 782 671 810 inﬁdelitate
691 783 778 817 gentis
791 786 818 809 et
829 781 843 801 ἀ
860 788 925 808 nece
944 789 985 808 re-

200 827 249 861 gis.
270 827 308 853 Ita
324 827 448 860 Carolus,
464 832 579 855 retracta
593 828 723 855 donorum
736 827 870 862 largitate,
883 827 910 853 in
925 830 984 853 tan-

200 875 255 898 tum
270 872 354 898 iratus
369 876 410 899 est
422 877 515 899 contra
528 876 634 908 gentem
648 873 733 905 illam,
749 877 779 899 ut
792 872 839 904 ait,
851 871 982 905 perﬁdam

216 897 222 898 7
271 897 276 898 7
342 897 352 898 7
427 897 515 899 7777.77
529 897 634 908 u777777—
649 897 733 905 .7777—.
753 897 777 899 77
852 897 861 905 .
874 897 891 898 77

200 920 226 943 et
239 923 405 950 perversam,
429 921 456 944 et
478 917 638 945 homicidam
663 917 832 944 dominorum
857 924 982 948 suorum,
1000 897 1019 925 Β

200 960 318 995 peiorem
331 969 390 988 eam
402 962 513 996 paganis
534 962 711 989 existimans:
726 966 754 989 et
767 962 818 988 nisi
831 969 881 995 ego
900 961 984 988 inter-

200 1012 290 1031 cessor
311 1012 398 1032 essem
411 1013 460 1040 pro
474 1013 515 1038 ea,
532 1002 663 1040 quidquid
683 1006 723 1032 eis
745 1005 818 1041 boni
829 1005 985 1032 abstrahere

201 1050 332 1083 potuisset
343 1053 370 1076 et
385 1050 621 1082 mali‘maehinari,
635 1049 691 1083 jam
705 1049 822 1076 fecisset.

426 1101 437 1114 ο
453 1094 620 1122 EPISTOLA
637 1094 751 1121 XLVIII.

376 1137 409 1156 AD
428 1137 513 1157 OFFAII
533 1137 619 1157 ηεςκιι
639 1136 803 1156 ιειιειοιιωι.

202 1172 233 1199 1η
252 1174 366 1207 patriam
392 1173 551 1213 (ᾼηριίαηι)
574 1173 665 1213 reverti
687 1172 776 1213 volens
787 1165 935 1199 retrahitur
953 1172 984 1198 ob

366 1212 481 1241 perfurit:
493 1213 518 1234 et
527 1212 696 1234 vastationem
708 1212 799 1248 gentis.

234 1252 289 1286 Ego
303 1255 415 1285 paratus
427 1260 500 1283 eram
513 1260 574 1279 cum
589 1252 745 1279 muneribus
764 1251 852 1279 Caroli
866 1252 937 1285 regis
951 1252 985 1279 ad

201 1303 247 1323 vos
261 1291 363 1327 venire,
378 1300 405 1323 et
420 1296 453 1323 ad
475 1297 589 1330 patriam
605 1297 719 1329 reverti;
736 1297 782 1323 sed
804 1297 898 1324 melius
919 1297 984 1324 mihi

200 1342 286 1368 visum
302 1346 345 1369 est
363 1346 472 1376 propter
488 1349 580 1376 pacem
598 1342 686 1375 gentis
707 1349 774 1369 meae
788 1342 814 1368 in
827 1343 983 1377 peregrina-

200 1387 272 1415 tione
294 1394 444 1418 remanere,
471 1387 593 1413 nesciens
607 1386 671 1420 quid
688 1385 810 1412 fecissem
835 1386 906 1412 inter
926 1393 982 1418 eos,

201 1430 269 1456 inter
280 1438 348 1464 quos
360 1430 448 1457 nullus
460 1439 570 1458 securus
580 1438 648 1461 esse,
665 1431 706 1457 vel
719 1431 747 1458 in
759 1430 860 1458 salubri
872 1431 983 1458 consilio

199 1475 328 1509 proﬁcere
339 1479 437 1509 potest.
452 1476 519 1503 Ecce
528 1476 537 1494 ί
549 1476 606 1502 loca
618 1481 710 1503 sancta
718 1484 733 1502 a
743 1476 854 1511 paganis
864 1480 966 1503 vastata
975 1496 981 1507 ,

200 1520 292 1546 allaria
302 1519 428 1554 periuriis
438 1519 546 1552 fcedata,
554 1520 716 1547 monasteria
724 1520 863 1547 adulteriis
872 1521 980 1553 violata,

200 1568 271 1592 terra
283 1566 413 1599 sanguine
425 1565 594 1592 dominorum
605 1569 633 1592 et
642 1564 791 1599 principum
800 1564 908 1590 foedata.
931 1587 934 1591 .

439 1621 451 1641 '3
466 1620 631 1647 EPISTOLA
650 1619 741 1646 XLIX.

357 1663 391 1681 AD
411 1656 423 1674 ¹¹
442 1663 526 1682 οπΑιι
545 1662 631 1681 REGE!
651 1661 813 1681 MERCIOBUI.

479 1689 567 1724 (Anno
579 1689 705 1723 incerto.)

200 1733 362 1767 Discipulum
372 1734 406 1759 ad
418 1734 643 1768 petitionentiregis
654 1733 680 1759 in
688 1733 808 1768 Angliam
818 1735 931 1765 remittit.
940 1735 984 1768 qui

236 1767 269 1794 ibi
283 1768 311 1794 in
323 1768 418 1794 scholia
432 1768 532 1794 doceat.
550 1767 678 1793 Hortatur
689 1767 724 1793 ad
735 1768 818 1802 regias
832 1769 947 1795 virtutes.

235 1811 348 1839 Domino
360 1812 583 1839 excellentissimo
594 1809 687 1838 Offauo
699 1812 766 1845 regi,
785 1812 892 1838 humilis
903 1812 983 1839 levita

202 1857 329 1885 Aleuinus
341 1857 463 1885 salutem.
581 1857 587 1859 ’
805 1853 807 1855 ’

995 1560 1018 1590 C

236 1928 249 1941 ιι
261 1922 316 1949 Hoc
339 1927 368 1949 et
379 1929 494 1956 sequens
515 1922 694 1957 fragmentum
710 1922 851 1957 ejusdem,
863 1926 892 1948 ut
902 1926 981 1956 puto,

201 1956 334 1992 epistolae,
345 1962 467 1984 recenset
482 1956 618 1992 Malmesb.
633 1957 698 1992 libr.)
710 1957 776 1992 Reg.
787 1956 875 1992 Angl.,
887 1964 946 1991 cap.
954 1958 981 1984 5.

201 1990 228 2016 In
240 1991 304 2018 edit.
320 1991 458 2023 Quercet.,
470 1999 498 2025 p.
510 1991 576 2017 1667
589 1996 616 2018 et
628 1990 706 2017 I668.

235 2025 250 2044 ι’
261 2025 300 2051 Ad
315 2025 402 2060 Olfam
424 2024 517 2060 regiam,
538 2029 590 2052 etc.
614 2025 677 2052 Fuit
689 2024 746 2060 Oh'a
762 2033 808 2052 rex
823 2025 982 2052 Merciorum
1004 2035 1007 2041 ι

200 2060 413 2093 potentissimus,
436 2059 599 2094 regnumque
613 2060 698 2086 tenuit
719 2059 753 2086 ab
772 2067 841 2087 anno
863 2060 914 2086 756
939 2068 982 2087 us-

201 2095 295 2155 auead
307 2102 406 2121 annum
418 2094 469 2122 796
486 2102 539 2129 quo
549 2094 616 2121 obiit
626 2102 663 2121 vn
676 2094 734 2121 Kal.
747 2094 828 2129 Aug.,
845 2098 874 2121 ut
889 2094 982 2122 scribit

225 2137 253 2155 ot
259 2129 369 2155 edenus.
383 2137 443 2155 nae.
458 2129 520 2155 ‘06.

225 2129 369 2164 ovedenus.
383 2137 443 2164 pag.
458 2129 520 2156 406.

235 2169 246 2182 ε
259 2163 336 2190 Dona
342 2163 446 2190 direxit.
455 2164 582 2196 Qumnam
593 2164 637 2190 illa
643 2164 711 2191 dona
721 2163 828 2193 fuerint,
836 2170 981 2197 cognosces

200 2205 233 2224 ex
245 2198 357 2231 epistola
372 2198 459 2225 Caroli
480 2199 565 2232 Magni
584 2199 617 2225 ad
633 2199 755 2232 eumdem
773 2197 858 2224 Oﬂ'am
880 2205 978 2232 regem,

201 2239 279 2266 quam
285 2233 312 2259 in
319 2231 664 2267 appendiceexhibebimus,
671 2233 735 2259 edit.
743 2231 978 2265 Quercet.p.1670.
995 2239 1019 2269 υ

233 2267 246 2286 ά
263 2267 301 2293 De
313 2275 373 2294 nece
389 2267 464 2301 regis.
488 2267 623 2294 Ethelredi
638 2267 763 2293 nimirum
780 2266 980 2301 regiierortha-

202 2302 383 2332 uumbrorum,
407 2300 486 2335 quem
505 2302 546 2329 sui
560 2301 752 2328 interfecerunt
774 2307 819 2326 xlv
836 2300 895 2326 Kal.
920 2302 980 2328 Maii

201 2343 271 2362 anno
283 2336 344 2363 796.
361 2336 426 2362 Data
438 2344 502 2371 ergo
515 2337 572 2364 haec
582 2335 693 2370 epistola
705 2338 766 2369 post
776 2335 847 2361 diem
859 2335 892 2362 18
903 2336 981 2370 Apri-

202 2370 363 2405 lisrejusdcm
377 2371 450 2397 anui.
472 2370 480 2371 ί
562 2392 565 2404 ι

260 2405 289 2439 8
305 2410 317 2424 ε
335 2404 391 2440 [Ioc
408 2405 520 2433 alterum
544 2406 723 2440 fragmentum
744 2407 785 2432 est
796 2404 922 2440 epistolae
946 2405 980 2432 ad

201 2437 288 2501 2:317;
293 2438 473 2501 6ambialmesb.
495 2439 545 2466 loc.
566 2437 617 2474 \cit.
633 2440 754 2472 relatum,
771 2437 835 2466 edit.
853 2439 976 2472 Quercet.

201 2481 261 2528 pag.
278 2481 354 2501 root.

263 2508 334 2536 Loca
350 2513 438 2535 uncta
450 2517 467 2535 α

202 2551 260 2570 rum
277 2544 467 2577 superioribus.

202 2585 308 2608 penses,
322 2581 350 2604 et
358 2582 510 2612 sequentes.

210 2642 218 2652 ἡ
346 2611 470 2644 Quercet.
527 2619 561 2638 ex
574 2619 624 2652 ms.
636 2610 761 2652 (Froben.
775 2611 830 2646 ﬂ).
842 2611 899 2652 Quo
910 2617 980 2636 anno

203 2642 262 2681 data
274 2646 310 2672 sit
325 2642 469 2678 incertum.
480 2642 645 2681 iungendam
654 2651 743 2673 tamen
757 2642 896 2673 commode
917 2652 980 2671 cen-

203 2680 379 2716 suimtlsnaliis
392 2682 425 2708 ad
437 2680 521 2716 Offam
533 2680 665 2716 epistolis.

237 2714 250 2734 II
264 2713 448 2750 Oll'qttofegi.
473 2713 582 2743 Oﬂ‘anus
604 2719 631 2741 et
653 2714 710 2750 Otia
728 2714 797 2750 idem
820 2721 928 2750 nomen,
950 2719 979 2741 ut

203 2750 271 2778 Beda
282 2753 309 2775 et
320 2748 452 2784 Bedanus,
466 2750 593 2778 Columba
606 2753 633 2776 et
646 2749 835 2781 Columbanus,
849 2749 939 2784 Thega
953 2754 979 2775 et

205 2784 352 2818 Tlteganus.
367 2783 424 2810 Non
434 2791 540 2818 possum
552 2784 616 2812 mihi
627 2788 775 2818 temperare
784 2784 848 2817 quin
862 2784 912 2811 hoc
922 2784 980 2810 loco

203 2818 366 2852 [eruditorum
392 2819 539 2846 curiositati
563 2820 703 2847 exhibeam
725 2825 862 2846 nummum
883 2826 977 2852 argen-

203 2849 273 2882 ltcum
298 2853 468 2882 rarissimum
489 2854 559 2887 regis
582 2853 656 2888 οπω,
682 2854 715 2882 ab
729 2853 805 2886 annis
827 2849 928 2887 aliquot
951 2853 979 2880 in

496 2509 593 2570 agonia
607 2512 717 2540 vastata,
731 2512 784 2534 etc.
796 2506 880 2547 Annis
899 2508 977 2547 nimi-

500 2544 507 2570 i
526 2551 542 2570 e
553 2545 631 2570 emst.
641 2543 673 2570 8(
676 2549 745 2569 nunc
755 2542 782 2570 9)
790 2540 824 2567 ad
830 2540 977 2568 Lindisfar-

500 2540 542 2570 ide
553 2543 631 2577 epist.
641 2543 657 2569 8
664 2543 745 2577 (nunc
755 2542 782 2576 9)
790 2540 824 2567 ad
830 2540 979 2568 Lindisfar-

917 176 1105 205 EPISTOLrE.

997 235 1021 262 Δ
1071 234 1197 262 Fideliter
1223 235 1351 262 voluntati
1371 239 1426 262 tute
1449 242 1552 270 semper
1566 234 1671 269 placere
1694 236 1810 268 cupiens.

1760 176 1811 204 214
1842 154 1845 159 ’

1038 280 1108 307 hunc
1122 288 1210 307 meum
1233 281 1420 308 cbarissimum
1433 280 1515 307 ﬁlium
1530 281 1562 307 ad
1576 287 1623 307 vos
1636 280 1725 306 retnisi
1746 279 1813 306 sicut

1036 326 1136 359 petisti,
1150 325 1295 359 deprecans
1309 330 1339 352 ut
1353 333 1414 352 eum
1429 325 1574 352 honoriﬁce
1586 324 1717 355 habeatis,
1730 325 1814 351 donec

1037 372 1070 398 ad
1089 379 1147 404 vos,
1162 373 1267 398 volente
1281 370 1344 401 Deo,
1365 371 1469 397 veniam
1486 378 1493 396 :
1516 378 1566 397 nec
1577 377 1638 396 eum
1651 369 1729 396 sinite
1747 369 1814 395 otio-

1037 423 1096 443 sum
1116 423 1232 451 vagare,
1261 423 1311 443 nec
1330 416 1451 442 ebrietati
1470 415 1585 447 servire;
1608 415 1654 442 sed
1673 414 1815 449 praevidete

1037 461 1062 489 ci
1088 462 1248 497 discipulos,
1276 465 1302 488 et
1323 461 1507 494 prmeipientcs
1533 460 1669 494 praecipito
1682 480 1688 491 ,
1709 463 1738 486 ut
1755 459 1814 485 dili-

1037 510 1130 540 genter
1154 506 1257 533 doceat.
1284 504 1346 531 Seio
1371 505 1442 539 quod
1463 504 1530 530 bene
1563 503 1640 534 dicit,
1665 508 1692 529 et
1714 503 1814 529 utinam

1036 551 1103 577 bene
1112 551 1235 585 proﬁciat
1248 551 1254 576 !
1267 550 1329 584 quia
1339 548 1527 583 discipulorum
1539 556 1659 584 meorum
1669 543 1814 584 profectus,

1038 604 1140 624 merces
1163 600 1205 623 est
1220 596 1285 622 mihi
1307 596 1377 630 apud
1400 595 1493 621 Deum.
1506 595 1538 621 Et
1549 594 1626 621 valde
1639 595 1703 620 mihi
1717 594 1815 628 placet,

1037 642 1107 675 quod
1124 646 1224 670 tantam
1238 641 1343 668 habetis
1356 641 1530 668 intentionem
1545 640 1675 671 lectionis,
1689 644 1719 666 ut
1729 639 1816 666 lumen

1037 686 1172 719 sapientia:
1184 686 1271 712 luceat
1284 686 1311 712 in
1331 693 1412 720 regno
1425 689 1525 716 vestro,
1542 684 1612 719 quod
1630 684 1720 713 multis
1739 684 1816 711 modo

1036 732 1215 766 exstinguitur
1227 732 1254 758 in
1269 732 1343 758 locis.
1357 732 1410 759 Vos
1420 732 1485 758 estis
1497 731 1578 758 decus
1588 730 1741 762 Britannize,
1753 731 1815 757 tuba

1035 777 1241 810 prredicationis,
1263 776 1365 811 gladius
1377 780 1470 803 contra
1489 776 1590 807 hostes,
1606 782 1709 803 sentum
1724 779 1816 803 contra

1036 821 1166 848 inimicos.
1189 820 1291 847 liabete
1307 820 1391 848 Deum
1413 827 1518 855 semper
1531 825 1593 848 ante
1612 821 1715 853 oculos,
1738 820 1816 848 facite

1031 864 1174 898 justitiam,
1190 868 1277 892 amate
1299 864 1527 892 misericordiam:
1540 864 1601 899 quia
1617 865 1662 898 qui
1683 865 1796 899 ignoscit
1808 885 1814 896 ,

1035 910 1181 945 ignoscitur
1198 911 1221 936 ei
1236 909 1342 945 (Manli.
1355 918 1392 941 vt,
1415 909 1470 944 Ii).
1489 909 1587 936 Discite
1607 909 1718 944 diligere
1741 917 1815 936 man—

1034 954 1095 981 data
1109 954 1156 980 Dei
1168 954 1277 990 Christi,
1290 957 1320 980 ut
1333 954 1486 980 benedictio
1497 954 1568 980 illius
1579 954 1605 980 in
1615 953 1817 980 omni'bonitatc

1034 1002 1061 1025 et
1072 999 1248 1033 prosperitate
1253 1005 1301 1025 vos
1312 1001 1468 1032 vestrosque
1481 1002 1590 1032 nepotes
1600 1003 1779 1033 consequatur
1790 998 1816 1024 in

1035 1036 1174 1070 aeternum.
1190 1043 1284 1070 Divina
1298 1047 1324 1070 te
1346 1047 1476 1082 tuumque
1499 1051 1611 1078 regnum
1628 1043 1736 1071 caelesti
1749 1044 1816 1071 bene

1034 1088 1150 1115 dictione
1164 1089 1306 1115 comitetur
1319 1088 1416 1123 gratia,
1430 1087 1537 1114 domine
1549 1087 1780 1115 excellentissime.

1206 1141 1214 1151 ’
1254 1146 1308 1180 59
1330 1147 1337 1165 ί
1361 1145 1524 1172 EPISTOLA
1544 1145 1574 1172 L.

1185 1189 1218 1207 AD
1232 1188 1381 1207 ECGFRIDUI
1395 1187 1482 1207 REGE!
1499 1187 1661 1207 πεκειοιλυν.

1245 1225 1408 1252 ΕπΙιογιαιιιτ
1424 1225 1458 1251 ad
1476 1226 1604 1252 virtutem.

1070 1268 1354 1304 Nobilissimojuvenii
1373 1269 1498 1305 Ecgfrido
1516 1270 1625 1298 humilis
1638 1270 1716 1297 levita
1726 1269 1815 1297 Alcui-

1035 1322 1086 1341 nus
1106 1314 1230 1341 salutem.

1069 1358 1135 1391 Quia
1149 1359 1266 1386 sciebam
1281 1364 1307 1386 te
1319 1359 1396 1387 bonae
1413 1359 1509 1387 indolis
1523 1363 1550 1386 et
1568 1366 1678 1386 summa:
1693 1358 1816 1386 nobilita-

1034 1402 1069 1429 tis
1080 1402 1273 1430 adolescentem
1280 1404 1478 1430 exhortatorias
1484 1404 1640 1437 przesumpsi
1651 1403 1697 1430 tibi
1704 1403 1817 1437 dirigere

1034 1446 1145 1473 litteras.
1169 1446 1226 1473 Non
1239 1446 1310 1481 quod
1336 1448 1384 1474 tibi
1398 1447 1498 1481 aliquid
1510 1440 1602 1474 desita
1615 1447 1817 1481 sapientissimis

1034 1495 1061 1518 et
1073 1491 1181 1526 optimis
1194 1492 1351 1526 parentibus
1371 1491 1559 1519 admonitionis
1568 1491 1734 1524 necessariae,
1749 1499 1815 1526 quo—

1036 1544 1095 1563 rum
1109 1534 1270 1565 honestatis.
1278 1536 1399 1571 exempla
1416 1537 1513 1572 populo
1526 1537 1731 1571 prmdicamenta
1756 1540 1817 1563 sunt

1034 1580 1142 1612 salutis;
1155 1581 1201 1607 sed
1214 1584 1243 1607 ut
1256 1573 1322 1614 nica:
1333 1581 1483 1607 dilectionis
1496 1581 1523 1607 in
1538 1584 1564 1607 te
1577 1580 1744 1607 ostenderem
1755 1580 1816 1606 ﬁde-

1033 1623 1145 1655 litatem,
1166 1624 1274 1658 cupiens
1287 1617 1314 1650 te
1326 1622 1456 1659 proﬁcere
1463 1625 1489 1651 in
1505 1625 1569 1656 Deo,
1582 1625 1762 1659 virtutumque
1773 1624 1818 1651 ﬂo-

1033 1670 1108 1697 ribus
1133 1669 1233 1701 ornari,
1246 1673 1273 1696 et
1290 1669 1394 1698 cunctis
1406 1669 1551 1703 Anglorum
1575 1669 1679 1703 populis
1692 1670 1817 1704 prodesse

1034 1715 1061 1742 in
1075 1715 1260 1750 prosperitate.
1285 1706 1446 1749 Ecce‘quam
1457 1714 1630 1742 nobilissimis
1644 1719 1722 1742 natus
1734 1723 1762 1744 es
1773 1722 1818 1749 pa-

1035 1761 1165 1799 rentibus,
1179 1769 1259 1794 quam
1273 1769 1368 1796 magna
1381 1756 1514 1788 enutritus
1527 1768 1601 1787 cura.
1629 1759 1687 1787 Noli
1699 1761 1818 1787 moribus

1033 1813 1093 1832 esse
1104 1805 1228 1838 degener,
1247 1805 1293 1839 qui
1308 1804 1446 1832 nativitatb
1461 1813 1605 1840 generosus
1617 1805 1719 1831 existis.
1742 1805 1818 1831 Disce

1034 1849 1173 1885 diligenter
1184 1846 1290 1877 illarum
1302 1849 1433 1885 exempla,
1445 1852 1467 1875 θλ
1474 1853 1550 1884 patre
1561 1849 1757 1881 anetoritatem,
1775 1849 1786 1868 κ
1802 1858 1817 1875 a

1033 1918 1112 1945 horto
1125 1922 1216 1944 nostro
1238 1917 1363 1944 abbatiali
1378 1921 1522 1951 repertum,
1540 1920 1567 1943 et
1581 1916 1608 1943 in
1621 1922 1680 1951 meo
1692 1922 1814 1951 nummo-

1033 1952 1156 1986 phylacio
1170 1956 1315 1979 servatum.
1338 1949 1430 1978 Nullus
1442 1951 1533 1978 dubito
1559 1951 1625 1985 quin
1635 1950 1685 1986 hic
1696 1949 1816 1986 eiusdem

1033 1984 1098 2014 Offae
1110 1987 1181 2021 regis
1195 1987 1302 2013 bustum
1312 1987 1479 2017 exhibentur,
1497 1986 1530 2013 ad
1542 1984 1620 2021 quem
1628 1984 1755 2021 Alcuinus
1768 1984 1817 2021 has

1033 2019 1180 2048 familiares
1193 2021 1300 2054 scripsit
1314 2021 1449 2054 epistolas.
1459 2021 1527 2053 Quid
1539 2019 1679 2047 sibivelint
1690 2019 1816 2054 littenein

1032 2056 1135 2089 postica
1148 2059 1224 2089 parte
1237 2053 1338 2082 nummi
1351 2063 1466 2086 exeusze,
1480 2055 1578 2082 aliasve
1587 2055 1621 2080 ad
1631 2054 1731 2089 nummi
1740 2053 1817 2087 hujus

1033 2088 1080 2116 aut
1095 2090 1133 2117 rei
1145 2088 1300 2116 inonetariaa
1312 2090 1459 2124 Anglorum
1474 2090 1553 2116 medii
1566 2089 1615 2116 τενὶ
1629 2088 1759 2122 majorem
1771 2097 1817 2115 uo-

1033 2124 1121 2151 titiam
1132 2124 1305 2159 pertinentia,
1317 2124 1412 2151 eruditi
1426 2124 1548 2151 Britanni
1561 2124 1716 2151 decernant.

1255 2238 1260 2243 ι
1272 2200 1361 2252 ξέιϐίκ
1570 2196 1634 2248 ’κδ

1315 2344 1319 2352 ι
1340 2309 1386 2363 δ
1637 2317 1655 2338 .

1070 2405 1075 2424 ί
1091 2404 1161 2431 Edit.
1173 2404 1297 2437 Quercet.
1309 2403 1348 2430 ‘48
1361 2411 1392 2430 cx
1400 2410 1449 2429 ms.
1462 2402 1556 2429 collata
1568 2409 1628 2429 cum
1642 2403 1700 2430 cod.
1716 2403 1811 2430 Salisb.

1045 2438 1159 2464 Froben.
1174 2439 1228 2464 15).

1067 2440 1159 2466 roben.
1174 2439 1228 2466 ιε).

1032 2439 1159 2473 (Froben.
1174 2439 1228 2473 ιε).

1068 2473 1075 2497 i
1100 2473 1234 2508 Ecgfrido.
1264 2472 1339 2508 Filio
1350 2472 1414 2508 ()ffw
1437 2470 1687 2508 regisiblerciorutn,
1710 2471 1744 2497 de
1760 2478 1812 2503 quo

1031 2505 1161 2535 Alfordus'
1174 2508 1206 2534 ad
1222 2515 1320 2534 annum
1334 2506 1394 2538 787,
1416 2505 1488 2533 nuni.
1508 2506 1555 2533 56:
1579 2515 1588 2530 ι
1606 2505 1703 2532 Eodem
1730 2512 1811 2533 anno.

1032 2550 1085 2576 quo
1108 2542 1199 2569 habita
1223 2541 1249 2568 in
1263 2538 1368 2567 Merciis
1392 2540 1518 2576 synodus,
1545 2540 1601 2566 Oﬁ‘a
1627 2539 1707 2565 ﬁlium
1734 2547 1811 2576 suum

1032 2574 1187 2612 Ecgfridum
1199 2583 1289 2610 regem
1303 2574 1425 2612 coronari
1445 2575 1537 2606 voluit,
1551 2577 1692 2612 pnesente,
1705 2574 1811 2607 opinor,

1033 2608 1141 2638 Patrum
1156 2608 1302 2640 conventu;
1322 2613 1352 2635 ut
1363 2610 1478 2637 disceret
1488 2611 1597 2642 parente
1605 2608 1666 2634 vivo
1677 2613 1811 2642 sceptrum

1033 2649 1159 2673 tractare.
1179 2654 1188 2670 ι
1211 2644 1342 2678 Scriptam
1352 2651 1410 2671 esse
1417 2641 1628 2676 hancepistolam
1642 2646 1703 2668 ante
1710 2643 1811 2678 obitum

1032 2684 1183 2715 parentum,
1199 2677 1479 2715 contextusloquitur;
1496 2684 1548 2710 quo
1555 2684 1711 2715 vero_anuo,
1726 2677 1812 2715 incer—

1032 2710 1098 2742 tum.
1132 2712 1266 2740 Successit
1288 2713 1359 2748 patri
1374 2710 1400 2739 iit
1411 2719 1521 2745 regnum
1532 2718 1603 2748 anno
1616 2710 1706 2748 796_et
1717 2712 1811 2748 eodem

1031 2749 1110 2776 etiam
1135 2754 1211 2773 anno
1233 2756 1241 2772 ι
1263 2746 1332 2774 széva
1355 2754 1427 2776 mors
1452 2746 1589 2772 vernantis
1607 2746 1694 2772 :etatis
1718 2746 1810 2773 ﬂorent

1031 2781 1154 2813 messuit;
1176 2789 1236 2808 nam
1250 2782 1343 2816 quinto
1355 2781 1388 2807 ab
1407 2780 1473 2816 inito
1494 2780 1650 2816 magistratu
1661 2788 1751 2808 mense
1765 2789 1811 2807 na-

1032 2822 1097 2845 turze
1108 2814 1275 2848 concessit.)
1293 2820 1321 2842 ut
1333 2815 1411 2842 habet
1425 2814 1561 2841 Malmcsb.

1066 2851 1080 2871 ιι
1097 2851 1218 2887 Αὴπιαιγε
1229 2852 1358 2885 pietatem.
1374 2859 1383 2876 ί
1398 2848 1459 2878 Ila:c
1469 2850 1646 2879 communiter
1659 2849 1808 2879 luendi-ida
