4226 6210
615 329 718 383 215

1468 324 1524 376 ιι.
1568 326 1626 377 ι’.
1668 325 1885 378 Αιιςιλι
1926 322 2051 379 SEII
2094 321 2365 378 ALCL’th
2404 299 2895 378 crescamus
2930 318 2972 376 ι.

3715 278 3814 372 sui

609 441 778 496 matre
805 438 1073 505 pietatem.
1148 435 1229 486 Ab
1280 433 1365 485 illo
1401 445 1582 505 regere
1619 433 1867 500 populum
1895 433 2167 502 perjusti-
2192 425 2244 491 Δ
2270 431 2425 488 factis
2439 430 2628 485 offerre
2642 430 2907 493 voluisset,
2938 431 3817 497 haberckconvenieutesintemcs-

611 526 758 586 tiam,
791 525 855 578 ab
881 524 983 576 ista
1011 520 1241 588 compati
1265 519 1473 589 miseris
1500 534 1593 587 per
1618 520 2073 583 misericordiam;
2099 519 2165 571 ab

610 623 832 680 utroque
845 611 1159 667 Christiana:
1182 608 1451 677 religionis
1475 608 1830 670 devotionem,
1864 609 2166 661 orationum

610 682 939 764 instantiam,
970 698 1427 767 eleemosynarum
1454 697 1770 766 largitatem,
1797 707 1849 750 et
1873 697 2036 750 totius
2048 697 2167 749 vitro

609 792 971 847 sobrietatem.
1015 787 1096 841 Tu
1119 787 1339 842 baculus
1365 786 1653 841 senectutis
1681 786 1889 839 illorum
1908 795 2042 846 esto,
2074 786 2168 837 hu-

610 879 804 931 tnilitcr
828 878 1036 930 illorum
1060 874 1311 929 obediens
1333 875 1639 941 przeccptis;
1680 883 1943 942 quatenus
1960 873 2168 925 illorum

610 977 661 1020 te
690 966 986 1021 benedictio
1021 971 1379 1031 consequatur
1409 964 1461 1017 in
1514 972 1791 1017 aeternum.
1852 962 1983 1015 Nam
2016 961 2167 1027 juxta

610 1053 969 1115 Salomonem,
992 1050 1292 1105 benedictio
1316 1058 1601 1118 parentum
1616 1049 1752 1103 ﬁlios
1764 1049 1962 1101 exaltat
1976 1047 2163 1117 (Eccli.

605 1160 687 1206 ιιι,
726 1145 830 1213 ll).
879 1142 1008 1195 Item
1044 1142 1182 1195 idem
1206 1142 1310 1193 ait:
1352 1138 1516 1192 Filius
1547 1142 1751 1208 sapiens
1782 1138 1946 1207 gloria
1976 1148 2045 1191 est
2072 1155 2167 1206 pa-

603 1233 699 1286 tris
744 1231 922 1302 (Prov.
951 1246 1004 1292 ι,
1040 1229 1113 1298 l).
1178 1226 1293 1281 Noli
1330 1228 1553 1280 luxuria:
1592 1214 1833 1281 subditus
1865 1240 1983 1279 esse
2014 1266 2028 1288 ,
2077 1227 2169 1279 sed

606 1323 739 1375 Deo:
771 1322 894 1389 quia
922 1327 1125 1373 castum
1153 1327 1407 1388 corpuset
1434 1320 1663 1370 animam
1692 1317 1836 1369 vitiis
1862 1332 1964 1369 non
1993 1332 2171 1369 macu-

609 1416 769 1463 latam
807 1408 1037 1478 Spiritus
1066 1409 1327 1461 inhabitat
1350 1416 1584 1460 sanctus.
1618 1404 1733 1457 Non
1757 1405 1909 1459 decet
1937 1414 1987 1458 te
2018 1406 2173 1458 rusti-

604 1515 727 1553 cttm
749 1515 866 1553 esse
904 1501 1161 1561 moribus,
1191 1498 1273 1549 vel
1302 1495 1479 1550 verbis
1506 1496 1864 1558 lasciviosum,
1895 1496 1984 1563 qui
2014 1504 2171 1547 natus

604 1603 663 1641 es
694 1589 746 1640 in
798 1589 931 1641 solio
962 1588 1129 1656 regni.
1195 1586 1566 1654 Temperantia
1598 1596 1649 1638 et
1672 1586 1923 1638 honestas
1955 1584 2077 1637 vitae
2123 1593 2172 1634 te

610 1679 890 1732 amabilem
923 1688 973 1732 et
999 1678 1313 1732 laudabilem
1346 1677 1553 1730 cunctis
1580 1676 1771 1729 etliciet
1798 1675 2025 1743 populis.
2089 1673 2173 1725 ln—

2226 543 2239 545 κ
2268 521 2445 574 siones
2466 536 2574 573 sua:
2599 519 2873 572 voluntati.
2912 519 3157 574 Arbitror
3182 535 3276 574 vos
3295 519 3485 573 melius
3502 521 3617 573 hmo
3643 519 3818 571 omnia

2268 608 2349 660 vel
2381 608 2431 660 in
2456 607 2803 662 sacramentis
2836 608 3029 662 vestris
3054 608 3376 676 conscripta,
3409 608 3492 661 vel
3520 608 3571 660 in
3600 621 3818 661 consue-

2270 697 2450 750 tudine
2470 697 2775 765 quotidiana
2806 696 3021 751 habere.
3071 699 3269 752 Tamen
3295 712 3362 751 ne
3397 690 3707 750 inobediens
3726 710 3817 749 ve-

2269 794 2393 838 strae
2417 800 2587 838 essem
2612 786 2903 849 dilectioni,
2936 787 3144 856 scripsi,
3177 787 3319 855 quod
3338 802 3433 840 nos
3463 786 3514 838 in
3532 795 3819 839 consuetu~

2268 874 2390 928 dine
2416 876 2691 939 habemus,
2725 885 2779 930 et
2800 878 2950 930 vobis
2975 878 3265 946 proﬁcuum
3293 893 3411 932 esse
3430 877 3632 945 putavi.
3669 876 3820 929 obse-

2269 981 2425 1019 crans
2456 976 2511 1021 ut
2537 968 2640 1019 mei
2662 968 2891 1021 nominis
2913 970 3221 1022 memoriam
3253 969 3514 1032 habeatis,
3562 966 3649 1021 vel
3684 967 3822 1019 inter

2269 1051 2385 1113 has,
2418 1052 2499 1105 vel
2524 1054 2661 1106 inter
2693 1054 2825 1108 alias
2848 1065 3037 1108 vestra:
3062 1056 3359 1109 sanctitatis
3390 1056 3819 1109 intercessiones.

2274 1138 2340 1191 [ι
2369 1155 2491 1193 vere
2531 1140 2719 1204 fateor,
2776 1143 2997 1197 multam
3039 1145 3208 1199 habeo
3258 1128 3504 1199 ﬁduciam
3548 1144 3604 1197 in
3635 1145 3826 1198 vestris

2271 1230 2470 1284 sanctis
2504 1232 2836 1298 orationibuls
2860 1234 2926 1287 ad
2965 1234 3371 1302 promerendam
3408 1234 3823 1288 misericordiam

2270 1319 2479 1373 Domini
2494 1322 2659 1375 nostri
2674 1320 2799 1376 Jesu
2810 1322 3031 1386 Christi,
3047 1324 3137 1392 qui
3152 1339 3245 1377 vos
3260 1324 3522 1377 custodiat
3537 1332 3591 1376 et
3619 1323 3672 1375 in
3684 1324 3827 1376 omni

2271 1408 2507 1461 bonitate
2528 1408 2787 1477 prolicere
2816 1410 2997 1474 faciat,
3036 1419 3090 1465 et
3139 1412 3406 1464 orationes
3431 1418 3639 1463 vestras
3665 1424 3829 1462 exau-

2272 1496 2385 1549 dire
2419 1496 2669 1565 dignetur
2695 1498 2774 1551 vel
2804 1513 2901 1566 pro
2942 1500 3181 1552 vivorum
3227 1498 3415 1561 salute,
3455 1497 3533 1551 vel
3587 1511 3686 1564 pro
3715 1512 3827 1549 mo-

2274 1586 2523 1639 rientium
2552 1587 2815 1655 profectu.
2872 1590 2970 1643 Vos
2996 1605 3142 1652 vero,
3177 1589 3277 1642 viri
3299 1588 3518 1641 fratres!
3550 1588 3601 1640 in
3628 1587 3832 1640 unitate

2274 1677 2553 1732 charitatis
2578 1679 2803 1733 ﬁrmiter
2828 1689 3152 1748 permanete,
3204 1688 3258 1733 et
3284 1680 3337 1733 in
3364 1678 3677 1733 humilitatis
3704 1677 3832 1731 obe-

609 1771 725 1837 cipe
762 1770 899 1824 bona
956 1769 1250 1837 promereri
1287 1768 1714 1831 conversatione,
1768 1768 1933 1821 Deum
1981 1766 2175 1834 ubique
2206 1757 2248 1817 Β
2276 1766 2474 1819 dientia
2500 1767 2725 1822 solerter
2750 1770 3002 1823 assistite.
3026 1770 3128 1825 lste
3150 1778 3234 1825 est
3254 1771 3423 1824 honor
3445 1776 3622 1821 vester
3649 1781 3831 1821 coram

607 1859 803 1912 habere
826 1866 1204 1925 protectorem.
1259 1856 1335 1909 Ex
1358 1857 1495 1909 illius
1518 1857 1657 1909 enim
1691 1855 2055 1910 misericordia
2086 1864 2173 1907 tua

607 1948 851 2000 consistit
876 1934 1221 2015 prosperitas.
1271 1946 1327 1999 Si
1356 1947 1503 1999 illum
1537 1954 1649 2000 toto
1698 1946 1861 1999 corde
1890 1944 2172 2005 amaveris,

606 2044 659 2088 et
683 2036 821 2089 illius
847 2043 953 2089 tota
986 2036 1273 2089 intentione
1302 2036 1525 2101 teipsum
1552 2034 1852 2087 subdideris
1892 2032 2172 2093 voluntati,

605 2124 926 2178 exaltabitte
944 2126 997 2177 in
1011 2139 1172 2192 regno
1188 2124 1453 2191 praesenti,
1486 2132 1538 2176 ct
1565 2122 1616 2176 in
1640 2121 1819 2175 futuro
1842 2121 2061 2190 gloriam
2080 2120 2173 2174 tibi

608 2214 861 2267 concedet
886 2214 1278 2281 sempiternam.
1338 2213 1524 2265 Divina
1559 2222 1609 2265 te
1651 2212 1705 2265 in
1740 2212 1886 2267 omni
1937 2211 2173 2265 bonitate

607 2302 776 2369 pietas
797 2302 985 2358 ﬂorere
1010 2302 1189 2365 faciat,
1217 2300 1288 2354 ﬁli
1313 2302 1656 2355 charis-sime!

1129 2425 1152 2452 δ
1191 2410 1521 2466 EPISTOLA
1560 2410 1644 2464 LI.

1019 2500 1083 2537 AD
1124 2498 1393 2536 MONACIIOS
1426 2497 1765 2535 \‘EDASTINOS.

1097 2573 1274 2642 (Circa
1303 2588 1500 2625 annum
1529 2572 1677 2640 796.)

617 2666 804 2721 Versus
829 2676 874 2718 et
897 2680 1081 2716 missas
1106 2662 1301 2730 aliquot
1322 2662 1511 2718 mittit;
1546 2660 1753 2713 illorum
1782 2676 1834 2712 se
1856 2659 2171 2712 orationibus

713 2732 1051 2793 commendat,
1095 2741 1141 2783 et
1171 2730 1237 2782 ad
1266 2731 1474 2781 virtutes
1503 2730 1769 2798 religiosas
1807 2730 2065 2781 hortatur.

675 2840 1013 2895 Charissimis
1040 2840 1092 2891 in
1126 2838 1338 2893 Christo
1368 2837 1626 2892 fratribus
1657 2838 1873 2891 humilis
1896 2837 2053 2889 levita
2081 2836 2171 2889 Al-

606 2934 765 2985 binus
782 2930 1028 2984 salutem.

679 3021 829 3073 Sicut
864 3019 1063 3072 domini
1085 3017 1312 3081 abbatis,
1347 3027 1629 3086 vestraque
1651 3016 1967 3070 suavissima
1995 3015 2170 3068 chari-

608 3119 689 3163 tas
713 3110 1071 3170 demandavit,
1105 3109 1130 3145 δ
1160 3122 1345 3159 versus
1365 3121 1461 3174 per
1511 3107 1747 3175 singulos
1793 3105 1975 3158 titulos
2003 3104 2172 3157 eccle-

607 3199 807 3249 siarum
845 3204 897 3249 et
926 3195 1113 3248 altaria
1138 3194 1341 3261 singula
1373 3194 1713 3258 dictavimus,
1750 3202 1801 3247 et
1831 3193 2035 3246 utinam
2064 3200 2171 3245 tam

608 3284 990 3337 rationabiliter
1019 3300 1176 3351 quam
1202 3284 1463 3347 libenter;
1499 3284 1624 3351 quia
1659 3292 1851 3336 vestra:
1874 3282 2173 3336 sanctitatis

602 3376 771 3443 iussio
799 3375 1068 3443 compellit
1094 3375 1258 3427 citato
1283 3375 1482 3427 dictare
1511 3388 1776 3437 sermone;
1804 3384 1980 3431 tamen
1997 3382 2171 3425 vestra

607 3468 777 3538 pietas
792 3465 1060 3528 defendat,
1085 3480 1202 3532 qu:e
1222 3473 1405 3517 nostra
1430 3463 1699 3516 humilitas
1725 3463 2035 3516 obedienter
2052 3477 2173 3515 exa-

608 3556 764 3609 ravit.
809 3566 829 3592 ε
864 3555 1051 3607 Missas
1083 3568 1293 3621 quoque
1319 3552 1602 3623 aliquasdc
1628 3562 1810 3606 nostro
1842 3553 1934 3606 tuli
1961 3552 2173 3606 Missale

608 3646 674 3698 ad
702 3643 810 3714 60
841 3643 1150 3712 quotidiana
1181 3650 1233 3697 et
1262 3642 1639 3696 ecclesiastica:
1668 3643 2066 3696 consuetudinis
2087 3643 2169 3696 of—

606 3738 745 3792 ﬁcia.
797 3736 976 3790 Primo
1002 3736 1054 3788 in
1078 3736 1279 3789 honore
1308 3750 1528 3788 summae
1565 3733 1865 3795 Trinitatis,
1888 3734 2077 3786 deinde
2105 3735 2171 3785 ad

605 3834 912 3881 sanctorum
943 3824 1350 3877 intercessiones
1376 3821 1763 3889 deprecandas,
1813 3816 1973 3872 etiam
1999 3828 2053 3871 et
2078 3834 2172 3872 an-
2206 3890 2207 3893 η

603 3916 843 3987 gelorurn
858 3913 1109 3984 suffragia
1122 3913 1457 3982 postulanda,
1484 3928 1601 3981 quce
1618 3912 1841 3965 multum
1869 3911 2172 3965 necessaria

604 4014 729 4059 sunt
782 4005 835 4058 in
888 4005 989 4057 hac
1029 4004 1458 4073 peregrinatione
1512 4003 1894 4056 laborantibus.
1978 4000 2170 4055 Postea

605 4104 802 4149 sancte
824 4093 913 4146 Dei
940 4092 1214 4161 genitricis
1236 4108 1547 4159 semperque
1573 4092 1794 4160 virginis
1820 4090 1999 4145 Maria:
2047 4093 2176 4146 mis-

605 4200 718 4237 sam
740 4182 1197 4253 superaddidimus
1222 4197 1317 4249 per
1344 4183 1455 4235 dies
1468 4182 1689 4249 aliquot,
1712 4182 1753 4235 si
1778 4182 1863 4237 cui
1886 4181 2170 4250 placuerit,

604 4272 1020 4335 decantandam;
1051 4286 1151 4326 nec
1174 4288 1279 4325 non
1307 4279 1359 4325 et
1386 4272 1553 4325 sancti
1569 4272 1786 4325 Vedasti
1811 4271 1986 4325 Patris
2012 4272 2173 4326 vestri

603 4370 657 4415 ct
684 4360 708 4399 ἀ
740 4360 1058 4428 protectoris
1080 4360 1247 4413 nostri
1294 4361 1613 4413 dictavimus
1632 4360 1870 4421 missam,
1910 4368 2173 4426 quatenus

605 4449 746 4503 illius
769 4447 1047 4501 familiaris
1068 4448 1346 4501 advocatio
1368 4449 1746 4515 sempiternum
1772 4448 1884 4502 suis
1909 4446 2173 4501 famulam-

605 4542 746 4595 tibus
775 4540 985 4595 alferrct
1014 4539 1279 4594 solatium.
1321 4539 1423 4592 Pro
1458 4538 1692 4606 peccatis
1724 4553 1935 4608 quoque
1955 4546 2008 4593 et
2033 4539 2172 4593 elee—

606 4646 881 4699 mosynam
898 4629 1211 4683 facientibus
1237 4628 1573 4695 adjunximus
1593 4630 1885 4692 orationes,
1910 4637 2173 4696 quatenus

607 4720 649 4771 si
682 4719 799 4787 quis
830 4720 908 4771 vel
930 4732 1027 4786 pro
1056 4719 1166 4771 suis
1193 4716 1530 4785 negligentiis
1546 4717 1628 4768 vel
1650 4731 1748 4784 pro
1762 4716 1985 4770 aliorum
2010 4720 2173 4772 bene-

607 4832 674 4884 ab
696 4828 1002 4883 auctoribus
1024 4826 1336 4894 appellatur,
1355 4840 1496 4893 quae.
1525 4825 1569 4878 si
1586 4825 1890 4894 Matthteum
1904 4826 2172 4883 Parisien-

604 4913 716 4951 sem
733 4898 997 4959 audimus,
1018 4893 1208 4949 Carolo
1226 4895 1413 4965 Magno
1436 4894 1607 4949 allinis
1631 4893 1747 4956 fuit,
1781 4903 1833 4947 et
1845 4893 2005 4965 D_rida
2024 4898 2172 4964 prius

607 4967 767 5029 dicta,
813 4980 970 5034 quam
994 4963 1399 5034 ianritanniam
1424 4965 1678 5018 venisset.
1716 5004 1727 5016 .
1759 5004 1771 5015 .
1802 5003 1815 5015 .
1868 4963 1972 5017 Sed
2000 4963 2171 5033 pietas

605 5034 721 5102 ejus
749 5032 862 5087 erat
883 5033 1095 5104 generis
1116 5032 1379 5104 feminini,
1432 5044 1485 5087 et
1513 5034 1804 5104 potentiam
1831 5040 1987 5087 nacta
2004 5032 2168 5104 dege-

609 5101 814 5157 neravit
843 5101 1020 5157 statim
1039 5102 1092 5155 in
1114 5102 1189 5166 id,
1210 5104 1352 5169 quod
1374 5104 1621 5170 impietas
1647 5103 1863 5156 dicitur.
1904 5122 1921 5153 ι
1963 5101 2168 5156 Alford.

607 5173 708 5227 loc.
731 5172 822 5225 cit.
857 5188 1001 5223 num.
1030 5172 1119 5225 58.
1570 5182 1603 5228 δ.

676 5253 701 5281 ι
742 5240 895 5293 Edita
930 5256 959 5292 a
988 5240 1222 5294 Martene
1248 5249 1301 5294 et
1325 5240 1572 5295 Durando
1600 5249 1728 5295 tom.
1750 5240 1792 5295 l.
1821 5241 1939 5293 Vet.
1970 5240 2165 5306 Script.

608 5320 661 5365 et
688 5310 827 5363 Mon.
848 5309 1007 5378 ampl.
1038 5310 1156 5363 coll.
1186 5326 1306 5378 pag.
1339 5310 1529 5371 49-51,
1549 5327 1614 5364 ex
1641 5310 2039 5364 ms.Vedastino
2067 5308 2171 5360 800

609 5392 887 5432 annorum.
941 5378 1071 5431 Data
1094 5379 1233 5431 circa
1258 5394 1456 5434 annum
1496 5379 1598 5434 796
1626 5395 1732 5447 quo
1759 5379 1909 5434 Rado
1960 5378 2170 5447 abbatia

610 5448 1023 5569 sanctiSY’edasti
1051 5447 1279 5503 donatus
1300 5458 1401 5503 est.
1436 5446 1763 5503 Mabill.’lib..
1787 5465 1944 5513 xxvi,
1973 5446 2167 5501 Annal.

610 5534 755 5569 num.
866 5556 878 5568 .

609 5534 755 5569 num.
792 5534 878 5569 DU.

682 5585 707 5623 δ
756 5584 961 5640 Versus.
993 5586 1220 5642 Exstant
1246 5586 1301 5641 hi
1328 5602 1513 5641 versus
1536 5596 1668 5642 tom.
1693 5584 1801 5649 ll,a
1827 5601 1972 5639 num.
1991 5583 2167 5639 41-66.

681 5653 702 5682 ε
750 5652 953 5710 Missas.
992 5658 1230 5727 Intellige
1259 5656 1475 5714 Librum
1504 5656 2005 5719 Sacramentorum;
2032 5652 2168 5708 infra

2258 1857 2609 1923 hominibus;
2636 1858 2735 1912 ista
2762 1868 2844 1913 est
2865 1860 2949 1912 via
2978 1868 3155 1915 vestra
3177 1859 3243 1913 ad
3262 1872 3481 1927 regnum
3506 1857 3621 1911 Dei.
3668 1856 3725 1908 ln
3756 1855 3835 1909 his

2273 1944 2416 1996 enim
2449 1946 2747 1999 mercedem
2770 1961 2797 1998 a
2827 1941 2935 2000 Deo
2960 1962 3177 2014 sperare
3202 1947 3437 2009 debetis;
3481 1946 3547 1998 ad
3568 1947 3666 1999 hos
3690 1943 3831 1997 enim

2272 2033 2639 2088 sanctissimos
2661 2036 2920 2099 tramites,
2950 2037 3189 2091 seniores
3210 2036 3297 2105 qui
3320 2045 3461 2100 sunt,
3485 2034 3729 2103 iuniores
3742 2033 3834 2087 de-

2272 2123 2487 2176 ducant.
2563 2123 2828 2193 Corripite
2865 2141 2957 2180 eos
2978 2126 3032 2179 in
3059 2127 3248 2195 spiritu
3294 2123 3741 2186 mansuetudinis,
3786 2130 3838 2175 et

2272 2213 2534 2267 bonaillis
2582 2215 2813 2281 praebete
2843 2216 3103 2283 exempla,
3150 2223 3209 2268 ut
3254 2215 3446 2268 vestris
3478 2212 3839 2266 sanctissimis

2270 2303 2511 2371 vestigiis
2534 2303 2853 2357 inhzerentes
2881 2304 3045 2358 vitam
3066 2305 3340 2358 vobiscum
3369 2305 3421 2357 in
3455 2303 3670 2357 Christo
3697 2310 3839 2357 Sem-

2271 2392 2535 2461 piternam
2559 2392 2756 2448 habere
2781 2403 3105 2449 mereantur.
3160 2394 3421 2449 Steculum
3446 2394 3587 2463 quod
3632 2392 3839 2461 sprevi-

2272 2483 2387 2545 stis,
2420 2483 2584 2538 nolite
2603 2499 2867 2551 quaerere,
2906 2486 3098 2552 stepius
3118 2500 3238 2538 cum
3252 2484 3517 2552 Propheta
3542 2483 3839 2537 decantan—

2272 2583 2381 2628 tes:
2423 2574 2630 2627 Inclina
2664 2591 2753 2628 cor
2775 2591 2944 2629 meum
2972 2577 3028 2628 in
3072 2576 3364 2628 testimonia
3409 2584 3519 2637 tua,
3559 2582 3605 2626 et
3652 2572 3842 2624 nonin

2272 2663 2545 2714 avaritiam
2575 2661 2745 2731 (Psal.
2786 2679 2969 2728 cxvm,
3014 2663 3125 2733 56).
3187 2663 3357 2718 Radix
3411 2662 3553 2716 enim
3600 2660 3839 2714 omnium

2273 2750 2532 2805 malorum
2564 2753 2824 2819 cupiditas
2861 2761 2961 2807 est.
3030 2752 3216 2807 Melius
3245 2760 3326 2805 est
3366 2751 3509 2805 enim
3534 2749 3702 2803 Deum
3748 2749 3845 2801 ha-

2271 2840 2397 2893 bere
2426 2841 2478 2893 in
2504 2842 2685 2904 corde,
2727 2858 2886 2909 quam
2922 2858 3169 2897 nummos
3192 2843 3243 2895 in
3272 2840 3503 2896 sacculo.
3572 2837 3842 2893 Lectionis

2272 2941 2442 2981 sacrae
2466 2928 2639 2981 studia
2663 2930 2804 2983 inter
2838 2930 3047 2985 labores
3068 2931 3383 2985 obedientiae
3402 2938 3592 2984 vestrm
3621 2926 3845 2996 diligen-

2276 3017 2480 3071 tissime
2504 3028 2769 3083 exercete,
2797 3021 2869 3074 ita
2891 3022 3042 3075 utvel
3067 3037 3223 3091 opus,
3249 3022 3331 3075 vel
3355 3020 3564 3075 libellus
3589 3019 3643 3072 in
3671 3016 3845 3072 mani-

2276 3107 2375 3161 bus
2402 3124 2611 3176 semper
2639 3111 2881 3165 videatur
2921 3112 3132 3173 vestris,
3184 3111 3307 3178 quia
3348 3110 3401 3162 in
3447 3109 3597 3163 libris
3642 3106 3844 3161 sanctis

2274 3199 2674 3267 Deusloquitur
2702 3200 2767 3252 ad
2813 3198 3102 3263 hominem,
3159 3208 3213 3252 et
3257 3199 3310 3253 in
3360 3197 3691 3252 orationibus
3731 3197 3843 3251 suis

2274 3289 2432 3343 homo
2475 3289 2710 3359 loquitur
2757 3289 2822 3343 ad
2850 3289 3037 3344 Deum.
3113 3289 3251 3353 Quid
3303 3289 3508 3343 dulcius
3538 3288 3696 3341 debet
3725 3301 3843 3340 esse

2272 3393 2432 3448 quam
2457 3378 2622 3432 Deum
2648 3378 2833 3432 audire
2854 3378 3194 3448 loquentem?
3252 3378 3307 3431 ln
3334 3379 3418 3431 his
3442 3378 3583 3431 enim
3614 3387 3668 3432 et
3700 3374 3840 3429 sola-

2272 3469 2348 3521 tia
2388 3478 2659 3537 peccator,
2717 3477 2771 3523 et
2795 3469 2984 3538 gaudia
3016 3468 3324 3522 benefactor
3373 3467 3626 3520 inveniet.
3692 3466 3842 3520 Sicut

2272 3557 2359 3610 lux
2387 3558 2618 3611 lzetiﬁcat
2640 3558 2843 3621 oculos,
2870 3557 2943 3609 ita
2966 3541 3125 3610 lectio
3146 3556 3326 3609 corda.
3389 3554 3699 3609 Custodiam
3729 3553 3839 3607 oris

2271 3644 2553 3711 diligenter
2577 3644 2887 3697 observate:
2935 3643 3099 3697 verba
3141 3656 3259 3710 quae
3311 3643 3377 3697 ad
3429 3640 3841 3696 aediﬁcationem

2271 3731 2607 3785 audientibus
2636 3731 2835 3785 faciant
2858 3746 3067 3799 semper
3082 3730 3335 3798 proferte,
3357 3731 3481 3797 quia
3502 3730 3728 3782 aliorum
3755 3742 3841 3781 sa-

2273 3820 2352 3873 lus
2369 3830 2544 3875 vestra
2570 3830 2651 3875 est
2669 3821 2967 3875 retributio.
2992 3820 3135 3874 Laus
3159 3820 3367 3874 Domini
3393 3833 3604 3887 semper
3617 3826 3771 3872 sonet
3788 3818 3841 3869 in

2271 3924 2364 3962 ore
2394 3918 2574 3964 vestro
2622 3910 2830 3965 dicente
2858 3910 3154 3979 Propheta:
3212 3910 3525 3965 Benedicam
3556 3907 3840 3962 Dominum

2272 4002 2323 4053 in
2350 4002 2488 4053 omni
2510 4010 2754 4070 tempore,
2777 4016 2973 4070 semper
3003 4001 3119 4055 laus
3141 4003 3195 4055 in
3217 4001 3329 4069 ejus
3361 4000 3415 4053 in
3434 4014 3645 4051 oremeo
3668 3995 3839 4066 (Psal.

2274 4107 2465 4155 χχχιιι,
2494 4089 2569 4159 2).
2634 4090 2700 4144 Ει
2738 4090 2930 4144 iterum
2968 4108 2981 4143 :
3018 4089 3351 4158 Sacriﬁcium
3391 4088 3563 4141 laudis
3590 4084 3844 4151 honoriﬁ-

2273 4180 2427 4241 cabit,
2450 4178 2559 4231 illic
2580 4179 2700 4241 iter,
2727 4196 2827 4247 quo
2858 4179 3124 4232 ostendam
3162 4179 3241 4231 illi
3276 4177 3506 4231 salutare
3530 4175 3628 4228 Dei
3668 4170 3839 4243 (Psal.

2275 4285 2420 4332 χιιι,
2445 4268 2557 4337 25).
2597 4267 2833 4322 Necdum
2850 4268 3004 4331 mihi,
3033 4268 3331 4322 charissimi
3361 4266 3585 4329 fratres,
3606 4262 3845 4319 occurrit

2278 4364 2486 4423 tempus
2529 4354 2765 4409 dictandi
2805 4366 2827 4393 ε
2877 4355 3213 4410 homiliarem
3268 4353 3703 4412 admonitionem.
3749 4349 3843 4404 sed

2275 4445 2384 4497 vita
2410 4444 2626 4508 comite,
2654 4443 2856 4513 Spiritu
2877 4453 3061 4500 sancto
3089 4444 3400 4515 inspirante,
3417 4458 3522 4497 non
3542 4456 3636 4497 ero
3658 4441 3842 4493 imme-

2273 4553 2391 4592 mor
2420 4536 2693 4605 petitionis
2711 4545 2906 4591 vestrae
2934 4545 2990 4590 et
3027 4534 3395 4605 promissionis
3424 4547 3576 4594 meae.
3650 4530 3838 4584 Divina

2271 4641 2368 4680 vos
2394 4625 2678 4680 clementia
2708 4625 2763 4678 in
2797 4625 2943 4679 omni
2972 4625 3211 4678 bonitate
3256 4622 3447 4674 ﬂorere
3482 4627 3537 4673 et
3578 4617 3842 4688 proﬁcere

2272 4712 2456 4777 faciat,
2484 4712 2678 4766 fratres
2708 4710 3031 4765 charissimi.
3081 4710 3250 4763 Amen
3289 4706 3340 4761 τε

2274 4832 2403 4878 ιοιη.
2431 4822 2477 4877 ll
2508 4822 2598 4877 ubi
2632 4821 2796 4875 etiam
2818 4821 2929 4875 vid.
2958 4820 3211 4889 proaviam
3242 4818 3681 4889 admonitionem.

2340 4891 2367 4931 ἀ
2409 4892 2723 4945 Protectoris
2747 4891 2931 4944 nostri.
2960 4884 3222 4943 —Alcuinus
3251 4891 3351 4944 hoc
3374 4904 3443 4942 ex
3471 4888 3587 4941 loco
3619 4884 3844 4939 aﬂ'ectus

2271 4963 2505 5017 maxime
2540 4960 2705 5014 fuisse
2748 4960 2961 5013 videtur
2996 4968 3183 5013 saneto
3198 4959 3446 5020 Vedasto,
3477 4954 3629 5022 cujus
3659 4953 3837 5022 Vitam

2271 5032 2432 5086 etiam
2482 5031 2549 5083 ad
2593 5027 3204 5100 petitionem___Radonis
3258 5026 3484 5100 abbatis
3525 5020 3846 5100 conscripsit

2270 5102 2414 5155 circa
2444 5093 2641 5153 annuin
2671 5097 2773 5151 796
2803 5096 3001 5169 mabill.
3025 5097 3125 5169 loc.
3145 5099 3236 5169 cit.
3286 5095 3400 5169 Quo
3415 5093 3575 5169 etiam
3604 5099 3845 5169 tempore

2270 5169 2544 5237 probabile
2564 5176 2666 5231 est,
2695 5165 3021 5237 eum_titulos
3047 5168 3101 5220 in
3122 5165 3345 5221 ecclesia
3355 5161 3628 5216 vedastina
3649 5160 3844 5214 inscri-

2272 5233 2471 5293 bendos
2496 5237 2747 5290 dictasse.
2789 5233 3070 5290 ΜΑιιι-ειιε.
3792 5247 3802 5257 ⁴

2346 5320 2369 5345 ο
2410 5304 2754 5357 Homiliarem
2785 5304 3209 5358 admonitionem.
3251 5300 3578 5354 Promissum
3600 5294 3843 5366 implevit

2270 5375 2526 5429 Alcuinus
2552 5374 2607 5427 in
2640 5372 2897 5437 Homilia,
2940 5388 3035 5427 seu
3060 5370 3432 5425 adhortatione
3455 5367 3522 5437 ad
3553 5364 3841 5437 imitandas

2269 5445 2497 5498 virtutes
2510 5443 2683 5497 sancti
2704 5433 2942 5506 Vedasti,
2970 5456 3132 5510 quam
3153 5440 3399 5510 dabimus
3426 5436 3567 5492 infra
3589 5433 3841 5510 suoloeo.

2347 5512 2366 5549 ί
2407 5512 2463 5565 ln
2482 5512 2689 5583 codice,
2739 5525 2846 5583 quo
2875 5505 3137 5583 ususuest
3174 5508 3433 5583 matteae,
3478 5505 3841 5583 sequebantur

2270 5596 2459 5635 versus
2481 5580 2533 5633 in
2564 5568 2789 5634 ecclesia
2816 5580 2986 5634 sancti
3018 5578 3234 5635 Vedasti
3258 5568 3681 5643 scribendi,_qui
3708 5568 3837 5627 editi

2273 5658 2395 5705 sunt
2425 5659 2552 5705 tom.
2582 5649 2645 5717 ll,
2685 5664 2831 5704 num.
2862 5649 2945 5701 41.
