4226 6194
599 323 699 375 ἳ19

598 501 847 553 salutem.

665 589 804 653 Olim
835 602 860 629 ι
893 589 1134 657 magistri
1175 582 1277 641 mei
1322 588 1540 657 vestigia
1577 596 1792 641 secutus
1830 597 2020 642 vestrm
2044 603 2171 641 con-

594 681 923 750 gregationis
970 679 1288 733 laudabilem
1334 681 1793 733 CUIIVCI‘SnliOIICﬂl
1836 680 2078 733 videbam
2117 690 2171 733 et

595 753 867 833 amabam,
900 785 1091 837 meque
1132 770 1302 837 ipsmn
1340 770 1481 822 inter
1508 786 1604 822 vos
1631 784 1751 821 esse
1778 768 2166 830 desiderabam,

594 862 748 929 quasi
777 875 916 915 unus
937 876 1001 914 ex
1029 860 1201 913 vobis.
1236 859 1385 913 Unde
1422 858 1698 926 deprecor,
1724 857 2025 911 charissimi
2060 856 2167 910 fra-

594 952 732 1003 tres!
775 952 1006 1004 vestram
1037 950 1335 1018 piissimam
1381 949 1739 1011 dilectionem,
1779 957 1839 1001 ut
1880 950 2169 1017 dignemini

593 1056 680 1094 me
724 1041 783 1094 in
829 1042 1033 1096 sanctis
1070 1042 1403 1107 orationibus
1448 1042 1644 1095 vestris
1686 1041 1904 1095 fratrem
1944 1042 2167 1104 habere,

591 1131 746 1199 quasi
775 1146 939 1185 unum
966 1147 1032 1184 ex
1060 1130 1323 1192 vobis,ut
1349 1139 1539 1184 vestra:
1576 1132 1872 1201 sanctitatis
1909 1132 2167 1185 interces-

591 1226 742 1295 sione
765 1230 1108 1292 peccatorum
1138 1238 1379 1277 meorum
1409 1239 1621 1278 merear
1647 1240 1676 1278 a
1706 1225 1813 1278 Deo
1839 1223 1966 1278 Jesu
2005 1225 2187 1277 indm--

590 1316 825 1382 gentiam
851 1316 1111 1383 accipere,
1143 1317 1234 1383 qui
1263 1324 1347 1368 est
1372 1315 1518 1368 salus
1542 1323 1597 1369 et
1626 1315 1900 1369 beatitudo
1932 1316 2170 1369 omnium

592 1407 644 1459 in
677 1419 736 1459 se
772 1407 1135 1475 sperantium;
1167 1420 1328 1474 quem
1365 1421 1463 1459 vos
1505 1407 1558 1460 in
1588 1416 1771 1461 sancta
1803 1409 2056 1477 religione
2089 1424 2171 1461 re-

587 1499 794 1566 gularis
833 1498 957 1550 vita!
1001 1511 1215 1565 semper
1259 1499 1545 1563 honorate,
1585 1506 1641 1551 et
1678 1487 1866 1559 amate,
1909 1508 2170 1566 quatenus

590 1591 804 1658 dignam
840 1589 892 1641 in
924 1589 1092 1650 vobis,
1123 1589 1261 1642 sicut
1284 1591 1583 1643 certissime
1613 1591 1899 1654 credimus,
1938 1591 2170 1643 mansio-

589 1695 712 1731 nem
737 1679 837 1732 sibi
862 1679 1118 1732 inveniat.
1143 1678 1280 1744 Quid
1322 1679 1394 1733 illi
1416 1681 1814 1749 congregationi
1844 1682 2167 1749 prosperita-

1460 298 1516 371 ιι,
1563 320 1621 371 r.
1665 318 1885 374 manu
1929 318 2060 374 seu
2099 319 2371 374 arcum
2410 320 2688 374 Ol‘liRUM
2729 320 2903 374 rans
2941 320 2980 376 ι.
3073 304 3077 309 ’

598 414 739 464 beati
769 410 1057 478 Leodcgari
1090 409 1324 477 episcopi
1363 408 1471 461 Deo
1506 411 1883 471 servientibus,
1914 410 2169 463 Alc-uinus
2197 417 2246 470 Λ

3737 327 3861 383 2⁸10

2345 412 2490 481 [lego
2530 427 2623 465 vos
2662 427 2758 478 per
2795 412 3076 465 eharitatis
3112 411 3287 471 fidem.
3332 422 3389 465 ιιι
3421 415 3643 469 fideliter
3671 429 3719 469 et
3759 438 3849 472 sa-

2273 499 2481 565 pienter
2513 500 2564 552 in
2593 500 2852 555 electione
2876 492 3152 569 pontificis
3182 503 3408 569 faciatis,
3439 507 3481 558 si
3510 524 3725 564 necesse
3752 516 3853 574 sit,

2271 589 2583 643 electionem
2621 590 2734 643 fieri
2769 602 2789 628 ε
2817 600 3102 659 antequam
3133 594 3364 647 veniam.
3393 596 3586 650 lterum
3618 599 3852 654 iterum-

2270 693 2375 746 que
2401 680 2640 733 obtestor
2658 695 2753 733 vos
2771 693 2868 747 per
2886 696 3079 733 nomen
3108 681 3320 735 Domini
3347 686 3515 737 nostri
3544 684 3666 739 Jesu
3690 689 3857 742 Chri-

2271 766 2360 826 sti,
2411 772 2468 816 ut
2509 766 2809 820 nullatenus
2856 767 3085 834 aliquem
3132 769 3323 823 sinatis
3366 786 3462 838 per
3498 774 3851 831 simoniacam

2270 854 2516 908 lueresim
2539 856 2903 925 episcopatum
2930 858 3227 925 acquirere,
3259 861 3384 928 quia
3421 864 3639 918 omnino
3666 868 3856 932 perdi—

2272 943 2347 996 tio
2384 945 2557 1010 gentis
2600 952 2702 1007 est,
2750 945 2794 998 si
2844 945 2952 1000 ﬁet.
2988 946 3054 1000 Et
3099 956 3183 1002 est
3226 950 3444 1004 haeresis
3475 955 3727 1021 pessima,
3774 960 3853 1011 si-

2272 1034 2512 1086 moniaca
2536 1034 2801 1098 videlicet,
2826 1052 2986 1105 quam
3017 1046 3233 1092 sanctus
3270 1041 3459 1095 Petrus
3486 1052 3688 1098 aeterno
3715 1062 3851 1100 ana-

2272 1122 2502 1175 themate
2527 1122 2799 1177 damnavit
2825 1125 2962 1195 (Act.
2988 1142 3105 1187 vm,
3133 1125 3217 1192 Ἠ,
3242 1127 3329 1191 20,
3354 1130 3506 1199 δρψ).
3538 1131 3637 1196 Qui
3664 1136 3852 1187 vendit

2272 1214 2665 1281 episcopatum,
2710 1220 2898 1287 aurum
2941 1215 3195 1283 accipiet,
3250 1218 3342 1272 sed
3386 1228 3441 1272 et
3486 1236 3705 1290 regnum
3748 1224 3847 1277 Dei

2271 1303 2451 1370 perdet
2462 1342 2477 1354 .

2341 1393 2626 1462 llncusquc
2656 1404 2837 1449 sancta
2864 1396 3219 1451 Eboracensis
3250 1398 3475 1452 ecclesia
3506 1401 3558 1452 in
3584 1401 3847 1455 electione

2271 1498 2364 1536 sua
2402 1484 2653 1540 inviolata
2685 1490 2995 1555 permansit.
3033 1488 3219 1543 Videte
3256 1505 3325 1543 ne
3353 1491 3407 1543 in
3433 1491 3619 1545 diebus
3653 1496 3847 1548 vestris

2271 1575 2584 1629 maculetur.
2618 1575 2673 1630 Si
2713 1576 2825 1640 illa,
2854 1578 2995 1646 quod
3039 1579 3199 1641 absit,
3237 1581 3611 1635 auctoritatem
3645 1582 3849 1635 amittit

2269 1664 2703 1726 ecclesiasticam,
2730 1666 2893 1719 timeo
2920 1680 2988 1719 ne
3018 1682 3111 1720 vos
3146 1683 3367 1737 regnum
3402 1670 3657 1724 amittatis
3682 1680 3845 1725 teter-

588 1769 660 1822 tis
685 1768 870 1822 deesse
892 1764 1112 1837 poterit,
1134 1769 1223 1821 ubi
1251 1769 1337 1822 ille
1373 1779 1455 1823 est
1489 1745 1546 1823 ίιῖ
1574 1745 1767 1833 Inedia,
1794 1745 1885 1838 qni
1916 1745 1989 1823 ait
2019 1789 2030 1822 ε
2065 1770 2165 1824 Ubi
2201 1745 2241 1803 Β
2268 1768 2417 1806 nurn-
2444 1753 2609 1807 Judas
2635 1756 2869 1809 Vendidit
2900 1772 3177 1825 sponsum.
3204 1758 3257 1811 id
3292 1766 3392 1822 est.
3420 1758 3712 1814 Christum.
3740 1761 3844 1826 Qui

587 1868 707 1911 sunt
732 1859 835 1910 duo
863 1858 938 1911 rel
966 1868 1068 1910 tres
1096 1860 1391 1929 congregati
1416 1861 1470 1912 in
1495 1863 1702 1914 nomine
1724 1878 1852 1926 meo,
1878 1862 1947 1914 ibi
1975 1879 2088 1915 sum
2112 1864 2169 1915 in

588 1949 757 2003 medio
785 1964 962 2002 eorum
990 1948 1203 2019 (Matth.
1230 1966 1419 2014 xxvm,
1451 1940 1566 2019 20)..

659 2036 853 2093 Pacem
881 2054 1093 2106 semper
1122 2040 1313 2092 habete
1348 2055 1531 2093 veram
1569 2040 1621 2092 in
1647 2041 1906 2094 charttate
1948 2051 2162 2105 sancta;

584 2132 649 2181 et‘
677 2121 1035 2183 obedientiam
1079 2128 1194 2183 sine
1237 2130 1680 2195 murmuratione,
1724 2139 1779 2185 ct
1814 2132 2165 2185 humilitatem

588 2220 703 2271 sine
730 2218 1089 2282 simulatione,
1119 2233 1237 2286 quse
1273 2228 1395 2272 sunt
1431 2222 1663 2274 maxime
1694 2222 2019 2275 monachicae
2044 2223 2167 2275 vitae

587 2309 834 2373 virtutes,
857 2297 911 2362 ei
941 2308 1163 2378 Spiritui
1201 2319 1389 2364 sancto
1427 2312 1684 2365 amabiles
1722 2313 1787 2365 ad
1820 2312 2167 2365 habitandmn

588 2404 640 2455 in
668 2403 748 2454 eis
785 2417 797 2452 :
828 2408 989 2469 atque
1026 2401 1235 2456 erudite
1277 2416 1473 2470 pueros
1511 2411 1566 2456 et
1612 2403 2034 2458 adolescentulos
2080 2420 2169 2457 ve-

584 2502 749 2557 stros,
777 2508 896 2547 cum
932 2493 1075 2546 omni
1106 2494 1399 2563 diligentia,
1433 2496 1483 2547 in
1510 2495 1758 2549 castitate
1782 2504 1837 2549 et
1864 2496 2163 2558 sanctitate,

586 2596 641 2637 ct
661 2584 939 2653 disciplina
961 2583 1347 2647 ecclesiastica,
1364 2592 1421 2638 ut
1443 2585 1585 2654 digni
1611 2586 1910 2640 habeantur
1930 2595 2167 2639 vestrum

588 2682 710 2742 post
737 2689 831 2727 vos
857 2680 1039 2727 tenere
1066 2672 1260 2734 locum,
1295 2683 1350 2727 et
1375 2690 1472 2744 pro
1499 2677 1650 2737 vobis
1683 2678 1880 2730 sanctis
1911 2677 2169 2731 orationi-

588 2764 711 2829 bus,
739 2764 952 2833 Deoque
978 2764 1396 2833 acceptabilibus
1425 2766 1638 2821 assidua
1668 2767 2052 2821 consuetudine
2090 2767 2170 2819 in-

589 2853 884 2906 tercedere.
1120 2870 1123 2873 λ

662 2942 918 2997 Dominus
950 2943 1087 2997 Deus
1112 2944 1203 3013 qui
1231 2961 1324 2999 vos
1365 2945 1416 2999 in
1450 2945 1588 2999 ovile
1623 2945 1924 3001 sanctitatis
1949 2960 2170 3014 congre-

588 3033 755 3101 gavit,
794 3033 907 3101 ipse
941 3049 1220 3104 nnmcrpm
1256 3044 1494 3088 vestrum
1528 3052 1724 3104 augere
1762 3037 2029 3102 dignetur,
2057 3043 2110 3087 et
2139 3049 2166 3086 a
2196 3068 2244 3130 C

588 3124 794 3177 dextris
818 3122 916 3174 sibi
946 3122 995 3174 in
1026 3123 1112 3175 die
1141 3124 1325 3191 judicii
1364 3133 1507 3177 stare
1537 3126 1811 3187 concedat,
1844 3126 1909 3178 ad
1948 3126 2165 3178 audien-

587 3212 711 3265 dam
758 3211 1041 3264 amabilem
1091 3214 1429 3274 sententiam,
1478 3230 1581 3281 qua
1631 3214 1869 3268 dicturus
1907 3217 2010 3269 erit
2046 3231 2167 3269 san-

588 3303 693 3355 ctis
735 3302 847 3355 suis
888 3319 901 3354 :
950 3299 1125 3354 Venite
1162 3302 1409 3355 benedicti
1448 3304 1623 3357 Patris
1654 3306 1773 3366 mei,
1810 3307 2051 3373 percipite
2090 3323 2167 3358 rc-

588 3409 767 3461 gmmt,
816 3392 953 3460 quod
1007 3394 1146 3447 vobis
1205 3405 1447 3462 paratum
1495 3406 1568 3449 est
1627 3397 1690 3449 ab
1742 3398 1939 3467 origine
1986 3400 2166 3453 ntundi

592 3482 806 3549 (.llotth.
839 3500 964 3547 xxv,
994 3484 1115 3592 ὅθί,
1156 3554 1482 3609 EP'STOLA
1532 3556 1643 3607 LW
1759 3570 1761 3574 Α
1914 3500 1917 3501 ν

812 3637 880 3695 ap
917 3638 1307 3695 alienissimos
1344 3639 1539 3695 uncos
1567 3640 1943 3695 enonvccxscs.

955 3692 1130 3761 (Anno
1156 3693 1277 3757 796,
1310 3709 1493 3747 mense
1519 3694 1805 3763 Augusto.)

594 3780 870 3845 Hortatur,
911 3792 965 3834 ut
1004 3784 1057 3835 in
1098 3782 1355 3861 electione
1370 3784 1591 3851 episcoyn'
1628 3782 1965 3838 simoniacam
2000 3785 2166 3839 labent

1278 3861 1483 3903 evitent.

662 3942 1035 3996 Dilectissimis
1068 3943 1258 3997 amicis
1287 3942 1534 3997 salutem.

664 4072 688 4098 ο
719 4058 856 4135 Olim
885 4056 1120 4135 magistri
1142 4055 1473 4135 nteiyestigig
1497 4068 1721 4135 secutus.
1742 4058 2165 4135 Duosdlcuinus

593 4127 818 4205 Eboraci
850 4124 1136 4205 magistros
1177 4124 1381 4185 habuit,
1417 4126 1707 4205 Egbertum
1748 4137 1801 4205 e_t
1839 4128 2162 4205 JEIbertth,

612 4206 750 4252 il‘Olll
797 4196 848 4249 in
888 4193 1200 4263 prmfatione
1238 4193 1482 4267 generali
1514 4196 1920 4267 declaravimus.
1962 4197 2036 4252 De
2064 4193 2164 4267 Eg?

612 4218 750 4252 ὶΓΟΙΙι
797 4218 848 4249 Ill
889 4218 1200 4263 pl‘lClilUUllC
1238 4218 1473 4263 genera"
1514 4218 1920 4250 υυυιίπίιγιιιιυδ.
1962 4218 2036 4252 ue
2065 4218 2163 4267 Dg-

589 4218 746 4323 iierto
773 4282 877 4319 non
907 4272 1117 4318 constat
1139 4262 1280 4331 quod
1308 4264 1594 4331 aliquando
1626 4267 1677 4319 in
1711 4266 1935 4320 Galliam
1969 4267 2050 4320 vel
2075 4266 2163 4320 ΑΙ-

592 4336 808 4397 satiam,
836 4334 925 4386 ubi
950 4332 1296 4401 Morhaccnse
1331 4334 1714 4387 monasterium
1744 4337 1904 4389 situm
1941 4346 2043 4401 est,
2075 4352 2162 4390 ve—

2265 1854 2443 1897 autem
2486 1846 2667 1899 vendit
2709 1861 2976 1913 sponsam,
3021 1848 3073 1901 id
3108 1855 3209 1909 est,
3250 1847 3568 1913 Ecclesiam,
3603 1850 3842 1919 ejusdem

2265 1933 2508 1985 criminis
2546 1948 2669 1987 reus
2701 1944 2783 1987 est
2813 1949 2827 1986 :
2858 1936 2983 2002 quia
3024 1935 3270 1989 Christus
3302 1944 3357 1990 et
3402 1936 3635 1991 Ecclesia
3676 1953 3841 1992 unum

2266 2038 2460 2090 corpus
2485 2032 2629 2089 sunt,
2655 2025 2909 2093 Apostolo
2936 2033 3072 2081 teste
3110 2026 3321 2096 (Eplies.
3358 2042 3412 2090 v,
3441 2027 3554 2097 25).
3587 2028 3846 2081 Venditor

2267 2132 2393 2169 vero
2420 2130 2638 2171 necesse
2680 2124 2764 2170 est
2803 2125 2956 2171 extra
3001 2117 3296 2171 Ecclesiam
3337 2117 3442 2179 sit;
3482 2126 3535 2170 at
3573 2117 3663 2185 qui
3688 2125 3843 2171 extra

2266 2205 2559 2258 Ecclesiam
2588 2215 2689 2267 est,
2721 2206 2809 2259 ubi
2839 2207 2965 2268 erit,
2996 2206 3095 2257 nisi
3122 2220 3246 2259 cum
3289 2205 3502 2260 diabolo
3549 2207 3601 2258 in
3640 2216 3843 2260 aeterna

2266 2294 2595 2361 perditione?
2623 2292 2795 2346 Nolite
2824 2301 3060 2347 metuere
3090 2294 3367 2347 veritatem
3400 2296 3552 2349 vobis
3575 2295 3842 2349 dicentem

2266 2385 2499 2438 audisse.
2525 2384 2636 2437 lloc
2658 2385 2800 2437 enim
2822 2384 2962 2453 quod
2988 2384 3127 2448 dico,
3150 2385 3271 2438 libri
3294 2384 3494 2453 Spiritu
3518 2394 3707 2439 sancto
3724 2401 3845 2453 pro-

2268 2473 2356 2525 lati
2391 2482 2677 2526 testantur.
2722 2472 2859 2542 Opto
2899 2475 3043 2526 enim
3080 2489 3174 2527 vos
3212 2474 3582 2529 immaculatos
3618 2477 3671 2529 in
3709 2491 3840 2529 con-

2268 2572 2451 2630 specta
2479 2562 2570 2615 Dei
2600 2577 2739 2623 esse,
2768 2572 2823 2615 et
2842 2562 2892 2614 in
2913 2562 3015 2616 hoc
3037 2562 3231 2616 saeculo
3260 2564 3489 2618 feliciter
3511 2580 3756 2633 regnare,
3788 2572 3847 2617 et

2270 2652 2321 2703 in
2349 2662 2607 2719 perpetuo
2633 2652 2863 2719 gaudere
2887 2667 3009 2705 cum
3036 2651 3271 2707 Christo.
3297 2655 3470 2707 Vivite
3487 2661 3542 2706 et
3571 2653 3741 2707 valete
3765 2653 3845 2707 fe-

2268 2736 2405 2796 lices
2420 2742 2472 2794 in
2498 2741 2734 2795 Christo.

2687 2848 2797 2918 63
2851 2848 2877 2886 ά
2918 2848 3243 2903 EPISTOLA
3280 2849 3389 2904 LV.

2861 2956 2926 2993 Αι)
2973 2955 3245 3002 accubui.

2624 3048 2800 3119 (Anno
2821 3049 2943 3112 796,
2984 3065 3166 3103 mense
3199 3050 3485 3122 Augusto.)

2267 3158 2433 3227 Rogat
2466 3168 2519 3234 ut
2572 3158 2863 3234 ecclesiam,
2919 3159 3043 3234 dum
3070 3176 3233 3234 novus
3271 3162 3539 3234 episcopus
3568 3165 3832 3234 eligendus

2333 3225 2425 3302 est,
2459 3227 2522 3278 ab
2566 3229 2704 3302 omni
2754 3225 2991 3279 rioleutia
3046 3225 3313 3295 defendat,
3353 3225 3560 3302 dieique
3612 3225 3833 3290 (Etcruos

2335 3296 2387 3346 in
2416 3304 2581 3347 mente
2610 3294 2817 3347 habent.

2335 3406 2561 3459 Domino
2604 3406 2843 3460 omnium
2900 3406 3254 3465 dilectissimo
3291 3420 3547 3466 mternam
3599 3414 3833 3491 inCln-i--

2266 3503 2350 3548 sto
2387 3495 2638 3548 salutem.

2334 3582 2569 3637 Audiens
2613 3584 2680 3638 ab
2731 3595 2754 3623 ι’
2808 3584 3084 3641 Eanbaldo
3138 3586 3339 3643 famulo
3397 3601 3580 3648 vestro
3633 3604 3831 3664 Optata:

2264 3677 2638 3747 prosperitatis
2688 3685 2880 3732 vestrm
2920 3679 3256 3747 sospitatem,
3295 3680 3447 3736 valde
3475 3698 3561 3737 me
3586 3686 3826 3752 gavisam

2264 3768 2472 3834 fateor;
2513 3770 2636 3844 quia
2664 3771 2901 3847 charitas
2944 3779 2999 3824 et
3026 3770 3157 3824 fides
3190 3787 3309 3839 qua:
3348 3773 3476 3827 olim
3516 3775 3570 3832 in
3615 3786 3833 3843 pectore
3884 3822 3890 3831 ,

2265 3867 2447 3913 nostro
2476 3860 2720 3913 habitare
2746 3860 2926 3929 cmpit,
2982 3877 3257 3930 nunquam
3310 3864 3563 3919 recedere
3603 3868 3823 3935 poterit.

2267 3947 2333 4001 Et
2349 3956 2551 4016 quanto
2572 3948 2693 4017 plus
2711 3956 2916 4018 tempus
2939 3951 3389 4007 remunerationis
3416 3956 3826 4024 appropinquat,

2263 4058 2328 4111 ad
2369 4058 2542 4126 ipsum
2589 4060 2825 4134 dilectus
2866 4059 3059 4114 fuerat.
3100 4081 3128 4134 i_
3161 4051 3367 4134 Dejhoc
3402 4080 3614 4134 quoque
3642 4068 3833 4121 itinere

2265 4135 2402 4200 ante
2426 4143 2623 4200 annum
2658 4128 2761 4181 780
2804 4139 3069 4200 suscepto,
3118 4128 3829 4200 intelligendum-existimo,

2263 4195 2405 4273 quod
2425 4196 2491 4249 de
2511 4196 2889 4273 seipso_narrat
2908 4195 3162 4273 Aieuinus
3188 4200 3239 4252 in
3256 4195 3519 4273 epist._l0l
3534 4243 3548 4263 ,
3564 4219 3622 4256 se
3644 4220 3833 4273 nempe

2263 4264 2906 4339 adolescentemjtomam
2936 4269 3255 4339 perrexisse,
3296 4264 3351 4321 et
3385 4270 3685 4339 aliquantos
3722 4264 3834 4329 dies

2265 4337 2318 4413 in
2344 4334 2503 4413 l‘apia
2531 4335 2694 4413 regali
2717 4336 2931 4413 civitate
2954 4336 3310 4413 demoratam,
3338 4334 3682 4409 disputationi
3710 4342 3833 4399 Julii

594 4407 761 4467 nerit;
798 4396 878 4455 de
924 4400 1169 4454 jElberto
1206 4416 1351 4472 vero,
1393 4402 1481 4469 qui
1529 4402 1605 4472 ab
1643 4402 1873 4470 Egberto
1916 4396 2164 4472 episcopo
2189 4396 2242 4455 D
2264 4396 2435 4456 Judtei
2458 4396 2763 4472 cum‘Petro
2790 4405 3044 4472 magistro
3069 4396 3395 4462 interfuisse.

592 4484 932 4529 antecessore
957 4487 1053 4524 suo
1073 4472 1269 4525 scholis
1292 4471 1713 4525 Eboracensibus
1735 4472 2015 4540 praefectus
2040 4471 2160 4538 fuit,

594 4552 843 4599 narratur
870 4542 1010 4610 quod
1036 4541 1312 4609 amplioris
1343 4540 1597 4594 doctrinm
1630 4543 1816 4597 avidus
1843 4552 2053 4597 exteras
2083 4557 2169 4596 re—

595 4616 779 4681 giones
805 4611 1043 4665 scientia:
1074 4624 1265 4681 amore
1276 4611 1676 4681 peragraverit,
1702 4612 1748 4665 si
1777 4614 1905 4681 quid
1929 4612 2066 4666 forte
2102 4613 2165 4665 li—

594 4678 835 4743 brorum,
859 4688 952 4731 aut
969 4693 1119 4732 nova:
1139 4678 1453 4749 eruditionis
1482 4680 1743 4749 inveniret
1765 4678 1820 4734 et
1842 4690 2163 4749 reportaret;

597 4752 823 4805 Romam
847 4762 1060 4817 quoque
1086 4747 1356 4816 profectus
1379 4762 1408 4798 a
1444 4747 1658 4816 regibus
1683 4747 2012 4817 summisque
2039 4754 2168 4806 viris

596 4818 890 4875 honorifice
915 4826 1187 4886 acceptus,
1211 4826 1266 4870 et
1289 4824 1493 4870 tantum
1524 4831 1629 4886 non
1655 4826 1897 4872 retentus
1919 4818 2038 4885 fuit,
2061 4830 2165 4875 etc.

597 4888 798 4944 Mabill.
832 4888 925 4941 lib.
964 4884 1090 4939 xxiv
1131 4886 1348 4948 Annal.,
1370 4901 1490 4955 pag.
1523 4884 1648 4950 ΞΗ,
1678 4902 1825 4940 num.
1859 4886 1942 4941 12.
1968 4889 2167 4945 Auctor

599 4972 830 5028 quoque
853 4955 1113 5028 poematis
1144 4956 1217 5008 De
1244 4956 1506 5028 episcopis
1532 4955 1979 5028 Eboracensibus,
2009 4974 2168 5025 quem

602 5023 774 5096 ipsum
807 5023 1090 5096 Alcuinum
1117 5038 1235 5078 esse
1270 5023 1555 5096 credimus,
1586 5040 1726 5096 vers.
1761 5023 1916 5090 1525,
1945 5023 2172 5081 testatur

602 5093 885 5219 alentium
910 5094 1049 5164 patri
1076 5109 1141 5149 ac
1164 5093 1421 5162 magistro
1444 5109 1541 5150 suo
1566 5093 1813 5149 JElberto
1839 5110 2051 5163 semper
2077 5097 2166 5151 ad-

644 5178 828 5218 :esisse
864 5181 877 5215 :

644 5178 828 5218 .‘BSISSC
864 5181 877 5215 ἶ

791 5272 1010 5321 Tradidit
1032 5278 1104 5322 ast
1126 5273 1202 5321 alii
1224 5272 1398 5321 ebaras
1418 5284 1567 5333 super
1587 5272 1747 5322 munia
1766 5282 1911 5333 gms

786 5332 1039 5384 Librorum
1063 5342 1194 5395 nato,
1214 5335 1345 5384 Patri
1368 5338 1450 5395 qui
1465 5332 1660 5395 semper
1678 5332 1903 5384 adhbsit.

676 5435 913 5507 Credam
937 5435 1098 5507 igitur
1132 5430 1418 5507 _Alcuinum
1461 5442 1586 5487 tunc
1620 5449 1830 5507 quoque
1859 5433 2170 5507 magistrum

607 5519 763 5561 suum
783 5504 839 5559 in
860 5504 1050 5561 itinere
1072 5504 1237 5558 fuisse
1258 5507 1567 5561 connitatum
1584 5520 1597 5563 ;
1617 5514 1672 5558 et
1688 5505 1872 5557 eadem
1894 5504 2174 5559 occasione

609 5574 663 5626 in
702 5574 943 5629 notitiam
971 5574 1179 5629 venisse
1215 5572 1390 5629 Caroli
1430 5575 1623 5642 Magni,
1652 5593 1668 5624 ι
1714 5573 1820 5642 qui,
1862 5581 1999 5628 teste
2040 5575 2174 5628 Vitae

610 5643 890 5714 scriptore,
940 5646 1157 5700 noverat
1205 5659 1344 5706 eum,
1395 5646 1516 5712 quia
1551 5644 1676 5697 olim
1716 5662 1743 5695 a
1784 5642 2039 5710 magistro
2076 5659 2173 5700 suo

2336 4471 2537 4548 b_Edit.
2571 4472 2818 4548 Quereet.
2846 4471 2914 4548 88
2945 4490 3011 4528 ex
3038 4491 3139 4548 ms.
3169 4476 3417 4545 (Froben.
3451 4477 3565 4548 48.)
3594 4480 3725 4533 Data
3754 4491 3835 4535 est

2268 4542 2332 4593 ad
2361 4538 2552 4595 fratres
2576 4542 2929 4597 Eboracensis
2949 4538 3209 4609 ecclesiae,
3235 4554 3361 4599 tunc
3382 4538 3595 4609 pastore
3621 4564 3718 4603 suo
3746 4567 3834 4603 va-

2267 4611 2457 4687 catttis,
2498 4626 2688 4687 nempe
2711 4627 2858 4687 anno
2880 4612 2982 4687 79b
3005 4628 3112 4680 quo
3137 4630 3191 4667 IV
3215 4611 3499 4687 Kal.‘_Aug.
3535 4617 3667 4671 obiit
3697 4619 3837 4674 Ean-

2266 4677 2456 4799 :xétdtais
2494 4681 2692 4815 ierim,
2732 4682 2817 4733 cui
2839 4677 3305 4746 iunior—successit
3330 4677 3593 4754 (ltog'erus
3632 4687 3831 4745 Hoved.

2290 4763 2304 4799 ι
2430 4763 2499 4799 nn
2565 4785 2577 4798 .

2290 4761 2372 4799 IOC
2395 4761 2577 4799 3000).

2341 4826 2363 4852 ο
2394 4816 2681 4891 Antequam
2722 4817 2939 4891 veniant.
2987 4818 3220 4891 Vocatus
3258 4838 3389 4891 ergo
3428 4822 3684 4879 Alcuinus
3718 4836 3833 4881 tan-

2268 4898 2427 4954 quam
2474 4887 2771 4939 membrum
2813 4885 2953 4941 illius’
3002 4889 3261 4954 ecclesiae,
3306 4885 3365 4943 ut
3402 4907 3553 4945 novae
3585 4894 3832 4954 electioni

2269 4953 2497 5023 adesset,
2535 4956 2629 5009 sed
2672 4954 2971 5023 prohibitus
3003 4966 3086 5011 est
3120 4973 3188 5011 ne
3224 4960 3450 5021 veniret,
3480 4961 3551 5013 ob
3588 4953 3831 5019 morbum

2268 5020 2510 5100 febrilem
2543 5032 2599 5076 et
2628 5020 2770 5100 regis
2809 5039 3013 5082 moram
3057 5027 3113 5079 in
3161 5026 3415 5093 Saxonia,
3438 5020 3511 5081 ut
3545 5028 3739 5100 legitur
3780 5037 3832 5090 in

2268 5091 2489 5158 epistola
2513 5093 2775 5158 sequenti.
3036 5120 3041 5125 ε
3351 5110 3353 5112 ‘

2339 5159 2366 5197 ἀ
2404 5160 2548 5238 Edit.
2568 5159 2814 5238 Queroet.
2842 5162 2934 5238 52,
2957 5162 3152 5238 Canis.
3166 5163 3236 5217 50
3260 5162 3511 5233 (Froben.
3542 5168 3655 5238 49).
3684 5170 3831 5226 εει-ἰ-

2274 5235 2361 5294 pta
2387 5229 2455 5289 ad
2482 5231 2729 5304 amicum,
2755 5231 3089 5304 episcopum
3122 5229 3281 5304 forte,
3305 5242 3408 5304 aut
3443 5229 3710 5304 potestate
3737 5242 3833 5294 ali-

2272 5310 2377 5363 qua
2417 5298 2655 5380 saeculari
2668 5298 2989 5380 .poilentem,
3046 5300 3137 5380 qui
3173 5303 3343 5380 possit
3395 5298 3710 5361 electionem
3740 5326 3831 5380 ηοτ

2274 5356 2394 5449 vam
2450 5356 2701 5449 episcopi
2724 5356 3104 5449 (Eboracensis
3142 5356 3315 5442 pirto,)
3371 5356 3827 5432 omits"6iiinéﬁl

2274 5432 2583 5490 violentiam
2608 5432 2767 5497 tueri.

2350 5514 2373 5542 ο
2410 5505 2502 5579 Δί
2519 5505 2811 5579 Eanbgldo.
2847 5506 2946 5579 Hic
2965 5507 3264 5563 Eanhaldus
3290 5511 3428 5565 idem
3462 5510 3704 5568 fortassis
3722 5508 3825 5579 est,

2277 5588 2434 5639 quem
2453 5574 2631 5649 Epist.
2650 5576 2881 5649 _7_(nunc
2898 5575 2952 5643 6)
2985 5586 3137 5649 vocat
3176 5581 3565 5648 presbyterum,
3584 5597 3649 5636 ac
3667 5574 3825 5649 paulo

2280 5652 2399 5710 post
2419 5644 2617 5699 electus
2642 5644 2743 5700 fuit
2772 5644 3051 5717 ep‘iseOpus
3085 5644 3439 5707 Eboracensis
3454 5644 3717 5707 ecclesiae.
