  <div class='ocr_page' id='page_1' title='image "/cluster/home/n/w/nwhite01/storage/ocr_20150623/100/uva.x000827058/118.png"; bbox 0 0 4238 6198; ppageno 0'>
   <div class='ocr_carea' id='block_1_1' title="bbox 419 314 519 377">
    <p class='ocr_par' dir='ltr' id='par_1_1' title="bbox 419 314 519 377">
     <span class='ocr_line' id='line_1_1' title="bbox 419 314 519 377; baseline -0.03 0"><span class='ocrx_word' id='word_1_1' title='bbox 419 314 519 377; x_wconf 62' lang='lat'><strong>‘22!</strong></span> 
     </span>
    </p>
   </div>
   <div class='ocr_carea' id='block_1_2' title="bbox 1861 310 2241 365">
    <p class='ocr_par' dir='ltr' id='par_1_2' title="bbox 1861 310 2241 365">
     <span class='ocr_line' id='line_1_2' title="bbox 1861 310 2241 365; baseline -0.011 0"><span class='ocrx_word' id='word_1_2' title='bbox 1861 310 2213 365; x_wconf 71' lang='lat' dir='ltr'><strong>EPISTULA:</strong></span> <span class='ocrx_word' id='word_1_3' title='bbox 2227 349 2241 361; x_wconf 94' lang='lat'><strong>.</strong></span> 
     </span>
    </p>
   </div>
   <div class='ocr_carea' id='block_1_3' title="bbox 3536 301 3640 360">
    <p class='ocr_par' dir='ltr' id='par_1_3' title="bbox 3536 301 3640 360">
     <span class='ocr_line' id='line_1_3' title="bbox 3536 301 3640 360; baseline -0.019 0"><span class='ocrx_word' id='word_1_4' title='bbox 3536 301 3640 360; x_wconf 57' lang='grc' dir='ltr'>ω</span> 
     </span>
    </p>
   </div>
   <div class='ocr_carea' id='block_1_4' title="bbox 426 416 3640 499">
    <p class='ocr_par' dir='ltr' id='par_1_4' title="bbox 426 416 3640 499">
     <span class='ocr_line' id='line_1_4' title="bbox 426 416 3640 499; baseline -0.004 -14"><span class='ocrx_word' id='word_1_5' title='bbox 426 440 575 489; x_wconf 87' lang='lat' dir='ltr'><strong>tanto</strong></span> <span class='ocrx_word' id='word_1_6' title='bbox 599 428 770 499; x_wconf 84' lang='lat' dir='ltr'><strong>magis</strong></span> <span class='ocrx_word' id='word_1_7' title='bbox 797 427 1080 483; x_wconf 85' lang='lat' dir='ltr'><strong>observare</strong></span> <span class='ocrx_word' id='word_1_8' title='bbox 1127 424 1341 479; x_wconf 82' lang='lat' dir='ltr'><strong>debebit</strong></span> <span class='ocrx_word' id='word_1_9' title='bbox 1364 442 1375 475; x_wconf 89' lang='lat'><strong>:</strong></span> <span class='ocrx_word' id='word_1_10' title='bbox 1409 429 1466 476; x_wconf 91' lang='lat' dir='ltr'><strong>ut</strong></span> <span class='ocrx_word' id='word_1_11' title='bbox 1491 421 1581 491; x_wconf 87' lang='lat' dir='ltr'><strong>qui</strong></span> <span class='ocrx_word' id='word_1_12' title='bbox 1615 421 1764 491; x_wconf 86' lang='lat' dir='ltr'><strong>prius</strong></span> <span class='ocrx_word' id='word_1_13' title='bbox 1798 428 1972 473; x_wconf 79' lang='lat' dir='ltr'><strong>trans-</strong></span> <span class='ocrx_word' id='word_1_14' title='bbox 1999 422 2048 478; x_wconf 77' lang='grc' dir='ltr'>Α</span> <span class='ocrx_word' id='word_1_15' title='bbox 2076 418 2167 471; x_wconf 81' lang='lat' dir='ltr'><strong>lilii</strong></span> <span class='ocrx_word' id='word_1_16' title='bbox 2199 419 2302 471; x_wconf 89' lang='lat' dir='ltr'><strong>mei</strong></span> <span class='ocrx_word' id='word_1_17' title='bbox 2328 418 2625 472; x_wconf 89' lang='lat' dir='ltr'><strong>charissimi</strong></span> <span class='ocrx_word' id='word_1_18' title='bbox 2649 416 2975 471; x_wconf 81' lang='lat' dir='ltr'><strong>exaltatione</strong></span> <span class='ocrx_word' id='word_1_19' title='bbox 2998 417 3305 487; x_wconf 82' lang='lat' dir='ltr'><strong>gauderent,</strong></span> <span class='ocrx_word' id='word_1_20' title='bbox 3329 425 3382 469; x_wconf 89' lang='lat' dir='ltr'><strong>et</strong></span> <span class='ocrx_word' id='word_1_21' title='bbox 3404 418 3640 487; x_wconf 83' lang='lat' dir='ltr'><strong>aliquem</strong></span> 
     </span>
    </p>
   </div>
   <div class='ocr_carea' id='block_1_5' title="bbox 422 510 1975 581">
    <p class='ocr_par' dir='ltr' id='par_1_5' title="bbox 422 510 1975 581">
     <span class='ocr_line' id='line_1_5' title="bbox 422 510 1975 581; baseline -0.01 -5"><span class='ocrx_word' id='word_1_22' title='bbox 422 512 547 579; x_wconf 71' lang='lat' dir='ltr'><strong>ierit</strong></span> <span class='ocrx_word' id='word_1_23' title='bbox 567 536 597 574; x_wconf 87' lang='lat' dir='ltr'><strong>a</strong></span> <span class='ocrx_word' id='word_1_24' title='bbox 625 518 839 581; x_wconf 65' lang='lat' dir='ltr'><strong>sacculo,</strong></span> <span class='ocrx_word' id='word_1_25' title='bbox 878 517 1109 571; x_wconf 86' lang='lat' dir='ltr'><strong>amicum</strong></span> <span class='ocrx_word' id='word_1_26' title='bbox 1133 515 1233 570; x_wconf 85' lang='lat' dir='ltr'><strong>sibi</strong></span> <span class='ocrx_word' id='word_1_27' title='bbox 1259 513 1456 568; x_wconf 89' lang='lat' dir='ltr'><strong>sentiat</strong></span> <span class='ocrx_word' id='word_1_28' title='bbox 1488 511 1767 579; x_wconf 86' lang='lat' dir='ltr'><strong>reliquisse</strong></span> <span class='ocrx_word' id='word_1_29' title='bbox 1794 510 1849 562; x_wconf 90' lang='lat' dir='ltr'><strong>in</strong></span> <span class='ocrx_word' id='word_1_30' title='bbox 1875 523 1975 562; x_wconf 68' lang='lat' dir='ltr'><strong>sa:-</strong></span> 
     </span>
    </p>
   </div>
   <div class='ocr_carea' id='block_1_6' title="bbox 422 598 1979 667">
    <p class='ocr_par' dir='ltr' id='par_1_6' title="bbox 422 598 1979 667">
     <span class='ocr_line' id='line_1_6' title="bbox 422 598 1979 667; baseline -0.013 0"><span class='ocrx_word' id='word_1_31' title='bbox 422 611 561 667; x_wconf 83' lang='lat' dir='ltr'><strong>culo.</strong></span> <span class='ocrx_word' id='word_1_32' title='bbox 593 608 676 663; x_wconf 75' lang='lat' dir='ltr'><strong>Me</strong></span> <span class='ocrx_word' id='word_1_33' title='bbox 696 622 823 662; x_wconf 91' lang='lat' dir='ltr'><strong>vero</strong></span> <span class='ocrx_word' id='word_1_34' title='bbox 847 606 1014 660; x_wconf 83' lang='lat' dir='ltr'><strong>ﬁlium</strong></span> <span class='ocrx_word' id='word_1_35' title='bbox 1039 613 1191 659; x_wconf 86' lang='lat' dir='ltr'><strong>tuum</strong></span> <span class='ocrx_word' id='word_1_36' title='bbox 1215 602 1442 657; x_wconf 78' lang='lat' dir='ltr'><strong>febrium</strong></span> <span class='ocrx_word' id='word_1_37' title='bbox 1469 598 1736 653; x_wconf 72' lang='lat' dir='ltr'><strong>acerbitas</strong></span> <span class='ocrx_word' id='word_1_38' title='bbox 1757 604 1814 649; x_wconf 87' lang='lat' dir='ltr'><strong>et</strong></span> <span class='ocrx_word' id='word_1_39' title='bbox 1837 607 1861 634; x_wconf 75' lang='grc' dir='ltr'><strong>ι</strong></span> <span class='ocrx_word' id='word_1_40' title='bbox 1892 610 1979 648; x_wconf 91' lang='lat' dir='ltr'><strong>re-</strong></span> 
     </span>
    </p>
   </div>
   <div class='ocr_carea' id='block_1_7' title="bbox 419 684 1981 772">
    <p class='ocr_par' dir='ltr' id='par_1_7' title="bbox 419 684 1981 772">
     <span class='ocr_line' id='line_1_7' title="bbox 419 684 1981 772; baseline -0.013 -15"><span class='ocrx_word' id='word_1_41' title='bbox 419 702 502 772; x_wconf 85' lang='lat' dir='ltr'><strong>gis</strong></span> <span class='ocrx_word' id='word_1_42' title='bbox 528 698 761 755; x_wconf 86' lang='lat' dir='ltr'><strong>tardatio</strong></span> <span class='ocrx_word' id='word_1_43' title='bbox 788 697 842 751; x_wconf 90' lang='lat' dir='ltr'><strong>in</strong></span> <span class='ocrx_word' id='word_1_44' title='bbox 876 694 1111 750; x_wconf 75' lang='lat' dir='ltr'><strong>Saxonia</strong></span> <span class='ocrx_word' id='word_1_45' title='bbox 1166 691 1406 753; x_wconf 88' lang='lat' dir='ltr'><strong>retinuit,</strong></span> <span class='ocrx_word' id='word_1_46' title='bbox 1457 696 1518 742; x_wconf 92' lang='lat' dir='ltr'><strong>ut</strong></span> <span class='ocrx_word' id='word_1_47' title='bbox 1545 687 1612 741; x_wconf 93' lang='lat' dir='ltr'><strong>ad</strong></span> <span class='ocrx_word' id='word_1_48' title='bbox 1658 701 1752 739; x_wconf 87' lang='lat' dir='ltr'><strong>vos</strong></span> <span class='ocrx_word' id='word_1_49' title='bbox 1796 684 1981 737; x_wconf 89' lang='lat' dir='ltr'><strong>venire</strong></span> 
     </span>
    </p>
   </div>
   <div class='ocr_carea' id='block_1_8' title="bbox 419 772 1981 858">
    <p class='ocr_par' dir='ltr' id='par_1_8' title="bbox 419 772 1981 858">
     <span class='ocr_line' id='line_1_8' title="bbox 419 772 1981 858; baseline -0.013 -13"><span class='ocrx_word' id='word_1_50' title='bbox 419 803 526 845; x_wconf 85' lang='lat' dir='ltr'><strong>non</strong></span> <span class='ocrx_word' id='word_1_51' title='bbox 551 788 839 858; x_wconf 73' lang='lat' dir='ltr'><strong>potuerim,</strong></span> <span class='ocrx_word' id='word_1_52' title='bbox 866 784 1005 839; x_wconf 90' lang='lat' dir='ltr'><strong>sicut</strong></span> <span class='ocrx_word' id='word_1_53' title='bbox 1042 780 1358 836; x_wconf 74' lang='lat' dir='ltr'><strong>desideravi.</strong></span> <span class='ocrx_word' id='word_1_54' title='bbox 1416 776 1686 830; x_wconf 90' lang='lat' dir='ltr'><strong>Concedat</strong></span> <span class='ocrx_word' id='word_1_55' title='bbox 1714 774 1846 827; x_wconf 89' lang='lat' dir='ltr'><strong>mihi</strong></span> <span class='ocrx_word' id='word_1_56' title='bbox 1873 772 1981 826; x_wconf 87' lang='lat' dir='ltr'><strong>cle-</strong></span> 
     </span>
    </p>
   </div>
   <div class='ocr_carea' id='block_1_9' title="bbox 422 868 1979 935">
    <p class='ocr_par' dir='ltr' id='par_1_9' title="bbox 422 868 1979 935">
     <span class='ocr_line' id='line_1_9' title="bbox 422 868 1979 935; baseline -0.012 -1"><span class='ocrx_word' id='word_1_57' title='bbox 422 879 621 935; x_wconf 87' lang='lat' dir='ltr'><strong>mentia</strong></span> <span class='ocrx_word' id='word_1_58' title='bbox 670 877 849 931; x_wconf 90' lang='lat' dir='ltr'><strong>divina</strong></span> <span class='ocrx_word' id='word_1_59' title='bbox 878 875 1071 929; x_wconf 81' lang='lat' dir='ltr'><strong>faciem</strong></span> <span class='ocrx_word' id='word_1_60' title='bbox 1111 880 1256 926; x_wconf 89' lang='lat' dir='ltr'><strong>tuam</strong></span> <span class='ocrx_word' id='word_1_61' title='bbox 1283 871 1337 924; x_wconf 93' lang='lat' dir='ltr'><strong>in</strong></span> <span class='ocrx_word' id='word_1_62' title='bbox 1364 869 1545 923; x_wconf 69' lang='lat' dir='ltr'><strong>laetitia</strong></span> <span class='ocrx_word' id='word_1_63' title='bbox 1574 868 1779 930; x_wconf 89' lang='lat' dir='ltr'><strong>videre,</strong></span> <span class='ocrx_word' id='word_1_64' title='bbox 1829 872 1979 918; x_wconf 90' lang='lat' dir='ltr'><strong>ante-</strong></span> 
     </span>
    </p>
   </div>
   <div class='ocr_carea' id='block_1_10' title="bbox 419 956 1979 1040">
    <p class='ocr_par' dir='ltr' id='par_1_10' title="bbox 419 956 1979 1040">
     <span class='ocr_line' id='line_1_10' title="bbox 419 956 1979 1040; baseline -0.01 -16"><span class='ocrx_word' id='word_1_65' title='bbox 419 985 580 1040; x_wconf 84' lang='lat' dir='ltr'><strong>quam</strong></span> <span class='ocrx_word' id='word_1_66' title='bbox 607 968 825 1023; x_wconf 91' lang='lat' dir='ltr'><strong>moriar.</strong></span> <span class='ocrx_word' id='word_1_67' title='bbox 867 965 1004 1034; x_wconf 88' lang='lat' dir='ltr'><strong>Opto</strong></span> <span class='ocrx_word' id='word_1_68' title='bbox 1033 973 1089 1019; x_wconf 91' lang='lat' dir='ltr'><strong>et</strong></span> <span class='ocrx_word' id='word_1_69' title='bbox 1110 964 1355 1024; x_wconf 89' lang='lat' dir='ltr'><strong>obsecro,</strong></span> <span class='ocrx_word' id='word_1_70' title='bbox 1402 968 1461 1037; x_wconf 90' lang='lat' dir='ltr'><strong>ut</strong></span> <span class='ocrx_word' id='word_1_71' title='bbox 1489 960 1545 1013; x_wconf 93' lang='lat' dir='ltr'><strong>in</strong></span> <span class='ocrx_word' id='word_1_72' title='bbox 1568 972 1631 1013; x_wconf 86' lang='lat' dir='ltr'><strong>ea</strong></span> <span class='ocrx_word' id='word_1_73' title='bbox 1658 966 1712 1012; x_wconf 89' lang='lat' dir='ltr'><strong>te</strong></span> <span class='ocrx_word' id='word_1_74' title='bbox 1754 956 1979 1011; x_wconf 91' lang='lat' dir='ltr'><strong>honoris</strong></span> 
     </span>
    </p>
   </div>
   <div class='ocr_carea' id='block_1_11' title="bbox 420 1042 1980 1131">
    <p class='ocr_par' dir='ltr' id='par_1_11' title="bbox 420 1042 1980 1131">
     <span class='ocr_line' id='line_1_11' title="bbox 420 1042 1980 1131; baseline -0.008 -16"><span class='ocrx_word' id='word_1_75' title='bbox 420 1059 698 1131; x_wconf 75' lang='lat' dir='ltr'><strong>dignitate,</strong></span> <span class='ocrx_word' id='word_1_76' title='bbox 731 1059 775 1112; x_wconf 89' lang='lat' dir='ltr'><strong>si</strong></span> <span class='ocrx_word' id='word_1_77' title='bbox 805 1057 921 1111; x_wconf 83' lang='lat' dir='ltr'><strong>fieri</strong></span> <span class='ocrx_word' id='word_1_78' title='bbox 948 1055 1133 1125; x_wconf 81' lang='lat' dir='ltr'><strong>possit,</strong></span> <span class='ocrx_word' id='word_1_79' title='bbox 1163 1042 1453 1115; x_wconf 83' lang='lat' dir='ltr'><strong>inveniam,</strong></span> <span class='ocrx_word' id='word_1_80' title='bbox 1472 1048 1528 1105; x_wconf 89' lang='lat' dir='ltr'><strong>in</strong></span> <span class='ocrx_word' id='word_1_81' title='bbox 1553 1065 1657 1119; x_wconf 92' lang='lat' dir='ltr'><strong>qua</strong></span> <span class='ocrx_word' id='word_1_82' title='bbox 1682 1059 1732 1103; x_wconf 90' lang='lat' dir='ltr'><strong>te</strong></span> <span class='ocrx_word' id='word_1_83' title='bbox 1750 1063 1980 1118; x_wconf 79' lang='lat' dir='ltr'><strong>pergens</strong></span> 
     </span>
    </p>
   </div>
   <div class='ocr_carea' id='block_1_12' title="bbox 419 1139 1983 1211">
    <p class='ocr_par' dir='ltr' id='par_1_12' title="bbox 419 1139 1983 1211">
     <span class='ocr_line' id='line_1_12' title="bbox 419 1139 1983 1211; baseline -0.009 -6"><span class='ocrx_word' id='word_1_84' title='bbox 419 1151 683 1205; x_wconf 76' lang='lat' dir='ltr'><strong>videbam.</strong></span> <span class='ocrx_word' id='word_1_85' title='bbox 724 1148 946 1211; x_wconf 86' lang='lat' dir='ltr'><strong>Tamen,</strong></span> <span class='ocrx_word' id='word_1_86' title='bbox 976 1148 1022 1200; x_wconf 91' lang='lat' dir='ltr'><strong>si</strong></span> <span class='ocrx_word' id='word_1_87' title='bbox 1066 1145 1209 1198; x_wconf 87' lang='lat' dir='ltr'><strong>aliud</strong></span> <span class='ocrx_word' id='word_1_88' title='bbox 1247 1144 1447 1211; x_wconf 85' lang='lat' dir='ltr'><strong>aliquid</strong></span> <span class='ocrx_word' id='word_1_89' title='bbox 1491 1149 1585 1195; x_wconf 92' lang='lat' dir='ltr'><strong>tuo</strong></span> <span class='ocrx_word' id='word_1_90' title='bbox 1621 1140 1828 1210; x_wconf 89' lang='lat' dir='ltr'><strong>placeat</strong></span> <span class='ocrx_word' id='word_1_91' title='bbox 1861 1139 1983 1192; x_wconf 90' lang='lat' dir='ltr'><strong>ani-</strong></span> 
     </span>
    </p>
   </div>
   <div class='ocr_carea' id='block_1_13' title="bbox 421 1228 1983 1307">
    <p class='ocr_par' dir='ltr' id='par_1_13' title="bbox 421 1228 1983 1307">
     <span class='ocr_line' id='line_1_13' title="bbox 421 1228 1983 1307; baseline -0.009 -13"><span class='ocrx_word' id='word_1_92' title='bbox 421 1253 528 1304; x_wconf 89' lang='lat' dir='ltr'><strong>mo,</strong></span> <span class='ocrx_word' id='word_1_93' title='bbox 555 1252 686 1307; x_wconf 85' lang='lat' dir='ltr'><strong>rogo</strong></span> <span class='ocrx_word' id='word_1_94' title='bbox 708 1245 766 1291; x_wconf 92' lang='lat' dir='ltr'><strong>ut</strong></span> <span class='ocrx_word' id='word_1_95' title='bbox 789 1235 990 1289; x_wconf 89' lang='lat' dir='ltr'><strong>nullam</strong></span> <span class='ocrx_word' id='word_1_96' title='bbox 1006 1233 1309 1287; x_wconf 82' lang='lat' dir='ltr'><strong>violentiam</strong></span> <span class='ocrx_word' id='word_1_97' title='bbox 1335 1246 1495 1300; x_wconf 82' lang='lat' dir='ltr'><strong>super</strong></span> <span class='ocrx_word' id='word_1_98' title='bbox 1521 1229 1801 1284; x_wconf 89' lang='lat' dir='ltr'><strong>ecclesiam</strong></span> <span class='ocrx_word' id='word_1_99' title='bbox 1827 1228 1983 1281; x_wconf 88' lang='lat' dir='ltr'><strong>Chri-</strong></span> 
     </span>
    </p>
   </div>
   <div class='ocr_carea' id='block_1_14' title="bbox 422 1319 1980 1392">
    <p class='ocr_par' dir='ltr' id='par_1_14' title="bbox 422 1319 1980 1392">
     <span class='ocr_line' id='line_1_14' title="bbox 422 1319 1980 1392; baseline -0.006 -9"><span class='ocrx_word' id='word_1_100' title='bbox 422 1328 491 1383; x_wconf 85' lang='lat' dir='ltr'><strong>sti</strong></span> <span class='ocrx_word' id='word_1_101' title='bbox 518 1326 635 1381; x_wconf 81' lang='lat' dir='ltr'><strong>fieri</strong></span> <span class='ocrx_word' id='word_1_102' title='bbox 684 1325 950 1379; x_wconf 85' lang='lat' dir='ltr'><strong>ullatenus</strong></span> <span class='ocrx_word' id='word_1_103' title='bbox 1002 1320 1322 1392; x_wconf 84' lang='lat' dir='ltr'><strong>permittas;</strong></span> <span class='ocrx_word' id='word_1_104' title='bbox 1380 1321 1474 1375; x_wconf 88' lang='lat' dir='ltr'><strong>sed</strong></span> <span class='ocrx_word' id='word_1_105' title='bbox 1518 1319 1714 1376; x_wconf 81' lang='lat' dir='ltr'><strong>fratres</strong></span> <span class='ocrx_word' id='word_1_106' title='bbox 1746 1321 1775 1360; x_wconf 72' lang='grc' dir='ltr'><strong>ιι</strong></span> <span class='ocrx_word' id='word_1_107' title='bbox 1812 1321 1980 1374; x_wconf 89' lang='lat' dir='ltr'><strong>libera</strong></span> 
     </span>
    </p>
   </div>
   <div class='ocr_carea' id='block_1_15' title="bbox 420 1411 1981 1480">
    <p class='ocr_par' dir='ltr' id='par_1_15' title="bbox 420 1411 1981 1480">
     <span class='ocr_line' id='line_1_15' title="bbox 420 1411 1981 1480; baseline -0.004 -9"><span class='ocrx_word' id='word_1_108' title='bbox 420 1416 682 1471; x_wconf 73' lang='lat' dir='ltr'><strong>electione</strong></span> <span class='ocrx_word' id='word_1_109' title='bbox 729 1416 782 1469; x_wconf 92' lang='lat' dir='ltr'><strong>in</strong></span> <span class='ocrx_word' id='word_1_110' title='bbox 811 1416 1006 1469; x_wconf 89' lang='lat' dir='ltr'><strong>timore</strong></span> <span class='ocrx_word' id='word_1_111' title='bbox 1035 1413 1128 1467; x_wconf 88' lang='lat' dir='ltr'><strong>Dei</strong></span> <span class='ocrx_word' id='word_1_112' title='bbox 1183 1412 1398 1476; x_wconf 91' lang='lat' dir='ltr'><strong>summi,</strong></span> <span class='ocrx_word' id='word_1_113' title='bbox 1449 1412 1709 1480; x_wconf 91' lang='lat' dir='ltr'><strong>optimum</strong></span> <span class='ocrx_word' id='word_1_114' title='bbox 1746 1412 1857 1465; x_wconf 88' lang='lat' dir='ltr'><strong>Deo</strong></span> <span class='ocrx_word' id='word_1_115' title='bbox 1882 1411 1981 1464; x_wconf 90' lang='lat' dir='ltr'><strong>do-</strong></span> 
     </span>
    </p>
   </div>
   <div class='ocr_carea' id='block_1_16' title="bbox 382 1501 1982 1576">
    <p class='ocr_par' dir='ltr' id='par_1_16' title="bbox 382 1501 1982 1576">
     <span class='ocr_line' id='line_1_16' title="bbox 382 1501 1982 1576; baseline -0.004 -15"><span class='ocrx_word' id='word_1_116' title='bbox 382 1517 585 1561; x_wconf 77' lang='lat' dir='ltr'><strong>°nante</strong></span> <span class='ocrx_word' id='word_1_117' title='bbox 618 1502 836 1576; x_wconf 75' lang='lat' dir='ltr'><strong>eligant.</strong></span> <span class='ocrx_word' id='word_1_118' title='bbox 876 1502 1010 1571; x_wconf 85' lang='lat' dir='ltr'><strong>Quia</strong></span> <span class='ocrx_word' id='word_1_119' title='bbox 1056 1505 1111 1558; x_wconf 88' lang='lat' dir='ltr'><strong>in</strong></span> <span class='ocrx_word' id='word_1_120' title='bbox 1144 1504 1343 1558; x_wconf 89' lang='lat' dir='ltr'><strong>sanctis</strong></span> <span class='ocrx_word' id='word_1_121' title='bbox 1394 1504 1691 1557; x_wconf 89' lang='lat' dir='ltr'><strong>canonibus</strong></span> <span class='ocrx_word' id='word_1_122' title='bbox 1743 1501 1982 1557; x_wconf 83' lang='lat' dir='ltr'><strong>terribile</strong></span> 
     </span>
    </p>
   </div>
   <div class='ocr_carea' id='block_1_17' title="bbox 423 1595 1984 1667">
    <p class='ocr_par' dir='ltr' id='par_1_17' title="bbox 423 1595 1984 1667">
     <span class='ocr_line' id='line_1_17' title="bbox 423 1595 1984 1667; baseline -0.003 -16"><span class='ocrx_word' id='word_1_123' title='bbox 423 1598 707 1651; x_wconf 85' lang='lat' dir='ltr'><strong>anathema</strong></span> <span class='ocrx_word' id='word_1_124' title='bbox 744 1597 939 1667; x_wconf 79' lang='lat' dir='ltr'><strong>legitur</strong></span> <span class='ocrx_word' id='word_1_125' title='bbox 965 1610 1125 1665; x_wconf 87' lang='lat' dir='ltr'><strong>super</strong></span> <span class='ocrx_word' id='word_1_126' title='bbox 1178 1611 1383 1660; x_wconf 90' lang='lat' dir='ltr'><strong>omnes,</strong></span> <span class='ocrx_word' id='word_1_127' title='bbox 1411 1595 1503 1663; x_wconf 90' lang='lat' dir='ltr'><strong>qui</strong></span> <span class='ocrx_word' id='word_1_128' title='bbox 1550 1596 1863 1649; x_wconf 87' lang='lat' dir='ltr'><strong>violentiam</strong></span> <span class='ocrx_word' id='word_1_129' title='bbox 1886 1596 1984 1647; x_wconf 90' lang='lat' dir='ltr'><strong>ali-</strong></span> 
     </span>
    </p>
   </div>
   <div class='ocr_carea' id='block_1_18' title="bbox 422 1671 1982 1756">
    <p class='ocr_par' dir='ltr' id='par_1_18' title="bbox 422 1671 1982 1756">
     <span class='ocr_line' id='line_1_18' title="bbox 422 1671 1982 1756; baseline -0.001 -15"><span class='ocrx_word' id='word_1_130' title='bbox 422 1700 582 1756; x_wconf 88' lang='lat' dir='ltr'><strong>quam</strong></span> <span class='ocrx_word' id='word_1_131' title='bbox 628 1685 865 1744; x_wconf 88' lang='lat' dir='ltr'><strong>inferunt</strong></span> <span class='ocrx_word' id='word_1_132' title='bbox 916 1700 1075 1755; x_wconf 90' lang='lat' dir='ltr'><strong>super</strong></span> <span class='ocrx_word' id='word_1_133' title='bbox 1130 1671 1432 1740; x_wconf 26' lang='lat' dir='ltr'><strong>ecclesiam.</strong></span> <span class='ocrx_word' id='word_1_134' title='bbox 1463 1684 1682 1739; x_wconf 88' lang='lat' dir='ltr'><strong>Christi.</strong></span> <span class='ocrx_word' id='word_1_135' title='bbox 1745 1684 1893 1738; x_wconf 88' lang='lat' dir='ltr'><strong>Scito</strong></span> <span class='ocrx_word' id='word_1_136' title='bbox 1931 1694 1982 1739; x_wconf 92' lang='lat' dir='ltr'><strong>te</strong></span> 
     </span>
    </p>
   </div>
   <div class='ocr_carea' id='block_1_19' title="bbox 2078 508 3643 579">
    <p class='ocr_par' dir='ltr' id='par_1_19' title="bbox 2078 508 3643 579">
     <span class='ocr_line' id='line_1_19' title="bbox 2078 508 3643 579; baseline 0.001 -18"><span class='ocrx_word' id='word_1_137' title='bbox 2078 524 2178 577; x_wconf 81' lang='lat' dir='ltr'><strong>ego</strong></span> <span class='ocrx_word' id='word_1_138' title='bbox 2205 508 2424 561; x_wconf 86' lang='lat' dir='ltr'><strong>ultimus</strong></span> <span class='ocrx_word' id='word_1_139' title='bbox 2452 508 2705 561; x_wconf 59' lang='lat' dir='ltr'><strong>Ecclesiae</strong></span> <span class='ocrx_word' id='word_1_140' title='bbox 2752 508 3089 569; x_wconf 82' lang='lat' dir='ltr'><strong>vernaculus,</strong></span> <span class='ocrx_word' id='word_1_141' title='bbox 3118 508 3235 577; x_wconf 82' lang='lat' dir='ltr'><strong>ejus</strong></span> <span class='ocrx_word' id='word_1_142' title='bbox 3264 509 3494 562; x_wconf 91' lang='lat' dir='ltr'><strong>donante</strong></span> <span class='ocrx_word' id='word_1_143' title='bbox 3522 526 3643 579; x_wconf 88' lang='lat' dir='ltr'><strong>gra-</strong></span> 
     </span>
    </p>
   </div>
   <div class='ocr_carea' id='block_1_20' title="bbox 2077 598 3642 667">
    <p class='ocr_par' dir='ltr' id='par_1_20' title="bbox 2077 598 3642 667">
     <span class='ocr_line' id='line_1_20' title="bbox 2077 598 3642 667; baseline 0 -16"><span class='ocrx_word' id='word_1_144' title='bbox 2077 600 2151 651; x_wconf 87' lang='lat' dir='ltr'><strong>tia</strong></span> <span class='ocrx_word' id='word_1_145' title='bbox 2179 600 2270 667; x_wconf 88' lang='lat' dir='ltr'><strong>qui</strong></span> <span class='ocrx_word' id='word_1_146' title='bbox 2294 607 2377 653; x_wconf 87' lang='lat' dir='ltr'><strong>est</strong></span> <span class='ocrx_word' id='word_1_147' title='bbox 2412 598 2651 653; x_wconf 87' lang='lat' dir='ltr'><strong>omnium</strong></span> <span class='ocrx_word' id='word_1_148' title='bbox 2695 598 2958 651; x_wconf 89' lang='lat' dir='ltr'><strong>bonorum</strong></span> <span class='ocrx_word' id='word_1_149' title='bbox 2986 598 3232 667; x_wconf 77' lang='lat' dir='ltr'><strong>largitor,</strong></span> <span class='ocrx_word' id='word_1_150' title='bbox 3278 598 3546 661; x_wconf 89' lang='lat' dir='ltr'><strong>erudirem</strong></span> <span class='ocrx_word' id='word_1_151' title='bbox 3575 614 3642 652; x_wconf 78' lang='lat' dir='ltr'><strong>ex</strong></span> 
     </span>
    </p>
   </div>
   <div class='ocr_carea' id='block_1_21' title="bbox 2078 686 3641 759">
    <p class='ocr_par' dir='ltr' id='par_1_21' title="bbox 2078 686 3641 759">
     <span class='ocr_line' id='line_1_21' title="bbox 2078 686 3641 759; baseline 0 -19"><span class='ocrx_word' id='word_1_152' title='bbox 2078 687 2200 741; x_wconf 83' lang='lat' dir='ltr'><strong>filiis</strong></span> <span class='ocrx_word' id='word_1_153' title='bbox 2221 688 2355 742; x_wconf 88' lang='lat' dir='ltr'><strong>meis</strong></span> <span class='ocrx_word' id='word_1_154' title='bbox 2375 688 2467 756; x_wconf 89' lang='lat' dir='ltr'><strong>qui</strong></span> <span class='ocrx_word' id='word_1_155' title='bbox 2491 688 2685 757; x_wconf 86' lang='lat' dir='ltr'><strong>dignus</strong></span> <span class='ocrx_word' id='word_1_156' title='bbox 2704 688 2992 742; x_wconf 88' lang='lat' dir='ltr'><strong>haberetur</strong></span> <span class='ocrx_word' id='word_1_157' title='bbox 3010 686 3121 759; x_wconf 58' lang='lat'><strong>64</strong></span> <span class='ocrx_word' id='word_1_158' title='bbox 3148 688 3483 757; x_wconf 84' lang='lat' dir='ltr'><strong>dispensator</strong></span> <span class='ocrx_word' id='word_1_159' title='bbox 3520 703 3641 742; x_wconf 89' lang='lat' dir='ltr'><strong>esse</strong></span> 
     </span>
    </p>
   </div>
   <div class='ocr_carea' id='block_1_22' title="bbox 2079 774 3638 847">
    <p class='ocr_par' dir='ltr' id='par_1_22' title="bbox 2079 774 3638 847">
     <span class='ocr_line' id='line_1_22' title="bbox 2079 774 3638 847; baseline -0.003 -17"><span class='ocrx_word' id='word_1_160' title='bbox 2079 778 2457 845; x_wconf 80' lang='lat' dir='ltr'><strong>mysteriorum</strong></span> <span class='ocrx_word' id='word_1_161' title='bbox 2482 776 2683 830; x_wconf 86' lang='lat' dir='ltr'><strong>Christi</strong></span> <span class='ocrx_word' id='word_1_162' title='bbox 2725 776 2778 847; x_wconf 89' lang='lat' dir='ltr'><strong>(I</strong></span> <span class='ocrx_word' id='word_1_163' title='bbox 2812 775 2934 829; x_wconf 89' lang='lat' dir='ltr'><strong>Cor.</strong></span> <span class='ocrx_word' id='word_1_164' title='bbox 2974 792 3052 839; x_wconf 85' lang='grc' dir='ltr'><strong>ιν,</strong></span> <span class='ocrx_word' id='word_1_165' title='bbox 3080 774 3156 846; x_wconf 79' lang='grc'><strong>1),</strong></span> <span class='ocrx_word' id='word_1_166' title='bbox 3204 783 3258 829; x_wconf 71' lang='grc' dir='ltr'><strong>ιιι</strong></span> <span class='ocrx_word' id='word_1_167' title='bbox 3286 775 3531 829; x_wconf 85' lang='lat' dir='ltr'><strong>laborare</strong></span> <span class='ocrx_word' id='word_1_168' title='bbox 3554 776 3638 827; x_wconf 91' lang='lat' dir='ltr'><strong>vi-</strong></span> 
     </span>
    </p>
   </div>
   <div class='ocr_carea' id='block_1_23' title="bbox 2078 864 3639 936">
    <p class='ocr_par' dir='ltr' id='par_1_23' title="bbox 2078 864 3639 936">
     <span class='ocr_line' id='line_1_23' title="bbox 2078 864 3639 936; baseline -0.001 -16"><span class='ocrx_word' id='word_1_169' title='bbox 2078 881 2141 920; x_wconf 88' lang='lat' dir='ltr'><strong>ce</strong></span> <span class='ocrx_word' id='word_1_170' title='bbox 2166 882 2283 921; x_wconf 89' lang='lat' dir='ltr'><strong>mea</strong></span> <span class='ocrx_word' id='word_1_171' title='bbox 2320 868 2377 919; x_wconf 93' lang='lat' dir='ltr'><strong>in</strong></span> <span class='ocrx_word' id='word_1_172' title='bbox 2403 866 2662 931; x_wconf 89' lang='lat' dir='ltr'><strong>Ecclesia,</strong></span> <span class='ocrx_word' id='word_1_173' title='bbox 2689 868 2781 921; x_wconf 88' lang='lat' dir='ltr'><strong>ubi</strong></span> <span class='ocrx_word' id='word_1_174' title='bbox 2801 881 2901 936; x_wconf 91' lang='lat' dir='ltr'><strong>ego</strong></span> <span class='ocrx_word' id='word_1_175' title='bbox 2924 868 3159 920; x_wconf 90' lang='lat' dir='ltr'><strong>nutritus</strong></span> <span class='ocrx_word' id='word_1_176' title='bbox 3182 875 3236 919; x_wconf 84' lang='lat' dir='ltr'><strong>et</strong></span> <span class='ocrx_word' id='word_1_177' title='bbox 3263 867 3505 919; x_wconf 88' lang='lat' dir='ltr'><strong>eruditus</strong></span> <span class='ocrx_word' id='word_1_178' title='bbox 3524 864 3639 918; x_wconf 47' lang='lat' dir='ltr'><strong>fue-</strong></span> 
     </span>
    </p>
   </div>
   <div class='ocr_carea' id='block_1_24' title="bbox 2079 955 3645 1025">
    <p class='ocr_par' dir='ltr' id='par_1_24' title="bbox 2079 955 3645 1025">
     <span class='ocr_line' id='line_1_24' title="bbox 2079 955 3645 1025; baseline 0 -17"><span class='ocrx_word' id='word_1_179' title='bbox 2079 970 2214 1020; x_wconf 91' lang='lat' dir='ltr'><strong>ram,</strong></span> <span class='ocrx_word' id='word_1_180' title='bbox 2244 965 2298 1009; x_wconf 91' lang='lat' dir='ltr'><strong>et</strong></span> <span class='ocrx_word' id='word_1_181' title='bbox 2323 971 2555 1025; x_wconf 75' lang='lat' dir='ltr'><strong>prmesse</strong></span> <span class='ocrx_word' id='word_1_182' title='bbox 2606 956 2874 1010; x_wconf 88' lang='lat' dir='ltr'><strong>thesauris</strong></span> <span class='ocrx_word' id='word_1_183' title='bbox 2909 957 3205 1023; x_wconf 61' lang='lat' dir='ltr'><strong>sapientim,</strong></span> <span class='ocrx_word' id='word_1_184' title='bbox 3235 955 3289 1008; x_wconf 83' lang='lat' dir='ltr'><strong>ili</strong></span> <span class='ocrx_word' id='word_1_185' title='bbox 3338 956 3533 1023; x_wconf 86' lang='lat' dir='ltr'><strong>quibus</strong></span> <span class='ocrx_word' id='word_1_186' title='bbox 3561 969 3645 1008; x_wconf 91' lang='lat' dir='ltr'><strong>me</strong></span> 
     </span>
    </p>
   </div>
   <div class='ocr_carea' id='block_1_25' title="bbox 2080 1042 3643 1113">
    <p class='ocr_par' dir='ltr' id='par_1_25' title="bbox 2080 1042 3643 1113">
     <span class='ocr_line' id='line_1_25' title="bbox 2080 1042 3643 1113; baseline -0.001 -17"><span class='ocrx_word' id='word_1_187' title='bbox 2080 1045 2339 1113; x_wconf 81' lang='lat' dir='ltr'><strong>magister</strong></span> <span class='ocrx_word' id='word_1_188' title='bbox 2381 1059 2532 1097; x_wconf 88' lang='lat' dir='ltr'><strong>meus</strong></span> <span class='ocrx_word' id='word_1_189' title='bbox 2566 1043 2790 1097; x_wconf 89' lang='lat' dir='ltr'><strong>dilectus</strong></span> <span class='ocrx_word' id='word_1_190' title='bbox 2832 1042 2852 1080; x_wconf 68' lang='grc' dir='ltr'>ί</span> <span class='ocrx_word' id='word_1_191' title='bbox 2894 1043 3643 1110; x_wconf 76' lang='lat' dir='ltr'><strong>Helbrechtus-arehiepisco—</strong></span> 
     </span>
    </p>
   </div>
   <div class='ocr_carea' id='block_1_26' title="bbox 2080 1130 3645 1202">
    <p class='ocr_par' dir='ltr' id='par_1_26' title="bbox 2080 1130 3645 1202">
     <span class='ocr_line' id='line_1_26' title="bbox 2080 1130 3645 1202; baseline -0.001 -17"><span class='ocrx_word' id='word_1_192' title='bbox 2080 1148 2180 1202; x_wconf 91' lang='lat' dir='ltr'><strong>pus</strong></span> <span class='ocrx_word' id='word_1_193' title='bbox 2212 1136 2237 1173; x_wconf 72' lang='grc'>8</span> <span class='ocrx_word' id='word_1_194' title='bbox 2281 1134 2548 1187; x_wconf 72' lang='lat' dir='ltr'><strong>hmredem</strong></span> <span class='ocrx_word' id='word_1_195' title='bbox 2598 1132 2832 1200; x_wconf 88' lang='lat' dir='ltr'><strong>reliquit.</strong></span> <span class='ocrx_word' id='word_1_196' title='bbox 2872 1131 3026 1185; x_wconf 87' lang='lat' dir='ltr'><strong>Nune</strong></span> <span class='ocrx_word' id='word_1_197' title='bbox 3052 1148 3181 1186; x_wconf 87' lang='lat' dir='ltr'><strong>vero</strong></span> <span class='ocrx_word' id='word_1_198' title='bbox 3217 1132 3349 1185; x_wconf 90' lang='lat' dir='ltr'><strong>mihi</strong></span> <span class='ocrx_word' id='word_1_199' title='bbox 3387 1130 3536 1185; x_wconf 87' lang='lat' dir='ltr'><strong>omni</strong></span> <span class='ocrx_word' id='word_1_200' title='bbox 3564 1132 3645 1183; x_wconf 88' lang='lat' dir='ltr'><strong>in-</strong></span> 
     </span>
    </p>
   </div>
   <div class='ocr_carea' id='block_1_27' title="bbox 2081 1221 3648 1291">
    <p class='ocr_par' dir='ltr' id='par_1_27' title="bbox 2081 1221 3648 1291">
     <span class='ocr_line' id='line_1_27' title="bbox 2081 1221 3648 1291; baseline -0.002 -15"><span class='ocrx_word' id='word_1_201' title='bbox 2081 1223 2321 1276; x_wconf 87' lang='lat' dir='ltr'><strong>tentione</strong></span> <span class='ocrx_word' id='word_1_202' title='bbox 2374 1222 2641 1291; x_wconf 85' lang='lat' dir='ltr'><strong>precanda</strong></span> <span class='ocrx_word' id='word_1_203' title='bbox 2692 1229 2775 1275; x_wconf 91' lang='lat' dir='ltr'><strong>est</strong></span> <span class='ocrx_word' id='word_1_204' title='bbox 2830 1222 3007 1276; x_wconf 86' lang='lat' dir='ltr'><strong>divina</strong></span> <span class='ocrx_word' id='word_1_205' title='bbox 3068 1221 3371 1285; x_wconf 85' lang='lat' dir='ltr'><strong>clementia,</strong></span> <span class='ocrx_word' id='word_1_206' title='bbox 3410 1228 3467 1273; x_wconf 93' lang='lat' dir='ltr'><strong>ut</strong></span> <span class='ocrx_word' id='word_1_207' title='bbox 3512 1221 3648 1273; x_wconf 81' lang='lat' dir='ltr'><strong>milii</strong></span> 
     </span>
    </p>
   </div>
   <div class='ocr_carea' id='block_1_28' title="bbox 2082 1310 3649 1395">
    <p class='ocr_par' dir='ltr' id='par_1_28' title="bbox 2082 1310 3649 1395">
     <span class='ocr_line' id='line_1_28' title="bbox 2082 1310 3649 1395; baseline -0.001 -30"><span class='ocrx_word' id='word_1_208' title='bbox 2082 1319 2352 1379; x_wconf 83' lang='lat' dir='ltr'><strong>superstes</strong></span> <span class='ocrx_word' id='word_1_209' title='bbox 2397 1312 2468 1365; x_wconf 89' lang='lat' dir='ltr'><strong>sit</strong></span> <span class='ocrx_word' id='word_1_210' title='bbox 2506 1312 2558 1367; x_wconf 90' lang='lat' dir='ltr'><strong>in</strong></span> <span class='ocrx_word' id='word_1_211' title='bbox 2589 1312 2690 1365; x_wconf 90' lang='lat' dir='ltr'><strong>hac</strong></span> <span class='ocrx_word' id='word_1_212' title='bbox 2713 1310 2844 1375; x_wconf 90' lang='lat' dir='ltr'><strong>vita,</strong></span> <span class='ocrx_word' id='word_1_213' title='bbox 2873 1311 2963 1379; x_wconf 88' lang='lat' dir='ltr'><strong>qui</strong></span> <span class='ocrx_word' id='word_1_214' title='bbox 3013 1312 3145 1364; x_wconf 90' lang='lat' dir='ltr'><strong>mihi</strong></span> <span class='ocrx_word' id='word_1_215' title='bbox 3190 1310 3387 1395; x_wconf 74' lang='lat' dir='ltr'><strong>solatio</strong></span> <span class='ocrx_word' id='word_1_216' title='bbox 3438 1326 3649 1378; x_wconf 88' lang='lat' dir='ltr'><strong>semper</strong></span> 
     </span>
    </p>
   </div>
   <div class='ocr_carea' id='block_1_29' title="bbox 2080 1396 3647 1465">
    <p class='ocr_par' dir='ltr' id='par_1_29' title="bbox 2080 1396 3647 1465">
     <span class='ocr_line' id='line_1_29' title="bbox 2080 1396 3647 1465; baseline -0.001 -15"><span class='ocrx_word' id='word_1_217' title='bbox 2080 1396 2181 1451; x_wconf 80' lang='lat' dir='ltr'><strong>fuit</strong></span> <span class='ocrx_word' id='word_1_218' title='bbox 2238 1398 2293 1449; x_wconf 91' lang='lat' dir='ltr'><strong>in</strong></span> <span class='ocrx_word' id='word_1_219' title='bbox 2344 1411 2439 1449; x_wconf 89' lang='lat' dir='ltr'><strong>sua</strong></span> <span class='ocrx_word' id='word_1_220' title='bbox 2492 1396 2791 1448; x_wconf 86' lang='lat' dir='ltr'><strong>obedientia</strong></span> <span class='ocrx_word' id='word_1_221' title='bbox 2821 1413 2833 1446; x_wconf 90' lang='lat'>:</span> <span class='ocrx_word' id='word_1_222' title='bbox 2867 1411 2973 1449; x_wconf 92' lang='lat' dir='ltr'><strong>non</strong></span> <span class='ocrx_word' id='word_1_223' title='bbox 3020 1398 3164 1465; x_wconf 86' lang='lat' dir='ltr'><strong>quod</strong></span> <span class='ocrx_word' id='word_1_224' title='bbox 3203 1406 3429 1451; x_wconf 85' lang='lat' dir='ltr'><strong>mortem</strong></span> <span class='ocrx_word' id='word_1_225' title='bbox 3475 1412 3647 1450; x_wconf 90' lang='lat' dir='ltr'><strong>meam</strong></span> 
     </span>
    </p>
   </div>
   <div class='ocr_carea' id='block_1_30' title="bbox 2082 1486 3650 1558">
    <p class='ocr_par' dir='ltr' id='par_1_30' title="bbox 2082 1486 3650 1558">
     <span class='ocr_line' id='line_1_30' title="bbox 2082 1486 3650 1558; baseline -0.002 -14"><span class='ocrx_word' id='word_1_226' title='bbox 2082 1499 2275 1558; x_wconf 86' lang='lat' dir='ltr'><strong>optare</strong></span> <span class='ocrx_word' id='word_1_227' title='bbox 2286 1488 2462 1549; x_wconf 91' lang='lat' dir='ltr'><strong>velim,</strong></span> <span class='ocrx_word' id='word_1_228' title='bbox 2484 1488 2576 1541; x_wconf 90' lang='lat' dir='ltr'><strong>sed</strong></span> <span class='ocrx_word' id='word_1_229' title='bbox 2597 1495 2656 1539; x_wconf 92' lang='lat' dir='ltr'><strong>nt</strong></span> <span class='ocrx_word' id='word_1_230' title='bbox 2678 1487 2783 1539; x_wconf 88' lang='lat' dir='ltr'><strong>vita</strong></span> <span class='ocrx_word' id='word_1_231' title='bbox 2813 1486 2953 1540; x_wconf 91' lang='lat' dir='ltr'><strong>illius</strong></span> <span class='ocrx_word' id='word_1_232' title='bbox 2974 1488 3341 1557; x_wconf 86' lang='lat' dir='ltr'><strong>prolongetur.</strong></span> <span class='ocrx_word' id='word_1_233' title='bbox 3369 1488 3484 1542; x_wconf 88' lang='lat' dir='ltr'><strong>Non</strong></span> <span class='ocrx_word' id='word_1_234' title='bbox 3507 1489 3650 1541; x_wconf 90' lang='lat' dir='ltr'><strong>enim</strong></span> 
     </span>
    </p>
   </div>
   <div class='ocr_carea' id='block_1_31' title="bbox 2085 1564 3646 1648">
    <p class='ocr_par' dir='ltr' id='par_1_31' title="bbox 2085 1564 3646 1648">
     <span class='ocr_line' id='line_1_31' title="bbox 2085 1564 3646 1648; baseline -0.003 -16"><span class='ocrx_word' id='word_1_235' title='bbox 2085 1580 2179 1633; x_wconf 82' lang='lat' dir='ltr'><strong>lilii</strong></span> <span class='ocrx_word' id='word_1_236' title='bbox 2232 1579 2496 1648; x_wconf 86' lang='lat' dir='ltr'><strong>patribus,</strong></span> <span class='ocrx_word' id='word_1_237' title='bbox 2530 1575 2623 1629; x_wconf 91' lang='lat' dir='ltr'><strong>sed</strong></span> <span class='ocrx_word' id='word_1_238' title='bbox 2661 1564 2843 1645; x_wconf 85' lang='lat' dir='ltr'><strong>patres</strong></span> <span class='ocrx_word' id='word_1_239' title='bbox 2881 1575 3005 1629; x_wconf 84' lang='lat' dir='ltr'><strong>ﬁliis</strong></span> <span class='ocrx_word' id='word_1_240' title='bbox 3043 1576 3364 1631; x_wconf 72' lang='lat' dir='ltr'><strong>hmreditare</strong></span> <span class='ocrx_word' id='word_1_241' title='bbox 3406 1576 3646 1647; x_wconf 80' lang='lat' dir='ltr'><strong>debent].</strong></span> 
     </span>
    </p>
   </div>
   <div class='ocr_carea' id='block_1_32' title="bbox 2154 1679 3653 1749">
    <p class='ocr_par' dir='ltr' id='par_1_32' title="bbox 2154 1679 3653 1749">
     <span class='ocr_line' id='line_1_32' title="bbox 2154 1679 3653 1749; baseline -0.003 -11"><span class='ocrx_word' id='word_1_242' title='bbox 2154 1684 2309 1746; x_wconf 86' lang='lat' dir='ltr'><strong>Ecce,</strong></span> <span class='ocrx_word' id='word_1_243' title='bbox 2334 1682 2650 1736; x_wconf 90' lang='lat' dir='ltr'><strong>cbarissime</strong></span> <span class='ocrx_word' id='word_1_244' title='bbox 2677 1679 2748 1733; x_wconf 81' lang='lat' dir='ltr'><strong>fili</strong></span> <span class='ocrx_word' id='word_1_245' title='bbox 2772 1681 2788 1733; x_wconf 83' lang='lat'><strong>!</strong></span> <span class='ocrx_word' id='word_1_246' title='bbox 2812 1680 2988 1734; x_wconf 88' lang='lat' dir='ltr'><strong>omnia</strong></span> <span class='ocrx_word' id='word_1_247' title='bbox 3017 1695 3113 1749; x_wconf 88' lang='lat' dir='ltr'><strong>per</strong></span> <span class='ocrx_word' id='word_1_248' title='bbox 3134 1679 3300 1734; x_wconf 90' lang='lat' dir='ltr'><strong>Deum</strong></span> <span class='ocrx_word' id='word_1_249' title='bbox 3324 1680 3508 1741; x_wconf 84' lang='lat' dir='ltr'><strong>habes,</strong></span> <span class='ocrx_word' id='word_1_250' title='bbox 3532 1696 3653 1748; x_wconf 68' lang='lat' dir='ltr'><strong>quso</strong></span> 
     </span>
    </p>
   </div>
   <div class='ocr_carea' id='block_1_33' title="bbox 424 1767 3651 1846">
    <p class='ocr_par' dir='ltr' id='par_1_33' title="bbox 424 1767 3651 1846">
     <span class='ocr_line' id='line_1_33' title="bbox 424 1767 3651 1846; baseline -0.003 -15"><span class='ocrx_word' id='word_1_251' title='bbox 424 1792 637 1846; x_wconf 88' lang='lat' dir='ltr'><strong>semper</strong></span> <span class='ocrx_word' id='word_1_252' title='bbox 672 1777 923 1831; x_wconf 76' lang='lat' dir='ltr'><strong>dilexisse</strong></span> <span class='ocrx_word' id='word_1_253' title='bbox 952 1776 1204 1829; x_wconf 88' lang='lat' dir='ltr'><strong>familiam</strong></span> <span class='ocrx_word' id='word_1_254' title='bbox 1252 1782 1511 1839; x_wconf 90' lang='lat' dir='ltr'><strong>nostram,</strong></span> <span class='ocrx_word' id='word_1_255' title='bbox 1540 1785 1593 1830; x_wconf 91' lang='lat' dir='ltr'><strong>et</strong></span> <span class='ocrx_word' id='word_1_256' title='bbox 1619 1778 1846 1845; x_wconf 89' lang='lat' dir='ltr'><strong>plurima</strong></span> <span class='ocrx_word' id='word_1_257' title='bbox 1876 1778 1981 1831; x_wconf 90' lang='lat' dir='ltr'><strong>illis</strong></span> <span class='ocrx_word' id='word_1_258' title='bbox 2015 1767 2057 1824; x_wconf 89' lang='grc' dir='ltr'><strong>Β</strong></span> <span class='ocrx_word' id='word_1_259' title='bbox 2084 1789 2303 1843; x_wconf 82' lang='lat' dir='ltr'><strong>sperare</strong></span> <span class='ocrx_word' id='word_1_260' title='bbox 2336 1772 2511 1839; x_wconf 89' lang='lat' dir='ltr'><strong>potuit</strong></span> <span class='ocrx_word' id='word_1_261' title='bbox 2566 1772 2745 1833; x_wconf 85' lang='lat' dir='ltr'><strong>homo,</strong></span> <span class='ocrx_word' id='word_1_262' title='bbox 2800 1771 2964 1823; x_wconf 88' lang='lat' dir='ltr'><strong>etiam</strong></span> <span class='ocrx_word' id='word_1_263' title='bbox 3021 1778 3075 1824; x_wconf 92' lang='lat' dir='ltr'><strong>et</strong></span> <span class='ocrx_word' id='word_1_264' title='bbox 3099 1769 3218 1839; x_wconf 91' lang='lat' dir='ltr'><strong>plus</strong></span> <span class='ocrx_word' id='word_1_265' title='bbox 3251 1785 3410 1838; x_wconf 88' lang='lat' dir='ltr'><strong>quam</strong></span> <span class='ocrx_word' id='word_1_266' title='bbox 3465 1778 3651 1822; x_wconf 86' lang='lat' dir='ltr'><strong>nostra</strong></span> 
     </span>
    </p>
   </div>
   <div class='ocr_carea' id='block_1_34' title="bbox 422 1854 1980 1934">
    <p class='ocr_par' dir='ltr' id='par_1_34' title="bbox 422 1854 1980 1934">
     <span class='ocr_line' id='line_1_34' title="bbox 422 1854 1980 1934; baseline 0 -15"><span class='ocrx_word' id='word_1_267' title='bbox 422 1864 564 1919; x_wconf 85' lang='lat' dir='ltr'><strong>bona</strong></span> <span class='ocrx_word' id='word_1_268' title='bbox 601 1862 813 1918; x_wconf 78' lang='lat' dir='ltr'><strong>fecisse.</strong></span> <span class='ocrx_word' id='word_1_269' title='bbox 854 1863 959 1918; x_wconf 88' lang='lat' dir='ltr'><strong>Sed</strong></span> <span class='ocrx_word' id='word_1_270' title='bbox 980 1878 1123 1917; x_wconf 86' lang='lat' dir='ltr'><strong>nunc</strong></span> <span class='ocrx_word' id='word_1_271' title='bbox 1146 1854 1380 1916; x_wconf 79' lang='lat' dir='ltr'><strong>maxime</strong></span> <span class='ocrx_word' id='word_1_272' title='bbox 1412 1864 1728 1934; x_wconf 84' lang='lat' dir='ltr'><strong>indigemus,</strong></span> <span class='ocrx_word' id='word_1_273' title='bbox 1760 1874 1821 1918; x_wconf 93' lang='lat' dir='ltr'><strong>ut</strong></span> <span class='ocrx_word' id='word_1_274' title='bbox 1844 1866 1980 1919; x_wconf 86' lang='lat' dir='ltr'><strong>bene</strong></span> 
     </span>
    </p>
   </div>
   <div class='ocr_carea' id='block_1_35' title="bbox 425 1952 1981 2023">
    <p class='ocr_par' dir='ltr' id='par_1_35' title="bbox 425 1952 1981 2023">
     <span class='ocr_line' id='line_1_35' title="bbox 425 1952 1981 2023; baseline -0.001 -15"><span class='ocrx_word' id='word_1_275' title='bbox 425 1953 534 2008; x_wconf 92' lang='lat' dir='ltr'><strong>illis</strong></span> <span class='ocrx_word' id='word_1_276' title='bbox 573 1967 832 2023; x_wconf 79' lang='lat' dir='ltr'><strong>agamus;</strong></span> <span class='ocrx_word' id='word_1_277' title='bbox 864 1959 922 2005; x_wconf 93' lang='lat' dir='ltr'><strong>ut</strong></span> <span class='ocrx_word' id='word_1_278' title='bbox 949 1953 1038 2006; x_wconf 92' lang='lat' dir='ltr'><strong>ubi</strong></span> <span class='ocrx_word' id='word_1_279' title='bbox 1083 1952 1237 2006; x_wconf 90' lang='lat' dir='ltr'><strong>nobis</strong></span> <span class='ocrx_word' id='word_1_280' title='bbox 1266 1953 1477 2020; x_wconf 89' lang='lat' dir='ltr'><strong>requies</strong></span> <span class='ocrx_word' id='word_1_281' title='bbox 1512 1954 1617 2006; x_wconf 91' lang='lat' dir='ltr'><strong>erit</strong></span> <span class='ocrx_word' id='word_1_282' title='bbox 1661 1961 1881 2018; x_wconf 73' lang='lat' dir='ltr'><strong>mterna,</strong></span> <span class='ocrx_word' id='word_1_283' title='bbox 1910 1953 1981 2007; x_wconf 90' lang='lat' dir='ltr'><strong>ibi</strong></span> 
     </span>
    </p>
   </div>
   <div class='ocr_carea' id='block_1_36' title="bbox 423 2043 1756 2116">
    <p class='ocr_par' dir='ltr' id='par_1_36' title="bbox 423 2043 1756 2116">
     <span class='ocr_line' id='line_1_36' title="bbox 423 2043 1756 2116; baseline -0.005 -15"><span class='ocrx_word' id='word_1_284' title='bbox 423 2047 533 2101; x_wconf 88' lang='lat' dir='ltr'><strong>sint</strong></span> <span class='ocrx_word' id='word_1_285' title='bbox 554 2059 765 2116; x_wconf 87' lang='lat' dir='ltr'><strong>quoque</strong></span> <span class='ocrx_word' id='word_1_286' title='bbox 789 2044 1170 2098; x_wconf 87' lang='lat' dir='ltr'><strong>intercessores</strong></span> <span class='ocrx_word' id='word_1_287' title='bbox 1194 2044 1435 2113; x_wconf 84' lang='lat' dir='ltr'><strong>perpetui</strong></span> <span class='ocrx_word' id='word_1_288' title='bbox 1458 2057 1555 2111; x_wconf 90' lang='lat' dir='ltr'><strong>pro</strong></span> <span class='ocrx_word' id='word_1_289' title='bbox 1584 2043 1756 2097; x_wconf 90' lang='lat' dir='ltr'><strong>nobis.</strong></span> 
     </span>
    </p>
   </div>
   <div class='ocr_carea' id='block_1_37' title="bbox 497 2142 1981 2211">
    <p class='ocr_par' dir='ltr' id='par_1_37' title="bbox 497 2142 1981 2211">
     <span class='ocr_line' id='line_1_37' title="bbox 497 2142 1981 2211; baseline -0.001 -15"><span class='ocrx_word' id='word_1_290' title='bbox 497 2154 521 2181; x_wconf 79' lang='grc' dir='ltr'><strong>ο</strong></span> <span class='ocrx_word' id='word_1_291' title='bbox 561 2142 794 2211; x_wconf 87' lang='lat' dir='ltr'><strong>Tempus</strong></span> <span class='ocrx_word' id='word_1_292' title='bbox 822 2150 905 2197; x_wconf 87' lang='lat' dir='ltr'><strong>est</strong></span> <span class='ocrx_word' id='word_1_293' title='bbox 936 2156 1078 2195; x_wconf 90' lang='lat' dir='ltr'><strong>nunc</strong></span> <span class='ocrx_word' id='word_1_294' title='bbox 1098 2142 1253 2195; x_wconf 92' lang='lat' dir='ltr'><strong>nobis</strong></span> <span class='ocrx_word' id='word_1_295' title='bbox 1274 2142 1567 2209; x_wconf 61' lang='lat' dir='ltr'><strong>praevidere</strong></span> <span class='ocrx_word' id='word_1_296' title='bbox 1596 2142 1710 2195; x_wconf 88' lang='lat' dir='ltr'><strong>dies</strong></span> <span class='ocrx_word' id='word_1_297' title='bbox 1731 2150 1981 2205; x_wconf 67' lang='lat' dir='ltr'><strong>aeternos,</strong></span> 
     </span>
    </p>
   </div>
   <div class='ocr_carea' id='block_1_38' title="bbox 426 2230 1980 2301">
    <p class='ocr_par' dir='ltr' id='par_1_38' title="bbox 426 2230 1980 2301">
     <span class='ocr_line' id='line_1_38' title="bbox 426 2230 1980 2301; baseline -0.001 -16"><span class='ocrx_word' id='word_1_298' title='bbox 426 2239 623 2292; x_wconf 87' lang='lat' dir='ltr'><strong>etcum</strong></span> <span class='ocrx_word' id='word_1_299' title='bbox 651 2231 798 2285; x_wconf 89' lang='lat' dir='ltr'><strong>omni</strong></span> <span class='ocrx_word' id='word_1_300' title='bbox 841 2230 1101 2291; x_wconf 84' lang='lat' dir='ltr'><strong>modestia</strong></span> <span class='ocrx_word' id='word_1_301' title='bbox 1130 2238 1183 2282; x_wconf 89' lang='lat' dir='ltr'><strong>et</strong></span> <span class='ocrx_word' id='word_1_302' title='bbox 1224 2230 1543 2299; x_wconf 77' lang='lat' dir='ltr'><strong>integritate,</strong></span> <span class='ocrx_word' id='word_1_303' title='bbox 1580 2237 1636 2284; x_wconf 94' lang='lat' dir='ltr'><strong>et</strong></span> <span class='ocrx_word' id='word_1_304' title='bbox 1684 2231 1980 2301; x_wconf 84' lang='lat' dir='ltr'><strong>eleemosy-</strong></span> 
     </span>
    </p>
   </div>
   <div class='ocr_carea' id='block_1_39' title="bbox 426 2317 1982 2388">
    <p class='ocr_par' dir='ltr' id='par_1_39' title="bbox 426 2317 1982 2388">
     <span class='ocr_line' id='line_1_39' title="bbox 426 2317 1982 2388; baseline -0.001 -15"><span class='ocrx_word' id='word_1_305' title='bbox 426 2335 616 2380; x_wconf 86' lang='lat' dir='ltr'><strong>narum</strong></span> <span class='ocrx_word' id='word_1_306' title='bbox 660 2318 923 2388; x_wconf 75' lang='lat' dir='ltr'><strong>largitate,</strong></span> <span class='ocrx_word' id='word_1_307' title='bbox 987 2318 1127 2370; x_wconf 86' lang='lat' dir='ltr'><strong>viam</strong></span> <span class='ocrx_word' id='word_1_308' title='bbox 1155 2317 1309 2371; x_wconf 91' lang='lat' dir='ltr'><strong>nobis</strong></span> <span class='ocrx_word' id='word_1_309' title='bbox 1355 2332 1656 2386; x_wconf 83' lang='lat' dir='ltr'><strong>praeparare</strong></span> <span class='ocrx_word' id='word_1_310' title='bbox 1708 2320 1775 2373; x_wconf 91' lang='lat' dir='ltr'><strong>ad</strong></span> <span class='ocrx_word' id='word_1_311' title='bbox 1799 2320 1982 2374; x_wconf 83' lang='lat' dir='ltr'><strong>caelos.</strong></span> 
     </span>
    </p>
   </div>
   <div class='ocr_carea' id='block_1_40' title="bbox 429 2406 1988 2478">
    <p class='ocr_par' dir='ltr' id='par_1_40' title="bbox 429 2406 1988 2478">
     <span class='ocr_line' id='line_1_40' title="bbox 429 2406 1988 2478; baseline -0.003 -13"><span class='ocrx_word' id='word_1_312' title='bbox 429 2409 617 2465; x_wconf 89' lang='lat' dir='ltr'><strong>Omnis</strong></span> <span class='ocrx_word' id='word_1_313' title='bbox 644 2409 814 2478; x_wconf 85' lang='lat' dir='ltr'><strong>gloria</strong></span> <span class='ocrx_word' id='word_1_314' title='bbox 862 2406 1169 2461; x_wconf 89' lang='lat' dir='ltr'><strong>transitoria</strong></span> <span class='ocrx_word' id='word_1_315' title='bbox 1196 2414 1279 2460; x_wconf 89' lang='lat' dir='ltr'><strong>est</strong></span> <span class='ocrx_word' id='word_1_316' title='bbox 1303 2413 1358 2460; x_wconf 91' lang='lat' dir='ltr'><strong>et</strong></span> <span class='ocrx_word' id='word_1_317' title='bbox 1381 2407 1533 2474; x_wconf 92' lang='lat' dir='ltr'><strong>quasi</strong></span> <span class='ocrx_word' id='word_1_318' title='bbox 1561 2407 1749 2460; x_wconf 89' lang='lat' dir='ltr'><strong>umbra</strong></span> <span class='ocrx_word' id='word_1_319' title='bbox 1778 2408 1988 2462; x_wconf 87' lang='lat' dir='ltr'><strong>recedet</strong></span> 
     </span>
    </p>
   </div>
   <div class='ocr_carea' id='block_1_41' title="bbox 427 2495 1987 2569">
    <p class='ocr_par' dir='ltr' id='par_1_41' title="bbox 427 2495 1987 2569">
     <span class='ocr_line' id='line_1_41' title="bbox 427 2495 1987 2569; baseline -0.003 -15"><span class='ocrx_word' id='word_1_320' title='bbox 427 2501 570 2569; x_wconf 84' lang='lat' dir='ltr'><strong>(Job.</strong></span> <span class='ocrx_word' id='word_1_321' title='bbox 625 2515 743 2563; x_wconf 84' lang='lat' dir='ltr'><strong>vin,</strong></span> <span class='ocrx_word' id='word_1_322' title='bbox 772 2499 825 2562; x_wconf 89' lang='lat'><strong>8,</strong></span> <span class='ocrx_word' id='word_1_323' title='bbox 853 2498 929 2567; x_wconf 91' lang='lat'><strong>9).</strong></span> <span class='ocrx_word' id='word_1_324' title='bbox 970 2495 1093 2551; x_wconf 84' lang='lat' dir='ltr'><strong>Ideo</strong></span> <span class='ocrx_word' id='word_1_325' title='bbox 1134 2496 1201 2549; x_wconf 92' lang='lat' dir='ltr'><strong>ad</strong></span> <span class='ocrx_word' id='word_1_326' title='bbox 1250 2502 1504 2550; x_wconf 61' lang='lat' dir='ltr'><strong>aeternam</strong></span> <span class='ocrx_word' id='word_1_327' title='bbox 1543 2495 1699 2550; x_wconf 91' lang='lat' dir='ltr'><strong>bonis</strong></span> <span class='ocrx_word' id='word_1_328' title='bbox 1736 2495 1987 2565; x_wconf 90' lang='lat' dir='ltr'><strong>operibus</strong></span> 
     </span>
    </p>
   </div>
   <div class='ocr_carea' id='block_1_42' title="bbox 424 2579 1985 2661">
    <p class='ocr_par' dir='ltr' id='par_1_42' title="bbox 424 2579 1985 2661">
     <span class='ocr_line' id='line_1_42' title="bbox 424 2579 1985 2661; baseline -0.004 -17"><span class='ocrx_word' id='word_1_329' title='bbox 424 2604 773 2661; x_wconf 90' lang='lat' dir='ltr'><strong>properemus</strong></span> <span class='ocrx_word' id='word_1_330' title='bbox 808 2579 1075 2657; x_wconf 37' lang='lat' dir='ltr'><strong>gloriama</strong></span> <span class='ocrx_word' id='word_1_331' title='bbox 1102 2584 1299 2639; x_wconf 86' lang='lat' dir='ltr'><strong>Omnes</strong></span> <span class='ocrx_word' id='word_1_332' title='bbox 1334 2584 1515 2639; x_wconf 67' lang='lat' dir='ltr'><strong>smeuli</strong></span> <span class='ocrx_word' id='word_1_333' title='bbox 1558 2586 1787 2639; x_wconf 88' lang='lat' dir='ltr'><strong>vitemus</strong></span> <span class='ocrx_word' id='word_1_334' title='bbox 1832 2587 1985 2639; x_wconf 91' lang='lat' dir='ltr'><strong>vani-</strong></span> 
     </span>
    </p>
   </div>
   <div class='ocr_carea' id='block_1_43' title="bbox 429 2674 1983 2741">
    <p class='ocr_par' dir='ltr' id='par_1_43' title="bbox 429 2674 1983 2741">
     <span class='ocr_line' id='line_1_43' title="bbox 429 2674 1983 2741; baseline -0.003 -8"><span class='ocrx_word' id='word_1_335' title='bbox 429 2688 587 2741; x_wconf 81' lang='lat' dir='ltr'><strong>tates.</strong></span> <span class='ocrx_word' id='word_1_336' title='bbox 616 2686 675 2731; x_wconf 92' lang='lat' dir='ltr'><strong>ut</strong></span> <span class='ocrx_word' id='word_1_337' title='bbox 698 2678 767 2731; x_wconf 91' lang='lat' dir='ltr'><strong>ad</strong></span> <span class='ocrx_word' id='word_1_338' title='bbox 794 2675 1149 2730; x_wconf 89' lang='lat' dir='ltr'><strong>beatitudines</strong></span> <span class='ocrx_word' id='word_1_339' title='bbox 1198 2674 1444 2728; x_wconf 83' lang='lat' dir='ltr'><strong>ccelestes</strong></span> <span class='ocrx_word' id='word_1_340' title='bbox 1470 2676 1751 2741; x_wconf 78' lang='lat' dir='ltr'><strong>pervenire</strong></span> <span class='ocrx_word' id='word_1_341' title='bbox 1776 2690 1983 2729; x_wconf 87' lang='lat' dir='ltr'><strong>merea-</strong></span> 
     </span>
    </p>
   </div>
   <div class='ocr_carea' id='block_1_44' title="bbox 432 2744 1983 2833">
    <p class='ocr_par' dir='ltr' id='par_1_44' title="bbox 432 2744 1983 2833">
     <span class='ocr_line' id='line_1_44' title="bbox 432 2744 1983 2833; baseline -0.001 -12"><span class='ocrx_word' id='word_1_342' title='bbox 432 2744 572 2821; x_wconf 77' lang='lat' dir='ltr'><strong>mur.</strong></span> <span class='ocrx_word' id='word_1_343' title='bbox 614 2766 740 2820; x_wconf 89' lang='lat' dir='ltr'><strong>Dies</strong></span> <span class='ocrx_word' id='word_1_344' title='bbox 767 2762 927 2833; x_wconf 88' lang='lat' dir='ltr'><strong>hujus</strong></span> <span class='ocrx_word' id='word_1_345' title='bbox 973 2766 1114 2829; x_wconf 58' lang='lat' dir='ltr'><strong>vitat,</strong></span> <span class='ocrx_word' id='word_1_346' title='bbox 1144 2764 1235 2833; x_wconf 89' lang='lat' dir='ltr'><strong>qui</strong></span> <span class='ocrx_word' id='word_1_347' title='bbox 1282 2766 1437 2819; x_wconf 91' lang='lat' dir='ltr'><strong>nobis</strong></span> <span class='ocrx_word' id='word_1_348' title='bbox 1481 2774 1686 2820; x_wconf 88' lang='lat' dir='ltr'><strong>restare</strong></span> <span class='ocrx_word' id='word_1_349' title='bbox 1713 2766 1983 2833; x_wconf 90' lang='lat' dir='ltr'><strong>videntur,</strong></span> 
     </span>
    </p>
   </div>
   <div class='ocr_carea' id='block_1_45' title="bbox 428 2855 1988 2925">
    <p class='ocr_par' dir='ltr' id='par_1_45' title="bbox 428 2855 1988 2925">
     <span class='ocr_line' id='line_1_45' title="bbox 428 2855 1988 2925; baseline 0 -14"><span class='ocrx_word' id='word_1_350' title='bbox 428 2858 669 2912; x_wconf 86' lang='lat' dir='ltr'><strong>vivamus</strong></span> <span class='ocrx_word' id='word_1_351' title='bbox 690 2858 820 2921; x_wconf 89' lang='lat' dir='ltr'><strong>Deo,</strong></span> <span class='ocrx_word' id='word_1_352' title='bbox 847 2864 908 2910; x_wconf 91' lang='lat' dir='ltr'><strong>ut</strong></span> <span class='ocrx_word' id='word_1_353' title='bbox 936 2864 1059 2924; x_wconf 91' lang='lat' dir='ltr'><strong>post</strong></span> <span class='ocrx_word' id='word_1_354' title='bbox 1078 2857 1216 2913; x_wconf 88' lang='lat' dir='ltr'><strong>hanc</strong></span> <span class='ocrx_word' id='word_1_355' title='bbox 1243 2855 1385 2908; x_wconf 92' lang='lat' dir='ltr'><strong>illius</strong></span> <span class='ocrx_word' id='word_1_356' title='bbox 1412 2870 1803 2925; x_wconf 88' lang='lat' dir='ltr'><strong>consequamur</strong></span> <span class='ocrx_word' id='word_1_357' title='bbox 1829 2858 1988 2912; x_wconf 87' lang='lat' dir='ltr'><strong>mise—</strong></span> 
     </span>
    </p>
   </div>
   <div class='ocr_carea' id='block_1_46' title="bbox 428 2946 1990 3014">
    <p class='ocr_par' dir='ltr' id='par_1_46' title="bbox 428 2946 1990 3014">
     <span class='ocr_line' id='line_1_46' title="bbox 428 2946 1990 3014; baseline -0.001 -11"><span class='ocrx_word' id='word_1_358' title='bbox 428 2950 734 3005; x_wconf 90' lang='lat' dir='ltr'><strong>ricordiam.</strong></span> <span class='ocrx_word' id='word_1_359' title='bbox 776 2949 965 3002; x_wconf 88' lang='lat' dir='ltr'><strong>Divina</strong></span> <span class='ocrx_word' id='word_1_360' title='bbox 997 2947 1093 3000; x_wconf 91' lang='lat' dir='ltr'><strong>tibi</strong></span> <span class='ocrx_word' id='word_1_361' title='bbox 1125 2946 1597 3014; x_wconf 53' lang='lat' dir='ltr'><strong>clementia‘hujus</strong></span> <span class='ocrx_word' id='word_1_362' title='bbox 1625 2949 1747 3003; x_wconf 78' lang='lat' dir='ltr'><strong>vita:</strong></span> <span class='ocrx_word' id='word_1_363' title='bbox 1776 2949 1891 3005; x_wconf 88' lang='lat' dir='ltr'><strong>dies</strong></span> <span class='ocrx_word' id='word_1_364' title='bbox 1913 2949 1990 3003; x_wconf 90' lang='lat' dir='ltr'><strong>fe-</strong></span> 
     </span>
    </p>
   </div>
   <div class='ocr_carea' id='block_1_47' title="bbox 427 3024 1987 3107">
    <p class='ocr_par' dir='ltr' id='par_1_47' title="bbox 427 3024 1987 3107">
     <span class='ocr_line' id='line_1_47' title="bbox 427 3024 1987 3107; baseline 0.001 -16"><span class='ocrx_word' id='word_1_365' title='bbox 427 3037 558 3093; x_wconf 87' lang='lat' dir='ltr'><strong>lices</strong></span> <span class='ocrx_word' id='word_1_366' title='bbox 575 3036 851 3103; x_wconf 87' lang='lat' dir='ltr'><strong>coneedat,</strong></span> <span class='ocrx_word' id='word_1_367' title='bbox 880 3024 942 3091; x_wconf 17' lang='lat' dir='ltr'><strong>et.</strong></span> <span class='ocrx_word' id='word_1_368' title='bbox 962 3043 1216 3091; x_wconf 78' lang='lat' dir='ltr'><strong>:eternam</strong></span> <span class='ocrx_word' id='word_1_369' title='bbox 1240 3051 1363 3090; x_wconf 90' lang='lat' dir='ltr'><strong>eum</strong></span> <span class='ocrx_word' id='word_1_370' title='bbox 1393 3036 1593 3090; x_wconf 90' lang='lat' dir='ltr'><strong>sanctis</strong></span> <span class='ocrx_word' id='word_1_371' title='bbox 1618 3037 1728 3091; x_wconf 90' lang='lat' dir='ltr'><strong>suis</strong></span> <span class='ocrx_word' id='word_1_372' title='bbox 1751 3034 1987 3107; x_wconf 86' lang='lat' dir='ltr'><strong>tribuere</strong></span> 
     </span>
    </p>
   </div>
   <div class='ocr_carea' id='block_1_48' title="bbox 428 3124 1767 3197">
    <p class='ocr_par' dir='ltr' id='par_1_48' title="bbox 428 3124 1767 3197">
     <span class='ocr_line' id='line_1_48' title="bbox 428 3124 1767 3197; baseline -0.001 -19"><span class='ocrx_word' id='word_1_373' title='bbox 428 3125 651 3195; x_wconf 79' lang='lat' dir='ltr'><strong>gloriam</strong></span> <span class='ocrx_word' id='word_1_374' title='bbox 674 3126 940 3197; x_wconf 84' lang='lat' dir='ltr'><strong>dignetur,</strong></span> <span class='ocrx_word' id='word_1_375' title='bbox 984 3126 1195 3181; x_wconf 91' lang='lat' dir='ltr'><strong>domine</strong></span> <span class='ocrx_word' id='word_1_376' title='bbox 1216 3132 1369 3193; x_wconf 89' lang='lat' dir='ltr'><strong>pater</strong></span> <span class='ocrx_word' id='word_1_377' title='bbox 1404 3124 1767 3180; x_wconf 88' lang='lat' dir='ltr'><strong>dilectissime.</strong></span> 
     </span>
    </p>
   </div>
   <div class='ocr_carea' id='block_1_49' title="bbox 907 3234 1464 3290">
    <p class='ocr_par' dir='ltr' id='par_1_49' title="bbox 907 3234 1464 3290">
     <span class='ocr_line' id='line_1_49' title="bbox 907 3234 1464 3290; baseline -0.004 -1"><span class='ocrx_word' id='word_1_378' title='bbox 907 3235 934 3275; x_wconf 75' lang='grc' dir='ltr'><em>δ</em></span> <span class='ocrx_word' id='word_1_379' title='bbox 976 3234 1300 3289; x_wconf 79' lang='lat' dir='ltr'><strong>EPISTOLA</strong></span> <span class='ocrx_word' id='word_1_380' title='bbox 1332 3234 1464 3290; x_wconf 79' lang='lat' dir='ltr'><strong>LVI.</strong></span> 
     </span>
    </p>
   </div>
   <div class='ocr_carea' id='block_1_50' title="bbox 818 3341 1575 3381">
    <p class='ocr_par' dir='ltr' id='par_1_50' title="bbox 818 3341 1575 3381">
     <span class='ocr_line' id='line_1_50' title="bbox 818 3341 1575 3381; baseline 0.003 -2"><span class='ocrx_word' id='word_1_381' title='bbox 818 3342 884 3379; x_wconf 78' lang='grc' dir='ltr'><strong>ΑΙ)</strong></span> <span class='ocrx_word' id='word_1_382' title='bbox 909 3341 1221 3378; x_wconf 69' lang='lat' dir='ltr'><strong>EANBALDU!</strong></span> <span class='ocrx_word' id='word_1_383' title='bbox 1262 3342 1575 3381; x_wconf 74' lang='lat' dir='ltr'><strong>EPISCOPUI.</strong></span> 
     </span>
    </p>
   </div>
   <div class='ocr_carea' id='block_1_51' title="bbox 447 3414 1771 3494">
    <p class='ocr_par' dir='ltr' id='par_1_51' title="bbox 447 3414 1771 3494">
     <span class='ocr_line' id='line_1_51' title="bbox 447 3414 1771 3494; baseline 0.004 -28"><span class='ocrx_word' id='word_1_384' title='bbox 447 3486 455 3494; x_wconf 32' lang='lat'><em>.</em></span> <span class='ocrx_word' id='word_1_385' title='bbox 638 3415 813 3485; x_wconf 77' lang='lat' dir='ltr'><strong>(Anno</strong></span> <span class='ocrx_word' id='word_1_386' title='bbox 838 3414 963 3478; x_wconf 96' lang='lat'><strong>796,</strong></span> <span class='ocrx_word' id='word_1_387' title='bbox 996 3416 1139 3468; x_wconf 90' lang='lat' dir='ltr'><strong>circa</strong></span> <span class='ocrx_word' id='word_1_388' title='bbox 1166 3430 1403 3469; x_wconf 88' lang='lat' dir='ltr'><strong>mensem</strong></span> <span class='ocrx_word' id='word_1_389' title='bbox 1427 3417 1771 3487; x_wconf 80' lang='lat' dir='ltr'><strong>Augustum.)</strong></span> 
     </span>
    </p>
   </div>
   <div class='ocr_carea' id='block_1_52' title="bbox 430 3502 1987 3595">
    <p class='ocr_par' dir='ltr' id='par_1_52' title="bbox 430 3502 1987 3595">
     <span class='ocr_line' id='line_1_52' title="bbox 430 3502 1987 3595; baseline -0.001 -13"><span class='ocrx_word' id='word_1_390' title='bbox 430 3525 740 3582; x_wconf 78' lang='lat' dir='ltr'><strong>Gratulatur</strong></span> <span class='ocrx_word' id='word_1_391' title='bbox 781 3525 1020 3595; x_wconf 83' lang='lat' dir='ltr'><strong>adeptam</strong></span> <span class='ocrx_word' id='word_1_392' title='bbox 1070 3527 1414 3595; x_wconf 78' lang='lat' dir='ltr'><strong>dignitatem;</strong></span> <span class='ocrx_word' id='word_1_393' title='bbox 1452 3502 1693 3581; x_wconf 78' lang='lat' dir='ltr'><strong>hortatur</strong></span> <span class='ocrx_word' id='word_1_394' title='bbox 1717 3529 1785 3580; x_wconf 85' lang='lat' dir='ltr'><strong>ad</strong></span> <span class='ocrx_word' id='word_1_395' title='bbox 1807 3546 1987 3580; x_wconf 86' lang='lat' dir='ltr'><strong>curam</strong></span> 
     </span>
    </p>
   </div>
   <div class='ocr_carea' id='block_1_53' title="bbox 495 3595 1984 3666">
    <p class='ocr_par' dir='ltr' id='par_1_53' title="bbox 495 3595 1984 3666">
     <span class='ocr_line' id='line_1_53' title="bbox 495 3595 1984 3666; baseline 0 -17"><span class='ocrx_word' id='word_1_396' title='bbox 495 3595 828 3666; x_wconf 74' lang='lat' dir='ltr'><strong>pastoralem,</strong></span> <span class='ocrx_word' id='word_1_397' title='bbox 855 3606 902 3649; x_wconf 87' lang='lat' dir='ltr'><strong>et</strong></span> <span class='ocrx_word' id='word_1_398' title='bbox 930 3597 1052 3649; x_wconf 84' lang='lat' dir='ltr'><strong>bene</strong></span> <span class='ocrx_word' id='word_1_399' title='bbox 1076 3598 1249 3648; x_wconf 80' lang='lat' dir='ltr'><strong>omnia</strong></span> <span class='ocrx_word' id='word_1_400' title='bbox 1276 3596 1610 3666; x_wconf 78' lang='lat' dir='ltr'><strong>ordinanda;</strong></span> <span class='ocrx_word' id='word_1_401' title='bbox 1657 3612 1710 3648; x_wconf 77' lang='lat' dir='ltr'><strong>se</strong></span> <span class='ocrx_word' id='word_1_402' title='bbox 1734 3613 1850 3648; x_wconf 80' lang='lat' dir='ltr'><strong>vero</strong></span> <span class='ocrx_word' id='word_1_403' title='bbox 1878 3613 1984 3650; x_wconf 83' lang='lat' dir='ltr'><strong>me-</strong></span> 
     </span>
    </p>
   </div>
   <div class='ocr_carea' id='block_1_54' title="bbox 497 3664 1480 3719">
    <p class='ocr_par' dir='ltr' id='par_1_54' title="bbox 497 3664 1480 3719">
     <span class='ocr_line' id='line_1_54' title="bbox 497 3664 1480 3719; baseline -0.003 -1"><span class='ocrx_word' id='word_1_404' title='bbox 497 3664 679 3719; x_wconf 65' lang='lat' dir='ltr'><strong>moria</strong></span> <span class='ocrx_word' id='word_1_405' title='bbox 702 3674 753 3719; x_wconf 80' lang='lat' dir='ltr'><strong>et</strong></span> <span class='ocrx_word' id='word_1_406' title='bbox 785 3666 1104 3718; x_wconf 76' lang='lat' dir='ltr'><strong>orationibus</strong></span> <span class='ocrx_word' id='word_1_407' title='bbox 1139 3664 1480 3717; x_wconf 85' lang='lat' dir='ltr'><strong>commendat.</strong></span> 
     </span>
    </p>
   </div>
   <div class='ocr_carea' id='block_1_55' title="bbox 499 3752 1985 3824">
    <p class='ocr_par' dir='ltr' id='par_1_55' title="bbox 499 3752 1985 3824">
     <span class='ocr_line' id='line_1_55' title="bbox 499 3752 1985 3824; baseline 0.001 -17"><span class='ocrx_word' id='word_1_408' title='bbox 499 3752 853 3809; x_wconf 86' lang='lat' dir='ltr'><strong>Dilectissimo</strong></span> <span class='ocrx_word' id='word_1_409' title='bbox 877 3753 931 3807; x_wconf 93' lang='lat' dir='ltr'><strong>in</strong></span> <span class='ocrx_word' id='word_1_410' title='bbox 959 3752 1171 3808; x_wconf 89' lang='lat' dir='ltr'><strong>Christo</strong></span> <span class='ocrx_word' id='word_1_411' title='bbox 1215 3752 1324 3806; x_wconf 85' lang='lat' dir='ltr'><strong>lilio</strong></span> <span class='ocrx_word' id='word_1_412' title='bbox 1356 3763 1379 3790; x_wconf 76' lang='grc' dir='ltr'>ε</span> <span class='ocrx_word' id='word_1_413' title='bbox 1420 3752 1694 3806; x_wconf 87' lang='lat' dir='ltr'><strong>Eanbaldo</strong></span> <span class='ocrx_word' id='word_1_414' title='bbox 1719 3754 1985 3824; x_wconf 88' lang='lat' dir='ltr'><strong>archiepi—</strong></span> 
     </span>
    </p>
   </div>
   <div class='ocr_carea' id='block_1_56' title="bbox 430 3840 1841 3913">
    <p class='ocr_par' dir='ltr' id='par_1_56' title="bbox 430 3840 1841 3913">
     <span class='ocr_line' id='line_1_56' title="bbox 430 3840 1841 3913; baseline 0 -15"><span class='ocrx_word' id='word_1_415' title='bbox 430 3857 590 3913; x_wconf 81' lang='lat' dir='ltr'><strong>scopo</strong></span> <span class='ocrx_word' id='word_1_416' title='bbox 610 3844 832 3897; x_wconf 91' lang='lat' dir='ltr'><strong>devotus</strong></span> <span class='ocrx_word' id='word_1_417' title='bbox 850 3858 946 3910; x_wconf 90' lang='lat' dir='ltr'><strong>per</strong></span> <span class='ocrx_word' id='word_1_418' title='bbox 966 3844 1145 3896; x_wconf 85' lang='lat' dir='ltr'><strong>omnia</strong></span> <span class='ocrx_word' id='word_1_419' title='bbox 1172 3851 1325 3909; x_wconf 90' lang='lat' dir='ltr'><strong>pater</strong></span> <span class='ocrx_word' id='word_1_420' title='bbox 1348 3840 1571 3897; x_wconf 85' lang='lat' dir='ltr'><strong>Albinus</strong></span> <span class='ocrx_word' id='word_1_421' title='bbox 1595 3844 1841 3898; x_wconf 88' lang='lat' dir='ltr'><strong>salutem.</strong></span> 
     </span>
    </p>
   </div>
   <div class='ocr_carea' id='block_1_57' title="bbox 498 3931 1981 4004">
    <p class='ocr_par' dir='ltr' id='par_1_57' title="bbox 498 3931 1981 4004">
     <span class='ocr_line' id='line_1_57' title="bbox 498 3931 1981 4004; baseline 0.003 -21"><span class='ocrx_word' id='word_1_422' title='bbox 498 3931 682 4003; x_wconf 86' lang='lat' dir='ltr'><strong>[Laus</strong></span> <span class='ocrx_word' id='word_1_423' title='bbox 727 3939 781 3983; x_wconf 88' lang='lat' dir='ltr'><strong>et</strong></span> <span class='ocrx_word' id='word_1_424' title='bbox 822 3931 989 3999; x_wconf 85' lang='lat' dir='ltr'><strong>gloria</strong></span> <span class='ocrx_word' id='word_1_425' title='bbox 1035 3931 1260 3985; x_wconf 92' lang='lat' dir='ltr'><strong>Domino</strong></span> <span class='ocrx_word' id='word_1_426' title='bbox 1305 3931 1413 3985; x_wconf 90' lang='lat' dir='ltr'><strong>Deo</strong></span> <span class='ocrx_word' id='word_1_427' title='bbox 1464 3933 1840 4001; x_wconf 86' lang='lat' dir='ltr'><strong>omnipotenti,</strong></span> <span class='ocrx_word' id='word_1_428' title='bbox 1890 3936 1981 4004; x_wconf 86' lang='lat' dir='ltr'><strong>qui</strong></span> 
     </span>
    </p>
   </div>
   <div class='ocr_carea' id='block_1_58' title="bbox 429 4018 1982 4089">
    <p class='ocr_par' dir='ltr' id='par_1_58' title="bbox 429 4018 1982 4089">
     <span class='ocr_line' id='line_1_58' title="bbox 429 4018 1982 4089; baseline 0.002 -15"><span class='ocrx_word' id='word_1_429' title='bbox 429 4021 543 4075; x_wconf 88' lang='lat' dir='ltr'><strong>dies</strong></span> <span class='ocrx_word' id='word_1_430' title='bbox 569 4034 718 4074; x_wconf 91' lang='lat' dir='ltr'><strong>meos</strong></span> <span class='ocrx_word' id='word_1_431' title='bbox 765 4018 819 4073; x_wconf 91' lang='lat' dir='ltr'><strong>in</strong></span> <span class='ocrx_word' id='word_1_432' title='bbox 868 4020 1221 4089; x_wconf 86' lang='lat' dir='ltr'><strong>prosperitate</strong></span> <span class='ocrx_word' id='word_1_433' title='bbox 1262 4020 1403 4073; x_wconf 91' lang='lat' dir='ltr'><strong>bona</strong></span> <span class='ocrx_word' id='word_1_434' title='bbox 1451 4024 1808 4088; x_wconf 84' lang='lat' dir='ltr'><strong>conservavit,</strong></span> <span class='ocrx_word' id='word_1_435' title='bbox 1846 4024 1982 4077; x_wconf 91' lang='lat' dir='ltr'><strong>utin</strong></span> 
     </span>
    </p>
   </div>
   <div class='ocr_carea' id='block_1_59' title="bbox 497 4148 1981 4207">
    <p class='ocr_par' dir='ltr' id='par_1_59' title="bbox 497 4148 1981 4207">
     <span class='ocr_line' id='line_1_59' title="bbox 497 4148 1981 4207; baseline 0.002 -4"><span class='ocrx_word' id='word_1_436' title='bbox 497 4162 523 4189; x_wconf 74' lang='grc' dir='ltr'><strong>ι</strong></span> <span class='ocrx_word' id='word_1_437' title='bbox 564 4148 717 4207; x_wconf 71' lang='lat' dir='ltr'><strong>Redit</strong></span> <span class='ocrx_word' id='word_1_438' title='bbox 771 4149 998 4203; x_wconf 82' lang='lat' dir='ltr'><strong>tardatio</strong></span> <span class='ocrx_word' id='word_1_439' title='bbox 1026 4150 1079 4203; x_wconf 82' lang='lat' dir='ltr'><strong>in</strong></span> <span class='ocrx_word' id='word_1_440' title='bbox 1118 4148 1371 4204; x_wconf 73' lang='lat' dir='ltr'><strong>Saxonia.</strong></span> <span class='ocrx_word' id='word_1_441' title='bbox 1413 4152 1489 4206; x_wconf 87' lang='lat' dir='ltr'><strong>De</strong></span> <span class='ocrx_word' id='word_1_442' title='bbox 1540 4152 1639 4206; x_wconf 88' lang='lat' dir='ltr'><strong>ista</strong></span> <span class='ocrx_word' id='word_1_443' title='bbox 1680 4154 1981 4207; x_wconf 85' lang='lat' dir='ltr'><strong>tardatione</strong></span> 
     </span>
    </p>
   </div>
   <div class='ocr_carea' id='block_1_60' title="bbox 427 4219 1980 4290">
    <p class='ocr_par' dir='ltr' id='par_1_60' title="bbox 427 4219 1980 4290">
     <span class='ocr_line' id='line_1_60' title="bbox 427 4219 1980 4290; baseline -0.001 -16"><span class='ocrx_word' id='word_1_444' title='bbox 427 4220 570 4290; x_wconf 87' lang='lat' dir='ltr'><strong>regis</strong></span> <span class='ocrx_word' id='word_1_445' title='bbox 605 4219 896 4290; x_wconf 76' lang='lat' dir='ltr'><strong>chronicon</strong></span> <span class='ocrx_word' id='word_1_446' title='bbox 936 4220 1280 4273; x_wconf 80' lang='lat' dir='ltr'><strong>Moisiaeense</strong></span> <span class='ocrx_word' id='word_1_447' title='bbox 1304 4222 1370 4273; x_wconf 92' lang='lat' dir='ltr'><strong>ad</strong></span> <span class='ocrx_word' id='word_1_448' title='bbox 1392 4237 1588 4275; x_wconf 89' lang='lat' dir='ltr'><strong>annum</strong></span> <span class='ocrx_word' id='word_1_449' title='bbox 1614 4222 1717 4277; x_wconf 89' lang='lat'><strong>796</strong></span> <span class='ocrx_word' id='word_1_450' title='bbox 1751 4224 1864 4276; x_wconf 66' lang='lat' dir='ltr'><strong>haec</strong></span> <span class='ocrx_word' id='word_1_451' title='bbox 1885 4223 1980 4274; x_wconf 80' lang='lat' dir='ltr'><strong>lia-</strong></span> 
     </span>
    </p>
   </div>
   <div class='ocr_carea' id='block_1_61' title="bbox 426 4288 1980 4355">
    <p class='ocr_par' dir='ltr' id='par_1_61' title="bbox 426 4288 1980 4355">
     <span class='ocr_line' id='line_1_61' title="bbox 426 4288 1980 4355; baseline -0.002 -11"><span class='ocrx_word' id='word_1_452' title='bbox 426 4288 554 4344; x_wconf 81' lang='lat' dir='ltr'><strong>bet:</strong></span> <span class='ocrx_word' id='word_1_453' title='bbox 592 4306 611 4338; x_wconf 76' lang='grc' dir='ltr'><strong>ι</strong></span> <span class='ocrx_word' id='word_1_454' title='bbox 653 4288 713 4341; x_wconf 84' lang='grc' dir='ltr'><strong>ιιι</strong></span> <span class='ocrx_word' id='word_1_455' title='bbox 743 4289 856 4355; x_wconf 87' lang='lat' dir='ltr'><strong>ipsa</strong></span> <span class='ocrx_word' id='word_1_456' title='bbox 884 4296 1069 4341; x_wconf 65' lang='lat' dir='ltr'><strong>aestate</strong></span> <span class='ocrx_word' id='word_1_457' title='bbox 1104 4290 1216 4355; x_wconf 91' lang='lat' dir='ltr'><strong>ipse</strong></span> <span class='ocrx_word' id='word_1_458' title='bbox 1271 4304 1366 4341; x_wconf 74' lang='lat' dir='ltr'><strong>rex</strong></span> <span class='ocrx_word' id='word_1_459' title='bbox 1405 4290 1627 4343; x_wconf 87' lang='lat' dir='ltr'><strong>Carolus</strong></span> <span class='ocrx_word' id='word_1_460' title='bbox 1675 4291 1980 4343; x_wconf 90' lang='lat' dir='ltr'><strong>demoratus</strong></span> 
     </span>
    </p>
   </div>
   <div class='ocr_carea' id='block_1_62' title="bbox 424 4356 1978 4423">
    <p class='ocr_par' dir='ltr' id='par_1_62' title="bbox 424 4356 1978 4423">
     <span class='ocr_line' id='line_1_62' title="bbox 424 4356 1978 4423; baseline 0 -10"><span class='ocrx_word' id='word_1_461' title='bbox 424 4366 509 4413; x_wconf 89' lang='lat' dir='ltr'><strong>est</strong></span> <span class='ocrx_word' id='word_1_462' title='bbox 533 4359 587 4411; x_wconf 93' lang='lat' dir='ltr'><strong>in</strong></span> <span class='ocrx_word' id='word_1_463' title='bbox 615 4356 847 4412; x_wconf 76' lang='lat' dir='ltr'><strong>Saxonia</strong></span> <span class='ocrx_word' id='word_1_464' title='bbox 884 4370 1006 4409; x_wconf 90' lang='lat' dir='ltr'><strong>cum</strong></span> <span class='ocrx_word' id='word_1_465' title='bbox 1043 4357 1247 4409; x_wconf 87' lang='lat' dir='ltr'><strong>duobus</strong></span> <span class='ocrx_word' id='word_1_466' title='bbox 1281 4356 1403 4411; x_wconf 74' lang='lat' dir='ltr'><strong>filiis</strong></span> <span class='ocrx_word' id='word_1_467' title='bbox 1428 4360 1559 4423; x_wconf 87' lang='lat' dir='ltr'><strong>suis,</strong></span> <span class='ocrx_word' id='word_1_468' title='bbox 1583 4360 1637 4412; x_wconf 91' lang='lat' dir='ltr'><strong>id</strong></span> <span class='ocrx_word' id='word_1_469' title='bbox 1658 4368 1759 4423; x_wconf 89' lang='lat' dir='ltr'><strong>est,</strong></span> <span class='ocrx_word' id='word_1_470' title='bbox 1787 4358 1978 4413; x_wconf 88' lang='lat' dir='ltr'><strong>Carolo</strong></span> 
     </span>
    </p>
   </div>
   <div class='ocr_carea' id='block_1_63' title="bbox 226 4419 987 4488">
    <p class='ocr_par' dir='ltr' id='par_1_63' title="bbox 226 4419 987 4488">
     <span class='ocr_line' id='line_1_63' title="bbox 226 4419 987 4488; baseline -0.012 -5"><span class='ocrx_word' id='word_1_471' title='bbox 226 4458 245 4473; x_wconf 61' lang='grc' dir='ltr'>ε</span> <span class='ocrx_word' id='word_1_472' title='bbox 425 4438 482 4483; x_wconf 86' lang='lat' dir='ltr'><strong>et</strong></span> <span class='ocrx_word' id='word_1_473' title='bbox 507 4424 797 4488; x_wconf 79' lang='lat' dir='ltr'><strong>Ludovico,</strong></span> <span class='ocrx_word' id='word_1_474' title='bbox 826 4431 930 4477; x_wconf 89' lang='lat' dir='ltr'><strong>etc.</strong></span> <span class='ocrx_word' id='word_1_475' title='bbox 969 4443 987 4474; x_wconf 76' lang='grc' dir='ltr'><strong>ι</strong></span> 
     </span>
    </p>
   </div>
   <div class='ocr_carea' id='block_1_64' title="bbox 495 4492 1935 4563">
    <p class='ocr_par' dir='ltr' id='par_1_64' title="bbox 495 4492 1935 4563">
     <span class='ocr_line' id='line_1_64' title="bbox 495 4492 1935 4563; baseline -0.001 -15"><span class='ocrx_word' id='word_1_476' title='bbox 495 4498 523 4537; x_wconf 73' lang='lat' dir='ltr'><strong>b</strong></span> <span class='ocrx_word' id='word_1_477' title='bbox 560 4492 1032 4563; x_wconf 16' lang='lat' dir='ltr'><strong>Liberagelectipne.</strong></span> <span class='ocrx_word' id='word_1_478' title='bbox 1072 4493 1191 4547; x_wconf 76' lang='lat' dir='ltr'><strong>Vid.</strong></span> <span class='ocrx_word' id='word_1_479' title='bbox 1219 4494 1497 4560; x_wconf 89' lang='lat' dir='ltr'><strong>epistolam</strong></span> <span class='ocrx_word' id='word_1_480' title='bbox 1525 4496 1777 4563; x_wconf 88' lang='lat' dir='ltr'><strong>priorem.</strong></span> <span class='ocrx_word' id='word_1_481' title='bbox 1931 4552 1935 4557; x_wconf 53' lang='grc'><em>,</em></span> 
     </span>
    </p>
   </div>
   <div class='ocr_carea' id='block_1_65' title="bbox 495 4560 1993 4634">
    <p class='ocr_par' dir='ltr' id='par_1_65' title="bbox 495 4560 1993 4634">
     <span class='ocr_line' id='line_1_65' title="bbox 495 4560 1993 4634; baseline 0.003 -17"><span class='ocrx_word' id='word_1_482' title='bbox 495 4576 520 4605; x_wconf 75' lang='grc' dir='ltr'><strong>ο</strong></span> <span class='ocrx_word' id='word_1_483' title='bbox 559 4560 986 4634; x_wconf 67' lang='lat' dir='ltr'><strong>Hortatiuncula,</strong></span> <span class='ocrx_word' id='word_1_484' title='bbox 1014 4577 1132 4631; x_wconf 68' lang='lat' dir='ltr'><strong>qua:</strong></span> <span class='ocrx_word' id='word_1_485' title='bbox 1178 4564 1439 4632; x_wconf 88' lang='lat' dir='ltr'><strong>sequitur,</strong></span> <span class='ocrx_word' id='word_1_486' title='bbox 1478 4560 1629 4619; x_wconf 80' lang='lat' dir='ltr'><strong>deest</strong></span> <span class='ocrx_word' id='word_1_487' title='bbox 1655 4565 1794 4634; x_wconf 90' lang='lat' dir='ltr'><strong>apud</strong></span> <span class='ocrx_word' id='word_1_488' title='bbox 1823 4565 1993 4622; x_wconf 13' lang='lat' dir='ltr'><strong>Cani-7</strong></span> 
     </span>
    </p>
   </div>
   <div class='ocr_carea' id='block_1_66' title="bbox 423 4630 1860 4700">
    <p class='ocr_par' dir='ltr' id='par_1_66' title="bbox 423 4630 1860 4700">
     <span class='ocr_line' id='line_1_66' title="bbox 423 4630 1860 4700; baseline -0.005 -9"><span class='ocrx_word' id='word_1_489' title='bbox 423 4636 595 4696; x_wconf 88' lang='lat' dir='ltr'><strong>sium;</strong></span> <span class='ocrx_word' id='word_1_490' title='bbox 637 4631 876 4700; x_wconf 87' lang='lat' dir='ltr'><strong>suppleta</strong></span> <span class='ocrx_word' id='word_1_491' title='bbox 901 4646 931 4684; x_wconf 90' lang='lat' dir='ltr'><strong>a</strong></span> <span class='ocrx_word' id='word_1_492' title='bbox 951 4630 1288 4700; x_wconf 79' lang='lat' dir='ltr'><strong>Quercetano</strong></span> <span class='ocrx_word' id='word_1_493' title='bbox 1322 4649 1387 4687; x_wconf 82' lang='lat' dir='ltr'><strong>ex</strong></span> <span class='ocrx_word' id='word_1_494' title='bbox 1424 4648 1526 4687; x_wconf 87' lang='lat' dir='ltr'><strong>ms.</strong></span> <span class='ocrx_word' id='word_1_495' title='bbox 1686 4630 1705 4634; x_wconf 61' lang='grc'>⁷</span> <span class='ocrx_word' id='word_1_496' title='bbox 1850 4666 1860 4675; x_wconf 71' lang='grc'><strong>.</strong></span> 
     </span>
    </p>
   </div>
   <div class='ocr_carea' id='block_1_67' title="bbox 491 4699 1982 4773">
    <p class='ocr_par' dir='ltr' id='par_1_67' title="bbox 491 4699 1982 4773">
     <span class='ocr_line' id='line_1_67' title="bbox 491 4699 1982 4773; baseline 0.003 -17"><span class='ocrx_word' id='word_1_497' title='bbox 491 4703 519 4743; x_wconf 76' lang='grc' dir='ltr'><strong><em>ἀ</em></strong></span> <span class='ocrx_word' id='word_1_498' title='bbox 558 4699 897 4773; x_wconf 76' lang='lat' dir='ltr'><strong>Clarissimus</strong></span> <span class='ocrx_word' id='word_1_499' title='bbox 937 4699 1119 4773; x_wconf 80' lang='lat' dir='ltr'><strong>Justus</strong></span> <span class='ocrx_word' id='word_1_500' title='bbox 1158 4702 1485 4773; x_wconf 71' lang='lat' dir='ltr'><strong>Fontaninus</strong></span> <span class='ocrx_word' id='word_1_501' title='bbox 1531 4704 1669 4758; x_wconf 90' lang='lat' dir='ltr'><strong>hanc</strong></span> <span class='ocrx_word' id='word_1_502' title='bbox 1704 4705 1982 4773; x_wconf 85' lang='lat' dir='ltr'><strong>epistolam</strong></span> 
     </span>
    </p>
   </div>
   <div class='ocr_carea' id='block_1_68' title="bbox 420 4770 2025 4843">
    <p class='ocr_par' dir='ltr' id='par_1_68' title="bbox 420 4770 2025 4843">
     <span class='ocr_line' id='line_1_68' title="bbox 420 4770 2025 4843; baseline 0.002 -17"><span class='ocrx_word' id='word_1_503' title='bbox 420 4770 841 4843; x_wconf 23' lang='lat' dir='ltr'><strong>primusgedidit,</strong></span> <span class='ocrx_word' id='word_1_504' title='bbox 862 4786 984 4825; x_wconf 92' lang='lat' dir='ltr'><strong>cum</strong></span> <span class='ocrx_word' id='word_1_505' title='bbox 1002 4770 1145 4843; x_wconf 70' lang='lat' dir='ltr'><strong>notis</strong></span> <span class='ocrx_word' id='word_1_506' title='bbox 1172 4772 1379 4843; x_wconf 85' lang='lat' dir='ltr'><strong>abbatis</strong></span> <span class='ocrx_word' id='word_1_507' title='bbox 1404 4772 1661 4843; x_wconf 89' lang='lat' dir='ltr'><strong>Dominici</strong></span> <span class='ocrx_word' id='word_1_508' title='bbox 1689 4770 1981 4839; x_wconf 79' lang='lat' dir='ltr'><strong>Passionei,</strong></span> <span class='ocrx_word' id='word_1_509' title='bbox 2019 4833 2025 4837; x_wconf 68' lang='grc'>,</span> 
     </span>
    </p>
   </div>
   <div class='ocr_carea' id='block_1_69' title="bbox 421 4840 1983 4914">
    <p class='ocr_par' dir='ltr' id='par_1_69' title="bbox 421 4840 1983 4914">
     <span class='ocr_line' id='line_1_69' title="bbox 421 4840 1983 4914; baseline 0 -15"><span class='ocrx_word' id='word_1_510' title='bbox 421 4840 606 4914; x_wconf 82' lang='lat' dir='ltr'><strong>postea</strong></span> <span class='ocrx_word' id='word_1_511' title='bbox 632 4840 689 4896; x_wconf 91' lang='lat' dir='ltr'><strong>S.</strong></span> <span class='ocrx_word' id='word_1_512' title='bbox 712 4840 778 4895; x_wconf 71' lang='grc' dir='ltr'><strong>Β.</strong></span> <span class='ocrx_word' id='word_1_513' title='bbox 800 4840 1193 4914; x_wconf 72' lang='lat' dir='ltr'><strong>_l:_]._cardinalis,</strong></span> <span class='ocrx_word' id='word_1_514' title='bbox 1219 4841 1271 4892; x_wconf 92' lang='lat' dir='ltr'><strong>in</strong></span> <span class='ocrx_word' id='word_1_515' title='bbox 1295 4840 1601 4914; x_wconf 40' lang='lat' dir='ltr'><strong>ﬁppepdice</strong></span> <span class='ocrx_word' id='word_1_516' title='bbox 1626 4844 1695 4914; x_wconf 87' lang='lat' dir='ltr'><strong>ad</strong></span> <span class='ocrx_word' id='word_1_517' title='bbox 1717 4845 1983 4899; x_wconf 85' lang='lat' dir='ltr'><strong>Vindicias</strong></span> 
     </span>
    </p>
   </div>
   <div class='ocr_carea' id='block_1_70' title="bbox 422 4908 1325 4981">
    <p class='ocr_par' dir='ltr' id='par_1_70' title="bbox 422 4908 1325 4981">
     <span class='ocr_line' id='line_1_70' title="bbox 422 4908 1325 4981; baseline -0.011 -14"><span class='ocrx_word' id='word_1_518' title='bbox 422 4908 1268 4981; x_wconf 25' lang='lat' dir='ltr'><strong>&quot;antiquomm‘diplomatumpag.</strong></span> <span class='ocrx_word' id='word_1_519' title='bbox 1291 4908 1325 4981; x_wconf 58' lang='lat' dir='ltr'><strong>f2</strong></span> 
     </span>
    </p>
   </div>
   <div class='ocr_carea' id='block_1_71' title="bbox 421 4975 1985 5045">
    <p class='ocr_par' dir='ltr' id='par_1_71' title="bbox 421 4975 1985 5045">
     <span class='ocr_line' id='line_1_71' title="bbox 421 4975 1985 5045; baseline -0.002 -9"><span class='ocrx_word' id='word_1_520' title='bbox 421 4975 723 5037; x_wconf 73' lang='lat' dir='ltr'><strong>collectioni</strong></span> <span class='ocrx_word' id='word_1_521' title='bbox 743 4975 1038 5033; x_wconf 77' lang='lat' dir='ltr'><strong>Caiiisiana:</strong></span> <span class='ocrx_word' id='word_1_522' title='bbox 1066 4975 1355 5042; x_wconf 82' lang='lat' dir='ltr'><strong>subjunxit.</strong></span> <span class='ocrx_word' id='word_1_523' title='bbox 1390 4975 1594 5045; x_wconf 85' lang='lat' dir='ltr'><strong>Ubique</strong></span> <span class='ocrx_word' id='word_1_524' title='bbox 1611 4975 1741 5032; x_wconf 81' lang='lat' dir='ltr'><strong>vero</strong></span> <span class='ocrx_word' id='word_1_525' title='bbox 1762 4980 1912 5033; x_wconf 93' lang='lat' dir='ltr'><strong>initio</strong></span> <span class='ocrx_word' id='word_1_526' title='bbox 1931 4988 1985 5035; x_wconf 91' lang='lat' dir='ltr'><strong>et</strong></span> 
     </span>
    </p>
   </div>
   <div class='ocr_carea' id='block_1_72' title="bbox 423 5046 1982 5115">
    <p class='ocr_par' dir='ltr' id='par_1_72' title="bbox 423 5046 1982 5115">
     <span class='ocr_line' id='line_1_72' title="bbox 423 5046 1982 5115; baseline -0.002 -10"><span class='ocrx_word' id='word_1_527' title='bbox 423 5051 530 5105; x_wconf 81' lang='lat' dir='ltr'><strong>ﬁne</strong></span> <span class='ocrx_word' id='word_1_528' title='bbox 567 5048 753 5103; x_wconf 85' lang='lat' dir='ltr'><strong>mutila</strong></span> <span class='ocrx_word' id='word_1_529' title='bbox 789 5054 900 5111; x_wconf 85' lang='lat' dir='ltr'><strong>est;</strong></span> <span class='ocrx_word' id='word_1_530' title='bbox 942 5047 1029 5100; x_wconf 92' lang='lat' dir='ltr'><strong>hic</strong></span> <span class='ocrx_word' id='word_1_531' title='bbox 1056 5048 1312 5115; x_wconf 81' lang='lat' dir='ltr'><strong>integram</strong></span> <span class='ocrx_word' id='word_1_532' title='bbox 1343 5046 1617 5115; x_wconf 84' lang='lat' dir='ltr'><strong>magisque</strong></span> <span class='ocrx_word' id='word_1_533' title='bbox 1644 5049 1982 5103; x_wconf 83' lang='lat' dir='ltr'><strong>emendatam</strong></span> 
     </span>
    </p>
   </div>
   <div class='ocr_carea' id='block_1_73' title="bbox 423 5114 1985 5187">
    <p class='ocr_par' dir='ltr' id='par_1_73' title="bbox 423 5114 1985 5187">
     <span class='ocr_line' id='line_1_73' title="bbox 423 5114 1985 5187; baseline -0.002 -13"><span class='ocrx_word' id='word_1_534' title='bbox 423 5134 490 5174; x_wconf 79' lang='lat' dir='ltr'><strong>ex</strong></span> <span class='ocrx_word' id='word_1_535' title='bbox 516 5118 635 5187; x_wconf 68' lang='lat' dir='ltr'><strong>cod.</strong></span> <span class='ocrx_word' id='word_1_536' title='bbox 666 5132 767 5169; x_wconf 87' lang='lat' dir='ltr'><strong>ms.</strong></span> <span class='ocrx_word' id='word_1_537' title='bbox 799 5116 1092 5187; x_wconf 82' lang='lat' dir='ltr'><strong>salisbnrg.</strong></span> <span class='ocrx_word' id='word_1_538' title='bbox 1128 5114 1456 5187; x_wconf 67' lang='lat' dir='ltr'><strong>eibibemus.</strong></span> <span class='ocrx_word' id='word_1_539' title='bbox 1495 5114 1816 5187; x_wconf 75' lang='lat' dir='ltr'><strong>Prolixiores</strong></span> <span class='ocrx_word' id='word_1_540' title='bbox 1842 5118 1985 5171; x_wconf 85' lang='lat' dir='ltr'><strong>Emi-</strong></span> 
     </span>
    </p>
   </div>
   <div class='ocr_carea' id='block_1_74' title="bbox 424 5183 1983 5264">
    <p class='ocr_par' dir='ltr' id='par_1_74' title="bbox 424 5183 1983 5264">
     <span class='ocr_line' id='line_1_74' title="bbox 424 5183 1983 5264; baseline 0 -22"><span class='ocrx_word' id='word_1_541' title='bbox 424 5192 571 5264; x_wconf 78' lang='lat' dir='ltr'><strong>nent.</strong></span> <span class='ocrx_word' id='word_1_542' title='bbox 603 5184 872 5264; x_wconf 74' lang='lat' dir='ltr'><strong>Passionei</strong></span> <span class='ocrx_word' id='word_1_543' title='bbox 903 5183 1074 5249; x_wconf 74' lang='lat' dir='ltr'><strong>notas,</strong></span> <span class='ocrx_word' id='word_1_544' title='bbox 1114 5200 1263 5241; x_wconf 89' lang='lat' dir='ltr'><strong>sacra</strong></span> <span class='ocrx_word' id='word_1_545' title='bbox 1303 5183 1426 5237; x_wconf 90' lang='lat' dir='ltr'><strong>licet</strong></span> <span class='ocrx_word' id='word_1_546' title='bbox 1458 5184 1756 5241; x_wconf 89' lang='lat' dir='ltr'><strong>eruditione</strong></span> <span class='ocrx_word' id='word_1_547' title='bbox 1780 5187 1983 5256; x_wconf 84' lang='lat' dir='ltr'><strong>plenas,</strong></span> 
     </span>
    </p>
   </div>
   <div class='ocr_carea' id='block_1_75' title="bbox 427 5262 809 5311">
    <p class='ocr_par' dir='ltr' id='par_1_75' title="bbox 427 5262 809 5311">
     <span class='ocr_line' id='line_1_75' title="bbox 427 5262 809 5311; baseline -0.018 0"><span class='ocrx_word' id='word_1_548' title='bbox 427 5262 809 5311; x_wconf 76' lang='lat' dir='ltr'><strong>contraximus.</strong></span> 
     </span>
    </p>
   </div>
   <div class='ocr_carea' id='block_1_76' title="bbox 499 5320 1985 5401">
    <p class='ocr_par' dir='ltr' id='par_1_76' title="bbox 499 5320 1985 5401">
     <span class='ocr_line' id='line_1_76' title="bbox 499 5320 1985 5401; baseline 0.003 -26"><span class='ocrx_word' id='word_1_549' title='bbox 499 5334 523 5361; x_wconf 74' lang='grc' dir='ltr'><strong><em>ο</em></strong></span> <span class='ocrx_word' id='word_1_550' title='bbox 563 5320 853 5401; x_wconf 13' lang='grc' dir='ltr'><strong>ξανηρειιᾴο.</strong></span> <span class='ocrx_word' id='word_1_551' title='bbox 883 5321 1047 5401; x_wconf 69' lang='lat' dir='ltr'><strong>Quem</strong></span> <span class='ocrx_word' id='word_1_552' title='bbox 1073 5324 1228 5401; x_wconf 74' lang='lat' dir='ltr'><strong>tertio</strong></span> <span class='ocrx_word' id='word_1_553' title='bbox 1249 5322 1597 5401; x_wconf 49' lang='lat' dir='ltr'><strong>limoflgberti</strong></span> <span class='ocrx_word' id='word_1_554' title='bbox 1625 5340 1985 5401; x_wconf 57' lang='lat' dir='ltr'><strong>successorem</strong></span> 
     </span>
    </p>
   </div>
   <div class='ocr_carea' id='block_1_77' title="bbox 420 5389 1988 5542">
    <p class='ocr_par' dir='ltr' id='par_1_77' title="bbox 420 5389 1988 5542">
     <span class='ocr_line' id='line_1_77' title="bbox 420 5389 1988 5542; baseline 0.001 -26"><span class='ocrx_word' id='word_1_555' title='bbox 420 5389 1988 5542; x_wconf 45' lang='grc' dir='ltr'><strong>ρέἓξίῗ¹¹ιῖἑρὶίςέὲῇ¹ξίείῗῗιιέιολὲἕέειζῑῗάυϊεεξειηοῗοίεῗιεριξξέξ</strong></span> 
     </span>
    </p>
   </div>
   <div class='ocr_carea' id='block_1_78' title="bbox 428 5527 1983 5602">
    <p class='ocr_par' dir='ltr' id='par_1_78' title="bbox 428 5527 1983 5602">
     <span class='ocr_line' id='line_1_78' title="bbox 428 5527 1983 5602; baseline 0.001 -21"><span class='ocrx_word' id='word_1_556' title='bbox 428 5533 481 5586; x_wconf 85' lang='lat' dir='ltr'><strong>in</strong></span> <span class='ocrx_word' id='word_1_557' title='bbox 513 5527 1313 5602; x_wconf 51' lang='lat' dir='ltr'><strong>eumdemﬂalinesburiensem</strong></span> <span class='ocrx_word' id='word_1_558' title='bbox 1360 5528 1449 5581; x_wconf 90' lang='lat' dir='ltr'><strong>lib.</strong></span> <span class='ocrx_word' id='word_1_559' title='bbox 1499 5547 1555 5583; x_wconf 92' lang='grc' dir='ltr'><strong>ιιι</strong></span> <span class='ocrx_word' id='word_1_560' title='bbox 1601 5532 1756 5602; x_wconf 87' lang='lat' dir='ltr'><strong>Pont.</strong></span> <span class='ocrx_word' id='word_1_561' title='bbox 1805 5527 1983 5602; x_wconf 64' lang='lat' dir='ltr'><strong>An&#39;gl.,</strong></span> 
     </span>
    </p>
   </div>
   <div class='ocr_carea' id='block_1_79' title="bbox 358 5598 1986 5669">
    <p class='ocr_par' dir='ltr' id='par_1_79' title="bbox 358 5598 1986 5669">
     <span class='ocr_line' id='line_1_79' title="bbox 358 5598 1986 5669; baseline 0 -16"><span class='ocrx_word' id='word_1_562' title='bbox 358 5598 369 5623; x_wconf 79' lang='lat'><strong>‘</strong></span> <span class='ocrx_word' id='word_1_563' title='bbox 428 5616 481 5669; x_wconf 92' lang='lat' dir='ltr'><strong>p.</strong></span> <span class='ocrx_word' id='word_1_564' title='bbox 528 5600 652 5665; x_wconf 69' lang='lat'><strong>269,</strong></span> <span class='ocrx_word' id='word_1_565' title='bbox 695 5598 1035 5669; x_wconf 13' lang='lat' dir='ltr'><strong>ubiromisso</strong></span> <span class='ocrx_word' id='word_1_566' title='bbox 1070 5599 1282 5667; x_wconf 81' lang='lat' dir='ltr'><strong>Egberti</strong></span> <span class='ocrx_word' id='word_1_567' title='bbox 1332 5613 1637 5669; x_wconf 76' lang='lat' dir='ltr'><strong>successore</strong></span> <span class='ocrx_word' id='word_1_568' title='bbox 1682 5598 1986 5655; x_wconf 43' lang='lat' dir='ltr'><strong>Ethelhevrm</strong></span> 
     </span>
    </p>
   </div>
   <div class='ocr_carea' id='block_1_80' title="bbox 430 5667 1980 5733">
    <p class='ocr_par' dir='ltr' id='par_1_80' title="bbox 430 5667 1980 5733">
     <span class='ocr_line' id='line_1_80' title="bbox 430 5667 1980 5733; baseline -0.001 -9"><span class='ocrx_word' id='word_1_569' title='bbox 430 5667 652 5733; x_wconf 80' lang='lat' dir='ltr'><strong>uterque</strong></span> <span class='ocrx_word' id='word_1_570' title='bbox 691 5667 989 5725; x_wconf 78' lang='lat' dir='ltr'><strong>Eanbaldus</strong></span> <span class='ocrx_word' id='word_1_571' title='bbox 1027 5668 1082 5723; x_wconf 87' lang='lat' dir='ltr'><strong>in</strong></span> <span class='ocrx_word' id='word_1_572' title='bbox 1121 5684 1283 5723; x_wconf 89' lang='lat' dir='ltr'><strong>unum</strong></span> <span class='ocrx_word' id='word_1_573' title='bbox 1324 5667 1599 5732; x_wconf 82' lang='lat' dir='ltr'><strong>conﬂatur.</strong></span> <span class='ocrx_word' id='word_1_574' title='bbox 1641 5672 1723 5727; x_wconf 84' lang='lat' dir='ltr'><strong>liis</strong></span> <span class='ocrx_word' id='word_1_575' title='bbox 1763 5671 1980 5726; x_wconf 85' lang='lat' dir='ltr'><strong>verbis:</strong></span> 
     </span>
    </p>
   </div>
   <div class='ocr_carea' id='block_1_81' title="bbox 2007 4407 2055 4465">
    <p class='ocr_par' dir='ltr' id='par_1_81' title="bbox 2007 4407 2055 4465">
     <span class='ocr_line' id='line_1_81' title="bbox 2007 4407 2055 4465; baseline 0 0"><span class='ocrx_word' id='word_1_576' title='bbox 2007 4407 2055 4465; x_wconf 89' lang='lat' dir='ltr'><strong>D</strong></span> 
     </span>
    </p>
   </div>
   <div class='ocr_carea' id='block_1_82' title="bbox 1399 4909 2034 4977">
    <p class='ocr_par' dir='ltr' id='par_1_82' title="bbox 1399 4909 2034 4977">
     <span class='ocr_line' id='line_1_82' title="bbox 1399 4909 2034 4977; baseline 0.011 -18"><span class='ocrx_word' id='word_1_577' title='bbox 1399 4909 1725 4977; x_wconf 73' lang='lat' dir='ltr'><strong>.Basnagins</strong></span> <span class='ocrx_word' id='word_1_578' title='bbox 1742 4914 1983 4967; x_wconf 89' lang='lat' dir='ltr'><strong>eamdem</strong></span> <span class='ocrx_word' id='word_1_579' title='bbox 2026 4950 2034 4957; x_wconf 67' lang='grc' dir='ltr'><strong>ι</strong></span> 
     </span>
    </p>
   </div>
   <div class='ocr_carea' id='block_1_83' title="bbox 2083 1858 3652 1931">
    <p class='ocr_par' dir='ltr' id='par_1_83' title="bbox 2083 1858 3652 1931">
     <span class='ocr_line' id='line_1_83' title="bbox 2083 1858 3652 1931; baseline -0.002 -16"><span class='ocrx_word' id='word_1_580' title='bbox 2083 1863 2318 1931; x_wconf 85' lang='lat' dir='ltr'><strong>parvitas</strong></span> <span class='ocrx_word' id='word_1_581' title='bbox 2344 1861 2477 1931; x_wconf 78' lang='lat' dir='ltr'><strong>[Al.,</strong></span> <span class='ocrx_word' id='word_1_582' title='bbox 2503 1858 2763 1931; x_wconf 89' lang='lat' dir='ltr'><strong>pravitas]</strong></span> <span class='ocrx_word' id='word_1_583' title='bbox 2809 1875 3027 1928; x_wconf 91' lang='lat' dir='ltr'><strong>sperare</strong></span> <span class='ocrx_word' id='word_1_584' title='bbox 3064 1862 3304 1915; x_wconf 89' lang='lat' dir='ltr'><strong>auderet.</strong></span> <span class='ocrx_word' id='word_1_585' title='bbox 3343 1860 3498 1915; x_wconf 76' lang='lat' dir='ltr'><strong>Modo</strong></span> <span class='ocrx_word' id='word_1_586' title='bbox 3523 1877 3652 1913; x_wconf 89' lang='lat' dir='ltr'><strong>vero</strong></span> 
     </span>
    </p>
   </div>
   <div class='ocr_carea' id='block_1_84' title="bbox 2081 1949 3649 2022">
    <p class='ocr_par' dir='ltr' id='par_1_84' title="bbox 2081 1949 3649 2022">
     <span class='ocr_line' id='line_1_84' title="bbox 2081 1949 3649 2022; baseline -0.001 -17"><span class='ocrx_word' id='word_1_587' title='bbox 2081 1952 2309 2005; x_wconf 81' lang='lat' dir='ltr'><strong>viriliter</strong></span> <span class='ocrx_word' id='word_1_588' title='bbox 2342 1950 2428 2005; x_wconf 91' lang='lat' dir='ltr'><strong>fac</strong></span> <span class='ocrx_word' id='word_1_589' title='bbox 2452 1959 2505 2005; x_wconf 91' lang='lat' dir='ltr'><strong>et</strong></span> <span class='ocrx_word' id='word_1_590' title='bbox 2544 1950 2772 2005; x_wconf 80' lang='lat' dir='ltr'><strong>fortiter.</strong></span> <span class='ocrx_word' id='word_1_591' title='bbox 2803 1949 2949 2019; x_wconf 89' lang='lat' dir='ltr'><strong>Opus</strong></span> <span class='ocrx_word' id='word_1_592' title='bbox 2972 1951 3183 2005; x_wconf 91' lang='lat' dir='ltr'><strong>Domini</strong></span> <span class='ocrx_word' id='word_1_593' title='bbox 3229 1953 3371 2022; x_wconf 90' lang='lat' dir='ltr'><strong>quod</strong></span> <span class='ocrx_word' id='word_1_594' title='bbox 3400 1953 3569 2021; x_wconf 86' lang='lat' dir='ltr'><strong>babes</strong></span> <span class='ocrx_word' id='word_1_595' title='bbox 3594 1952 3649 2005; x_wconf 93' lang='lat' dir='ltr'><strong>in</strong></span> 
     </span>
    </p>
   </div>
   <div class='ocr_carea' id='block_1_85' title="bbox 2083 2040 3648 2110">
    <p class='ocr_par' dir='ltr' id='par_1_85' title="bbox 2083 2040 3648 2110">
     <span class='ocr_line' id='line_1_85' title="bbox 2083 2040 3648 2110; baseline 0 -16"><span class='ocrx_word' id='word_1_596' title='bbox 2083 2041 2328 2095; x_wconf 88' lang='lat' dir='ltr'><strong>manibus</strong></span> <span class='ocrx_word' id='word_1_597' title='bbox 2355 2040 2552 2110; x_wconf 80' lang='lat' dir='ltr'><strong>perﬁce</strong></span> <span class='ocrx_word' id='word_1_598' title='bbox 2579 2040 2646 2093; x_wconf 90' lang='lat' dir='ltr'><strong>ad</strong></span> <span class='ocrx_word' id='word_1_599' title='bbox 2689 2040 2991 2093; x_wconf 88' lang='lat' dir='ltr'><strong>mercedem</strong></span> <span class='ocrx_word' id='word_1_600' title='bbox 3046 2040 3239 2094; x_wconf 79' lang='lat' dir='ltr'><strong>anima:</strong></span> <span class='ocrx_word' id='word_1_601' title='bbox 3270 2048 3469 2094; x_wconf 68' lang='lat' dir='ltr'><strong>nostra:</strong></span> <span class='ocrx_word' id='word_1_602' title='bbox 3493 2048 3548 2094; x_wconf 92' lang='lat' dir='ltr'><strong>et</strong></span> <span class='ocrx_word' id='word_1_603' title='bbox 3580 2040 3648 2093; x_wconf 89' lang='lat' dir='ltr'><strong>ad</strong></span> 
     </span>
    </p>
   </div>
   <div class='ocr_carea' id='block_1_86' title="bbox 2084 2127 3650 2197">
    <p class='ocr_par' dir='ltr' id='par_1_86' title="bbox 2084 2127 3650 2197">
     <span class='ocr_line' id='line_1_86' title="bbox 2084 2127 3650 2197; baseline -0.003 -14"><span class='ocrx_word' id='word_1_604' title='bbox 2084 2128 2309 2183; x_wconf 87' lang='lat' dir='ltr'><strong>salutem</strong></span> <span class='ocrx_word' id='word_1_605' title='bbox 2336 2128 2625 2183; x_wconf 87' lang='lat' dir='ltr'><strong>multarum</strong></span> <span class='ocrx_word' id='word_1_606' title='bbox 2652 2127 2975 2181; x_wconf 90' lang='lat' dir='ltr'><strong>animarum.</strong></span> <span class='ocrx_word' id='word_1_607' title='bbox 3010 2127 3128 2182; x_wconf 85' lang='lat' dir='ltr'><strong>Non</strong></span> <span class='ocrx_word' id='word_1_608' title='bbox 3160 2136 3335 2183; x_wconf 89' lang='lat' dir='ltr'><strong>cesset</strong></span> <span class='ocrx_word' id='word_1_609' title='bbox 3358 2129 3537 2197; x_wconf 87' lang='lat' dir='ltr'><strong>lingua</strong></span> <span class='ocrx_word' id='word_1_610' title='bbox 3560 2137 3650 2181; x_wconf 88' lang='lat' dir='ltr'><strong>tua</strong></span> 
     </span>
    </p>
   </div>
   <div class='ocr_carea' id='block_1_87' title="bbox 2085 2206 3725 2294">
    <p class='ocr_par' dir='ltr' id='par_1_87' title="bbox 2085 2206 3725 2294">
     <span class='ocr_line' id='line_1_87' title="bbox 2085 2206 3725 2294; baseline -0.005 -14"><span class='ocrx_word' id='word_1_611' title='bbox 2085 2226 2139 2280; x_wconf 91' lang='lat' dir='ltr'><strong>in</strong></span> <span class='ocrx_word' id='word_1_612' title='bbox 2167 2206 2528 2294; x_wconf 64' lang='lat' dir='ltr'><strong>praedicando,</strong></span> <span class='ocrx_word' id='word_1_613' title='bbox 2580 2238 2685 2276; x_wconf 92' lang='lat' dir='ltr'><strong>non</strong></span> <span class='ocrx_word' id='word_1_614' title='bbox 2714 2236 2808 2291; x_wconf 91' lang='lat' dir='ltr'><strong>pes</strong></span> <span class='ocrx_word' id='word_1_615' title='bbox 2831 2229 2954 2275; x_wconf 90' lang='lat' dir='ltr'><strong>tuus</strong></span> <span class='ocrx_word' id='word_1_616' title='bbox 2979 2221 3032 2274; x_wconf 92' lang='lat' dir='ltr'><strong>in</strong></span> <span class='ocrx_word' id='word_1_617' title='bbox 3081 2222 3407 2275; x_wconf 85' lang='lat' dir='ltr'><strong>circueundo</strong></span> <span class='ocrx_word' id='word_1_618' title='bbox 3433 2234 3648 2290; x_wconf 83' lang='lat' dir='ltr'><strong>gregem</strong></span> <span class='ocrx_word' id='word_1_619' title='bbox 3719 2272 3725 2280; x_wconf 72' lang='grc'><strong><em>,</em></strong></span> 
     </span>
    </p>
   </div>
   <div class='ocr_carea' id='block_1_88' title="bbox 2086 2307 3653 2377">
    <p class='ocr_par' dir='ltr' id='par_1_88' title="bbox 2086 2307 3653 2377">
     <span class='ocr_line' id='line_1_88' title="bbox 2086 2307 3653 2377; baseline -0.005 -9"><span class='ocrx_word' id='word_1_620' title='bbox 2086 2315 2181 2369; x_wconf 92' lang='lat' dir='ltr'><strong>tibi</strong></span> <span class='ocrx_word' id='word_1_621' title='bbox 2201 2312 2568 2377; x_wconf 89' lang='lat' dir='ltr'><strong>commissum,</strong></span> <span class='ocrx_word' id='word_1_622' title='bbox 2592 2326 2697 2365; x_wconf 91' lang='lat' dir='ltr'><strong>nou</strong></span> <span class='ocrx_word' id='word_1_623' title='bbox 2720 2324 2912 2364; x_wconf 88' lang='lat' dir='ltr'><strong>manus</strong></span> <span class='ocrx_word' id='word_1_624' title='bbox 2940 2317 3032 2362; x_wconf 88' lang='lat' dir='ltr'><strong>tua</strong></span> <span class='ocrx_word' id='word_1_625' title='bbox 3062 2324 3091 2362; x_wconf 93' lang='lat' dir='ltr'><strong>a</strong></span> <span class='ocrx_word' id='word_1_626' title='bbox 3117 2308 3432 2377; x_wconf 84' lang='lat' dir='ltr'><strong>laborando,</strong></span> <span class='ocrx_word' id='word_1_627' title='bbox 3462 2314 3520 2360; x_wconf 93' lang='lat' dir='ltr'><strong>ut</strong></span> <span class='ocrx_word' id='word_1_628' title='bbox 3544 2307 3653 2360; x_wconf 83' lang='lat' dir='ltr'><strong>ele-</strong></span> 
     </span>
    </p>
   </div>
   <div class='ocr_carea' id='block_1_89' title="bbox 2084 2396 3653 2473">
    <p class='ocr_par' dir='ltr' id='par_1_89' title="bbox 2084 2396 3653 2473">
     <span class='ocr_line' id='line_1_89' title="bbox 2084 2396 3653 2473; baseline -0.007 -15"><span class='ocrx_word' id='word_1_629' title='bbox 2084 2417 2353 2473; x_wconf 67' lang='lat' dir='ltr'><strong>emosyna:</strong></span> <span class='ocrx_word' id='word_1_630' title='bbox 2383 2402 2534 2465; x_wconf 83' lang='lat' dir='ltr'><strong>fiant,</strong></span> <span class='ocrx_word' id='word_1_631' title='bbox 2574 2410 2628 2455; x_wconf 93' lang='lat' dir='ltr'><strong>et</strong></span> <span class='ocrx_word' id='word_1_632' title='bbox 2656 2408 2839 2454; x_wconf 89' lang='lat' dir='ltr'><strong>sancta</strong></span> <span class='ocrx_word' id='word_1_633' title='bbox 2892 2399 2987 2453; x_wconf 90' lang='lat' dir='ltr'><strong>Dei</strong></span> <span class='ocrx_word' id='word_1_634' title='bbox 3031 2398 3230 2466; x_wconf 86' lang='lat' dir='ltr'><strong>ubique</strong></span> <span class='ocrx_word' id='word_1_635' title='bbox 3264 2396 3531 2451; x_wconf 77' lang='lat' dir='ltr'><strong>exaltetur</strong></span> <span class='ocrx_word' id='word_1_636' title='bbox 3555 2396 3653 2449; x_wconf 89' lang='lat' dir='ltr'><strong>Ec-</strong></span> 
     </span>
    </p>
   </div>
   <div class='ocr_carea' id='block_1_90' title="bbox 2085 2485 3651 2549">
    <p class='ocr_par' dir='ltr' id='par_1_90' title="bbox 2085 2485 3651 2549">
     <span class='ocr_line' id='line_1_90' title="bbox 2085 2485 3651 2549; baseline -0.007 0"><span class='ocrx_word' id='word_1_637' title='bbox 2085 2494 2267 2549; x_wconf 87' lang='lat' dir='ltr'><strong>clesia.</strong></span> <span class='ocrx_word' id='word_1_638' title='bbox 2310 2492 2437 2547; x_wconf 87' lang='lat' dir='ltr'><strong>Esto</strong></span> <span class='ocrx_word' id='word_1_639' title='bbox 2476 2490 2644 2544; x_wconf 87' lang='lat' dir='ltr'><strong>forma</strong></span> <span class='ocrx_word' id='word_1_640' title='bbox 2692 2490 2883 2543; x_wconf 89' lang='lat' dir='ltr'><strong>salutis</strong></span> <span class='ocrx_word' id='word_1_641' title='bbox 2905 2488 3166 2542; x_wconf 91' lang='lat' dir='ltr'><strong>omnium.</strong></span> <span class='ocrx_word' id='word_1_642' title='bbox 3203 2486 3261 2541; x_wconf 86' lang='lat' dir='ltr'><strong>In</strong></span> <span class='ocrx_word' id='word_1_643' title='bbox 3290 2494 3343 2540; x_wconf 89' lang='lat' dir='ltr'><strong>te</strong></span> <span class='ocrx_word' id='word_1_644' title='bbox 3370 2485 3439 2540; x_wconf 93' lang='lat' dir='ltr'><strong>sit</strong></span> <span class='ocrx_word' id='word_1_645' title='bbox 3468 2501 3651 2540; x_wconf 81' lang='lat' dir='ltr'><strong>exem—</strong></span> 
     </span>
    </p>
   </div>
   <div class='ocr_carea' id='block_1_91' title="bbox 2084 2573 3643 2651">
    <p class='ocr_par' dir='ltr' id='par_1_91' title="bbox 2084 2573 3643 2651">
     <span class='ocr_line' id='line_1_91' title="bbox 2084 2573 3643 2651; baseline -0.008 -15"><span class='ocrx_word' id='word_1_646' title='bbox 2084 2584 2229 2651; x_wconf 90' lang='lat' dir='ltr'><strong>plum</strong></span> <span class='ocrx_word' id='word_1_647' title='bbox 2276 2579 2700 2635; x_wconf 88' lang='lat' dir='ltr'><strong>conversationis</strong></span> <span class='ocrx_word' id='word_1_648' title='bbox 2746 2577 3100 2633; x_wconf 76' lang='lat' dir='ltr'><strong>sanctissimae</strong></span> <span class='ocrx_word' id='word_1_649' title='bbox 3134 2575 3186 2647; x_wconf 87' lang='lat' dir='ltr'><strong>(I</strong></span> <span class='ocrx_word' id='word_1_650' title='bbox 3220 2573 3453 2628; x_wconf 74' lang='lat' dir='ltr'><strong>Thcssal.</strong></span> <span class='ocrx_word' id='word_1_651' title='bbox 3493 2591 3531 2636; x_wconf 89' lang='grc' dir='ltr'>ι,</span> <span class='ocrx_word' id='word_1_652' title='bbox 3564 2574 3643 2641; x_wconf 88' lang='lat'><strong>7),</strong></span> 
     </span>
    </p>
   </div>
   <div class='ocr_carea' id='block_1_92' title="bbox 2086 2662 3647 2727">
    <p class='ocr_par' dir='ltr' id='par_1_92' title="bbox 2086 2662 3647 2727">
     <span class='ocr_line' id='line_1_92' title="bbox 2086 2662 3647 2727; baseline -0.004 -4"><span class='ocrx_word' id='word_1_653' title='bbox 2086 2672 2138 2723; x_wconf 92' lang='lat' dir='ltr'><strong>in</strong></span> <span class='ocrx_word' id='word_1_654' title='bbox 2167 2680 2218 2724; x_wconf 93' lang='lat' dir='ltr'><strong>te</strong></span> <span class='ocrx_word' id='word_1_655' title='bbox 2246 2672 2315 2724; x_wconf 82' lang='lat' dir='ltr'><strong>sit</strong></span> <span class='ocrx_word' id='word_1_656' title='bbox 2342 2670 2589 2722; x_wconf 89' lang='lat' dir='ltr'><strong>solatium</strong></span> <span class='ocrx_word' id='word_1_657' title='bbox 2627 2668 2963 2727; x_wconf 90' lang='lat' dir='ltr'><strong>miserorum,</strong></span> <span class='ocrx_word' id='word_1_658' title='bbox 2992 2668 3044 2720; x_wconf 90' lang='lat' dir='ltr'><strong>in</strong></span> <span class='ocrx_word' id='word_1_659' title='bbox 3068 2675 3121 2720; x_wconf 92' lang='lat' dir='ltr'><strong>te</strong></span> <span class='ocrx_word' id='word_1_660' title='bbox 3146 2664 3468 2720; x_wconf 85' lang='lat' dir='ltr'><strong>confortatio</strong></span> <span class='ocrx_word' id='word_1_661' title='bbox 3490 2662 3647 2717; x_wconf 77' lang='lat' dir='ltr'><strong>dnLi-</strong></span> 
     </span>
    </p>
   </div>
   <div class='ocr_carea' id='block_1_93' title="bbox 2086 2751 3650 2827">
    <p class='ocr_par' dir='ltr' id='par_1_93' title="bbox 2086 2751 3650 2827">
     <span class='ocr_line' id='line_1_93' title="bbox 2086 2751 3650 2827; baseline -0.005 -18"><span class='ocrx_word' id='word_1_662' title='bbox 2086 2757 2335 2819; x_wconf 88' lang='lat' dir='ltr'><strong>tantium,</strong></span> <span class='ocrx_word' id='word_1_663' title='bbox 2375 2755 2427 2807; x_wconf 91' lang='lat' dir='ltr'><strong>in</strong></span> <span class='ocrx_word' id='word_1_664' title='bbox 2454 2761 2507 2807; x_wconf 87' lang='lat' dir='ltr'><strong>te</strong></span> <span class='ocrx_word' id='word_1_665' title='bbox 2531 2753 2823 2822; x_wconf 68' lang='lat' dir='ltr'><strong>disciplina:</strong></span> <span class='ocrx_word' id='word_1_666' title='bbox 2844 2758 3006 2821; x_wconf 89' lang='lat' dir='ltr'><strong>rigor.</strong></span> <span class='ocrx_word' id='word_1_667' title='bbox 3026 2826 3029 2827; x_wconf 13' lang='grc' dir='ltr'><em>ν</em></span> <span class='ocrx_word' id='word_1_668' title='bbox 3047 2752 3105 2805; x_wconf 81' lang='lat' dir='ltr'><strong>In</strong></span> <span class='ocrx_word' id='word_1_669' title='bbox 3132 2763 3185 2805; x_wconf 88' lang='lat' dir='ltr'><strong>te</strong></span> <span class='ocrx_word' id='word_1_670' title='bbox 3226 2752 3469 2805; x_wconf 88' lang='lat' dir='ltr'><strong>veritatis</strong></span> <span class='ocrx_word' id='word_1_671' title='bbox 3517 2751 3650 2803; x_wconf 83' lang='lat' dir='ltr'><strong>fidu-</strong></span> 
     </span>
    </p>
   </div>
   <div class='ocr_carea' id='block_1_94' title="bbox 2086 2842 3647 2912">
    <p class='ocr_par' dir='ltr' id='par_1_94' title="bbox 2086 2842 3647 2912">
     <span class='ocr_line' id='line_1_94' title="bbox 2086 2842 3647 2912; baseline -0.005 -11"><span class='ocrx_word' id='word_1_672' title='bbox 2086 2848 2189 2911; x_wconf 84' lang='lat' dir='ltr'><strong>cia,</strong></span> <span class='ocrx_word' id='word_1_673' title='bbox 2230 2846 2283 2899; x_wconf 92' lang='lat' dir='ltr'><strong>in</strong></span> <span class='ocrx_word' id='word_1_674' title='bbox 2314 2856 2365 2899; x_wconf 89' lang='lat' dir='ltr'><strong>te</strong></span> <span class='ocrx_word' id='word_1_675' title='bbox 2395 2846 2559 2900; x_wconf 89' lang='lat' dir='ltr'><strong>totius</strong></span> <span class='ocrx_word' id='word_1_676' title='bbox 2608 2844 2862 2898; x_wconf 89' lang='lat' dir='ltr'><strong>bonitatis</strong></span> <span class='ocrx_word' id='word_1_677' title='bbox 2886 2858 3027 2912; x_wconf 87' lang='lat' dir='ltr'><strong>spes.</strong></span> <span class='ocrx_word' id='word_1_678' title='bbox 3070 2842 3184 2896; x_wconf 88' lang='lat' dir='ltr'><strong>Non</strong></span> <span class='ocrx_word' id='word_1_679' title='bbox 3212 2850 3264 2896; x_wconf 90' lang='lat' dir='ltr'><strong>te</strong></span> <span class='ocrx_word' id='word_1_680' title='bbox 3290 2842 3468 2896; x_wconf 65' lang='lat' dir='ltr'><strong>smeuli</strong></span> <span class='ocrx_word' id='word_1_681' title='bbox 3494 2856 3647 2909; x_wconf 88' lang='lat' dir='ltr'><strong>pom-</strong></span> 
     </span>
    </p>
   </div>
   <div class='ocr_carea' id='block_1_95' title="bbox 2086 2931 3652 3005">
    <p class='ocr_par' dir='ltr' id='par_1_95' title="bbox 2086 2931 3652 3005">
     <span class='ocr_line' id='line_1_95' title="bbox 2086 2931 3652 3005; baseline -0.005 -14"><span class='ocrx_word' id='word_1_682' title='bbox 2086 2953 2154 3005; x_wconf 90' lang='lat' dir='ltr'><strong>pa</strong></span> <span class='ocrx_word' id='word_1_683' title='bbox 2181 2932 2401 2999; x_wconf 76' lang='lat' dir='ltr'><strong>exaltet,</strong></span> <span class='ocrx_word' id='word_1_684' title='bbox 2429 2950 2535 2991; x_wconf 92' lang='lat' dir='ltr'><strong>non</strong></span> <span class='ocrx_word' id='word_1_685' title='bbox 2562 2934 2803 2988; x_wconf 90' lang='lat' dir='ltr'><strong>ciborum</strong></span> <span class='ocrx_word' id='word_1_686' title='bbox 2846 2933 3019 2987; x_wconf 76' lang='lat' dir='ltr'><strong>luxus</strong></span> <span class='ocrx_word' id='word_1_687' title='bbox 3066 2939 3305 2995; x_wconf 82' lang='lat' dir='ltr'><strong>enervet,</strong></span> <span class='ocrx_word' id='word_1_688' title='bbox 3360 2946 3464 2984; x_wconf 91' lang='lat' dir='ltr'><strong>non</strong></span> <span class='ocrx_word' id='word_1_689' title='bbox 3489 2931 3652 2984; x_wconf 85' lang='lat' dir='ltr'><strong>vcsti-</strong></span> 
     </span>
    </p>
   </div>
   <div class='ocr_carea' id='block_1_96' title="bbox 2091 3018 3707 3103">
    <p class='ocr_par' dir='ltr' id='par_1_96' title="bbox 2091 3018 3707 3103">
     <span class='ocr_line' id='line_1_96' title="bbox 2091 3018 3707 3103; baseline -0.002 -26"><span class='ocrx_word' id='word_1_690' title='bbox 2091 3034 2393 3078; x_wconf 89' lang='lat' dir='ltr'><strong>mentorum</strong></span> <span class='ocrx_word' id='word_1_691' title='bbox 2420 3023 2627 3103; x_wconf 74' lang='lat' dir='ltr'><strong>vanitas</strong></span> <span class='ocrx_word' id='word_1_692' title='bbox 2674 3020 2932 3086; x_wconf 90' lang='lat' dir='ltr'><strong>emolliat,</strong></span> <span class='ocrx_word' id='word_1_693' title='bbox 2966 3037 3071 3075; x_wconf 92' lang='lat' dir='ltr'><strong>non</strong></span> <span class='ocrx_word' id='word_1_694' title='bbox 3100 3019 3432 3075; x_wconf 88' lang='lat' dir='ltr'><strong>adulantium</strong></span> <span class='ocrx_word' id='word_1_695' title='bbox 3460 3018 3652 3088; x_wconf 77' lang='lat' dir='ltr'><strong>lingua:</strong></span> <span class='ocrx_word' id='word_1_696' title='bbox 3692 3032 3707 3046; x_wconf 79' lang='lat'><strong>‘</strong></span> 
     </span>
    </p>
   </div>
   <div class='ocr_carea' id='block_1_97' title="bbox 2091 3107 3650 3185">
    <p class='ocr_par' dir='ltr' id='par_1_97' title="bbox 2091 3107 3650 3185">
     <span class='ocr_line' id='line_1_97' title="bbox 2091 3107 3650 3185; baseline -0.004 -18"><span class='ocrx_word' id='word_1_697' title='bbox 2091 3114 2373 3181; x_wconf 86' lang='lat' dir='ltr'><strong>decipiant,</strong></span> <span class='ocrx_word' id='word_1_698' title='bbox 2401 3111 2945 3185; x_wconf 84' lang='lat' dir='ltr'><strong>non\detrahentium</strong></span> <span class='ocrx_word' id='word_1_699' title='bbox 2995 3110 3294 3165; x_wconf 85' lang='lat' dir='ltr'><strong>adversitas</strong></span> <span class='ocrx_word' id='word_1_700' title='bbox 3345 3107 3650 3171; x_wconf 83' lang='lat' dir='ltr'><strong>conturbet,</strong></span> 
     </span>
    </p>
   </div>
   <div class='ocr_carea' id='block_1_98' title="bbox 2090 3198 3655 3273">
    <p class='ocr_par' dir='ltr' id='par_1_98' title="bbox 2090 3198 3655 3273">
     <span class='ocr_line' id='line_1_98' title="bbox 2090 3198 3655 3273; baseline -0.003 -16"><span class='ocrx_word' id='word_1_701' title='bbox 2090 3219 2195 3257; x_wconf 90' lang='lat' dir='ltr'><strong>non</strong></span> <span class='ocrx_word' id='word_1_702' title='bbox 2242 3203 2413 3256; x_wconf 90' lang='lat' dir='ltr'><strong>tristia</strong></span> <span class='ocrx_word' id='word_1_703' title='bbox 2473 3199 2745 3273; x_wconf 86' lang='lat' dir='ltr'><strong>frangant,</strong></span> <span class='ocrx_word' id='word_1_704' title='bbox 2798 3216 2905 3253; x_wconf 91' lang='lat' dir='ltr'><strong>non</strong></span> <span class='ocrx_word' id='word_1_705' title='bbox 2952 3201 3068 3253; x_wconf 74' lang='lat' dir='ltr'><strong>beta</strong></span> <span class='ocrx_word' id='word_1_706' title='bbox 3134 3199 3365 3254; x_wconf 89' lang='lat' dir='ltr'><strong>elevent.</strong></span> <span class='ocrx_word' id='word_1_707' title='bbox 3406 3198 3521 3252; x_wconf 85' lang='lat' dir='ltr'><strong>Non</strong></span> <span class='ocrx_word' id='word_1_708' title='bbox 3579 3200 3655 3253; x_wconf 88' lang='lat' dir='ltr'><strong>sis</strong></span> 
     </span>
    </p>
   </div>
   <div class='ocr_carea' id='block_1_99' title="bbox 2090 3284 3653 3359">
    <p class='ocr_par' dir='ltr' id='par_1_99' title="bbox 2090 3284 3653 3359">
     <span class='ocr_line' id='line_1_99' title="bbox 2090 3284 3653 3359; baseline -0.005 -12"><span class='ocrx_word' id='word_1_709' title='bbox 2090 3293 2298 3347; x_wconf 90' lang='lat' dir='ltr'><strong>arundo</strong></span> <span class='ocrx_word' id='word_1_710' title='bbox 2346 3298 2504 3346; x_wconf 87' lang='lat' dir='ltr'><strong>vento</strong></span> <span class='ocrx_word' id='word_1_711' title='bbox 2544 3288 2743 3359; x_wconf 80' lang='lat' dir='ltr'><strong>agitata</strong></span> <span class='ocrx_word' id='word_1_712' title='bbox 2793 3287 3008 3359; x_wconf 74' lang='lat' dir='ltr'><strong>(Matth.</strong></span> <span class='ocrx_word' id='word_1_713' title='bbox 3036 3287 3198 3357; x_wconf 74' lang='lat' dir='ltr'><strong>x1,7),</strong></span> <span class='ocrx_word' id='word_1_714' title='bbox 3258 3302 3365 3341; x_wconf 87' lang='lat' dir='ltr'><strong>non</strong></span> <span class='ocrx_word' id='word_1_715' title='bbox 3394 3284 3492 3340; x_wconf 80' lang='lat' dir='ltr'><strong>ﬂos</strong></span> <span class='ocrx_word' id='word_1_716' title='bbox 3522 3302 3653 3339; x_wconf 87' lang='lat' dir='ltr'><strong>aura</strong></span> 
     </span>
    </p>
   </div>
   <div class='ocr_carea' id='block_1_100' title="bbox 2091 3374 3656 3451">
    <p class='ocr_par' dir='ltr' id='par_1_100' title="bbox 2091 3374 3656 3451">
     <span class='ocr_line' id='line_1_100' title="bbox 2091 3374 3656 3451; baseline -0.006 -16"><span class='ocrx_word' id='word_1_717' title='bbox 2091 3380 2426 3450; x_wconf 90' lang='lat' dir='ltr'><strong>tempestatis</strong></span> <span class='ocrx_word' id='word_1_718' title='bbox 2453 3378 2733 3451; x_wconf 31' lang='lat' dir='ltr'><strong>decidens,</strong></span> <span class='ocrx_word' id='word_1_719' title='bbox 2754 3376 2961 3448; x_wconf 76' lang='lat' dir='ltr'><strong>(Iacob.</strong></span> <span class='ocrx_word' id='word_1_720' title='bbox 2991 3392 3032 3439; x_wconf 86' lang='grc' dir='ltr'>ι,</span> <span class='ocrx_word' id='word_1_721' title='bbox 3069 3374 3180 3443; x_wconf 80' lang='grc' dir='ltr'><strong>Η),</strong></span> <span class='ocrx_word' id='word_1_722' title='bbox 3211 3390 3316 3430; x_wconf 92' lang='lat' dir='ltr'><strong>non</strong></span> <span class='ocrx_word' id='word_1_723' title='bbox 3344 3374 3524 3444; x_wconf 78' lang='lat' dir='ltr'><strong>paries</strong></span> <span class='ocrx_word' id='word_1_724' title='bbox 3547 3376 3656 3427; x_wconf 85' lang='lat' dir='ltr'><strong>rui-</strong></span> 
     </span>
    </p>
   </div>
   <div class='ocr_carea' id='block_1_101' title="bbox 2090 3464 3659 3537">
    <p class='ocr_par' dir='ltr' id='par_1_101' title="bbox 2090 3464 3659 3537">
     <span class='ocr_line' id='line_1_101' title="bbox 2090 3464 3659 3537; baseline -0.004 -13"><span class='ocrx_word' id='word_1_725' title='bbox 2090 3486 2250 3524; x_wconf 88' lang='lat' dir='ltr'><strong>nosus</strong></span> <span class='ocrx_word' id='word_1_726' title='bbox 2286 3468 2454 3537; x_wconf 71' lang='grc' dir='ltr'><strong>(Ρεαι.</strong></span> <span class='ocrx_word' id='word_1_727' title='bbox 2485 3482 2593 3529; x_wconf 76' lang='grc' dir='ltr'>ιιι,</span> <span class='ocrx_word' id='word_1_728' title='bbox 2619 3466 2696 3535; x_wconf 74' lang='grc'><strong>4),</strong></span> <span class='ocrx_word' id='word_1_729' title='bbox 2742 3464 2848 3537; x_wconf 75' lang='lat' dir='ltr'><strong>bon</strong></span> <span class='ocrx_word' id='word_1_730' title='bbox 2900 3466 3090 3521; x_wconf 89' lang='lat' dir='ltr'><strong>domus</strong></span> <span class='ocrx_word' id='word_1_731' title='bbox 3118 3481 3279 3533; x_wconf 91' lang='lat' dir='ltr'><strong>super</strong></span> <span class='ocrx_word' id='word_1_732' title='bbox 3314 3481 3529 3519; x_wconf 89' lang='lat' dir='ltr'><strong>arenam</strong></span> <span class='ocrx_word' id='word_1_733' title='bbox 3563 3480 3659 3533; x_wconf 86' lang='lat' dir='ltr'><strong>po-</strong></span> 
     </span>
    </p>
   </div>
   <div class='ocr_carea' id='block_1_102' title="bbox 2087 3526 3655 3628">
    <p class='ocr_par' dir='ltr' id='par_1_102' title="bbox 2087 3526 3655 3628">
     <span class='ocr_line' id='line_1_102' title="bbox 2087 3526 3655 3628; baseline -0.004 -17"><span class='ocrx_word' id='word_1_734' title='bbox 2087 3557 2189 3611; x_wconf 88' lang='lat' dir='ltr'><strong>sita</strong></span> <span class='ocrx_word' id='word_1_735' title='bbox 2220 3526 2530 3628; x_wconf 52' lang='lat' dir='ltr'><strong>(Hau/mn,</strong></span> <span class='ocrx_word' id='word_1_736' title='bbox 2581 3526 2821 3621; x_wconf 31' lang='lat'><strong>941,26),</strong></span> <span class='ocrx_word' id='word_1_737' title='bbox 2842 3554 2938 3627; x_wconf 87' lang='lat' dir='ltr'><strong>sed</strong></span> <span class='ocrx_word' id='word_1_738' title='bbox 2988 3526 3242 3621; x_wconf 64' lang='lat' dir='ltr'><strong>templum</strong></span> <span class='ocrx_word' id='word_1_739' title='bbox 3280 3561 3398 3607; x_wconf 89' lang='lat' dir='ltr'><strong>esto</strong></span> <span class='ocrx_word' id='word_1_740' title='bbox 3428 3552 3520 3607; x_wconf 89' lang='lat' dir='ltr'><strong>Dei</strong></span> <span class='ocrx_word' id='word_1_741' title='bbox 3548 3526 3655 3605; x_wconf 80' lang='lat' dir='ltr'><strong>vivi</strong></span> 
     </span>
    </p>
   </div>
   <div class='ocr_carea' id='block_1_103' title="bbox 2087 3630 3657 3713">
    <p class='ocr_par' dir='ltr' id='par_1_103' title="bbox 2087 3630 3657 3713">
     <span class='ocr_line' id='line_1_103' title="bbox 2087 3630 3657 3713; baseline -0.002 -14"><span class='ocrx_word' id='word_1_742' title='bbox 2087 3660 2247 3713; x_wconf 86' lang='lat' dir='ltr'><strong>super</strong></span> <span class='ocrx_word' id='word_1_743' title='bbox 2266 3644 2474 3698; x_wconf 82' lang='lat' dir='ltr'><strong>firmam</strong></span> <span class='ocrx_word' id='word_1_744' title='bbox 2535 3650 2746 3711; x_wconf 91' lang='lat' dir='ltr'><strong>petram</strong></span> <span class='ocrx_word' id='word_1_745' title='bbox 2804 3630 3192 3704; x_wconf 56' lang='lat' dir='ltr'><strong>constructum,</strong></span> <span class='ocrx_word' id='word_1_746' title='bbox 3252 3640 3404 3707; x_wconf 86' lang='lat' dir='ltr'><strong>cujus</strong></span> <span class='ocrx_word' id='word_1_747' title='bbox 3436 3643 3549 3709; x_wconf 92' lang='lat' dir='ltr'><strong>ipse</strong></span> <span class='ocrx_word' id='word_1_748' title='bbox 3584 3644 3657 3696; x_wconf 91' lang='lat' dir='ltr'><strong>sit</strong></span> 
     </span>
    </p>
   </div>
   <div class='ocr_carea' id='block_1_104' title="bbox 2088 3732 3657 3805">
    <p class='ocr_par' dir='ltr' id='par_1_104' title="bbox 2088 3732 3657 3805">
     <span class='ocr_line' id='line_1_104' title="bbox 2088 3732 3657 3805; baseline -0.002 -15"><span class='ocrx_word' id='word_1_749' title='bbox 2088 3736 2321 3805; x_wconf 90' lang='lat' dir='ltr'><strong>Spiritus</strong></span> <span class='ocrx_word' id='word_1_750' title='bbox 2367 3734 2683 3804; x_wconf 82' lang='lat' dir='ltr'><strong>Paraclytus</strong></span> <span class='ocrx_word' id='word_1_751' title='bbox 2726 3732 3071 3787; x_wconf 89' lang='lat' dir='ltr'><strong>inhabilator.</strong></span> <span class='ocrx_word' id='word_1_752' title='bbox 3113 3732 3310 3798; x_wconf 86' lang='lat' dir='ltr'><strong>Quanti</strong></span> <span class='ocrx_word' id='word_1_753' title='bbox 3350 3740 3505 3801; x_wconf 89' lang='lat' dir='ltr'><strong>putas</strong></span> <span class='ocrx_word' id='word_1_754' title='bbox 3534 3748 3657 3800; x_wconf 83' lang='lat' dir='ltr'><strong>pos-</strong></span> 
     </span>
    </p>
   </div>
   <div class='ocr_carea' id='block_1_105' title="bbox 2086 3824 3644 3895">
    <p class='ocr_par' dir='ltr' id='par_1_105' title="bbox 2086 3824 3644 3895">
     <span class='ocr_line' id='line_1_105' title="bbox 2086 3824 3644 3895; baseline -0.003 -14"><span class='ocrx_word' id='word_1_755' title='bbox 2086 3835 2213 3881; x_wconf 89' lang='lat' dir='ltr'><strong>sunt</strong></span> <span class='ocrx_word' id='word_1_756' title='bbox 2234 3839 2354 3882; x_wconf 86' lang='lat' dir='ltr'><strong>esse</strong></span> <span class='ocrx_word' id='word_1_757' title='bbox 2394 3828 2488 3881; x_wconf 91' lang='lat' dir='ltr'><strong>tibi</strong></span> <span class='ocrx_word' id='word_1_758' title='bbox 2518 3826 2678 3880; x_wconf 85' lang='lat' dir='ltr'><strong>dies?</strong></span> <span class='ocrx_word' id='word_1_759' title='bbox 2705 3824 2872 3895; x_wconf 84' lang='lat' dir='ltr'><strong>Finge</strong></span> <span class='ocrx_word' id='word_1_760' title='bbox 2902 3826 2955 3879; x_wconf 92' lang='lat' dir='ltr'><strong>in</strong></span> <span class='ocrx_word' id='word_1_761' title='bbox 3002 3825 3181 3879; x_wconf 88' lang='lat' dir='ltr'><strong>animo</strong></span> <span class='ocrx_word' id='word_1_762' title='bbox 3207 3825 3359 3894; x_wconf 86' lang='lat' dir='ltr'><strong>quasi</strong></span> <span class='ocrx_word' id='word_1_763' title='bbox 3391 3824 3644 3893; x_wconf 88' lang='lat' dir='ltr'><strong>quinqua-</strong></span> 
     </span>
    </p>
   </div>
   <div class='ocr_carea' id='block_1_106' title="bbox 2084 3917 3656 3989">
    <p class='ocr_par' dir='ltr' id='par_1_106' title="bbox 2084 3917 3656 3989">
     <span class='ocr_line' id='line_1_106' title="bbox 2084 3917 3656 3989; baseline 0.001 -18"><span class='ocrx_word' id='word_1_764' title='bbox 2084 3920 2227 3987; x_wconf 82' lang='lat' dir='ltr'><strong>ginta</strong></span> <span class='ocrx_word' id='word_1_765' title='bbox 2258 3931 2427 3973; x_wconf 83' lang='lat' dir='ltr'><strong>annos</strong></span> <span class='ocrx_word' id='word_1_766' title='bbox 2458 3936 2471 3971; x_wconf 87' lang='lat'><strong>:</strong></span> <span class='ocrx_word' id='word_1_767' title='bbox 2507 3927 2561 3972; x_wconf 92' lang='lat' dir='ltr'><strong>et</strong></span> <span class='ocrx_word' id='word_1_768' title='bbox 2585 3934 2710 3973; x_wconf 89' lang='lat' dir='ltr'><strong>ecce</strong></span> <span class='ocrx_word' id='word_1_769' title='bbox 2738 3918 2850 3972; x_wconf 61' lang='lat' dir='ltr'><strong>haec</strong></span> <span class='ocrx_word' id='word_1_770' title='bbox 2881 3917 3043 3971; x_wconf 79' lang='lat' dir='ltr'><strong>linem</strong></span> <span class='ocrx_word' id='word_1_771' title='bbox 3070 3918 3287 3989; x_wconf 82' lang='lat' dir='ltr'><strong>habent.</strong></span> <span class='ocrx_word' id='word_1_772' title='bbox 3324 3918 3433 3973; x_wconf 89' lang='lat' dir='ltr'><strong>Nec</strong></span> <span class='ocrx_word' id='word_1_773' title='bbox 3460 3918 3524 3972; x_wconf 93' lang='lat' dir='ltr'><strong>ad</strong></span> <span class='ocrx_word' id='word_1_774' title='bbox 3551 3920 3656 3973; x_wconf 88' lang='lat' dir='ltr'><strong>hoc</strong></span> 
     </span>
    </p>
   </div>
   <div class='ocr_carea' id='block_1_107' title="bbox 2082 3998 3657 4078">
    <p class='ocr_par' dir='ltr' id='par_1_107' title="bbox 2082 3998 3657 4078">
     <span class='ocr_line' id='line_1_107' title="bbox 2082 3998 3657 4078; baseline -0.001 -14"><span class='ocrx_word' id='word_1_775' title='bbox 2082 4010 2364 4077; x_wconf 83' lang='lat' dir='ltr'><strong>pervenire</strong></span> <span class='ocrx_word' id='word_1_776' title='bbox 2403 4008 2697 4078; x_wconf 90' lang='lat' dir='ltr'><strong>putandum</strong></span> <span class='ocrx_word' id='word_1_777' title='bbox 2746 4014 2846 4063; x_wconf 83' lang='lat' dir='ltr'><strong>est.</strong></span> <span class='ocrx_word' id='word_1_778' title='bbox 2885 3998 3177 4062; x_wconf 64' lang='lat' dir='ltr'><strong>Inﬁrmita‘s</strong></span> <span class='ocrx_word' id='word_1_779' title='bbox 3218 4009 3462 4078; x_wconf 90' lang='lat' dir='ltr'><strong>corporis</strong></span> <span class='ocrx_word' id='word_1_780' title='bbox 3499 4009 3576 4062; x_wconf 91' lang='lat' dir='ltr'><strong>tui</strong></span> <span class='ocrx_word' id='word_1_781' title='bbox 3606 4018 3657 4063; x_wconf 87' lang='lat' dir='ltr'><strong>te</strong></span> 
     </span>
    </p>
   </div>
   <div class='ocr_carea' id='block_1_108' title="bbox 2087 4154 3655 4223">
    <p class='ocr_par' dir='ltr' id='par_1_108' title="bbox 2087 4154 3655 4223">
     <span class='ocr_line' id='line_1_108' title="bbox 2087 4154 3655 4223; baseline 0.001 -18"><span class='ocrx_word' id='word_1_782' title='bbox 2087 4175 2105 4205; x_wconf 88' lang='grc'><em>‹</em></span> <span class='ocrx_word' id='word_1_783' title='bbox 2142 4154 2310 4221; x_wconf 81' lang='lat' dir='ltr'><strong>Hujus</strong></span> <span class='ocrx_word' id='word_1_784' title='bbox 2344 4168 2534 4222; x_wconf 84' lang='lat' dir='ltr'><strong>nempe</strong></span> <span class='ocrx_word' id='word_1_785' title='bbox 2571 4154 2788 4223; x_wconf 84' lang='lat' dir='ltr'><strong>Egberti</strong></span> <span class='ocrx_word' id='word_1_786' title='bbox 2825 4169 3105 4208; x_wconf 89' lang='lat' dir='ltr'><strong>successor</strong></span> <span class='ocrx_word' id='word_1_787' title='bbox 3138 4169 3297 4209; x_wconf 80' lang='lat' dir='ltr'><strong>senex</strong></span> <span class='ocrx_word' id='word_1_788' title='bbox 3337 4156 3655 4209; x_wconf 86' lang='lat' dir='ltr'><strong>substitutus</strong></span> 
     </span>
    </p>
   </div>
   <div class='ocr_carea' id='block_1_109' title="bbox 2081 4223 3654 4303">
    <p class='ocr_par' dir='ltr' id='par_1_109' title="bbox 2081 4223 3654 4303">
     <span class='ocr_line' id='line_1_109' title="bbox 2081 4223 3654 4303; baseline -0.003 -24"><span class='ocrx_word' id='word_1_789' title='bbox 2081 4234 2164 4303; x_wconf 79' lang='lat' dir='ltr'><strong>est</strong></span> <span class='ocrx_word' id='word_1_790' title='bbox 2200 4224 2500 4303; x_wconf 77' lang='lat' dir='ltr'><strong>Eanbaldus</strong></span> <span class='ocrx_word' id='word_1_791' title='bbox 2536 4223 2749 4303; x_wconf 11' lang='lat' dir='ltr'><strong>Alcugini</strong></span> <span class='ocrx_word' id='word_1_792' title='bbox 2778 4224 3069 4303; x_wconf 62' lang='lat' dir='ltr'><strong>discipulus</strong></span> <span class='ocrx_word' id='word_1_793' title='bbox 3108 4223 3427 4303; x_wconf 72' lang='lat' dir='ltr'><strong>industrius.</strong></span> <span class='ocrx_word' id='word_1_794' title='bbox 3464 4244 3507 4303; x_wconf 72' lang='lat' dir='ltr'><strong>i_</strong></span> <span class='ocrx_word' id='word_1_795' title='bbox 3522 4225 3654 4303; x_wconf 58' lang='lat' dir='ltr'><strong>Quae</strong></span> 
     </span>
    </p>
   </div>
   <div class='ocr_carea' id='block_1_110' title="bbox 2082 4292 3650 4363">
    <p class='ocr_par' dir='ltr' id='par_1_110' title="bbox 2082 4292 3650 4363">
     <span class='ocr_line' id='line_1_110' title="bbox 2082 4292 3650 4363; baseline -0.003 -16"><span class='ocrx_word' id='word_1_796' title='bbox 2082 4296 2159 4348; x_wconf 84' lang='lat' dir='ltr'><strong>sic</strong></span> <span class='ocrx_word' id='word_1_797' title='bbox 2192 4294 2522 4349; x_wconf 83' lang='lat' dir='ltr'><strong>emendanda</strong></span> <span class='ocrx_word' id='word_1_798' title='bbox 2558 4301 2682 4347; x_wconf 91' lang='lat' dir='ltr'><strong>sunt</strong></span> <span class='ocrx_word' id='word_1_799' title='bbox 2720 4310 2731 4345; x_wconf 88' lang='lat'><strong>:</strong></span> <span class='ocrx_word' id='word_1_800' title='bbox 2772 4312 2789 4343; x_wconf 78' lang='grc' dir='ltr'><strong>ι</strong></span> <span class='ocrx_word' id='word_1_801' title='bbox 2827 4292 2994 4359; x_wconf 83' lang='lat' dir='ltr'><strong>Hujus</strong></span> <span class='ocrx_word' id='word_1_802' title='bbox 3031 4308 3310 4363; x_wconf 61' lang='lat' dir='ltr'><strong>successor</strong></span> <span class='ocrx_word' id='word_1_803' title='bbox 3338 4292 3650 4363; x_wconf 75' lang='lat' dir='ltr'><strong>fuit_Etbel-</strong></span> 
     </span>
    </p>
   </div>
   <div class='ocr_carea' id='block_1_111' title="bbox 2082 4355 3655 4428">
    <p class='ocr_par' dir='ltr' id='par_1_111' title="bbox 2082 4355 3655 4428">
     <span class='ocr_line' id='line_1_111' title="bbox 2082 4355 3655 4428; baseline -0.003 -11"><span class='ocrx_word' id='word_1_804' title='bbox 2082 4366 2284 4428; x_wconf 75' lang='lat' dir='ltr'><strong>liertus,</strong></span> <span class='ocrx_word' id='word_1_805' title='bbox 2308 4364 2393 4417; x_wconf 88' lang='lat' dir='ltr'><strong>cui</strong></span> <span class='ocrx_word' id='word_1_806' title='bbox 2418 4362 2607 4416; x_wconf 89' lang='lat' dir='ltr'><strong>deinde</strong></span> <span class='ocrx_word' id='word_1_807' title='bbox 2627 4378 2788 4415; x_wconf 81' lang='lat' dir='ltr'><strong>senex</strong></span> <span class='ocrx_word' id='word_1_808' title='bbox 2812 4355 3128 4415; x_wconf 76' lang='lat' dir='ltr'><strong>substitutus</strong></span> <span class='ocrx_word' id='word_1_809' title='bbox 3148 4370 3231 4415; x_wconf 90' lang='lat' dir='ltr'><strong>est</strong></span> <span class='ocrx_word' id='word_1_810' title='bbox 3257 4355 3575 4419; x_wconf 74' lang='lat' dir='ltr'><strong>EanbaldUs.</strong></span> <span class='ocrx_word' id='word_1_811' title='bbox 3598 4370 3655 4413; x_wconf 90' lang='lat' dir='ltr'><strong>et</strong></span> 
     </span>
    </p>
   </div>
   <div class='ocr_carea' id='block_1_112' title="bbox 2081 4429 3651 4488">
    <p class='ocr_par' dir='ltr' id='par_1_112' title="bbox 2081 4429 3651 4488">
     <span class='ocr_line' id='line_1_112' title="bbox 2081 4429 3651 4488; baseline -0.005 0"><span class='ocrx_word' id='word_1_812' title='bbox 2081 4450 2146 4488; x_wconf 86' lang='lat' dir='ltr'><strong>eo</strong></span> <span class='ocrx_word' id='word_1_813' title='bbox 2194 4440 2404 4487; x_wconf 89' lang='lat' dir='ltr'><strong>mortuo</strong></span> <span class='ocrx_word' id='word_1_814' title='bbox 2449 4432 2584 4483; x_wconf 92' lang='lat' dir='ltr'><strong>alter</strong></span> <span class='ocrx_word' id='word_1_815' title='bbox 2630 4430 2933 4482; x_wconf 83' lang='lat' dir='ltr'><strong>Eanbaldus</strong></span> <span class='ocrx_word' id='word_1_816' title='bbox 2973 4430 3182 4481; x_wconf 85' lang='lat' dir='ltr'><strong>Alcuini</strong></span> <span class='ocrx_word' id='word_1_817' title='bbox 3233 4429 3523 4488; x_wconf 86' lang='lat' dir='ltr'><strong>discipulus</strong></span> <span class='ocrx_word' id='word_1_818' title='bbox 3568 4430 3651 4480; x_wconf 91' lang='lat' dir='ltr'><strong>in-</strong></span> 
     </span>
    </p>
   </div>
   <div class='ocr_carea' id='block_1_113' title="bbox 2082 4496 3651 4556">
    <p class='ocr_par' dir='ltr' id='par_1_113' title="bbox 2082 4496 3651 4556">
     <span class='ocr_line' id='line_1_113' title="bbox 2082 4496 3651 4556; baseline -0.004 0"><span class='ocrx_word' id='word_1_819' title='bbox 2082 4502 2339 4556; x_wconf 89' lang='lat' dir='ltr'><strong>dustrius.</strong></span> <span class='ocrx_word' id='word_1_820' title='bbox 2376 4519 2393 4549; x_wconf 73' lang='grc' dir='ltr'><strong>ο</strong></span> <span class='ocrx_word' id='word_1_821' title='bbox 2437 4498 2580 4552; x_wconf 91' lang='lat' dir='ltr'><strong>Obiit</strong></span> <span class='ocrx_word' id='word_1_822' title='bbox 2606 4512 2733 4550; x_wconf 80' lang='lat' dir='ltr'><strong>vero</strong></span> <span class='ocrx_word' id='word_1_823' title='bbox 2768 4496 3072 4549; x_wconf 85' lang='lat' dir='ltr'><strong>Eanbaldus</strong></span> <span class='ocrx_word' id='word_1_824' title='bbox 3106 4496 3128 4549; x_wconf 83' lang='grc' dir='ltr'>Ι</span> <span class='ocrx_word' id='word_1_825' title='bbox 3158 4513 3297 4551; x_wconf 89' lang='lat' dir='ltr'><strong>anno</strong></span> <span class='ocrx_word' id='word_1_826' title='bbox 3327 4496 3428 4550; x_wconf 88' lang='lat'><strong>796</strong></span> <span class='ocrx_word' id='word_1_827' title='bbox 3452 4513 3505 4550; x_wconf 84' lang='lat' dir='ltr'><strong>iv</strong></span> <span class='ocrx_word' id='word_1_828' title='bbox 3534 4497 3651 4550; x_wconf 79' lang='lat' dir='ltr'><strong>Kal.</strong></span> 
     </span>
    </p>
   </div>
   <div class='ocr_carea' id='block_1_114' title="bbox 2081 4564 3657 4639">
    <p class='ocr_par' dir='ltr' id='par_1_114' title="bbox 2081 4564 3657 4639">
     <span class='ocr_line' id='line_1_114' title="bbox 2081 4564 3657 4639; baseline -0.002 -16"><span class='ocrx_word' id='word_1_829' title='bbox 2081 4572 2363 4639; x_wconf 82' lang='lat' dir='ltr'><strong>Augustas,</strong></span> <span class='ocrx_word' id='word_1_830' title='bbox 2397 4567 2481 4639; x_wconf 77' lang='lat' dir='ltr'><strong>cui</strong></span> <span class='ocrx_word' id='word_1_831' title='bbox 2519 4564 2991 4639; x_wconf 70' lang='lat' dir='ltr'><strong>statim__snll‘eetus_</strong></span> <span class='ocrx_word' id='word_1_832' title='bbox 3013 4573 3095 4619; x_wconf 89' lang='lat' dir='ltr'><strong>est</strong></span> <span class='ocrx_word' id='word_1_833' title='bbox 3128 4565 3337 4639; x_wconf 84' lang='lat' dir='ltr'><strong>Alcuini</strong></span> <span class='ocrx_word' id='word_1_834' title='bbox 3367 4566 3657 4639; x_wconf 67' lang='lat' dir='ltr'><strong>discipulus</strong></span> 
     </span>
    </p>
   </div>
   <div class='ocr_carea' id='block_1_115' title="bbox 2082 4635 3649 4705">
    <p class='ocr_par' dir='ltr' id='par_1_115' title="bbox 2082 4635 3649 4705">
     <span class='ocr_line' id='line_1_115' title="bbox 2082 4635 3649 4705; baseline -0.003 -12"><span class='ocrx_word' id='word_1_835' title='bbox 2082 4635 2384 4693; x_wconf 76' lang='lat' dir='ltr'><strong>Eanbaldus</strong></span> <span class='ocrx_word' id='word_1_836' title='bbox 2406 4636 2449 4689; x_wconf 88' lang='lat' dir='ltr'><strong>ll</strong></span> <span class='ocrx_word' id='word_1_837' title='bbox 2482 4636 2571 4705; x_wconf 93' lang='lat' dir='ltr'><strong>qni</strong></span> <span class='ocrx_word' id='word_1_838' title='bbox 2596 4651 2662 4689; x_wconf 81' lang='lat' dir='ltr'><strong>ex</strong></span> <span class='ocrx_word' id='word_1_839' title='bbox 2694 4635 2835 4690; x_wconf 90' lang='lat' dir='ltr'><strong>Urbe</strong></span> <span class='ocrx_word' id='word_1_840' title='bbox 2872 4635 3089 4702; x_wconf 90' lang='lat' dir='ltr'><strong>pallium</strong></span> <span class='ocrx_word' id='word_1_841' title='bbox 3125 4636 3330 4705; x_wconf 86' lang='lat' dir='ltr'><strong>accepit</strong></span> <span class='ocrx_word' id='word_1_842' title='bbox 3365 4652 3504 4689; x_wconf 88' lang='lat' dir='ltr'><strong>anno</strong></span> <span class='ocrx_word' id='word_1_843' title='bbox 3527 4636 3649 4689; x_wconf 90' lang='lat'><strong>797.</strong></span> 
     </span>
    </p>
   </div>
   <div class='ocr_carea' id='block_1_116' title="bbox 2082 4704 3663 4774">
    <p class='ocr_par' dir='ltr' id='par_1_116' title="bbox 2082 4704 3663 4774">
     <span class='ocr_line' id='line_1_116' title="bbox 2082 4704 3663 4774; baseline -0.004 -12"><span class='ocrx_word' id='word_1_844' title='bbox 2082 4708 2377 4761; x_wconf 64' lang='lat' dir='ltr'><strong>Amoenus.</strong></span> <span class='ocrx_word' id='word_1_845' title='bbox 2407 4737 2476 4745; x_wconf 93' lang='lat'><strong>—</strong></span> <span class='ocrx_word' id='word_1_846' title='bbox 2501 4704 2584 4759; x_wconf 66' lang='lat' dir='ltr'><strong>Ad</strong></span> <span class='ocrx_word' id='word_1_847' title='bbox 2621 4706 2760 4759; x_wconf 87' lang='lat' dir='ltr'><strong>hunc</strong></span> <span class='ocrx_word' id='word_1_848' title='bbox 2788 4720 2917 4774; x_wconf 81' lang='lat' dir='ltr'><strong>ergo</strong></span> <span class='ocrx_word' id='word_1_849' title='bbox 2941 4720 3093 4774; x_wconf 83' lang='lat' dir='ltr'><strong>suum</strong></span> <span class='ocrx_word' id='word_1_850' title='bbox 3119 4704 3432 4773; x_wconf 90' lang='lat' dir='ltr'><strong>discipulum</strong></span> <span class='ocrx_word' id='word_1_851' title='bbox 3469 4706 3663 4773; x_wconf 86' lang='lat' dir='ltr'><strong>Alcui-_</strong></span> 
     </span>
    </p>
   </div>
   <div class='ocr_carea' id='block_1_117' title="bbox 2083 4773 3658 4858">
    <p class='ocr_par' dir='ltr' id='par_1_117' title="bbox 2083 4773 3658 4858">
     <span class='ocr_line' id='line_1_117' title="bbox 2083 4773 3658 4858; baseline -0.003 -28"><span class='ocrx_word' id='word_1_852' title='bbox 2083 4780 2181 4857; x_wconf 79' lang='lat' dir='ltr'><strong>nus</strong></span> <span class='ocrx_word' id='word_1_853' title='bbox 2230 4776 2368 4858; x_wconf 65' lang='lat' dir='ltr'><strong>hanc</strong></span> <span class='ocrx_word' id='word_1_854' title='bbox 2409 4775 2702 4858; x_wconf 58' lang='lat' dir='ltr'><strong>epistolam</strong></span> <span class='ocrx_word' id='word_1_855' title='bbox 2729 4773 2945 4843; x_wconf 87' lang='lat' dir='ltr'><strong>scripsit</strong></span> <span class='ocrx_word' id='word_1_856' title='bbox 2975 4773 3077 4827; x_wconf 87' lang='lat'><strong>796</strong></span> <span class='ocrx_word' id='word_1_857' title='bbox 3118 4782 3177 4830; x_wconf 93' lang='lat' dir='ltr'><strong>ut</strong></span> <span class='ocrx_word' id='word_1_858' title='bbox 3214 4789 3338 4829; x_wconf 89' lang='lat' dir='ltr'><strong>eum</strong></span> <span class='ocrx_word' id='word_1_859' title='bbox 3376 4776 3442 4827; x_wconf 89' lang='lat' dir='ltr'><strong>de</strong></span> <span class='ocrx_word' id='word_1_860' title='bbox 3479 4774 3658 4826; x_wconf 85' lang='lat' dir='ltr'><strong>ollicio</strong></span> 
     </span>
    </p>
   </div>
   <div class='ocr_carea' id='block_1_118' title="bbox 2082 4844 3648 4977">
    <p class='ocr_par' dir='ltr' id='par_1_118' title="bbox 2082 4844 3648 4977">
     <span class='ocr_line' id='line_1_118' title="bbox 2082 4844 3283 4966; baseline -0.007 -66"><span class='ocrx_word' id='word_1_861' title='bbox 2082 4846 2370 4966; x_wconf 49' lang='lat' dir='ltr'><strong>episcglpali</strong></span> <span class='ocrx_word' id='word_1_862' title='bbox 2398 4847 2631 4899; x_wconf 90' lang='lat' dir='ltr'><strong>doceret.</strong></span> <span class='ocrx_word' id='word_1_863' title='bbox 2662 4844 2999 4897; x_wconf 75' lang='lat' dir='ltr'><strong>PASSIONEL‘S.</strong></span> <span class='ocrx_word' id='word_1_864' title='bbox 3280 4884 3283 4891; x_wconf 90' lang='lat'><strong>.</strong></span> 
     </span>
     <span class='ocr_line' id='line_1_119' title="bbox 2158 4908 3648 4977; baseline -0.005 -9"><span class='ocrx_word' id='word_1_865' title='bbox 2158 4914 2177 4953; x_wconf 70' lang='grc' dir='ltr'>ί</span> <span class='ocrx_word' id='word_1_866' title='bbox 2275 4910 2579 4968; x_wconf 74' lang='lat' dir='ltr'><strong>elbrechtus.</strong></span> <span class='ocrx_word' id='word_1_867' title='bbox 2613 4911 3098 4965; x_wconf 84' lang='lat' dir='ltr'><strong>Malmesburiensis</strong></span> <span class='ocrx_word' id='word_1_868' title='bbox 3128 4912 3289 4967; x_wconf 89' lang='lat' dir='ltr'><strong>habet</strong></span> <span class='ocrx_word' id='word_1_869' title='bbox 3323 4926 3339 4963; x_wconf 85' lang='lat'><strong>:</strong></span> <span class='ocrx_word' id='word_1_870' title='bbox 3378 4908 3648 4977; x_wconf 65' lang='lat' dir='ltr'><strong>Egber&#39;ttts.</strong></span> 
     </span>
    </p>
   </div>
   <div class='ocr_carea' id='block_1_119' title="bbox 2081 4976 3652 5060">
    <p class='ocr_par' dir='ltr' id='par_1_119' title="bbox 2081 4976 3652 5060">
     <span class='ocr_line' id='line_1_120' title="bbox 2081 4976 3652 5060; baseline -0.005 -23"><span class='ocrx_word' id='word_1_871' title='bbox 2081 4984 2386 5060; x_wconf 77' lang='lat' dir='ltr'><strong>Lectionem</strong></span> <span class='ocrx_word' id='word_1_872' title='bbox 2411 4982 2739 5060; x_wconf 79' lang='lat' dir='ltr'><strong>codicis_ms.</strong></span> <span class='ocrx_word' id='word_1_873' title='bbox 2782 4980 3204 5060; x_wconf 69' lang='lat' dir='ltr'><strong>Salisburgensis</strong></span> <span class='ocrx_word' id='word_1_874' title='bbox 3237 4976 3652 5060; x_wconf 73' lang='lat' dir='ltr'><strong>praeferendam,</strong></span> 
     </span>
    </p>
   </div>
   <div class='ocr_carea' id='block_1_120' title="bbox 2082 5045 3650 5115">
    <p class='ocr_par' dir='ltr' id='par_1_120' title="bbox 2082 5045 3650 5115">
     <span class='ocr_line' id='line_1_121' title="bbox 2082 5045 3650 5115; baseline -0.006 -7"><span class='ocrx_word' id='word_1_875' title='bbox 2082 5063 2138 5108; x_wconf 91' lang='lat' dir='ltr'><strong>et</strong></span> <span class='ocrx_word' id='word_1_876' title='bbox 2184 5056 2284 5109; x_wconf 87' lang='lat' dir='ltr'><strong>hoc</strong></span> <span class='ocrx_word' id='word_1_877' title='bbox 2326 5053 2542 5107; x_wconf 88' lang='lat' dir='ltr'><strong>nomine</strong></span> <span class='ocrx_word' id='word_1_878' title='bbox 2582 5050 2810 5103; x_wconf 88' lang='lat' dir='ltr'><strong>alterum</strong></span> <span class='ocrx_word' id='word_1_879' title='bbox 2856 5045 3066 5103; x_wconf 78' lang='lat' dir='ltr'><strong>Alcuini</strong></span> <span class='ocrx_word' id='word_1_880' title='bbox 3111 5045 3446 5115; x_wconf 73' lang='lat' dir='ltr'><strong>magistrum,</strong></span> <span class='ocrx_word' id='word_1_881' title='bbox 3488 5045 3576 5115; x_wconf 87' lang='lat' dir='ltr'><strong>qui</strong></span> <span class='ocrx_word' id='word_1_882' title='bbox 3618 5064 3650 5099; x_wconf 89' lang='lat' dir='ltr'><strong>a</strong></span> 
     </span>
    </p>
   </div>
   <div class='ocr_carea' id='block_1_121' title="bbox 2080 5114 3655 5193">
    <p class='ocr_par' dir='ltr' id='par_1_121' title="bbox 2080 5114 3655 5193">
     <span class='ocr_line' id='line_1_122' title="bbox 2080 5114 3655 5193; baseline -0.006 -15"><span class='ocrx_word' id='word_1_883' title='bbox 2080 5132 2235 5193; x_wconf 85' lang='lat' dir='ltr'><strong>poeta</strong></span> <span class='ocrx_word' id='word_1_884' title='bbox 2272 5123 2550 5193; x_wconf 70' lang='lat' dir='ltr'><strong>Anonymo</strong></span> <span class='ocrx_word' id='word_1_885' title='bbox 2581 5118 2876 5193; x_wconf 48' lang='lat' dir='ltr'><strong>ﬂlbertus;</strong></span> <span class='ocrx_word' id='word_1_886' title='bbox 2919 5120 2971 5172; x_wconf 92' lang='lat' dir='ltr'><strong>in</strong></span> <span class='ocrx_word' id='word_1_887' title='bbox 3001 5120 3115 5172; x_wconf 76' lang='lat' dir='ltr'><strong>Vita</strong></span> <span class='ocrx_word' id='word_1_888' title='bbox 3145 5114 3350 5193; x_wconf 78' lang='lat' dir='ltr'><strong>A_l_r1_iini</strong></span> <span class='ocrx_word' id='word_1_889' title='bbox 3382 5114 3655 5193; x_wconf 50' lang='lat' dir='ltr'><strong>{Eleuatus</strong></span> 
     </span>
    </p>
   </div>
   <div class='ocr_carea' id='block_1_122' title="bbox 2083 5183 3654 5256">
    <p class='ocr_par' dir='ltr' id='par_1_122' title="bbox 2083 5183 3654 5256">
     <span class='ocr_line' id='line_1_123' title="bbox 2083 5183 3654 5256; baseline -0.003 -13"><span class='ocrx_word' id='word_1_890' title='bbox 2083 5183 2319 5256; x_wconf 70' lang='lat' dir='ltr'><strong>vocatur,</strong></span> <span class='ocrx_word' id='word_1_891' title='bbox 2352 5183 2747 5256; x_wconf 74' lang='lat' dir='ltr'><strong>intelligendum</strong></span> <span class='ocrx_word' id='word_1_892' title='bbox 2777 5203 2895 5242; x_wconf 90' lang='lat' dir='ltr'><strong>esse</strong></span> <span class='ocrx_word' id='word_1_893' title='bbox 2924 5201 3132 5256; x_wconf 81' lang='lat' dir='ltr'><strong>censeo.</strong></span> <span class='ocrx_word' id='word_1_894' title='bbox 3167 5183 3654 5256; x_wconf 72' lang='lat' dir='ltr'><strong>Malmesburiensis</strong></span> 
     </span>
    </p>
   </div>
   <div class='ocr_carea' id='block_1_123' title="bbox 2083 5252 3660 5322">
    <p class='ocr_par' dir='ltr' id='par_1_123' title="bbox 2083 5252 3660 5322">
     <span class='ocr_line' id='line_1_124' title="bbox 2083 5252 3660 5322; baseline -0.007 -7"><span class='ocrx_word' id='word_1_895' title='bbox 2083 5264 2161 5315; x_wconf 87' lang='lat' dir='ltr'><strong>uti</strong></span> <span class='ocrx_word' id='word_1_896' title='bbox 2188 5252 2320 5315; x_wconf 85' lang='lat' dir='ltr'><strong>duos</strong></span> <span class='ocrx_word' id='word_1_897' title='bbox 2362 5252 2659 5312; x_wconf 70' lang='lat' dir='ltr'><strong>Eanbaldos</strong></span> <span class='ocrx_word' id='word_1_898' title='bbox 2701 5262 2754 5309; x_wconf 90' lang='lat' dir='ltr'><strong>in</strong></span> <span class='ocrx_word' id='word_1_899' title='bbox 2794 5273 2956 5310; x_wconf 91' lang='lat' dir='ltr'><strong>unum</strong></span> <span class='ocrx_word' id='word_1_900' title='bbox 2982 5252 3255 5314; x_wconf 85' lang='lat' dir='ltr'><strong>conﬂavit,</strong></span> <span class='ocrx_word' id='word_1_901' title='bbox 3286 5259 3344 5305; x_wconf 90' lang='lat' dir='ltr'><strong>ut</strong></span> <span class='ocrx_word' id='word_1_902' title='bbox 3378 5259 3488 5304; x_wconf 89' lang='lat' dir='ltr'><strong>not.</strong></span> <span class='ocrx_word' id='word_1_903' title='bbox 3529 5267 3660 5322; x_wconf 65' lang='lat' dir='ltr'><strong>sup-</strong></span> 
     </span>
    </p>
   </div>
   <div class='ocr_carea' id='block_1_124' title="bbox 2083 5319 3645 5395">
    <p class='ocr_par' dir='ltr' id='par_1_124' title="bbox 2083 5319 3645 5395">
     <span class='ocr_line' id='line_1_125' title="bbox 2083 5319 3645 5395; baseline -0.006 -10"><span class='ocrx_word' id='word_1_904' title='bbox 2083 5331 2347 5395; x_wconf 77' lang='lat' dir='ltr'><strong>diximus;</strong></span> <span class='ocrx_word' id='word_1_905' title='bbox 2391 5328 2463 5379; x_wconf 83' lang='lat' dir='ltr'><strong>ita</strong></span> <span class='ocrx_word' id='word_1_906' title='bbox 2494 5326 2581 5379; x_wconf 87' lang='lat' dir='ltr'><strong>hic</strong></span> <span class='ocrx_word' id='word_1_907' title='bbox 2615 5322 2903 5395; x_wconf 83' lang='lat' dir='ltr'><strong>Egbertum</strong></span> <span class='ocrx_word' id='word_1_908' title='bbox 2937 5332 2991 5395; x_wconf 82' lang='lat' dir='ltr'><strong>et</strong></span> <span class='ocrx_word' id='word_1_909' title='bbox 3020 5322 3397 5395; x_wconf 55' lang='lat' dir='ltr'><strong>llelbreelitum</strong></span> <span class='ocrx_word' id='word_1_910' title='bbox 3424 5319 3645 5395; x_wconf 79' lang='lat' dir='ltr'><strong>confun-</strong></span> 
     </span>
    </p>
   </div>
   <div class='ocr_carea' id='block_1_125' title="bbox 2082 5390 3649 5453">
    <p class='ocr_par' dir='ltr' id='par_1_125' title="bbox 2082 5390 3649 5453">
     <span class='ocr_line' id='line_1_126' title="bbox 2082 5390 3649 5453; baseline -0.004 -2"><span class='ocrx_word' id='word_1_911' title='bbox 2082 5398 2180 5452; x_wconf 91' lang='lat' dir='ltr'><strong>dit.</strong></span> <span class='ocrx_word' id='word_1_912' title='bbox 2211 5393 2343 5453; x_wconf 73' lang='lat' dir='ltr'><strong>Vide</strong></span> <span class='ocrx_word' id='word_1_913' title='bbox 2380 5395 2433 5449; x_wconf 93' lang='lat' dir='ltr'><strong>in</strong></span> <span class='ocrx_word' id='word_1_914' title='bbox 2466 5402 2593 5448; x_wconf 91' lang='lat' dir='ltr'><strong>tom.</strong></span> <span class='ocrx_word' id='word_1_915' title='bbox 2624 5390 3009 5449; x_wconf 58' lang='lat' dir='ltr'><strong>ll&#39;carmen&#39;de</strong></span> <span class='ocrx_word' id='word_1_916' title='bbox 3040 5390 3195 5443; x_wconf 89' lang='lat' dir='ltr'><strong>Pont.</strong></span> <span class='ocrx_word' id='word_1_917' title='bbox 3235 5398 3290 5445; x_wconf 90' lang='lat' dir='ltr'><strong>et</strong></span> <span class='ocrx_word' id='word_1_918' title='bbox 3322 5391 3524 5445; x_wconf 86' lang='lat' dir='ltr'><strong>sanctis</strong></span> <span class='ocrx_word' id='word_1_919' title='bbox 3560 5406 3649 5445; x_wconf 87' lang='lat' dir='ltr'><strong>ec-</strong></span> 
     </span>
    </p>
   </div>
   <div class='ocr_carea' id='block_1_126' title="bbox 2084 5462 3039 5522">
    <p class='ocr_par' dir='ltr' id='par_1_126' title="bbox 2084 5462 3039 5522">
     <span class='ocr_line' id='line_1_127' title="bbox 2084 5462 3039 5522; baseline -0.008 -1"><span class='ocrx_word' id='word_1_920' title='bbox 2084 5469 2209 5522; x_wconf 89' lang='lat' dir='ltr'><strong>cles.</strong></span> <span class='ocrx_word' id='word_1_921' title='bbox 2242 5466 2563 5520; x_wconf 83' lang='lat' dir='ltr'><strong>Eboracens.</strong></span> <span class='ocrx_word' id='word_1_922' title='bbox 2595 5481 2735 5519; x_wconf 83' lang='lat' dir='ltr'><strong>vers.</strong></span> <span class='ocrx_word' id='word_1_923' title='bbox 2766 5462 2901 5517; x_wconf 68' lang='lat'><strong>{553</strong></span> <span class='ocrx_word' id='word_1_924' title='bbox 2927 5477 3039 5515; x_wconf 85' lang='lat' dir='ltr'><strong>seu.</strong></span> 
     </span>
    </p>
   </div>
   <div class='ocr_carea' id='block_1_127' title="bbox 2157 5529 3654 5606">
    <p class='ocr_par' dir='ltr' id='par_1_127' title="bbox 2157 5529 3654 5606">
     <span class='ocr_line' id='line_1_128' title="bbox 2157 5529 3654 5606; baseline -0.003 -21"><span class='ocrx_word' id='word_1_925' title='bbox 2157 5538 2180 5574; x_wconf 75' lang='grc'><strong>8</strong></span> <span class='ocrx_word' id='word_1_926' title='bbox 2226 5533 2494 5606; x_wconf 65' lang='lat' dir='ltr'><strong>{heredem</strong></span> <span class='ocrx_word' id='word_1_927' title='bbox 2544 5534 2763 5606; x_wconf 72' lang='lat' dir='ltr'><strong>reliquit.</strong></span> <span class='ocrx_word' id='word_1_928' title='bbox 2821 5531 2938 5586; x_wconf 66' lang='lat' dir='ltr'><strong>Vid.</strong></span> <span class='ocrx_word' id='word_1_929' title='bbox 2993 5544 3208 5586; x_wconf 81' lang='lat' dir='ltr'><strong>carmen</strong></span> <span class='ocrx_word' id='word_1_930' title='bbox 3258 5530 3322 5584; x_wconf 78' lang='lat' dir='ltr'><strong>de</strong></span> <span class='ocrx_word' id='word_1_931' title='bbox 3375 5529 3654 5606; x_wconf 82' lang='lat' dir='ltr'><strong>Episcopis</strong></span> 
     </span>
    </p>
   </div>
   <div class='ocr_carea' id='block_1_128' title="bbox 2085 5604 2693 5669">
    <p class='ocr_par' dir='ltr' id='par_1_128' title="bbox 2085 5604 2693 5669">
     <span class='ocr_line' id='line_1_129' title="bbox 2085 5604 2693 5669; baseline -0.002 -10"><span class='ocrx_word' id='word_1_932' title='bbox 2085 5604 2509 5669; x_wconf 77' lang='lat' dir='ltr'><strong>Eboracensibus</strong></span> <span class='ocrx_word' id='word_1_933' title='bbox 2540 5604 2632 5659; x_wconf 90' lang='lat' dir='ltr'><strong>cit.</strong></span> <span class='ocrx_word' id='word_1_934' title='bbox 2688 5626 2693 5627; x_wconf 51' lang='grc' dir='ltr'>ί</span> 
     </span>
    </p>
   </div>
  </div>
