4226 6200
626 320 728 370 ‘223

1476 315 1531 367 li.
1574 316 1633 368 F.
1677 314 1897 367 ALBINI
1938 312 2064 366 δεῖ
2106 310 2379 365 Αιεῐικι
2418 310 2704 393 ΟΡΕΒΕΜ.
2737 312 2909 366 PARS
2948 312 2985 365 Ι.

3731 298 3829 371 θινὶ

625 435 816 482 fortem
849 431 1003 482 faciat
1033 429 1084 479 in
1117 427 1313 486 anima,
1358 434 1409 478 et
1464 442 1585 478 cum
1632 424 1885 493 Apostolo
1912 438 1924 473 :
1960 420 2181 485 Quando
2211 424 2258 481 Α
2288 430 2395 483 tua,
2427 436 2531 473 uua
2560 421 2613 472 iu
2643 421 2912 474 salvandis
2960 422 3259 485 animabus,
3314 422 3478 476 altera
3512 423 3560 476 in
3589 423 3828 489 adjuvan-

623 519 879 582 inlirmor,
908 529 1030 569 tunc
1068 516 1256 583 fortior
1307 518 1420 567 sum
1460 513 1544 582 (11
1577 513 1698 566 Cor.
1734 529 1833 574 ιιι,
1868 511 1973 580 10).
2006 510 2180 563 Casti-

623 605 767 675 gatio
794 606 1037 674 corporis
1062 603 1332 673 profectus
1354 603 1423 656 sit
1460 603 1670 655 anima}.
1710 600 1887 653 Mitem
1917 608 1969 653 te
1993 607 2047 652 et
2082 599 2181 650 hu-

623 697 804 749 milem
851 693 917 748 ad
951 694 1200 748 meliores
1248 693 1493 756 ostende,
1542 693 1734 744 durum
1757 700 1812 745 et
1856 690 2085 756 rigidum
2114 688 2180 741 ad

621 784 898 852 superbos,
926 783 1173 835 omnibus
1198 782 1376 835 omnia
1433 779 1624 841 factus,
1650 786 1710 831 ut
1756 792 1942 830 omnes
1972 776 2181 828 lucrare

624 890 811 946 posses
849 873 901 944 (1
930 873 1050 927 Cor.
1087 890 1163 937 Ix,
1202 872 1315 941 2‘2).
1348 871 1557 924 Habeas
1596 869 1920 923 inmanibus
1950 866 2055 919 tuis
2078 865 2180 918 mel

620 974 675 1017 et
704 963 1052 1027 absinthium,
1079 960 1335 1029 quidquid
1387 959 1473 1013 cui
1524 958 1750 1027 placeat,
1797 955 1919 1009 edat
1960 969 2024 1008 ex
2053 953 2177 1006 illis.

622 1054 717 1107 Cui
752 1053 818 1107 de
853 1051 941 1120 pia
976 1048 1355 1119 praedicatione
1376 1046 1519 1099 vesci
1571 1044 1754 1107 libeat,
1784 1042 2011 1109 accipiat
2036 1039 2177 1102 mel;

621 1141 712 1209 qui
740 1141 871 1195 dura
908 1138 1482 1204 invectioneindigeat,
1511 1134 1661 1186 bibat
1694 1147 1773 1185 ex-
1791 1129 2083 1192 absinthio,
2108 1128 2180 1181 ita

622 1239 819 1292 tamen,
849 1237 910 1282 ut
944 1228 1103 1281 liceat
1127 1228 1176 1280 ei
1200 1225 1306 1280 mel
1347 1224 1515 1277 veniae
1545 1236 1778 1291 sperare,
1807 1222 1850 1275 si
1878 1235 2029 1274 rosea
2058 1233 2183 1291 con-

623 1318 759 1370 fusio
787 1317 1112 1385 paenitentiae
1138 1314 1429 1384 prtecedat.

693 1425 881 1480 Omnia
922 1434 1098 1479 vestra
1130 1425 1352 1478 honeste
1404 1436 1528 1475 cum
1577 1419 1763 1475 ordine
1800 1416 1930 1472 fiant
1974 1415 2025 1483 (1
2057 1415 2179 1467 Cor.

622 1530 731 1574 xiv,
760 1514 871 1581 40).
903 1512 1135 1580 Tempus
1159 1520 1426 1565 statuatur
1466 1508 1783 1571 lectioni,et
1814 1503 2033 1578 [oratio]
2059 1519 2185 1557 suas

623 1602 818 1656 habeat
859 1602 1038 1664 horas,
1069 1610 1123 1655 et
1169 1602 1453 1655 missarum
1507 1599 1765 1654 solemnia
1810 1596 2026 1665 proprio
2052 1603 2186 1647 tem-

623 1707 750 1760 pore
772 1692 1108 1745 conveniant.
1141 1692 1242 1755 Qui
1262 1691 1399 1743 diem
1414 1691 1568 1758 sapit,
1601 1689 1821 1741 Domino
1844 1687 1977 1755 sapit
2002 1683 2178 1754 (Rom.

2250 509 2361 563 ’dis
2390 510 2704 576 corporibus
2724 510 3012 578 egentium.
3052 510 3173 565 Ideo
3200 513 3342 579 pres‘.
3360 515 3495 583 yteri
3527 514 3718 582 duplici
3743 514 3833 568 lun-

2282 610 2429 658 nore,
2461 596 2613 664 juxta
2630 596 2963 663 Apostolum,
2986 598 3129 665 digni
3160 600 3386 653 habendi
3415 609 3557 665 sunt,
3586 601 3711 669 quia
3736 601 3832 653 du-

2280 684 2405 750 plici
2448 685 2744 752 probantur
2794 683 2940 754 fungi
3004 688 3299 741 ministerio
3352 688 3404 755 (Ι
3452 688 3585 741 Tim.
3641 706 3694 753 v,
3730 691 3831 759 l7).

2281 775 2514 829 Hilarem
2542 776 2780 830 datorem
2820 776 2993 847 diligit
3011 778 3273 850 Deus‘Ul
3329 780 3448 833 Cor.
3478 797 3554 845 ix,
3581 781 3632 845 6,
3664 782 3718 851 7)
3744 798 3759 846 ;
3784 793 3836 837 et

2280 864 2370 933 qui
2398 866 2624 919 seminat
2657 866 2708 919 in
2740 867 3125 931 benedictione,
3152 868 3220 923 de
3247 871 3704 925 benedictionibus
3728 887 3830 926 me~

2282 962 2374 1015 tet,
2414 962 2469 1007 et
2494 955 2581 1023 qui
2611 954 2728 1023 plus
2756 955 2981 1021 laborat,
3011 958 3128 1027 plus
3165 958 3427 1013 mercedis
3446 960 3690 1027 accipiet.
3721 959 3835 1014 Sint

2281 1045 2356 1097 tui
2385 1044 2514 1097 socii
2552 1044 2788 1098 honestis
2835 1046 3072 1099 moribus
3120 1046 3316 1109 ornati,
3359 1061 3465 1099 non
3494 1047 3830 1101 vestimento-

2282 1146 2400 1183 rum
2430 1132 2664 1183 vanitate
2690 1131 2968 1193 notabiles,
2996 1132 3089 1185 sed
3115 1147 3323 1186 morum
3364 1133 3623 1203 dignitate
3653 1134 3833 1189 lauda-

2282 1221 2434 1275 biles.
2459 1221 2637 1275 Gloria
2662 1222 2851 1290 patris,
2878 1204 3018 1275 tilius
3041 1224 3271 1291 sapiens.
3295 1222 3410 1277 Non
3439 1226 3547 1279 sint
3568 1225 3838 1279 ebrietatis

2282 1320 2594 1373 sectatores,
2633 1312 2726 1365 sed
2777 1312 3085 1365 sobrietatis
3128 1321 3416 1377 amatores,
3445 1321 3506 1366 ut
3538 1328 3604 1367 ex
3627 1314 3836 1367 illorum

2283 1399 2436 1452 bonis
2487 1400 2745 1467 exemplis
2795 1398 3124 1454 :cdilicentur
3148 1400 3384 1469 plurimi.
3447 1400 3565 1455 Non
3617 1401 3838 1456 inanilo-

2283 1488 2469 1553 quium
2495 1488 2575 1541 vel
2608 1488 2923 1550 scurrilitas,
2976 1488 3068 1541 sed
3094 1496 3278 1541 sancta
3326 1502 3391 1543 ex
3414 1503 3509 1543 ore
3539 1503 3725 1543 eorum
3748 1503 3841 1542 au-

2285 1576 2464 1629 diatur
2484 1576 2799 1644 psalmodia.
2849 1576 2961 1629 Non
2985 1592 3080 1645 per
3107 1593 3326 1646 campos
3347 1579 3706 1633 discurrentes
3727 1577 3841 1631 vul-

2284 1681 2378 1734 pes
2399 1666 2648 1735 agitando
2667 1666 2979 1729 declament,
3009 1670 3101 1723 sed
3125 1680 3297 1723 tecum
3324 1683 3349 1710 ι
3372 1670 3663 1739 equitando
3688 1666 3838 1739 [Cod.

624 1744 731 1841 inv,
763 1780 844 1848 6).
883 1779 966 1832 Sit
993 1778 1231 1832 modesta
1279 1778 1331 1831 in
1382 1744 1643 1832 conviviis
1682 1776 1861 1831 lmtitia
1889 1792 1904 1840 ;
1936 1775 2004 1828 sit
2032 1782 2179 1827 casta
2216 1744 2260 1801 Β
2289 1789 2293 1805 ι

2173 1793 2179 1825 ι
2216 1744 2260 1801 Β
2289 1753 2440 1818 Sat,
2461 1754 2765 1825 aequando],
2806 1756 3039 1824 psalmos
3068 1758 3213 1835 dulci
3261 1758 3623 1813 modulamine
3652 1758 3842 1811 decano

623 1868 675 1919 in
699 1866 917 1935 jejuniis
955 1867 1174 1931 laetitia;
1209 1867 1416 1921 lavetur
1474 1868 1788 1937 pmnitentia
1848 1866 2050 1920 facies:
2080 1881 2182 1918 un-

622 1966 778 2025 gatur
804 1957 921 2011 oleo
973 1957 1355 2011 miscricordize
1386 1964 1568 2024 caput,
1596 1965 1656 2009 ut
1704 1956 1883 2009 omnia
1938 1963 2184 2021 accepta-

623 2046 745 2099 bilia
793 2046 921 2099 fiant
968 2046 1193 2100 Domino
1227 2046 1354 2109 Deo,
1394 2046 1484 2114 qui
1526 2055 1577 2099 te
1605 2045 1766 2114 elegit
1811 2046 1911 2099 sibi
1939 2042 2186 2099 sacerdo-

623 2147 750 2189 tem.
786 2134 967 2188 Omnis
1005 2152 1227 2205 namque
1271 2136 1503 2211 pontifex
1537 2134 1600 2187 ab
1644 2134 1941 2187 hominibus
1982 2148 2185 2185 auum-

620 2235 738 2293 ptus
765 2242 857 2293 pro
886 2225 1177 2278 hominibus
1226 2226 1559 2278 constituitur
1586 2224 1641 2276 in
1678 2224 1779 2287 Itis,
1812 2240 1928 2292 qui:
1956 2233 2076 2275 sunt
2116 2223 2183 2274 ad

627 2314 785 2367 Deum
817 2314 1002 2383 (Hebr.
1043 2330 1099 2379 v,
1124 2314 1196 2383 i).
1237 2314 1413 2367 Aaron
1451 2315 1629 2368 stabat
1660 2328 1782 2371 cum
1815 2313 2079 2366 turribulo
2104 2312 2184 2365 di-

621 2401 841 2469 gnitatis
868 2416 977 2455 sure
1006 2401 1145 2455 inter
1183 2402 1332 2454 vivos
1376 2415 1442 2454 ac
1474 2408 1734 2462 mortuos,
1768 2408 1828 2452 ut
1856 2400 1933 2452 ira
1961 2399 2054 2453 Dei
2078 2415 2182 2453 non

623 2487 927 2542 ardesceret
967 2488 1082 2558 plus
1122 2490 1180 2542 in
1219 2488 1413 2558 popqu
1468 2488 1657 2557 (.V'um.
1687 2504 1800 2552 xvi,
1823 2488 1912 2551 47,
1934 2488 2046 2557 48).
2082 2488 2182 2543 Sa-

622 2580 811 2630 cerdos
849 2592 975 2631 vero
999 2578 1087 2631 Dei
1122 2574 1331 2647 [Verbi]
1370 2585 1424 2629 ct
1471 2575 1757 2628 voluntatis
1804 2575 1947 2629 illius
1993 2578 2185 2644 pncdi-

626 2681 777 2723 cator
820 2670 979 2725 debet
1024 2683 1142 2725 esse
1193 2671 1245 2724 in
1307 2671 1579 2740 populum,
1631 2678 1685 2723 et
1741 2671 2064 2723 intercessor
2117 2666 2184 2720 ad

627 2760 791 2812 Deum
820 2774 916 2828 pro
933 2761 1143 2828 p0pulu,
1170 2762 1322 2828 quasi
1362 2760 1621 2814 mediator
1660 2759 1797 2813 inter
1818 2760 1983 2813 Deum
2013 2766 2064 2810 et
2090 2758 2183 2810 ho-

624 2847 812 2899 mines.
847 2846 949 2912 Qui
977 2847 1257 2901 sublimem
1282 2850 1522 2901 ascendit
1556 2848 1755 2910 locum,
1808 2862 1999 2901 cavere
2027 2840 2201 2899 debet

623 2950 689 2987 ne
716 2936 892 2998 cadat,
921 2937 1042 3004 quia
1098 2937 1250 2990 ruina
1302 2936 1506 2990 altioris
1543 2936 1645 2991 loci
1691 2937 2042 3005 periculosior
2064 2949 2182 2987 esse

622 3025 975 3093 dignoscitur.
1017 3027 1118 3091 Qui
1171 3036 1296 3092 stat,
1344 3029 1521 3082 videat
1560 3045 1627 3083 ne
1673 3028 1846 3082 cadat.
1902 3026 1952 3096 (Ι
1980 3028 2100 3079 Cor.
2127 3041 2177 3087 ι,

622 3116 730 3183 ιε).
763 3115 863 3181 Qui
885 3113 1048 3183 jacet,
1098 3118 1404 3180 contendat,
1440 3127 1499 3170 ut
1530 3128 1811 3186 resurgat:
1858 3126 1911 3170 et
1941 3117 2029 3184 qui
2060 3132 2181 3169 cur-

625 3206 715 3265 rit,
748 3212 933 3258 caveat
958 3221 1022 3259 ne
1048 3204 1299 3269 offendat,
1331 3221 1398 3259 ne
1442 3208 1683 3259 bravium
1714 3207 1851 3259 illius
1886 3207 2020 3259 alter
2043 3206 2183 3258 arei-

624 3292 755 3359 piat.
787 3290 985 3347 Omnes
1008 3294 1225 3361 quidem
1254 3304 1397 3347 stare
1428 3311 1525 3349 uos
1550 3304 1761 3361 oportet
1794 3305 1915 3346 ante
1946 3295 2179 3346 tribunal

624 3380 826 3433 Christi
850 3389 909 3433 ut
932 3380 1132 3434 referat
1156 3383 1539 3449 unusquisque,
1592 3382 1850 3449 quidquid
1876 3374 1931 3434 in
1960 3397 2183 3449 corpore

621 3468 789 3535 gessit
838 3467 1011 3537 (Rom.
1039 3484 1147 3532 xw,
1177 3470 1279 3533 10;
1317 3469 1378 3521 11
1408 3470 1529 3522 Cor.
1560 3486 1613 3534 v,
1649 3470 1751 3540 l0).
1788 3470 1933 3524 Tunc
1956 3488 2057 3525 non
2081 3472 2186 3524 erit

625 3565 834 3624 tempus
859 3555 1031 3609 oleum
1060 3557 1289 3619 emendi,
1323 3558 1439 3611 ideo
1469 3560 1591 3611 ante
1628 3558 2047 3626 przcvideamus;
2087 3575 2184 3613 nec

624 3656 750 3700 tunc
780 3662 945 3700 vacua
976 3662 1100 3701 vasa
1134 3648 1426 3703 habeamus
1460 3647 1671 3718 (Matth.
1700 3649 1849 3719 xxv).
1884 3649 2003 3703 Sint
2029 3650 2184 3703 modo

623 3736 789 3791 lumbi
840 3736 1109 3806 praecincti
1136 3746 1190 3790 et
1242 3737 1475 3795 lucerna:
1529 3738 1776 3791 ardentes
1826 3736 1879 3790 in
1930 3740 2183 3793 manibus

624 3828 991 3896 praedicatoris
1022 3826 1171 3895 (Luc.
1201 3843 1297 3890 xu,
1326 3827 1437 3897 35),
1464 3834 1524 3880 ut
1550 3834 1672 3881 tunc
1719 3826 1919 3897 fulgeat
1943 3828 2082 3882 sicut
2102 3829 2182 3882 sol

624 3918 678 3969 in
722 3932 883 3986 regno
920 3915 1097 3970 Patris
1149 3916 1253 3980 sui,
1296 3925 1351 3971 et
1377 3931 1476 3985 pro
1533 3916 1974 3986 multiplicatione
2024 3933 2185 3987 pecu-

623 4007 725 4061 nia:
762 4008 863 4061 sibi
893 4008 1191 4060 commissa:
1227 4006 1477 4059 laudetur
1515 4021 1545 4059 a
1578 4006 1803 4060 Domino
1857 4022 1974 4070 suo,
2006 4016 2061 4060 et
2088 4008 2184 4061 ho-

626 4107 845 4151 noretur
902 4104 1101 4149 aaterna
1166 4095 1353 4163 gloria.
1396 4094 1510 4147 Noli
1563 4096 1847 4148 Dominum
1887 4104 1938 4148 te
1990 4106 2184 4164 putare

623 4184 825 4247 seculi,
858 4184 950 4238 sed
1009 4182 1471 4251 dispensatorem;
1510 4198 1613 4235 non
1658 4192 1709 4236 te
1764 4197 2017 4236 numerus
2064 4199 2185 4253 pro—

626 4272 944 4338 pinquorum
976 4284 1194 4322 avarum
1238 4269 1419 4332 faciat,
1459 4271 1612 4338 quasi
1664 4271 1767 4325 illis
1805 4270 1859 4325 in
1899 4271 2185 4325 haeredita-

626 4366 731 4410 tcm
761 4371 1087 4426 congregare
1110 4356 1325 4409 debeas.
1356 4356 1470 4410 Non
1504 4358 1673 4411 deerit
1712 4361 1924 4413 occasio
1958 4376 2183 4430 congre—

626 4446 803 4515 gandi,
839 4445 883 4499 si
908 4444 1232 4513 cupiditatis,
1277 4459 1396 4513 qua:
1420 4452 1503 4499 est
1548 4445 1784 4498 omnium
1834 4446 1983 4499 radix
2018 4448 2184 4501 malo-

628 4550 763 4596 rum,
824 4533 1038 4607 [fomes]
1094 4534 1401 4588 inardescit.
1457 4534 1641 4589 Nullus
1674 4536 1845 4615 hazres
1891 4535 2078 4589 melior
2102 4546 2184 4591 est

626 4629 841 4683 Christo
868 4648 880 4681 :
924 4645 1079 4683 nemo
1106 4631 1180 4682 tui
1212 4629 1443 4681 thesauri
1470 4628 1677 4682 fidelior
1700 4641 1879 4684 custos
1908 4638 2011 4683 est.
2046 4628 2183 4683 Nam

629 4736 817 4775 manus
869 4720 1115 4789 pauperis
1156 4719 1265 4789 65
1319 4719 1753 4787 gazophylacium
1818 4730 1900 4773 est
1958 4720 2179 4775 Christi.

627 4810 776 4874 Quod
809 4826 874 4863 ex
904 4811 1006 4864 tuis
1030 4810 1303 4864 obtutibus
1333 4808 1405 4861 illi
1427 4807 1803 4863 commendare
1826 4810 2052 4877 placeat,
2077 4812 2179 4866 hoc

628 4913 721 4968 per
750 4914 938 4952 manus
965 4899 1283 4951 miserorum
1310 4898 1481 4950 mitte.
1512 4897 1713 4967 Duplex
1735 4896 1829 4950 fiat
1846 4898 2181 4969 eleemosyna

698 5106 723 5132 ι
766 5094 1058 5177 liquit-endo
1075 5093 1319 5177 lpsalmo‘s
1346 5095 1643 5177 decentem:
1661 5094 2185 5177 .yideﬂdisquisitiof

630 5178 749 5233 nem
765 5161 964 5233 AMabill.
988 5166 1051 5216 de
1072 5161 1240 5233 Cursu
1262 5163 1449 5216 Gallic.
1473 5180 1590 5233 pag.
1613 5163 1716 5217 445
1735 5172 1789 5216 et
1815 5161 1985 5216 Vitam
2013 5167 2181 5220 sancti

630 5231 1172 5319 ενὶρὲιέπξίίξνίθρονί
1199 5231 1513 5319 Tamesae.
1541 5231 1658 5319 sua?
1682 5248 1802 5319 cur
1840 5234 2185 5319 mutetis-

630 5301 772 5354 nodii
800 5301 1025 5355 habetur
1049 5310 1176 5355 tom.
1206 5304 1223 5355 l
1249 5301 1347 5370 Op.
1381 5301 1669 5364 Sirmondi,
1698 5301 1800 5356 col.
1834 5301 1987 5354 1666.
2026 5304 2183 5357 Varia

628 5370 874 5449 exempla
893 5370 1279 5449 episcopomt_n,
1308 5370 1399 5449 q_ui
1422 5371 1689 5449 psallendo
1710 5372 2185 5449 equitaliant,_con-

629 5437 796 5503 gessit
816 5437 1193 5491 Thomassinus
1216 5437 1433 5493 Praefat.‘
1457 5440 1507 5493 in
1546 5438 1706 5491 Psalt.
1731 5437 1974 5495 secunda:
1997 5440 2183 5494 editio-

630 5506 1001 5579 ιιίεηΡΑβδι-οκ.
1030 5536 1097 5545 -
1127 5506 1303 5579 Codex
1345 5516 1523 5579 tamen
1571 5507 1861 5579 Salisburg.
1896 5510 2017 5579 loco
2044 5511 2185 5579 equi-

632 5575 803 5644 tando:
837 5574 997 5629 habet
1017 5576 1291 5644 quando,
1312 5578 1462 5644 quasi

700 5642 726 5680 δ
765 5635 1023 5700 Romanos
1054 5635 1249 5701 discere
1280 5635 1505 5701 ordines.

1574 5576 1677 5629 uali
1705 5576 1833 5630 voce
1852 5576 2178 5631 alternando.

1583 5645 1920 5703 estimonium
1961 5648 2029 5702 sit
2070 5648 2183 5705 haec

2287 1852 2419 1899 teut.
2454 1844 2734 1913 Nunquam
2776 1861 2942 1900 saera:
2984 1848 3367 1902 benedictionis
3408 1846 3570 1915 pallio
3605 1845 3844 1899 induaris

2285 1935 2485 2003 absque
2508 1934 2855 1989 diaconorum
2889 1938 3175 1991 astantium
3207 1938 3517 1991 ministerio.
3548 1936 3757 1991 Habeas
3778 1946 3831 1990 et

2285 2024 2660 2088 subdiaconus,
2711 2035 3041 2094 ceterosque
3092 2026 3379 2080 ordinatim
3426 2027 3625 2097 gradus
3660 2025 3842 2081 Eccle-

2284 2114 2397 2176 siae,
2443 2122 2705 2181 quatenus
2752 2114 3076 2183 septiformis
3099 2117 3151 2169 in
3200 2117 3353 2170 donis
3392 2117 3563 2171 sancti
3603 2115 3834 2185 Spiritus

2284 2204 2521 2258 Ecclesia
2547 2204 2842 2273 septiformi
2868 2208 3357 2271 ccclesiasticorum_
3372 2211 3630 2277 graduum
3657 2209 3841 2262 distin-

2284 2294 2457 2347 ctione
2485 2292 2702 2363 fulgeat.
2745 2294 2950 2349 Habeat
2980 2297 3340 2366 unusquisque
3388 2296 3585 2367 gradus
3608 2297 3839 2366 dignita-

2287 2385 2355 2438 tis
2393 2400 2502 2439 sua:
2549 2384 2725 2438 locum
2765 2393 2819 2439 et
2868 2388 3286 2452 vestimentum;
3326 2398 3379 2441 et
3404 2387 3449 2441 si
3501 2388 3554 2442 in
3583 2388 3842 2442 conviviis

2283 2474 2415 2529 ordo
2439 2476 2709 2529 seniorum
2735 2484 2790 2528 et
2818 2475 3133 2544 dignitatum
3185 2478 3477 2533 servandus
3501 2487 3602 2543 est,
3641 2487 3841 2549 quanto

2285 2568 2453 2633 magis
2480 2566 2531 2617 in
2563 2565 2799 2619 Ecclesia
2846 2566 3040 2620 Christi
3070 2574 3082 2620 t
3115 2567 3195 2621 Sit
3239 2569 3412 2623 clerus
3455 2570 3507 2623 in
3536 2570 3719 2623 habitu
3746 2570 3839 2624 ho-

2285 2656 2530 2718 nestatis,
2560 2665 2613 2708 ct
2640 2656 2789 2708 vultu
2830 2658 3181 2722 constantize;
3214 2666 3265 2711 et
3294 2658 3348 2711 iu
3385 2671 3514 2712 voce
3559 2656 3833 2712 moderata

2284 2754 2585 2811 cantantes,
2644 2748 2815 2817 magis
2850 2748 2957 2802 Deo
3002 2749 3211 2817 placere
3253 2749 3481 2803 nitentes
3531 2763 3693 2818 quam
3741 2750 3835 2803 hoc

2283 2836 2517 2888 minibus
2568 2835 2619 2903 (1
2684 2836 2915 2889 Τήεεεαι.
2947 2854 3013 2899 ιι,
3045 2838 3122 2907 4).
3180 2838 3445 2892 Exaltatio
3492 2838 3838 2893 immoderata

2285 2925 2433 2978 vocis
2484 2926 2759 2994 jactantiaa
2802 2926 3013 2996 signum
3051 2936 3134 2981 est
3163 2945 3174 2979 :
3206 2926 3298 2982 sed
3319 2928 3497 2981 omnia
3527 2929 3582 2981 in
3630 2928 3841 2981 humili-

2286 3024 2396 3070 tate
2421 3025 2472 3069 et
2500 3018 2723 3071 honeste
2772 3017 2923 3082 fiant,
2953 3027 3005 3070 et
3030 3034 3133 3071 non
3176 3019 3474 3088 despiciant
3514 3019 3540 3057 1'
3571 3018 3840 3073 Romanos

2292 3065 2392 3070 ---η
2428 3065 2472 3069 --
2500 3065 2721 3071 -_---__--
2959 3065 3004 3070 _-
3030 3065 3133 3071 ---η
3180 3065 3474 3088 ---τω-η-
3572 3065 3838 3073 ---ω---η

2206 3065 2252 3127 C
2286 3106 2491 3161 discere
2530 3107 2767 3168 ordines,
2816 3116 3078 3174 quatenus
3106 3117 3263 3174 caput
3305 3107 3662 3161 Ecclesiarum
3688 3106 3839 3161 Chri-

2283 3195 2371 3258 sti,
2408 3196 2697 3247 secundum
2726 3194 3032 3249 facultatem
3080 3194 3271 3248 virium
3312 3195 3584 3249 imitantes
3626 3196 3840 3249 benedi-

2282 3284 2512 3336 ctionem
2541 3298 2571 3334 a
2594 3283 2751 3337 beato
2783 3283 2942 3337 Petro
2985 3284 3223 3353 principe
3272 3283 3653 3351 apostolorum,
3681 3298 3835 3351 quem

2284 3372 2538 3426 Dominus
2561 3381 2742 3426 noster
2777 3372 2931 3427 Iesus
2953 3372 3195 3427 Christus
3225 3383 3386 3441 caput
3406 3374 3559 3428 electi
3599 3372 3699 3427 sibi
3721 3385 3837 3442 gre-

2283 3462 2362 3527 gis
2389 3463 2592 3524 statuit,
2627 3463 2822 3515 habere
2857 3470 3164 3515 mereantur
3212 3471 3488 3516 aeternam.
3533 3462 3683 3518 Sicut
3724 3448 3839 3531 apis

2283 3550 2676 3619 sapientissima
2704 3551 2903 3614 omnia,
2930 3566 3047 3619 qua:
3076 3551 3370 3604 honestatis
3414 3559 3555 3614 sunt,
3586 3552 3838 3605 discendo

2282 3645 2524 3712 probate,
2555 3654 2609 3697 et
2633 3660 2751 3712 quae
2788 3646 2984 3713 optima
3016 3660 3133 3699 esse
3181 3644 3448 3709 videntur,
3478 3644 3720 3715 eligendo
3758 3659 3839 3697 re-

2284 3735 2467 3787 tinete.
2526 3732 2825 3787 Prtevideat
2870 3742 3055 3787 sancta
3110 3734 3329 3788 solertia
3380 3743 3469 3788 tua
3501 3744 3523 3772 ι
3557 3732 3839 3801 magistros

2282 3822 2483 3890 pueris,
2510 3822 2656 3876 clero
2686 3822 2923 3894 [Baluz.,
2971 3822 3173 3895 clerici]
3209 3830 3569 3893 segregentur,
3605 3821 3837 3890 separati

2284 3927 2433 3967 more
2458 3912 2685 3975 illorum,
2712 3912 2803 3980 qui
2829 3912 2995 3967 libros
3018 3912 3213 3983 legant,
3252 3912 3343 3981 qui
3368 3910 3649 3966 cantilena:
3670 3911 3838 3964 inser-

2283 4002 2451 4067 viant,
2502 4002 2593 4071 qui
2632 4001 2899 4057 scribendi
2945 4002 3120 4056 studio
3156 4002 3493 4071 deputentur.
3545 3998 3757 4053 Habeas
3781 4007 3837 4053 et

2285 4093 2507 4161 singulis
2552 4093 2637 4145 his
2692 4092 2969 4147 ordinibus
2996 4095 3281 4163 magistros
3308 4106 3453 4155 suos,
3495 4105 3562 4143 ne
3586 4098 3845 4144 vacantes

2290 4180 2422 4252 [Al.,
2482 4180 2758 4251 vagantes]
2809 4182 2920 4235 otio
2974 4182 3094 4249 vagi
3148 4181 3449 4235 discurrant
3474 4193 3571 4249 per
3618 4180 3757 4243 loca,
3786 4188 3841 4232 et

2286 4272 2472 4326 inanes
2521 4280 2806 4325 exerceant
2855 4270 3023 4334 ludos,
3053 4269 3137 4323 vel
3179 4270 3298 4323 aliis
3334 4270 3841 4337 mancipenturine-

2209 4397 2259 4456 ο
2283 4362 2429 4431 ptiis.
2470 4360 2595 4415 Haec
2641 4362 2820 4414 omnia
2842 4369 2896 4414 et
2941 4360 3309 4427 solertissima,
3365 4360 3440 4416 fili
3475 4361 3792 4416 charissime
3822 4362 3835 4412 !

2285 4460 2373 4504 tua
2401 4449 2702 4504 consideret
2754 4450 3106 4518 providentia,
3151 4458 3413 4519 quatenus
3449 4450 3503 4503 in
3530 4448 3657 4503 sede
3692 4449 3839 4517 prin-

2282 4541 2439 4610 cipali
2477 4542 2650 4611 gentis
2696 4550 2892 4595 nostra:
2931 4541 3093 4593 totius
3152 4539 3407 4593 bonitatis
3433 4546 3488 4593 et
3513 4538 3831 4593 eruditionis

2283 4631 2401 4685 fons
2426 4632 2749 4695 inveniatur,
2788 4639 2844 4685 et
2862 4644 2929 4683 ex
2958 4645 3023 4684 eo
3052 4630 3239 4684 sitiens
3262 4630 3436 4683 viator
3470 4628 3555 4683 vel
3582 4628 3836 4684 ecclesia-

2281 4722 2430 4776 sticae
2466 4720 2759 4790 disciplinae
2794 4731 3024 4784 amator,
3073 4719 3333 4788 quidquid
3361 4719 3629 4774 desiderat
3650 4720 3829 4773 anima

2283 4823 2399 4873 sua,
2454 4808 2673 4863 haurire
2708 4807 2903 4861 valeat.
2944 4808 3185 4879 [Habetis
3215 4824 3299 4862 me
3352 4808 3753 4873 devotissimum
3786 4810 3839 4861 in

2282 4900 2367 4955 his
2398 4900 2667 4965 omnibus,
2722 4900 2847 4954 licet
2896 4901 2950 4955 in
2980 4900 3275 4971 peregrinis
3308 4899 3660 4966 habitantem,
3688 4900 3838 4972 adju-

2281 5099 2501 5170 epistola
2544 5098 2877 5170 antiquitatis
2917 5099 3118 5170 ordinis
3163 5099 3406 5170 Romani,
3446 5100 3511 5170 de
3546 5115 3654 5170 quo
3695 5110 3843 5158 certe

2281 5168 2479 5236 mentio
2511 5167 2650 5236 nulla
2688 5168 2788 5220 hac
2814 5168 3043 5236 gravior,
3073 5178 3165 5222 aut
3190 5169 3458 5236 antiquior
3482 5167 3739 5225 hactenus
3765 5172 3843 5225 al-

2282 5235 2388 5358 gata
2432 5242 2532 5288 est.
2580 5235 2653 5288 De
2692 5250 2757 5289 eo
2802 5235 2946 5307 legas
2992 5238 3186 5293 Mabill.
3234 5235 3362 5290 tom.
3408 5235 3451 5290 ll
3494 5237 3674 5293 Musaei
3719 5239 3835 5294 Ital.

2324 5318 2521 5357 ASSION.

2324 5318 2521 5357 ASSION.

2352 5383 2373 5410 ε
2415 5372 2690 5445 Magistros
2715 5375 2905 5443 pueris.
2933 5372 3008 5428 De
3027 5374 3110 5445 his
3132 5373 3385 5445 Aletrinas
3400 5373 3615 5445 saepius.
3639 5374 3837 5430 larem

2284 5442 2711 5513 instruendorum
2745 5458 3032 5513 puerorum
3056 5444 3109 5513 in
3131 5442 3373 5513 Angliam
3396 5442 3603 5497 induxit
3624 5452 3840 5499 sanctus

2283 5511 2609 5584 {\ugustjnus
2638 5511 2824 5584 illuc'__a_
2845 5520 3029 5584 sancto
3056 5511 3308 5584 Gregorio
3327 5513 3841 5584 missu_s,_nt_narrat

2281 5576 2621 5704 132.70%.
2670 5581 2724 5636 in
2766 5580 2885 5634 Vita
2932 5579 3071 5636 illius
3112 5576 3279 5639 sa'ncti
3322 5580 3595 5643 Pontiﬁcis
3634 5580 3837 5655 ιίιιηιι,

2282 5663 2427 5703 num.
2469 5663 2508 5701 Ι.
2541 5663 2615 5703 ω.
