4226 6202
612 308 704 360 ΞἨ
788 360 793 365 .

614 422 731 469 rest
752 412 807 467 in
825 421 1105 468 aeternum.
1140 412 1274 467 Dum
1298 410 1477 466 lucem
1508 414 1690 477 habes,
1721 428 1897 476 curre,
1927 427 2172 482 propera,
2204 420 2256 476 Α

614 504 806 557 festina
829 502 895 555 ad
919 499 1015 556 Dei
1044 501 1484 572 misericordiam,
1509 502 1598 570 qui
1639 511 1856 570 paratus
1896 510 1979 555 est
2002 502 2171 570 poeni-

615 602 792 650 tcntes
836 593 1106 663 suscipere
1139 601 1195 650 et
1211 602 1581 649 convertentes
1605 592 1672 647 ad
1704 608 1763 647 se
1788 592 2075 657 consolari,
2105 606 2174 645 ne

616 684 795 739 veniat
818 683 912 737 tibi
939 683 1073 748 dies,
1104 697 1209 753 qua
1247 682 1381 738 velis
1398 692 1453 737 et
1487 697 1593 737 non
1620 683 1811 751 possis.
1837 681 1957 737 Noli
1982 682 2175 736 erube-

618 772 876 826 scentiam
901 785 1168 841 opponere
1208 772 1306 827 tibi
1346 771 1645 826 dimittendi
1667 770 1816 842 [Hs.,
1839 770 2172 842 demittendi]

618 860 759 929 quod
794 859 981 928 cepisti
1008 877 1023 914 :
1050 860 1220 930 major
1253 867 1337 914 est
1378 859 1743 914 erubescentia
1770 858 2002 912 animam
2030 867 2175 912 tuam

618 949 996 1019 perpetualiter
1029 950 1226 1018 perire,
1255 964 1414 1017 quam
1442 948 1632 1017 impios
1667 948 1810 1002 viros
1831 947 2177 1016 praesentiali-

621 1048 707 1093 ter
729 1039 1001 1106 deserere;
1032 1039 1126 1094 sed
1153 1040 1339 1110 magis,
1370 1040 1413 1094 si
1436 1039 1698 1107 quoslibet
1738 1053 1805 1093 ex
1826 1038 1929 1092 illis
1961 1053 2179 1093 conver-

621 1138 738 1183 tere
760 1130 938 1184 valeas
968 1131 1037 1184 ab
1059 1130 1337 1200 impetrata
1369 1127 1715 1199 [perpetrata]
1738 1126 1958 1193 malitia,
1988 1126 2073 1181 fac
2099 1128 2179 1181 di-

624 1216 869 1285 ligenter,
906 1226 966 1272 ut
1011 1218 1207 1273 habeas
1246 1214 1547 1272 mercedem
1592 1217 1953 1272 conversionis
2000 1224 2104 1270 tuae
2146 1232 2178 1271 a

624 1308 787 1374 malo,
814 1317 869 1364 et
891 1308 1109 1364 alterius
1143 1310 1363 1380 pariter.
1391 1308 1457 1362 Et
1500 1308 1614 1363 haec
1661 1316 1744 1362 est
1777 1308 2034 1373 charitas,
2062 1324 2179 1377 qua:

624 1398 846 1467 cooperit
870 1397 1252 1471 multitudinem
1275 1408 1597 1467 peccatorum
1642 1396 1696 1467 (Ι
1721 1396 1863 1450 Petr.
1891 1413 1964 1462 ιν,
1991 1397 2077 1468 9);
2124 1405 2180 1453 et

627 1484 741 1539 haec
766 1483 969 1541 faciens
1001 1486 1119 1539 vive
1154 1484 1378 1540 feliciter
1401 1493 1456 1540 et
1500 1485 1673 1538 valeto
1694 1485 1747 1538 in
1794 1498 1945 1553 pace.
1984 1486 2182 1553 Depre-

627 1587 723 1626 cor
744 1574 809 1626 ut
823 1574 938 1628 haec
957 1573 1195 1627 chartula
1216 1573 1407 1642 sepius
1432 1573 1489 1627 in
1529 1574 1813 1641 prmsentia
1841 1573 2047 1643 legatur
2067 1582 2179 1633 tua,

629 1670 689 1715 ut
710 1664 1005 1718 recorderis
1028 1664 1103 1717 tui
1126 1664 1293 1733 ipsius
1309 1664 1363 1717 in
1388 1664 1517 1729 Deo,
1540 1672 1595 1717 et
1619 1672 1909 1733 cognosc‘as
1928 1672 2181 1732 quantam

1466 307 1525 359 ll.
1564 306 1626 359 F.
1660 304 1879 359 ALBINI
1918 304 2045 360 SEU
2083 303 2355 359 ALCUINI
2390 304 2667 362 OPERL’M
2704 307 2880 363 PARS
2911 309 2953 361 l.

2778 414 3108 470 EPISTOLA
3146 416 3323 470 LXIII.

2549 510 2615 548 AD
2652 507 2953 548 εωκυινυιι
2993 507 3167 548 REGE!
3206 509 3530 549 IEICIOIUI.

2858 581 3033 652 (Anno
3091 584 3238 655 796.)

2360 673 2440 724 Ad
2466 688 2676 741 regnum
2704 681 2929 726 evectum
2962 672 3203 749 hortatur
3225 673 3296 727 ad
3320 674 3489 744 regias
3508 676 3737 730 virtutes.

2342 762 2801 818 Excellentissimo
2826 763 2943 816 viro
2982 763 3027 809 δν
3056 763 3313 819 Cmnulvo
3362 766 3476 836 regi
3515 764 3838 821 Merciorum

2273 854 2491 908 humilis
2512 854 2669 908 levita
2702 852 2926 908 Albinus
2953 853 3199 908 salutem.

2344 942 2506 995 Multa
2532 941 2661 995 mihi
2688 940 2872 995 laetitia
2897 950 2979 994 est
3002 941 3067 995 de
3084 950 3260 995 vestra
3284 932 3542 1007 bonitate,
3571 943 3835 998 modestia

2274 1041 2329 1086 et
2358 1032 2636 1086 nobilitate
2662 1046 2889 1093 morum,
2919 1030 3058 1085 sicut
3096 1033 3302 1101 regiam
3341 1034 3652 1101 dignitatem
3680 1024 3839 1089 decet

2274 1123 2511 1185 omnino,
2563 1129 2623 1173 ut
2674 1128 2874 1189 quanto
2911 1120 3193 1175 sublimior
3235 1130 3319 1177 est
3374 1124 3576 1185 honore
3601 1125 3832 1188 caeteris,

2274 1218 2425 1265 tanto
2452 1209 2678 1264 nobilior
2692 1209 2776 1262 .sit
2798 1208 2943 1262 omni
2978 1224 3184 1263 morum
3220 1209 3568 1279 perfectione,
3611 1208 3836 1279 iustitiae

2276 1301 2489 1363 decore,
2546 1298 2759 1367 pietatis
2805 1297 3119 1363 sanctitate;
3168 1299 3294 1365 quia
3350 1299 3636 1353 clementia
3689 1300 3837 1369 regis

2276 1390 2516 1443 omnium
2551 1388 2846 1451 hominum,
2876 1396 2935 1439 ut
2965 1381 3019 1439 in
3060 1386 3294 1455 antiquis
3337 1386 3534 1456 legitur
3571 1389 3837 1451 historiis,

2276 1478 2539 1533 excellere
2560 1478 2710 1530 decet
2733 1474 3173 1539 consuetudines;
3204 1476 3366 1528 etiam
3390 1484 3445 1529 et
3472 1485 3655 1531 sancta
3688 1476 3838 1532 Scri-

2279 1575 2432 1637 ptura
2478 1566 2723 1621 dicente:
2756 1564 3116 1619 Misericordia
3155 1572 3211 1619 et
3251 1568 3451 1620 veritas
3497 1566 3699 1620 exaltat
3743 1582 3838 1621 so-

2282 1658 2412 1711 lium
2434 1656 2613 1727 (Prov.
2646 1671 2735 1718 xx,
2760 1653 2873 1725 28).
2897 1655 2964 1708 Et
2991 1655 3045 1708 in
3080 1654 3306 1709 Psalmis
3348 1655 3415 1709 de
3452 1654 3566 1717 Deo
3593 1657 3839 1725 omnipo-

630 1767 812 1805 curam
834 1752 945 1822 jam
964 1752 1123 1821 longe
1146 1752 1348 1821 positus
1365 1752 1590 1807 habeam
1613 1752 1799 1807 salutis
1824 1760 1946 1806 tum.
1976 1752 2033 1806 Si
2054 1752 2181 1821 quid
2215 1737 2239 1797 ε

2217 1737 2256 1797 Β
2282 1746 2410 1800 lenti
2444 1744 2677 1807 dicitur;
2722 1741 2987 1796 Uniuersa
3026 1744 3122 1796 vim
3152 1743 3360 1795 Domini
3405 1744 3758 1798 misericordia
3786 1753 3859 1798 et.

629 1840 807 1896 valeas
827 1842 1048 1897 suadere
1072 1841 1236 1912 genti,
1263 1856 1383 1896 cum
1412 1857 1515 1911 qua
1564 1841 1714 1896 exsul
1754 1842 1880 1907 eris,
1910 1841 1977 1896 de
2014 1841 2184 1896 salute

631 1945 749 1994 sua,
778 1932 887 1986 noli
917 1932 1200 2002 negligere,
1229 1940 1288 1985 ut
1314 1931 1589 1986 citius'Dei
1614 1931 1843 1985 donante
1870 1930 2048 2000 gratia
2066 1944 2185 1998 per-

630 2018 814 2073 venias
834 2020 902 2073 ad
923 2026 1067 2073 tuam
1093 2018 1253 2073 etiam
1277 2018 1524 2072 salutem.

1147 2104 1474 2161 EPISTOLA
1498 2106 1653 2160 LXII.

976 2210 1042 2249 AD
1078 2211 1324 2259 QUEIDAI
1364 2209 1833 2250 AICBIEPISCOPUI.

1232 2287 1409 2357 (Anno
1446 2285 1591 2356 796.)

636 2379 857 2433 Nuntiat
880 2394 1007 2444 sese,
1036 2377 1276 2446 depositis
1306 2376 1485 2430 διτοκιὶ
1511 2373 1948 2446 occupationibus,
1977 2391 2185 2445 praepa-

1016 2444 1133 2499 rare
1158 2446 1226 2498 ad
1246 2460 1518 2499 occursum
1545 2444 1775 2499 Domini.

704 2535 1050 2589 Sanctissimo
1073 2534 1209 2603 patri
1234 2534 1651 2603 archiepiscopo,
1683 2534 1897 2589 humilis
1927 2534 2065 2590 illius
2089 2534 2183 2588 Al-

632 2626 827 2679 cninus
851 2625 1098 2678 salutem.

703 2715 849 2768 Sciat
876 2712 1179 2774 dulcissima
1226 2712 1561 2779 paternilatis
1586 2721 1777 2766 vestra:
1801 2712 2013 2767 dilectio
2045 2715 2187 2782 quod

629 2818 732 2872 ego
775 2801 913 2855 filius
966 2808 1104 2864 tuus,
1150 2812 1176 2839 ι
1227 2800 1405 2853 saeculi
1445 2802 1880 2870 occupationibus
1911 2803 2180 2871 depositis,

634 2890 735 2945 soli
770 2890 880 2944 Deo
920 2902 1109 2943 vacare
1146 2888 1407 2942 desidem.
1440 2888 1561 2943 Ideo
1608 2889 1861 2958 deprecor
1879 2889 2183 2943 Almitatem

633 2988 892 3041 vestram,
926 2985 985 3031 ut
1008 2992 1093 3029 me
1127 2976 1335 3030 eximia:
1357 2978 1654 3033 sanctitatis
1674 2988 1862 3035 vestra:
1887 2980 2186 3033 benedictio

633 3075 690 3119 ct
735 3064 908 3119 oratio
950 3071 1335 3131 consequatur,
1377 3072 1639 3132 quatenus
1684 3066 1861 3119 divina
1905 3068 2182 3120 clementia
2211 3060 2255 3119 C

636 3171 832 3223 paucos
856 3155 977 3209 vita:
1006 3170 1135 3208 mea:
1163 3153 1278 3209 dies
1312 3153 1402 3222 qui
1453 3155 1740 3222 supersint,
1782 3155 1835 3210 in
1880 3170 1976 3210 suo
2003 3164 2187 3210 sancto

635 3243 853 3297 servitio
876 3243 942 3296 ad
968 3242 1189 3296 salutem
1216 3242 1406 3296 animm
1426 3257 1559 3296 mea:
1585 3257 1901 3297 conservare
1920 3243 2182 3313 dignetur.

635 3332 770 3385 Dum
794 3331 938 3383 omni
965 3330 1165 3383 homini
1194 3344 1411 3383 necesse
1453 3336 1535 3382 est
1563 3329 1708 3396 vigili
1744 3344 1871 3401 cura
1901 3344 1956 3381 se
1985 3343 2187 3395 prmpa-
2250 3338 2255 3341 ‘

637 3432 757 3471 rare
784 3418 848 3470 ad
874 3432 1151 3470 occursum
1174 3416 1381 3469 Domini
1419 3415 1513 3468 Dei
1540 3416 1641 3480 sui,
1664 3423 1862 3483 quanto
1905 3417 2073 3485 magis
2107 3432 2187 3469 se-

638 3507 895 3568 nioribus,
920 3504 1010 3573 qui
1032 3512 1156 3558 sunt
1177 3504 1331 3557 annis
1353 3512 1408 3557 et
1429 3503 1825 3559 infirmitatibus
1846 3507 2047 3561 crebris
2062 3524 2190 3563 con-

637 3594 815 3659 fracti,
842 3609 965 3647 suas
1005 3592 1229 3647 sollicita
1277 3606 1405 3645 cura
1449 3592 1717 3661 lampades
1762 3607 1976 3656 ornare,
2006 3603 2065 3647 ut
2108 3594 2187 3648 di-

638 3699 775 3752 gnus
807 3685 1045 3752 donante
1066 3681 1176 3735 Deo
1221 3680 1483 3735 elliciatur
1529 3680 1825 3735 lucentibus
1857 3680 2187 3749 lampadibus

635 3773 791 3842 [Hs.,
820 3770 1113 3841 lampades]
1142 3784 1422 3824 occurrere
1467 3768 1668 3823 cmlesli
1697 3784 1911 3836 sponso,
1939 3785 2005 3822 ne
2045 3769 2198 3823 foras'

637 3872 780 3918 stare
808 3869 1051 3930 cogatur,
1082 3860 1400 3912 intrantibus
1423 3857 1541 3911 aliis
1566 3857 1633 3910 ad
1655 3856 1951 3910 convivium
1974 3860 2188 3924 superni

635 3954 799 4021 regis,
830 3951 972 4019 quod
1023 3948 1195 4017 pietas
1236 3946 1443 4000 Domini
1498 3946 1667 4000 uestri
1713 3946 1837 4000 Jesu
1876 3945 2074 3999 Christi
2103 3962 2188 3999 me

637 4043 831 4096 Filium
868 4049 1016 4094 tuum
1060 4038 1348 4100 vobiscum,
1380 4035 1711 4090 sanctissime
1734 4034 1907 4098 Pater,
1936 4045 2185 4104 perpetua

637 4132 991 4201 prosperitate
1022 4129 1219 4181 intrare
1263 4127 1536 4180 concedat.
1568 4126 1819 4179 Dominus
1840 4125 1983 4180 Deus
2022 4141 2184 4179 vene—

640 4220 863 4271 randam
895 4216 1192 4271 sanctitatis
1234 4222 1421 4268 vestrae
1462 4216 1717 4269 caniciem
1752 4226 2053 4269 sanctarum
2094 4216 2187 4269 do-

638 4307 726 4361 nis
749 4306 1001 4358 virtutum
1027 4302 1249 4373 {Supple
1287 4300 1495 4365 llorere,
1525 4303 1599 4357 vel
1628 4302 1814 4372 simile]
1839 4302 2017 4367 faciat,
2049 4304 2186 4356 desi-

636 4392 1011 4449 derantissime
1040 4391 1224 4444 Pater!

705 4537 731 4564 ι
747 4522 936 4579 chuli
952 4521 1365 4592 occupationibus
1386 4521 2033 4592 dqositileucgpertinet,
2050 4526 2189 4592 quod

641 4593 894 4646 Alcuinus
914 4590 1098 4645 scribit
1138 4591 1189 4643 in
1210 4592 1363 4659 epist.
1396 4590 1494 4643 129
1529 4592 1595 4643 ad
1638 4590 1883 4643 Carolum
1905 4592 2027 4645 data
2049 4590 2190 4648 anno

642 4659 998 4729 80l..¢_l“ere,
1030 4658 1218 4729 inquit,
1244 4658 1378 4711 ante
1411 4658 1968 4729 hoc_quinqpennium
2000 4660 2074 4729 (id
2110 4672 2192 4715 est

639 4743 784 4781 anno
810 4724 910 4781 796
933 4725 953 4793 )
983 4725 1260 4793 smerdares
1303 4726 1693 4793 occupationes,
1714 4726 1880 4782 Deum
1901 4724 2189 4790 testor,non

644 4798 771 4851 ﬁcto
810 4792 971 4849 corde
1007 4792 1270 4864 declinare
1283 4792 1549 4864 cogitavi;
1573 4794 1664 4864 sed
1684 4805 1869 4845 vestae
1898 4795 1996 4859 piae
2016 4800 2189 4864 pravi-

642 4865 839 4919 dentize
886 4860 1109 4916 consilio
1134 4860 1417 4915 translatus
1457 4876 1571 4915 sum
1603 4861 1657 4915 in
1703 4866 1976 4914 servitium
2016 4860 2189 4920 sancti

647 4932 881 4997 Martini,
929 4929 1052 4984 ﬁdei
1092 4930 1369 4998 catholica:
1410 4936 1463 4984 et
1483 4930 1864 4998 ecclesiastica:
1911 4932 2188 4998 sanctioni,

646 5000 759 5078 Deo
782 5002 1029 5078 donante,
1054 4996 1368 5067 proﬁcuum.
1404 5016 1423 5051 ι
1456 4997 1909 5078 Ηίηἱλφίεωιᾳᾳι
1951 4996 2187 5078 pressu;

568 5114 571 5117 .
650 5075 754 5120 tem
778 5068 1029 5135 scriptam
1055 5064 1174 5120 esse
1195 5078 1397 5135 censeo;
1414 5064 1681 5135 anno7796
1694 5080 1799 5135 quo
1816 5064 2067 5121 Alcuinus
2093 5083 2190 5122 saa-

648 5135 754 5188 culi
776 5132 1207 5203 occupationibus
1220 5132 1473 5201 depositis
1488 5134 1661 5187 aulam
1685 5132 1986 5200 relinquens
2010 5134 2063 5187 in
2087 5136 2192 5189 Tu-

652 5215 879 5271 ronense
920 5202 1297 5271 monasterium
1341 5204 1579 5271 secessit,
1628 5203 1693 5257 de
1735 5217 1841 5271 quo
1874 5216 2087 5257 secessu
2138 5206 2189 5258 in

651 5270 964 5339 Prazfatione
998 5270 1226 5339 generali
1249 5270 1399 5339 plura
1422 5270 1666 5339 diximus.

722 5339 748 5377 δ
786 5336 1213 5407 ϐαραιρρεΑιὶίε
1250 5336 1516 5405 ’Κεηειιίω
1544 5340 1882 5407 nominatur,
1933 5340 2024 5406 qui
2070 5349 2189 5407 post

649 5404 1075 5487 obitum_§gl'ridi
1122 5406 1357 5487 diadema
1407 5404 1553 5476 regni
1604 5406 1914 5487 Merciorum
1950 5404 2192 5487 suscepit

651 5490 789 5527 anno
835 5473 935 5527 796
990 5480 1112 5526 ante
1165 5474 1302 5526 diem
1356 5473 1550 5528 nonum
1596 5477 1791 5529 mensis
1842 5473 2186 5538 Novembris,

646 5541 792 5607 juxta
837 5541 1101 5608 calculum
1147 5541 1473 5595 celeberrimi
1524 5542 1669 5608 Pagii
1706 5545 1769 5595 ad
1816 5559 2009 5597 annum
2065 5546 2185 5606 79H,

651 5625 795 5662 num.
825 5607 909 5671 25,
934 5617 985 5660 et
1019 5610 1139 5674 8‘21,
1177 5624 1320 5662 num.
1352 5610 1419 5660 2‘2
1448 5619 1497 5661 et
1525 5612 1609 5663 25.

2278 1835 2467 1888 veritas
2507 1830 2677 1902 (Psal.
2706 1846 2849 1893 xxiv,
2882 1830 2990 1901 10).
3016 1831 3280 1896 Quantum
3308 1830 3533 1900 quisque
3558 1830 3677 1899 plus
3698 1833 3840 1886 veri-

2279 1922 2405 1975 tatis
2429 1928 2483 1974 et
2502 1919 2881 1976 misericordia:
2912 1918 3161 1987 operibus
3186 1917 3372 1988 fulget,
3399 1902 3548 1972 tanto
3573 1919 3836 1989 majorem

2280 2011 2441 2065 habet
2465 2011 2517 2063 in
2540 2024 2597 2063 se
2621 2008 2913 2063 divinitatis
2936 2008 3241 2076 imaginem.

2348 2099 2499 2153 Illum
2526 2111 2735 2167 semper
2764 2096 2967 2151 habeas
3000 2097 3055 2150 in
3095 2103 3293 2159 mente,
3329 2107 3352 2134 ι
3400 2096 3491 2164 qui
3517 2104 3570 2149 te
3611 2108 3838 2163 egenum

2278 2187 2548 2250 exaltavit,
2576 2196 2629 2240 et
2647 2186 2824 2255 posuit
2849 2200 3009 2255 super
3028 2183 3483 2253 principespopuli
3508 2184 3611 2237 sui.
3643 2182 3839 2235 Recto-

2282 2291 2397 2330 rem
2427 2285 2479 2330 te
2511 2275 2680 2343 magis
2704 2289 2950 2344 agnosce,
3002 2281 3299 2345 pastorem»
3319 2281 3375 2326 et
3414 2274 3837 2342 dispensatorem

2282 2365 2540 2425 donorum
2572 2362 2687 2427 Dei,
2717 2377 2874 2431 quam
2906 2363 3177 2417 dominum
3200 2362 3285 2415 vel
3316 2372 3640 2417 exactorem.
3683 2360 3838 2416 Sem-

2281 2469 2376 2523 per
2408 2454 2463 2508 in
2500 2461 2676 2507 mente
2709 2453 2907 2507 habeas
2928 2452 3160 2522 Optimos
3201 2451 3229 2490 ιι
3259 2451 3572 2506 nobilissimi
3592 2464 3835 2506 anteces-

2280 2545 2419 2597 soris
2448 2544 2521 2596 tui
2552 2556 2745 2606 mores,
2768 2542 3080 2595 modestiam
3106 2541 3159 2594 in
3189 2541 3613 2604 conversatione,
3642 2549 3696 2594 et
3722 2548 3837 2595 stu-

2283 2634 2428 2687 dium
2456 2634 2510 2686 in
2556 2632 2870 2701 corrigendo
2897 2632 3059 2684 vitam
3098 2630 3276 2700 populi
3317 2631 3625 2686 Christiani.
3672 2632 3837 2696 Quid-

2282 2723 2411 2792 quid
2434 2735 2562 2775 vero
2586 2721 2673 2775 ille
2698 2722 2751 2774 in
2772 2735 2935 2788 regno
2956 2720 3051 2777 tihi
3078 2735 3107 2773 a
3131 2720 3239 2774 Deo
3258 2720 3383 2774 dato
3404 2720 3540 2789 bene
3559 2720 3837 2787 disposuit,

2283 2813 2384 2867 hoc
2420 2819 2509 2865 tua
2542 2810 2941 2880 diligentissime
2969 2816 3321 2877 prosequatur
3349 2809 3558 2862 devotio
3582 2823 3597 2860 :
3636 2811 3683 2862 si
3712 2808 3839 2876 quid

2284 2914 2412 2953 vero
2434 2913 2593 2951 avare
2618 2897 2700 2950 vel
2724 2897 3007 2950 crudeliter
3036 2897 3217 2967 gessit,
3254 2898 3356 2951 hoc
3383 2898 3600 2953 omnino
3623 2899 3717 2951 tibi
3747 2912 3838 2951 ca-

2285 3002 2408 3043 vere
2429 2986 2786 3041 necessarium
2831 3000 2948 3040 esse
2976 3000 3220 3053 agnosce.
3250 2984 3367 3040 Non
3402 2986 3545 3040 enim
3572 2987 3686 3040 sine
3714 3001 3840 3039 cau-

2287 3092 2344 3131 sa
2378 3088 2402 3115 °
2445 3060 2799 3131 nobilissimus
2848 3072 2986 3128 filius
3038 3074 3176 3128 illius
3229 3084 3336 3129 tam
3379 3090 3548 3144 parvo
3604 3084 3840 3143 tempore

2286 3165 2418 3217 vixit
2454 3180 2614 3233 super
2644 3174 2882 3233 patrem;
2924 3180 3062 3233 smpe
3092 3167 3281 3220 merita
3303 3169 3472 3235 patris
3500 3168 3837 3223 vindicantur

2272 3256 2341 3306 ‘in
2364 3253 2488 3307 llliis
2517 3253 2667 3323 μη,
2694 3254 2871 3325 filios].
2916 3254 3122 3309 llabeas
3149 3256 3484 3311 consiliarios
3522 3258 3834 3327 prudentes,

2286 3341 2451 3399 Deum
2483 3342 2745 3405 timentes,
2767 3341 3030 3409 justitiam
3052 3354 3311 3408 amantes,
3337 3360 3528 3414 pacem
3550 3361 3675 3400 cum
3699 3347 3835 3399 ami-

2284 3432 2361 3485 cis
2388 3432 2768 3495 desiderantes,
2801 3432 2959 3485 ﬁdem
2992 3439 3052 3485 ct
3079 3420 3414 3486 sanctitatem
3458 3434 3514 3486 in
3556 3448 3839 3487 conversa-

2286 3518 2427 3570 tione
2460 3518 2545 3584 pia
2584 3518 2942 3571 ostendentes.
2966 3517 3119 3571 'Gens
3144 3520 3286 3574 enim
3324 3519 3616 3590 Anglorum
3658 3522 3839 3575 multis

2284 3617 2501 3678 propter
2526 3618 2740 3678 peccata
2759 3607 3009 3677 fatigatur
3029 3609 3479 3675 tribulationibus,
3510 3625 3628 3678 qua:
3650 3625 3835 3680 regum

2285 3700 2541 3761 bonitate,
2574 3707 2629 3751 et
2656 3699 2989 3753 sacerdotum
3011 3698 3207 3753 Christi
3240 3696 3638 3766 praedicatione,
3667 3708 3836 3769 espo-

2282 3790 2392 3855 puli
2424 3790 2677 3857 religione
2707 3789 2955 3857 erigenda
2983 3796 3064 3841 est
3102 3787 3169 3841 ad
3199 3787 3405 3856 antiqui
3430 3788 3642 3841 culmen
3674 3788 3837 3842 hono-

2286 3877 2388 3939 ris;
2435 3883 2697 3943 quatenus
2727 3875 3005 3928 benedicta
3040 3883 3251 3944 patrum
3296 3884 3602 3930 nostrorum
3646 3891 3833 3946 proge—

2282 3968 2401 4019 nies
2438 3976 2745 4035 perpetuam
2792 3974 3056 4019 mereatur
3100 3966 3374 4038 possidere
3414 3965 3746 4030 felicitatem,
3782 3975 3839 4020 et

2285 4053 2560 4121 praesentis
2586 4052 2733 4120 regni
2766 4052 3128 4115 stabilitatem,
3168 4062 3223 4106 et
3250 4062 3436 4107 contra
3458 4052 3705 4107 inimicos
3727 4051 3835 4107 for-

2286 4140 2582 4199 titudinem,
2611 4148 2675 4213 ⁸ιη
2704 4139 2938 4193 Ecclesia
2981 4139 3178 4193 Christi
3223 4151 3428 4196 crescat
3469 4151 3525 4196 et
3549 4132 3791 4211 proficiat
3819 4183 3834 4206 ,

2286 4228 2422 4279 sicut
2459 4242 2487 4278 a
2529 4226 2725 4278 sanctis
2751 4226 2996 4281 Patribus
3053 4229 3296 4283 ordinata
3340 4238 3472 4283 erat.
3522 4231 3835 4285 Sacerdotes

2287 4314 2481 4367 Christi
2508 4302 2734 4381 semper,
2763 4314 3055 4369 clarissime
3084 4325 3283 4382 rector,
3302 4318 3593 4373 honoriﬁce
3614 4320 3830 4384 habeas,

2217 4379 2265 4436 ι)
2290 4404 2409 4470 quia
2434 4379 2637 4469 quanto
2647 4402 2767 4469 plus
2790 4401 2985 4456 Christi
3023 4418 3222 4469 servos,
3252 4379 3307 4459 et
3335 4407 3479 4461 verbi
3521 4407 3612 4461 Dei
3641 4379 3833 4476 praedi;

2358 4545 2379 4572 ε
2427 4532 2526 4596 Qui
2570 4542 2617 4583 te
2641 4548 2851 4597 egenum
2878 4532 3137 4586 exultavit.
3178 4534 3481 4597 Enimvero,
3505 4543 3563 4588 ut
3598 4534 3836 4588 Alfortus

2289 4603 2353 4655 ad
2397 4617 2589 4654 annum
2620 4600 2721 4653 797
2752 4601 2862 4653 ait:
2899 4620 2916 4651 ‹
2956 4602 3209 4655 Kenulfus
3250 4602 3394 4656 nullo
3440 4600 3571 4666 'ure,
3618 4603 3839 4656 titulove

2289 4668 2699 4741 sanguinis,_se_d
2724 4669 2891 4741 solum
2919 4668 3168 4722 virtutum
3186 4670 3397 4741 Jmerito
3426 4616 3684 4741 (ngrido)
3716 4685 3838 4741 suc:

2288 4673 2699 4750 sanguinis,_sed
2724 4673 2891 4721 solum
2919 4673 3168 4722 virtutum
3205 4673 3397 4725 merito
3426 4673 3684 4751 (l-lglrido)
3716 4685 3835 4725 suc-

2288 4736 2623 4815 ςβεεξί-Ἑυη
2645 4734 2835 4815 Ρθιιάφ
2858 4750 3043 4815 nscas
3075 4752 3149 4815 ει
3171 4737 3500 4815 .Qhena'chls
3527 4738 3714 4815 fratrs;
3745 4739 3835 4809 sui

2289 4805 2622 4861 Kentwinum
2652 4805 2847 4873 genuit,
2878 4805 2940 4857 et
2956 4806 3044 4858 ille
3070 4806 3417 4862 Cuthbertum
3451 4808 3715 4877 Kenulphi
3744 4805 3836 4877 pa-

2294 4883 2779 4994 1Ἑξιιῑωῗέοιζὶιίειίηιί
2803 4946 3153 4997 antecessoris.
3190 4942 3357 4998 Gll'am
3394 4943 3709 5003 Merciorum
3754 4957 3839 4995 re-

2288 5025 2407 5079 gem
2435 5018 2601 5071 notat,
2647 5010 2749 5070 boc
2796 5024 2934 5066 anno
2974 5011 3298 5075 defunctum,
3355 5017 3415 5064 ut
3459 5011 3665 5079 sapius
3700 5010 3869 5075 dixi-g

2292 5093 2788 5215 mlitNoltilissimus
2810 5106 2950 5213 ﬁlius
2971 5144 3128 5208 illius,
3156 5145 3421 5215 ngridus.
3453 5146 3677 5203 Causam
3701 5161 3843 5215 pra:-

2291 5212 2483 5266 maturi
2512 5212 2667 5283 hujus
2706 5212 2880 5267 obitus
2906 5214 3157 5283 Alcninus
3201 5212 3255 5269 in
3294 5215 3523 5283 epistola
3547 5216 3614 5268 ad
3641 5212 3843 5270 Osber-

2292 5289 2402 5352 tum
2451 5281 2740 5352 patritium,
2794 5297 2911 5351 qum
2959 5281 3502 5345 desideratur,'hanc
3541 5285 3836 5352 assignat:

2295 5367 2313 5397 ‹
2346 5348 2478 5419 Non,
2504 5350 2693 5415 inquit,
2720 5352 2787 5404 ob
2809 5348 3026 5417 peccata
3068 5367 3162 5404 sua
3207 5352 3401 5419 (morte
3437 5348 3688 5405 sublatus
3704 5360 3836 5419 esti,

2290 5418 2529 5488 sedquia
2558 5427 2716 5488 pater
2751 5432 2879 5471 suus
2930 5431 3036 5488 pro
3071 5418 3473 5488 confirmatione
3522 5420 3671 5488 regni
3694 5486 3703 5488 μ
3716 5419 3836 5488 ejus

2292 5484 2511 5538 multum
2541 5484 2846 5553 sanguinem
2886 5484 3083 5539 effudit.
3126 5505 3144 5536 ο
3177 5484 3658 5543 Malmesburiensis
3693 5484 3785 5538 lib.
3814 5499 3832 5537 ι

2292 5552 2419 5621 ilcg.
2449 5554 2599 5620 Angl.
2628 5568 2742 5619 cap.
2775 5552 2823 5603 4.
3848 5578 3851 5583 ‹
