4238 6206
362 366 462 424 233

1786 356 2141 411 151⁸1⁸3101ρῶ
2155 396 2167 409 .

3496 353 3600 409 234

357 492 566 539 catores
587 479 961 536 venerabiliter
985 481 1262 541 observas,
1296 485 1442 531 tanto
1467 477 1635 545 magis
1668 475 1917 530 Christus
1947 477 1994 530 Δ
2023 480 2079 523 ut
2121 470 2370 539 protieias
2413 471 2464 521 in
2507 468 2789 535 sapientia,
2831 468 2884 520 in
2934 485 3134 531 amore,
3186 479 3235 519 et
3262 470 3464 523 honore
3508 480 3606 524 (o-

358 591 453 631 rex
480 591 637 630 verus
665 584 720 629 et
742 575 861 643 pius
875 582 1023 627 tuum
1043 568 1300 625 honorem
1327 567 1527 621 exaltat
1550 575 1599 620 et
1617 563 1921 623 conﬁrmat,

359 670 679 727 sanctissuis
698 666 1167 723 intercedentibus.
1195 663 1415 716 Summa
1441 659 1627 714 :eterni
1652 659 1793 727 regis
1817 656 1925 725 pie-

357 766 441 812 tas
471 773 567 812 vos
592 756 831 828 longmva
860 755 1214 826 prosperitate
1271 763 1496 821 regnare
1544 748 1824 809 concedat,
1872 754 1927 829 et

358 852 595 920 perpetui
633 851 779 918 regni
810 848 1192 903 beatitudinem
1222 845 1373 899 vobis
1395 844 1629 897 tribucre
1657 840 1923 910 dignetur.

358 940 570 993 domine
608 938 1117 992 desiderantissime.

862 1044 1189 1101 EPISTOLA
1230 1042 1410 1097 LXIV.

936 1152 1003 1189 AD
1055 1146 1339 1187 SIIEONEI.

961 1224 1135 1294 (Anno
1185 1220 1331 1289 796.)

360 1316 667 1375 Meritoria»:
702 1314 1021 1375 commendat
1052 1313 1365 1365 traditarum
1388 1309 1485 1362 sibi
1514 1307 1638 1362 olim
1667 1306 1933 1361 doctrina-

840 1401 953 1437 rum
980 1393 1027 1435 et
1071 1398 1225 1435 novas
1265 1380 1433 1433 addit.

426 1475 757 1533 Veneranda:
787 1473 1060 1544 dignitatis
1080 1479 1133 1525 et
1162 1470 1482 1523 dulcissima:
1507 1468 1791 1522 charitatis
1821 1465 1929 1518 ﬁlio

359 1580 384 1608 ι
407 1566 643 1621 Simeoni
667 1578 875 1619 summo
898 1560 1159 1615 sacerdoti
1178 1559 1401 1611 Albinus
1419 1557 1696 1627 przesentis
1716 1570 1935 1624 prospe-

360 1651 536 1711 ritatis
570 1664 626 1709 et
663 1661 930 1724 perpetua:
978 1650 1323 1706 beatitudinis
1353 1651 1405 1703 in
1443 1649 1659 1704 Christo
1685 1649 1931 1701 salutem.

429 1745 589 1800 Multa
614 1745 745 1798 mihi
774 1741 965 1796 ﬁducia
997 1750 1077 1795 est
1104 1741 1156 1794 in
1194 1740 1297 1793 ﬁde
1318 1749 1515 1801 vestra,
1547 1748 1601 1793 et
1622 1739 1786 1792 multa
1816 1737 1931 1789 laus

360 1838 414 1890 in
443 1836 685 1889 bonitate
714 1841 921 1895 vestra;
958 1840 1011 1883 et
1046 1845 1297 1897 magnum
1317 1828 1657 1891 desiderium,
1691 1838 1746 1881 ut
1770 1828 1933 1896 proli-
1966 1808 2011 1868 Β

357 1926 473 1980 cias
504 1926 568 1979 de
601 1925 685 1977 die
713 1924 765 1975 in
794 1922 933 1975 diem
963 1921 1014 1973 iu
1042 1920 1306 1974 charitate
1352 1919 1574 1981 Christi,
1602 1920 1667 1982 jn
1714 1934 1937 1972 conver-

361 2019 568 2072 satione
601 2013 1029 2083 religioszevitze,
1064 2020 1118 2065 et
1150 2011 1202 2064 in
1254 2020 1543 2079 conspectu
1596 2012 1691 2065 Dei
1722 2013 1774 2063 in
1812 2026 1935 2062 san-

359 2116 567 2160 etorum
605 2104 771 2172 gloria
806 2102 1141 2163 meritorum,
1182 2100 1246 2153 de
1284 2101 1478 2167 quibus
1508 2102 1705 2169 smpius
1735 2100 1937 2153 sancti-

282 2259 288 2265 .
364 2196 524 2250 tatem
556 2204 699 2248 luatn
742 2192 937 2246 litteris
969 2192 1101 2244 meis
1142 2191 1430 2245 admonere
1461 2192 1677 2254 curavi;
1715 2201 1774 2244 ut
1802 2192 1941 2245 sicut

362 2285 653 2354 Dei‘gratia
696 2284 949 2344 donante,
984 2295 1173 2349 meque
1210 2290 1425 2335 teneros
1464 2282 1741 2335 crudiente
1773 2296 1941 2333 annos

362 2379 428 2433 ad
457 2380 599 2455 hunc
630 2377 859 2431 feliciter
901 2374 1255 2428 sanctissima:
1290 2374 1567 2441 dignitatis
1602 2374 1628 2411 ιι
1652 2373 1946 2440 perductus

363 2483 422 2523 es
460 2469 702 2539 gradum,
735 2468 806 2517 ita
856 2474 967 2517 toto
997 2464 1174 2517 cordis
1219 2463 1322 2517 mei
1376 2461 1568 2516 affectu
1617 2472 1742 2531 opto
1775 2461 1941 2514 Deum

363 2573 522 2628 quem
567 2558 826 2625 deprecor
856 2563 913 2607 ut
950 2570 1161 2625 semper
1201 2562 1253 2607 te
1284 2555 1335 2607 in
1366 2554 1635 2607 anteriora
1682 2552 1941 2630 extendas

368 2663 489 2701 cum
516 2646 787 2716 Apostolo,
832 2644 1001 2699 donec
1038 2645 1318 2712 pervenias
1349 2645 1414 2697 ad
1443 2644 1726 2699 sublimem
1753 2660 1946 2713 perpe-

368 2747 474 2791 tua:
522 2728 869 2809 beatitudinis
904 2750 1195 2804 coronant:
1243 2734 1295 2787 in
1346 2742 1659 2802 tantumque
1706 2749 1944 2803 pnesens

368 2837 487 2881 tuas
513 2827 724 2894 implevi
748 2827 996 2894 precibus
1028 2842 1203 2891 aures,
1233 2834 1287 2879 et
1301 2826 1494 2878 absens
1508 2825 1691 2877 oculos
1704 2825 1946 2893 apicibus

368 2917 684 2986 paginarum
713 2932 971 2979 mearum,
1014 2925 1073 2969 ut
1098 2919 1256 2970 modo
1281 2916 1413 2969 nihil
1442 2917 1562 2969 novi
1592 2916 1832 2970 invenire
1853 2932 1944 2970 va—

369 3007 472 3071 leo,
501 3007 643 3075 quod
678 3014 960 3060 transacta:
987 3005 1287 3060 sedulitatis
1327 3020 1459 3059 meae
1490 3006 1757 3060 devotioni
1790 3005 1943 3077 [Ms.,

370 3104 639 3149 transacta
672 3095 973 3167 devmione]
1005 3096 1173 3164 possit
1201 3096 1568 3165 superaugeri,
1594 3097 1697 3151 nisi
1721 3107 1777 3149 ut
1801 3097 1943 3151 dicta

370 3184 522 3258 [Ms.,
555 3184 771 3257 dilecta]
810 3196 1045 3254 paternae
1093 3187 1307 3256 pietatis
1350 3186 1590 3256 vigilanti
1644 3187 1947 3240 recorderis

371 3276 567 3338 animo,
614 3286 667 3329 et
695 3277 893 3343 scripta
934 3276 1035 3344 pim
1064 3277 1442 3331 admonitionis
1480 3279 1674 3347 sa‘pius
1712 3278 1952 3347 relegere

372 3349 690 3418 studeasdln
715 3366 908 3432 quibus
942 3380 1067 3418 vero
1101 3366 1146 3418 si
1183 3364 1313 3433 quid
1342 3367 1519 3420 minus
1549 3382 1682 3421 meae
1708 3369 1952 3423 dilectio-

274 3492 279 3495 .
352 3454 457 3523 pnis
505 3450 656 3521 style
686 3462 968 3506 exaratum
1030 3451 1287 3525 invenias,
1341 3469 1447 3507 non
1494 3470 1627 3509 mete
1680 3457 1835 3525 culpa
1869 3466 1953 3510 est

373 3543 679 3607 voluntatis,
732 3545 825 3596 sed
866 3540 1159 3617 obliviosu’s
1197 3544 1511 3610 ignorantiae
1539 3561 1709 3608 error,
1750 3548 1835 3601 cui
1874 3556 1954 3600 ta-
2012 3586 2019 3597 .

376 3648 495 3685 men
522 3631 603 3686 fas
630 3643 710 3686 cst
746 3633 949 3701 ignosci
982 3650 994 3684 :
1026 3641 1187 3700 atque
1222 3633 1422 3686 utinam
1451 3643 1641 3687 vestra:
1671 3636 1955 3689 beatitudi-

374 3723 459 3776 nis
496 3734 601 3775 tam
644 3737 813 3791 prona
860 3723 930 3774 sit
971 3722 1182 3775 devotio
1230 3722 1297 3775 ad
1332 3722 1712 3799 perﬁciendam
1742 3726 1955 3793 scriptzc

374 3815 754 3869 admonitionis
799 3815 1015 3875 seriem,
1046 3830 1207 3882 quam
1237 3830 1352 3868 mea
1390 3816 1627 3885 gaudens
1652 3818 1825 3871 estad
1848 3834 1955 3871 mo-

376 3906 608 3961 nendum
654 3903 908 3958 obtritas.
963 3904 1076 3957 lloc
1126 3912 1331 3957 tantum
1379 3920 1541 3958 unum
1582 3906 1714 3959 mihi
1752 3907 1806 3959 iu
1857 3908 1956 3961 hac

376 3996 614 4050 chartula
642 3995 931 4049 admonere
963 4005 1139 4047 ratum
1178 3994 1476 4056 videbatur,
1507 4003 1770 4061 quatenus
1792 3996 1955 4049 animi

379 4090 451 4142 tui
478 4088 828 4149 nobilitatem,
864 4101 1023 4155 quam
1054 4085 1105 4138 in
1138 4092 1189 4137 te
1218 4085 1419 4152 optime
1458 4085 1716 4147 sciebam,
1748 4094 1799 4138 et
1833 4100 1957 4138 san-

378 4187 477 4231 cla:
516 4177 637 4231 ﬁdei
689 4175 1046 4244 integritatem
1077 4189 1235 4243 quam
1268 4174 1464 4227 habere
1510 4174 1575 4228 ad
1605 4189 1792 4228 omnes
1821 4175 1955 4228 sole-

380 4266 492 4327 bas,
554 4264 715 4318 nullis
766 4264 1061 4316 amicorum
1107 4261 1379 4325 consiliis,
1431 4261 1572 4318 nulla
1620 4262 1955 4317 stecularium

382 4353 670 4415 ambitione
699 4352 1088 4406 desideriorum
1110 4352 1401 4419 corrumpi,
1431 4351 1512 4404 νιιί
1542 4352 1811 4406 immutari
1838 4368 1959 4421 per-

1972 3138 2022 3204 (Ξ

2028 577 2142 614 ram
2173 562 2281 614 Deo
2305 570 2359 613 et
2386 560 2712 623 hominibus,
2747 569 2804 611 ut
2831 559 2959 613 nihil
2990 561 3081 612 tibi
3109 562 3244 614 desit
3276 563 3327 614 in
3352 561 3456 614 ulla
3483 578 3605 632 gia-

2030 653 2120 713 tia,
2162 652 2253 705 sed
2287 652 2481 719 ubique
2536 651 2654 719 pius
2703 665 2965 719 apparens
3014 659 3067 703 et
3120 652 3366 707 amabilis
3411 651 3521 705 Deo
3550 662 3603 707 et

2027 739 2172 791 omni
2220 738 2433 808 populo.
2481 740 2686 792 Vestrze
2733 740 3082 793 beatitudinis
3112 742 3502 809 auctoritatem,
3555 749 3603 793 et

2028 828 2182 881 bona‘.
2236 828 2525 880 voluntatis
2576 828 2825 881 affectum
2893 828 3031 881 Deus
3086 828 3333 883 Christus
3388 845 3601 897 augere,

2030 917 2266 970 exaltare
2297 924 2350 970 et
2375 931 2695 969 conservare
2726 918 2974 986 dignetur
3004 917 3054 968 in
3080 928 3367 981 aeternum,
3397 919 3609 972 domino

2032 1005 2104 1057 ﬁli
2138 1006 2188 1057 in
2223 1005 2438 1059 Christo
2479 1006 2815 1067 charissime,
2848 1014 2902 1059 et
2951 1006 3003 1059 in
3049 1009 3194 1060 omni
3238 1009 3377 1061 bono
3402 1008 3611 1061 deside-

2035 1095 2359 1149 rantissime.

2560 1172 2893 1229 EPISTOLA
2922 1174 3073 1228 1.XV
3088 1214 3107 1231 .

2424 1276 2490 1313 AD
2546 1276 2808 1315 διμῑοκιῑκ
2857 1279 3221 1318 ελεῑιιυυτεκ.

2038 1352 2101 1406 In
2126 1354 2385 1421 prosperis
2424 1363 2470 1406 et
2510 1354 2738 1407 adt'etsis
2764 1359 2945 1408 suadet
2984 1358 3143 1408 animi
3174 1359 3613 1419 moderationem;

2104 1440 2320 1475 munera
2370 1425 2557 1483 mittit,
2601 1426 2784 1477 sttuch
2824 1425 3119 1477 Romanum
3172 1426 3420 1478 Ordinem
3440 1429 3615 1479 doceri

2105 1491 2320 1561 elerum.
2376 1491 2561 1551 .‘llelitts
2613 1511 2666 1545 se
2699 1495 2885 1545 habere
2936 1497 3137 1546 nuntiat
3184 1512 3245 1546 ex
3289 1496 3613 1561 inﬁrmitate.

2107 1559 2351 1613 Studium
2377 1578 2539 1612 saertc
2578 1562 2808 1615 lectionis
2831 1576 2877 1615 et
2908 1564 3175 1631 sapientiie
3201 1559 3544 1616 romnieudat.

2109 1651 2333 1703 Albinus
2361 1662 2379 1686 ε
2416 1649 2650 1703 Simeoni
2684 1667 2851 1705 saccrt
2894 1653 2948 1705 ili
2980 1652 3228 1706 salutem.

2108 1738 2325 1792 Gaudeo
2351 1740 2415 1792 de
2452 1740 2796 1793 tribulatione
2836 1750 2890 1792 et
2926 1742 3281 1808 prosperitate
3321 1751 3515 1805 vestra,
3546 1742 3621 1795 ﬁli

2040 1830 2110 1882 mi
2162 1830 2498 1893 charissiine,
2559 1831 2681 1896 quia
2730 1831 3004 1883 tribulatio
3056 1832 3295 1899 corporis
3344 1832 3489 1885 salus
3538 1842 3623 1887 est

2040 1924 2264 1984 animae;
2304 1932 2357 1975 et
2387 1922 2720 1989 prosperitas
2744 1926 2864 1974 vita:
2910 1921 3072 1987 hujus
3099 1923 3353 1989 gaudium
3384 1931 3463 1975 est
3491 1924 3625 1975 ami-

2040 2028 2245 2066 carum.
2293 2012 2579 2074 Memento,
2623 2013 2764 2080 quod
2799 2028 2985 2065 otunes
3035 2011 3203 2065 sancti
3253 2012 3625 2067 tribulatione:

2041 2102 2182 2169 passi
2222 2109 2345 2154 sunt
2386 2102 2437 2153 in
2466 2102 2567 2153 hoc
2601 2103 2817 2163 mundo,
2850 2118 3079 2169 quarum
3113 2103 3377 2155 acerbitas
3408 2118 3511 2156 nou
3540 2111 3626 2158 est

2041 2193 2302 2259 condigna
2351 2190 2544 2245 futura:
2600 2193 2945 2246 beatitudinis
3011 2193 3463 2246 remuneratione.
3519 2195 3620 2257 Qui

2042 2283 2163 2351 plus
2189 2283 2373 2335 oneris
2399 2290 2579 2350 portat
2610 2282 2662 2335 in
2710 2283 2889 2344 dorso,
2940 2284 3059 2351 plus
3111 2284 3323 2335 sudoris
3378 2284 3539 2337 sentit
3574 2285 3624 2337 in

2043 2386 2287 2438 corpore.
2327 2371 2466 2435 Quid
2512 2379 2594 2423 est
2646 2368 2805 2436 hujus
2852 2371 3029 2424 stt-culi
3072 2372 3260 2431 honor,
3311 2373 3410 2424 nisi
3465 2388 3628 2441 gravo

2042 2464 2249 2531 pondus
2284 2463 2541 2515 viatoris?
2592 2463 2753 2514 Liber
2799 2464 2971 2514 viator
3010 2462 3219 2514 felicius
3276 2464 3419 2516 vadit
3465 2478 3622 2531 quam

2044 2553 2376 2605 sarcinarum
2410 2551 2775 2617 magnitudine
2800 2560 3043 2603 onustus.
3072 2552 3272 2606 Tamen
3312 2554 3377 2605 ad
3412 2567 3625 2605 mensu-

2047 2650 2160 2697 ram
2192 2644 2477 2711 uuicuique
2509 2645 2802 2697 secundum
2838 2660 2987 2697 suam
3029 2644 3480 2712 dispensationem
3531 2643 3623 2696 dat

2046 2732 2207 2794 Deus,
2236 2732 2354 2784 aliis
2383 2733 2479 2792 sic,
2506 2732 2626 2783 aliis
2652 2746 2778 2783 vero
2818 2733 2915 2785 sic.
2970 2732 3073 2785 Sed
3102 2734 3466 2801 unusquisque
3495 2732 3623 2785 ﬁcio-

2048 2822 2173 2876 liler
2203 2822 2428 2883 laboret,
2455 2832 2512 2873 ut
2541 2820 2771 2874 feliciter
2794 2833 2981 2891 regnet
3011 2838 3131 2874 eum
3152 2824 3385 2876 Christo.

2122 2912 2145 2948 ¹¹
2174 2910 2432 2965 Cuculum
2458 2912 2729 2965 vernalem
2761 2927 2913 2964 avem
2943 2923 3134 2965 vestra:
3158 2913 3327 2966 direxi
3358 2914 3631 2967 sanctitati

2050 3018 2172 3057 cum
2222 3002 2553 3055 munusculis
2582 3003 2868 3070 parvitatis
2921 3017 3090 3056 mem:
3124 3004 3280 3057 modo
3326 3017 3451 3055 vero
3496 3018 3623 3071 par-

2050 3112 2177 3149 vum
2220 3096 2348 3163 quid
2374 3095 2480 3148 vini
2528 3096 2697 3147 diri-vi
2738 3095 2889 3148 vobis
2926 3103 2981 3148 et
3012 3094 3270 3149 fratribus
3297 3104 3351 3150 et
3400 3095 3625 3154 amicis:

2051 3192 2103 3236 et
2134 3184 2199 3236 de
2238 3194 2428 3251 stagno
2463 3182 2637 3252 Morte,
2666 3182 2881 3253 statuto]
2913 3184 3079 3237 libras
3106 3201 3134 3237 (τ
3162 3185 3230 3237 ad
3258 3199 3419 3253 opera
3447 3198 3630 3237 neces-

2050 3275 2189 3327 saria
2222 3272 2501 3335 facienda;
2529 3282 2583 3325 et
2618 3285 2640 3311 θ
2666 3273 2929 3327 cancellos
2964 3284 3210 3341 quatuor.
3249 3275 3468 3328 Videtur
3509 3288 3632 3326 con-

2051 3366 2269 3433 dignum
2292 3373 2350 3417 ut
2365 3362 2675 3418 domuscula
2690 3363 2993 3416 cloecarum
3022 3374 3214 3431 stagno
3243 3372 3455 3417 tccatur
3472 3378 3634 3431 pr0p~

2052 3466 2137 3509 ter
2163 3463 2544 3508 ornamentum
2574 3465 2627 3507 et
2659 3454 2759 3506 loci
2792 3454 3182 3506 celebritatem.
3602 3470 3603 3473 η

2122 3543 2197 3597 De
2222 3544 2556 3596 ordinatione
2591 3552 2646 3595 et
2682 3543 3030 3611 dispositione
3064 3542 3288 3596 Slissalis
3312 3543 3495 3596 Libelli
3517 3540 3628 3595 'nc-

2053 3637 2165 3689 scio
2193 3651 2291 3688 cur
2337 3634 2709 3695 demandasli;
2744 3634 2982 3701 nunquid
3029 3648 3135 3685 non
3184 3633 3347 3687 habes
3388 3632 3629 3685 Romano

2055 3741 2203 3779 more
2234 3725 2514 3779 ordinatos
2544 3723 2748 3776 libellos
2780 3724 3105 3776 sat-ratorios
3132 3724 3505 3775 abundanter?
3529 3723 3633 3775 lla-

2056 3815 2150 3867 bes
2170 3830 2380 3883 quoque
2393 3822 2447 3867 et
2470 3812 2665 3865 veteris
2681 3811 3082 3863 consuetudinis
3104 3809 3429 3864 sufﬁcienter
3444 3811 3633 3864 Sarra-

2058 3908 2320 3962 meutaria
2355 3904 2557 3971 majora
2582 3921 2595 3966 ;
2626 3904 2753 3972 quid
2782 3918 2915 3971 opus
2941 3911 3022 3957 est
3067 3918 3200 3956 nova
3230 3905 3478 3964 condere,
3508 3903 3631 3957 dum

2054 4009 2237 4053 vetera
2280 3996 2591 4052 sufﬁciunt?
2634 3995 2849 4063 Aliquid
2874 3994 3161 4047 voluissem
3188 4004 3332 4046 tuam
3373 3994 3636 4063 incepisse

2057 4088 2429 4141 auctoritatem
2458 4085 2683 4138 Romani
2714 4084 2931 4137 Ordinis
2962 4084 3014 4136 in
3046 4082 3190 4135 clero
3220 4090 3329 4143 tuo,
3372 4093 3425 4134 ut
3450 4097 3632 4135 exem-

2056 4175 2139 4245 pla
2168 4190 2196 4229 a
2226 4183 2274 4227 te
2302 4182 2602 4235 sumantur,
2644 4181 2697 4225 et
2720 4171 3081 4225 ecclesiastica
3111 4169 3288 4223 ofﬁcia
3319 4172 3635 4225 venerabili.

2059 4284 2141 4326 ter
2164 4282 2218 4327 et
2258 4269 2596 4324 laudabiliter
2626 4268 2897 4321 vobiscum
2934 4274 3177 4334 agantur.
3232 4263 3335 4319 Sed
3376 4266 3482 4319 rari
3514 4278 3637 4320 sunt

2059 4359 2347 4427 adjutores,
2391 4356 2527 4411 forte
2572 4356 2742 4420 dicis;
2774 4356 2865 4411 sed
2920 4352 3089 4421 major
3130 4355 3280 4407 bona:
3330 4354 3639 4407 intentionis

384 4444 585 4523 mittas.
626 4441 743 4495 Non
767 4442 944 4495 omnis
985 4441 1192 4494 amicus
1223 4440 1563 4495 consiliarius
1587 4457 1707 4495 esse
1742 4444 1957 4521 poterit,
1992 4465 2042 4523 ι)
2066 4451 2212 4503 labor
2260 4448 2448 4515 majori
2486 4460 2709 4501 summa:
2756 4445 3028 4499 felicitatis
3069 4444 3497 4497 remunerabitur
3546 4457 3637 4497 co-

382 4516 593 4591 dicenle
619 4533 897 4603 Scriptura
923 4552 934 4585 :
968 4533 1135 4587 Amici
1169 4533 1260 4585 tibi
1289 4533 1389 4585 sint
1419 4532 1588 4594 multi,
1620 4516 1953 4587 consiliarius

384 4632 556 4677 autem
581 4639 713 4676 unus
744 4620 936 4693 (Eccli.
971 4637 1019 4673 vr
1038 4661 1051 4682 ,
1079 4619 1153 4689 6).
1182 4618 1299 4673 Noli
1337 4628 1482 4672 tuam
1504 4620 1801 4673 bonitatem
1823 4618 1955 4673 alio-

385 4728 504 4767 rum
538 4710 881 4781 improbitate
916 4712 1217 4766 obscurari.
1266 4708 1398 4765 Nolo
1450 4726 1600 4765 amor
1643 4720 1958 4780 tuusquem

385 4804 521 4858 bona
546 4802 749 4872 pietate
769 4810 825 4857 et
844 4801 1119 4856 voluntate
1154 4816 1222 4857 es
1265 4803 1374 4857 tuis
1397 4804 1479 4858 vel
1509 4802 1701 4857 alienis
1726 4815 1961 4857 comme-

389 4894 563 4959 ruisti,
604 4892 826 4949 alterius
850 4890 1169 4963 negligentia
1204 4893 1287 4946 vel
1317 4893 1519 4947 malitia
1544 4894 1840 4956 obruatur;
1868 4892 1961 4946 sed

457 5036 483 5065 ι
526 5023 758 5080 Simoni
779 5039 988 5094 summa
1009 5022 1284 5094 sacerdoti.
1311 5021 1426 5094 Hoc
1451 5038 1645 5094 nomen
1678 5022 1959 5094 Symeonis

391 5093 719 5164 adscititium
772 5109 895 5149 esse
950 5090 1210 5164 Eanbaldi
1266 5092 1499 5159 junioris
1567 5090 1961 5164 archiepiscopi

393 5158 748 5218 Eboracensis
782 5178 925 5217 nunc
980 5158 1319 5221 manifestum
1363 5171 1446 5215 est
1488 5176 1555 5217 ex
1605 5163 1707 5217 alia
1752 5158 1963 5219 Alcuihi

392 5229 617 5303 epistola
653 5231 856 5303 codicis
893 5229 1195 5303 Harleiani,
1225 5229 1292 5281 ad
1335 5224 1687 5303 Eanbaldum_
1713 5234 1966 5301 archiepi-

394 5297 609 5381 scopis.
649 5297 992 5381 liborttgeuis
1015 5299 1244 5355 ecclesia
1286 5311 1620 5370 cognomento
1649 5297 1929 5371 Symonein
1949 5343 1963 5364 ,

396 5369 700 5491 paulo‘post
724 5369 1045 5423 exhibenda.
1353 5369 1358 5370 ⁷
1594 5398 1603 5413 ρ
1699 5369 1706 5371 ⁷

400 5506 415 5518 _
466 5439 496 5479 δ
598 5436 841 5518 εςάᾼιιςιικ
891 5454 944 5491 es
969 5438 1230 5518 ,γωνίης
1290 5438 1366 5493 Ex
1414 5437 1531 5518 bis__
1554 5437 1732 5518 verbis
1772 5438 1969 5518 colligo

400 5506 540 5563 hanc
566 5505 843 5575 epistolam
878 5505 1133 5575 scriptam
1156 5505 1321 5561 fuisse
1349 5521 1454 5561 non
1485 5506 1571 5559 diu
1603 5516 1725 5574 post
1750 5505 1972 5563 electio-

403 5589 523 5630 netu
552 5569 821 5650 ‘Eanbaldi
876 5575 941 5631 ad
983 5569 1500 5650 irehiepiscopatom
1552 5569 1967 5650 Eboracensem,

402 5655 540 5766 ἓξὲξ,
544 5642 697 5765 ἐξοὲ
709 5652 790 5697 est
818 5659 959 5697 anno
983 5640 1086 5700 796
1126 5640 1189 5697 ui
1228 5640 1528 5700 notavimus
1558 5660 1716 5714 supra
1757 5646 1821 5699 ad
1858 5648 1971 5712 api.

437 5744 455 5763 '-
632 5747 644 5762 ι
686 5734 714 5764 Ι.

437 5734 595 5764 Lunam
632 5734 697 5762 ﬂ"
705 5754 714 5764 .

803 5804 1069 5862 ιἰτηοι..
1119 5801 1189 5861 C.

2062 4555 2189 4594 rona
2217 4554 2229 4589 :
2256 4547 2309 4591 et
2338 4536 2566 4590 feliciter
2593 4536 2820 4597 laborat,
2849 4536 2942 4605 qui
2983 4535 3083 4588 sibi
3116 4534 3381 4587 construit
3414 4531 3632 4587 domum

2060 4631 2113 4682 in
2135 4642 2301 4698 regno
2330 4626 2443 4687 Dei,
2468 4626 2649 4694 parvis
2669 4640 2861 4694 magna
2878 4628 2930 4677 et
2960 4640 3155 4692 parans
3182 4624 3399 4678 caducis
3412 4633 3631 4686 :eterna,

2062 4716 2305 4779 terrenis,
2336 4714 2575 4770 crelcstia
2622 4730 2805 4772 emens
2831 4731 2843 4779 ;
2871 4724 3089 4785 propter
3135 4715 3292 4769 unius
3336 4716 3635 4784 margaritce

2060 4808 2385 4877 emptionem
2412 4805 2594 4860 omnia
2620 4806 2914 4863 dimittens,
2950 4813 3007 4855 ut
3029 4818 3149 4856 eam
3179 4802 3446 4873 possideat
3475 4816 3633 4869 quam

2062 4899 2284 4959 invenit,
2306 4906 2360 4949 et
2384 4895 2635 4949 omnibus
2660 4894 2890 4963 prtetulit
2915 4908 3166 4962 gnarum
3195 4893 3415 4947 deliciis.

2134 5041 2154 5066 ε
2199 5028 2427 5084 Simeoui
2457 5024 2730 5078 sacerdoti.
2766 5024 2948 5079 Eidem
2993 5026 3174 5085 credo,
3222 5026 3286 5077 ad
3314 5040 3470 5091 quem
3502 5041 3634 5095 pra--

2063 5100 2261 5153 cedens
2298 5097 2379 5166 epi
2417 5096 2520 5149 tola
2551 5095 2769 5166 scripta
2793 5104 2895 5155 est,
2929 5097 3013 5149 cui
3053 5103 3335 5166 propterea
3366 5096 3502 5147 hanc
3548 5096 3635 5148 ad-

2058 5167 2283 5238 iungere
2316 5163 2475 5238 volui,
2505 5164 2713 5217 etiamsi
2741 5164 2806 5216 de
2848 5179 2991 5217 anno
3013 5168 3067 5216 et
3094 5163 3209 5215 low
3257 5176 3363 5230 quo
3395 5173 3449 5214 et
3496 5168 3636 5216 unde

2066 5234 2191 5291 data
2221 5236 2291 5290 sit
2317 5234 2537 5289 minime
2567 5238 2791 5286 constet.

2136 5305 2164 5344 ἀ
2196 5304 2470 5359 Cuculum.
2502 5303 2577 5355 De
2602 5301 2695 5356 illo
2716 5301 2837 5356 vide
2860 5300 3081 5355 interius
3104 5300 3385 5369 epistolam
3414 5302 3479 5354 ad
3509 5299 3634 5352 Cal-

2068 5375 2249 5428 vinum
2273 5380 2328 5425 et
2350 5370 2629 5425 Cuculum.

2144 5455 2166 5481 ε
2198 5439 2489 5495 Caucellos.
2531 5436 2811 5492 Cancellis:
2855 5438 3151 5502 vasculum,
3182 5436 3558 5495 diminutivum
3604 5456 3633 5489 a

2070 5526 2279 5565 caurus.
2325 5508 2527 5578 Regula
2555 5508 2792 5579 Magistri
2827 5522 2944 5575 cap.
2966 5508 3070 5579 37:
3112 5528 3131 5558 ι
3160 5508 3352 5579 Bibere
3378 5507 3423 5579 si
3450 5507 3636 5579 volue-

2074 5583 2164 5641 rit,
2205 5593 2396 5647 aquam
2416 5577 2529 5632 non
2564 5582 2631 5633 ab
2647 5577 2819 5647 ‘urceo
2845 5592 2949 5631 uno
2979 5578 3193 5640 haustu,
3224 5578 3317 5633 sed
3344 5577 3411 5629 ad
3430 5577 3635 5647 colicis,

2074 5660 2165 5704 aut
2199 5644 2444 5718 Δείὶιιοιξεξ.
2478 5658 2572 5702 aut
2616 5645 2836 5718 conoejli
2883 5648 3026 5701 bibat
3075 5662 3401 5718 pteusuram.
3445 5665 3461 5695 ›
3519 5644 3632 5697 νηί.

2075 5720 2151 5769 Du
2184 5711 2360 5787 Congo
2388 5717 2557 5768 Gloss.
2602 5730 2699 5767 voc.
2748 5713 2948 5765 Caurus
2978 5726 3023 5765 et
3060 5711 3350 5767 Cmicdlm.

3212 5808 3249 5862 8
