4238 6188
604 313 708 367 335

1478 308 1535 363 Β.
1573 309 1633 362 F.
1675 306 1894 361 ALBINI
1936 306 2065 360 Βιζιὶ
2106 303 2379 367 Αιευιλι
2413 307 2694 362 οΡΕιιυΜ
2736 306 2910 361 PARS
2948 308 2987 361 l.

3733 309 3840 365 256

677 426 750 481 De
779 424 1083 477 inﬁrmitate
1112 435 1229 474 mea
1267 422 1415 473 vobis
1442 420 1695 489 praefatus
1720 420 1831 472 ales
1856 420 2035 472 dicere
2064 433 2159 486 po-
2186 419 2233 473 Α
2261 416 2546 489 Barallam]
2592 419 2767 472 villam
2799 428 3036 472 nostram
3065 426 3295 487 quatuor
3342 428 3434 472 aut
3466 420 3700 488 quinque
3724 421 3843 476 dies

608 518 725 571 tuit.
773 514 950 569 Gloria
982 513 1126 567 Deo!
1156 511 1488 581 aliquantum
1529 510 1721 564 melius
1750 510 2049 572 habemus;
2074 508 2167 561 sed

606 614 778 659 tamen
808 603 1048 673 corporis
1072 602 1351 672 integritas
1389 617 1493 654 non
1530 600 1754 654 revenit.
1781 599 1907 652 Ideo
1945 599 2167 667 diligen-

605 695 710 748 tius
742 693 977 762 jubeatis
1005 706 1161 746 orare
1201 706 1299 761 pro
1336 691 1510 753 nobis,
1560 690 1685 758 quia
1720 698 1930 758 tempus
1977 703 2169 756 appro—

601 785 841 855 pinquat,
878 798 984 852 quo
1033 783 1135 835 hoc
1176 780 1465 848 hospitium
1494 778 1843 855 deserendum
1879 786 1962 831 est
2007 786 2061 831 et
2092 777 2170 846 i3-

605 880 729 928 uota
776 871 1087 941 appetenda.
1126 867 1233 925 Sed
1258 868 1455 933 veniat,
1484 868 1665 921 veniat
1705 876 1885 920 vestra
1908 873 2029 934 post
2072 883 2170 920 nos

604 962 776 1017 oratio
818 968 871 1014 et
894 950 1350 1028 eleemosvnarum
1374 972 1595 1011 munera
1636 957 1961 1031 gratissima,
1990 955 2170 1008 nobis-

603 1070 704 1124 que
741 1052 961 1107 nimium
1011 1049 1332 1105 necessaria.
1370 1047 1694 1103 Ostendatur
1719 1048 1850 1101 ﬁdes
1876 1048 1927 1100 in
1955 1045 2084 1109 ﬁlio,
2110 1055 2169 1098 ut

601 1142 827 1213 gaudeat
850 1140 1013 1195 Fater
1040 1139 1093 1193 in
1120 1138 1231 1192 filio
1258 1137 1485 1207 sapienti
1512 1145 1567 1191 et
1594 1136 1757 1191 ﬁdeli.
1791 1135 1906 1189 Non
1940 1136 2169 1189 moritur

601 1234 691 1302 qui
722 1233 775 1286 in
814 1231 929 1297 ﬁlio
971 1229 1105 1283 vivit
1147 1226 1419 1297 prudenti.
1468 1225 1647 1280 Sacra:
1694 1225 1940 1279 lectionis
1988 1224 2167 1279 studia

601 1320 917 1377 omnimodis
948 1324 1201 1373 renovate
1237 1315 1530 1378 vobiscum,
1566 1328 1633 1368 ne
1660 1322 1845 1382 pereat
1878 1313 2027 1367 labor
2072 1327 2169 1366 no-

601 1412 781 1467 sterin
810 1408 1067 1463 librorum
1095 1405 1423 1461 collectione.
1453 1402 1568 1458 Non
1593 1403 1662 1458 sit
1690 1402 1783 1457 tibi
1811 1404 2003 1456 durum
2032 1417 2168 1471 pon-

600 1504 726 1555 dera
750 1498 868 1552 auri
890 1498 1020 1552 dare
1046 1510 1145 1564 pro
1169 1494 1522 1564 acquisitione
1550 1492 1844 1561 sapientia),
1864 1492 1947 1545 cui
1978 1506 2171 1545 secun—

600 1592 724 1645 dum
756 1581 1095 1643 Salomonem
1132 1584 1273 1639 nulla
1304 1583 1604 1653 comparari
1634 1582 1686 1636 in
1725 1582 1827 1637 hoc
1854 1582 2049 1637 sceculo
2074 1597 2170 1652 po-

602 1688 779 1735 terunt
829 1677 978 1750 (Sap.
1012 1693 1108 1740 vn,
1136 1677 1171 1732 8
1197 1685 1263 1731 et
1276 1676 1352 1747 9).
1377 1674 1445 1727 Et
1473 1674 1597 1745 quid
1622 1673 1801 1737 stul’to,
1833 1675 2027 1727 iterum
2069 1674 2163 1737 ait,

2269 524 2567 573 remanere,
2610 525 2715 563 non
2748 509 2900 579 longe
2928 525 2959 562 a
3005 508 3205 563 Sancto
3250 509 3512 574 Amando,
3550 510 3643 563 sed
3683 510 3838 580 quasi

2266 597 2453 664 quinto
2478 598 2683 651 decimo
2717 596 2996 663 milliario;
3026 606 3079 651 et
3108 598 3187 652 sie
3222 597 3290 651 ad
3324 610 3347 637 ο
3373 598 3631 653 Causiaco
3652 614 3830 668 perve

2267 687 2403 749 nire,
2421 693 2486 746 et
2512 686 2583 739 ibi
2613 686 2947 740 hebdomada
2985 695 3162 751 stare;
3212 696 3265 741 et
3302 687 3380 741 sic
3421 689 3495 746 ad
3530 687 3548 725 τ
3583 687 3841 742 Sanctum

2267 777 2490 846 Lupum.
2520 776 2664 830 [nter
2692 778 2807 830 haec
2844 776 2981 840 loca,
3016 777 3126 831 Deo
3161 777 3410 846 propitio,
3454 777 3624 831 habes
3651 793 3736 833 me
3762 786 3844 833 to—

2267 881 2376 921 tum
2403 869 2721 938 Augustum,
2754 878 2807 923 et
2836 869 3069 938 aliquam
3098 878 3304 938 partem
3334 869 3669 938 Septembrii
3688 885 3840 925 men-

2264 956 2356 1018 sis,
2385 956 2429 1009 si
2468 956 2734 1011 ullatenus
2781 959 2957 1026 possis
3003 958 3310 1027 impetrare,
3358 966 3417 1011 ut
3463 959 3556 1011 ﬁat
3598 957 3842 1013 nostrum

2264 1044 2607 1113 colloquium.
2656 1045 2895 1111 Interim,
2946 1045 3073 1100 dum
3121 1047 3173 1100 in
3215 1047 3459 1115 proximo
3490 1048 3711 1110 erimus,
3760 1062 3844 1100 re-

2266 1134 2459 1187 manda
2498 1134 2629 1188 mihi
2674 1143 2730 1188 et
2765 1143 2996 1203 quantos
3025 1135 3139 1191 dies
3169 1136 3393 1191 debeam
3419 1144 3473 1190 te
3508 1146 3840 1205 exspectare,

2265 1223 2536 1290 quianon
2573 1224 2744 1279 habeo
2777 1225 2833 1278 in
2866 1225 2986 1279 istis
3025 1227 3269 1295 partibus
3308 1226 3509 1295 aliquid
3539 1228 3629 1282 ubi
3658 1243 3842 1297 exspe-

2266 1320 2414 1368 ctare
2456 1328 2691 1393 possum,
2723 1325 2943 1384 propter
2969 1315 3202 1384 inopiam
3250 1332 3463 1382 rerum;
3514 1318 3637 1386 quia
3688 1316 3844 1387 quid-

2266 1403 2392 1473 quid
2416 1403 2514 1457 fuit
2536 1405 2630 1469 ibi,
2659 1419 2800 1460 anno
2820 1406 3094 1476 praeterito
3118 1407 3296 1460 omnia
3320 1408 3479 1461 amici
3509 1409 3679 1463 nostri
3709 1424 3843 1463 con—

2266 1502 2626 1563 sumpserunt,
2675 1484 2810 1550 bene
2854 1495 3128 1563 facientes,
3173 1506 3229 1551 et
3271 1496 3607 1552 familiariter
3632 1507 3845 1553 utentes

2268 1586 2430 1639 rebus
2458 1585 2678 1639 nostris.
2709 1586 2776 1640 Et
2805 1602 2965 1656 quam
2991 1588 3150 1641 citius
3184 1590 3395 1657 possint
3436 1589 3627 1643 littene
3654 1599 3844 1644 vestra:

2267 1677 2335 1730 ad
2376 1692 2475 1730 nos
2513 1677 2715 1740 venire,
2752 1676 3070 1733 festinanter
3108 1679 3316 1749 legatus
3364 1688 3548 1733 currat
3580 1688 3639 1734 ut
3664 1696 3760 1735 nos
3789 1682 3842 1734 in

603 1770 816 1831 divitia,
849 1768 893 1823 si
922 1766 1230 1837 sapientiam
1257 1780 1422 1819 emere
1460 1780 1561 1817 non
1588 1764 1775 1835 poterit
1819 1762 1997 1834 (Prov.
2031 1779 2164 1827 xvn,
2203 1751 2246 1811 Β
2270 1765 2514 1833 proximo
2538 1764 2789 1834 reperiat.
2821 1764 2877 1819 Si
2906 1779 3001 1819 rex
3033 1781 3127 1820 vos
3154 1765 3340 1833 jubeat
3372 1768 3424 1829 in
3450 1767 3647 1836 palatio
3676 1776 3841 1831 stare,

602 1860 687 1929 lﬁ)
707 1860 730 1911 ν
757 1857 885 1923 Quae
903 1854 1285 1923 habitationem
1308 1853 1361 1907 in
1381 1851 1499 1923 ejus
1520 1853 1682 1907 corde
1697 1852 1921 1906 habebit
1937 1860 2164 1922 gratam,

601 1949 690 2017 qui
727 1961 843 2002 eam
872 1944 1093 2015 diligere
1120 1943 1396 2013 probatur.
1436 1939 1717 1995 Multitudo
1755 1941 2054 2010 sapientum
2084 1956 2169 1994 sa-

601 2041 738 2093 nitas
764 2046 844 2091 est
869 2036 1017 2092 orbis
1041 2044 1096 2089 et
1117 2034 1235 2088 laus
1259 2033 1515 2096 civitatis,
1540 2032 1593 2086 in
1623 2030 1774 2099 cujus
1793 2033 2163 2086 arcelhabitat.

604 2128 725 2185 lhec
768 2139 859 2184 tuo
895 2135 1135 2197 pectore,
1161 2124 1385 2180 Domino
1414 2121 1541 2179 Jesu
1585 2124 1815 2179 donante
1844 2134 1911 2187 te,
1961 2123 2166 2178 habita—

602 2222 799 2274 tionem
819 2219 1031 2281 habeat,
1055 2214 1375 2272 charissime
1393 2214 1487 2277 ﬁli,
1509 2214 1724 2283 semper
1739 2214 1791 2267 in
1814 2222 2095 2267 aeternum.

1079 2338 1101 2362 ⁰
1144 2327 1473 2383 EPISTOLA
1511 2327 1692 2381 LXVI.

1198 2436 1266 2475 AD
1304 2434 1568 2474 ARNONEII.

959 2510 1134 2582 (Anno
1160 2508 1283 2573 797,
1310 2523 1492 2563 mense
1515 2508 1801 2579 Augusto.)

602 2623 802 2681 Gaudet
836 2623 900 2676 de
929 2623 1110 2675 nuntio
1132 2620 1379 2674 adventus
1412 2618 1585 2682 illius;
1611 2617 1777 2672 multa
1813 2632 1961 2671 nosse
1988 2620 2051 2672 ab
2076 2619 2168 2673 illo

667 2693 956 2756 desiderat;
987 2700 1032 2744 et
1058 2690 1123 2743 de
1146 2706 1243 2742 sua
1269 2690 1669 2742 commoratione
1692 2684 1840 2740 illum
1866 2688 2094 2741 instruit.
2171 2700 2174 2703 '

670 2803 1024 2859 Dilectissimo
1081 2803 1220 2870 patri
1281 2800 1487 2870 Aquila;
1537 2801 1887 2872 Transalpino
1946 2792 2168 2857 Albinus

604 2896 857 2965 magister
886 2894 1132 2950 salutem.

669 2984 885 3041 Gaudeo
907 2985 1049 3052 quod
1069 2983 1153 3037 vel
1176 2983 1409 3052 aliquam
1432 2982 1627 3036 famam
1654 2983 1719 3039 de
1738 2992 1917 3038 vestro
1939 2986 2167 3039 adventu

2267 1868 2371 1907 non
2398 1854 2714 1909 contradicit
2740 1853 2835 1908 tibi
2857 1856 2884 1895 ⁸
2908 1853 3211 1925 Liutgardis
3231 1863 3286 1910 et
3310 1855 3543 1911 infantes
3569 1864 3625 1909 ut
3653 1858 3719 1910 ad
3745 1873 3845 1911 nos

2265 1942 2469 2008 venias,
2510 1930 2635 2011 quia
2680 1942 2784 1997 illa:
2842 1943 2997 1997 itura:
3036 1952 3161 1998 sunt
3209 1945 3277 1999 ad
3301 1946 3327 1984 ιι
3356 1945 3598 2012 Niviella,
3635 1948 3713 1999 uti
3770 1944 3843 1998 ibi

2274 2032 2517 2086 imissam
2532 2031 2754 2103 [sanctae
2775 2031 2978 2105 Mariaz]
2992 2043 3172 2105 agant.
3188 2034 3340 2100 Veni,
3357 2037 3478 2091 veni
3499 2034 3842 2097 festinanter,

2266 2122 2310 2176 si
2348 2123 2457 2177 Deo
2484 2124 2692 2193 placeat
2720 2132 2775 2178 et
2817 2134 3004 2181 sancto
3030 2125 3258 2183 Martino
3282 2136 3336 2183 et
3360 2135 3547 2182 saneto
3574 2128 3838 2187 Amantio.

2267 2220 2326 2265 ut
2366 2229 2463 2267 nos
2509 2214 2800 2269 videamus.
2834 2215 3146 2271 Nullatenus
3172 2217 3459 2272 voluissem
3496 2217 3704 2288 longius
3741 2217 3841 2279 ire,

2269 2308 2551 2371 antequam
2602 2311 2706 2357 tuae
2764 2302 3110 2359 beatitudinis
3160 2306 3275 2378 68
3334 2306 3525 2361 faciem
3582 2308 3839 2361 viderem.

2272 2390 2482 2445 Mandav
2500 2408 2629 2447 vero
2661 2408 2755 2463 per
2798 2403 3013 2450 nostras
3051 2406 3266 2462 curtes;
3295 2398 3553 2467 quidquid
3601 2398 3673 2452 ibi
3704 2390 3839 2460 'erit,

2265 2481 2442 2533 omnia
2484 2480 2595 2561 tibi.
2620 2491 2809 2550 parata
2854 2493 3030 2537 erunt.
3057 2484 3278 2538 Multum
3309 2488 3514 2556 gaudeo
3554 2487 3621 2541 de
3662 2496 3842 2542 vestro

2266 2568 2562 2639 colloquio;
2592 2572 2715 2639 quia
2744 2573 2924 2627 nescio
2950 2574 3160 2641 quando
3185 2575 3306 2638 erit,
3338 2577 3551 2641 sinune
3578 2592 3683 2629 non
3714 2576 3838 2629 erit.

2266 2655 2514 2713 Felieiter
2559 2659 2696 2733 lege,
2746 2667 2799 2715 et
2844 2675 3099 2730 prospere
3142 2664 3284 2728 veni,
3339 2663 3499 2719 Pater
3541 2664 3741 2733 optime
3784 2673 3839 2717 et

2265 2748 2438 2804 amice
2466 2747 2795 2816 ﬁdelissime,
2824 2758 2879 2804 et
2907 2751 2960 2804 in
2991 2750 3205 2806 Christo
3234 2754 3566 2807 charissime.

2736 2859 2748 2908 i
2799 2860 3139 2950 EPISTULA
3181 2862 3384 2918 LXVII.

2974 2949 3041 2985 Alt
3080 2937 3139 2951 ἠ

2627 3020 2801 3092 (Anno
2838 3021 2962 3085 797,
2992 3039 3175 3077 mense
3200 3023 3483 3094 Augusto.)

711 3075 722 3087 .
765 3074 776 3087 .
1211 3074 1222 3083 .
1716 3074 1729 3086 .
1833 3075 1844 3086 .
1890 3076 1901 3086 .
2062 3077 2073 3087 .
2286 3073 2291 3077 -
2629 3073 2643 3092 κ
2879 3073 2896 3077 -
2950 3073 2962 3085 ,
2993 3073 3171 3077 --η-η-
3200 3073 3482 3094 η-ο----Ἷ

1076 3088 1339 3185 *ξω-Ψίθῗρ
1369 3083 1568 3185 Χ
1958 3074 2163 3185 if???"
2192 3094 2239 3157 ο
2270 3107 2543 3179 Signiﬁcat
2570 3111 2754 3185 quibus
2782 3110 2908 3185 locis
2938 3124 3308 3185 commoretur,
3350 3130 3479 3185 nova
3505 3114 3637 3167 scire
3661 3112 3803 3185 cupit
3820 3154 3837 3179 ,

604 3164 784 3218 videre
816 3172 868 3218 et
893 3172 1126 3233 optatam
1157 3163 1343 3220 audire
1368 3163 1651 3233 loquelam,
1684 3165 1842 3220 simul
1870 3174 1926 3221 et
1950 3166 2016 3222 de
2042 3182 2165 3237 pro:

604 3248 854 3320 Speritate
876 3252 903 3292 δ
932 3254 1109 3307 domni
1132 3252 1405 3321 προδιοιίοἱ
1430 3269 1734 3325 agnoscere,
1764 3266 1818 3310 et
1834 3258 1960 3324 quid
1985 3258 2039 3310 in
2062 3257 2165 3312 illis

604 3344 839 3411 partibus
865 3352 1075 3413 gestum
1101 3344 1189 3407 sit,
1220 3349 1275 3398 et
1301 3338 1575 3411 quomodo
1589 3343 1781 3413 legatio
1807 3352 1985 3399 vestra
2016 3346 2166 3400 vobis

603 3432 883 3497 efenisset,
926 3442 977 3486 et
1004 3434 1048 3485 si
1076 3443 1096 3470 ε
1134 3430 1329 3485 Sancti.
1361 3431 1510 3485 Pauli
1550 3448 1712 3488 causa
1754 3433 1823 3487 ad
1869 3433 2164 3502 profectum

605 3520 717 3575 ﬁeri
746 3520 930 3590 possit.
966 3519 1091 3574 Haec
1122 3520 1296 3574 omnia
1341 3535 1437 3589 per
1466 3520 1699 3577 velocem
1740 3524 1988 3578 nuntium
2034 3524 2165 3578 mihi

604 3609 925 3675 demandare
940 3620 1149 3673 curam,
1172 3610 1414 3675 obsecro,
1446 3610 1662 3666 habeas.
1695 3611 1999 3667 Secundum
2024 3616 2167 3683 quod

603 3699 706 3752 iter
733 3713 908 3753 meum
943 3698 1256 3768 dispositum
1287 3699 1475 3765 habeo,
1519 3700 1729 3755 volente
1766 3702 1896 3767 Deo,
1931 3704 2018 3757 die
2044 3705 2168 3758 sab-

607 3796 711 3848 bati
738 3794 1000 3863 proximo,
1029 3793 1080 3847 id
1120 3802 1220 3858 est,
1263 3792 1442 3847 Nonas
1462 3792 1748 3862 Augustas,
1788 3796 1854 3850 ad
1893 3782 2165 3851 monaste-

608 3885 744 3938 rium
789 3884 957 3939 sancti
998 3882 1225 3936 Amandi
1250 3883 1506 3936 habemus
1535 3884 1851 3951 dispositum
1884 3886 2087 3950 venire,
2116 3895 2170 3940 et

523 3979 526 3982 ’
602 3974 676 4027 ibi
708 3974 793 4029 die
830 3972 1106 4027 Dominica
1147 3978 1320 4036 stare,
1365 3978 1419 4026 et
1458 3980 1585 4027 tunc
1625 3974 1739 4028 add
1770 3974 1976 4028 Baralla
2009 3975 2161 4047 [Pez.

676 4119 701 4146 ιι
739 4083 897 4178 Elin.
937 4104 1242 4178 Manut},
1268 4104 1413 4178 pan
1460 4105 1494 4158 4
1532 4080 1783 4178 (Froben.
1821 4109 1931 4178 δε).
1963 4108 2164 4164 Collata
2256 4112 2257 4115 ‘

608 4190 728 4229 cum
768 4176 921 4247 codd.
966 4174 1333 4247 mss.ASalisb.
1376 4175 1507 4229 Data
1542 4174 1687 4247 anno
1731 4177 1831 4233 797
1863 4174 1969 4247 quo
2006 4179 2166 4234 Nonae

607 4245 829 4311 Augusti
854 4244 1241 4298 concurrebant
1268 4260 1392 4306 cum
1420 4244 1663 4311 sabbato,
1692 4256 1752 4300 ut
1779 4244 1925 4301 recte
1959 4250 2166 4301 notavit

603 4314 672 4369 cl.
698 4311 986 4383 Hansizius
1012 4311 1193 4383 Germ.
1228 4312 1541 4383 Sacratom.
1565 4313 1626 4376 ll,
1663 4330 1717 4383 p.
1749 4315 1867 4370 105.

676 4384 703 4423 δ
736 4382 925 4455 Domni
974 4380 1259 4455 apostolici.
1314 4399 1333 4431 ι
1386 4380 2003 4455 Negetium—igeminum
2062 4388 2166 4441 hoc

606 4468 744 4507 anno
785 4451 1213 4506 ArnoniRomze
1240 4452 1499 4521 agendum
1544 4452 1662 4506 fuit.
1694 4451 1967 4509 Publicum
1999 4471 2161 4511 unum

607 4522 673 4597 ad
697 4522 1056 4597 componenda
1083 4534 1200 4597 quae
1224 4522 1362 4597 inter
1382 4531 1652 4597 papamet
1680 4522 1947 4597 Romanos
1971 4525 2163 4597 ﬁagre-

608 4591 736 4661 hant
756 4591 993 4661 dissidia,
1022 4591 1279 4661 legatione
1300 4592 1592 4659 Angilberti
1618 4610 1757 4649 anno
1778 4595 1959 4661 priore
1991 4591 2161 4650 nihilo

610 4660 820 4723 sedata;
848 4659 1109 4727 privatum
1132 4659 1358 4712 alterum
1377 4660 1602 4726 propria:
1626 4661 1725 4714 fuit
1745 4659 2003 4717 ecclesia.
2029 4664 2161 4717 Nam

607 4736 663 4781 ct
690 4726 943 4782 dimcesin
974 4738 1159 4780 recens
1183 4726 1237 4779 in
1274 4728 1478 4780 Hunnia
1508 4730 1825 4794 acquisitam
1869 4727 2083 4787 ﬁrmare
2110 4744 2163 4787 et

609 4794 1332 4867 honoremimctropoliticum
1359 4811 1549 4865 parare
1570 4798 1831 4867 cupiebat.
1862 4820 1879 4851 ι
1910 4798 2122 4855 Hum.

679 4877 700 4903 ο
744 4866 819 4920 De
850 4866 1032 4921 Sancti
1057 4865 1214 4918 Pauli
1241 4882 1421 4932 causa,
1446 4865 1771 4923 monasterio
1793 4869 2161 4925 Cormariceu-

610 4936 677 4996 si,
712 4937 776 4989 de
798 4950 903 5003 quo
932 4934 1078 4989 alibi.

678 5004 704 5042 ιι
742 5005 956 5063 Βαναιιιι
986 5004 1159 5057 villam
1180 5014 1426 5057 nostram.
1446 5005 1617 5063 Locus
1644 5009 1771 5062 mihi
1799 5008 2032 5069 ignotus,
2068 5024 2166 5065 nec

612 5073 749 5151 apud
774 5075 1153 5151 geographicos
1190 5074 1476 5142 scriptores
1500 5092 1634 5147 quos
1665 5073 1927 5141 consului,
1973 5078 2165 5133 alibive

614 5149 930 5195 nominatus.

684 5222 727 5287 °_
744 5211 821 5263 Ad
846 5208 1114 5287 Causiaco.
1147 5210 1527 5287 Monasterium
1553 5215 1907 5287 causiacense
1930 5213 2164 5287 ((ῗζιοὶεῃ)

612 5279 675 5332 ad
698 5278 937 5351 Avonam
950 5278 1163 5333 fluvium
1182 5296 1349 5351 prope
1360 5281 1741 5343 Compendiqu
1768 5278 1947 5338 situm;
1966 5278 2160 5339 Mabill'.

611 5348 799 5400 Annal.
840 5348 931 5400 lib.
962 5363 1087 5410 xxx,
1120 5348 1377 5404 nti—mflb‘.
1662 5372 1665 5377 ί

686 5416 704 5488 ξ
745 5418 831 5488 Δάν
869 5418 1118 5488 Sanctum
1168 5419 1387 5488 Lupum.
1440 5422 1750 5475 Lcenobium
1800 5424 1854 5475 in
1908 5424 2165 5477 suburltio

615 5482 911 5563 Tricassin
949 5486 1207 5610 (Troyesﬁi,
1241 5482 1446 5569 Alcuini
1495 5506 1637 5545 cura:
1680 5506 1710 5543 a
1746 5492 1935 5546 Carolo
1978 5492 2165 5563 Magno

616 5555 976 5610 undituni.~de
1002 5570 1107 5610 duo
1134 5572 1164 5610 a
1206 5559 1277 5610 bl.
1674 5594 1685 5601 ς

616 5554 976 5623 nudituni,~de
1002 5570 1107 5623 quo
1134 5554 1277 5611 alibi.
1674 5594 1685 5601 -

680 5624 709 5661 ⁸
738 5622 1049 5693 ιίιιιςατάὶέ.
1072 5626 1270 5697 Regina
1312 5645 1444 5685 uxor
1476 5630 1651 5685 Caroli
1682 5628 1852 5699 Magni
1877 5647 1993 5703 qua!
2024 5651 2162 5693 anno

2661 3181 2819 3232 mittit
2856 3180 3093 3249 quaedam
3123 3183 3453 3235 munuscula.

2331 3268 2660 3323 Cbarissimo
2691 3269 2826 3324 Filio
2865 3271 2916 3327 in
2957 3286 3095 3325 vera:
3123 3272 3404 3327 charitatis
3433 3273 3714 3331 dulcedine
3754 3293 3838 3330 sa-

2266 3361 2451 3419 lutem.
2545 3414 2550 3420 ,

2334 3450 2650 3519 Exspectavi
2676 3450 2977 3507 dilectionis
3001 3459 3191 3506 vestra:
3219 3452 3445 3517 litteras,
3472 3451 3554 3505 vel
3582 3453 3834 3523 legatum.

2239 3536 2373 3593 'Sed
2407 3540 2566 3593 tertio
2593 3541 2617 3578 ιι
2644 3539 2804 3610 Gysla
2835 3540 3009 3611 [Pez.,
3037 3540 3223 3614 Kysla]
3270 3557 3424 3596 soror
3466 3544 3648 3597 domni
3696 3545 3837 3611 regis

2266 3629 2461 3684 direxit
2484 3631 2550 3684 ad
2575 3645 2661 3684 me
2687 3631 2898 3695 missos,
2924 3640 2980 3685 ut
3005 3633 3242 3686 venirem
3262 3642 3487 3701 prepter
3513 3632 3719 3701 aliquas
3743 3649 3836 3686 ne—

2267 3720 2546 3776 cessitates
2587 3723 2653 3776 ad
2696 3723 2860 3776 illam.
2910 3723 3014 3777 Sed
3049 3740 3211 3786 nunc,
3247 3723 3459 3779 volente
3501 3724 3634 3788 Deo,
3666 3724 3837 3778 iturus

2268 3824 2363 3866 ero
2388 3811 2455 3865 ad
2490 3826 2608 3865 eam
2630 3812 2869 3871 visitare.
2895 3821 2948 3866 et
2968 3812 3088 3876 inde
3118 3810 3134 3851 ι
3163 3815 3229 3867 ad
3254 3825 3496 3868 sanctum
3525 3814 3754 3883 Lupum,
3780 3825 3836 3871 ει

2268 3899 2340 3953 ibi
2369 3901 2602 3955 maxime
2625 3915 2783 3969 spero
2818 3916 2901 3954 me
2925 3915 3141 3954 manere
3172 3901 3565 3970 Septembrium
3596 3919 3834 3959 mensem

2268 3998 2460 4044 totum.
2484 3988 2543 4043 Si
2566 3989 2693 4058 quid
2730 3989 2853 4043 inde
2879 3990 2944 4044 de
2967 3998 3146 4045 vestro
3177 3990 3386 4054 itinere,
3415 3992 3495 4044 vel
3514 3993 3633 4046 Inde
3656 3992 3835 4046 domui

2267 4120 2371 4203 ξος)
2417 4120 2646 4203 'l‘urOnis
2677 4119 2925 4174 defuncta
2961 4129 3045 4176 est
3071 4121 3244 4189 pridie
3270 4121 3406 4175 Non.
3446 4120 3608 4181 Junii.
3640 4105 3834 4172 Annal.

2266 4189 2651 4321 Lotisi'lViviella,
2704 4257 2956 4321 Nivialla,
3018 4256 3293 4326 Νἱυίθείίαν
3341 4258 3721 4312 monasmrium
3769 4258 3836 4310 ab

2266 4327 2365 4397 ltta
2415 4341 2508 4380 seu
2547 4328 2799 4397 lduberga
2850 4327 3059 4394 Pippini
3113 4326 3331 4394 majoris
3374 4327 3564 4397 domus
3612 4328 3837 4397 conjuge

2268 4396 2482 4450 hortatu
2514 4397 2683 4450 sancti
2712 4398 2957 4461 Amandi,
2988 4405 3376 4451 constructum.
3416 4396 3613 4451 Mahill.
3637 4396 3830 4450 Annal.

2250 4465 2361 4540 _lib_.
2387 4482 2577 4540 igitur,
2605 4482 2749 4540 nium.
2780 4467 2832 4517 7.

2344 4537 2359 4575 ί
2406 4532 2852 4588 Μὶδδαηι’δαηειίε
2886 4535 3089 4589 Moriar.
3127 4534 3499 4587 Festivitatem
3534 4532 3631 4586 abs
3670 4534 3833 4588 dubio

2267 4603 2513 4673 intelligit
2554 4606 2948 4673 Assumptionis
2989 4606 3158 4673 beatze
3202 4602 3421 4673 virginis
3468 4603 3667 4673 Mariae,
3715 4617 3835 4673 qua:

2268 4670 2521 4727 etiam—eo
2544 4670 2782 4741 tempore
2804 4670 3243 4741 l57dieiAugusti
3282 4671 3671 4726 celebrabatur.
3712 4670 3831 4727 Vid.

2266 4740 3159 4829 Glesill‘i‘éﬁmi‘iYiﬂb'.”3§‘“f-
3195 4810 3223 4829 μ
3270 4766 3343 4829 ιηί

2302 4884 2303 4887 η
2340 4810 2353 4860 i
2396 4811 2508 4883 69
2536 4811 2674 4863 Edit.
2714 4809 2989 4890 Mabill..5,
3021 4810 3225 4892 Peziiii
3267 4811 3519 4881 (Froben:
3547 4810 3672 4893 5;);
3727 4812 3835 4865 col-

2269 4880 2376 4932 lata
2406 4894 2525 4960 cum
2554 4880 2673 4960 cod.
2698 4894 2796 4934 ms.
2824 4879 3017 4960 Sabsb.
3049 4881 3311 4960 Quoniam
3352 4896 3480 4960 vero
3502 4881 3701 4960 ubique
3737 4896 3834 4960 no-

2267 4949 2556 5021 menAillius
2580 4951 2730 5021 abest
2774 4951 2839 5003 ad
2868 4964 3025 5016 quem
3066 4950 3263 5021 scripta
3295 4958 3393 5010 est,
3442 4948 3686 5021 dubitare
3713 4948 3834 5021 quis

2266 5017 2435 5086 possit
2463 5033 2529 5071 an
2552 5020 2618 5071 ad
2654 5015 2943 5080 Arnonem,
2970 5032 3038 5069 an
3087 5018 3152 5069 ad
3175 5015 3341 5069 alium
3371 5015 3652 5085 quemdam
3692 5015 3830 5086 ami-

2268 5102 2389 5139 cum
2418 5088 2472 5139 in
2499 5088 2756 5141 comitatu
2804 5086 2943 5155 regis
2986 5086 3301 5155 existentem
3346 5085 3541 5154 scripta
3591 5086 3679 5139 sit:
3726 5085 3833 5139 Pro

2267 5157 2482 5231 procne
2505 5152 2952 5231 pronuntiandum
2978 5152 3189 5231 videtur
3214 5169 3277 5206 ex
3308 5152 3704 5231 comparatione
3730 5157 3849 5231 bu-I

2262 5222 2354 5291 jus
2376 5222 2857 5293 cumiprzecedente
2874 5234 2928 5293 et
2960 5224 3318 5293 subsequente
3352 5224 3593 5291 epistola.

2272 5294 2375 5414 i2;
2396 5290 2727 5432 ϐἕῖιᾷιῆινζω·
2747 5292 2921 5345 domui
2944 5290 3221 5360 regis.Vid.
3250 5290 3406 5361 epist.
3427 5293 3496 5348 98
3519 5293 3830 5363 et99(nunc

2402 5378 2431 5415 e
2612 5402 2626 5414 .
3700 5378 3705 5383 '

2402 5378 2455 5415 el
2482 5378 2626 5415 ‘lle.
2654 5378 2675 5401 ἐ
3700 5378 3705 5383 ’

2342 5428 2362 5468 ι
2406 5430 2484 5483 Ad
2510 5428 2743 5485 sanctum
2775 5430 2996 5499 Lupum.
3032 5428 3147 5484 Vid.
3190 5432 3344 5499 epist.
3391 5434 3655 5504 priorem,
3684 5432 3831 5485 inter

2270 5510 2443 5551 110138.
2924 5543 2929 5548 .
3790 5518 3791 5521 ‘

2337 5579 2377 5605 ιι
2405 5568 2479 5621 De
2519 5554 2696 5622 doinni
2720 5569 2851 5637 regis
2878 5569 3176 5621 reversione.
3202 5568 3287 5623 Cl.
3317 5569 3598 5625 llansizius
3626 5568 3740 5637 lucc
3772 5576 3827 5621 rt

2270 5637 2372 5690 alia
2397 5652 2513 5705 qum
2535 5640 2585 5691 in
2617 5639 2714 5692 hac
2742 5638 2961 5705 epistola
2996 5648 3376 5701 memorantur,
3403 5641 3466 5692 ad
3498 5653 3695 5695 annum
3721 5636 3825 5694 800
