4226 6222
616 384 724 440 239

1518 376 1577 428 Β.
1611 345 1679 428 r.
1719 371 1942 428 ALBIM
1981 370 2108 425 seu
2144 370 2416 428 ALCL'LVI
2451 368 2726 425 orenun
2768 367 2944 421 mus
2980 364 3023 419 ι.

3743 367 3856 425 240

688 490 865 560 [Satis
892 488 1022 542 mihi
1040 486 1211 556 placet
1234 484 1519 539 concordia
1554 485 1695 537 inter
1716 482 1885 537 tilium
1912 495 2088 535 meum
2112 488 2182 535 et
2207 493 2256 548 Α
2282 489 2384 545 set,
2397 490 2456 535 ut
2470 480 2564 534 tibi
2584 479 2821 534 licuisset
2839 478 2978 549 apud
3002 489 3249 533 sanetum
3270 478 3572 531 Amandum
3588 454 3863 544 ωεωεευε

613 568 837 634 fratrem
890 584 1060 636 tuum,
1113 588 1272 641 quem
1317 580 1537 626 vocatus
1585 568 1805 625 visitare
1856 569 2069 623 venisti.
2115 567 2182 622 Et

620 673 755 727 bene
782 666 955 722 fecisti
982 680 1068 720 me
1099 662 1364 718 hortando
1389 662 1455 715 ad
1480 661 1797 715 eharitatem
1820 658 1937 727 ejus
1965 659 2178 722 reverti,

622 762 760 817 unde
785 771 1056 826 nunquam
1104 749 1325 808 aversu‘s
1354 750 1460 817 fui;
1492 751 1619 805 licet
1665 750 2047 804 dubitationem
2093 748 2185 802 ali-

621 862 781 919 quam
827 845 1159 914 agnovissem
1203 842 1270 896 de
1310 855 1430 895 mea
1469 838 1573 894 ﬁde
1620 840 1673 893 in
1714 840 1817 893 tuis
1853 838 2184 893 suavissimis

623 935 879 1007 apicibus.
932 931 1083 999 Quod
1126 944 1258 985 vero
1298 928 1471 992 dixit,
1512 935 1574 981 ut
1616 927 1921 982 habuissem
1973 943 2095 981 cum
2118 927 2184 1005 in

530 1072 541 1079 ν.
623 1028 782 1083 domo
823 1026 891 1080 ad
938 1023 1310 1084 erudiendum,
1360 1022 1665 1077 nullatenus
1704 1037 1736 1075 a
1767 1037 2036 1091 quoquam
2063 1032 2188 1077 ante

624 1116 821 1172 audivi.
849 1111 1074 1184 Tamen]
1108 1113 1281 1176 scias,
1331 1112 1473 1180 quod
1523 1112 1577 1165 in
1627 1126 1840 1167 camera
1871 1111 2188 1167 humilitatis

625 1205 889 1275 superbiae
906 1219 1013 1258 non
1042 1202 1218 1272 placet
1237 1202 1500 1265 habitare,
1527 1200 1652 1269 quia
1681 1201 1821 1269 quod
1847 1200 1935 1255 illa
1960 1199 2191 1255 aediﬁcat

627 1296 727 1351 hoc
754 1296 855 1349 ista
892 1291 1136 1365 destruit.
1188 1290 1331 1345 Ecce
1384 1304 1522 1359 ego,
1564 1299 1824 1357 quantum
1865 1292 1916 1344 in
1951 1303 2039 1344 me
2085 1296 2188 1353 est,

628 1391 840 1456 apertas
887 1382 1057 1437 habeo
1102 1394 1294 1434 manus
1346 1378 1660 1447 'amplectari
1710 1378 2032 1445 venientem,
2082 1393 2190 1433 non

632 1489 879 1545 respuere
906 1479 1234 1543 precantem.
1278 1469 1389 1525 Hoc
1418 1470 1558 1540 apud
1578 1485 1765 1525 omnes
1799 1484 2014 1525 servare
2049 1486 2189 1541 pra:-

631 1564 799 1628 finivi,
826 1570 887 1617 ut
916 1559 1121 1619 nullum
1166 1558 1474 1628 abjicerem,
1526 1560 1642 1625 sed,
1692 1574 2063 1629 quemcunque
2103 1574 2193 1629 po-

634 1653 874 1716 tuissem,
905 1650 1251 1705 attraherem.
1291 1648 1525 1722 [Quanto
1548 1649 1716 1718 magis
1740 1649 1807 1703 de
1835 1657 1942 1702 tam
1968 1649 2195 1717 probato

634 1743 750 1797 viro
771 1750 827 1796 et
855 1750 963 1795 tam
983 1739 1233 1793 laudabili
1253 1753 1483 1807 persona
1504 1746 1557 1792 et
1578 1738 1743 1792 tantis
1771 1738 1901 1792 mihi
1928 1739 2086 1793 bonis
2126 1751 2191 1791 ex

2279 568 2437 642 forte]
2465 569 2793 637 aliquantum
2814 568 3100 636 temporis,
3120 566 3335 622 Christo
3360 567 3668 629 miserante,
3700 568 3865 623 nobis
3924 622 3933 627 _

2280 668 2636 730 opperiunum
2690 666 2831 713 esset
2882 657 3041 712 simul
3085 659 3369 720 habitare,
3413 668 3476 712 ut
3518 657 3865 727 frangeretur

2280 752 2623 821 propheticus
2668 749 2821 818 panis
2860 749 3003 803 inter
3061 747 3181 812 nes,
3210 748 3277 802 de
3322 751 3430 817 quo
3477 748 3679 802 dictum
3726 758 3858 803 est:

2282 837 2492 909 Frange
2517 839 2766 893 esurienti
2790 855 2978 907 panem
3000 848 3146 891 tuum
3189 836 3346 904 (Isai.
3371 852 3521 901 LVIII,
3546 836 3623 906 7).
3655 828 3868 890 Licuis-

2284 939 2365 987 set
2390 931 2543 985 nobis
2567 930 2779 984 assidue
2804 944 2906 983 una
2936 944 3065 983 voce
3102 938 3158 981 et
3185 943 3288 981 ttna
3314 926 3419 982 fide
3458 935 3677 981 cantare
3706 945 3720 979 :
3750 925 3865 980 Pco

2285 1037 2398 1075 nem
2424 1030 2654 1074 nostrum
2673 1018 3033 1089 quotidianum
3058 1018 3127 1070 da
3149 1018 3298 1070 nobis
3316 1016 3469 1069 hodie
3500 1015 3650 1085 (Luc.
3674 1031 3750 1079 ιι,
3777 1015 3858 1086 3).

2286 1109 2397 1182 [Et]
2434 1122 2500 1161 ex
2526 1124 2593 1163 eo
2619 1111 2784 1170 vesci,
2808 1108 2899 1176 qui
2943 1108 3017 1160 ait
3048 1124 3061 1159 :
3109 1105 3221 1176 Ego
3262 1122 3376 1158 sum
3403 1105 3554 1175 panis
3582 1106 3742 1169 rivus,
3770 1104 3865 1175 qui

2286 1202 2350 1255 de
2372 1199 2495 1253 calo
2535 1198 2803 1260 descendi,
2844 1199 2888 1251 si
2914 1198 3029 1267 quis
3059 1196 3449 1249 manducauerit
3478 1211 3543 1249 ex
3584 1195 3679 1249 hoc
3706 1212 3862 1266 parte,

2288 1291 2413 1344 uiuet
2441 1290 2494 1341 in
2540 1298 2786 1341 retentum
2825 1286 3007 1355 (Joan.
3059 1302 3134 1347 Vi,
3170 1285 3257 1346 5|,
3299 1284 3411 1355 52).
3443 1283 3525 1340 0!
3565 1298 3726 1352 quam
3768 1284 3863 1353 ju-

2289 1360 2568 1434 cunda'est
2602 1378 2861 1442 cbaritas,
2892 1386 2946 1432 et
2972 1393 3135 1446 quam
3173 1376 3344 1431 dulcis
3373 1381 3658 1446 prmsentia
3700 1377 3863 1439 illius,

2288 1476 2345 1522 et
2380 1482 2540 1537 quam
2565 1466 2689 1521 felix
2712 1467 2839 1529 vita,
2868 1467 2957 1520 ubi
2982 1481 3255 1536 nunquam
3285 1467 3457 1520 deerit
3486 1467 3627 1535 quod
3655 1481 3867 1536 semper

2292 1558 2530 1610 amatur!
2560 1572 2680 1626 qua:
2701 1558 2916 1611 nuncin
2939 1556 3211 1611 absentem
3240 1555 3386 1627 ,[Al.,
3417 1556 3659 1629 absente]
3693 1559 3865 1623 ardet,

2293 1655 2421 1701 tunc
2446 1647 2499 1699 in
2519 1653 2782 1716 praesente
2804 1650 3035 1701 laetatur.
3064 1646 3216 1700 Licet
3244 1648 3443 1716 ubique
3472 1648 3613 1713 Deus
3633 1663 3871 1718 pmens

2294 1736 2383 1799 sit,
2418 1743 2593 1789 tamen
2637 1734 2792 1789 aliter
2812 1736 2867 1789 in
2906 1736 3140 1805 imagine
3163 1752 3261 1805 per
3299 1736 3573 1806 speculum
3601 1738 3867 1802 cernitur,

635 1832 801 1887 multo
834 1839 1073 1900 tempore
1118 1828 1421 1897 conjuncta,
1452 1830 1672 1884 credere
1712 1829 1992 1884 dissidium
2038 1826 2186 1899 [Αἴθη
2222 1833 2268 1890 Β
2296 1827 2454 1880 aliter
2485 1827 2541 1881 in
2560 1829 2844 1897 przesentia
2875 1843 2978 1897 per
3004 1828 3237 1897 speciem
3260 1829 3469 1884 videtur
3496 1848 3507 1882 :
3536 1830 3601 1884 de
3623 1845 3724 1899 qua
3754 1832 3867 1901 ipsa

638 1917 963 1990 descidiuui]
1011 1933 1116 1972 non
1164 1910 1347 1972 debuit
1380 1926 1565 1973 sancta
1610 1925 1665 1972 et
1710 1917 2028 1973 venerabilis
2072 1933 2198 1987 pru-

640 2011 815 2066 dentia
848 2021 1047 2065 vestra.
1068 2009 1232 2075 Quod
1257 2023 1388 2063 vero
1414 2009 1480 2063 de
1505 2008 1615 2062 ﬁlio
1636 2022 1774 2073 meo,
1806 2006 1974 2063 fratre
2005 2017 2061 2063 et
2106 2024 2199 2063 ne-

639 2110 760 2170 pote
784 2108 893 2164 tuo,
922 2098 1106 2154 durius
1145 2098 1424 2170 scripsisti,
1453 2098 1632 2152 videat
1659 2097 1891 2152 charitas
1932 2108 1986 2152 et
2029 2097 2200 2168 pictas

644 2168 730 2244 tua
765 2202 831 2243 ne
856 2188 1030 2242 inanis
1055 2185 1150 2241 ﬁat
1171 2168 1325 2241 labor
1351 2194 1550 2251 noster,
1581 2196 1635 2241 et
1660 2200 1727 2240 ne
1747 2187 1999 2263 perdatur
2023 2186 2199 2241 anima

642 2295 741 2348 pro
762 2294 865 2349 qua
890 2276 1136 2334 Christus
1164 2277 1299 2332 mori
1341 2291 1450 2331 non
1485 2276 1764 2331 dubitavit.
1804 2276 1943 2330 Ecce
1968 2291 2090 2331 eum
2119 2291 2202 2331 re—

647 2367 767 2421 misi
800 2374 907 2420 tua:
936 2366 1224 2429 dilectioni,
1255 2373 1315 2418 ut
1346 2363 1513 2419 facias
1552 2364 1620 2419 de
1648 2363 1738 2418 illo
1780 2364 1919 2418 sicut
1944 2358 2204 2419 'videatur

644 2459 938 2530 prudentiae
980 2456 1111 2530 [Al.,
1157 2457 1522 2530 pmvidentize]
1561 2444 1781 2524 vestrm;
1827 2459 1883 2513 in
1921 2466 2011 2512 tua
2058 2458 2202 2514 enim

644 2556 904 2619 potestate
929 2545 1013 2623 est
1051 2547 1133 2602 vel
1179 2547 1291 2609 ille.
1323 2546 1690 2603 vel-beneﬁcia
1717 2563 1835 2617 qua:
1868 2548 2048 2603 habet.
2095 2546 2205 2602 Fac
2236 2589 2247 2597 .

646 2638 936 2692 secundum
963 2636 1102 2704 quod
1136 2651 1204 2689 ex
1224 2636 1368 2690 illius
1389 2634 1671 2706 intelligas,
1698 2644 1822 2690 ante
1849 2637 2034 2691 oculos
2059 2645 2200 2703 tuos,

577 2779 579 2788 ,
648 2725 874 2789 meritis,
900 2739 1007 2778 non
1032 2723 1321 2779 secundum
1360 2725 1523 2779 verba
1551 2725 1869 2780 invidorum.
1898 2726 2039 2780 Nihil
2061 2727 2206 2782 enim

646 2829 855 2872 mecum
896 2822 1069 2884 potest
1113 2817 1165 2869 in
1217 2815 1447 2871 triSIitias
1490 2818 1678 2886 spiritu
1722 2819 1998 2887 proiicere.
2031 2819 2206 2876 Unum

651 2922 681 2961 θ
730 2907 936 2961 duobus
971 2906 1100 2960 mihi
1153 2906 1364 2961 videtur
1396 2907 1679 2961 consilium
1720 2925 1735 2961 :
1782 2917 1876 2963 aut
1916 2924 1980 2964 ex
2026 2918 2207 2964 nostra

649 2986 825 3065 kratia
854 3008 977 3050 eum
1006 2995 1202 3049 domno
1237 2994 1351 3063 regi
1386 2996 1752 3061 commendes;
1783 2996 1867 3049 vel
1906 3006 2082 3051 tecum
2117 2998 2212 3051 ba-

638 3088 811 3149 ‘heas;
860 3082 1031 3138 donec
1058 3096 1315 3151 agnoscas
1343 3098 1408 3136 ex
1436 3083 1575 3137 illius
1614 3085 2033 3147 conversatione,
2083 3085 2211 3154 quid

2298 1918 2511 1973 Veritas
2535 1919 2611 1971 ait
2639 1934 2652 1970 :
2683 1917 2830 1971 Beati
2858 1918 3054 1971 mundo
3092 1918 3267 1981 corde,
3296 1920 3545 1989 quoniam
3568 1921 3666 1989 ipsi
3694 1920 3862 1974 Deum

2298 2008 2537 2062 uidebunt
2563 2006 2775 2079 (Matth.
2814 2022 2866 2073 v,
2916 2008 2993 2078 8).
3027 2006 3309 2061 Mundetur
3356 2009 3515 2063 modo
3546 2025 3641 2064 cor
3675 2011 3729 2064 in
3769 2010 3872 2064 hac

2298 2096 2748 2166 peregrinatione,
2781 2103 2839 2149 ut
2888 2097 2941 2149 in
2984 2097 3157 2165 patria
3189 2096 3331 2151 illius
3358 2096 3683 2152 beatissimze
3710 2099 3873 2152 visio-

2250 2252 2259 2257 ξ
2300 2184 2384 2238 nis
2402 2182 2507 2238 frui
2536 2183 2712 2238 liceat.
2741 2184 2967 2239 Utamur
3004 2184 3107 2239 hoc
3142 2186 3341 2240 mundo
3365 2186 3608 2255 perituro
3643 2187 3697 2241 in
3740 2186 3872 2242 chao

2302 2278 2461 2329 ritate
2487 2290 2592 2328 non
2622 2275 2881 2344 peritura,
2920 2283 2980 2328 ut
3011 2274 3254 2329 fruamur
3300 2277 3409 2331 Deo
3452 2279 3507 2331 in
3546 2278 3712 2347 gloria
3752 2292 3876 2350 per-

2302 2372 2568 2419 manente.
2612 2363 2657 2419 0
2706 2364 2954 2418 Domine!
3011 2362 3183 2435 [Iesu]
3209 2364 3294 2420 fac
3332 2381 3431 2421 nos
3472 2366 3693 2438 diligere
3718 2376 3790 2433 te,
3819 2377 3879 2423 et

2301 2452 2475 2508 odisse
2508 2469 2630 2508 eum
2656 2454 2721 2509 de
2749 2469 2854 2523 quo
2899 2454 3080 2508 dixisti
3110 2472 3123 2504 :
3160 2454 3389 2509 Mundus
3420 2473 3502 2510 me
3550 2458 3659 2511 odit
3688 2458 3869 2527 (Jaan.

2306 2558 2391 2608 xv,
2428 2544 2536 2613 18).
2563 2542 2635 2600 Ut
2667 2558 2763 2613 per
2784 2553 2835 2599 te
2860 2545 3057 2599 donum
3086 2544 3319 2616 Spiritus
3347 2547 3612 2605 Paracleti
3640 2550 3875 2621 accipia-

2305 2646 2443 2696 mus,
2482 2648 2631 2702 quem
2652 2645 2877 2687 munaus
2896 2651 2998 2687 non
3018 2645 3182 2702 potest
3210 2639 3459 2708 accipere,
3478 2642 3601 2708 quia
3622 2655 3725 2692 non
3742 2639 3878 2692 ridet

2304 2737 2443 2787 eum,
2480 2738 2570 2775 nec
2596 2722 2690 2775 scit
2718 2738 2835 2776 eum
2880 2723 3061 2790 (Joan.
3094 2741 3205 2789 XIV,
3250 2726 3361 2797 Π).
3406 2727 3524 2782 Noli
3564 2743 3659 2783 nos
3686 2741 3879 2781 secun-

2306 2812 2431 2867 dum
2463 2822 2566 2867 tuas
2593 2814 2832 2867 veritatis
2862 2814 3273 2882 promissionem
3308 2816 3578 2884 orphauos
3605 2818 3876 2887 relinquc~

2308 2918 2399 2968 re,
2426 2901 2519 2958 sed
2543 2904 2693 2968 mitte
2715 2903 2768 2957 in
2799 2918 2896 2958 nos
2915 2904 3161 2972 spiritum
3187 2906 3455 2970 veritatis,
3479 2908 3569 2975 qui
3596 2909 3875 2962 nobiscum

2311 3001 2524 3051 maneat
2564 2992 2617 3046 in
2668 3000 2928 3048 aeternum
2980 2992 3143 3063 (Ibid.
3171 3034 3186 3059 ,
3234 2996 3495 3060 cera._16,
3525 2997 3633 3065 i7).
3683 2996 3727 3050 0
3761 2995 3876 3051 Rex

2310 3084 2495 3152 gloriae
2530 3092 2586 3143 et
2625 3084 2849 3139 Domine
2896 3085 3153 3140 virtutum
3199 3084 3371 3149 (Psal.
3416 3102 3574 3151 χχιιι,
3602 3086 3719 3153 10),
3766 3086 3879 3141 hel-

654 3173 723 3228 de
746 3186 812 3227 eo
844 3169 975 3249 utile
1008 3169 1098 3235 sit,
1126 3168 1295 3223 donec
1341 3170 1534 3225 iterum
1581 3181 1782 3237 nostra,
1832 3173 2041 3228 volente
2074 3174 2204 3239 Deo,
2235 3181 2281 3242 (ζ
2310 3173 2446 3229 lator
2472 3182 2657 3230 noster
2677 3183 2732 3228 et
2750 3190 2853 3244 pax
2875 3186 3076 3238 nostra,
3098 3177 3189 3244 qui
3214 3176 3399 3230 dixisti
3427 3191 3441 3229 :
3470 3174 3754 3239 Con/idne,
3784 3191 3876 3246 ego

655 3262 936 3317 collocutio
965 3260 1073 3314 fiat.
1118 3260 1331 3329 Aliquid
1358 3269 1533 3316 tamen
1557 3270 1614 3318 ut
1657 3263 1869 3320 habeat-
1891 3264 2213 3338 consonatiog
2228 3266 2231 3267 ⁷

658 3351 763 3414 nis,
793 3349 929 3404 forte
955 3348 1159 3409 melius.
1186 3358 1291 3412 est,
1335 3350 1622 3405 secundum
1663 3352 1981 3409 humilitatis
2002 3360 2057 3406 et
2083 3346 2209 3407 Obe-

657 3439 869 3494 dientise
893 3428 1319 3505 promissionem,
1352 3452 1419 3489 ne
1448 3438 1699 3492 continua
1726 3426 2072 3493 absorbeatur
2108 3440 2209 3494 tri-

657 3526 803 3581 stitia
819 3523 904 3597 (Il
930 3520 1052 3580 Car.
1077 3524 1231 3593 11,7).
1260 3522 1385 3577 Etsi
1406 3535 1432 3563 α
1455 3522 1625 3578 Witto
1647 3525 1828 3579 veniat
1846 3526 1914 3580 ad
1941 3540 2055 3591 vos,
2070 3527 2212 3596 apud

656 3630 777 3672 eum
811 3598 1016 3672 discere
1043 3622 1235 3684 potest.
1269 3613 1334 3668 Et
1358 3613 1426 3684 si,
1457 3614 1567 3674 Deo
1586 3601 1835 3677 ‘volente,
1862 3616 2060 3683 veniat,
2090 3617 2212 3672 vide

636 3704 972 3777 diligenter:
1005 3718 1073 3757 ne
1120 3703 1294 3757 inanis
1323 3702 1414 3758 (lat
1462 3702 1720 3757 habitatio
1746 3702 1888 3756 illius
1914 3703 2211 3770 vobiscum,

660 3801 718 3847 ut
737 3793 993 3863 quantum
1023 3805 1107 3846 me
1151 3790 1420 3845 tristificat
1440 3790 1680 3845 absentia
1706 3790 1867 3854 illius,
1895 3799 2098 3846 tantum
2118 3808 2215 3849 vos

654 3879 893 3941 imtiﬁcet
912 3880 1222 3949 praesentia,
1250 3888 1303 3932 et
1343 3877 1583 3933 defectus
1616 3881 1767 3932 meus
1793 3886 1971 3932 vester
1996 3880 2066 3933 sit
2092 3895 2217 3951 pro-

661 3970 849 4025 fectus.
901 3966 969 4021 Et
991 3967 1037 4021 sl
1063 3965 1392 4035 aliquantum
1440 3967 1692 4035 temporis
1738 3967 1820 4021 vis
1861 3982 1985 4021 eum
2015 3968 2067 4022 in
2107 3984 2217 4024 mo-

663 4057 950 4116 nasterlo‘h
979 4057 1147 4111 sancti
1190 4053 1475 4125 Hrodberti
1517 4055 1782 4110 demorari
1812 4072 2027 4113 necesse
2048 4058 2099 4112 ei
2125 4073 2213 4113 es-

662 4163 763 4219 set,
804 4162 1025 4224 propter
1061 4150 1380 4221 adjutorium
1426 4150 1703 4205 hominum
1724 4149 2042 4219 linguaque
2083 4152 2218 4206 noti-

667 4243 816 4304 tiam,
842 4253 865 4281 ι
904 4240 1275 4295 Δοιιίὶδθηιιω
1313 4238 1512 4293 habere
1554 4252 1755 4304 secum,
1778 4247 1837 4293 ut
1862 4241 2058 4295 nostris
2097 4253 2219 4295 eru-

666 4329 953 4387 ditionibus
999 4311 1269 4394 assuetus,
1296 4335 1354 4381 et
1396 4326 1607 4383 illorum
1651 4327 1890 4383 moribus
1940 4326 2219 4393 educatus,

667 4420 880 4480 medius
902 4416 997 4483 fiat
1015 4461 1018 4465 .
1039 4415 1099 4471 in
1124 4415 1403 4472 ambarum
1426 4417 1661 4485 partium
1701 4416 1963 4486 profeetu.
1992 4416 2217 4485 Tamen,

2311 3264 2406 3317 vici
2434 3263 2683 3317 mundum
2707 3264 2886 3333 (Joau.
2910 3279 3017 3328 ιη,
3041 3265 3153 3333 53).
3187 3264 3354 3320 Vince
3377 3274 3432 3329 et
3452 3266 3505 3321 in
3532 3267 3685 3322 nobis
3708 3269 3878 3321 servis

2312 3354 2433 3407 tuis.
2464 3352 2565 3425 [Tu
2613 3351 2742 3425 scis]
2770 3353 2895 3421 quia
2942 3354 3056 3409 sine
3100 3362 3152 3409 te
3201 3355 3331 3409 nihil
3368 3354 3546 3411 facere
3590 3369 3878 3425 possumus
3952 3426 3957 3427 γ

2312 3442 2491 3514 (Joan.
2508 3459 2597 3509 xv,
2621 3444 2698 3514 5).
2717 3445 2791 3499 Da
2809 3434 2930 3512 cum
2951 3446 3141 3499 fiducia
3161 3441 3333 3500 servis
3359 3449 3464 3501 tuis
3482 3447 3626 3516 loqui
3656 3449 3876 3502 verbum

2311 3540 2481 3595 tuum,
2509 3540 2561 3586 et
2589 3534 2927 3602 loquentibus
2952 3535 3212 3617 exemplis
3252 3538 3572 3603 ostendere,“
3591 3538 3731 3608 quod
3782 3550 3877 3593 ore

2310 3619 2617 3701 praedicent.
2649 3622 2725 3676 Da
2759 3622 2891 3678 velle
2916 3632 2970 3678 et
2994 3624 3249 3694 perlicere
3275 3626 3529 3701 (Rhilipp.
3554 3644 3592 3682 It
3614 3667 3629 3693 ,
3659 3628 3779 3697 i3);
3811 3627 3877 3680 da

2312 3694 2373 3762 ut
2406 3710 2768 3765 misericordia
2799 3720 2886 3767 tua
2929 3716 3221 3783 prmveniat
3246 3694 3418 3783 (Ρέαι.
3444 3694 3603 3779 ⁷ιξιιγιιι,
3654 3694 3739 3786 Η)
3764 3755 3779 3779 ,
3825 3724 3880 3769 et

2243 3863 2253 3874 _
2313 3798 2676 3853 misericordia
2727 3809 2813 3854 tua
2857 3806 3213 3871 subsequatur
3256 3821 3355 3860 nos
3400 3804 3571 3875 (Psal.
3602 3822 3739 3873 ml,
3771 3805 3824 3877 ϐ)
3859 3820 3875 3860 :

2312 3886 2600 3954 praeveniat
2640 3888 2706 3941 ad
2761 3889 3157 3959 incipiendum,
3192 3896 3549 3965 subsequatur
3595 3898 3660 3952 ad
3711 3895 3877 3967 perﬁ-

2314 3971 2558 4028 ciendum
2612 3971 2742 4045 [Αι.,
2802 3976 3171 4050 implendum].
3225 3981 3363 4047 Quid
3416 3982 3569 4051 plura
3620 3984 3881 4040 habemus
3950 4008 3955 4011 ι

2314 4064 2510 4128 dicere,
2540 4065 2640 4119 nisi
2671 4075 2727 4119 ut
2758 4064 2851 4121 fiat
2876 4069 3118 4124 voluntas
3150 4079 3238 4124 tua
3264 4111 3279 4135 ,
3328 4073 3419 4141 qui
3453 4074 3534 4127 vis
3560 4089 3747 4147 omnes
3786 4073 3880 4128 ho-

2315 4154 2485 4207 mines
2510 4152 2685 4236 salvos
2712 4154 2865 4209 fieri?
2891 4153 2941 4227 (Ι
2990 4158 3122 4212 Tim.
3154 4174 3193 4214 II
3212 4201 3228 4225 ,
3268 4159 3349 4231 4.)
3381 4159 3494 4215 'l'ua
3523 4162 3768 4218 voluntas
3795 4178 3878 4219 sar

2316 4242 2399 4297 lus
2425 4251 2508 4297 est
2540 4252 2746 4309 nostra,
2774 4245 2944 4314 gloria
2983 4258 3167 4302 nostra
3210 4258 3267 4304 et
3294 4250 3571 4307 beatitudo
3596 4261 3803 4308 nostra.

2385 4331 2489 4388 Per
2510 4333 2795 4401 quemdam
2809 4336 3004 4391 mentis
3012 4350 3287 4393 excessum
3297 4380 3310 4403 ,
3326 4353 3363 4393 ο
3376 4338 3540 4394 frater
3551 4342 3876 4406 venerande,

2320 4420 2433 4475 hac
2456 4419 2663 4475 louttus
2686 4435 2826 4488 sum,
2849 4438 2954 4478 non
2978 4434 3085 4479 tam
3124 4429 3369 4482 ordinate
3391 4442 3554 4497 quam
3581 4430 3882 4499 epistolaris

667 4516 731 4565 ut
746 4507 901 4567 vobis
918 4504 1153 4572 videtur,
1336 4511 1395 4560 et
1411 4504 1572 4561 citius
1588 4519 1675 4561 me
1704 4506 1851 4564 scire
1869 4504 2075 4567 faciatis
2092 4509 2219 4578 quid
2255 4519 2300 4579 ο
2322 4509 2559 4579 postulat
2574 4513 2841 4581 angustia,
2861 4514 2953 4579 sed
2981 4524 3087 4571 tam
3113 4515 3355 4574 ali'ective
3371 4534 3531 4589 quam
3558 4519 3749 4578 intima
3763 4534 3884 4577 uor-

669 4594 1065 4665 vobisplamt.
1099 4588 1319 4652 Et'de
1352 4591 1536 4650 deum
1578 4592 2219 4665 resisteremus-

670 4695 889 4755 stroque
912 4680 1107 4742 itinera
1128 4682 1215 4739 vel
1238 4682 1588 4749 habitatione.
1606 4690 1662 4739 et
1685 4684 1754 4740 ds
1774 4686 1971 4743 dum
1996 4696 2212 4757 aposto-

672 4777 793 4841 lico,
828 4771 847 4814 ί
874 4780 931 4835 et
968 4774 1142 4831 sancti
1162 4771 1313 4828 Pauli
1350 4788 1534 4838 causa,
1559 4782 1617 4829 et
1654 4775 1869 4832 alteris
1912 4778 2218 4848 rebusque

672 4865 826 4925 nobis
850 4871 975 4919 sunt
999 4862 1296 4920 necessaria
1342 4862 1442 4936 71
1470 4863 1554 4921 vel
1588 4862 1825 4936 jucunda
1862 4865 2066 4925 audire.
2109 4868 2224 4930 Hoc

673 4956 833 5035 scias.
858 4951 1157 5011 certissime
1197 4952 1342 5021 Quod
1385 4954 1442 5011 in
1481 4954 1758 5014 Toronieis
1802 4956 2049 5029 partibus
2087 4972 2223 5027 pene

674 5043 807 5097 nihil
849 5043 1105 5105 remansit
1126 5040 1259 5108 viui,
1301 5039 1617 5113 frugumque
1662 5046 1987 5100 abundantia
2019 5046 2105 5100 vix
2154 5048 2226 5101 ad

674 5132 1012 5197 medietatem
1028 5133 1251 5187 alterius
1274 5132 1415 5185 anni.
1449 5131 1570 5187 ideo
1601 5136 1807 5195 vadum.
1831 5136 2058 5190 ’volente
2083 5136 2216 5202 Deo,

676 5219 890 5273 visitare
931 5217 1135 5285 fratres,
1164 5234 1216 5277 et
1245 5222 1490 5277 ordinare
1515 5237 1599 5277 res
1626 5224 1859 5291 illorum,
1889 5240 2136 5281 reversus
2170 5228 2225 5281 in

677 5308 762 5366 his
779 5311 975 5365 iterum
998 5326 1204 5365 morare
1230 5311 1486 5381 partibus.
1522 5310 1580 5365 Si
1620 5314 1814 5381 domno
1852 5316 1962 5385 regi
1994 5316 2221 5384 placuis-

749 5450 773 5477 ι
815 5432 998 5493 Witto.
1048 5436 1221 5491 Witzo
1248 5436 1383 5503 forte
1418 5453 1512 5493 seu
1538 5436 1805 5499 Candidus
1824 5445 2031 5500 Aleuiui
2068 5446 2227 5501 diari-

681 5504 861 5575 pulus,
887 5506 951 5575 de
979 5516 1083 5575 quo
1102 5505 1471 5575 alibiqsaepius.

686 5567 878 5710 Lazis?
903 5567 1197 5629 Hrodberti.
1228 5573 1284 5629 S.
1311 5567 1547 5644 Ruperti,
1584 5579 1739 5635 modo
1771 5578 1827 5633 S.
1867 5580 2011 5638 Petri
2058 5584 2224 5639 Salis—
2244 5567 2265 5576 “

763 5719 783 5739 ⁸
820 5710 1181 5764 Aedilbertum.
1209 5713 1368 5769 Forte
1399 5714 1441 5770 is
1480 5725 1559 5769 est
1586 5717 1889 5773 Adalbertus
1916 5718 2121 5774 Alcuini
2155 5724 2231 5776 di-

2321 4589 2766 4671 discompunctio
2806 4606 3001 4675 exegit.
3032 4604 3114 4661 Tu
3162 4616 3367 4675 tamen,
3392 4607 3702 4665 dulcissima
3723 4606 3887 4666 Pater

2321 4699 2379 4763 et
2400 4690 2683 4751 familiaris
2716 4704 2869 4749 meus
2886 4732 2903 4759 ,
2948 4696 3216 4764 patienter
3257 4698 3463 4755 sustine
3479 4700 3658 4755 cordis
3677 4700 3784 4757 md
3807 4696 3884 4756 la-

2323 4796 2555 4851 crymas,
2581 4788 2636 4834 et
2666 4789 2840 4836 tecum
2865 4784 3092 4840 reconde
3114 4788 3257 4861 quod
3280 4802 3490 4845 meeum
3516 4788 3886 4858 audisti.Quis

2322 4872 2449 4939 scit,
2473 4869 2575 4927 nisi
2598 4871 2686 4925 ille
2716 4873 2810 4941 qui
2841 4876 3017 4929 omnia
3045 4874 3167 4941 scit,
3196 4878 3242 4931 si
3265 4891 3388 4934 cras
3409 4878 3542 4933 mihi
3568 4877 3733 4934 liceat
3756 4872 3886 4934 sui?

2324 4962 2450 5017 bere
2478 4962 2571 5017 tibi
2599 5002 2612 5025 ,
2671 4972 2763 5017 aut
2807 4972 2925 5033 post
2960 4981 3082 5020 eras
3128 4967 3312 5023 dulces
3352 4976 3529 5023 tecum
3573 4964 3885 5026 collatione!

2324 5054 2463 5125 [Αι.,
2502 5055 2926 5127 consolationes]
2962 5057 3137 5112 dicere
3173 5059 3256 5112 vel
3303 5059 3518 5114 audire?
3555 5056 3722 5114 Hodie
3752 5060 3883 5115 mihi

2325 5142 2469 5198 dedit
2505 5146 2733 5213 spatium
2778 5146 2947 5212 pietas
2995 5147 3109 5214 illa,
3156 5164 3274 5217 qua:
3296 5149 3473 5208 omnia
3498 5149 3628 5205 mibi
3660 5137 3887 5206 contulit

2324 5233 2461 5285 bona
2494 5247 2611 5299 qua:
2632 5231 2818 5285 habeo.
2848 5234 3181 5304 Quapropter
3208 5246 3387 5291 tacere
3411 5251 3514 5291 non
3553 5238 3713 5293 debui
3756 5241 3881 5309 quia

2326 5321 2507 5374 nescio
2539 5320 2665 5389 quid
2689 5330 2908 5377 ventura
2942 5328 3116 5393 pariat
3142 5326 3273 5380 dies.
3302 5325 3381 5380 Tu
3412 5339 3567 5391 vero,
3612 5328 3884 5386 unanimis
3918 5348 3919 5351 ‘

2328 5449 2575 5522 seipulus.
2616 5455 3034 5522 posthaesbbu
3052 5453 3451 5513 Ferrariensisi
3720 5484 3725 5485 ί
3761 5473 3775 5498 '~

2471 5520 2543 5572 De
2560 5520 2733 5597 derisui
2760 5526 2890 5597 regis
2917 5520 3372 5597 reversione_.‘_Ab'
3400 5527 3737 5597 expeditione
3778 5527 3876 5581 Sa-

2334 5590 2551 5663 xonica;
2583 5591 2705 5643 vide
2726 5590 2882 5660 epiit.
2912 5592 2983 5647 53
3005 5595 3166 5653 (nunc
3190 5592 3299 5663 57).
3468 5590 3490 5597 “
3638 5606 3642 5613 ’
3843 5601 3846 5605 ’

2408 5670 2430 5697 ο
2480 5656 2971 5727 reum-etum".
2998 5662 3127 5716 Vide
3151 5656 3367 5717 ibidem.

2412 5727 2427 5763 ῐ
2470 5723 2649 5779 Sancti
2667 5723 2839 5781 'Pauii
2864 5747 3038 5783 causa.
3056 5731 3188 5786 Vide
3216 5732 3412 5785 ibidem
3442 5739 3496 5784 et
3516 5731 3642 5786 alibi
3665 5735 3880 5805 smpius.
