4238 6188
353 305 444 361 2M

1773 295 2125 351 EPISTOLE
2137 335 2149 343 .

3471 293 3579 350 242

352 413 534 470 fater,
558 414 789 461 aeternos
818 404 931 459 dies
958 419 1166 472 semper
1187 404 1381 458 habeto
1407 404 1460 457 in
1490 413 1697 482 mente,
1728 414 1781 457 et
1824 420 1917 472 per
1945 407 1991 465 Α
2018 404 2193 459 nullus
2221 405 2400 459 seculi
2425 404 2599 467 luxus,
2626 404 2741 482 ipso
2780 404 3082 472 aequissimo
3102 403 3307 468 Iudice,
3342 419 3579 475 accepta-

351 497 659 571 patientiam
707 508 864 549 curre
899 495 1001 549 iter
1039 495 1179 562 quod
1230 492 1326 547 tibi
1350 478 1596 549 Christus
1647 493 1907 556 ostendit;

351 584 471 657 quia
504 585 595 653 qui
625 582 865 651 sequitur
886 582 1173 643 illunI,non
1201 580 1438 635 ambulat
1464 582 1516 635 in
1546 581 1799 645 tenebris,
1821 583 1915 637 sed

352 675 569 734 habebit
600 674 778 727 lumen
824 672 946 726 vita:
972 671 1151 741 (Joaa.
1178 686 1298 733 vm,
1326 670 1435 738 12).
1480 670 1569 724 Ille
1599 671 1693 725 tibi
1736 671 1807 725 sit
1833 671 1915 726 ci-

351 766 452 821 bus
480 772 534 818 ct
560 772 739 833 potus,
770 760 1002 815 Charitas
1031 769 1085 815 et
1129 759 1317 829 gloria.
1362 757 1476 812 Non
1523 759 1796 838 subvertat
1823 773 1918 812 cor

352 865 502 910 tuum
524 852 745 908 ambitio
782 850 981 913 seculi,
1010 849 1340 902 adulantium
1367 846 1564 911 ofﬁcia,
1592 849 1797 917 species
1824 864 1917 902 va-

353 944 556 1006 nitatis,
580 944 739 997 timor
766 940 1059 1010 potentium
1076 980 1092 1002 ,
1132 940 1287 992 mina:
1312 938 1639 999 crudelium;
1679 938 1771 991 sed
1794 938 1918 993 tedi-

355 1035 451 1089 fica
477 1033 691 1089 domum
718 1042 865 1086 tuam
888 1044 1050 1098 supra
1083 1024 1291 1083 firmam
1319 1037 1527 1097 petram
1568 1028 1783 1099 (Matth.
1816 1044 1913 1094 vn,

350 1125 440 1189 ελ,
470 1124 585 1195 25),
610 1124 749 1177 unde
770 1130 822 1175 te
856 1120 1013 1175 nulla:
1044 1126 1388 1188 tempestates
1428 1118 1655 1173 evellere
1684 1119 1914 1173 valeant.

353 1216 457 1270 Sed
485 1226 566 1270 sta
582 1210 1110 1284 intrepizlushlinguas
1134 1211 1525 1265 detrahentium
1550 1218 1915 1273 contemnens,

351 1314 407 1360 et
432 1319 525 1359 ora
550 1304 876 1359 laudantium
903 1319 1007 1357 non
1052 1315 1277 1365 curans;
1304 1308 1359 1354 et
1389 1315 1734 1369 quoscunque
1766 1308 1917 1369 pote-

353 1396 449 1459 ris,
475 1395 645 1466 gratia
675 1394 964 1447 auxiliante
992 1390 1286 1463 [superna]
1334 1398 1507 1445 tecum
1547 1391 1599 1444 in
1643 1391 1786 1445 hunc
1812 1398 1919 1444 sta-

353 1496 467 1541 tum
503 1487 629 1541 vita:
681 1501 808 1557 rape
841 1485 1108 1554 precibus,
1138 1482 1356 1537 monitis
1383 1524 1397 1545 ,
1444 1482 1916 1553 castigationibus,

350 1574 628 1645 exemplis,
655 1582 712 1629 ut
734 1590 854 1629 eum
884 1574 1160 1643 multiplici
1192 1572 1390 1627 laboris
1431 1572 1607 1627 fructu
1636 1572 1918 1641 multiplici

2012 493 2136 549 bills
2173 496 2294 557 erit.
2326 491 2437 547 Nisi
2465 493 2577 549 sola
2610 493 3068 565 eleemosynarum
3104 492 3345 564 largitio,
3389 505 3439 549 et
3468 514 3579 553 me-

2014 583 2239 637 ritorum
2257 582 2627 653 multiplicatio
2645 582 2906 638 bonorum
2930 584 3185 653 proderit.
3208 583 3471 655 Quidquid
3492 588 3578 644 hic

2016 674 2217 740 geritur
2241 713 2257 739 ,
2305 674 2415 729 illic
2438 674 2777 744 dijudicatur.
2807 674 2873 727 Et
2909 676 3085 733 omnis
3111 675 3319 730 bonitas
3362 677 3580 747 praemio

2016 764 2363 820 coronabitur
2415 773 2709 835 perpetuo,
2763 763 3043 832 omnisque
3071 764 3327 834 iniquitas
3368 768 3582 821 internis

2016 856 2356 912 damnabitur
2393 858 2692 911 tormentis.

2086 944 2213 999 Haec
2254 946 2447 1001 animis
2489 946 2786 1001 inhzereant
2820 946 3041 1010 nostris,
3061 948 3165 1003 hoc
3188 948 3425 1015 prudens
3450 963 3585 1017 pne-

2016 1033 2195 1089 videat
2222 1033 2449 1091 cautela.
2478 1034 2556 1088 Nc
2583 1033 2677 1088 illa
2693 1034 2781 1089 die
2805 1035 2959 1104 inops
2982 1034 3241 1090 bonorum
3268 1036 3584 1091 meritorum

2018 1126 2196 1197 lugeat
2217 1120 2229 1151 ’·
2247 1125 2457 1190 anima;
2499 1125 2594 1182 sed
2618 1135 2677 1179 ut
2696 1125 2761 1181 de
2785 1120 3013 1195 simpli‘ci
3050 1126 3283 1197 gaudeat
3331 1126 3587 1182 bonitatis

2016 1216 2193 1272 fructu
2218 1257 2239 1281 ,
2280 1217 2515 1291 masima
2548 1231 2679 1275 cura.
2730 1216 3072 1285 cogitandum
3120 1223 3219 1270 est.
3271 1215 3385 1271 Hoc
3408 1227 3586 1271 vestra

2017 1323 2191 1363 meam
2215 1306 2451 1361 fraterna
2478 1307 2781 1375 sollicitudo
2824 1307 3119 1375 segnitiem,
3153 1314 3463 1363 sanctarum
3510 1307 3591 1361 lit-

2020 1406 2255 1452 terarum
2280 1397 2438 1460 serie,
2463 1398 2658 1465 saepius
2679 1398 2985 1451 admoneat.
3010 1396 3143 1451 Nam
3183 1412 3314 1452 mete
3337 1398 3591 1452 exhorta-

2020 1488 2181 1542 tionis
2208 1488 2369 1543 verba
2394 1501 2535 1541 verte
2554 1486 2855 1541 dilectionis
2872 1485 3013 1556 stylo
3036 1496 3164 1541 sunt
3184 1494 3419 1545 exarata.
3450 1484 3589 1563 Quo-

2018 1578 2149 1632 tidie
2171 1591 2455 1647 Operemur
2497 1576 2721 1647 bonum,
2747 1575 2873 1629 dum
2916 1583 3125 1644 tempus
3154 1576 3415 1631 habemus
3443 1572 3593 1645 (Gal.

353 1667 545 1737 dignus
584 1666 830 1721 mercede
866 1682 1124 1736 appareas
1161 1666 1217 1720 in
1261 1675 1546 1734 conspectu
1578 1666 1786 1720 Domini
1821 1665 1916 1720 Dei
1963 1737 1968 1738 ί
2021 1683 2099 1731 vI,
2130 1667 2247 1738 10);
2286 1683 2354 1721 ne
2376 1682 2472 1720 nos
2500 1666 2733 1721 tenebrae
2772 1666 3225 1737 comprehendant
3260 1665 3441 1736 (loca.
3471 1680 3589 1732 xu,

351 1756 449 1820 tui,
477 1752 715 1826 mihique
742 1766 848 1811 tua:
873 1758 1062 1821 salutis
1087 1757 1336 1812 consocio
1360 1756 1587 1810 assiduis
1621 1755 1921 1809 sanctitatis
1956 1737 1995 1794 ⁸
2022 1758 2132 1828 55),
2156 1737 2257 1813 nec
2280 1758 2575 1827 imparatos
2614 1756 2703 1810 illa
2745 1755 3031 1811 metuenda
3074 1755 3189 1811 dies
3214 1755 3467 1810 inveniat.
3510 1754 3592 1810 Tu

354 1857 458 1902 tua:
482 1846 732 1915 precibus
760 1846 1045 1901 subvenire
1090 1852 1394 1899 memento:
1436 1851 1699 1912 quatenus
1736 1840 1922 1895 Salva-

353 1948 439 1992 tor
474 1936 710 1990 omnium
740 1950 825 1990 me
848 1936 1031 1990 multis
1070 1942 1411 2005 peccatorum
1440 1931 1749 1986 vulneribus
1792 1946 1921 1985 eon-

354 2022 553 2079 fossum
572 2065 585 2085 ,
616 2022 763 2093 larga
789 2037 899 2089 sua:
926 2021 1143 2093 pietatis
1174 2021 1458 2078 clementia
1488 2020 1695 2077 salvare
1739 2020 1923 2088 digne-

353 2122 442 2168 tur
461 2123 516 2169 et
536 2114 861 2169 constituere
884 2154 897 2176 ,
944 2113 1068 2168 licet
1099 2121 1421 2177 extremum,
1460 2112 1512 2166 in
1542 2120 1685 2167 sorte
1710 2118 1923 2166 actorum

354 2205 699 2261 beatitudinis
723 2213 919 2269 tecum,
947 2204 1265 2259 charissime
1289 2203 1468 2269 Pater,
1493 2201 1664 2256 frater
1689 2211 1744 2258 et
1766 2201 1858 2256 illi.

841 2324 866 2354 ι
888 2310 1238 2369 .EPISTOLA
1276 2312 1437 2368 LXX.

772 2420 839 2459 AD
876 2417 1153 2458 SPEBATUI
1191 2418 1494 2459 EPISCOPUI.

964 2490 1140 2559 (Anno
1178 2491 1328 2563 797.)

358 2581 517 2635 Illum
551 2598 583 2635 a
628 2582 939 2637 vanitatibus
974 2582 1131 2651 hujus
1171 2584 1288 2637 uiue
1316 2585 1655 2650 dehortatur;
1700 2586 1927 2645 inculcat

637 2667 753 2705 vero
778 2652 955 2721 officia
980 2653 1231 2723 episcopis
1269 2655 1642 2708 convenientia.

424 2739 775 2799 Sanctissimo
825 2742 979 2797 fratri
1016 2750 1071 2798 et
1108 2742 1220 2798 lilio
1269 2744 1587 2801 charissima
1624 2744 1657 2785 δ
1702 2740 1928 2815 Sperate

355 2828 627 2899 episcopo,
653 2830 870 2885 humilis
898 2831 1058 2886 Pater
1079 2832 1303 2888 Albinus
1330 2833 1577 2889 salutem.

425 2917 592 2972 Valde
615 2934 701 2973 me
746 2927 938 2975 vestae
963 2921 1244 2977 charitatis
1263 2938 1416 2976 amor
1443 2923 1682 2992 quotidie
1714 2923 1888 2979 reiicit
1910 2966 1925 2989 ,

356 3016 411 3062 et
431 3007 699 3073 lidelitatis
719 3018 951 3065 mentem
983 3026 1155 3066 meam
1182 3013 1447 3072 certitudo
1480 3014 1814 3069 abundanter
1839 3016 1929 3069 lie-

357 3096 545 3163 tillcat,
567 3098 638 3153 ita
658 3099 791 3154 utin
814 3100 1019 3168 primos
1037 3102 1317 3171 parvitatis
1337 3117 1468 3158 mete
1497 3103 1718 3166 amicos,
1734 3109 1926 3157 vestra
1953 3068 2001 3130 ο

329 3190 617 3247 .bonitatis
654 3206 848 3247 nomen
885 3201 943 3246 et
976 3193 1257 3249 suavitatis
1281 3194 1447 3250 facies
1476 3194 1640 3250 menti
1681 3208 1812 3248 mea:
1840 3206 1926 3246 ra-

358 3280 556 3337 dicitus
591 3282 812 3338 infixum
868 3294 1202 3352 permaneat.
1257 3286 1325 3341 Et
1359 3288 1430 3341 ob
1482 3286 1620 3349 hoc,
1666 3295 1924 3356 quantum

359 3374 638 3431 cbaritatis
661 3379 961 3433 recordatio
1002 3379 1235 3435 lzetifieat
1256 3420 1272 3445 ,
1320 3391 1525 3436 tantum
1560 3383 1815 3438 absentia
1844 3382 1923 3436 la-

360 3476 601 3534 crymosa
649 3466 1009 3535 longinquitas
1043 3469 1365 3525 mmstiﬂcat.
1408 3469 1513 3525 Sed
1556 3464 1923 3539 patienterfe»

361 3552 581 3610 rendam
603 3564 683 3609 est
707 3552 847 3626 quod
881 3547 1183 3613 necessario
1209 3560 1541 3615 tolerandum
1580 3574 1699 3616 esse
1737 3562 1924 3631 digno-

359 3644 547 3699 scitur.
592 3648 655 3700 lit
702 3662 925 3720 currens
948 3650 1189 3705 chartula
1217 3651 1463 3706 ostendat
1487 3652 1540 3705 in
1568 3652 1760 3712 litteris
1784 3651 1926 3721 quod

361 3733 540 3805 lingua
569 3752 820 3794 resonare
846 3754 951 3795 non
984 3740 1124 3795 valet
1168 3743 1220 3796 in
1248 3742 1486 3804 auribus,
1510 3750 1775 3812 quatenus
1798 3757 1926 3796 ceu-

361 3823 533 3881 lorum
552 3826 733 3883 officio
758 3830 887 3885 illud
912 3814 1167 3901 agnoscai
1208 3834 1350 3902 quod
1373 3833 1499 3888 olim
1531 3834 1739 3888 aurium
1770 3832 1925 3887 mini-

360 3916 526 3970 sterio
551 3918 728 3972 cordis
753 3931 1017 3974 secretum
1048 3923 1316 3990 cognovit.

428 4005 616 4061 Vestra
664 4023 793 4064 vero
836 4012 1136 4065 veneranda
1193 4012 1450 4067 sanctitas
1518 4012 1697 4066 varios
1740 4013 1921 4066 steculi

359 4106 585 4153 eventus
612 4091 812 4171 saepius
832 4103 1166 4166 consideret,
1205 4110 1259 4157 et
1303 4102 1423 4171 quis
1468 4117 1626 4157 casus
1650 4103 1803 4158 nobis
1839 4116 1921 4156 re-

360 4199 595 4256 maneat,
618 4208 725 4248 non
768 4194 1023 4249 obliviosa
1077 4204 1252 4249 mente
1286 4196 1580 4250 retineatur
1610 4213 1621 4248 :
1655 4196 1924 4265 totiusque

360 4276 577 4333 humani
603 4282 813 4350 generis
837 4284 1076 4353 exempla
1108 4300 1207 4339 nos
1240 4285 1483 4347 doceant,
1512 4300 1671 4354 quam
1716 4284 1924 4351 pericu-

2021 1864 2152 1904 vero
2181 1845 2435 1916 pastorali
2464 1846 2661 1913 pietate
2680 1860 2745 1898 ac
2772 1844 3088 1899 sacerdotali
3117 1844 3459 1907 auctoritate,
3481 1858 3592 1898 non

2023 1937 2191 1992 solum
2213 1952 2386 1991 meam
2408 1936 2670 1991 suscitare
2699 1935 2894 1990 litteris
2918 1936 3217 1992 socordiam
3244 1935 3476 2013 studeas,
3497 1934 3592 2018 sed

2022 2027 2184 2081 etiam
2214 2026 2464 2081 omnibus
2485 2037 2537 2081 te
2574 2026 2908 2103 audientibus
2932 2026 3019 2095 pia
3053 2025 3396 2095 paternitate,
3423 2032 3483 2081 ut
3516 2026 3593 2077 vi-

2024 2116 2209 2187 gilent,
2240 2116 2533 2186 pradicare
2561 2130 2667 2170 non
2717 2129 2912 2169 cesses.
2947 2113 3004 2168 Si
3028 2114 3207 2183 lingua
3249 2111 3593 2168 sacerdotalis
3679 2160 3689 2170 .

2026 2208 2189 2264 clavis
2213 2216 2296 2263 est
2321 2206 2553 2262 ctelestis
2577 2206 2753 2276 regni,
2779 2205 2932 2261 decet
2957 2213 3017 2259 ut
3056 2212 3241 2275 guttur
3277 2201 3421 2258 illius
3465 2201 3593 2257 tuba

1954 2361 1961 2365 ,
2026 2300 2098 2356 sit
2117 2301 2302 2356 :eterni
2324 2300 2503 2370 Regis,
2528 2299 2739 2354 dicente
2759 2299 3022 2369 propheta
3043 2310 3061 2347 :
3089 2296 3289 2359 Clama,
3314 2312 3377 2351 ne
3396 2311 3591 2357 cesses;

2026 2393 2200 2448 exalto
2228 2394 2361 2449 sicut
2380 2392 2504 2445 tuba
2524 2408 2693 2445 vocem
2715 2399 2858 2444 tuam
2883 2388 3037 2459 (lsai.
3075 2404 3228 2451 LVIII,
3250 2388 3323 2457 l).
3349 2380 3482 2457 Quis
3533 2402 3593 2442 se

2027 2490 2182 2555 parat
2202 2482 2307 2552 73
2329 2482 2395 2537 ad
2415 2480 2629 2543 bellum,
2654 2481 2697 2534 si
2723 2494 2899 2549 przeeo
2926 2478 2982 2532 in
3008 2478 3201 2533 castris
3238 2492 3343 2532 non
3369 2476 3596 2531 clamat?

2028 2571 2160 2639 Quis
2196 2570 2441 2626 hostibus
2467 2556 2771 2625 succinctus
2794 2569 2846 2623 in
2871 2568 3037 2624 armis
3064 2568 3271 2624 obsistit
3297 2567 3591 2628 introitum.

2029 2665 2073 2719 si
2103 2664 2406 2732 speculator
2434 2664 2489 2718 in
2538 2663 2681 2718 celso
2725 2664 2890 2717 turris
2924 2662 3137 2733 fastigio
3191 2662 3420 2717 dormit?
3462 2660 3593 2728 Quis

2029 2765 2245 2823 gregem
2272 2767 2303 2807 a
2328 2751 2573 2821 luporum
2602 2751 2751 2805 rabie
2784 2750 3038 2815 defendit,
3070 2751 3113 2804 si
3148 2758 3331 2820 pastor
3350 2751 3404 2805 in
3430 2749 3590 2805 silvo~

2030 2842 2231 2897 stribus
2274 2841 2501 2896 luxuriae
2541 2840 2719 2895 dumis
2757 2840 2968 2894 latitat?
2999 2838 3131 2907 Quis
3174 2839 3413 2895 ﬂorentis
3448 2839 3592 2897 ruris

2029 2946 2229 3002 pascua
2258 2930 2403 3001 gregi
2432 2927 2788 2989 demonstrat,
2820 2928 2867 2985 si
2908 2928 3098 2983 ductor
3133 2926 3461 2997 vagabundis
3496 2940 3596 2998 per
3689 2964 3695 2974 ι

2032 3024 2216 3082 foveas
2246 3024 2483 3095 vestigiis
2504 3023 2684 3080 errat?
2728 3022 2867 3093 Lege
2896 3021 3111 3091 sa‘pius,
3144 3010 3369 3076 obsecro
3392 3060 3414 3086 ,
3450 3015 3622 3077 beati‘

2028 3115 2270 3185 Gregorii
2321 3115 2686 3185 przedicatoris
2740 3112 2909 3168 nostri
2956 3111 3193 3167 libellum
3241 3110 3307 3165 de
3337 3108 3592 3181 pastorali

2027 3219 2177 3270 cura,
2207 3212 2267 3257 ut
2291 3203 2346 3257 in
2392 3217 2459 3257 eo
2485 3202 2782 3273 periculum
2827 3198 3173 3256 sacerdotalis
3210 3198 3377 3255 officii
3422 3212 3588 3270 agno-
3623 3222 3641 3234 ο

2027 3310 2168 3359 scas,
2204 3302 2260 3351 et
2286 3295 2424 3350 bene
2445 3291 2719 3363 operantis
2755 3292 2895 3347 servi
2926 3292 3225 3347 mercedem
3256 3306 3362 3347 non
3405 3288 3593 3345 oblivi-

2028 3387 2215 3442 scaris.
2231 3385 2335 3440 Iste
2358 3384 2496 3440 liber
2521 3383 2627 3437 tuis
2649 3381 2843 3451 szepius
2862 3368 3121 3439 inhereat
3145 3381 3426 3444 manibus;
3452 3377 3595 3433 illius

2026 3482 2346 3532 sensus‘tua:
2390 3476 2619 3529 ﬁrmiter
2665 3474 2954 3543 inligantur
2998 3472 3307 3535 memoriae,
3355 3478 3415 3525 ut
3456 3471 3595 3525 scias

2024 3564 2254 3635 qualiter
2276 3564 2502 3633 quisque
2524 3562 2593 3615 ad
2617 3561 3004 3619 sacerdotalem
3030 3561 3289 3614 honorem
3316 3556 3591 3618 accedere,

2024 3664 2079 3713 et
2101 3657 2362 3712 accedens
2391 3662 2589 3724 quanta
2630 3652 3058 3707 consideratione
3100 3649 3333 3721 seipsum
3364 3647 3597 3705 circum-

2024 3747 2230 3817 spicere
2276 3744 2497 3809 debeat;
2538 3751 2593 3797 et
2620 3741 2815 3811 quibus
2865 3739 3123 3809 exemplis
3155 3738 3334 3793 vivere
3376 3751 3595 3793 necesse

2025 3835 2128 3900 sit;
2184 3842 2238 3889 et
2281 3840 2479 3903 quanta
2529 3832 2823 3913 intentiope
2851 3828 3143 3899 praedicare
3204 3826 3495 3899 iubeatur;
3538 3830 3593 3881 ot

2024 3925 2152 3993 quid
2178 3925 2262 3978 cui
2289 3937 2531 3992 personae
2566 3920 2873 3984 conveniat)
2894 3919 3131 3973 maxima
3156 3916 3476 3973 discretione
3495 3914 3592 3967 de-

2020 4014 2256 4082 scripsit.
3241 4078 3245 4082 ,

2096 4102 2215 4158 Scis
2242 4102 2462 4172 optime,
2493 4110 2693 4171 quanta
2738 4099 3033 4154 intentione
3061 4106 3083 4135 ο
3116 4112 3209 4151 rex
3249 4094 3335 4150 ille
3362 4093 3595 4151 clarissi‘

2025 4211 2146 4251 mus
2178 4194 2344 4249 lilium
2386 4192 2540 4248 suum
2582 4190 2775 4265 [Edit.,
2806 4189 2915 4244 tilio
2958 4186 3079 4263 suo]
3123 4186 3477 4260 praeparavit,
3526 4191 3592 4240 ut

2027 4286 2407 4350 arbitrabatur,
2448 4299 2612 4357 regno
2636 4284 2897 4339 hzeredem
2922 4268 3078 4347 :'sed,
3131 4290 3191 4336 ut
3217 4297 3400 4337 rerum
3435 4292 3597 4335 even-

361 4368 474 4425 losa
512 4360 643 4432 dies,
670 4388 829 4441 quam
865 4377 1205 4429 metuendum
1251 4378 1506 4446 judicium
1547 4378 1749 4431 incerto
1788 4382 1922 4429 tem-
1952 4410 1997 4467 υ
2027 4384 2113 4429 tus
2133 4376 2553 4437 demonstrabat,
2580 4373 2797 4429 exemit.
2824 4372 2949 4425 Inde
2966 4372 3165 4441 poteris
3186 4369 3493 4467 Stecularem
3520 4367 3597 4421 in-

360 4472 491 4526 pore
524 4458 676 4515 nobis
700 4460 993 4515 immineat.
1026 4462 1393 4533 Praeparemus
1418 4480 1514 4518 nos
1553 4466 1607 4518 in
1638 4478 1918 4518 occursum

362 4549 539 4618 magni
582 4549 742 4619 Regis
770 4551 968 4622 (Amos,
1001 4568 1052 4605 Iv
1078 4593 1094 4617 ,
1140 4554 1224 4623 12)
1250 4594 1265 4617 ,
1316 4561 1373 4607 ιιι
1422 4554 1565 4623 pium
1591 4554 1924 4608 inveniamus

362 4653 530 4705 quem
550 4639 728 4695 nullus
760 4640 995 4711 effugere
1019 4645 1211 4698 valeat.
1257 4644 1393 4711 Quid
1417 4660 1541 4700 vero
1579 4646 1816 4699 muneris
1868 4646 1921 4699 in

362 4730 609 4784 manibus
633 4729 899 4797 feramus,
942 4738 1177 4801 quotidie
1198 4739 1537 4808 cogitandum
1560 4747 1675 4803 est,
1717 4739 1924 4793 dicente

365 4820 641 4905 Scripth
664 4840 677 4876 :
708 4822 831 4878 Non
858 4842 1107 4894 apparens
1126 4845 1315 4883 vacuas
1342 4832 1394 4883 in
1416 4840 1689 4899 conspectu
1717 4829 1924 4901 Domini

364 4912 556 4968 Deitui
583 4914 771 4985 (Eccli.
822 4931 989 4981 xxxv,
1008 4916 1082 4986 6).
1111 4908 1265 4973 Nulla
1315 4920 1387 4974 ibi
1416 4922 1754 4975 metallorum
1808 4936 1924 4990 spe-

365 5002 495 5067 cies,
526 5004 701 5061 nullus
724 5002 1053 5076 gemmarum
1080 5006 1274 5079 fulgor,
1300 5010 1441 5062 nulla
1468 5011 1694 5064 vestium
1718 5013 1927 5066 vanitas

435 5188 467 5253 ξι
488 5175 629 5253 ﬁdit.
657 5178 909 5253 Quereet.
941 5183 1042 5239 l08
1072 5200 1133 5238 ex
1161 5198 1259 5237 ms.
1290 5181 1541 5253 (Froben.
1571 5184 1679 5250 56).

435 5246 465 5286 δ
491 5244 731 5325 δροζαιο.
751 5252 1005 5325 episcopo.
1046 5254 1219 5325 _l\'emo
1255 5244 1432 5323 prodit
1460 5252 1610 5325 cujus
1642 5244 1787 5309 sedis
1821 5255 1928 5325 epi-

368 5328 559 5393 scopus
600 5314 881 5393 fuerit.’_ln
922 5314 1117 5393 'Anglia'
1164 5314 1342 5393 tamen
1390 5314 1752 5393 episcopatum
1794 5314 1929 5378 obti—

365 5386 547 5441 nuisse
573 5398 637 5462 ος
668 5400 783 5462 Ipsa
804 5386 1144 5462 hacepintola
1170 5391 1347 5462 colligi
1373 5386 1531 5462 posse
1548 5386 1789 5455 videtur;
1812 5393 1932 5446 hor-

368 5407 547 5441 nuIsse
573 5407 637 5439 es
669 5407 783 5456 Ipsa
805 5407 1144 5459 nacepiston
1170 5407 1291 5447 cum
1332 5408 1347 5443 I
1373 5407 1531 5462 posse
1548 5407 1789 5455 Videtur;
1814 5407 1932 5446 nor-

368 5464 512 5510 Iatur
536 5456 675 5539 enim
701 5456 1101 5539 ElLegegazpius
1121 5461 1254 5515 beati
1277 5407 1512 5530 (gregarii
1538 5476 1935 5537 Passienum

369 5540 557 5599 κωτει
594 5524 842 5599 libellum.
863 5524 1008 5599 AVide
1033 5531 1192 5585 etiam
1220 5542 1329 5595 not.
1360 5524 1473 5599 seq.

439 5605 462 5684 ξ
486 5592 1080 5684 Beiilk‘clﬂissimus.
1124 5592 1278 5684 Offa;
1297 5592 1453 5684 piito,
1476 5617 1569 5655 rex
1593 5600 1926 5684 Merciorum,

368 5663 459 5731 qui
482 5680 622 5720 anno
653 5664 753 5722 787
783 5664 947 5720 lilium
974 5683 1129 5723 suum
1172 5663 1441 5740 Fgfridum
1478 5678 1654 5741 regem
1684 5670 1929 5726 coronari

2026 4463 2261 4531 telligere
2298 4462 2644 4531 sapientiam,
2689 4469 2745 4513 et
2770 4475 2928 4529 quam
2976 4476 3160 4514 verum
3186 4466 3299 4524 est,
3349 4466 3411 4511 ut
3446 4455 3596 4512 Psal—

2024 4552 2180 4606 mista
2209 4551 2355 4605 canit
2380 4568 2390 4603 :
2444 4547 2562 4604 Nisi
2604 4548 2858 4602 Dominus
2884 4548 3215 4617 aediﬁcaverit
3244 4546 3592 4620 [custodierit]

2022 4647 2252 4708 domum,
2284 4648 2337 4699 in
2365 4660 2552 4699 vanum
2590 4642 2916 4713 vigilantqui
2946 4642 3239 4696 custodiunt
3266 4657 3381 4695 eam
3416 4641 3588 4714 (Psal.

2022 4732 2201 4801 exxvi,
2236 4738 2307 4807 l).
2358 4736 2528 4792 Ποιηο
2571 4737 2789 4805 cogitat,
2831 4734 2969 4790 Deus
3000 4732 3227 4803 iudicat.
3274 4730 3480 4787 Incerta
3510 4738 3593 4787 est

2025 4830 2271 4882 humanae
2312 4827 2608 4898 prudentia:
2654 4826 2996 4880 saecularibus
3034 4824 3363 4895 providentia
3408 4820 3587 4876 rebus.

2027 4918 2136 4972 lloc
2156 4918 2327 4971 solum
2356 4918 2422 4969 de
2449 4915 2639 4967 futuris
2662 4914 3085 4969 considerantem
3121 4929 3226 4967 non
3255 4910 3417 4972 fallat,
3448 4908 3590 4979 quod

2026 5009 2259 5063 charitas
2287 5010 2339 5062 in
2360 5006 2640 5077 praeceptis
2667 5005 2758 5059 Dei
2784 5004 2941 5073 huius
2968 5006 3088 5060 vitae
3110 5002 3433 5073 temporibus
3468 5016 3590 5071 ρει-ο

2028 5186 2153 5243 iecit
2168 5230 2182 5249 ,

2028 5250 2299 5312 mensibus
2337 5270 2557 5324 regnum
2572 5250 2793 5315 'tennit,
2839 5262 3009 5308 morte
3051 5250 3342 5324 sublatus_t
3375 5250 3586 5324 non—ob

2027 5335 2249 5397 peccata
2275 5341 2368 5379 sua
2388 5318 2423 5387 ,⁷
2445 5324 2540 5397 sed
2566 5324 2690 5393 quia
2731 5332 2881 5397 pater
2906 5336 3036 5397 suae
3054 5318 3588 5397 proconfinngtiopo

2030 5388 2179 5478 ῑεςρί
2204 5394 2318 5478 iiiis
2358 5388 2598 5474 φυιιιξιιί
2618 5388 2928 5478 ωρένέυεἮ
2957 5389 3243 5478 εὲιεεέίξιζξ
3264 5388 3587 5478 ιξι,

2029 5457 2210 5534 quitur
2230 5457 2485 5517 'Alcuinus
2513 5458 2569 5516 in
2610 5457 2831 5531 epistola
2864 5459 2930 5513 ad
2966 5457 3250 5534 Osbertum
3276 5458 3581 5534 patricium,

2030 5519 2149 5603 quae
2174 5533 2528 5603 desideratur,
2574 5541 2627 5587 et
2643 5519 2717 5603 ὀξ
2747 5528 3130 5603 quamverba
3151 5519 3583 5603 ci‘tat'bialniesb.

2031 5595 2124 5657 lib.
2156 5617 2173 5655 I
2215 5617 2324 5671 reg.
2358 5602 2507 5670 Angl.
2541 5618 2657 5723 cap.
2690 5601 2737 5652 ι.
2765 5595 2889 5654 Ἦά.
2935 5597 3133 5654 Alford.
3184 5597 3371 5653 Annal.
3400 5595 3594 5668 Anglo-

2034 5672 2158 5725 Sav.
2190 5676 2340 5728 annis
2368 5672 2467 5729 787
2490 5681 2540 5724 et
2565 5673 2592 5723 7
2633 5670 2687 5722 6.

2076 5688 2158 5725 at.
2190 5676 2340 5728 annis
2368 5672 2467 5728 787
2490 5681 2540 5724 et
2565 5672 2687 5723 796.

2236 5189 2325 5258 qui
2370 5198 2543 5241 tamen
2571 5192 2794 5258 parente
2830 5191 3040 5237 mortuo
3070 5195 3173 5258 non
3223 5181 3323 5235 nisi
3354 5180 3589 5258 quinque
