4226 6194
566 282 673 335 283

1409 279 1468 331 Β.
1510 280 1571 332 ι’.
1612 276 1834 331 ALBINI
1875 274 2003 329 δεῖ
2045 272 2319 328 ALCIIINI
2355 273 2632 329 OPERL‘)!
2669 270 2845 327 PARS
2882 271 2920 324 ι.

3706 270 3816 325 2η

568 397 695 465 agit.
742 394 823 448 Sit
871 394 965 449 tibi
995 394 1141 461 larga
1179 392 1445 446 manusin
1485 387 1875 458 eleemosynis;
1914 386 1984 439 sit
2023 392 2134 438 stu-
2165 384 2209 444 Δ
2235 399 2328 438 cro
2356 425 2371 447 ,
2412 384 2695 438 charitatis
2738 384 3397 453 hortamentaspcrnere.
3449 382 3571 437 Scio
3613 381 3817 453 [Edit.,

568 485 716 541 diosa
732 480 911 556 lingua
928 485 981 539 in
996 484 1373 553 praidicatione
1391 499 1406 545 ;
1428 482 1499 535 sit
1514 480 1695 535 sobria
1717 479 1821 532 vita
1845 479 1896 531 in
1911 490 2137 531 conver-

565 578 811 642 satione;
862 575 931 631 sit
975 573 1324 630 sacerdotalis
1368 572 1661 627 auctoritas
1708 572 1763 625 in
1812 567 2136 638 castigandis

566 666 807 736 mprobis
831 684 845 732 ;
876 668 946 721 sit
975 666 1204 735 benigna
1228 663 1527 718 sollicitudo
1554 663 1608 717 in
1637 659 1937 715 refovendis
1966 657 2139 711 humi-

564 755 723 811 libus.
777 755 861 809 Sit
902 755 997 817 tibi
1023 755 1170 809 clara
1201 756 1252 808 in
1298 754 1542 807 veritatis
1581 752 1880 807 assertione
1923 746 2136 809 ﬁducia,

565 847 691 900 nulli
718 860 942 916 parcens
967 860 1228 913 personae,
1271 859 1378 913 quo
1404 843 1578 896 minus
1605 840 1871 910 :eqnitatis
1898 835 2141 906 proferas

557 937 836 1007 judicium.
871 935 945 990 Sit
976 936 1070 989 tibi
1098 934 1417 989 venerabilis
1445 931 1785 1001 quotidianus
1823 944 1953 982 usus
1982 929 2141 980 inec-

562 1027 876 1082 clesiasticis
902 1024 1110 1087 ciliciis,
1142 1032 1200 1077 ut
1220 1024 1397 1078 omnia
1422 1020 1713 1075 honoriﬁce
1734 1018 1863 1072 ﬁant
1890 1030 2010 1085 qua:
2051 1023 2139 1067 tua

560 1117 793 1189 dignitas
822 1117 874 1170 in
904 1113 997 1169 Dei
1026 1115 1171 1170 cultu
1218 1113 1409 1167 debeat
1431 1109 1735 1166 observare.
1786 1109 1919 1174 Quia
1949 1105 2141 1167 melius

559 1217 670 1272 est,
710 1207 1044 1262 sacerdotem
1087 1204 1288 1258 Christi
1337 1204 1389 1256 in
1433 1200 1795 1255 ecclesiastico
1840 1195 2139 1250 ministerio

560 1299 781 1360 laudari,
816 1313 976 1367 quam
1006 1298 1058 1349 in
1090 1293 1455 1350 conviviorum
1482 1299 1738 1360 apparatu
1770 1287 1949 1357 (Prov.
1980 1299 2136 1349 χχιιι,

557 1389 669 1458 20).
697 1389 825 1455 Qua:
854 1389 970 1441 laus
994 1397 1077 1441 est
1107 1394 1311 1438 tantum
1333 1381 1673 1437 accumulare
1698 1394 1938 1435 mensam
1967 1387 2135 1440 tuam,

559 1490 615 1549 ut
642 1481 731 1535 vix
763 1479 964 1549 portari
996 1477 1183 1545 possit,
1236 1484 1290 1528 et
1330 1474 1577 1528 Christus
1610 1480 1733 1525 ante
1783 1471 1979 1525 ostium
2010 1484 2137 1523 esu-

558 1548 704 1623 rint?
745 1548 835 1637 qui
864 1567 1105 1621 dicturus
1132 1566 1236 1619 erit
1264 1565 1317 1617 in
1347 1564 1434 1616 die
1464 1561 1729 1617 terribili:
1769 1559 2017 1624 Quandiu
2046 1559 2137 1611 imi

556 1674 621 1711 cx
662 1658 889 1711 minimis
931 1656 1057 1709 meis
1091 1654 1304 1723 fecistis,
1351 1652 1476 1705 mihi
1523 1651 1717 1721 fecistis
1744 1649 1957 1721 (.llatth.
2007 1664 2131 1711 xxv,

557 1749 669 1818 tu).
1034 1752 1035 1755 ‘

626 1836 854 1892 Omnino
879 1836 1078 1889 habeas
1100 1836 1152 1888 in
1181 1834 1438 1889 comitatu
1468 1843 1559 1887 tuo
1584 1833 1901 1902 prudentem
1925 1832 2137 1901 dispen-

556 1938 811 1993 satorem,
843 1928 933 1997 qui
956 1939 1252 1996 pauperum
1278 1941 1463 1979 curam
1492 1923 1714 1978 sellicita
1741 1924 1938 1993 pietate
1962 1924 2139 1993 provi-

554 2021 699 2074 deat.
735 2017 922 2072 Melius
948 2025 1031 2070 est
1059 2028 1319 2085 pauperes
1346 2014 1505 2069 edere
1529 2014 1597 2068 de
1624 2028 1807 2068 mensa
1838 2019 1951 2076 tua,
1977 2028 2138 2083 quam

557 2111 847 2168 histriones
873 2109 966 2183 gvel
1004 2110 1308 2164 luxuriosos
1351 2107 1635 2178 quoslibet.
1682 2106 2011 2165 Ebrietatem
2050 2118 2137 2157 se-

556 2211 787 2266 ctantes,
823 2201 984 2256 beato
1013 2199 1343 2268 llieronymo
1373 2199 1604 2262 dicente,
1655 2190 1807 2265 quasi
1842 2193 2035 2248 inferni
2064 2191 2141 2247 fo-

556 2307 711 2347 veam
740 2290 938 2345 devita.
975 2289 1089 2343 Duo
1112 2287 1254 2342 mala
1280 2295 1422 2341 sunt.
1472 2286 1711 2340 Primum
1738 2301 1749 2337 :
1784 2291 1971 2338 contra
1999 2297 2138 2351 pra:-

557 2392 772 2454 ceptum
794 2362 889 2436 Dei
916 2395 1094 2451 agere,
1126 2380 1218 2449 qui
1250 2382 1363 2432 ait:
1393 2377 1576 2435 Cavete
1605 2394 1691 2431 ros
1721 2376 1785 2429 ab
1816 2376 1956 2429 omni
1980 2375 2143 2429 ebrie-

556 2484 663 2527 tate
710 2482 758 2527 et
802 2471 1019 2543 crapula
1056 2470 1220 2542 (an.
1269 2487 1377 2531 xiii,
1433 2469 1558 2540 54).
1616 2467 1969 2522 Secundum:
2020 2467 2142 2519 inde

559 2564 770 2618 laudem
806 2577 1081 2631 qtuerere,
1125 2560 1268 2614 unde
1316 2560 1685 2630 pmnitcntiam
1734 2571 1894 2627 agere
1940 2556 2139 2612 debuit.

562 2655 753 2707 Beatus
778 2652 930 2709 homo
958 2652 1046 2721 qui
1088 2668 1190 2704 non
1232 2650 1433 2719 respicit
1458 2650 1513 2702 in
1540 2649 1788 2702 vanitates
1815 2656 1863 2701 et
1900 2646 1968 2699 ad
2002 2646 2144 2699 insa-

561 2748 675 2799 nias
713 2745 877 2814 falsas
921 2744 1092 2816 (Psal.
1142 2760 1325 2807 xxxix,
1374 2744 1448 2814 5).
1494 2743 1707 2797 Insania
1746 2751 1831 2797 est
1858 2742 2145 2796 vestimen-

562 2847 737 2892 torum
762 2852 979 2907 pompa,
1008 2845 1063 2889 et
1087 2836 1295 2890 assidua
1325 2835 1603 2889 ebrietatis
1627 2835 1858 2898 luxuria,
1883 2833 2143 2904 propheta

560 2926 812 2983 dicente:
860 2926 944 2981 Vit
979 2927 1118 2981 vobis
1147 2927 1235 2996 qui
1260 2935 1489 2996 potentes
1519 2927 1638 2979 estis
1670 2926 1738 2979 ad
1765 2925 2038 2979 bibendum
2073 2925 2146 2977 ri-

561 3037 711 3086 uum,
734 3030 783 3074 et
820 3020 914 3072 riri
941 3018 1100 3088 fortes
1130 3018 1197 3070 ad
1224 3006 1539 3070 miscendam
1583 3015 1880 3069 ebrietatem
1908 3014 2061 3085 (Isai.
2089 3029 2119 3065 v

560 3113 674 3183 ‘22).
708 3111 814 3184 Qui
838 3114 917 3168 his
946 3110 1251 3174 delectatur,
1295 3119 1353 3163 ut
1378 3108 1629 3164 Salomon
1672 3109 1763 3170 ait,
1803 3110 2021 3161 nouerit
2048 3126 2138 3161 sa-

561 3206 705 3273 piens
728 3203 909 3275 (Prov.
942 3218 1032 3265 xx,
1064 3202 1135 3271 1).
1180 3202 1237 3255 in
1277 3210 1327 3255 te
1355 3201 1499 3254 enim
1537 3199 1841 3270 exemplum
1878 3199 1948 3253 sit
1976 3200 2140 3253 totius

560 3295 868 3351 sobrietatis
894 3301 948 3347 et
978 3292 1337 3347 continentiae.
1372 3291 1547 3345 Verba
1577 3292 1670 3343 Dei
1703 3290 1947 3358 lcgantur
1968 3289 2021 3343 in
2057 3305 2142 3343 sa-

561 3383 816 3439 cerdotali
859 3381 1124 3437 convivio.
1173 3379 1250 3435 lbi
1297 3381 1450 3435 decet
1496 3380 1749 3434 lectorem
1781 3380 1985 3443 audire,
2034 3395 2139 3434 non

560 3477 915 3532 citharistam.
938 3474 1177 3545 Angusta
1202 3481 1284 3527 est
1303 3473 1521 3537 domus;
1550 3481 1805 3539 utrosque
1832 3480 2016 3525 tenere
2035 3487 2140 3525 non

562 3566 785 3638 poterit.
830 3564 947 3621 Non
976 3564 1088 3619 vult
1106 3577 1202 3639 rex
1230 3562 1464 3617 cmlestis
1489 3576 1609 3615 cum
1641 3560 1861 3630 paganis
1887 3569 1944 3613 et
1966 3560 2142 3630 perdi-

561 3661 632 3714 tis
660 3659 1036 3713 nominetenus
1074 3656 1287 3726 regibus
1315 3642 1744 3707 communionem
1771 3650 1991 3717 habere,
2014 3652 2141 3721 quia

562 3751 678 3806 Rex
707 3751 793 3805 ille
821 3760 1053 3803 aeternus
1097 3754 1285 3817 regnat
1321 3746 1372 3797 in
1404 3744 1558 3798 cmlis
1577 3784 1591 3808 ,
1640 3743 1728 3796 ille
1755 3758 1996 3812 paganus
2022 3758 2143 3811 per-

559 3846 705 3899 ditus
732 3842 935 3914 plangit
978 3840 1029 3893 in
1063 3836 1309 3891 inferno:
1354 3851 1511 3889 voces
1558 3835 1845 3904 legentium
1877 3834 2062 3887 audire
2089 3834 2142 3889 in

560 3935 807 3989 domibus
836 3936 961 3995 tuis,
990 3946 1095 3983 non
1118 3929 1403 3982 ridentium
1444 3928 1656 3980 turbam
1687 3927 1740 3979 in
1768 3925 1978 3995 plateis.

630 4021 961 4075 Clericorum
988 4018 1120 4070 tales
1144 4017 1344 4069 habeas
1366 4016 1560 4078 socios,
1575 4030 1639 4067 ex
1662 4029 1891 4082 quorum
1919 4027 2142 4066 conver-

561 4113 767 4169 satione
796 4120 883 4164 tua
909 4108 1153 4163 laudetur
1182 4105 1493 4161 auctoritas.
1529 4104 1701 4159 Filius
1740 4104 1947 4175 sapiens
1975 4105 2141 4176 gloria

561 4215 633 4258 est
659 4205 845 4273 patris,
876 4210 928 4255 el
951 4210 1137 4256 contra
1163 4200 1305 4269 ﬁlius
1334 4198 1521 4254 stultus
1549 4200 1835 4269 ignominia
1857 4209 1932 4253 est
1960 4201 2142 4253 matris

562 4292 743 4365 (Prov.
773 4307 828 4355 ι,
864 4289 934 4359 1).
968 4288 1264 4355 Quomodo,
1298 4289 1505 4341 dicente
1533 4287 1787 4355 Apostolo
1812 4286 1867 4355 (1
1893 4286 2025 4339 Tim.
2056 4302 2139 4349 ιιι,

560 4384 636 4455 5),
668 4400 851 4441 curam
876 4382 1131 4437 Ecclesiae
1155 4380 1349 4449 poterit
1373 4380 1591 4442 habere,
1622 4379 1712 4447 qui
1740 4373 1891 4433 suam
1921 4379 2137 4432 domum

561 4476 730 4531 nescit
760 4474 985 4545 regere?
1014 4472 1233 4527 Ovicula
1258 4486 1377 4540 quae
1398 4470 1464 4525 de
1489 4486 1670 4525 mensa
1697 4470 1927 4525 comedit
1956 4479 2139 4539 pasto-

463 4550 467 4553 λ
564 4567 660 4628 ris,
712 4563 1218 4637 vagabundiserrat
1254 4562 1546 4628 gressibus.
1597 4560 1874 4629 Quomodo
1911 4570 2137 4638 cautim

562 4657 723 4713 habet
766 4654 1224 4711 conversationem
1250 4694 1264 4715 ,
1308 4669 1428 4723 quae
1469 4652 1637 4707 libero
1662 4655 1795 4724 pede
1837 4671 1935 4723 per
1963 4655 2136 4724 campi

563 4750 893 4805 latitudinem
935 4747 1231 4802 discurrit?
1284 4746 1350 4800 Et
1378 4762 1443 4800 ex
1471 4745 1711 4800 doctrina
1752 4746 2133 4815 discipulorum

561 4848 785 4912 augetur
814 4840 1072 4910 sapientia
1110 4839 1347 4893 doctoris
1377 4853 1391 4890 :
1434 4839 1526 4909 qui
1550 4838 1787 4893 studiose
1814 4838 1971 4893 docet
1992 4842 2133 4910 quod

562 4931 729 4994 novit,
776 4945 915 5000 saepe
963 4928 1216 4997 agnovit,
1266 4927 1710 4983 divinadonante
1749 4930 1941 4999 gratia,
1994 4931 2136 4998 quod

562 5021 789 5089 ignorat.
818 5018 1131 5073 Maledictus
1159 5017 1249 5085 qui
1281 5017 1557 5071 abscondit
1579 5016 1842 5072 frumenta
1883 5020 1935 5072 in
1972 5037 2138 5089 popu-

564 5111 627 5161 lis
654 5107 833 5177 (Prov.
866 5125 942 5171 XI,
968 5108 1079 5179 26),
1108 5115 1161 5161 et
1186 5108 1369 5159 beatus
1389 5107 1477 5175 qui
1506 5107 1738 5161 seminat
1765 5123 1926 5176 super
1950 5124 2139 5163 omnes

561 5212 738 5272 agros.
760 5195 915 5249 Hane
942 5198 1137 5249 semina
1164 5212 1337 5249 semen
1363 5204 1590 5258 tuum,et
1619 5212 1821 5261 vespere
1845 5212 1946 5248 non
1978 5207 2133 5250 cesset

562 5287 669 5359 74
700 5302 885 5340 manus
929 5295 1037 5338 tua.
1088 5284 1223 5349 Quia
1252 5285 1417 5339 nescis
1438 5284 1563 5354 quid
1585 5284 1768 5337 melius
1797 5286 2018 5346 oriatur,
2040 5287 2133 5339 etsi

561 5388 833 5444 utrumque
856 5376 952 5428 hoc
976 5377 1223 5444 optimum
1254 5384 1327 5428 est
1359 5372 1555 5445 (Eccle.
1609 5391 1680 5435 x1,
1714 5374 1788 5442 6).
1822 5374 2007 5430 Nullus
2030 5375 2135 5429 erit

562 5470 611 5521 in
650 5468 749 5523 hoc
774 5466 969 5522 sceculo
996 5467 1350 5535 svmpiteruus
1378 5484 1390 5530 ;
1432 5467 1551 5520 ideo
1576 5468 1863 5523 contendat
1886 5469 2136 5539 quisque,

560 5567 617 5611 ut
652 5556 727 5614 ibi
754 5559 890 5615 bene
917 5559 1059 5612 vivat
1105 5558 1192 5613 ubi
1228 5558 1587 5631 sempiternus
1624 5558 1747 5610 erit.
1798 5557 1950 5622 Noli,
1984 5559 2141 5612 obse-

2236 471 2394 543 scito]
2422 482 2477 555 te
2508 472 2621 526 htec
2660 473 2839 525 omina
2876 472 3066 526 melius
3090 488 3248 527 nosse
3273 481 3327 527 et
3364 472 3653 543 perfectius
3682 488 3819 543 ope-

2240 565 2367 618 rari.
2399 552 2502 617 Sed
2533 565 2710 632 magni
2741 564 2941 617 amoris
2972 552 3194 618 affectus
3223 580 3307 618 me
3330 564 3531 633 optima
3560 563 3655 617 tibi
3683 579 3820 617 sua-

2238 656 2365 708 dere
2389 653 2552 720 cogit.
2580 650 2819 720 Aiqnum
2847 661 2930 706 est
2955 661 3013 705 ut
3035 653 3176 720 quod
3200 653 3439 707 Charitas
3462 652 3691 707 libenter
3714 653 3821 707 im-

2240 744 2441 813 pendit,
2473 743 2747 797 humilitas
2767 751 3043 814 gratanter
3060 745 3309 827 accipiat.

2311 880 2533 932 Summa
2564 878 2655 931 Dei
2685 878 2859 947 pietas
2888 878 3069 932 multis
3107 877 3333 933 feliciter
3357 881 3509 933 annis

2378 969 2671 1023 Couservet
2690 970 2909 1032 charos,
2934 979 3093 1038 teque
3119 980 3345 1038 tuosque
3374 972 3560 1047 simul;

2311 1059 2400 1114 Sis
2425 1074 2632 1113 memor
2656 1059 2854 1122 Albini,
2889 1070 3150 1113 memoret
3179 1068 3230 1115 te
3250 1059 3496 1115 Christus
3517 1061 3569 1114 in
3589 1077 3791 1123 :L-vum,

2360 1147 2499 1201 ‘Jam
2530 1148 2625 1202 tibi
2652 1156 2965 1269 perpe(uum
2994 1148 3064 1200 sit
3096 1149 3210 1201 sine
3238 1147 3342 1202 ﬁne
3368 1149 3546 1207 decus.

2756 1276 3087 1331 EPISTULA
3116 1277 3201 1331 LX
3211 1277 3297 1331 XI.

2675 1405 2740 1442 AD
2768 1405 3043 1444 διιειιλτωι
3080 1405 3386 1445 ειιιδεοινυιι.

2239 1498 2466 1567 Emptat
2496 1497 2636 1552 illius
2663 1500 2949 1552 amicitiam
2977 1501 3277 1553 continuam
3308 1512 3356 1554 et
3382 1502 3625 1557 hortatur
3652 1503 3722 1556 ad
3747 1505 3824 1558 ri-

2708 1580 2815 1621 tam
2844 1572 3080 1639 episcopo
3105 1572 3337 1639 dignam.

2312 1681 2665 1738 Dilectissimo
2702 1680 2848 1734 Patri
2882 1693 2905 1720 ιι
2940 1680 3168 1750 Spei-ato
3195 1682 3447 1752 episcopo
3488 1682 3663 1738 ﬁdelis
3688 1687 3825 1740 nmio
3872 1732 3877 1736 .

2238 1788 2337 1827 cus
2360 1771 2620 1825 Alcuinus
2646 1770 2893 1824 salutem.

2310 1860 2650 1929 Setnpiterna
2689 1876 2774 1913 me
2804 1861 2946 1929 cogit
2975 1861 3213 1915 Charitas
3235 1863 3428 1931 sa-pius
3462 1874 3656 1919 vestra:
3691 1864 3826 1919 dile-
3892 1914 3899 1917 .

2240 1951 2403 2006 ctioni
2437 1950 2702 2004 litterulas
2743 1950 2977 2021 dirigere
3004 1993 3018 2015 ,
3058 1953 3179 2009 licet
3207 1955 3383 2009 minus
3409 1956 3640 2011 videaris
3668 1956 3827 2011 nobis

2242 2044 2413 2099 vicem
2445 2043 2737 2113 rependere
2782 2044 2889 2097 tuis
2912 2045 3147 2109 litteris;
3188 2055 3365 2100 tamen
3406 2034 3640 2117 egonou
3670 2060 3827 2103 cesso

2245 2134 2337 2186 tibi
2363 2133 2771 2202 prosperitatem
2796 2143 3004 2200 optare,
3031 2143 3084 2187 et
3106 2150 3203 2202 per
3224 2134 3439 2189 chartas
3461 2145 3564 2190 tute
3584 2137 3826 2191 innotes-

2241 2240 2364 2279 cere
2393 2224 2667 2278 sanctitati
2701 2225 2842 2290 quod
2869 2223 3176 2278 nullatenus
3204 2238 3354 2291 mens
3383 2241 3498 2279 mea
3529 2226 3605 2279 tui
3631 2227 3829 2280 haheat

2242 2316 2584 2378 oblivionem,
2632 2315 2727 2369 sed
2751 2315 3072 2370 omnimodis
3100 2315 3250 2369 ﬁrma
3282 2317 3461 2372 radice
3484 2317 3555 2370 tui
3593 2317 3829 2372 nominis

2242 2410 2486 2464 obtineat
2514 2411 2851 2465 memoriam.
3526 2426 3527 2429 ‘

2315 2501 2589 2554 Recordor
2641 2502 2974 2555 dulcedinem
3024 2511 3259 2557 vestram
3310 2511 3366 2557 et
3413 2503 3829 2574 germanitatem

2244 2610 2403 2662 quam
2430 2593 2716 2651 habuimus
2757 2595 2898 2648 inter
2934 2610 3032 2649 nos
3060 2595 3343 2665 praesentia
3383 2594 3672 2659 corporali,
3708 2610 3830 2663 qua-

2242 2688 2405 2742 etiam
2431 2686 2744 2755 spiritaliter
2769 2689 3044 2742 observari
3070 2689 3249 2751 debet,
3293 2704 3392 2743 nec
3421 2688 3529 2742 ulla
3558 2696 3828 2743 terrarum

2244 2776 2632 2846 longinquitate
2656 2777 2841 2840 deleri,
2879 2786 3143 2846 quatenus
3170 2778 3404 2832 amicitia
3425 2780 3551 2834 olim
3580 2759 3836 2835 condicta

2245 2869 2630 2939 porpetualiter
2655 2863 3021 2925 conservetur.
3057 2871 3135 2925 Tu
3169 2886 3319 2933 vero,
3364 2874 3703 2927 sanctissime
3727 2872 3827 2927 Pa-

2248 2972 2348 3023 ter.
2381 2964 2662 3018 considera
2687 2962 2969 3030 diligenter
2992 2962 3166 3017 locum
3197 2964 3427 3017 nominis
3450 2963 3549 3027 tui,
3594 2963 3683 3017 ubi
3713 2980 3827 3017 ma-

2128 3056 2142 3079 ’
2169 3057 2215 3122 ο
2248 3068 2394 3116 neas,
2435 3053 2526 3107 ubi
2562 3060 2760 3106 statuta
2781 3052 2851 3105 sit
2876 3053 3107 3121 dignitas
3137 3064 3247 3117 tua,
3278 3063 3332 3106 et
3358 3055 3501 3122 quod
3529 3053 3725 3107 diceris
3758 3055 3827 3107 ab

2242 3146 2513 3207 omnibus,
2560 3145 2663 3197 hoc
2707 3158 2868 3212 opere
2916 3131 3159 3213 impleas.
3216 3143 3562 3198 Fiducialiter
3593 3146 3825 3213 przedica

2241 3230 2677 3306 omnipersorraa,
2705 3243 3018 3305 opportune,
3050 3236 3373 3305 importune,
3391 3236 3534 3289 idem
3557 3236 3751 3289 volenti
3772 3246 3826 3291 et

2243 3326 2442 3382 nolenti
2473 3324 2557 3396 (Il
2591 3325 2724 3378 Tim.
2753 3324 2850 3393 iv).
2894 3324 2950 3380 in
2980 3327 3220 3377 moribus
3245 3326 3351 3379 tuis
3379 3324 3618 3393 fulgeant
3646 3339 3827 3378 exem-

2244 3418 2330 3487 pla
2359 3416 2681 3481 sanctitatis,
2725 3425 2781 3470 et
2810 3417 2865 3469 in
2888 3416 3068 3468 verbis
3110 3416 3352 3469 veritatis
3392 3416 3703 3485 praedicatio
3743 3416 3825 3470 ni-

2243 3519 2435 3575 tescat,
2478 3510 2603 3579 quia
2642 3510 2758 3563 hate
2796 3509 2900 3563 duo
2928 3509 3160 3564 maxime
3199 3511 3523 3564 conveniunt
3549 3510 3819 3579 epismpo.

2244 3614 2300 3659 ut
2338 3604 2494 3658 bonis
2534 3603 2679 3657 vivat
2722 3602 2963 3656 moribus
3007 3611 3061 3656 et
3104 3602 3498 3670 pmedicationis
3527 3603 3685 3655 verba
3716 3616 3822 3655 non

2242 3706 2431 3759 taceat,
2462 3698 2601 3750 sicut
2640 3696 2754 3763 ipsa
2778 3695 2991 3749 Veritas
3022 3695 3099 3747 ait
3124 3711 3136 3745 :
3173 3693 3291 3746 Sint
3313 3693 3473 3746 lumbi
3513 3694 3667 3746 vestri
3689 3710 3824 3762 prte-

2240 3772 2397 3840 cincli
2426 3797 2472 3840 et
2512 3785 2738 3839 lucernte
2779 3785 3021 3838 ardentes
3066 3786 3123 3838 in
3163 3785 3403 3838 manibus
3444 3786 3622 3839 vestris
3668 3784 3819 3855 (Luc.

2243 3878 2362 3948 xu).
2409 3879 2462 3932 in
2494 3878 2689 3931 lumbis
2720 3892 2928 3930 morum
2959 3877 3183 3930 castitas
3222 3886 3274 3930 et
3310 3879 3363 3930 in
3395 3878 3611 3933 lucerna
3645 3877 3822 3931 lumen

2241 3968 2390 4023 verbi
2418 3969 2510 4023 Dei
2532 3968 2949 4022 demonstratur.
2983 3966 3193 4020 Habeas
3216 3967 3715 4036 irreprehensibiles
3738 3982 3823 4020 so-

2241 4061 2375 4124 cios,
2413 4068 2473 4113 ut
2499 4075 2564 4111 ex
2609 4059 2713 4113 illis
2757 4058 2914 4111 alieni
2962 4060 3173 4111 discant
3207 4060 3329 4112 vita:
3369 4060 3721 4129 religionem;
3768 4066 3824 4112 et

2242 4150 2571 4207 :ediliCentur
2598 4146 2905 4215 quicunque
2932 4147 3151 4199 veniant
3176 4147 3242 4199 ad
3280 4156 3353 4211 te,
3383 4147 3493 4200 sive
3516 4165 3579 4201 ex
3606 4157 3658 4203 te
3684 4149 3818 4218 ipso,

2242 4244 2355 4298 sive
2391 4255 2458 4294 ex
2495 4239 2619 4293 illis.
2671 4238 2939 4291 Lectionis
2967 4252 3094 4289 vero
3139 4237 3373 4290 studium
3412 4238 3717 4293 nullatenus
3742 4240 3821 4292 di-

2242 4332 2415 4391 mitte.
2444 4330 2536 4383 sed
2563 4329 2763 4382 habeas
2790 4326 2923 4381 tales
2953 4325 3180 4394 juvenes
3207 4328 3344 4397 apud
3373 4338 3448 4391 te,
3480 4329 3572 4397 qui
3613 4344 3823 4398 semper

2167 4424 2216 4485 ο
2243 4425 2467 4485 discant,
2492 4432 2545 4476 et
2575 4423 2747 4491 magis
2776 4422 3042 4491 gaudeant
3088 4422 3295 4475 discere
3318 4438 3476 4490 quam
3520 4423 3775 4475 inebriari
3804 4439 3818 4485 ;

2242 4514 2353 4567 Deo
2392 4513 2593 4568 servire
2628 4522 2681 4565 et
2707 4528 2815 4566 non
2851 4510 3031 4566 smculi
3070 4511 3265 4565 sectari
3294 4526 3533 4579 pompas.
3563 4505 3744 4564 Talem
3770 4523 3821 4565 te

2240 4621 2389 4675 para,
2439 4604 2651 4672 qualem
2681 4612 2733 4656 te
2762 4604 2946 4671 cupias
2991 4611 3135 4655 stare
3166 4610 3291 4655 ante
3321 4602 3551 4655 tribunal
3576 4602 3776 4657 Christi
3802 4622 3815 4669 ;

2242 4696 2451 4763 meique
2480 4708 2691 4761 semper
2716 4707 2923 4745 memor
2948 4701 3065 4746 esto
3094 4692 3145 4744 in
3174 4693 3505 4747 orationibus
3535 4693 3659 4757 tuis,
3690 4709 3822 4762 qua-

2241 4794 2395 4838 tenus
2422 4784 2600 4837 divina
2635 4782 2921 4837 clementia
2967 4781 3082 4835 dies
3110 4798 3258 4836 meos
3299 4783 3364 4836 ad
3396 4783 3554 4836 ﬁnem
3592 4783 3820 4839 deducat

2238 4877 2553 4947 perfectum,
2578 4885 2633 4929 et
2677 4884 2737 4929 ut
2761 4884 2815 4928 tu
2844 4875 3042 4929 habeas
3068 4876 3368 4929 mercedem
3392 4877 3586 4929 bonam
3615 4888 3681 4928 ex
3709 4891 3816 4935 me,

2236 4978 2290 5023 et
2314 4983 2417 5037 ego
2440 4966 2807 5021 remissionem
2834 4976 3180 5034 peccatorum
3207 4981 3303 5035 per
3328 4975 3399 5017 te.
3428 4964 3585 5019 Fides
3612 4980 3738 5021 vero
3765 4975 3821 5020 et

2236 5058 2451 5111 dilectio
2475 5063 2657 5111 sancta
2685 5070 2958 5123 nunquam
2987 5054 3237 5123 frigescat
3279 5054 3329 5106 in
3373 5053 3568 5107 animis
3595 5055 3813 5116 nostris,

2237 5150 2331 5204 sed
2372 5162 2585 5217 semper
2609 5146 2780 5215 magis
2810 5148 3087 5218 magisque
3124 5152 3382 5213 augeatur
3406 5186 3420 5208 ,
3451 5134 3687 5200 Christo'
3708 5144 3819 5200 Deo

2241 5240 2553 5299 miserante,
2587 5236 2678 5305 qui
2700 5236 2854 5290 nobis
2884 5234 3147 5305 propitius
3183 5235 3251 5289 sit
3281 5235 3334 5287 in
3363 5244 3641 5293 :eternutn.
3677 5234 3818 5306 0th

2242 5336 2293 5381 te
2318 5327 2518 5391 valere,
2543 5316 2676 5382 et'in
2693 5324 2897 5403 Christi
2916 5323 3178 5382 charitate
3202 5323 3483 5395 proﬁcere,
3508 5324 3819 5384 dulcissimo

2208 5406 2218 5420 ’
2242 5416 2401 5473 Pater
2424 5419 2435 5467 !

630 5705 652 5733 ι
695 5692 909 5763 Sperate
953 5695 1200 5763 episcopo.
1260 5695 1477 5751 incertae
1528 5696 1666 5749 sedis
1718 5694 1767 5749 in
1811 5694 2016 5765 Anglia,
2052 5694 2115 5747 ad
2142 5709 2299 5763 quem
2329 5694 2492 5748 etiam
2522 5702 2696 5747 exstat
2724 5693 2945 5763 epistola
2986 5694 3052 5748 56
3084 5698 3243 5765 (nunc
3270 5694 3377 5757 70).
