4238 6242
801 488 838 516 ι
870 471 1198 529 EPISTULA
1225 469 1432 524 LXXII.

757 583 824 620 AD
850 578 1115 620 SIIBOﬁEI
1137 573 1500 616 SACEBDOTEI.

836 670 1012 743 (Circa
1045 683 1244 723 annum
1278 665 1425 736 797.)

349 784 607 843 Hortatur
643 783 710 835 ad
759 782 978 903 arcium
1032 775 1324 848 episcopale
1371 774 1588 829 solerter
1630 773 1920 826 obeundum

598 851 790 903 ’κήαι
813 852 919 903 osis
936 851 990 902 in
1011 847 1290 902 Britannia
1316 844 1652 903 temporibus.

598 844 919 923 'periculosis
936 851 990 902 in
1011 844 1290 902 Britannia
1316 844 1652 913 temporibus.

418 962 747 1020 Charissimo
774 959 883 1015 ﬁlio
901 960 931 998 ι’
956 957 1194 1013 Simeoni
1221 955 1488 1012 sacerdoti
1514 954 1737 1009 Albinus
1764 951 1926 1007 Pater

348 1055 596 1111 salutem.
1521 1085 1525 1089 -

417 1144 473 1198 Si
504 1142 840 1215 gaudendum
878 1147 964 1194 est
1007 1138 1073 1193 de
1119 1152 1366 1200 ascensu,
1411 1134 1706 1190 timendum
1741 1140 1827 1186 est
1862 1133 1927 1187 de

347 1236 514 1305 lapsu,
567 1231 694 1302 quia
736 1231 800 1285 de
837 1228 1013 1283 altiori
1057 1227 1176 1281 loco
1215 1224 1566 1296 periculosior
1597 1230 1682 1277 est
1723 1221 1924 1292 lapsus.

347 1327 469 1387 Ideo
489 1310 777 1378 secundum
797 1334 991 1374 nomen
1017 1314 1308 1393 tuum‘csto
1333 1312 1800 1385 superspeculator
1820 1326 1930 1364 non

349 1404 530 1472 solum.
559 1412 738 1484 gregis
775 1411 871 1466 tibi
892 1408 1196 1473 commissi,
1235 1407 1328 1462 sed
1352 1407 1516 1461 etiam
1541 1405 1616 1459 tui
1639 1405 1828 1474 ipsius,
1867 1411 1932 1456 ut

354 1509 408 1560 in
443 1504 628 1575 paucis
647 1501 834 1556 diebus
863 1499 1063 1554 laboris
1097 1497 1386 1568 plurimam
1425 1495 1685 1575 merearis
1727 1492 1930 1547 habere

353 1563 657 1652 mei-cedem
694 1593 1058 1652 beatitudinis.
1100 1563 1368 1659 ll‘empora
1392 1563 1692 1659 periculosa
1722 1594 1849 1641 sunt
1876 1585 1930 1638 in

356 1687 670 1751 Britannia;
715 1693 770 1738 et
806 1699 953 1737 mors
977 1697 1162 1752 regum
1205 1678 1438 1735 miseriae
1469 1677 1680 1748 signum
1710 1683 1831 1740 est;
1879 1683 1936 1730 et

356 1779 623 1836 discordia
665 1775 992 1846 captivitatis
1030 1775 1220 1843 origo;
1251 1782 1308 1826 et
1346 1772 1600 1827 festinant
1637 1785 1767 1824 vera
1810 1771 1928 1824 esse

357 1885 477 1941 qua:
513 1868 708 1938 saepius
744 1865 939 1920 audisti
974 1879 1004 1917 a
1028 1871 1212 1918 nostro
1250 1848 1465 1932 pnedici
1492 1861 1766 1931 magistro.
1812 1859 1930 1914 Noli

355 1961 579 2034 cupidus
602 1975 722 2014 esse
743 1957 810 2013 de
835 1971 969 2012 auro
997 1965 1052 2010 et
1081 1962 1302 2026 argento
1319 1996 1333 2018 ,
1383 1954 1478 2008 sed
1517 1954 1583 2008 de
1627 1953 1931 2006 animarum

355 2054 526 2108 lucro.
574 2049 657 2104 lle
694 2064 822 2103 vero
860 2047 913 2114 in
960 2046 1297 2101 orationibus
1332 2053 1388 2100 et
1425 2040 1779 2114 eleemoSynis
1821 2057 1931 2098 me-

311 2211 315 2215 ,
357 2159 509 2199 mora
535 2141 808 2213 quotidie,
857 2147 914 2193 et
949 2148 999 2192 te
1033 2138 1087 2191 in
1135 2136 1510 2214 observatione
1547 2133 1933 2194 mandatorum

357 2235 452 2289 Dei
481 2248 735 2302 semper;
763 2239 818 2287 et
841 2231 886 2286 si
919 2238 1209 2300 tempestas
1235 2229 1468 2299 undique
1503 2227 1799 2293 immineat,
1833 2224 1934 2298 gu-

354 2325 522 2380 berna
560 2322 790 2376 viriliter
833 2337 1026 2376 navem
1068 2319 1268 2374 Christi
1293 2359 1308 2384 ,
1354 2328 1416 2374 ut
1459 2319 1779 2390 quandoque
1811 2332 1937 2373 cum

357 2414 465 2466 tuis
493 2411 669 2465 nautis
709 2409 765 2462 in
787 2418 1001 2479 portum
1034 2409 1318 2478 pervenias
1348 2409 1740 2479 prosperitatis.
1793 2407 1939 2464 Nun-

357 2517 519 2572 quam
557 2515 588 2553 a
612 2507 798 2553 sancta
820 2496 1199 2568 przedicatione
1233 2497 1412 2568 lingua
1448 2497 1629 2562 sileat,
1665 2513 1938 2568 nunquam

358 2591 557 2647 abono
581 2603 744 2659 opere
771 2602 960 2641 manus
983 2594 1286 2656 torpescat;
1319 2595 1377 2641 et
1400 2603 1720 2657 quocunque
1748 2589 1935 2653 vadas,

354 2681 497 2736 liber
515 2679 685 2734 sancti
709 2676 954 2748 Gregorii
980 2675 1272 2730 Pastoralis
1300 2683 1477 2729 tecum
1499 2685 1704 2747 pergat.
1733 2677 1941 2746 Saepius

359 2770 510 2824 illum
535 2769 694 2838 legas
737 2776 792 2820 et
846 2765 1071 2836 relegas,
1121 2773 1387 2835 quatenus
1436 2765 1665 2834 teipsum
1697 2773 1754 2819 et
1787 2773 1938 2820 tuum

357 2874 494 2931 opus
519 2873 813 2930 cognoscas
841 2858 894 2910 in
923 2858 1044 2919 illo,
1074 2866 1135 2910 ut
1168 2856 1400 2926 qualiter
1434 2857 1616 2911 vivere
1642 2856 1726 2911 vel
1747 2857 1942 2912 docere

358 2949 573 3012 debeas,
603 2958 727 3004 ante
749 2946 931 3001 oculos
959 2946 1198 3000 habeas:
1230 2947 1507 3015 speculum
1536 2955 1618 3002 est
1645 2948 1790 3002 enim
1811 2963 1944 3018 pon-

361 3039 574 3096 tiﬁcalis
619 3038 742 3092 vita:
778 3047 837 3092 et
883 3036 1147 3091 medicina
1187 3044 1376 3090 contra
1417 3037 1627 3106 singula
1667 3038 1942 3092 diabolica:

361 3131 568 3186 fraudis
594 3129 836 3184 vulnera.
869 3125 986 3180 Non
1023 3125 1302 3181 mollescat
1331 3125 1541 3180 animus
1568 3133 1691 3180 tuus
1728 3125 1783 3179 in
1809 3129 1941 3180 adu-
1967 3133 2014 3195 ο

362 3222 562 3278 latione
585 3222 906 3293 principum,
948 3234 1047 3274 nec
1075 3225 1342 3287 torpescat
1369 3218 1423 3272 in
1453 3218 1792 3272 correctione
1818 3217 1944 3272 sub-

357 3315 646 3385 iectorum.
701 3312 818 3368 Non
860 3320 914 3366 te
943 3311 1209 3381 decipiant
1255 3309 1435 3365 saeculi
1472 3309 1783 3375 blanditias;
1838 3326 1945 3365 non

364 3404 606 3459 exaltent
636 3403 868 3457 honores
905 3408 1281 3463 transeuntes;
1324 3416 1430 3454 non
1465 3401 1781 3455 subvertant
1804 3400 1949 3455 favo-

369 3509 458 3548 res
480 3491 681 3563 populi.
734 3491 862 3545 Esto
904 3488 1152 3542 columna
1197 3486 1506 3542 ﬁrmissima
1541 3489 1597 3541 in
1635 3489 1795 3542 domo
1825 3489 1942 3550 Dei,

370 3575 476 3643 non
497 3586 704 3641 arundo
725 3593 886 3639 vento
907 3583 1104 3654 agitata
1124 3581 1336 3653 (Matth.
1361 3597 1436 3646 ΣΙ,
1465 3582 1541 3653 7).
1573 3575 1701 3636 Esto
1727 3582 1946 3637 lucerna

371 3692 532 3748 super
555 3676 930 3733 candelabrum
952 3676 1147 3745 posita,
1179 3689 1284 3728 non
1311 3675 1410 3728 sub
1435 3673 1611 3728 modio
1636 3673 1947 3727 abscondita

371 3768 585 3836 (Matth.
616 3784 670 3830 v,
707 3767 813 3838 l5).
862 3767 990 3821 Esto
1020 3765 1380 3819 omnibus‘via
1414 3763 1622 3828 salutis,
1671 3779 1776 3818 non
1810 3777 1948 3817 vena

370 3857 703 3927 perditionis,
723 3865 781 3909 ut
807 3871 904 3925 per
933 3863 983 3909 te
1007 3854 1223 3924 plurimi
1254 3854 1615 3923 corrigantur,
1647 3855 1944 3919 salventur,

371 3947 515 4002 etad
552 3946 718 4016 vitam
761 3953 937 3998 tecum
977 3944 1297 4012 perveniant
1343 3944 1745 4013 sempiternam.
1793 3945 1942 4008 Vive,

373 4038 488 4092 vale
518 4035 748 4092 feliciter
793 4043 848 4090 et
885 4034 1054 4090 nostri
1095 4049 1302 4088 memor
1342 4034 1596 4103 proficias
1640 4048 1854 4103 semper
1893 4034 1947 4087 in

374 4144 535 4199 opere
571 4127 684 4182 Dei.
833 4184 839 4189 ,
1309 4155 1312 4158 ι
1388 4175 1390 4177 ,
1483 4161 1486 4164 ~

828 4227 848 4254 ε
893 4214 1225 4272 EPISTOLA
1259 4214 1488 4270 LXXIII.

758 4346 824 4383 AD
861 4345 1129 4383 CALVINUI
1165 4344 1564 4383 I’RESBYTERUH.

850 4439 868 4508 (
893 4435 1050 4491 CirCa
1079 4440 1280 4491 annum
1311 4438 1431 4492 797.
1460 4439 1476 4508 )

375 4551 639 4605 l‘ortntur
673 4552 740 4603 ad
779 4543 1121 4619 rentemptimt
1150 4550 1447 4619 divitiarum
1485 4559 1531 4601 et
1568 4549 1820 4601 honorum
1851 4567 1947 4601 sw-

451 4622 553 4676 culi
582 4641 601 4679 :
640 4623 932 4675 Simeonem
967 4617 1225 4673 summum
1262 4617 1580 4671 sacerdotem
1628 4619 1816 4686 satpius
1855 4619 1951 4669 nd-

452 4693 648 4748 moneri
677 4692 814 4760 cupit
843 4707 859 4743 :
888 4689 986 4743 sibi
1030 4690 1095 4742 ab
1129 4688 1516 4741 adulationibus
1559 4705 1764 4750 cavere,
1810 4705 1949 4740 cura:

511 4843 560 4916 5
590 4856 616 4883 ι
653 4832 908 4916 Ineditam
944 4831 1201 4916 hactenus
1229 4843 1574 4916 producimus
1602 4859 1664 4898 ex
1696 4844 1812 4898 cod.
1848 4859 1948 4897 ms.

387 4909 799 4983 Salisburgensi.
832 4909 1007 4983 (Apud
1026 4909 1277 4983 ﬁrmes.
1310 4911 1425 4982 57.)

456 4985 485 5025 δ
525 4979 755 5039 εξηιέοηὶ
780 4979 1055 5035 sacerdoti.
1086 4979 1303 5053 Eidem,
1334 4979 1493 5048 puto,
1523 4999 1679 5048 quem
1712 4985 1765 5037 in
1796 4985 1950 5053 epist.

389 5057 455 5111 ad
488 5053 767 5109 Calvinum
801 5065 1064 5105 summum
1104 5049 1435 5104 sacerdotem
1465 5063 1640 5106 vocat.
1667 5054 1742 5106 De
1768 5049 1958 5108 cole-

390 5124 609 5187 landus,
653 5122 850 5190 Script.
890 5120 1028 5180 Brit.
1075 5135 1195 5188 pag.
1236 5117 1374 5190 126,
1422 5121 1536 5173 hinc
1580 5123 1778 5177 habet:
1813 5143 1829 5172 ι
1866 5125 1955 5177 Si-

392 5192 595 5248 meonis
647 5188 848 5244 claram
902 5190 1029 5243 facit
1085 5188 1408 5243 mentionem
1462 5190 1685 5247 Flaccus
1737 5194 1958 5247 Albinus

390 5263 562 5332 epist.
597 5260 676 5332 ad
707 5259 988 5332 Calvinum
1033 5298 1046 5312 .
1088 5299 1101 5310 .
1146 5296 1160 5311 .
1199 5259 1387 5312 Exstat
1428 5259 1689 5332 prieterea
1733 5265 1956 5332 epistola

394 5329 568 5386 Albini
613 5330 699 5398 ad
725 5330 895 5398 ipsum
933 5329 1271 5390 Simeonem,
1320 5345 1424 5398 qua
1465 5329 1822 5388 collaudatum
1862 5336 1959 5387 ad-

395 5408 576 5472 monet
619 5396 1155 5472 olliuii,_e_t_alioqui
1207 5413 1304 5472 sua
1338 5396 1727 5472 properantem
1771 5415 1961 5471 sponte

397 5470 648 5526 concitat.
685 5467 838 5541 Apud
876 5467 1126 5541 @lhiimin
1163 5468 1305 5541 nulla
1339 5470 1403 5522 de
1443 5467 1569 5522 sede
1603 5472 1718 5540 ejus
1751 5467 1961 5541 epist-od

401 5550 554 5617 patus
582 5538 858 5617 memoria.
891 5536 946 5590 In
973 5538 1141 5617 Gallia
1173 5539 1335 5617 fuisse
1364 5555 1484 5617 eum
1511 5536 1818 5617 episcopum
1848 5560 1964 5596 mea

400 5608 632 5678 quidem»
659 5608 842 5678 opinio
881 5616 982 5661 est.
1016 5626 1032 5656 ι
1059 5608 1149 5678 ιιεῄ
1181 5608 1464 5670 Lelandns.
1510 5609 1632 5663 Mihi
1678 5619 1855 5664 taiiieu
1897 5629 1962 5665 ex

403 5676 516 5747 ipso
541 5676 780 5745 epistolae
806 5686 954 5731 textu
981 5692 1108 5747 vero
1139 5676 1293 5747 longe
1327 5679 1556 5735 similius
1580 5679 1810 5743 ridetur,
1841 5697 1963 5732 cum

404 5746 563 5804 luisse
607 5751 913 5818 episcopum
956 5747 1008 5801 in
1049 5746 1360 5813 Britannia;
1407 5751 1650 5803 hortatur
1688 5750 1827 5803 enim
1876 5759 1961 5806 ut.

1766 352 2141 410 EPISTOLAS.

1943 469 1990 526 Α
2084 463 2378 515 animarum
2411 458 2626 513 solerter
2654 458 2946 522 intendere,
2977 467 3021 510 et
3052 454 3361 510 Christiana:
3391 453 3589 506 rittntis

3469 341 3530 395 24
3539 338 3572 388 (ἶ

2089 531 2334 584 exercitia
2362 529 2568 582 suadet.

2091 626 2447 681 Dilectissimo
2496 624 2606 680 ﬁlio
2655 624 2681 664 ά
2736 623 2959 680 Calvino
3005 624 3319 695 presbytero
3367 619 3589 675 Albinus

2022 719 2242 774 devotus
2271 719 2325 772 in
2353 718 2611 773 cbaritate
2637 717 2795 772 Pater
2822 718 3067 773 salutem.
3194 711 3207 718 “

2091 812 2346 878 Quamvis
2376 811 2639 882 corporali
2676 812 2855 882 specie
2889 810 3047 865 amici
3087 809 3478 879 disiungantur,
3520 815 3599 862 ta-

2024 919 2148 958 men
2172 902 2456 958 charitatis
2479 901 2662 976 ofﬁcio
2685 916 2898 971 semper
2919 908 3211 970 praesentes
3234 913 3354 957 esse
3374 903 3595 967 queunt.

2023 993 2132 1048 Nec
2159 1000 2424 1046 terrarum
2452 991 2839 1061 longinquitate
2865 995 3202 1058 separantur,
3236 987 3326 1056 qui
3357 985 3598 1041 dilectio-

2024 1085 2108 1139 nis
2133 1084 2413 1138 dulcedine
2429 1083 2746 1153 junguntur.
2775 1081 2901 1135 Hinc
2923 1089 3006 1134 est
3025 1094 3144 1147 qua:
3170 1093 3441 1146 nunquam
3466 1090 3602 1145 pim-

2025 1177 2184 1240 terit,
2210 1175 2258 1228 si
2276 1174 2332 1228 in
2354 1173 2578 1228 veritate
2601 1171 2830 1226 ﬁdeliter
2853 1170 3103 1224 habetur.
3128 1168 3271 1222 Proh
3297 1166 3480 1221 dolor!
3507 1165 3600 1220 sed

2028 1282 2149 1322 rare
2181 1267 2548 1330 inveniuntur,
2577 1276 2810 1334 quorum
2843 1262 3051 1330 integra
3079 1258 3211 1314 ﬁdes
3239 1272 3420 1313 veram
3458 1255 3603 1311 foras

2025 1356 2273 1411 ostendat
2308 1357 2625 1411 charitatem
2645 1395 2661 1420 ,
2690 1370 2809 1424 quae
2837 1353 3097 1423 plurimos
3121 1351 3285 1405 habet
3323 1351 3604 1420 impugna-

2029 1457 2200 1510 tores,
2226 1446 2320 1500 sed
2347 1445 2580 1499 maxime
2609 1423 2790 1499 saeculi
2822 1443 3058 1506 divitias,
3085 1455 3203 1510 quae
3228 1439 3401 1494 fallaci
3432 1423 3606 1508 specie

2029 1536 2286 1592 infestant
2328 1536 2491 1590 corda
2536 1533 2889 1603 quaerentium
2933 1531 3089 1594 illas;
3139 1538 3200 1583 ut
3240 1531 3329 1583 vix
3376 1529 3609 1597 antiquae

2031 1627 2330 1684 dilectionis
2353 1626 2604 1696 quaelibet
2625 1623 2855 1679 scintilla
2883 1622 3094 1677 eluceat
3123 1620 3264 1673 inter
3288 1620 3610 1689 caliginosas

2034 1728 2369 1772 lerrenorum
2409 1715 2800 1772 desideriorum
2838 1713 3078 1766 umbras.
3121 1709 3270 1763 Hanc
3297 1723 3422 1763 vero
3448 1710 3611 1778 pesti-

1963 1790 2007 1848 Β
2033 1807 2204 1863 feram
2249 1806 2429 1863 satculi
2468 1805 2819 1881 cupiditatem
2859 1819 2892 1856 a
2933 1811 3024 1856 tuo
3051 1789 3264 1862 animo,
3293 1798 3610 1852 cliarissime

2033 1898 2136 1962 ﬁli,
2165 1897 2458 1963 miserante
2486 1895 2621 1959 Deo,
2643 1891 2927 1961 adiuvante
2952 1890 3126 1961 gratia
3155 1887 3341 1957 procul
3367 1884 3570 1957 expelle
3593 1903 3608 1950 ;

2032 1997 2296 2058 quatenus
2322 1986 2610 2055 tranquilla
2635 1999 2768 2054 pace
2796 1984 2851 2038 in
2880 1998 2977 2053 spe
3009 1982 3313 2045 suavitatis,
3345 1988 3398 2034 et
3425 1979 3477 2033 in
3512 1979 3615 2032 ﬁde

2033 2077 2310 2142 veritatis,
2337 2084 2392 2132 et
2419 2071 3060 2142 charitatisperfectione
3100 2072 3209 2126 Deo
3248 2071 3463 2126 Christo
3503 2083 3616 2124 ser-

2033 2166 2151 2222 vire
2176 2165 2388 2228 valeas,
2425 2165 2629 2219 habens
2657 2161 2910 2217 saeculum
2955 2171 3206 2230 tanquam
3248 2172 3355 2214 non
3392 2160 3612 2214 habeas.

2037 2258 2094 2314 Si
2124 2273 2254 2314 vero
2291 2258 2494 2313 sentias
2532 2256 2584 2310 in
2627 2254 2806 2309 animo
2843 2264 2934 2309 tuo
2963 2253 3055 2308 tibi
3084 2251 3465 2320 impedimento
3490 2263 3612 2303 esse

2035 2350 2275 2424 paciﬁca:
2310 2349 2622 2425 servitutis,
2658 2363 2764 2417 qua
2801 2346 3026 2400 Domino
3068 2344 3177 2398 Deo
3217 2341 3485 2397 deservire
3523 2339 3616 2393 de-

2038 2444 2188 2507 beas,
2214 2441 2488 2497 saecularis
2509 2438 2779 2510 possessio
2804 2436 3141 2509 [smcularem
3169 2430 3610 2504 possessionem],

2041 2535 2236 2590 melius
2275 2543 2358 2587 est
2398 2532 2688 2602 praecidere
2716 2528 2896 2583 funem
2927 2525 3226 2596 iniquitatis
3255 2524 3423 2585 illius,
3458 2536 3616 2594 quam

2039 2640 2180 2680 vana
2226 2639 2323 2694 spe
2370 2623 2604 2677 lamenta
2654 2621 2707 2674 in
2752 2619 2969 2688 longum
3011 2607 3327 2686 protrahere
3371 2622 3618 2682 tempus,

2037 2715 2289 2770 nesciens
2315 2714 2445 2783 quid
2471 2721 2695 2766 ventura
2721 2711 2838 2765 dies
2861 2710 3055 2780 pariat.
3087 2707 3226 2762 Sunt
3263 2705 3408 2760 enim
3449 2703 3620 2759 homi-

2040 2819 2138 2859 nes
2166 2803 2258 2874 qui
2287 2817 2380 2872 spe
2411 2808 2604 2864 ruunt,
2631 2800 2844 2867 longam
2874 2798 2974 2852 sibi
3002 2796 3380 2865 promittentes
3407 2794 3572 2846 vitam
3599 2808 3615 2857 ;

2040 2904 2097 2951 et
2133 2895 2312 2951 subito
2353 2893 2637 2964 rapiuntur
2676 2892 2743 2945 de
2781 2890 2882 2944 hac
2907 2889 3058 2952 luce,
3085 2896 3142 2942 et
3167 2886 3308 2955 quod
3349 2884 3620 2952 cogitave-

2041 2995 2198 3049 runt,
2248 2999 2354 3040 non
2395 2981 2756 3054 perfecerunt.
2800 2978 2919 3034 Tibi
2963 2992 3092 3032 vero
3121 2992 3150 3030 a
3180 2976 3288 3029 Deo
3329 2974 3452 3028 data
3497 2986 3622 3041 pru-

2043 3078 2224 3133 dentia
2247 3076 2569 3146 praevideat,
2599 3089 2707 3144 quo
2735 3081 2858 3125 tuus
2885 3079 2937 3124 te
2977 3068 3115 3123 ferat
3145 3066 3390 3130 animus;
3421 3073 3478 3118 et
3505 3062 3612 3118 noli

2049 3168 2265 3222 tardare
2293 3167 2348 3221 in
2375 3181 2442 3220 eo
2469 3166 2612 3235 quod
2642 3163 2737 3217 tibi
2767 3163 3030 3232 optimum
3053 3160 3243 3230 eligas.

2117 3256 2198 3310 Tu
2241 3245 2370 3309 vero
2413 3253 2554 3308 scias
2593 3267 2701 3320 quo
2732 3251 3032 3312 desiderio;
3063 3264 3168 3318 qua
3193 3245 3408 3317 quiete,
3441 3245 3620 3302 saeculi

2045 3343 2621 3418 possideas_honores.
2666 3342 2722 3395 Si
2763 3340 2860 3394 tibi
2900 3339 3030 3394 nihil
3073 3336 3437 3408 impedimenti
3467 3349 3624 3404 gene-

2049 3445 2172 3491 rant
2209 3435 2451 3504 pristinae
2479 3432 2765 3500 religiones
2787 3445 2927 3500 quas
2954 3426 3269 3500 [religionis
3295 3439 3455 3493 quam
3479 3423 3498 3494 ]
3532 3425 3625 3478 ha-

2047 3525 2242 3586 buisti,
2293 3533 2346 3576 et
2388 3537 2602 3589 semper
2643 3521 2845 3575 habere
2890 3527 3018 3587 opto
3054 3517 3108 3570 in
3134 3515 3338 3572 Christi
3379 3513 3620 3569 servitio.

2048 3615 2132 3668 Nil
2184 3615 2278 3667 tibi
2327 3612 2518 3666 deesse
2560 3610 2769 3664 aestimo
2819 3609 2874 3661 in
2907 3619 2930 3647 ο
2958 3608 3090 3662 cella
3131 3605 3309 3660 sancti
3360 3603 3617 3671 Stephani

2047 3706 2285 3760 honesta:
2305 3699 2750 3764 conversationis,
2773 3713 2879 3768 quo
2898 3705 2957 3751 ut
2979 3697 3074 3750 tibi
3095 3708 3313 3749 necesse
3337 3691 3428 3764 [Ρ.
3451 3691 3619 3762 suppl.

2047 3793 2177 3866 non]
2205 3793 2276 3848 sit
2303 3793 2449 3846 foras
2475 3807 2570 3861 per
2593 3790 2776 3844 varias
2804 3797 3069 3842 terrarum
3096 3785 3304 3856 species
3329 3783 3541 3852 vagari,
3573 3793 3627 3837 et

2049 3883 2237 3939 audire
2268 3883 2495 3936 aliorum
2529 3880 2892 3942 inﬁdelitates,
2924 3887 2979 3932 et
3001 3884 3190 3930 contra
3219 3884 3440 3944 peccata
3468 3872 3623 3926 irasci

2049 3975 2254 4038 aliena,
2283 3981 2340 4027 et
2366 3973 2565 4025 mentis
2595 3979 2697 4024 tuae
2727 3969 3089 4023 dulcissimam
3118 3965 3343 4034 perdere
3371 3963 3623 4034 quietem.

2049 4066 2284 4127 Tamen,
2325 4071 2384 4116 ut
2424 4062 2568 4126 dixi,
2598 4062 2863 4130 sapientia
2895 4069 2987 4112 tua
3017 4058 3319 4112 consideret
3347 4073 3506 4126 quem
3537 4057 3628 4110 hav

2049 4156 2178 4209 beas
2209 4151 2511 4224 profectum
2542 4153 2594 4205 in
2625 4151 2870 4205 habendo
2897 4165 2985 4203 res
3013 4149 3247 4210 alienas,
3279 4149 3323 4202 si
3355 4148 3627 4202 sufﬁciant.

2052 4245 2147 4298 tibi
2195 4242 2264 4297 ad
2308 4243 2740 4311 elemosynarum
2788 4241 2842 4293 in
2890 4241 3118 4293 miseros
3160 4237 3537 4309 largitionem;
3584 4240 3626 4292 si

2051 4334 2289 4389 scholam
2319 4333 2612 4403 legentium
2660 4329 2860 4385 habere
2903 4323 3113 4399 possis,
3154 4329 3199 4383 si
3243 4343 3508 4398 pauperes
3543 4343 3632 4379 ve-

2055 4424 2210 4483 stire,
2253 4423 2299 4475 si
2340 4422 2654 4490 peregrinos
2696 4421 2969 4488 recipere,
3017 4419 3062 4473 si
3107 4417 3289 4486 quiete
3329 4419 3538 4479 vivere,
3585 4418 3627 4469 si

2052 4527 2240 4581 pacem
2268 4527 2404 4564 cum.
2421 4511 2502 4564 eis
2531 4511 2621 4578 qui
2649 4509 2779 4562 foris
2805 4517 2930 4561 sunt
2955 4510 3154 4562 habere
3180 4509 3380 4560 valeas.
3411 4507 3628 4560 Plurimi

2051 4611 2176 4656 sunt
2222 4601 2624 4670 impugnatores
2671 4598 2928 4652 Ecclesia:
2974 4597 3208 4657 Christi,
3259 4597 3348 4664 qui
3394 4598 3632 4665 quotidie

2052 4692 2252 4761 aliquid
2296 4691 2380 4745 vel
2429 4707 2622 4761 prece,
2677 4690 2759 4744 vel
2813 4689 3065 4743 violentia
3116 4704 3308 4758 rapere
3357 4689 3629 4759 gestiunt;

2053 4866 2176 4906 cum
2205 4851 2273 4906 ob
2302 4867 2484 4920 regum
2521 4860 2749 4905 mortem
2787 4851 2896 4905 sint
2928 4852 3230 4920 periculosa
3269 4852 3320 4904 in
3356 4851 3634 4920 Britannia

2056 4932 2325 4990 tempora,
2353 4919 2399 4976 si
2441 4922 2564 4976 inde
2603 4929 2896 4989 tempestas
2933 4919 3246 4983 immineat,
3277 4919 3504 4990 viriliter
3529 4934 3638 4990 _na-

2056 4987 2401 5045 veni'Christi
2430 4987 2811 5060 gubernet,et
2835 5006 3174 5044 communem
3213 4990 3427 5060 utrique
3467 4987 3636 5041 fuisse

2057 5062 2406 5142 magistrum,
2438 5059 2622 5129 utique
2651 5061 2702 5119 iu
2734 5059 3039 5122 Britannia,
3071 5059 3354 5129 significat.

2132 5143 2152 5169 ε
2196 5132 2338 5186 Edit.
2369 5132 2622 5198 Quercet.
2656 5129 2748 5182 lOl
2781 5144 2846 5198 ex
2879 5147 2981 5184 ms.
3002 5130 3261 5198 lFroben.
3284 5126 3373 5192 58)

2146 5145 2152 5168 ⁵
2196 5143 2338 5186 Εαιι.
2369 5143 2622 5186 υυρνορι.
2656 5143 2748 5182 ιυι
2781 5144 2846 5182 ΟΧ
2879 5147 2981 5184 IIIS.
3010 5143 3261 5186 tr'ronen.
3284 5143 3397 5186 ὒδ).

2128 5201 2155 5239 ἀ
2195 5191 2414 5254 Calrino
2434 5201 2746 5270 presbytero.
2778 5191 2910 5264 Quis
2937 5191 3026 5254 ille
3054 5199 3122 5270 sit
3149 5210 3306 5270 nemo
3325 5191 3506 5270 edicit.
3529 5195 3642 5270 ang

2062 5271 2206 5343 glum
2238 5270 2401 5343 fuisse
2423 5265 2487 5323 ex
2511 5265 2805 5343 mentione
2840 5268 3108 5323 Simeonis
3140 5265 3374 5335 episcopi
3417 5265 3640 5337 intelligi

2060 5338 2406 5412 potes}.__V’id_.
2439 5338 2543 5412 col.
2571 5349 2832 5412 seq._not.
2866 5351 2913 5391 ει.

2138 5423 2160 5449 ε
2188 5409 2330 5462 Cella
2357 5410 2417 5462 S.
2449 5405 2721 5475 Stephani.
2752 5408 2834 5460 An
2862 5410 2996 5462 cella
3027 5409 3129 5461 ista
3158 5406 3225 5460 sit
3256 5405 3642 5475 monasterium

2066 5478 2250 5535 Sancti
2274 5473 2916 5547 Stephani'Cauciacense
2939 5476 3178 5547 (Choisy)
3202 5489 3367 5547 prope
3381 5473 3646 5547 Compen-
3669 5490 3672 5492 ‘

2066 5553 2245 5609 dium,
2288 5549 2338 5600 in
2367 5542 2509 5617 quod
2534 5545 2778 5617 Caluinus
2806 5563 2871 5600 ex
2913 5542 3102 5616 Anglia
3126 5542 3530 5617 'veniensforte
3561 5560 3656 5617 se-

2067 5626 2331 5699 cesserat;
2367 5613 2432 5672 an
2468 5631 2597 5672 vero
2630 5616 2760 5671 illud
2802 5617 2854 5672 in
2899 5613 3089 5686 Anglia
3131 5613 3477 5686 quaerendum
3532 5615 3644 5678 sit,

2071 5702 2293 5757 Ignoro.--
2853 5710 2856 5713 -
3440 5716 3444 5719 -
3533 5700 3537 5704 ·
