4226 6202
622 308 723 362 9.47

1498 306 1556 356 Β.
1602 302 1659 354 ι’.
1704 299 1924 354 Αωςιχι
1963 298 2092 353 εει]
2130 297 2403 354 Αιίέυλι
2440 298 2719 353 OPERL'M
2758 296 2938 354 ΡΑιιΞ
2973 300 3013 351 Ι.

3724 304 3860 360 ,268

623 429 675 473 ct
726 406 830 469 non
873 423 1029 477 sunt.
1079 417 1177 467 nisi
1221 415 1573 478 verbotenus,
1622 413 1815 475 amici,
1860 411 2019 467 factis
2059 425 2189 463 vero
2219 414 2262 465 Α
2291 407 2485 461 amico.
2541 406 2725 461 Melius
2773 418 2857 462 est
2897 410 3139 465 cauterio
3190 410 3658 478 sanare-vulnus.
3685 428 3861 482 'quam

626 520 846 559 ιιιιῐηιρι.

694 596 894 649 "urunt
925 596 1249 664 twrversitas
1276 594 1495 648 mullum
1529 594 1827 662 inquietare
1855 593 1990 647 solet
2016 602 2196 647 custo-

625 686 718 738 des
761 684 1120 736 Ecclesiarum
1166 684 1399 745 Christi,
1442 685 1580 737 sicut
1622 685 1675 737 in
1718 684 2040 739 charissimo
2084 684 2195 738 ﬁlio

624 789 744 826 meo
770 786 793 811 ι
830 772 1315 845 Simeonesununo
1354 776 1633 829 sacerdote
1673 775 1967 843 intelligere
2007 785 2192 845 potes,

624 864 835 917 easdem
854 866 918 917 a‘a
945 864 1123 932 impiis
1150 866 1384 932 patiente
1410 866 1697 927 molestias,
1729 882 1862 935 quas
1887 878 2191 923 antecesso-

628 972 711 1009 res
752 956 889 1009 illius
919 956 985 1008 ab
1017 957 1247 1010 inimicis
1277 958 1475 1011 Christi
1508 959 1744 1026 perpessi
1777 970 1919 1012 sunt.
1953 960 2189 1025 Quorum

621 1048 978 1100 contrarietas
1026 1049 1205 1101 debito
1256 1050 1393 1107 line.
1444 1051 1734 1105 secundum
1779 1050 2038 1119 judicium
2087 1052 2194 1121 '76

618 1135 744 1201 justi
791 1135 883 1189 Dei
923 1137 1062 1205 perit
1108 1137 1119 1207 [
1152 1136 1239 1201 I".,
1273 1138 1511 1209 periit],
1544 1141 1682 1195 sicut
1709 1146 1771 1193 et'
1794 1140 1877 1193 bis
1905 1142 1997 1210 qui
2030 1142 2192 1195 modo

622 1228 972 1280 adversantur
1010 1229 1372 1296 pnedicationi
1412 1230 1649 1296 puedicti
1679 1231 1770 1283 lilii
1802 1232 1968 1284 nostri
1999 1241 2054 1285 et
2080 1248 2193 1286 ser-

621 1330 809 1369 vorum
838 1316 961 1375 Dei.
994 1318 1117 1385 quia
1150 1327 1266 1387 post
1294 1334 1387 1372 vos
1415 1329 1571 1382 sunt,
1611 1330 1757 1374 certa
1799 1328 2038 1374 remanet
2071 1338 2193 1389 per-

622 1406 768 1458 ditio.
817 1405 894 1459 Tu
940 1416 1116 1461 tamen
1163 1408 1302 1462 illius
1344 1410 1533 1463 bonam
1578 1412 1902 1464 voluntatem
1943 1414 2192 1481 precibus

622 1495 907 1561 adjuvare.
961 1498 1425 1552 exhortationibus
1477 1500 1797 1565 admonere,
1852 1510 1912 1555 ut
1963 1504 2191 1557 viriliter

623 1596 779 1653 agat,
812 1587 1109 1642 nullatenus
1149 1588 1386 1642 desiste:
1420 1591 1542 1657 quia
1587 1592 1637 1643 in
1677 1592 1849 1645 salute
1889 1593 2031 1647 illius
2069 1610 2190 1662 pro-

621 1678 849 1745 speritas
878 1688 1053 1731 vestra
1081 1680 1358 1741 consistit,
1408 1690 1463 1747 et
1508 1683 1559 1734 in
1611 1683 1851 1750 profectu
1899 1685 2189 1739 voluntatis

2294 494 2677 550 blandimentis
2704 498 2910 553 nutrire
2930 537 2946 563 ,
2976 510 3035 554 ut
3060 498 3211 569 pejor
3238 498 3436 573 [pejus]
3466 502 3579 559 ﬁat.

2366 585 2680 640 Consideret
2716 589 2982 657 sagacitas
3010 598 3099 644 tua
3130 599 3337 661 tempus
3356 632 3371 655 ,
3400 591 3573 647 locum
3599 601 3654 647 et
3680 608 3861 663 persa-

2295 692 2457 740 nam;
2513 692 2619 745 quo
2666 686 2931 746 tempore,
2982 695 3088 749 quo
3129 680 3280 745 loco,
3325 682 3409 736 cui
3452 698 3693 751 persona:
3732 682 3860 754 quid

2294 766 2575 821 dicendum
2614 770 2704 822 sit.
2746 771 2874 836 Quae
2904 774 3104 841 optime
3144 773 3198 827 in
3234 774 3369 843 libro
3404 775 3545 829 beati
3580 775 3855 846 Gregorii,

2293 860 2382 927 qui
2410 860 2702 916 Pastoralis
2732 863 2948 928 dicitur,
2982 865 3080 934 legi
3110 874 3164 918 et
3189 866 3417 920 discerni
3448 877 3686 936 possunt.
3716 867 3859 923 Nun-

2292 964 2452 1017 quam
2492 944 2648 1004 sacra
2688 952 2857 1005 lectio
2884 954 3215 1023 temporibus
3251 958 3562 1025 opportunis
3600 958 3663 1011 de
3692 959 3859 1011 mani—

2293 1039 2393 1091 bus
2423 1042 2634 1093 reeedat
2660 1042 2782 1094 tuis.
2814 1042 2971 1097 Viees
2994 1060 3117 1097 suas
3144 1045 3375 1099 habeant
3403 1046 3559 1099 lectio
3586 1055 3640 1099 et
3665 1048 3853 1101 oratio.

2294 1128 2360 1180 Et
2387 1144 2490 1181 non
2522 1144 2625 1182 nox
2646 1170 2660 1193 ,
2696 1145 2868 1199 neque
2897 1133 3011 1187 dies
3041 1135 3382 1201 protrahatur
3412 1136 3464 1188 in
3494 1137 3751 1190 conviviis
3777 1138 3858 1193 vel

2292 1219 2671 1283 ebrietatibus,
2704 1230 2795 1275 aut
2832 1216 3353 1279 confabulationibus
3387 1243 3489 1279 non
3524 1227 3857 1281 necessariis.

2292 1313 2435 1365 Inter
2472 1315 2664 1383 pocula
2707 1331 2869 1369 sonus
2907 1325 2959 1369 et
2992 1332 3168 1370 sermo
3209 1318 3575 1371 :edilicationis
3620 1294 3863 1371 audiatur

2293 1420 2472 1458 coram
2506 1405 2917 1461 admonentibus
2946 1406 3072 1479 [F.,
3103 1406 3549 1479 admanentibus]
3578 1407 3658 1461 vel
3687 1407 3863 1477 palam

2292 1495 2563 1557 omnibus,
2579 1495 2659 1548 vel
2680 1496 2898 1549 cuilibet
2912 1497 3227 1550 considenti.
3246 1497 3615 1551 Puerilismtas
3632 1498 3739 1552 tuis
3758 1513 3865 1552 ser-

2292 1584 2541 1637 monibus
2572 1600 2600 1637 a
2631 1582 2840 1637 ﬁamma
2868 1597 3114 1639 servetur
3139 1588 3415 1647 vitiorum,
3446 1598 3712 1657 quatenus
3736 1596 3870 1642 tetas

2294 1673 2502 1727 illorum
2529 1674 2623 1727 tilii
2652 1676 2893 1743 proﬁciat
2925 1677 2977 1729 in
3006 1678 3306 1732 mercedem
3330 1689 3597 1749 perpetu-.e
3624 1696 3869 1736 remune-

621 1766 771 1819 bona:
799 1768 949 1820 nobis
972 1768 1219 1821 omnibus
1245 1786 1450 1824 merces
1475 1774 1612 1840 apud
1643 1774 1807 1827 Deum
1839 1777 2187 1845 reputabittir.
2226 1757 2266 1813 Β

2226 1757 2266 1813 Β
2300 1765 2540 1829 rationis.
2581 1764 2695 1818 Non
2722 1767 2827 1829 tibi
2861 1769 2931 1820 sit
2965 1768 3085 1821 viiis
3115 1770 3324 1831 anima,
3353 1784 3451 1837 pro
3480 1786 3584 1839 qua
3614 1770 3870 1825 Dominus

622 1857 752 1919 Quia
774 1872 894 1923 ego.
919 1856 1037 1911 licet
1065 1858 1308 1928 indignus
1329 1862 1506 1917 Pater.
1533 1865 1729 1917 uutrivi
1748 1906 1762 1927 ,
1785 1866 2037 1929 educavi,
2056 1878 2111 1920 et
2135 1870 2198 1922 ad

580 1988 585 2000 ,
624 1948 919 2015 perfectum
949 1949 1168 2016 perduxi
1196 1950 1364 2002 virum
1388 1966 1546 2019 quem
1570 1967 1665 2004 vos
1686 1954 1921 2020 elegistis
1953 1955 2003 2006 in
2025 1957 2201 2024 ponti-

628 2037 815 2089 ﬁcatus
842 2036 1119 2090 honorem.
1138 2037 1343 2106 Saepius
1363 2040 1587 2093 admone
1612 2040 1758 2094 illum
1788 2042 1853 2095 de
1877 2045 2201 2113 precationis

626 2122 747 2195 [Ρη
778 2124 1202 2197 ρι’τιξιιὶρίιιίοιιίε]
1236 2129 1385 2182 verbi
1418 2128 1508 2183 Dei
1549 2132 1802 2184 instantia
1840 2143 1894 2185 et
1932 2135 2203 2201 patientize

622 2215 795 2279 bono,
829 2232 946 2283 qum
972 2216 1130 2271 valde
1171 2221 1472 2273 necessaria
1514 2231 1599 2274 est
1643 2223 1717 2275 illi
1760 2223 2023 2277 habitanti
2064 2226 2205 2284 inter

624 2306 777 2375 lupos
803 2316 858 2362 et
886 2317 1179 2375 serpentes.
1216 2308 1417 2364 Memor
1443 2313 1513 2365 sit
1542 2314 1769 2367 dicentis
1796 2314 1997 2369 Christi
2030 2334 2042 2370 :
2071 2316 2207 2370 Con-

625 2400 770 2465 fidite
790 2439 803 2460 ,
833 2415 925 2468 ego
957 2401 1050 2453 cici
1077 2401 1325 2453 mundum
1356 2403 1548 2469 (Joan.
1575 2421 1663 2458 xvr
1683 2447 1697 2469 ,
1721 2407 1831 2475 5'5).
1867 2407 1996 2461 item
2026 2420 2205 2464 mente

626 2490 919 2556 sa-pissitne
972 2491 1276 2544 consideret
1322 2494 1449 2560 qttid
1504 2495 1617 2564 ipsa
1674 2497 1886 2550 Veritas
1932 2499 2205 2566 discipulis

628 2586 744 2635 tuis
765 2581 1133 2646 pnecepisset,
1166 2582 1291 2635 dum
1334 2597 1427 2635 eos
1464 2586 1531 2636 ad
1574 2587 1969 2652 prtedicationis
2010 2589 2209 2643 direxit

633 2668 869 2720 ufiicium
898 2686 910 2719 :
950 2668 1080 2721 Ecce
1114 2686 1205 2739 ego
1241 2673 1386 2725 mitto
1415 2690 1500 2725 ros
1526 2676 1657 2728 sicut
1687 2693 1801 2729 ores
1836 2678 1889 2730 in
1924 2679 2092 2731 medio
2121 2680 2209 2733 lu-

628 2776 830 2822 porum.
865 2759 1043 2814 Estote
1071 2778 1190 2831 ergo
1217 2764 1492 2831 prudentes
1518 2768 1648 2818 sicut
1684 2779 1942 2835 serpentes
1960 2810 1973 2830 ,
2003 2780 2049 2821 et
2082 2772 2207 2823 sim'

627 2850 783 2915 pticee
811 2850 944 2901 sicut
971 2850 1240 2903 columbrc.
1275 2852 1459 2905 Curate
1488 2854 1550 2906 ab
1580 2856 1873 2909 hominibus
1901 2856 2115 2925 (Matth.
2150 2874 2202 2919 ι.

636 2941 734 3002 lli,
774 2938 895 3010 l7).
943 2940 1182 2996 Admone
1223 2942 1369 2997 illum
1412 2946 1744 3016 diligentius.
1797 2965 1863 3004 ne
1905 2951 1976 3004 sit
2025 2938 2206 3006 sseculi

629 3041 857 3093 amatur,
909 3048 975 3086 ne
1026 3034 1393 3089 adulatoribus
1436 3040 1814 3101 consentiens,
1868 3056 1935 3094 ne
1984 3051 2204 3112 propter

629 3124 1049 3191 propinquorum
1079 3126 1286 3178 turbam
1316 3142 1469 3180 suum
1511 3130 1893 3197 cupiditatibus
1934 3141 2202 3186 terrarum

631 3212 712 3264 vel
744 3213 1049 3268 divitiarum
1090 3216 1323 3269 involvat
1360 3218 1596 3271 animum
1624 3260 1638 3282 ,
1678 3220 1772 3273 sed
1810 3222 1990 3274 divino
2030 3223 2207 3291 rigore

634 3306 832 3373 legium
876 3306 1014 3359 viam
1048 3307 1098 3359 in
1130 3309 1377 3360 onmibus
1422 3310 1614 3375 ubique
1663 3318 1857 3362 teneat.
1891 3310 2089 3367 Melior
2125 3320 2210 3365 est

629 3397 874 3448 Christus
913 3396 1243 3464 propinquus
1267 3406 1321 3449 et
1348 3399 1585 3460 amicus,
1616 3412 1776 3465 quam
1826 3399 1989 3451 totius
2028 3400 2205 3453 seculi

633 3502 915 3538 numerosa
946 3486 1313 3553 propinquitas
1341 3486 1425 3537 vel
1455 3487 1711 3539 amicitia.

708 3576 841 3629 Vide
870 3575 997 3643 quul
1026 3576 1266 3629 ebaritas
1293 3574 1442 3629 facit.
1477 3576 1609 3629 Dum
1641 3585 1693 3630 te
1721 3578 2009 3632 admonere
2047 3578 2204 3633 fami-

634 3666 754 3719 liari
784 3665 921 3736 style
947 3680 1172 3719 exorsus
1200 3681 1352 3727 sum,
1387 3674 1607 3735 repente
1637 3682 1720 3721 me
1748 3668 2030 3722 cbaritatis
2058 3669 2209 3722 llam-

638 3772 724 3809 ma
754 3756 1021 3809 transtulit
1050 3756 1115 3809 ad
1146 3757 1315 3810 illum.
1352 3757 1457 3811 Sed
1487 3757 1702 3828 ignosce
1729 3760 1890 3823 mibi,
1923 3761 2063 3828 quod
2096 3762 2209 3817 h:ec

632 3862 801 3917 pauca
830 3847 894 3899 de
924 3846 1064 3899 illius
1093 3845 1331 3913 profectu
1362 3848 1458 3901 tibi
1499 3849 1782 3904 destinatis
1821 3851 2021 3905 inserui
2064 3850 2205 3906 litte-

640 3939 809 3991 rnlis:
852 3948 1046 4007 optans
1083 3947 1134 3991 te
1172 3948 1226 3991 et
1265 3940 1317 3992 in
1362 3940 1462 3994 hac
1504 3950 1740 4009 paterna:
1784 3943 1904 3996 ﬁdei
1947 3944 2209 3999 felicitate

640 4028 901 4096 proﬁcere
929 4015 1110 4080 coram
1142 4028 1249 4082 Deo
1272 4068 1285 4091 ,
1315 4037 1373 4081 ut
1411 4030 1486 4083 sis
1530 4031 1583 4083 in
1624 4032 1872 4085 onmibus
1901 4032 2041 4087 illius
2069 4035 2208 4087 veri-

638 4120 764 4173 tatis
794 4106 1048 4181 assertor,
1087 4135 1190 4171 non
1224 4117 1474 4175 falsitatis
1511 4121 1771 4175 adulator.
1812 4120 1955 4176 Bene
1989 4124 2206 4191 quidam

637 4210 967 4265 adulatorem
1008 4210 1247 4263 deﬁnivit
1290 4212 1510 4265 dicens:
1563 4213 1822 4267 Adulator
1863 4226 1937 4268 est
1985 4215 2207 4269 blandus

635 4302 873 4353 inimicus
900 4317 915 4353 :
944 4310 998 4353 et
1024 4315 1206 4354 verum
1234 4302 1310 4354 ait
1333 4318 1346 4363 ;
1374 4302 1588 4369 plurimi
1618 4319 1849 4372 namque
1876 4314 2000 4358 sunt
2030 4307 2209 4359 adula-

639 4406 780 4449 tores
818 4396 1075 4455 divitum,
1115 4404 1168 4448 et
1207 4396 1359 4463 pauci
1402 4397 1780 4451 admouitores.
1826 4398 1891 4450 Et
1917 4397 2105 4473 melior
2128 4408 2209 4453 est

636 4502 772 4539 unus
821 4501 1010 4539 suasor
1048 4486 1294 4540 veritatis
1337 4501 1497 4555 quam
1535 4488 1676 4540 mille
1716 4488 2020 4544 adulatores
2055 4489 2206 4544 falsi-

637 4578 780 4628 tatis.
812 4577 1111 4645 Quaproter
1137 4578 1237 4631 hoc
1270 4579 1455 4631 vitium
1484 4580 1806 4633 omnimodis
1837 4580 1931 4633 tibi
1973 4596 2167 4633 caveas
2191 4621 2205 4643 ,

634 4668 945 4721 charissime
969 4669 1038 4719 lili
1060 4707 1072 4724 .
1101 4678 1153 4720 et
1178 4683 1391 4735 semper
1412 4684 1589 4721 sermo
1616 4676 1738 4722 tuus
1760 4670 1984 4722 veritate
2008 4671 2203 4738 vigeat.

634 4760 784 4813 Licet
812 4759 1008 4812 veritas
1036 4774 1283 4827 rugosam
1325 4758 1517 4811 habeat
1556 4757 1819 4821 frontem,
1864 4766 2041 4811 tamen
2084 4760 2205 4813 soli-

636 4853 761 4902 dum
814 4849 1012 4902 habere
1068 4848 1200 4900 solet
1249 4847 1549 4901 consilium.
1609 4848 1662 4900 Si
1694 4863 1791 4915 pro
1842 4850 1985 4901 omni
2034 4850 2207 4903 otioso

637 4941 800 4995 verbo
829 4940 1081 4994 reddituri
1127 4941 1325 4993 erimus
1372 4942 1635 4995 rationem
1683 4944 1701 5013 (
1726 4942 1911 4995 Matth.
1941 4960 2045 5006 xu,
2071 4944 2204 5013 56).

638 5039 837 5099 quanto
868 5030 1037 5099 magis
1065 5044 1163 5098 pro
1191 5031 1350 5084 noxio
1377 5031 1460 5083 vel
1490 5030 1663 5085 fallaci
1688 5034 1710 5084 ?
1743 5032 1813 5085 03
1851 5035 1989 5100 quod
2022 5037 2209 5087 menti-

640 5133 724 5172 tur
750 5121 933 5173 occidit
961 5121 1189 5173 animant
1222 5118 1373 5188 (Sap.
1402 5136 1415 5173 ι
1442 5160 1454 5182 ,
1483 5120 1590 5191 ll).
1630 5113 1736 5173 Pro
1763 5121 2002 5175 veritatis
2030 5123 2208 5178 ofﬁcio

641 5227 816 5267 sermo
858 5219 941 5267 est
984 5213 1185 5267 homini
1230 5214 1417 5276 datus,
1463 5228 1567 5267 non
1611 5213 1862 5268 falsitatis
1908 5214 2206 5282 iniquitate.

644 5301 917 5371 Nunquam
954 5301 1195 5356 adulator
1234 5318 1395 5358 verus
1432 5313 1516 5357 est
1553 5306 1789 5367 amicus,
1821 5304 1914 5358 sed
1947 5304 2207 5369 blandus.

641 5401 697 5444 ut
733 5393 945 5455 dicitur,
984 5392 1249 5447 inimicus.
1289 5392 1536 5448 Gladium
1581 5396 1736 5453 melle
1772 5396 1923 5452 litum
1968 5396 2211 5471 porriges

710 5575 735 5601 ⁸
774 5560 1015 5620 Simone
1032 5578 1235 5623 summa
1263 5564 1545 5623 sacerdote.
1583 5562 1734 5630 Hune
1758 5563 2211 5626 Wormatienscm

644 5633 945 5704 episcOpum
966 5642 1123 5687 vocat
1153 5631 1428 5704 Mabill._in
1455 5632 1604 5704 Elog.
1630 5634 1861 5693 Alcuini,
1888 5633 1913 5704 §
1948 5633 2207 5699 li,n.66.

647 5699 751 5754 Sed
778 5700 953 5753 verius
980 5712 1135 5765 puto,
1176 5702 1318 5756 illum
1354 5702 1405 5755 in
1450 5699 1633 5771 Anglia
1668 5699 2028 5771 episcopatum
2069 5704 2207 5758 obti-

2297 1853 2533 1905 omnium
2563 1854 2696 1907 mori
2721 1856 2967 1923 dignatus
2991 1868 3093 1910 est.
3130 1856 3208 1911 Ne
3237 1858 3387 1912 dicas
3416 1859 3466 1911 in
3501 1859 3713 1924 animo,
3744 1859 3871 1928 quid

2301 1940 2367 1993 ad
2392 1956 2475 1993 me
2500 1943 2762 2009 pertinet,
2789 1945 2900 1997 sive
2930 1946 3064 1998 bene
3086 1986 3099 2009 ,
3130 1947 3241 2000 sive
3271 1946 3406 2001 male
3434 1946 3636 2003 faciat?
3664 1948 3764 2004 Ubi
3790 1956 3873 2003 est

2301 2031 2554 2092 Charitas.
2585 2033 2630 2086 si
2659 2044 2928 2091 errantem
2955 2038 3223 2105 corrigere
3253 2054 3356 2093 non
3384 2041 3585 2094 curas?
3607 2040 3872 2094 Memento

2301 2119 2612 2189 Apostolum
2672 2123 2978 2177 dicentem:
3032 2126 3159 2189 Qui:
3205 2128 3627 2194 scandalizatur,
3680 2140 3728 2182 et
3781 2147 3872 2199 ego

2304 2224 2406 2261 non
2434 2226 2560 2262 urar
2587 2210 2673 2281 (II
2701 2211 2823 2266 Cor.
2850 2229 2904 2265 χι
2925 2214 3091 2283 ,·ἓ9)¹ἒ
3118 2216 3349 2271 Alterius
3378 2222 3654 2285 peccatum
3672 2261 3687 2285 ,
3717 2236 3871 2273 suum

2304 2296 2430 2351 fecit
2456 2300 2712 2355 dolorem.
2754 2301 2891 2368 Quid
2920 2305 3086 2359 babes
3114 2304 3454 2378 Redemptori
3484 2317 3575 2363 tuo
3605 2321 3658 2365 et
3700 2308 3870 2365 Judici

2305 2391 2545 2443 omnium
2574 2392 2627 2445 in
2658 2394 2743 2447 die
2768 2410 2962 2465 magno
2989 2398 3271 2451 ostendere
3290 2438 3305 2461 .
3338 2400 3382 2453 si
3412 2401 3619 2454 animas
3647 2416 3749 2454 non
3781 2402 3873 2453 ba-

2306 2481 2423 2544 bes,
2453 2490 2546 2537 tuo
2572 2483 2754 2537 labore
2786 2487 3086 2555 redemptas
3114 2502 3143 2539 a
3170 2486 3366 2543 diaboli
3394 2492 3667 2553 Servitute,
3695 2500 3873 2545 osten-

2306 2569 2543 2625 dendas?
2571 2571 2810 2636 Quantas
2838 2575 2891 2628 in
2920 2576 3022 2631 hoc
3049 2577 3241 2632 exsilio
3270 2580 3373 2632 tuis
3398 2579 3657 2633 doctrinis
3680 2581 3747 2633 ah
3776 2581 3875 2633 ini-

2306 2663 2511 2731 quitate
2539 2679 2787 2727 revocas,
2817 2677 2868 2719 et
2900 2668 2953 2719 in
2985 2668 3124 2721 viam
3155 2670 3397 2723 veritatis
3424 2669 3661 2731 reducis,
3687 2668 3874 2739 procul

2308 2752 2469 2805 dubio
2498 2762 2673 2807 mutas
2700 2756 2924 2823 recipies
2953 2758 3226 2810 mercedes
3261 2757 3314 2810 in
3350 2758 3435 2812 die
3471 2757 3579 2811 illa.
3620 2752 3743 2813 ldeo
3771 2775 3875 2813 non

2308 2850 2482 2895 cesset
2515 2842 2753 2895 cbaritas
2783 2843 3038 2910 operandi
3074 2845 3214 2898 bona
3242 2836 3524 2900 omnibus:
3567 2862 3672 2900 non
3707 2854 3878 2901 cesset

2308 2930 2487 3000 lingua
2531 2930 2883 2999 loquendide
2927 2932 3080 2987 bonis
3119 2934 3184 2987 ad
3230 2949 3450 2997 omnes,
3494 2935 3591 2988 hos
3629 2937 3877 3003 precibus

2308 3020 2673 3089 persuadens,
2726 3021 2847 3075 illos
2897 3025 3183 3078 severitate
3232 3026 3535 3092 castigans,
3585 3026 3874 3080 secundum

2306 3126 2392 3163 mo
2474 3126 2519 3163 η
2554 3110 2972 3180 uniuscujusque
3008 3114 3181 3164 (etatis
3210 3113 3293 3166 vel
3329 3128 3587 3182 personat.
3633 3114 3758 3167 Esto
3794 3113 3874 3166 lu-

2306 3218 2466 3257 cerna
2501 3206 2552 3256 in
2589 3205 2747 3257 domo
2777 3204 2906 3268 Dei,
2939 3212 2993 3258 et
3023 3220 3117 3273 per
3154 3212 3206 3258 te
3243 3204 3455 3273 plurimi
3492 3206 3869 3270 illuminentur,

2306 3300 2361 3345 et
2389 3309 2419 3346 a
2438 3294 2686 3349 tenebris
2716 3294 2965 3347 vitiorum
2998 3295 3049 3348 in
3079 3295 3219 3347 viam
3250 3304 3518 3365 perpetuae
3554 3295 3687 3349 lucis
3724 3310 3876 3355 revo-

2305 3392 2516 3437 centur.
2559 3382 2673 3437 Non
2710 3384 2882 3437 deerit
2920 3385 3014 3436 tibi
3044 3385 3212 3453 gratia
3245 3385 3549 3451 adjuvantis
3580 3385 3705 3449 Dei,
3735 3386 3777 3438 si
3808 3385 3882 3437 in-

2306 3475 2409 3527 erit
2442 3473 2691 3527 voluntas
2723 3474 3103 3527 admonitionis
3136 3483 3353 3528 sanetze.
3403 3473 3591 3528 Scribe
3636 3474 3874 3541 Evange-

2308 3563 2435 3615 lium
2463 3562 2569 3631 ⁷7
2596 3562 2650 3615 in
2678 3564 2837 3617 corde
2866 3573 2975 3627 tuo,
3001 3573 3053 3616 et
3079 3565 3130 3617 in
3158 3565 3413 3618 memoria
3444 3566 3692 3617 maneant
3720 3563 3877 3615 mira-

2309 3654 2449 3715 cula,
2481 3653 2564 3705 vel
2588 3654 2749 3707 verba
2775 3652 2985 3707 Domini
3013 3656 3178 3708 nostri
3198 3653 3322 3709 Jesu
3350 3654 3545 3709 Christi
3574 3696 3586 3707 .
3615 3665 3669 3707 ct
3690 3671 3749 3708 sa
3764 3655 3879 3724 pius

2308 3743 2631 3812 psalmorum
2662 3743 2776 3796 vice
2805 3745 2984 3798 canito
3002 3744 3357 3812 Evangelium
3377 3784 3391 3806 ,
3420 3744 3653 3817 maxime
3681 3760 3874 3797 secun-

2310 3833 2434 3884 dum
2459 3829 2717 3884 Joannem
2738 3872 2751 3895 ,
2778 3832 2868 3884 ubi
2892 3832 3081 3885 altiora
3106 3833 3353 3902 leguntur
3381 3833 3554 3886 inesse
3585 3833 3834 3901 mysteria
3861 3849 3874 3884 :

2310 3920 2363 3975 in
2394 3936 2498 3991 quo
2529 3936 2627 3993 ego
2657 3921 2721 3974 de
2753 3921 2969 3975 Patrum
3001 3923 3192 3977 libellis
3221 3923 3404 3979 laboro
3430 3924 3455 3961 ι’
3484 3923 3877 3995 Espositioneat

2309 4014 2457 4067 brevi
2490 4030 2736 4068 sermone
2776 4031 3031 4084 peragere
3061 4035 3072 4069 :
3106 4032 3241 4086 opus
3278 4017 3665 4082 necessarium,
3696 4014 3876 4071 vobis~

2308 4119 2412 4174 que
2450 4104 2776 4171 jucundum,
2825 4106 2868 4159 si
2915 4107 3146 4161 donante
3191 4106 3300 4161 Deo
3337 4105 3667 4175 perﬁciatur,
3716 4116 3770 4161 et
3810 4106 3877 4159 ad

2311 4208 2405 4247 vos
2434 4192 2714 4261 pervenire
2752 4195 2966 4259 poterit.

2381 4300 2461 4352 Tu
2491 4316 2618 4354 vero
2650 4314 2836 4370 pacem
2868 4316 2988 4354 cum
3014 4301 3264 4355 omnibus
3292 4299 3409 4374 [F.,
3436 4301 3763 4374 hominibus]
3789 4303 3879 4356 ba-

2311 4390 2457 4453 beas,
2490 4390 2684 4443 bellum
2710 4406 2831 4444 cum
2873 4392 3039 4454 vitiis,
3083 4381 3426 4447 concordiam
3453 4408 3575 4447 cum
3605 4392 3877 4455 fratribus,

2315 4497 2597 4551 moresque
2618 4480 2886 4549 jucundos
2924 4499 3045 4537 cum
3078 4485 3157 4538 eis
3185 4486 3277 4553 qui
3309 4493 3612 4539 sanctorum
3642 4486 3883 4538 moribus

2310 4573 2685 4626 consociantur
2713 4583 2765 4627 et
2792 4574 2977 4627 vivunt
3004 4594 3015 4627 :
3048 4577 3414 4643 patienterqtte
3445 4583 3563 4635 tuas
3597 4574 3759 4629 sull'er
3796 4576 3879 4627 in-

2299 4660 2498 4728 jurias;
2541 4662 2621 4717 vel
2648 4663 2817 4731 magis
2840 4664 3067 4725 dimitte,
3104 4665 3489 4727 utpdimittatur
3512 4666 3625 4719 tibi.
3658 4666 3787 4719 Esto
3828 4666 3878 4718 iu

2307 4755 2427 4807 cibo
2450 4754 2743 4817 modestus,
2772 4754 2822 4807 in
2849 4755 3037 4822 poculo
3063 4770 3272 4823 parcus,
3299 4758 3350 4810 in
3375 4757 3635 4827 loquendo
3649 4759 3878 4821 sobrius,

2308 4843 2361 4896 in
2388 4844 2580 4912 vigiliis
2604 4844 2845 4907 devotus,
2872 4846 2937 4899 ad
2961 4861 3117 4899 omne
3142 4862 3277 4915 Opus
3308 4848 3398 4900 Dei
3430 4856 3731 4917 promptus,
3760 4847 3879 4914 pitts

2309 4932 2374 4985 ad
2405 4947 2665 5002 pauperes
2694 4942 2747 4987 ct
2778 4934 3040 4997 inﬁrmos,
3064 4935 3366 4989 consolator
3392 4934 3753 4993 mterentium,
3787 4935 3881 4987 ad-

2302 5024 2450 5092 jutor
2478 5024 2855 5085 laborantium,
2880 5027 3209 5093 compatiens
3231 5024 3468 5078 miseriis
3492 5025 3754 5087 omnium,
3779 5024 3882 5076 lar-

2309 5133 2409 5188 gus
2448 5118 2499 5170 in
2528 5115 2882 5183 eleemosybis
2914 5116 3205 5172 secundum
3237 5116 3379 5170 vires
3404 5114 3650 5174 habendi,
3680 5130 3883 5170 memo-

2311 5224 2437 5263 rans
2462 5206 2780 5273 evangelica:
2825 5208 2995 5262 viduae
3032 5208 3137 5261 duo
3178 5208 3413 5267 minuta,
3461 5207 3883 5275 prophetamque

2310 5298 2575 5350 dicentem
2601 5313 2613 5347 :
2644 5291 2853 5365 Frange
2892 5297 3135 5349 esurienti
3158 5313 3344 5365 panem
3381 5307 3525 5349 tuum
3548 5294 3699 5367 (Iani.
3732 5311 3876 5355 mu,

2313 5388 2385 5456 7).
2415 5385 2554 5441 Cave
2599 5396 2669 5450 te,
2698 5387 2995 5457 prtevidens
3032 5383 3406 5443 discretionem
3436 5387 3563 5443 eice:
3616 5398 3787 5456 ἤνιδε
3827 5382 3883 5438 ia

2315 5564 2517 5640 nuissg.
2546 5528 2664 5640 l‘id.
2690 5567 2859 5640 _epist.
2888 5565 3123 5640 priorem
3156 5562 3221 5617 ad
3250 5566 3420 5640 ipsum
3447 5563 3771 5617 Simeonem.

2386 5633 2414 5681 δ
2449 5626 3093 5709 ’βψω
3132 5626 3499 5709 poste'adrca
3538 5643 3736 5685 annum
3779 5626 3878 5686 800

2316 5704 2571 5765 absolvit;
2604 5718 2718 5757 eam
2752 5703 2869 5756 vide
2903 5704 3038 5757 infra
3065 5703 3217 5771 parte
3243 5720 3282 5757 tr
3314 5707 3564 5770 Oper-um.
