4238 6184
409 286 522 365 'm

1824 303 2201 360 EPISTOLIE.

3511 309 3621 362 250

419 426 663 485 utroque,
686 425 743 470 et
758 414 904 470 danti
928 422 983 469 et
1003 393 1302 482 accipienti,
1326 412 1571 466 solatium
1596 425 1736 465 esse.
1766 410 1972 479 Ubique
1999 416 2047 473 Α
2074 413 2194 467 simi
2214 412 2438 469 'in‘bello
2455 453 2469 475 ,
2500 421 2555 466 et
2592 393 2877 481 iustissimi
2902 415 2954 467 in
2979 412 3223 482 iudiciis;
3266 431 3473 471 morum
3521 434 3625 474 uo-

417 511 669 569 discretio
696 508 896 579 optime
922 507 1096 570 valet,
1123 521 1241 574 qua:
1268 518 1293 545 ιι
1325 506 1462 558 inter
1487 502 1775 557 monachos
1798 510 1969 555 mater

416 602 674 656 virtutum
702 614 820 654 esse
848 599 1059 660 dicitur,
1098 595 1381 650 Salomone
1416 601 1699 647 attestante
1730 605 1747 645 :
1779 589 1970 659 Palpe-

416 695 522 750 ὀΐω
539 705 643 750 tua:
668 692 963 765 pracedant
983 708 1185 761 gressus
1212 700 1325 743 tuos
1346 688 1525 760 (Prov.
1553 703 1624 750 tv,
1647 686 1759 754 25),
1791 686 1843 740 id
1866 692 1968 748 est,

386 830 392 837 .
416 784 668 838 discretio
689 792 839 836 actus
864 790 1002 833 tuos.
1042 778 1136 834 Cui
1160 778 1433 833 sententia:
1459 784 1512 851 et
1542 775 1824 843 Apostolus
1844 788 1971 828 con-

416 883 591 936 sonat,
614 872 702 926 ubi
726 871 802 925 ait
828 888 840 922 :
875 869 1062 923 Omnia
1084 878 1249 922 vestra
1276 869 1482 920 honeste
1500 881 1614 917 cum
1641 864 1818 917 ordine
1837 863 1969 929 ﬁant

418 963 468 1033 (Ι
514 961 635 1017 Cor.
670 976 781 1025 11v,
812 959 923 1028 40).
956 959 1021 1012 ΕΙ.
1062 959 1297 1012 comicus
1329 956 1543 1025 quidam
1561 954 1688 1023 ait:
1721 950 1801 1004 Ne
1842 950 1969 1021 quid

418 1055 590 1106 nimis.
621 1053 676 1106 lu
706 1052 848 1104 omni
878 1067 936 1117 re
967 1047 1311 1118 temperantia
1337 1046 1594 1100 servanda
1626 1052 1729 1105 est,
1749 1057 1867 1110 qua:
1889 1048 1971 1094 est

417 1143 498 1193 via
539 1143 681 1210 regia
722 1140 883 1193 totius
911 1140 1031 1193 vitre
1062 1146 1284 1197 nostrm,
1316 1152 1413 1189 nec
1446 1134 1510 1188 ad
1539 1135 1808 1187 dexteram
1827 1172 1843 1195 ,
1869 1146 1968 1185 nec

416 1230 481 1283 ad
508 1230 777 1283 sinistram
822 1229 1112 1288 declinans,
1159 1227 1250 1280 sed
1278 1232 1431 1279 caute
1456 1232 1511 1277 et
1532 1223 1797 1290 sapienter
1825 1220 1968 1273 ince-

416 1322 547 1377 dens
565 1362 579 1386 ,
598 1320 756 1389 quasi
786 1319 1037 1387 providus
1065 1320 1235 1370 viator
1260 1317 1326 1370 ad
1356 1330 1596 1382 superum
1629 1312 1859 1366 civitatis
1884 1326 1970 1363 ar-

417 1429 531 1469 cem
560 1427 881 1483 properans,
911 1409 1187 1464 ambulans
1215 1409 1277 1462 de
1308 1408 1490 1462 virtute
1509 1409 1561 1462 in
1589 1408 1824 1460 rirtutem
1843 1446 1856 1468 ,
1881 1404 1975 1457 do-

417 1522 507 1558 nec
536 1504 770 1558 rideatur
806 1502 943 1555 Deus
982 1502 1193 1555 deorum
1232 1501 1287 1554 in
1338 1499 1468 1555 Sion
1519 1496 1688 1568 (Psal.
1734 1488 1972 1560 Lxxxitt,

414 1595 503 1665 8);
534 1596 584 1649 id
614 1603 730 1656 est,
768 1594 819 1647 in
864 1594 1076 1661 specula
1103 1601 1314 1647 πίει-ηπ
1354 1591 1715 1650 beatitudinis,
1746 1603 1863 1657 qua:
1895 1594 1977 1641 est

415 1685 652 1746 omnium
678 1691 983 1736 sanctorum
1014 1696 1218 1734 merces
1244 1688 1297 1734 et
1330 1680 1611 1733 retributio
1637 1677 1831 1729 laboris
1870 1675 1972 1730 sui.

414 1735 653 1846 beali
679 1735 871 1825 mundo
898 1770 1067 1830 corde,
1090 1772 1211 1840 quia
1236 1770 1396 1822 Deum
1420 1770 1655 1821 videbunt
1680 1766 1893 1835 (Matth.
1918 1781 1974 1830 ν,
2007 1735 2048 1790 Β

416 1861 492 1931 8).
537 1860 613 1913 lbi
659 1860 791 1912 beati
834 1861 923 1929 qui
970 1861 1367 1928 persecutionem
1406 1858 1691 1926 patiuntur,
1730 1856 1974 1925 quoniam

417 1954 647 2021 ipsorum
676 1959 748 2002 est
775 1966 985 2018 regnum
1011 1949 1253 2002 caelorum
1281 1948 1466 2017 (Ibid.,
1494 1948 1600 2016 10).
1629 1945 1704 1999 lbi
1737 1944 1869 1998 beati
1890 1944 1977 2013 qui
2008 1986 2014 1991 .

417 2041 647 2094 habitant
672 2039 725 2091 in
747 2038 897 2090 domo
920 2038 1149 2100 Domini,
1180 2039 1302 2106 quia
1321 2038 1374 2090 in
1396 2036 1641 2090 sa'culum
1664 2034 1845 2089 steculi
1863 2034 1981 2085 lau-

419 2129 612 2183 dabunt
652 2145 768 2181 eum
799 2127 969 2199 (Psul.
1000 2143 1221 2187 Lxxxm,
1256 2125 1333 2193 5).

488 2218 636 2272 Hauc
677 2219 871 2272 habeto
904 2216 1199 2272 chartulam
1219 2256 1235 2280 ,
1263 2214 1605 2270 dilectissime
1636 2212 1744 2277 t'ili,
1774 2206 1978 2266 seciam

420 2308 536 2373 tibi,
573 2309 685 2362 vice
713 2318 946 2379 paterna:
974 2308 1255 2362 cbaritatts
1280 2307 1371 2360 tibi
1395 2306 1697 2374 loquentem
1719 2302 1771 2356 ia
1796 2302 1979 2367 corde,

422 2406 476 2453 te
519 2399 893 2452 admonentem
942 2414 1044 2457 non
1097 2397 1265 2451 solum
1310 2396 1383 2451 de'
1423 2397 1594 2450 salute
1620 2404 1741 2458 tua,
1790 2408 1976 2448 verum
2016 2463 2026 2473 .

406 2490 581 2559 etiam
611 2489 677 2543 de
706 2488 993 2542 multorum
1025 2488 1264 2556 profectu
1297 2498 1351 2541 et
1378 2488 1730 2556 prosperitate
1748 2526 1763 2548 ,
1788 2499 1978 2553 meque

420 2581 591 2650 ipsum
623 2589 953 2654 tuo_pectore
983 2579 1218 2646 quotidie
1252 2579 1742 2639 commendantem,
1770 2584 1829 2629 ut
1855 2590 1978 2629 vera

421 2685 517 2722 nos
540 2669 777 2724 charitas
819 2668 1006 2721 ﬂorere
1040 2667 1198 2720 faciat
1240 2666 1293 2719 in
1324 2665 1603 2735 praeceptis
1627 2664 1828 2718 Christi
1860 2663 1976 2728 Dei,

404 2760 503 2814 cui
529 2759 644 2813 laus
669 2768 725 2814 et
748 2760 913 2829 gloria
944 2759 997 2812 in
1027 2758 1218 2813 seccula
1248 2758 1591 2825 sempiterna.

804 2870 914 2939 73
950 2870 977 2907 δ
1015 2868 1344 2921 EPISTULA
1381 2866 1590 2921 Lxxw

627 2976 694 3014 AD
720 2973 930 3027 GQNTEII
965 2971 1033 3011 ΕΤ
1062 2973 1297 3011 Ρορυιωι
1334 2970 1767 3010 (ἈΝἸἪΑΒΙΟΒΕΙ.

1006 3049 1181 3119 (Anno
1228 3047 1378 3117 797.)

422 3141 640 3195 Illorum
668 3141 824 3209 [idem
858 3122 1254 3195 ac’nobilitatem
1287 3137 1525 3209 laudibus
1551 3135 1779 3209 extollit;
1807 3151 1979 3209 sacer—

489 3211 635 3264 dotes
658 3206 719 3263 ac
749 3209 939 3263 nobiles
966 3209 1273 3261 adhortatur
1310 3224 1328 3260 :
1360 3207 1677 3260 calamitates
1711 3206 1979 3275 deplorat;

491 3290 537 3333 et
562 3290 615 3332 ut
646 3280 1087 3345 archiepiscopum
1129 3277 1499 3329 Aedilbardum
1530 3294 1561 3330 a
1586 3276 1708 3345 fuga
1741 3276 1981 3328 reducere

396 3388 406 3393 -
491 3358 757 3407 conentur,
786 3346 990 3400 suadet.

491 3456 847 3511 Nobilissimm
880 3456 1025 3525 genti
1054 3465 1107 3509 et
1157 3454 1351 3525 papula
1393 3454 1687 3517 laudabili,
1715 3464 1768 3508 et
1820 3469 1984 3523 regno

424 3547 682 3617 imperiali
727 3545 1137 3600 Cantuariorum
1166 3545 1379 3598 humilis
1414 3544 1573 3599 levita
1617 3544 1871 3598 Alcuiuus
1895 3558 1981 3597 sa-

423 3638 609 3692 lutem.

491 3732 669 3786 Vestri
699 3730 908 3784 decoris
949 3738 1003 3784 et
1029 3737 1221 3783 vestra:
1258 3727 1444 3782 salutis
1467 3726 1617 3780 valde
1640 3720 1862 3795 cupidus
1884 3723 1983 3777 has

422 3834 620 3890 paucas
647 3819 929 3880 litterulas,
953 3819 1021 3872 ob
1048 3819 1263 3870 nimiam
1294 3825 1483 3870 vestra:
1512 3814 1879 3885 prosperitatis
1905 3813 1986 3867 di-

424 3908 735 3971 lectionem,
789 3908 842 3959 in
873 3920 1151 3959 commune
1176 3906 1325 3958 vobis
1360 3904 1593 3973 dirigere
1627 3904 1831 3956 curavi.
1876 3902 1984 3955 Vos

423 4015 549 4055 vero
571 3995 1105 4068 principiumsalutis
1130 3994 1417 4062 Anglorum
1433 4034 1447 4053 ,
1475 3976 1687 4046 initium
1710 3992 1981 4059 prosperi-

424 4092 573 4156 tatis,
616 4098 800 4160 portus
844 4088 1177 4149 intrantium,
1230 4084 1484 4153 triumphi
1533 4083 1677 4146 laus,
1712 4080 1985 4151 sapientia:

423 4184 598 4253 origo,
625 4191 677 4235 et
698 4196 727 4235 a
753 4181 902 4236 vobis
928 4179 1136 4248 imperii
1158 4186 1392 4247 potestas
1414 4166 1584 4246 prima
1606 4176 1901 4245 processit,
1932 4182 1985 4228 et

424 4272 543 4327 ﬁdei
577 4270 853 4324 catholicze
874 4269 1024 4337 origo
1047 4279 1233 4322 exorta
1254 4275 1355 4320 est.
1386 4267 1537 4335 Apud
1565 4281 1658 4320 vos
1686 4266 1982 4319 clarissima

427 4362 625 4418 lumina
648 4361 934 4414 Britanniae
966 4360 1330 4426 requiescunt,
1359 4374 1455 4426 per
1475 4374 1608 4426 quos
1633 4359 1720 4410 lux
1745 4355 1983 4411 veritatis

427 4466 523 4523 per
552 4458 716 4505 totam
750 4447 1077 4501 Britanniam
1110 4447 1345 4499 emicuit.
1387 4446 1444 4499 In
1484 4447 1631 4497 vobis
1673 4452 1980 4509 utrumque,

427 4549 483 4597 et
504 4539 882 4610 philosophica:
920 4536 1209 4604 disciplinac
1256 4536 1418 4589 decus
1445 4533 1692 4596 emicuit,
1725 4539 1779 4585 et
1820 4546 1985 4586 sacrae

428 4632 614 4702 religio
638 4631 700 4683 .is
736 4630 952 4683 claritas
976 4627 1191 4681 ell'nlsit.
1229 4626 1284 4679 In
1325 4626 1475 4679 vobis
1497 4639 1625 4678 vero
1671 4622 1885 4675 fuerunt
1909 4621 1983 4674 si-

427 4720 536 4774 mul
563 4727 619 4771 et
663 4718 892 4786 religiosi
921 4718 1166 4770 doctores
1202 4716 1581 4773 ‘ccclesiastieie
1611 4714 1730 4767 [idci
1754 4754 1767 4777 ,
1817 4722 1869 4766 et
1897 4728 2008 4792 sa-y

426 4808 740 4881 pientissimi
765 4807 1030 4875 principes
1057 4806 1250 4875 regalis
1269 4808 1571 4876 dignitatis,
1602 4816 1655 4860 et
1683 4806 1783 4859 viri
1814 4804 1988 4859 fortis-

496 4934 521 4962 ι
564 4923 708 4976 Inter
742 4922 1039 4974 monachos.
1066 4920 1189 4974 Inde
1211 4920 1427 4983 colligas
1451 4960 1464 4983 ,
1493 4922 1777 4977 Calvinum
1798 4936 1985 4974 mona-

426 4994 584 5046 chum
610 4992 660 5045 fu
686 5008 771 5047 sse
802 4993 851 5044 in
873 4992 1056 5043 eadem
1080 4990 1212 5043 cella
1242 4988 1297 5043 S.
1324 4988 1599 5057 Stephani.

493 5060 525 5143 ξ’
564 5062 710 5116 llauc
736 5062 1325 5143 epistolamhnlunquam
1371 5068 1523 5143 antea
1560 5060 1758 5113 editam
1788 5060 1988 5115 descri-

428 5131 709 5210 psimusex
738 5128 858 5183 eod.
886 5147 984 5184 ms.
1004 5128 1197 5185 Salist
1221 5146 1234 5193 ;
1263 5128 1383 5210 data
1411 5130 1596 5183 eodem
1626 5139 1863 5254 tenzggre
1882 5144 1986 5209 quo

428 5200 516 5254 illa
543 5201 609 5279 ad
632 5200 995 5279 Athelardum.
1024 5208 1420 5279 qumsequttuur.
1440 5198 1612 5279 (Apud
1628 5199 1743 5279 Fro
1801 5218 1854 5279 ῃ.
1872 5200 1985 5268 59.)

501 5279 523 5308 ο
566 5268 796 5337 Populus
852 5268 1105 5340 paganus.
1144 5269 1273 5324 Dani
1330 5268 1611 5340 nimirum,
1659 5274 1747 5337 qui
1804 5270 1985 5325 littora

428 5338 711 5394 Britanniae
742 5338 954 5395 vastare
976 5349 1250 5409 cmpcrunt
1271 5353 1411 5393 anno
1442 5339 1565 5397 795.
1588 5340 1784 5406 saepius
1806 5348 1986 5407 postea

430 5409 730 5464 redeuntes.

499 5478 525 5519 ἀ
578 5476 671 5534 Vix
696 5478 1082 5548 aliqu'sgmodo.
1120 5518 1135 5531 .
1169 5518 1183 5531 .
1216 5516 1229 5529 .
1264 5496 1328 5533 ea:
1354 5480 1570 5547 antiqua
1601 5494 1775 5548 regum
1800 5494 1983 5547 prosa-

430 5550 515 5613 pia
541 5549 814 5603 invenitur.
864 5546 936 5601 Ea
968 5548 1033 5602 de
1083 5563 1139 5601 re
1175 5546 1771 5603 audiendusMalmesb.
1809 5548 1983 5603 libror

430 5616 498 5697 de
514 5617 867 5697 BegLAngL,
901 5632 950 5671 c.
981 5618 1000 5671 1
1035 5631 1050 5669 :
1090 5635 1109 5665 σ
1140 5617 1408 5697 Pastillos
1432 5618 1719 5697 (Withredi
1754 5616 1981 5697 libems,

431 5692 481 5737 ct
511 5684 685 5743 Can'tii
713 5684 864 5757 reies
886 5727 899 5749 ,
941 5702 1171 5756 quorum
1214 5684 1578 5746 ultimusth
1606 5688 1816 5743 Ali-ictis
1839 5720 1855 5748 ,
1893 5688 1980 5756 qui

2070 502 2553 572 bilitatecopspicui
2568 544 2583 568 ,
2608 496 2844 558 consiliis
2863 506 3090 573 providi,
3104 506 3296 574 pietate
3311 505 3629 575 laudabiles,

2068 591 2205 649 facie
2228 594 2565 649 honorabiles
2584 635 2599 659 ,
2627 594 2779 649 vultu
2799 596 3132 652 venerabiles
3149 638 3167 661 ,
3192 606 3246 653 et
3280 599 3422 651 omni
3453 600 3625 669 digni-

2070 689 2176 735 tate
2203 681 2504 763 clarissimi.
2534 682 2657 737 Haec
2676 698 2790 747 vos,
2813 685 2915 737 viri
2940 687 3340 754 sapientissimi,
3357 688 3407 741 in
3430 689 3632 756 quibus

2069 772 2226 826 modo
2252 771 2453 826 Cantia:
2478 774 2638 827 decus
2661 774 2929 837 consistit,
2966 776 3246 845 diligenter
3269 780 3622 845 considerate,

2068 868 2124 914 et
2175 852 2360 931 longas
2420 864 2784 918 successiones
2844 867 3292 922 nobilissimorum
3345 880 3627 938 parentum

2069 959 2368 1003 vestrorum
2392 950 2605 1004 imitare
2630 954 2949 1007 studeamini
2981 954 3135 1025 [.lls.,
3166 957 3483 1030 studimini].
3517 961 3531 965 ’

2136 1040 2313 1093 Primo
2336 1042 2571 1098 omnium
2593 1084 2607 1107 ,
2637 1046 2725 1112 qui
2754 1046 2804 1098 in
2834 1046 3069 1100 Ecclesia
3102 1047 3296 1103 Christi
3323 1039 3431 1104 Deo
3452 1052 3635 1106 deser-

2075 1131 2392 1203 viuntiMs.,
2422 1134 2768 1207 deserviant],
2804 1137 3008 1190 discant
3049 1138 3327 1207 diligenter
3362 1142 3629 1209 quomodo

2078 1225 2186 1278 Deo
2213 1224 2456 1293 placeant
2483 1224 2701 1294 (Coloss.
2732 1242 2769 1287 ι,
2802 1226 2911 1295 10),
2934 1229 3198 1295 quomodo
3225 1230 3380 1284 (idem
3408 1230 3631 1286 catholi-

2075 1329 2376 1381 eam,quam
2405 1315 2633 1381 primum
2649 1316 2897 1370 doctores
2922 1320 3086 1373 nostri
3104 1320 3155 1373 in
3167 1320 3245 1374 eis
3260 1320 3632 1381 fundaverant.

2073 1402 2313 1455 obtinere
2338 1401 2563 1456 ﬁrmiter
2587 1411 2641 1455 et
2658 1405 2949 1471 praedicare
2972 1407 3219 1476 valeant;
3239 1410 3362 1476 quia
3390 1410 3635 1479 ignoran-

2075 1491 2148 1544 tia
2199 1490 2597 1559 Scripturarum
2649 1492 2946 1561 ignorantia
2972 1495 3076 1568 .Dei
3113 1506 3239 1550 est:
3273 1508 3327 1552 et
3374 1500 3417 1553 si
3462 1515 3635 1555 caecus

2077 1593 2274 1632 aecum
2289 1579 2453 1643 ducit,
2479 1581 2673 1633 cadunt
2696 1582 2917 1645 amboin
2943 1582 3148 1638 foveam
3171 1585 3383 1648 (Matth.
3412 1604 3499 1651 xv,
3525 1589 3633 1659 li);

2078 1677 2134 1721 et
2180 1677 2397 1730 econtra
2442 1670 2724 1723 multitudo
2773 1672 3091 1739 sapientium
3135 1674 3279 1728 salus
3334 1683 3418 1728 est
3458 1676 3637 1744 populi

2080 1756 2231 1826 (Sap.
2257 1773 2332 1820 vr,
2377 1758 2485 1828 26).
2512 1758 2772 1814 Adducite
2802 1761 2951 1814 vobis
2980 1762 3225 1829 doctores
3253 1773 3307 1817 et
3349 1765 3635 1834 magistros

2076 1855 2274 1901 sanctae
2304 1846 2616 1916 Scriptum,
2641 1863 2706 1902 ne
2740 1850 2809 1902 sit
2836 1851 3011 1919 inopia
3042 1853 3179 1920 apud
3206 1870 3301 1923 vos
3328 1856 3475 1908 verbi
3507 1854 3596 1908 Dei
3623 1871 3637 1911 :

2077 1945 2168 1990 aut
2195 1937 2345 1991 vobis
2369 1936 2538 2000 desit,
2571 1937 2661 2005 qui
2705 1938 2957 2005 populum
2994 1939 3090 1994 Dei
3131 1956 3316 2009 regere
3341 1944 3542 2009 valeat;
3574 1962 3641 1997 ne

2075 2028 2194 2083 fons
2221 2028 2462 2082 veritatis
2488 2028 2540 2081 in
2565 2029 2716 2083 vobis
2745 2030 3071 2085 exsiccetur.
3117 2030 3290 2085 Nolite
3329 2048 3427 2087 vos
3453 2043 3639 2087 contra

2076 2118 2493 2172 ecclesiasticam
2540 2120 2975 2173 consuetudinem
3013 2102 3247 2175 vanitate
3297 2122 3641 2175 vestimento-

2076 2223 2195 2261 rum
2243 2221 2438 2261 ornare
2452 2203 2477 2271 ',
2515 2208 2609 2261 sed
2646 2207 2886 2263 moribus
2921 2223 3017 2262 vos
3048 2210 3313 2263 ostendite
3352 2208 3552 2263 nobiles
3584 2217 3640 2263 ct

2076 2304 2299 2351 ornatos
2316 2337 2333 2361 ,
2360 2305 2416 2350 et
2447 2297 2824 2365 praedicatione
2850 2298 2999 2351 verbi
3021 2297 3115 2351 Dei
3143 2306 3357 2367 paratos
3377 2339 3392 2364 ,
3418 2307 3477 2367 ut
3518 2298 3641 2353 laici

2077 2396 2131 2443 et
2156 2389 2316 2442 vestri
2344 2388 2627 2442 bellatores
2669 2403 2764 2455 per
2788 2403 2882 2441 vos
2907 2388 3073 2444 fortes
3102 2389 3399 2444 eﬂiciantur
3418 2430 3433 2455 ,
3461 2396 3513 2443 et
3546 2405 3642 2459 po-

2075 2478 2231 2548 pulus
2258 2478 2400 2531 viam
2434 2476 2621 2531 salutis
2646 2477 2874 2532 incedat.
3080 2529 3088 2538 ,
3338 2546 3343 2551 ἢ

2149 2567 2405 2621 Similiter
2434 2568 2640 2622 nobiles
2663 2568 2753 2636 qui
2783 2568 2981 2622 suntin
3006 2568 3200 2637 populo
3216 2584 3341 2623 suas
3354 2569 3644 2639 dignitates

2076 2673 2197 2712 eum
2214 2656 2449 2711 censiliis
2478 2668 2680 2725 regant,
2704 2667 2759 2710 et
2786 2657 2978 2727 populo
2995 2673 3090 2727 per
3102 2656 3366 2723 justitiam
3392 2656 3631 2725 praesint,

2077 2753 2317 2799 amantes
2342 2753 2561 2813 paterna
2592 2752 2788 2796 statuta
2820 2744 2871 2796 in
2895 2742 3111 2811 judiciis
3154 2744 3323 2812 magis
3353 2758 3511 2811 quam
3547 2757 3640 2810 ροα

2085 2832 2289 2887 cuniam
2308 2873 2322 2896 ,
2370 2847 2487 2901 qua:
2514 2833 2776 2885 subvertit
2804 2833 2966 2885 verba
2984 2830 3251 2898 iustorum
3271 2871 3286 2895 ,
3318 2839 3373 2885 et
3399 2832 3637 2885 unanimi

2079 2924 2321 2987 consilio,
2364 2923 2727 2992 quodébonum
2751 2922 2838 2985 sit,
2885 2921 3029 2992 glanti
3068 2932 3259 2975 vestra:
3297 2922 3523 2975 viriliter
3561 2920 3639 2974 fa-

2080 3015 2225 3068 ciant
2261 3030 2274 3065 :
2312 3021 2367 3066 et
2393 3021 2630 3066 rectores
2655 3011 2804 3086 vobis
2831 3013 3121 3080 pneponite
3146 3012 3422 3065 nobilitate
3443 3012 3640 3076 claros,

2082 3117 2289 3155 morum
2316 3100 2573 3171 dignitate
2614 3102 2752 3169 pios.
2777 3100 3000 3169 justitiae
3042 3101 3234 3155 decore
3278 3101 3637 3163 honorabiles.

2079 3198 2343 3268 quatenus
2371 3191 2549 3243 divina
2570 3191 2940 3244 misericordia
2964 3201 3195 3245 vestram
3222 3201 3429 3262 gentem
3449 3194 3639 3261 guber-

2078 3295 2230 3343 nare,
2258 3288 2312 3333 et
2349 3294 2692 3343 conservare,
2723 3289 2777 3334 et
2802 3282 3040 3335 exaltare
3067 3283 3332 3353 dignetur.

2148 3369 2394 3425 imminet
2429 3361 2558 3424 vero
2608 3370 2899 3451 inanimum
2950 3371 3134 3425 insula:
3170 3372 3294 3425 huic
3328 3379 3398 3426 ‘et
3445 3373 3641 3442 populo

2080 3461 2339 3514 habitanti
2370 3461 2423 3512 in
2461 3475 2522 3513 ea
2564 3460 2879 3527 periculum.
2911 3461 3049 3515 Ecce
3083 3463 3222 3530 quod
3262 3478 3531 3530 nunquam
3556 3478 3644 3517 an—

2081 3558 2166 3602 tea
2191 3548 2432 3601 auditum
2456 3545 2577 3609 fuit,
2604 3559 2624 3583 ο
2658 3548 2886 3615 populus
2914 3548 3149 3617 paganus
3179 3549 3311 3602 solet
3333 3558 3543 3603 vastare
3564 3550 3645 3619 pi-

2081 3642 2248 3694 ratico
2283 3638 2564 3693 latrocinio
2611 3638 2789 3691 littora
2830 3646 3012 3691 nostra
3051 3656 3063 3689 :
3102 3648 3157 3691 et
3202 3638 3274 3690 illi
3322 3638 3417 3706 ipsi
3458 3640 3639 3707 populi

2079 3732 2387 3800 Anglorum,
2413 3738 2469 3783 et
2492 3744 2651 3798 regna
2678 3737 2733 3783 et
2769 3743 2923 3797 rcges
2943 3727 3261 3781 dissentiunt
3284 3728 3425 3781 inter
3462 3743 3549 3791 se;
3589 3738 3645 3781 et

2082 3822 2109 3862 ἀ
2132 3822 2221 3875 vix
2249 3820 2441 3888 aliquis
2469 3818 2648 3883 modo,
2679 3818 2820 3887 quod
2856 3817 2971 3872 sine
3015 3816 3265 3887 lacrymis
3295 3832 3398 3871 non
3428 3818 3600 3871 dicam
3623 3858 3639 3880 ,

2083 3928 2147 3966 ex
2178 3913 2396 3980 antiqua
2431 3926 2615 3979 regum
2642 3910 2889 3978 prosapia
2936 3910 3208 3962 invenitur
3231 3953 3245 3974 ,
3277 3916 3330 3961 et
3385 3917 3533 3961 tanto
3562 3909 3642 3961 in-

2082 4004 2341 4056 ccrtiores
2361 4010 2492 4054 sunt
2520 4000 2764 4069 originis,
2801 4009 2998 4067 quanto
3029 4001 3265 4053 minores
3293 3998 3314 4070 [
3337 4000 3466 4052 Cod.
3503 3998 3646 4057 Παν-

2082 4092 2304 4157 ieiunus,
2353 4076 2722 4145 ince'rtioris...
2757 4087 3002 4159 minoris]
3031 4098 3155 4142 sunt
3177 4087 3522 4143 fortitudinis.
3561 4087 3645 4142 Si-

2083 4182 2283 4237 militer
2321 4190 2375 4235 et
2412 4196 2507 4251 per
2544 4179 2798 4234 ecclesias
2839 4178 3040 4232 Christi
3085 4179 3361 4247 perierunt
3402 4179 3649 4232 doctores

2085 4273 2351 4335 veritatis;
2393 4286 2578 4326 omnes
2605 4270 2740 4339 pene
2777 4260 3043 4323 vanitates
3090 4270 3376 4323 saeculares
3416 4284 3647 4337 sequun-

2087 4372 2289 4426 tur,et
2318 4363 2626 4430 disciplinas
2663 4361 2936 4429 regulares
2957 4361 3083 4413 odio
3112 4361 3308 4413 habent
3341 4372 3356 4409 :
3394 4368 3442 4410 ct
3485 4356 3647 4409 bella-

2088 4458 2231 4501 tores
2260 4447 2469 4498 illorum
2496 4445 2666 4513 magis
2693 4444 2931 4496 avaritiae
2972 4444 3189 4507 student
3217 4458 3375 4510 quam
3398 4441 3641 4508 justitizr.

2086 4537 2283 4591 Discite
2312 4546 2334 4574 ε
2362 4535 2588 4604 Gylbum
2635 4533 2723 4605 [Id
2751 4533 2893 4595 cod.,
2914 4530 3212 4597 Giraldum]
3237 4533 3537 4586 Brettonem
3562 4548 3647 4585 sa-

2086 4624 2494 4694 pientissimum,
2510 4630 2564 4675 et
2579 4623 2745 4678 videte
2766 4637 2831 4675 ex
2846 4622 3036 4691 quibus
3053 4621 3228 4674 causis
3245 4636 3307 4689 pa
3316 4630 3490 4674 rentes
3508 4621 3651 4674 Brit—

2088 4726 2268 4770 tonum
2286 4714 2628 4785 perdiderunt
2642 4730 2861 4783 regnum
2882 4724 2936 4767 et
2957 4714 3182 4782 patriam
3209 4730 3223 4764 :
3247 4720 3300 4765 et
3314 4713 3645 4767 considerate.

2085 4818 2455 4878 vosmetipsos,
2472 4817 2526 4862 et
2538 4810 2587 4861 in
2602 4808 2753 4860 vobis
2764 4822 2895 4875 pene
2908 4806 3097 4859 similia
3119 4805 3416 4859 invenietis.
3440 4802 3651 4857 Timete

2088 4939 2227 4977 anno
2256 4921 2357 4976 794
2381 4921 2532 4989 obiit)
2561 4919 2734 4972 nobile
2759 4933 2939 4989 regum
2966 4932 3181 4989 germen
3213 4914 3418 4989 exaruit
3441 4952 3455 4973 ,
3484 4927 3648 4989 gone.

2090 5009 2243 5047 rosus
2287 4983 2777 5059 sanguis'ell’rignit.
2795 4983 2953 5059 Tune.
2973 4983 3464 5059 impudentissimas
3489 4983 3641 5048 quis-

2088 5079 2211 5133 que,
2242 5063 2327 5115 cui
2355 5055 2433 5132 vel
2458 5061 2633 5133 lingua
2659 5058 2889 5133 divitias,
2914 5057 2992 5133 vel
3024 5055 3185 5133 factio
3217 5063 3647 5133 terroremcom—

2088 5121 2404 5202 piraverat,
2445 5130 2511 5202 ad
2536 5121 2868 5202 lyrannidem
2902 5125 3176 5202 anhelare,
3220 5123 3515 5202 tunchregio
3556 5121 3640 5176 in—

2088 5189 2223 5272 signi
2248 5189 2411 5272 abuti.
2436 5189 2668 5272 Quorum
2687 5196 3044 5272 _Aedilberttts,
3076 5189 3493 5272 idemqueprcn.
3518 5205 3639 5268 cum

2087 5258 2302 5327 hicnnio
2331 5258 2655 5322 Catit'uaritis
2686 5266 3035 5334 imperitaret,
3082 5262 3135 5313 in
3182 5258 3402 5334 Mercios
3440 5258 3642 5325 majora

2087 5341 2290 5394 viribus
2331 5352 2490 5389 ausus
2518 5344 2572 5387 et
2608 5337 2674 5387 ab
2703 5330 2903 5388 eisdem
2931 5340 3135 5399 captus,
3176 5330 3640 5392 vinculismauus,

2088 5406 2277 5477 corpus
2304 5405 2593 5477 captivitati
2626 5405 2867 5477 praebuit.
2902 5423 2920 5477 ξ

2162 5468 2196 5517 θ’
2220 5468 2459 5545 Gylbum.
2491 5468 2874 5545 Legfﬁildam.
2907 5471 3031 5545 [Ejus
3048 5469 3248 5545 _V’itam_
3270 5468 3524 5545 dederunt
3545 5468 3645 5545 ha-

2088 5537 2361 5628 siesrtl’hi
2376 5537 2884 5628 Anserem???)
2904 5537 3029 5628 ’33-.
3048 5538 3444 5628 EPii'Olt.‘"fl’.§
3460 5537 3645 5628 σε.

2089 5606 2229 5672 Belo
2251 5606 2540 5667 amantum
2563 5606 2735 5667 etiam
2769 5621 2895 5664 tom.
2923 5610 3029 5663 vin
3059 5606 3190 5662 Bibl.
3222 5608 3319 5663 ss.
3354 5607 3475 5667 en,
3510 5606 3639 5659 edit.

2090 5686 2278 5756 Κουρή..
2317 5694 2435 5752 pug.
2467 5682 2590 5735 707.
