4226 6212
516 325 612 378 θει
688 369 693 374 .

517 525 738 582 clesiam
773 522 1039 595 expressit
1082 521 1267 575 dicens
1300 539 1311 572 :
1356 517 1522 572 Omne
1562 533 1774 586 regnum
1814 516 1869 567 in
1912 530 1965 567 se
2016 512 2096 565 di-

520 618 684 670 visum
713 632 815 669 non
853 613 1009 667 stabit
1035 610 1184 684 (Luc.
1221 628 1294 673 at,
1344 609 1453 678 Π).
1493 608 1629 663 Ecce
1653 606 1848 660 divisio
1893 613 2095 675 quanta

520 707 764 761 estinter
789 703 1011 775 populos
1036 711 1091 755 ct
1124 710 1310 772 gentes
1335 698 1662 768 Anglorum,
1697 704 1751 749 ct
1776 695 1895 750 ideo
1924 695 1979 750 in
2010 710 2095 748 se-

521 799 655 866 ipsis
692 797 986 858 deﬁciunt,
1016 794 1139 863 quia
1187 794 1327 845 inter
1366 791 1572 860 seipsos
1617 803 1802 858 pacem
1836 802 1942 839 non
1986 800 2099 839 ser-

522 898 648 942 vant
676 887 785 958 79
812 897 869 941 et
896 887 1076 939 fidem.
1100 898 1135 958 _a
1167 884 1439 938 Revocate
1474 882 1540 935 ad
1582 897 1712 945 vos,
1744 880 1790 934 si
1828 872 1982 931 voliis
2021 877 2100 930 vi-

522 980 732 1039 deatur,
761 977 1068 1044 episcopum
1094 982 1331 1028 vestrmn
1358 971 1765 1027 Aedilhardum.
1797 969 1971 1020 virum
2003 981 2095 1019 ve-

525 1067 814 1121 nerabilem
858 1074 911 1119 et
941 1065 1235 1134 sapientem
1265 1104 1279 1127 ,
1328 1072 1382 1115 et
1410 1063 1527 1131 ejus
1566 1059 1791 1118 consilio
1827 1060 1879 1111 in
1908 1056 2100 1110 melius

524 1158 675 1226 regni
705 1158 865 1210 vestri
898 1163 1095 1209 statum
1130 1155 1497 1213 corroboratc,
1529 1151 1876 1204 emendantes
1900 1148 1952 1201 in
1983 1163 2100 1199 mo-

525 1249 673 1302 ribus
701 1261 818 1316 qum.
848 1246 955 1299 Deo
985 1246 1339 1315 displiceant,
1371 1252 1424 1295 et
1451 1258 1512 1295 ea
1543 1242 1753 1295 studcte
1784 1239 1961 1293 facere
1981 1254 2102 1307 quia:

523 1334 1091 1407 cjus_misericordiam
1123 1350 1285 1403 super
1316 1350 1409 1387 vos
1434 1333 1644 1386 valeant
1678 1345 1949 1398 revocare.
1986 1328 2101 1382 Non

522 1440 610 1483 est
632 1430 851 1489 bonum,
883 1436 942 1480 ut
962 1427 1116 1480 sedes
1146 1425 1318 1479 sancti
1347 1423 1631 1493 Augustini
1654 1421 1816 1490 primi
1841 1420 2101 1489 prtedica—

528 1518 661 1574 toris
704 1518 872 1572 nostri
910 1533 1076 1571 vacua
1120 1522 1464 1585 permaneat;
1507 1522 1562 1568 et
1600 1513 1738 1566 alius
1783 1528 1889 1566 non
1930 1520 2105 1580 potest

528 1610 796 1663 ullatenus
825 1608 877 1661 in
909 1606 1023 1675 ejus
1050 1605 1288 1661 ordinari
1311 1604 1507 1658 locum.
1531 1602 1771 1656 Perditio
1809 1601 1987 1670 populi
2023 1609 2107 1654 est

530 1703 746 1771 ubique.
778 1700 1147 1754 sacerdotibus
1180 1697 1294 1751 suis
1320 1712 1425 1749 non
1450 1694 1689 1756 obedire,
1709 1704 1762 1747 et
1794 1693 2107 1762 praedicato-

529 1806 619 1845 res
666 1789 855 1844 salutis
904 1804 933 1841 a
966 1803 1023 1841 se
1068 1786 1352 1856 expellere.
1398 1784 1657 1854 Snbjicite
1703 1800 1799 1837 vos
1834 1782 2107 1837 humiliter

531 1881 769 1949 pontifici
798 1888 978 1933 vestro
1000 1887 1053 1933 et
1081 1877 1422 1947 praedicatori
1448 1875 1638 1929 salutis
1670 1883 1893 1937 vestrm,
1917 1882 2106 1942 quate-

533 1970 847 2025 nus-divina
888 1984 984 2022 vos
1011 1967 1184 2037 gratia
1225 1966 1279 2019 in
1320 1966 1572 2019 omnibus
1615 1964 1870 2032 Operibus
1916 1962 2109 2016 vestris

528 2067 907 2128 consequatur.
956 2057 1169 2112 Credite
1200 2056 1364 2121 mihi,
1396 2056 1700 2111 nullatenus
1741 2054 1898 2108 aliter
1939 2054 2108 2107 Deum

531 2149 682 2202 vobis
705 2149 995 2219 propitium
1025 2148 1221 2203 habere
1249 2147 1477 2217 potestis
1506 2164 1519 2200 :
1553 2162 1648 2215 per
1674 2145 1823 2203 illum
1859 2145 2103 2214 potestis,

529 2240 713 2303 credo,
742 2254 928 2309 pacem
961 2239 1159 2292 habere
1186 2246 1530 2307 pnesentem,
1555 2245 1611 2289 et
1638 2236 1866 2289 salutem
1894 2249 2113 2305 sperare

532 2332 933 2401 sempiternam.
965 2330 1094 2383 luite
1118 2329 1401 2384 consilium
1429 2329 1801 2399 prosperitatis
1822 2338 2034 2392 vestrm,
2060 2336 2115 2381 et

532 2424 757 2478 viriliter
781 2423 960 2486 facile,
987 2422 1131 2491 quod
1170 2423 1372 2476 bonum
1411 2422 1696 2475 inveniatis
1720 2461 1735 2485 ,
1765 2429 1819 2475 et
1847 2420 2114 2475 converti-

531 2514 665 2568 mini
695 2513 761 2566 ad
788 2527 975 2582 preces
998 2520 1053 2567 et
1087 2510 1361 2565 orationes
1386 2520 1438 2563 et
1467 2508 1693 2577 jejunia,
1735 2518 2001 2577 quatenus
2029 2508 2113 2561 di-

533 2606 653 2657 vina
691 2603 841 2657 vobis
868 2604 1187 2673 propitietur
1214 2601 1602 2664 misericordia,
1632 2610 1686 2655 et
1708 2609 1988 2655 conservet
2020 2614 2113 2653 vos

532 2695 587 2747 in
614 2693 769 2747 laude
791 2701 845 2747 et
866 2692 1033 2747 salute
1056 2700 1231 2746 vestra
1242 2700 1315 2757 ,et
1328 2691 1587 2746 concedat
1608 2691 1760 2744 vobis
1784 2689 2110 2745 incolumem

532 2785 920 2839 habitationem
954 2786 1006 2837 in
1044 2784 1218 2853 patria
1248 2792 1452 2847 vestra,
1475 2789 1530 2835 et
1558 2781 1849 2851 gloriosum
1880 2782 1935 2835 in
1956 2774 2114 2834 aeter-

534 2892 602 2931 tza
649 2877 826 2945 patria
856 2875 1159 2943 imperium.
1196 2875 1424 2928 Dextera
1465 2873 1853 2943 omnipotentis
1887 2872 1982 2926 Dei
2015 2888 2115 2926 vos

532 2974 779 3035 protegat
805 2975 858 3019 et
884 2974 1052 3035 regat,
1081 2974 1135 3019 et
1165 2964 1404 3017 exaltare
1438 2964 1689 3032 dignetur
1721 2962 1969 3032 przesenti
2000 2961 2115 3015 feli-

533 3059 715 3121 citate,
738 3066 793 3110 et
817 3066 1015 3111 aatcrna
1034 3056 1383 3119 beatitudine,
1400 3056 1501 3109 viri
1526 3054 1721 3109 fratres
1734 3054 2113 3109 desiderabiles

534 3159 591 3201 et
617 3146 967 3201 venerabiles.

1000 3235 1028 3275 ι’
1069 3232 1400 3290 EPISTOLA
1440 3234 1650 3289 LXXV.

571 3345 637 3381 AD
680 3344 1069 3390 ATHELAIDCI,
1118 3342 1557 3380 CANTUAIUENSEI
1605 3334 2071 3387 Αιιεωεξιιδεοινωι.

930 3416 933 3417 ⁷
1146 3416 1321 3488 (Anno
1358 3416 1507 3488 797.)

539 3510 798 3563 Hortatur
828 3520 880 3561 ut
912 3518 1121 3578 propter
1160 3508 1340 3576 fugam
1382 3526 1411 3560 a
1452 3508 1571 3561 sede
1618 3526 1715 3561 sua
1758 3511 2109 3577 paenitentiam

606 3590 759 3648 ngat,
788 3591 836 3631 et
866 3578 1152 3648 Ecclesium
1178 3578 1412 3648 ordinet;
1450 3578 1645 3631 clerum
1694 3596 1725 3629 a
1771 3580 1994 3631 ranitate
2030 3595 2113 3630 re-

607 3646 965 3702 st'imentorum
990 3657 1038 3701 et
1072 3646 1414 3700 immoderato
1453 3648 1799 3700 conviciorum
1837 3664 1935 3699 usu
1969 3648 2113 3701 cohi-

610 3722 743 3771 beat.

641 3736 722 3771 eat
731 3758 743 3770 .

610 3836 847 3889 Summm
875 3833 1153 3902 dignitatis
1181 3832 1317 3897 viro,
1368 3841 1528 3901 atque
1556 3832 1933 3888 ecclesiastica:
1960 3832 2117 3887 boni-

540 3925 668 3978 tatis
693 3923 837 3977 Patri
882 3923 1233 3988 Athclhardo,
1272 3924 1705 3992 archiepiscopo,
1753 3911 1938 3978 .fidelis
1977 3922 2120 3977 (ilius

541 4016 796 4069 Alcuinus
816 4024 1086 4083 perpetua:
1113 4013 1371 4066 bonitatis
1401 4014 1453 4065 in
1482 4012 1701 4066 Christo
1726 4013 1973 4067 salutem.
2073 4081 2083 4089 .

613 4106 931 4161 Dulcissima
958 4105 1238 4159 charitatis
1280 4105 1440 4159 verba
1487 4102 1625 4159 filius
1676 4115 1859 4160 noster
1887 4121 1984 4175 per
2024 4121 2120 4159 vos

545 4207 822 4253 revertens
852 4198 1055 4261 retulit,
1097 4197 1254 4251 simul
1285 4206 1339 4251 et
1367 4198 1613 4253 amabilia
1642 4199 1986 4269 benignitatis
2027 4212 2118 4251 ve-

544 4300 671 4343 stra:
699 4288 1012 4341 munuscula
1046 4289 1233 4344 habuit
1274 4288 1324 4341 in
1354 4290 1629 4349 manibus;
1660 4278 1712 4343 in
1758 4292 1952 4357 quibus
1979 4290 2121 4343 lzcta-

547 4392 665 4440 tns,
702 4389 751 4432 te
779 4379 907 4432 olim
948 4378 1250 4431 condictam
1302 4378 1464 4432 etiam
1518 4380 1707 4449 agnovi
1767 4380 1817 4433 in
1862 4381 2119 4434 memoria

547 4472 746 4524 habere
769 4470 1080 4532 amicitiam,
1106 4469 1244 4531 sicut
1271 4469 1322 4521 in
1353 4470 1467 4522 viro
1489 4469 1725 4538 perfecto
1754 4470 1950 4525 veritas
1981 4486 2122 4524 sem-

545 4577 641 4629 per
665 4562 885 4628 probata
920 4560 1183 4627 fulgescit.
1218 4560 1367 4613 L'nde
1389 4569 1491 4613 tua:
1515 4562 1963 4630 bonitati‘gratias
1987 4577 2117 4627 ago,

545 4668 609 4705 et
642 4660 752 4704 toto
783 4650 960 4703 cordis
996 4648 1264 4702 desiderio
1289 4656 1479 4716 optans
1504 4690 1517 4707 .
1561 4658 1611 4702 tc
1639 4650 1876 4719 longaeva
1903 4666 2122 4719 prospe-

618 4774 642 4799 ιι
681 4758 1016 4812 Μεσραίου..
1071 4759 1465 4830 Aetli/hamum.
1516 4759 1616 4825 Qui
1673 4775 1842 4828 nuper
1872 4760 2122 4830 fugiendo

546 4831 739 4896 impios
769 4830 1045 4881 invasorcs
1066 4830 1216 4894 regni
1256 4829 1435 4883 sedem
1472 4846 1623 4883 suam
1653 4830 1718 4883 ad
1746 4829 1952 4898 tempus
1999 4832 2122 4884 reli-

548 4907 757 4951 querat.
794 4898 923 4951 Vide
948 4897 1227 4951 epistolam
1257 4909 1588 4951 sequentem.
1776 4906 1781 4911 '

686 4914 757 4949 al.
802 4914 923 4951 une
948 4914 1227 4951 ρῐηδιοιίιηι
1257 4914 1588 4951 δεαυρηιριιι.

548 4907 757 4967 querat.
798 4906 923 4951 Vide
948 4906 1227 4965 epistolam
1257 4909 1588 4966 sequentem.
1776 4906 1781 4911 '

622 4970 649 5007 ιι
675 4967 923 5034 Epistola:
951 4964 1105 5032 hujus
1127 4978 1335 5034 partem
1365 4968 1507 5022 Guil.
1536 4969 2028 5023 Malmesburiensis
2045 4970 2121 5023 ci-

622 4984 649 5007 υ
675 4984 715 5021 ιι
757 4984 923 5021 moue
951 4984 1105 5032 mnus
1127 4984 1335 5034 partem
1365 4984 1507 5022 htttl.
1536 4984 2028 5023 ntatmestmrtensts
2045 4986 2121 5023 cn-

550 5046 648 5094 tat.
681 4984 773 5089 lib.
799 5054 813 5090 ι
841 5038 904 5089 de
925 5036 1103 5091 Gestis
1129 5045 1275 5103 pont.
1294 5036 1445 5104 Angl.
1468 5039 1519 5090 in
1532 5038 1839 5093 Ethelardo.
1856 5039 1935 5093 Cl.
1954 5039 2121 5104 Quer—

552 5116 775 5158 cetanus
806 5106 1064 5173 majorem
1105 5106 1244 5158 illius
1268 5116 1474 5173 partem
1508 5108 1645 5161 inter
1669 5109 1923 5175 epistolas
1945 5110 2121 5164 Alcui-

552 5177 604 5230 ni
634 5193 685 5229 n.
722 5175 787 5246 97
818 5177 1003 5237 edidit,
1034 5177 1124 5229 sed
1152 5177 1301 5229 initio
1331 5185 1656 5239 truncatam,
1690 5187 1741 5230 et
1783 5180 1959 5240 alteri,
2004 5196 2122 5246 qua:

550 5255 633 5300 est
655 5246 720 5298 ad
751 5244 999 5299 Carolum
1031 5246 1298 5313 Magnum,
1335 5260 1593 5302 assutam.
1626 5249 1891 5315 lntegram
1916 5262 1981 5299 ev
2019 5244 2118 5301 ius.

551 5317 619 5367 cl.
660 5315 844 5369 Usser.
880 5315 1025 5367 dedit
1072 5316 1235 5369 David
1269 5315 1515 5377 Wilkins,
1546 5328 1675 5371 tom.
1702 5318 1719 5370 Ι
1745 5318 1948 5371 Concil.
2004 5318 2121 5370 Bri-

554 5386 748 5437 tanniae
774 5395 828 5437 et
855 5384 1145 5455 Hiberniae,
1188 5402 1306 5455 pag.
1339 5386 1454 5449 159,
1481 5389 1729 5455 illamque
1751 5388 2123 5441 ascribitanno

551 5458 591 5527 2
614 5456 807 5509 Leonis
835 5469 983 5527 papa;
1021 5452 1350 5527 l_||_.__quinto
1410 5452 1685 5512 Athelardi
1734 5458 2119 5527 archiepiscopi

556 5525 834 5593 (lantuam
857 5522 1055 5578 Christi
1079 5522 1199 5575 797.
1234 5525 1407 5591 (Apud
1433 5527 1663 5581 Froben.
1692 5529 1805 5593 60.)

627 5604 645 5627 τ
661 5592 879 5660 Propter
900 5594 1083 5661 impios
1102 5594 1360 5647 ineasores
1379 5599 1537 5661 regni.
1558 5598 1598 5650 ll
1607 5599 1689 5649 inc
1704 5592 1914 5649 constat
1930 5596 2125 5651 A‘Ithcl-

554 5663 799 5719 bardum.
830 5679 933 5714 non
964 5664 1182 5716 attentis
1210 5664 1476 5732 prioribus
1499 5667 1706 5719 Alcuini
1726 5667 1990 5719 litterisex
2006 5683 2125 5721 con-

555 5734 673 5787 silto
706 5748 920 5787 suorum
946 5734 1281 5790 sacerdotum
1308 5751 1336 5789 a
1362 5751 1454 5790 sua
1491 5737 1613 5790 sedc
1638 5737 1701 5790 ad
1734 5744 1938 5804 tempus
1962 5738 2122 5790 abiis-

1359 316 1417 370 Β.
1461 317 1525 381 1³,
1560 314 1780 369 ΑΙΒΙΝΙ
1821 311 1949 365 εει
1994 305 2262 363 ALCL'INl
2309 305 2588 362 OPERUM
2628 303 2805 360 PARS
2846 303 2886 357 1.

518 435 671 489 vobis
699 432 868 503 ipsius
907 431 1166 485 Veritatis
1212 429 1559 489 sententiam,
1589 440 1749 495 quam
1797 424 1849 477 in
1879 437 1941 475 ea
1998 419 2100 474 Ec-
2126 420 2175 478 Δ
2206 416 2364 469 ritate
2391 414 2585 485 popqu
2610 430 2845 484 pneesse
2867 412 3095 468 Clll'lslia

2154 4444 2201 4498 Ι)

3675 298 3779 356 ass

3228 421 3281 465 et
3310 420 3555 467 sanctam
3601 410 3780 467 sedem

2200 506 2375 577 dignis
2396 504 2632 560 exaltare
2658 503 2984 568 bonOribus;
3027 520 3190 573 quam
3234 503 3300 557 ad
3338 512 3573 573 tempus,
3604 513 3627 541 ε
3652 517 3780 575 pro-

2199 606 2322 665 pter
2345 596 2537 665 impios
2568 595 2843 648 invasores
2872 592 3053 663 regni,
3106 592 3439 662 dereliquisti
3489 595 3783 649 secundum

2202 686 2425 742 consilia
2448 685 2788 740 sacerdotum
2808 683 3033 747 Christi,
3063 692 3123 737 ut
3150 680 3410 753 praefatus
3428 682 3561 737 mihi
3589 680 3786 739 refere-

2202 780 2293 833 bat
2306 794 2461 849 puer.
2482 778 2559 831 De
2577 793 2681 847 qua
2704 792 2786 842 rc,
2802 777 2931 846 quid
2958 776 3235 841 sentirem,
3260 783 3349 829 tua
3370 790 3459 830 me
3479 777 3784 831 veneranda

2198 885 2297 939 per
2318 869 2467 925 illum
2501 869 2796 923 auctoritas
2828 869 3165 939 interrogare
3191 878 3368 923 ratum
3391 869 3619 938 putavit.
3647 866 3783 934 Quid

2202 979 2320 1017 mea
2374 964 2614 1031 parvitas
2669 962 2814 1017 aliud
2865 963 3028 1016 habet
3075 962 3285 1026 dicere,
3342 962 3447 1016 nisi
3478 971 3785 1017 sanctorum

2202 1050 2403 1106 Christi
2427 1053 2764 1107 sacerdotum
2785 1052 3049 1106 assentire
3083 1051 3351 1105 consilio?
3386 1052 3433 1105 si
3460 1060 3642 1105 tamen
3675 1062 3789 1105 tan-

2205 1152 2317 1197 tum
2355 1144 2556 1198 habent
2579 1145 2959 1227 auctoritatem
2980 1143 3125 1197 illius
3152 1144 3532 1213 suggestionis,
3566 1154 3626 1197 ut
3668 1144 3789 1214 lupo
3882 1160 3895 1173 ι

2204 1234 2449 1288 veniente
2484 1243 2670 1302 pastor
2698 1232 2887 1305 fugere
2910 1233 3123 1298 debeat,
3144 1242 3344 1302 quanta
3368 1243 3453 1290 est
3480 1234 3787 1306 evangelica

2204 1324 2521 1379 excellentia
2551 1366 2565 1389 ,
2626 1340 2746 1394 quae
2792 1325 2904 1395 80
2957 1326 3347 1380 mercenarium
3378 1326 3652 1389 nominat,
3683 1341 3788 1380 non

2205 1422 2498 1483 pistorem,
2519 1414 2612 1482 qui
2641 1414 2748 1483 lupi
2779 1415 2985 1468 rabiem
3018 1415 3241 1468 timidus
3266 1413 3473 1486 aufugit
3522 1415 3703 1486 (Joan.
3734 1432 3787 1479 ι,

2210 1501 2277 1554 l2
2299 1543 2314 1565 ,
2341 1501 2451 1573 15).
2481 1501 2644 1557 Forte
2670 1502 2967 1571 objiciunt,
3005 1504 3247 1558 Veritate
3292 1505 3504 1559 dicente
3534 1524 3546 1557 :
3579 1504 3641 1560 Si
3679 1523 3790 1575 per-

2208 1592 2370 1644 secuti
2410 1608 2493 1645 ros
2549 1592 2741 1660 fuerint
2776 1593 2831 1645 in
2871 1593 2967 1646 hac
3018 1594 3260 1658 civitate,
3315 1593 3477 1664 fugite
3524 1595 3579 1647 in
3628 1593 3789 1647 aliam

2211 1682 2426 1752 (Matth.
2463 1700 2517 1748 κ,
2542 1684 2654 1755 23).
2716 1684 3137 1739 Discernendum
3168 1694 3347 1738 tamen
3408 1692 3490 1737 est
3539 1683 3609 1736 de
3636 1682 3790 1752 cujus

2141 1756 2183 1817 Β
2212 1775 2466 1843 temporis
2496 1773 2615 1844 fuga
2634 1815 2650 1839 ,
2701 1773 2785 1828 vel
2831 1774 2898 1828 de
2922 1790 3028 1842 qua
3056 1773 3429 1844 persecutione
3458 1773 3561 1827 hoc
3590 1772 3790 1827 dictum

2207 1870 2290 1916 est
2313 1904 2328 1927 ,
2376 1871 2433 1917 et
2470 1862 2497 1902 ἀ
2527 1863 2593 1917 de
2626 1864 2822 1932 quibus
2848 1863 3044 1917 iterum
3074 1864 3188 1932 ipsa
3228 1862 3440 1917 Veritas
3464 1862 3609 1916 dicat
3640 1880 3653 1912 :
3688 1860 3793 1915 Bo-

2211 1966 2307 2003 nus
2326 1959 2507 2019 pastor
2524 1952 2754 2004 animam
2780 1967 2929 2005 suam
2951 1951 3097 2021 ponit
3118 1967 3213 2021 pro
3234 1951 3413 2004 ovibus
3440 1952 3573 2016 suis,
3598 1966 3792 2004 merce-

2211 2041 2391 2093 narius
2419 2050 2590 2093 autem
2618 2039 2749 2109 fugit
2779 2040 2961 2108 (Joan.
3004 2056 3066 2103 ι,
3102 2039 3189 2104 il,
3218 2040 3329 2110 12).
3388 2038 3543 2106 Quod
3589 2040 3793 2108 optime

2212 2126 2265 2180 in
2306 2127 2539 2181 bomiliis
2578 2128 2721 2182 beati
2767 2127 3011 2198 Gregorii
3055 2143 3208 2200 papae
3232 2167 3248 2192 ,
3287 2129 3658 2196 prmdicatoris
3692 2144 3793 2183 no-

2211 2218 2333 2282 stri,
2383 2234 2479 2289 per
2506 2228 2559 2273 te
2589 2219 2769 2289 legens
2813 2220 3112 2290 intelligere
3161 2221 3383 2290 poteris.
3419 2221 3499 2274 Tu
3546 2223 3642 2276 tibi
3692 2224 3791 2292 ipsi

2212 2309 2461 2362 conscius
2481 2324 2559 2372 es,
2591 2325 2690 2378 pro
2714 2325 2820 2379 qua
2860 2325 3023 2387 causa
3080 2310 3362 2379 reliqueris
3389 2312 3569 2365 sedem
3603 2322 3749 2365 tuam
3776 2328 3791 2375 ;

2212 2400 2255 2453 si
2284 2400 2475 2454 timore
2516 2399 2707 2453 mortis
2736 2408 3253 2466 aut.tormentorum
3282 2401 3617 2456 immanitate
3642 2442 3657 2465 ,
3699 2410 3794 2455 aut

2213 2489 2533 2544 idololatria:
2582 2489 2954 2545 exsecratione
2990 2508 3002 2520 ο
3068 2491 3209 2546 sicut
3262 2492 3389 2546 olim
3424 2493 3795 2545 sanctissimus

2197 2583 2453 2653 ejusdem
2485 2585 2628 2639 sedis
2652 2584 2893 2654 pontifex
2921 2586 3243 2640 Laurentius
3267 2584 3402 2640 velle
3437 2585 3661 2655 legitur;
3703 2586 3792 2652 qui

2212 2684 2394 2730 tamen
2422 2675 2718 2744 apostolica
2744 2677 3068 2730 auctoritate
3115 2675 3429 2744 castigatus,
3474 2676 3542 2730 ab
3584 2675 3795 2744 incepto

2214 2766 2438 2834 resipuit
2476 2765 2607 2838 [At.,
2634 2764 2925 2836 resipiscit]
2955 2764 3196 2820 consilio.
3244 2764 3443 2820 Tamen
3465 2780 3795 2834 quacunque

2214 2870 2374 2908 causa
2397 2853 2579 2919 fuerit,
2616 2855 2816 2909 bonum
2846 2856 3079 2917 videtur,
3110 2854 3394 2909 charitatis
3436 2870 3571 2909 mea:
3615 2856 3790 2909 consi-

2214 2946 2507 3007 deratione,
2539 2953 2599 2999 ut
2619 2946 2933 3014 ptenitentia
2961 2946 3083 3000 inde
3110 2954 3321 3015 agatur.
3355 2944 3530 3010 Quod,
3564 2954 3623 2998 ut
3652 2946 3793 2998 vide-

2215 3048 2321 3100 tur,
2354 3038 2578 3092 honeste
2607 3036 2723 3091 ﬁeri
2770 3037 2998 3105 poterit,
3035 3038 3082 3090 si
3129 3036 3398 3089 communi
3428 3036 3592 3089 totius
3624 3036 3796 3105 gentis

2215 3146 2483 3185 consensu
2502 3128 3069 3199 jejuniumdndicatur
3093 3131 3171 3201 (tu
3194 3139 3415 3201 propter
3445 3120 3685 3185 reliciam
3713 3148 3796 3185 se—

2217 3222 2359 3283 dem,
2391 3221 2465 3275 illi
2508 3230 2729 3291 propter
2748 3231 3027 3291 acceptum
3060 3222 3335 3293 errorem)
3377 3202 3618 3277 ut'Deus
3645 3224 3795 3277 vobis

2213 3314 2466 3369 omnibus
2511 3314 2849 3384 propitietur.
2904 3314 3189 3369 Orationes
3212 3330 3456 3384 quoque,
3487 3323 3541 3368 et
3565 3314 3795 3369 eleemo-

2213 3418 2360 3472 syuze
2389 3414 2443 3457 et
2470 3404 2756 3457 missarum
2806 3404 3065 3458 solemnia
3096 3405 3226 3459 fiant
3246 3404 3530 3474 diligenter
3572 3405 3789 3475 ubique.

2216 3500 2275 3543 ut
2315 3489 2455 3544 Deus
2490 3489 2665 3544 deleat
2720 3491 2978 3559 quidquid
3015 3492 3137 3547 inde
3186 3509 3217 3546 a
3264 3493 3504 3563 quolibet
3551 3505 3790 3548 vestrum

2216 3588 2395 3633 actum
2424 3587 2526 3634 est.
2566 3579 2676 3633 Tua
2705 3595 2917 3649 quoque
2955 3583 3259 3635 veneranda
3300 3582 3563 3650 sapientia
3590 3583 3797 3650 specia-

2217 3668 2339 3722 liter
2358 3669 2587 3723 deducat
2616 3669 2669 3722 in
2694 3669 2911 3723 domum
2937 3670 3030 3724 Dei
3055 3671 3301 3724 lectionis
3324 3672 3579 3735 studium,
3604 3682 3663 3727 ut
3690 3674 3796 3727 sint

2216 3761 2291 3813 ibi
2321 3759 2561 3827 legentes
2586 3760 2812 3829 juvenes
2833 3769 2887 3814 et
2912 3761 3111 3815 chorus
3131 3762 3436 3816 canentium
3459 3772 3513 3817 et
3538 3762 3794 3817 librorum

2218 3848 2553 3912 exercitatio,
2596 3858 2655 3902 ut
2678 3864 2775 3918 per
2796 3860 2943 3903 tuam
2969 3850 3299 3920 diligentiam
3327 3862 3616 3907 renovetur
3655 3852 3794 3905 illius

2219 3947 2415 3993 sancta:
2444 3938 2697 3993 Ecclesiae
2723 3940 2973 4009 dignitas,
3005 3950 3064 3994 ut
3095 3942 3328 3996 habeant
3349 3943 3491 3996 unde
3512 3943 3565 3995 in
3600 3942 3793 4009 seipsis

2218 4030 2425 4101 possint
2454 4030 2652 4097 eligere
2684 4030 2784 4085 sibi
2809 4031 3137 4100 pontificem.
3171 4032 3343 4086 Simul
3386 4042 3441 4085 et
3485 4032 3793 4101 praedicatio

2219 4131 2309 4175 tua
2336 4123 2387 4176 in
2412 4122 2660 4177 omnibus
2684 4123 2814 4178 locis
2838 4104 2960 4189 ﬁat,
2982 4128 3096 4180 sive
3134 4142 3232 4193 pro
3248 4127 3512 4194 episcopis
3544 4126 3793 4179 omnibus

2220 4212 2273 4263 in
2304 4212 2571 4264 communi
2600 4213 2819 4281 synodo,
2851 4214 2916 4267 de
2936 4216 3097 4283 justis
3126 4216 3553 4271 ordinationibus
3580 4226 3633 4271 et
3661 4232 3795 4285 pra:-

2222 4298 2505 4352 dicationis
2534 4298 2808 4366 instantia,
2832 4310 2885 4354 et
2906 4302 3097 4358 ofﬁciis
3129 4304 3514 4359 ecclesiasticis
3535 4346 3550 4370 ,
3592 4316 3647 4360 et
3702 4308 3793 4361 ba-

2225 4389 2407 4456 ptismi
2439 4390 2745 4455 sanctitate,
2776 4402 2828 4446 et
2858 4394 3320 4464 eleemosynarum
3343 4396 3622 4462 largitione
3647 4416 3658 4449 :
3683 4398 3795 4452 sive

2224 4493 2321 4546 pro
2347 4494 2639 4549 pauperum
2668 4498 2795 4535 cura
2818 4499 2915 4551 per
2942 4485 3181 4555 singulas
3223 4486 3477 4539 ocelesias
3498 4496 3657 4555 atque
3704 4504 3796 4556 pa-

2226 4568 2473 4631 rochias,
2518 4571 2747 4624 maxime
2782 4572 2834 4625 in
2871 4574 3171 4627 veneranda
3226 4583 3382 4642 gente
3436 4576 3521 4629 cui
3570 4586 3619 4630 te
3654 4576 3793 4632 Deus

2222 4669 2492 4726 pastorem
2520 4675 2747 4727 praeesse
2773 4662 2958 4715 voluit.
2993 4662 3144 4733 Smpe
3176 4666 3328 4720 miles
3348 4668 3655 4722 vulneratus
3685 4652 3793 4723 for-

2223 4784 2299 4821 se.
2331 4768 2475 4821 lnter
2500 4772 2598 4824 hos
2625 4771 2910 4842 invasores
2954 4775 3254 4842 praecipuus
3290 4775 3424 4829 forte
3458 4776 3793 4832 Aedilbertus

2223 4840 2773 4913 (togttontAentoAPt'ert,
2805 4844 2896 4911 qui
2943 4840 2996 4896 in
3028 4840 3351 4913 iCaittiorum
3402 4863 3565 4913 regno
3612 4846 3792 4899 Alrico

2222 4911 2501 4972 successit,
2532 4910 2606 4962 re!
2636 4910 2833 4979 po:ius,
2860 4921 2916 4984 ut
2948 4912 3199 4984 Alfordns
3248 4917 3344 4978 ait,
3385 4910 3578 4984 regiam
3620 4915 3791 4984 digni-

2223 4988 2379 5049 tatern
2424 4989 2545 5049 tunc
2590 4983 3015 5049 prtrsumpsit;is
3059 4981 3300 5038 fortassis
3345 4981 3789 5047 Aet'helhardum,

2222 5048 2312 5114 qui
2338 5047 2561 5121 Kenulfo
2592 5047 2911 5121 Merciorum
2955 5052 3064 5121 regi
3089 5055 3407 5114 adbteserat,
3432 5053 3658 5107 durante
3698 5072 3791 5108 sua

2222 5118 2569 5183 usurpatione
2600 5118 2735 5170 ultra
2766 5121 2979 5173 modum
3015 5118 3264 5175 vexatum
3289 5123 3413 5175 sede
3460 5138 3552 5175 sua
3603 5126 3793 5178 cedere

2222 5186 2506 5251 compulit;
2529 5202 2687 5257 quem
2716 5198 2898 5257 postea
2929 5192 3068 5245 idem
3110 5190 3367 5244 Kenulfus
3400 5208 3540 5247 anno
3588 5210 3663 5247 sc.
3690 5193 3793 5247 798

2223 5264 2525 5332 exppgnato
2561 5255 2767 5332 Cautio,
2794 5275 2960 5326 regno
2990 5263 3206 5332 amovit.
3241 5262 3301 5332 Yi
3326 5262 3360 5332 Ιἶ
3382 5262 3537 5329 epist.
3562 5264 3791 5332 priorem

2223 5325 2290 5402 ad
2314 5323 2471 5402 Cent.
2496 5333 2551 5402 et
2571 5341 2699 5402 pop.
2725 5323 3153 5402 Cantuariorum.
3196 5331 3299 5402 158.
3332 5323 3689 5402 Corrigendus
3711 5330 3797 5383 Al-

2226 5392 2425 5465 fordus,
2452 5396 2539 5461 qui
2570 5392 2706 5450 hanc
2728 5397 3007 5465 epistolam
3048 5414 3187 5451 anno
3211 5399 3311 5452 790
3338 5404 3401 5453 ad
3448 5392 3791 5455 Lambertum

2224 5464 2685 5599 fregiegiscopum
2742 5464 3201 5522 Dorovernensem
3245 5472 3423 5523 datam
3470 5470 3795 5526 existimavit

2253 5550 2302 5582 η.
2373 5564 2396 5571 -
2473 5574 2484 5585 .

2227 5534 2588 5679 ("Exigue
2610 5612 2928 5679 sequuntnr,
2960 5606 3012 5679 in
3048 5608 3174 5679 edit.
3225 5608 3622 5679 Quercetspag.
3663 5606 3795 5663 1623

2230 5685 2408 5748 assuta
2443 5673 2653 5727 fuerant
2671 5674 2907 5748 epistola!
2935 5676 3002 5727 ad
3032 5673 3340 5739 Qnrmdam.
3385 5673 3673 5748 Ncmpc'ad
3696 5679 3795 5734 Ca-

2234 5744 2421 5803 rolnm,
2453 5758 2567 5813 qu:c
2600 5751 2677 5797 cst
2706 5743 2770 5796 Η
2798 5746 2958 5815 (nunc
2994 5748 3095 5812 Π).
3418 5750 3423 5751 ⁷
