4238 6194
396 283 501 338 253

1808 284 2162 342 εμιετοιμε
2171 326 2185 341 .

3510 290 3617 345 254

396 392 498 447 tius
525 401 748 462 pugnat,
795 393 935 447 sicut
958 393 1056 448 bos
1093 393 1264 450 lassus
1308 392 1499 448 fortius
1527 392 1638 462 ﬁgit
1673 394 1941 462 ungulam.
1972 401 2020 453 Α
2049 396 2171 460 tuit,
2206 397 2397 452 melius
2424 406 2508 452 est
2544 413 2615 451 ea
2641 398 2823 454 facere
2858 401 2964 469 ει
3014 412 3137 471 quae
3178 401 3375 455 suadeo
3401 416 3430 466 ,τ
3453 415 3617 470 quam

392 485 544 541 Sicut
569 484 811 540 diabolus
838 485 1045 558 laetatus
1068 494 1151 541 est
1197 487 1261 540 de
1308 483 1450 551 fuga,
1496 482 1581 538 fac
1622 492 1691 537 ut.
1722 484 1950 552 gaudeat

330 630 335 633 _
388 576 634 632 Christus
656 577 723 632 de
766 576 1041 646 multiplici
1090 578 1388 631 animarum
1422 591 1453 628 a
1489 584 1539 629 te
1576 573 1854 645 profectu;
1894 581 1950 628 et

386 676 479 721 tua
524 680 734 721 merces
757 665 932 735 major
976 674 1204 730 crescat,
1252 664 1466 720 dicente
1512 665 1626 734 ipsa
1668 666 1944 720 Veritate:

387 753 567 824 Hujus
590 750 837 825 gaudium
876 764 949 808 est
975 755 1030 807 in
1059 753 1195 808 caelis
1230 769 1407 806 coram
1436 752 1631 823 angelis
1661 754 1757 807 Dei
1796 771 1950 823 super

382 860 488 897 uno
507 853 773 913 peccatore
796 844 1142 912 paenitentiam
1172 851 1381 911 agente,
1398 859 1571 913 gguam
1598 860 1752 912 super
1778 860 1948 915 nona—

381 936 525 1003 ginta
550 950 728 987 novent
753 935 842 1003 qui
872 950 973 987 non
992 934 1220 1002 indigent
1243 935 1539 1005 ponitentia
1563 934 1712 1004 (Luc.
1748 950 1833 995 xv,
1866 934 1941 1003 7).

382 1022 508 1080 Haec
554 1025 732 1081 omnia
767 1025 987 1078 omnino
1013 1023 1419 1092 diligentissime
1457 1025 1803 1091 considerans
1828 1065 1843 1087 ,
1891 1025 1944 1077 in

379 1114 577 1170 Christi
606 1117 869 1170 charitate
899 1130 1112 1184 semper
1148 1114 1436 1183 proﬁcias;
1476 1132 1666 1170 amans
1693 1115 1840 1192 illum
1877 1132 1944 1170 ex

380 1216 494 1262 toto
549 1209 749 1272 corde,
820 1217 929 1262 tota
968 1210 1181 1271 ,virtute
1233 1220 1286 1264 et
1324 1218 1435 1265 tota
1494 1218 1702 1273 mente,
1754 1210 1844 1277 qui
1892 1218 1943 1263 te

379 1297 630 1352 exaltavit
652 1339 667 1363 ,
708 1296 1077 1353 hon‘oi‘iﬁcavit
1110 1296 1165 1354 et
1198 1300 1533 1355 conservavit
1551 1300 1605 1352 in
1628 1298 1768 1352 diem
1802 1298 1944 1352 salu—

380 1388 450 1442 tis
473 1396 597 1443 tuae.

449 1477 808 1533 Vanissimum
837 1493 966 1533 vero
985 1479 1423 1533 vestimentorum
1451 1477 1676 1541 cultum,
1722 1484 1777 1530 et
1816 1490 1942 1530 con-

380 1566 640 1621 viviorum
672 1566 1078 1621 immoderatum
1100 1583 1254 1622 usum
1290 1568 1536 1629 omnino,
1565 1575 1819 1636 quantum
1852 1580 1944 1619 va-

377 1656 505 1721 leas,
534 1656 799 1726 expellere
820 1672 849 1709 a
873 1663 925 1708 te
949 1657 1162 1725 tuisque
1190 1657 1687 1721 consacerdotibus,
1716 1657 1801 1711 vel
1828 1670 1939 1709 ma—

378 1746 460 1814 gis
493 1720 640 1799 omni
681 1746 825 1800 clero
858 1753 917 1799 et
964 1720 1340 1800 ecclesiastica:
1382 1720 1939 1814 dignitatisgradibus
1969 1720 2016 1778 Β

379 1834 783 1905 diligentissime
806 1834 1038 1889 studeas.
1066 1833 1262 1889 Beatus
1289 1836 1506 1897 Petrus,
1536 1835 1784 1903 princeps
1814 1849 1941 1904 apo-

376 1925 653 1988 stolorum,
682 1925 875 1977 trinam
903 1925 1200 1992 negationis
1222 1925 1485 1979 maculam
1507 1924 1687 1996 (Joan.
1713 1941 1823 1988 ut,
1853 1924 1939 1996 l5)

376 2016 567 2087 triplici
588 2016 937 2087 confessionis
950 2016 1176 2069 veritate
1190 2016 1386 2080 abluit;
1411 2026 1465 2069 tu
1484 2016 1662 2086 fugam
1685 2016 1941 2084 simplicis

374 2106 575 2163 erroris
620 2105 898 2174 multiplici
954 2105 1350 2175 praedicationis
1376 2096 1521 2159 bono
1563 2106 1738 2159 ablue.
1773 2106 1839 2159 Et
1882 2114 1944 2159 ut

374 2197 606 2253 maxime
652 2204 957 2251 sanctarum
985 2195 1383 2265 Scripturarum
1436 2196 1595 2250 lectio
1646 2210 1742 2264 per
1793 2203 1939 2249 tuam

374 2286 766 2341 sanctissimam
809 2301 997 2339 curam
1028 2296 1349 2351 renovetur,
1396 2295 1452 2340 et
1471 2287 1834 2341 ecclesiastica
1861 2286 1943 2340 di-

379 2378 556 2449 gnitas
588 2377 785 2446 ubique
818 2377 1103 2442 exaltetur,
1125 2388 1180 2431 et
1208 2385 1394 2432 sancta
1424 2378 1593 2437 sedes,
1625 2392 1743 2445 qua:
1768 2377 1941 2445 prima

375 2466 475 2521 fuit
503 2466 555 2521 in
581 2466 702 2531 ﬁde,
730 2468 899 2536 prima
928 2467 999 2520 sit
1024 2467 1078 2521 in
1099 2467 1244 2520 omni
1266 2468 1549 2535 sapientia,
1570 2467 1940 2531 etsanctitate,

373 2566 429 2613 et
448 2559 681 2622 honore;
714 2567 773 2612 ut
798 2558 873 2613 ibi
902 2558 1238 2627 interrogans
1256 2557 1507 2619 inveniat,
1540 2558 1795 2626 ignorans
1834 2556 1943 2610 dis-

373 2656 462 2702 cat
483 2647 625 2717 quod
671 2649 865 2717 cupiat,
924 2648 1103 2702 sciens
1147 2646 1325 2700 videat
1352 2644 1495 2715 quod
1544 2644 1741 2699 laudet.
1787 2644 1855 2698 Et
1881 2652 1942 2698 ut

372 2736 625 2791 Ecclesiae
655 2739 851 2801 unitas,
884 2753 1003 2806 quae
1038 2737 1234 2806 partim
1270 2736 1491 2791 discissa
1516 2743 1599 2789 est
1618 2752 1621 2753 '
1642 2749 1749 2788 non
1777 2734 1942 2787 ratio-

373 2826 552 2889 nabili,
585 2836 645 2881 ut
665 2826 897 2891 videtur,
924 2827 1375 2888 consideratione,
1408 2824 1502 2879 sed
1529 2826 1759 2895 quadam
1791 2832 1943 2893 pote-

370 2917 526 2970 statis
546 2914 867 2988 [Malmesb.,
888 2913 1125 2985 pietatis]
1149 2915 1460 2983 cupiditate,
1487 2926 1515 2953 ι
1540 2916 1586 2967 si
1611 2913 1726 2967 ﬁeri
1747 2913 1936 2981 possit,

370 3004 593 3075 paciﬁce
622 3003 904 3066 adunetur,
931 3012 984 3057 et
1017 3002 1204 3057 scissio
1233 3002 1583 3064 resarciatur,
1614 3002 1811 3055 bonum
1856 3002 1935 3054 vi-

371 3097 526 3151 detur
547 3110 665 3150 esse
689 3110 811 3149 cum
840 3094 1063 3149 consilio
1087 3094 1325 3148 omnium
1363 3092 1700 3147 sacerdotum
1731 3090 1936 3145 Christi

368 3194 422 3241 et
449 3186 745 3255 coepiscopi
770 3183 1032 3257 [Usserius
1058 3183 1200 3254 legit,
1230 3181 1582 3255 coepiscopis]
1630 3183 1936 3238 Eboracen-

368 3280 444 3335 sis
488 3266 740 3333 Ecclesia:
767 3277 1097 3341 deliberare;
1156 3277 1231 3329 ita
1259 3283 1459 3339 tamen,
1490 3284 1550 3328 ut
1579 3276 1609 3314 δ
1635 3282 1789 3344 pater
1812 3275 1935 3344 pius

368 3371 530 3441 pallio
557 3369 746 3423 diebus
773 3369 887 3421 suis
935 3382 1043 3421 non
1091 3375 1340 3430 eruatur,
1375 3366 1500 3421 licet
1527 3367 1792 3421 ordinatio
1824 3367 1937 3434 epi-

340 3474 654 3535 scoporum
686 3458 752 3512 ad
779 3466 1015 3512 sanctam
1063 3465 1118 3511 et
1160 3458 1389 3527 primam
1436 3457 1615 3511 sedem
1669 3466 1933 3511 recurrat.

377 3549 502 3607 Haec
528 3550 707 3605 omnia
735 3558 825 3602 tua
846 3548 1181 3603 sanctissima
1209 3546 1471 3616 sapientia
1507 3547 1844 3609 consideret,
1876 3556 1936 3601 ut

376 3641 653 3698 claritatis
677 3640 961 3696 concordia
990 3640 1082 3694 ﬁat
1102 3640 1241 3694 inter
1264 3638 1467 3709 primos
1487 3646 1731 3709 pastores
1766 3637 1936 3693 eccleé

374 3731 576 3785 siarum
596 3728 817 3783 Christi.

438 3820 495 3874 Si
517 3821 648 3890 quid
666 3835 792 3890 ergo
819 3819 1081 3888 superﬂue
1110 3822 1165 3873 in
1194 3821 1281 3873 his
1308 3820 1443 3874 meis
1485 3819 1733 3874 litterulis
1755 3819 1932 3875 dicta-

368 3911 533 3965 verim
557 3951 573 3975 ,
612 3918 705 3964 tua
745 3919 928 3964 sancta
959 3910 1214 3979 patientia
1239 3911 1487 3977 benigne,
1514 3911 1740 3964 obsecro
1760 3950 1774 3971 ,
1812 3925 1934 3963 sus-

365 4001 567 4071 cipiat,
604 4016 704 4056 nec
743 4001 874 4056 mihi
905 4002 1159 4056 scribenti
1192 4002 1415 4071 imputet
1438 4042 1451 4064 ,
1478 4000 1573 4054 sed
1604 4000 1699 4054 tibi
1722 4001 1929 4070 iubenti

367 4092 622 4162 injungat.
647 4092 754 4147 Nec
774 4108 874 4165 ego
890 4102 1314 4163 pmsumptuosa
1342 4093 1647 4148 temeritate
1689 4092 1804 4162 egi,
1836 4092 1930 4146 sed

368 4183 553 4236 humili
580 4184 915 4247 obedientia;
967 4183 1345 4249 considerans,
1383 4184 1512 4254 quid
1545 4183 1726 4237 multis
1768 4183 1931 4251 proh-

364 4288 484 4327 cere
530 4274 810 4342 potuisset,
860 4276 973 4327 sive
1020 4275 1174 4343 culpa
1210 4286 1379 4337 esset.
1424 4277 1537 4330 sive
1565 4292 1673 4331 non
1697 4285 1839 4330 esset
1874 4276 1928 4329 in

1965 3052 2009 3113 C

2050 488 2319 542 omittere.
2354 488 2585 544 Omnino
2625 488 2917 544 all'ectuosa
2944 491 3209 545 charitate
3239 491 3527 554 admoneo,
3556 500 3617 547 ut

2050 567 2315 631 instanter
2355 578 2614 647 prmdices
2662 580 2883 633 verbum
2931 580 3056 645 Dei;
3106 580 3208 635 hoc
3250 588 3331 635 est
3382 578 3613 633 ofﬁcium

2050 674 2201 719 tuum
2220 705 2234 729 ,
2264 666 2381 719 hate
2401 681 2609 721 merces
2628 675 2743 730 tua,
2766 667 2824 720 hi
2850 665 3058 722 fructus
3076 668 3275 736 operis,
3298 667 3412 721 hate
3438 681 3617 722 sacer-

2049 754 2193 808 dotis
2218 754 2481 823 dignitas,
2510 754 2626 808 laus
2669 763 2725 808 et
2752 756 2954 819 honor;
3016 765 3278 823 quatenus
3337 755 3615 824 multiplici

2046 843 2246 897 laboris
2272 842 2451 897 fructu
2473 844 2525 896 in
2554 853 2841 912 conspectu
2874 844 3083 915 Domini
3109 843 3203 898 Dei
3230 844 3323 898 sui
3341 853 3613 913 appareat,

2045 940 2100 984 et
2134 932 2325 999 dignus
2372 931 2633 985 eliiciatur
2690 931 3097 1003 desiderabilem
3146 932 3332 985 audire
3389 947 3611 987 vocem:

2046 1020 2223 1091 Euge,
2246 1037 2385 1074 serve
2422 1021 2551 1074 bone
2586 1032 2631 1073 et
2661 1020 2830 1090 fidelis
2851 1061 2865 1085 ,
2900 1022 3028 1090 quia
3078 1038 3239 1091 super
3264 1038 3431 1091 pauca
3469 1022 3617 1089 fuisti

2042 1109 2211 1178 ﬁdelis
2229 1150 2244 1171 ,
2276 1126 2431 1178 super
2450 1109 2613 1162 multa
2641 1120 2691 1162 te
2716 1111 3029 1162 constituam
3054 1126 3071 1173 ;
3118 1110 3256 1162 intra
3285 1109 3341 1161 in
3367 1108 3615 1183 gaudium

2044 1199 2256 1253 Domini
2289 1200 2398 1268 .Dei
2425 1201 2501 1252 tui
2542 1199 2755 1269 (Matth.
2782 1203 2907 1253 Xxv
2927 1239 2941 1263 ,
2990 1199 3078 1265 21,
3108 1199 3220 1271 εδ).
3268 1198 3616 1267 Omnipotens

2043 1289 2185 1343 Deus
2211 1291 2585 1357 paternitatem
2636 1299 2870 1343 vestram
2916 1290 2982 1343 ad
3009 1289 3385 1348 exaltationem
3415 1297 3614 1342 sancta:

2045 1391 2153 1430 sua:
2187 1377 2439 1431 Ecclesiae
2484 1378 2538 1430 in
2575 1378 2722 1431 omni
2765 1392 2928 1445 opere
2965 1375 3205 1445 perfecto
3250 1375 3615 1444 multipliciter

2037 1464 2232 1523 ﬂorere
2254 1466 2439 1532 faciat,
2470 1468 2812 1521 sanctissime
2840 1466 3000 1521 Pater
3024 1468 3036 1520 !

2498 1588 2518 1615 ε
2545 1575 2874 1630 EPISTOLA
2916 1575 3149 1631 LXXVI.

2569 1663 2635 1699 AD
2662 1662 2876 1701 DOXINUI
2905 1660 3079 1701 BEGBI
3091 1685 3104 1697 .

2359 1738 2534 1809 (Anno
2558 1737 2682 1801 797,
2728 1752 2913 1791 mense
2958 1735 3290 1802 Novembri.)

2463 1829 2540 1883 De
2561 1830 2759 1882 ratione
2777 1828 2942 1882 saltus
2963 1826 3187 1882 lunaris.

2111 1926 2337 1981 Domino
2362 1904 2860 1979 desiderantissimo
2885 1932 2938 1976 et
2966 1922 3112 1976 omni
3135 1920 3411 1991 sapientia:
3422 1921 3617 1974 decore

2041 2016 2340 2069 clarissimo
2368 2014 2536 2067 David
2565 2014 2677 2082 regi
2706 2013 2934 2067 Flaccus
2960 2012 3189 2065 Albinus
3214 2020 3482 2081 perpetua:
3518 2026 3614 2080 pa-

2041 2106 2120 2160 cis
2149 2113 2204 2158 et
2230 2104 2411 2174 gloriae
2440 2092 2700 2158 salutem:

2112 2195 2298 2249 Solent
2335 2196 2517 2264 itaque
2562 2194 2627 2249 de
2676 2193 2823 2249 fonte
2876 2178 3157 2247 cbaritatis
3212 2192 3409 2261 stepius
3450 2192 3611 2247 verba

2041 2285 2207 2341 fluere
2233 2274 2602 2350 salutationis;
2636 2284 2722 2338 vel
2752 2285 2797 2338 si
2833 2284 3199 2354 longinquitas
3225 2292 3490 2337 terrarum
3519 2298 3614 2337 vo—

2041 2377 2119 2430 cis
2147 2376 2319 2430 olltcia
2346 2385 2523 2446 neget,
2550 2375 2733 2444 apices
2755 2374 3061 2429 dilectionis
3089 2382 3395 2446 atramento
3416 2373 3613 2429 fomla-

2040 2466 2082 2520 ti
2104 2466 2377 2519 multoties
2396 2474 2694 2519 recurrant.
2722 2466 2928 2519 Idcirco
2952 2464 3189 2535 simplici
3216 2474 3339 2519 voto
3350 2464 3613 2533 deprecor

2039 2564 2101 2609 ut
2122 2556 2283 2610 liceat
2304 2564 2499 2610 nostra:
2521 2556 2806 2625 parvitatis
2830 2556 3137 2610 chartulam
3173 2556 3240 2610 ad
3271 2564 3463 2609 vestrae
3510 2569 3609 2608 an-

2039 2649 2309 2703 ctoritatis
2357 2650 2698 2717 praesentiam
2748 2648 2946 2717 saepius
2990 2663 3289 2710 recurrere,
3350 2645 3609 2701 ferentem

2039 2752 2160 2806 qua:
2196 2736 2280 2790 vel
2317 2744 2514 2790 vestrae
2542 2737 2819 2805 sapientite
2841 2734 3101 2803 jucunda,
3130 2736 3214 2789 vel
3246 2743 3442 2789 nostm
3480 2749 3607 2803 par-

2038 2826 2188 2880 vitati
2212 2824 2514 2880 necessaria
2536 2838 2656 2879 esse
2679 2808 3005 2888 arbitremur
3036 2840 3051 2876 :
3078 2832 3132 2876 et
3150 2831 3451 2892 opportuno
3475 2831 3610 2875 tem-

2038 2915 2415 2985 pore-Flaccus
2436 2923 2613 2969 vester
2634 2913 2843 2983 legatur
2880 2914 2933 2966 in
2970 2913 3183 2977 litteris,
3214 2913 3305 2983 qui
3335 2912 3605 2982 quondam

2040 3006 2359 3059 audiebatur
2387 3005 2441 3058 in
2465 3005 2642 3059 verbis
2667 3003 2715 3056 ἀ.
2748 3004 2895 3080 Nam.
2918 3020 3079 3057 causa
3126 3004 3283 3073 hujus
3331 3004 3612 3074 prmsentis

2042 3096 2297 3150 chartula:
2322 3096 2528 3149 lunaris
2552 3095 2724 3150 saltus
2744 3094 2933 3150 effecta
2962 3103 3067 3159 est,
3090 3097 3179 3165 qui
3212 3097 3265 3150 in
3298 3096 3614 3150 hacluccnti
3638 3138 3645 3144 .

2038 3188 2186 3242 Luna
2211 3187 2513 3242 Novembrii
2550 3188 2749 3241 mensis
2776 3203 2919 3241 anno
2942 3188 3132 3243 circuli
3164 3189 3607 3243 decennovenna-

2038 3281 2106 3335 lis
2132 3280 2426 3334 novissimo
2456 3290 2479 3317 ο
2507 3278 2809 3333 certissime
2840 3278 3035 3347 inspici
3060 3263 3281 3347 poterit.
3311 3277 3475 3347 Igitur
3500 3276 3615 3330 hinc

2036 3372 2161 3425 luna
2196 3370 2506 3424 Novembrii
2533 3356 2756 3433 mensis,
2786 3385 2905 3438 qua:
2926 3384 3024 3439 per
3055 3370 3241 3424 decem
3268 3378 3323 3423 et
3342 3379 3467 3425 octo
3512 3381 3611 3420 sn-

2036 3478 2135 3517 nos
2167 3462 2446 3515 tricesima
2476 3461 2908 3527 computabatur,
2940 3462 2995 3513 in
3026 3460 3132 3514 hoc
3164 3474 3307 3513 anno
3359 3457 3613 3528 praesenti

2033 3552 2239 3623 praefati
2264 3550 2454 3607 circuli
2485 3564 2627 3605 nono
2651 3547 2893 3612 decimo,
2944 3548 3362 3602 undetricesima
3389 3560 3609 3615 compu—

2036 3645 2136 3699 tari
2166 3644 2274 3714 82
2299 3642 2477 3698 debet.
2503 3641 2581 3694 Ita
2605 3648 2664 3694 ut
2685 3640 2750 3694 de
2785 3639 3041 3694 vicesima
3068 3653 3228 3702 nona,
3251 3652 3372 3706 qua
3411 3637 3473 3690 ﬁt
3510 3652 3607 3691 oe-

2039 3746 2189 3792 tavas
2207 3735 2325 3789 Kal.
2350 3734 2681 3797 Decembris,
2710 3741 2955 3787 vertatur
2980 3732 3208 3800 septima
3233 3729 3351 3783 Kal.
3393 3731 3446 3784 in
3491 3732 3606 3800 pri-

2033 3842 2176 3881 mam
2208 3843 2221 3879 :
2247 3834 2303 3880 et
2330 3826 2390 3879 iit
2416 3825 2504 3879 die
2528 3823 2644 3877 Kal.
2668 3822 3041 3877 Decembrium
3062 3822 3310 3891 septima,
3339 3835 3460 3889 qua
3481 3820 3606 3887 jus-

2032 3925 2085 3970 ta
2113 3916 2390 3985 regulares
2429 3922 2648 3983 epactas
2691 3923 2842 3967 sexta
2870 3920 3179 3981 computata
3204 3900 3322 3975 est;
3346 3920 3407 3965 et
3451 3923 3610 3965 erunt

2031 4014 2141 4059 tres
2172 4004 2313 4057 luna:
2338 4004 2564 4073 pariter,
2588 4002 2809 4057 Octobri
2835 4001 3067 4064 scilicet,
3090 4008 3148 4053 et
3190 3999 3502 4061 Novembri,
3550 4008 3609 4051 et

2030 4096 2309 4151 Decembri
2347 4084 2548 4149 mensis
2576 4093 3047 4147 undetricenarunt
3082 4091 3315 4146 dierum.
3364 4076 3514 4154 Quod
3561 4088 3607 4139 si

2030 4188 2149 4257 quis
2172 4187 2439 4241 obstinata
2466 4193 2641 4239 mente
2662 4183 2841 4239 facere
2868 4182 3186 4253 neglc'erit,
3222 4190 3276 4239 et
3308 4181 3495 4249 magis:
3529 4194 3607 4233 rc-

2030 4279 2304 4348 gularibus
2340 4292 2499 4345 quam
2532 4276 2723 4328 rationi
2747 4275 2916 4330 saltus
2952 4274 3224 4338 innititur,
3256 4282 3313 4327 et
3338 4273 3455 4326 vult
3500 4271 3607 4327 No-

366 4365 505 4435 fuga.
535 4364 733 4419 Tamen
770 4374 1027 4434 quantum
1052 4381 1169 4419 mea
1196 4366 1408 4421 devotio
1438 4369 1783 4421 considerare
1825 4382 1925 4435 po—
1958 4388 2005 4446 ι)
2030 4370 2256 4424 vembrii
2286 4368 2487 4422 mensis
2514 4367 2693 4420 lunam
2737 4367 2959 4435 triginta
3006 4367 3209 4420 habere
3250 4366 3386 4427 dies,
3446 4372 3501 4417 et
3545 4365 3601 4416 in

433 4486 467 4546 '_
484 4473 544 4529 Si
572 4474 688 4543 ﬁeri
708 4475 885 4543 possit.
916 4474 1402 4529 Malmesburiensis
1431 4476 1501 4528 ita
1542 4476 1699 4546 legit:
1732 4495 1749 4526 ι
1772 4474 1922 4540 Quod

362 4545 407 4625 si
442 4544 556 4599 fieri
585 4546 753 4613 possit
774 4554 831 4597 ut
860 4546 1081 4625 pacilice
1118 4547 1398 4611 adunetur,
1427 4554 1481 4597 et
1517 4544 1705 4625 sciSsio
1752 4560 1922 4625 resar-

362 4616 555 4677 ciatur,
586 4620 784 4669 bonum
823 4616 1033 4669 videtur
1060 4631 1197 4678 esse,
1250 4632 1372 4670 cum
1411 4616 1637 4669 consilio
1683 4618 1921 4669 omnium

361 4683 700 4754 sacerdotum
730 4684 925 4754 Christi
948 4693 1001 4737 et
1029 4687 1329 4754 coepiscopi
1357 4687 1517 4741 vestri
1556 4686 1922 4740 Eboracensis

362 4751 633 4815 Ecclesiae,
665 4760 722 4804 ut
752 4753 873 4816 fiat;
908 4754 979 4806 ita
1012 4751 1210 4818 tamen,
1236 4776 1252 4804 ι
1277 4751 1394 4810 etc.

430 4823 457 4863 ι·
482 4821 613 4893 Pius;
638 4831 804 4893 pater.
829 4822 1087 4875 Nimirum
1115 4818 1356 4887 Aldulfus
1391 4840 1484 4878 seu
1510 4823 1767 4877 Advulfus
1806 4826 1921 4893 epi-

361 4908 554 4962 sc0pus
593 4891 1042 4953 Liccidfeldensis,
1077 4908 1234 4960 quem
1269 4896 1482 4961 quidem
1505 4893 1619 4947 om.
1653 4909 1745 4945 rex
1783 4891 1946 4947 Mcr-~

361 4965 562 5018 ciorum
594 4963 1029 5033 arcibiepiscopali
1061 4964 1263 5016 honore
1300 4972 1354 5016 et
1378 4962 1538 5031 pallio
1564 4963 1809 5031 insigniri
1832 4980 1923 5017 cu-

362 5040 604 5095 raverat,
650 5032 934 5086 abstractis
995 5033 1206 5101 primali
1262 5033 1633 5095 Cantuaricnsi
1674 5033 1922 5087 omnibus

363 5101 676 5155 Merciorum
715 5102 987 5166 ecclesiis;
1030 5104 1169 5156 sedis
1225 5110 1401 5156 tamen
1454 5118 1564 5156 suae
1610 5102 1919 5171 dignitatem

362 5170 625 5240 reparavit
647 5171 985 5243 Athelardus,
1016 5174 1283 5243 negotium
1319 5170 1683 5241 promovente
1707 5174 1920 5241 scriptis

362 5257 459 5310 suo
496 5248 553 5294 et
592 5240 831 5310 omnium
866 5240 1153 5296 Britannia:
1201 5240 1575 5310 episcoporum
1615 5240 1829 5295 nomine
1854 5244 1920 5297 ad

363 5309 591 5365 Leonem
612 5309 896 5381 ll_l_litteris
920 5312 1142 5365 Kenulfo
1170 5309 1312 5381 rege,
1340 5310 1469 5366 Otia:
1495 5321 1546 5363 et
1568 5310 1769 5381 ngridi
1799 5328 1918 5365 suc-

363 5394 594 5451 cessore.
622 5378 839 5451 (Mabill.
872 5382 1061 5434 Annal.
1086 5378 1277 5434 Bened.
1318 5382 1409 5435 lib.
1440 5396 1583 5442 xxvi,
1609 5378 1663 5451 ἡΣ
1692 5380 1779 5443 65,
1798 5397 1916 5451 pag.

537 5448 713 5530 Monet
739 5449 900 5517 igitur
929 5451 1029 5533 hoc
1058 5452 1489 5533 loco'Aleuinus,
1542 5459 1600 5529 ut
1648 5448 1955 5504 Licciilfe'l-~

362 5517 551 5591 densis
564 5520 849 5591 episcopus
886 5521 1271 5587 metropolitico
1296 5522 1509 5589 quidem
1538 5518 1799 5585 jurc,non
1826 5537 1918 5573 ve-

365 5603 426 5659 ro
452 5589 614 5659 pallio
632 5600 887 5651 exuatur;
910 5598 964 5641 et
984 5604 1350 5657 episcoporum
1381 5590 1667 5651 ordinatio,
1701 5606 1803 5643 non
1855 5592 1919 5642 ad

370 5658 561 5729 ipsum,
606 5661 696 5715 sed
728 5660 793 5715 ad
849 5659 1073 5729 primam
1127 5660 1435 5726 sedem,cui
1462 5676 1649 5728 nempe
1694 5660 1921 5731 dignitas

2024 4481 2411 4549 metropolitica
2440 4477 2717 4549 competit,
2749 4478 2799 4529 id
2820 4487 2903 4531 est
2937 4476 3378 4531 Cantuariensem
3420 4490 3606 4529 recur-
3696 4514 3701 4521 ,

2024 4562 2127 4607 rat.
2160 4548 2289 4605 Vide
2327 4548 2606 4619 epistolam
2630 4548 2884 4619 priorem.

2096 4634 2119 4661 σ
2146 4623 2239 4675 Est
2272 4614 2387 4674 hate
2417 4618 2643 4688 epistola
2669 4618 2873 4671 decima
2914 4616 3054 4686 apud
3097 4614 3393 4688 Canisiurn,
3430 4615 3600 4688 tertia

2024 4694 2162 4763 apud
2179 4685 2571 4763 Quercetanum
2589 4685 2956 4763 (Sexagesima
2973 4688 3143 4763 prima
3162 4686 3299 4752 apud
3322 4685 3598 4763 Froben.}.

2026 4756 2157 4816 E'am
2192 4756 2375 4833 inulto
2405 4756 2695 4833 auctiorem
2747 4756 3331 4833 ediditQuercetanus
3372 4771 3438 4833 ex
3456 4756 3596 4833 ευρ.

2024 4850 2124 4887 ms.
2175 4832 2548 4887 Correctiones
2591 4828 2794 4895 aliquot
2820 4829 3163 4883 adhibuimus
3206 4843 3271 4881 ex
3309 4825 3426 4878 cod.
3456 4824 3600 4877 Vati-

2022 4920 2179 4959 €300.

2092 4967 2655 5040 dHiclinisepistola:
2686 4967 3146 5041 apudCsnisium.
3259 5033 3270 5041 _
3337 5031 3348 5041 _

2100 5055 2122 5081 ε
2150 5042 2349 5098 Circuli
2394 5033 2883 5095 ‘de'cennovennalis
2925 5054 3096 5091 annus
3152 5033 3475 5089 novissimus
3500 5046 3593 5085 seu

2023 5113 2245 5166 ultimus
2270 5114 2405 5165 intra
2430 5121 2658 5177 tempus.
2678 5123 2784 5176 quo
2805 5108 3061 5175 Alcuinns
3083 5109 3133 5159 in
3166 5102 3389 5177 Francia
3418 5116 3597 5177 mora-

2024 5184 2201 5242 batur,
2234 5191 2347 5236 erat
2374 5172 2554 5252 annus
2567 5172 2711 5252 797,—
2727 5193 2835 5246 quo
2868 5172 2988 5231 luna
3012 5172 3428 5252 quartadecima
3456 5172 3595 5251 .inei-
3632 5204 3637 5208 ι

2022 5252 2182 5305 debat
2212 5267 2297 5305 xv.
2329 5251 2445 5303 Kal.
2479 5248 2618 5311 Maii,
2645 5244 2785 5301 sicut
2820 5244 3241 5320 anno_seqnen_ti.
3275 5244 3366 5320 qui
3384 5244 3595 5320 primus

2023 5330 2139 5374 erat
2186 5320 2369 5373 circuli
2407 5317 2911 5379 deeennovennalis,
2962 5311 3148 5367 incidit
3178 5312 3343 5365 Nonis
3370 5311 3589 5379 Aprilis.

2023 5392 2123 5456 Qui
2151 5390 2385 5444 calculus
2407 5388 2570 5440 etiam
2598 5387 2846 5456 convenit
2875 5383 3223 5456 cunt__cal_culo
3249 5382 3381 5456 Ven.
3413 5381 3591 5444 Bedze,

2024 5451 2202 5534 quem
2221 5459 2342 5534 vide
2388 5465 2519 5511 tom.
2553 5457 2569 5510 l
2600 5455 2733 5524 Opp.
2757 5470 2879 5534 pag:
2919 5452 3022 5534 36f}
3054 5451 3395 5534 (f’atrologiae
3419 5458 3596 5534 temo

2024 5523 2153 5591 XC).
2185 5529 2351 5589 Igitur
2400 5523 2659 5596 praesens
2684 5523 2907 5596 crustula
2957 5524 3053 5578 abs
3082 5523 3243 5577 dubio
3270 5523 3469 5588 scripta
3510 5528 3598 5575 est

2023 5602 2207 5654 eodem
2233 5612 2371 5652 anno
2403 5591 2531 5661 797,
2573 5591 2753 5649 mense
2777 5591 2908 5647 Nov.
