  <div class='ocr_page' id='page_1' title='image "/cluster/home/n/w/nwhite01/storage/ocr_20150623/100/uva.x000827058/135.png"; bbox 0 0 4226 6188; ppageno 0'>
   <div class='ocr_carea' id='block_1_1' title="bbox 628 296 732 351">
    <p class='ocr_par' dir='ltr' id='par_1_1' title="bbox 628 296 732 351">
     <span class='ocr_line' id='line_1_1' title="bbox 628 296 732 351; baseline 0 0"><span class='ocrx_word' id='word_1_1' title='bbox 628 296 732 351; x_wconf 81' lang='lat'><strong>255</strong></span> 
     </span>
    </p>
   </div>
   <div class='ocr_carea' id='block_1_2' title="bbox 1499 297 3092 367">
    <p class='ocr_par' dir='ltr' id='par_1_2' title="bbox 1499 297 3092 367">
     <span class='ocr_line' id='line_1_2' title="bbox 1499 297 3092 367; baseline 0.005 -19"><span class='ocrx_word' id='word_1_2' title='bbox 1499 297 1557 349; x_wconf 81' lang='grc' dir='ltr'><strong>Β.</strong></span> <span class='ocrx_word' id='word_1_3' title='bbox 1600 298 1659 350; x_wconf 68' lang='grc'><strong>1⁵.</strong></span> <span class='ocrx_word' id='word_1_4' title='bbox 1699 298 1922 351; x_wconf 64' lang='grc' dir='ltr'>Λωίδι</span> <span class='ocrx_word' id='word_1_5' title='bbox 1963 298 2089 352; x_wconf 68' lang='lat' dir='ltr'><strong>SHB</strong></span> <span class='ocrx_word' id='word_1_6' title='bbox 2133 299 2408 354; x_wconf 66' lang='grc' dir='ltr'><strong>Αιυυιδι</strong></span> <span class='ocrx_word' id='word_1_7' title='bbox 2444 300 2725 355; x_wconf 68' lang='grc' dir='ltr'><strong>οινιιιωκ</strong></span> <span class='ocrx_word' id='word_1_8' title='bbox 2761 300 2933 356; x_wconf 75' lang='lat' dir='ltr'><strong>PARS</strong></span> <span class='ocrx_word' id='word_1_9' title='bbox 2970 302 3009 355; x_wconf 82' lang='grc' dir='ltr'><strong>ι.</strong></span> <span class='ocrx_word' id='word_1_10' title='bbox 3088 363 3092 367; x_wconf 10' lang='grc' dir='ltr'>ἲ</span> 
     </span>
    </p>
   </div>
   <div class='ocr_carea' id='block_1_3' title="bbox 3743 298 3844 351">
    <p class='ocr_par' dir='ltr' id='par_1_3' title="bbox 3743 298 3844 351">
     <span class='ocr_line' id='line_1_3' title="bbox 3743 298 3844 351; baseline 0 0"><span class='ocrx_word' id='word_1_11' title='bbox 3743 298 3844 351; x_wconf 76' lang='lat'><strong>256</strong></span> 
     </span>
    </p>
   </div>
   <div class='ocr_carea' id='block_1_4' title="bbox 633 400 3845 476">
    <p class='ocr_par' dir='ltr' id='par_1_4' title="bbox 633 400 3845 476">
     <span class='ocr_line' id='line_1_4' title="bbox 633 400 3845 476; baseline 0 -13"><span class='ocrx_word' id='word_1_12' title='bbox 633 409 747 463; x_wconf 71' lang='lat' dir='ltr'><strong>Kal.</strong></span> <span class='ocrx_word' id='word_1_13' title='bbox 785 407 1094 462; x_wconf 78' lang='lat' dir='ltr'><strong>Decembris</strong></span> <span class='ocrx_word' id='word_1_14' title='bbox 1113 416 1317 459; x_wconf 75' lang='lat' dir='ltr'><strong>sextam</strong></span> <span class='ocrx_word' id='word_1_15' title='bbox 1348 400 1549 469; x_wconf 87' lang='lat' dir='ltr'><strong>lunam,</strong></span> <span class='ocrx_word' id='word_1_16' title='bbox 1584 419 1777 474; x_wconf 87' lang='lat' dir='ltr'><strong>magno</strong></span> <span class='ocrx_word' id='word_1_17' title='bbox 1823 420 1881 459; x_wconf 83' lang='lat' dir='ltr'><strong>se</strong></span> <span class='ocrx_word' id='word_1_18' title='bbox 1925 420 2047 458; x_wconf 87' lang='lat' dir='ltr'><strong>mox</strong></span> <span class='ocrx_word' id='word_1_19' title='bbox 2096 407 2195 458; x_wconf 78' lang='lat' dir='ltr'><strong>im-</strong></span> <span class='ocrx_word' id='word_1_20' title='bbox 2222 411 2263 466; x_wconf 76' lang='grc' dir='ltr'><strong>Δ</strong></span> <span class='ocrx_word' id='word_1_21' title='bbox 2297 408 2530 476; x_wconf 87' lang='lat' dir='ltr'><strong>adjicere</strong></span> <span class='ocrx_word' id='word_1_22' title='bbox 2556 410 2688 464; x_wconf 85' lang='lat' dir='ltr'><strong>solet</strong></span> <span class='ocrx_word' id='word_1_23' title='bbox 2707 424 2799 464; x_wconf 87' lang='lat' dir='ltr'><strong>seu</strong></span> <span class='ocrx_word' id='word_1_24' title='bbox 2831 409 2991 464; x_wconf 89' lang='lat' dir='ltr'><strong>solari</strong></span> <span class='ocrx_word' id='word_1_25' title='bbox 3020 424 3113 462; x_wconf 88' lang='lat' dir='ltr'><strong>seu</strong></span> <span class='ocrx_word' id='word_1_26' title='bbox 3142 407 3313 462; x_wconf 86' lang='lat' dir='ltr'><strong>lunari</strong></span> <span class='ocrx_word' id='word_1_27' title='bbox 3343 423 3499 471; x_wconf 85' lang='lat' dir='ltr'><strong>anno,</strong></span> <span class='ocrx_word' id='word_1_28' title='bbox 3539 416 3597 462; x_wconf 88' lang='lat' dir='ltr'><strong>ut</strong></span> <span class='ocrx_word' id='word_1_29' title='bbox 3616 410 3845 475; x_wconf 73' lang='lat' dir='ltr'><strong>cstimo,</strong></span> 
     </span>
    </p>
   </div>
   <div class='ocr_carea' id='block_1_5' title="bbox 634 494 2193 567">
    <p class='ocr_par' dir='ltr' id='par_1_5' title="bbox 634 494 2193 567">
     <span class='ocr_line' id='line_1_5' title="bbox 634 494 2193 567; baseline -0.002 -16"><span class='ocrx_word' id='word_1_30' title='bbox 634 498 912 567; x_wconf 83' lang='lat' dir='ltr'><strong>plicaverit</strong></span> <span class='ocrx_word' id='word_1_31' title='bbox 943 496 1114 551; x_wconf 88' lang='lat' dir='ltr'><strong>errori</strong></span> <span class='ocrx_word' id='word_1_32' title='bbox 1138 496 1191 548; x_wconf 92' lang='lat' dir='ltr'><strong>in</strong></span> <span class='ocrx_word' id='word_1_33' title='bbox 1235 504 1425 563; x_wconf 85' lang='lat' dir='ltr'><strong>quarta</strong></span> <span class='ocrx_word' id='word_1_34' title='bbox 1476 495 1681 547; x_wconf 79' lang='lat' dir='ltr'><strong>decima</strong></span> <span class='ocrx_word' id='word_1_35' title='bbox 1743 494 1866 548; x_wconf 90' lang='lat' dir='ltr'><strong>luna</strong></span> <span class='ocrx_word' id='word_1_36' title='bbox 1917 494 2193 549; x_wconf 79' lang='lat' dir='ltr'><strong>Paschalis</strong></span> 
     </span>
    </p>
   </div>
   <div class='ocr_carea' id='block_1_6' title="bbox 634 584 2195 653">
    <p class='ocr_par' dir='ltr' id='par_1_6' title="bbox 634 584 2195 653">
     <span class='ocr_line' id='line_1_6' title="bbox 634 584 2195 653; baseline -0.001 -13"><span class='ocrx_word' id='word_1_37' title='bbox 634 588 775 643; x_wconf 80' lang='lat' dir='ltr'><strong>festi.</strong></span> <span class='ocrx_word' id='word_1_38' title='bbox 810 586 867 640; x_wconf 88' lang='lat' dir='ltr'><strong>Si</strong></span> <span class='ocrx_word' id='word_1_39' title='bbox 892 599 1019 639; x_wconf 89' lang='lat' dir='ltr'><strong>vero</strong></span> <span class='ocrx_word' id='word_1_40' title='bbox 1040 585 1155 639; x_wconf 78' lang='lat' dir='ltr'><strong>Kal.</strong></span> <span class='ocrx_word' id='word_1_41' title='bbox 1190 584 1500 637; x_wconf 85' lang='lat' dir='ltr'><strong>Decembris</strong></span> <span class='ocrx_word' id='word_1_42' title='bbox 1524 593 1673 636; x_wconf 77' lang='lat' dir='ltr'><strong>sexta</strong></span> <span class='ocrx_word' id='word_1_43' title='bbox 1703 584 2195 653; x_wconf 80' lang='lat' dir='ltr'><strong>computabiturlu-</strong></span> 
     </span>
    </p>
   </div>
   <div class='ocr_carea' id='block_1_7' title="bbox 634 675 2191 741">
    <p class='ocr_par' dir='ltr' id='par_1_7' title="bbox 634 675 2191 741">
     <span class='ocr_line' id='line_1_7' title="bbox 634 675 2191 741; baseline -0.004 -7"><span class='ocrx_word' id='word_1_44' title='bbox 634 696 721 741; x_wconf 84' lang='lat' dir='ltr'><strong>na.</strong></span> <span class='ocrx_word' id='word_1_45' title='bbox 754 693 971 733; x_wconf 88' lang='lat' dir='ltr'><strong>necesse</strong></span> <span class='ocrx_word' id='word_1_46' title='bbox 991 679 1093 731; x_wconf 91' lang='lat' dir='ltr'><strong>erit</strong></span> <span class='ocrx_word' id='word_1_47' title='bbox 1122 686 1178 730; x_wconf 91' lang='lat' dir='ltr'><strong>ut</strong></span> <span class='ocrx_word' id='word_1_48' title='bbox 1202 678 1251 729; x_wconf 93' lang='lat' dir='ltr'><strong>in</strong></span> <span class='ocrx_word' id='word_1_49' title='bbox 1280 676 1393 729; x_wconf 79' lang='lat' dir='ltr'><strong>lial.</strong></span> <span class='ocrx_word' id='word_1_50' title='bbox 1422 675 1704 729; x_wconf 80' lang='lat' dir='ltr'><strong>Januarias</strong></span> <span class='ocrx_word' id='word_1_51' title='bbox 1732 688 1921 730; x_wconf 79' lang='lat' dir='ltr'><strong>octava</strong></span> <span class='ocrx_word' id='word_1_52' title='bbox 1950 677 2020 729; x_wconf 86' lang='lat' dir='ltr'><strong>sit</strong></span> <span class='ocrx_word' id='word_1_53' title='bbox 2047 676 2191 738; x_wconf 88' lang='lat' dir='ltr'><strong>luna,</strong></span> 
     </span>
    </p>
   </div>
   <div class='ocr_carea' id='block_1_8' title="bbox 630 765 2192 828">
    <p class='ocr_par' dir='ltr' id='par_1_8' title="bbox 630 765 2192 828">
     <span class='ocr_line' id='line_1_8' title="bbox 630 765 2192 828; baseline -0.002 -6"><span class='ocrx_word' id='word_1_54' title='bbox 630 778 687 822; x_wconf 89' lang='lat' dir='ltr'><strong>et</strong></span> <span class='ocrx_word' id='word_1_55' title='bbox 713 769 1006 823; x_wconf 75' lang='lat' dir='ltr'><strong>Februario</strong></span> <span class='ocrx_word' id='word_1_56' title='bbox 1045 783 1203 828; x_wconf 93' lang='lat' dir='ltr'><strong>nona,</strong></span> <span class='ocrx_word' id='word_1_57' title='bbox 1234 776 1286 819; x_wconf 90' lang='lat' dir='ltr'><strong>et</strong></span> <span class='ocrx_word' id='word_1_58' title='bbox 1310 767 1362 819; x_wconf 91' lang='lat' dir='ltr'><strong>in</strong></span> <span class='ocrx_word' id='word_1_59' title='bbox 1392 765 1583 818; x_wconf 75' lang='lat' dir='ltr'><strong>Martio</strong></span> <span class='ocrx_word' id='word_1_60' title='bbox 1601 775 1786 819; x_wconf 83' lang='lat' dir='ltr'><strong>octava</strong></span> <span class='ocrx_word' id='word_1_61' title='bbox 1817 783 1828 819; x_wconf 91' lang='lat'><strong>:</strong></span> <span class='ocrx_word' id='word_1_62' title='bbox 1860 774 1915 818; x_wconf 92' lang='lat' dir='ltr'><strong>et</strong></span> <span class='ocrx_word' id='word_1_63' title='bbox 1952 766 2036 819; x_wconf 86' lang='lat' dir='ltr'><strong>die</strong></span> <span class='ocrx_word' id='word_1_64' title='bbox 2091 766 2192 819; x_wconf 78' lang='lat' dir='ltr'><strong>Ka-</strong></span> 
     </span>
    </p>
   </div>
   <div class='ocr_carea' id='block_1_9' title="bbox 633 854 2194 926">
    <p class='ocr_par' dir='ltr' id='par_1_9' title="bbox 633 854 2194 926">
     <span class='ocr_line' id='line_1_9' title="bbox 633 854 2194 926; baseline -0.001 -15"><span class='ocrx_word' id='word_1_65' title='bbox 633 858 908 913; x_wconf 87' lang='lat' dir='ltr'><strong>lendarum</strong></span> <span class='ocrx_word' id='word_1_66' title='bbox 934 857 1196 926; x_wconf 78' lang='lat' dir='ltr'><strong>Aprilium</strong></span> <span class='ocrx_word' id='word_1_67' title='bbox 1219 870 1381 918; x_wconf 89' lang='lat' dir='ltr'><strong>nona,</strong></span> <span class='ocrx_word' id='word_1_68' title='bbox 1405 865 1459 908; x_wconf 88' lang='lat' dir='ltr'><strong>et</strong></span> <span class='ocrx_word' id='word_1_69' title='bbox 1484 865 1706 922; x_wconf 91' lang='lat' dir='ltr'><strong>quartas</strong></span> <span class='ocrx_word' id='word_1_70' title='bbox 1749 854 1927 909; x_wconf 72' lang='lat' dir='ltr'><strong>Nonas</strong></span> <span class='ocrx_word' id='word_1_71' title='bbox 1956 854 2194 921; x_wconf 90' lang='lat' dir='ltr'><strong>ejusdem</strong></span> 
     </span>
    </p>
   </div>
   <div class='ocr_carea' id='block_1_10' title="bbox 629 946 2197 1016">
    <p class='ocr_par' dir='ltr' id='par_1_10' title="bbox 629 946 2197 1016">
     <span class='ocr_line' id='line_1_10' title="bbox 629 946 2197 1016; baseline -0.002 -15"><span class='ocrx_word' id='word_1_72' title='bbox 629 949 828 1016; x_wconf 77' lang='lat' dir='ltr'><strong>Aprilis</strong></span> <span class='ocrx_word' id='word_1_73' title='bbox 868 949 1111 1010; x_wconf 88' lang='lat' dir='ltr'><strong>decima;</strong></span> <span class='ocrx_word' id='word_1_74' title='bbox 1159 948 1347 1000; x_wconf 90' lang='lat' dir='ltr'><strong>tertias</strong></span> <span class='ocrx_word' id='word_1_75' title='bbox 1401 946 1578 999; x_wconf 79' lang='lat' dir='ltr'><strong>Nonas</strong></span> <span class='ocrx_word' id='word_1_76' title='bbox 1630 946 1947 1008; x_wconf 88' lang='lat' dir='ltr'><strong>undecima;</strong></span> <span class='ocrx_word' id='word_1_77' title='bbox 1998 947 2197 1013; x_wconf 90' lang='lat' dir='ltr'><strong>pridias</strong></span> 
     </span>
    </p>
   </div>
   <div class='ocr_carea' id='block_1_11' title="bbox 632 1033 2194 1104">
    <p class='ocr_par' dir='ltr' id='par_1_11' title="bbox 632 1033 2194 1104">
     <span class='ocr_line' id='line_1_11' title="bbox 632 1033 2194 1104; baseline -0.003 -14"><span class='ocrx_word' id='word_1_78' title='bbox 632 1037 811 1090; x_wconf 74' lang='lat' dir='ltr'><strong>Nonas</strong></span> <span class='ocrx_word' id='word_1_79' title='bbox 834 1038 1185 1099; x_wconf 89' lang='lat' dir='ltr'><strong>duodecima;</strong></span> <span class='ocrx_word' id='word_1_80' title='bbox 1216 1036 1397 1089; x_wconf 72' lang='lat' dir='ltr'><strong>Nonas</strong></span> <span class='ocrx_word' id='word_1_81' title='bbox 1424 1038 1577 1089; x_wconf 88' lang='lat' dir='ltr'><strong>tertia</strong></span> <span class='ocrx_word' id='word_1_82' title='bbox 1604 1036 1827 1094; x_wconf 87' lang='lat' dir='ltr'><strong>decima,</strong></span> <span class='ocrx_word' id='word_1_83' title='bbox 1873 1052 1991 1104; x_wconf 74' lang='lat' dir='ltr'><strong>qua:</strong></span> <span class='ocrx_word' id='word_1_84' title='bbox 2041 1033 2194 1101; x_wconf 76' lang='lat' dir='ltr'><strong>juxta</strong></span> 
     </span>
    </p>
   </div>
   <div class='ocr_carea' id='block_1_12' title="bbox 632 1128 2193 1198">
    <p class='ocr_par' dir='ltr' id='par_1_12' title="bbox 632 1128 2193 1198">
     <span class='ocr_line' id='line_1_12' title="bbox 632 1128 2193 1198; baseline -0.003 -13"><span class='ocrx_word' id='word_1_85' title='bbox 632 1132 891 1185; x_wconf 84' lang='lat' dir='ltr'><strong>rationem</strong></span> <span class='ocrx_word' id='word_1_86' title='bbox 924 1130 1200 1185; x_wconf 73' lang='lat' dir='ltr'><strong>Paschalis</strong></span> <span class='ocrx_word' id='word_1_87' title='bbox 1227 1129 1348 1184; x_wconf 81' lang='lat' dir='ltr'><strong>festi</strong></span> <span class='ocrx_word' id='word_1_88' title='bbox 1380 1140 1571 1198; x_wconf 86' lang='lat' dir='ltr'><strong>quarta</strong></span> <span class='ocrx_word' id='word_1_89' title='bbox 1606 1131 1808 1183; x_wconf 86' lang='lat' dir='ltr'><strong>decima</strong></span> <span class='ocrx_word' id='word_1_90' title='bbox 1848 1128 2006 1183; x_wconf 88' lang='lat' dir='ltr'><strong>debet</strong></span> <span class='ocrx_word' id='word_1_91' title='bbox 2058 1128 2193 1191; x_wconf 82' lang='lat' dir='ltr'><strong>ﬁeri,</strong></span> 
     </span>
    </p>
   </div>
   <div class='ocr_carea' id='block_1_13' title="bbox 630 1221 2196 1287">
    <p class='ocr_par' dir='ltr' id='par_1_13' title="bbox 630 1221 2196 1287">
     <span class='ocr_line' id='line_1_13' title="bbox 630 1221 2196 1287; baseline -0.002 -11"><span class='ocrx_word' id='word_1_92' title='bbox 630 1225 771 1279; x_wconf 84' lang='lat' dir='ltr'><strong>sicut</strong></span> <span class='ocrx_word' id='word_1_93' title='bbox 798 1226 866 1277; x_wconf 91' lang='lat' dir='ltr'><strong>ab</strong></span> <span class='ocrx_word' id='word_1_94' title='bbox 890 1222 1137 1276; x_wconf 90' lang='lat' dir='ltr'><strong>omnibus</strong></span> <span class='ocrx_word' id='word_1_95' title='bbox 1187 1224 1240 1275; x_wconf 93' lang='lat' dir='ltr'><strong>in</strong></span> <span class='ocrx_word' id='word_1_96' title='bbox 1274 1223 1516 1276; x_wconf 90' lang='lat' dir='ltr'><strong>terminis</strong></span> <span class='ocrx_word' id='word_1_97' title='bbox 1542 1221 1879 1287; x_wconf 66' lang='lat' dir='ltr'><strong>paschalibus</strong></span> <span class='ocrx_word' id='word_1_98' title='bbox 1920 1222 2196 1274; x_wconf 89' lang='lat' dir='ltr'><strong>verissime</strong></span> 
     </span>
    </p>
   </div>
   <div class='ocr_carea' id='block_1_14' title="bbox 630 1314 2198 1381">
    <p class='ocr_par' dir='ltr' id='par_1_14' title="bbox 630 1314 2198 1381">
     <span class='ocr_line' id='line_1_14' title="bbox 630 1314 2198 1381; baseline -0.002 -12"><span class='ocrx_word' id='word_1_99' title='bbox 630 1317 946 1370; x_wconf 84' lang='lat' dir='ltr'><strong>deramatur</strong></span> <span class='ocrx_word' id='word_1_100' title='bbox 992 1324 1041 1369; x_wconf 88' lang='lat' dir='ltr'><strong>et</strong></span> <span class='ocrx_word' id='word_1_101' title='bbox 1089 1314 1393 1369; x_wconf 76' lang='lat' dir='ltr'><strong>firmissime</strong></span> <span class='ocrx_word' id='word_1_102' title='bbox 1430 1323 1661 1368; x_wconf 85' lang='lat' dir='ltr'><strong>tenetur.</strong></span> <span class='ocrx_word' id='word_1_103' title='bbox 1687 1315 1752 1368; x_wconf 85' lang='lat' dir='ltr'><strong>Et</strong></span> <span class='ocrx_word' id='word_1_104' title='bbox 1803 1314 1972 1367; x_wconf 81' lang='lat' dir='ltr'><strong>videri</strong></span> <span class='ocrx_word' id='word_1_105' title='bbox 2022 1321 2198 1381; x_wconf 85' lang='lat' dir='ltr'><strong>potest</strong></span> 
     </span>
    </p>
   </div>
   <div class='ocr_carea' id='block_1_15' title="bbox 627 1406 2194 1475">
    <p class='ocr_par' dir='ltr' id='par_1_15' title="bbox 627 1406 2194 1475">
     <span class='ocr_line' id='line_1_15' title="bbox 627 1406 2194 1475; baseline -0.003 -16"><span class='ocrx_word' id='word_1_106' title='bbox 627 1406 911 1475; x_wconf 75' lang='lat' dir='ltr'><strong>diligenter</strong></span> <span class='ocrx_word' id='word_1_107' title='bbox 931 1406 1417 1467; x_wconf 76' lang='lat' dir='ltr'><strong>considerantibus.</strong></span> <span class='ocrx_word' id='word_1_108' title='bbox 1449 1414 1686 1474; x_wconf 87' lang='lat' dir='ltr'><strong>quantus</strong></span> <span class='ocrx_word' id='word_1_109' title='bbox 1733 1419 1885 1457; x_wconf 90' lang='lat' dir='ltr'><strong>error</strong></span> <span class='ocrx_word' id='word_1_110' title='bbox 1928 1412 1985 1456; x_wconf 91' lang='lat' dir='ltr'><strong>et</strong></span> <span class='ocrx_word' id='word_1_111' title='bbox 2036 1418 2194 1471; x_wconf 89' lang='lat' dir='ltr'><strong>quam</strong></span> 
     </span>
    </p>
   </div>
   <div class='ocr_carea' id='block_1_16' title="bbox 628 1495 2196 1564">
    <p class='ocr_par' dir='ltr' id='par_1_16' title="bbox 628 1495 2196 1564">
     <span class='ocr_line' id='line_1_16' title="bbox 628 1495 2196 1564; baseline 0.001 -18"><span class='ocrx_word' id='word_1_112' title='bbox 628 1496 959 1561; x_wconf 77' lang='lat' dir='ltr'><strong>perniciosus</strong></span> <span class='ocrx_word' id='word_1_113' title='bbox 985 1497 1035 1548; x_wconf 94' lang='lat' dir='ltr'><strong>in</strong></span> <span class='ocrx_word' id='word_1_114' title='bbox 1069 1495 1191 1548; x_wconf 89' lang='lat' dir='ltr'><strong>luna</strong></span> <span class='ocrx_word' id='word_1_115' title='bbox 1222 1508 1414 1564; x_wconf 82' lang='lat' dir='ltr'><strong>quarta</strong></span> <span class='ocrx_word' id='word_1_116' title='bbox 1441 1496 1645 1548; x_wconf 85' lang='lat' dir='ltr'><strong>decima</strong></span> <span class='ocrx_word' id='word_1_117' title='bbox 1668 1497 1789 1549; x_wconf 90' lang='lat' dir='ltr'><strong>etin</strong></span> <span class='ocrx_word' id='word_1_118' title='bbox 1803 1495 1889 1549; x_wconf 92' lang='lat' dir='ltr'><strong>die</strong></span> <span class='ocrx_word' id='word_1_119' title='bbox 1909 1495 2196 1547; x_wconf 72' lang='lat' dir='ltr'><strong>Dominica:</strong></span> 
     </span>
    </p>
   </div>
   <div class='ocr_carea' id='block_1_17' title="bbox 628 1583 2193 1653">
    <p class='ocr_par' dir='ltr' id='par_1_17' title="bbox 628 1583 2193 1653">
     <span class='ocr_line' id='line_1_17' title="bbox 628 1583 2193 1653; baseline -0.001 -16"><span class='ocrx_word' id='word_1_120' title='bbox 628 1583 867 1647; x_wconf 54' lang='lat' dir='ltr'><strong>Pas‘hm,</strong></span> <span class='ocrx_word' id='word_1_121' title='bbox 894 1597 951 1639; x_wconf 90' lang='lat' dir='ltr'><strong>et</strong></span> <span class='ocrx_word' id='word_1_122' title='bbox 995 1587 1045 1639; x_wconf 92' lang='lat' dir='ltr'><strong>in</strong></span> <span class='ocrx_word' id='word_1_123' title='bbox 1076 1596 1236 1641; x_wconf 78' lang='lat' dir='ltr'><strong>:etate</strong></span> <span class='ocrx_word' id='word_1_124' title='bbox 1285 1587 1422 1641; x_wconf 77' lang='lat' dir='ltr'><strong>luna:</strong></span> <span class='ocrx_word' id='word_1_125' title='bbox 1436 1586 1671 1653; x_wconf 85' lang='lat' dir='ltr'><strong>ejusdem</strong></span> <span class='ocrx_word' id='word_1_126' title='bbox 1692 1586 1795 1638; x_wconf 90' lang='lat' dir='ltr'><strong>diei</strong></span> <span class='ocrx_word' id='word_1_127' title='bbox 1822 1586 1953 1653; x_wconf 81' lang='lat' dir='ltr'><strong>orirj</strong></span> <span class='ocrx_word' id='word_1_128' title='bbox 1978 1584 2193 1653; x_wconf 87' lang='lat' dir='ltr'><strong>poterit,</strong></span> 
     </span>
    </p>
   </div>
   <div class='ocr_carea' id='block_1_18' title="bbox 627 1674 2193 1742">
    <p class='ocr_par' dir='ltr' id='par_1_18' title="bbox 627 1674 2193 1742">
     <span class='ocr_line' id='line_1_18' title="bbox 627 1674 2193 1742; baseline -0.001 -13"><span class='ocrx_word' id='word_1_129' title='bbox 627 1674 671 1729; x_wconf 81' lang='lat' dir='ltr'><strong>si</strong></span> <span class='ocrx_word' id='word_1_130' title='bbox 699 1675 819 1742; x_wconf 88' lang='lat' dir='ltr'><strong>quis</strong></span> <span class='ocrx_word' id='word_1_131' title='bbox 851 1690 954 1727; x_wconf 93' lang='lat' dir='ltr'><strong>non</strong></span> <span class='ocrx_word' id='word_1_132' title='bbox 983 1678 1254 1728; x_wconf 84' lang='lat' dir='ltr'><strong>curaverit</strong></span> <span class='ocrx_word' id='word_1_133' title='bbox 1281 1691 1444 1729; x_wconf 91' lang='lat' dir='ltr'><strong>unum</strong></span> <span class='ocrx_word' id='word_1_134' title='bbox 1471 1676 1612 1728; x_wconf 83' lang='lat' dir='ltr'><strong>diem</strong></span> <span class='ocrx_word' id='word_1_135' title='bbox 1652 1676 1702 1727; x_wconf 89' lang='lat' dir='ltr'><strong>in</strong></span> <span class='ocrx_word' id='word_1_136' title='bbox 1732 1684 1888 1727; x_wconf 78' lang='lat' dir='ltr'><strong>:etate</strong></span> <span class='ocrx_word' id='word_1_137' title='bbox 1916 1674 2054 1727; x_wconf 67' lang='lat' dir='ltr'><strong>lunae</strong></span> <span class='ocrx_word' id='word_1_138' title='bbox 2110 1690 2193 1727; x_wconf 87' lang='lat' dir='ltr'><strong>ra-</strong></span> 
     </span>
    </p>
   </div>
   <div class='ocr_carea' id='block_1_19' title="bbox 2296 497 2457 553">
    <p class='ocr_par' dir='ltr' id='par_1_19' title="bbox 2296 497 2457 553">
     <span class='ocr_line' id='line_1_19' title="bbox 2296 497 2457 553; baseline -0.012 0"><span class='ocrx_word' id='word_1_139' title='bbox 2296 497 2457 553; x_wconf 89' lang='lat' dir='ltr'><strong>diem.</strong></span> 
     </span>
    </p>
   </div>
   <div class='ocr_carea' id='block_1_20' title="bbox 2363 582 3849 657">
    <p class='ocr_par' dir='ltr' id='par_1_20' title="bbox 2363 582 3849 657">
     <span class='ocr_line' id='line_1_20' title="bbox 2363 582 3849 657; baseline 0.003 -16"><span class='ocrx_word' id='word_1_140' title='bbox 2363 582 2746 653; x_wconf 83' lang='lat' dir='ltr'><strong>Qualitervero</strong></span> <span class='ocrx_word' id='word_1_141' title='bbox 2801 587 2958 657; x_wconf 89' lang='lat' dir='ltr'><strong>hujus</strong></span> <span class='ocrx_word' id='word_1_142' title='bbox 3002 588 3137 642; x_wconf 87' lang='lat' dir='ltr'><strong>ratio</strong></span> <span class='ocrx_word' id='word_1_143' title='bbox 3189 587 3355 642; x_wconf 87' lang='lat' dir='ltr'><strong>saltus</strong></span> <span class='ocrx_word' id='word_1_144' title='bbox 3414 586 3636 657; x_wconf 80' lang='lat' dir='ltr'><strong>singulis</strong></span> <span class='ocrx_word' id='word_1_145' title='bbox 3696 590 3849 647; x_wconf 78' lang='lat' dir='ltr'><strong>annis</strong></span> 
     </span>
    </p>
   </div>
   <div class='ocr_carea' id='block_1_21' title="bbox 2296 675 3851 747">
    <p class='ocr_par' dir='ltr' id='par_1_21' title="bbox 2296 675 3851 747">
     <span class='ocr_line' id='line_1_21' title="bbox 2296 675 3851 747; baseline 0.002 -18"><span class='ocrx_word' id='word_1_146' title='bbox 2296 675 2475 747; x_wconf 76' lang='lat' dir='ltr'><strong>[cycli]</strong></span> <span class='ocrx_word' id='word_1_147' title='bbox 2502 677 2978 731; x_wconf 87' lang='lat' dir='ltr'><strong>decennovennalis</strong></span> <span class='ocrx_word' id='word_1_148' title='bbox 3002 678 3056 730; x_wconf 88' lang='lat' dir='ltr'><strong>in</strong></span> <span class='ocrx_word' id='word_1_149' title='bbox 3090 676 3493 730; x_wconf 84' lang='lat' dir='ltr'><strong>diminutionem</strong></span> <span class='ocrx_word' id='word_1_150' title='bbox 3541 677 3697 734; x_wconf 89' lang='lat' dir='ltr'><strong>unius</strong></span> <span class='ocrx_word' id='word_1_151' title='bbox 3744 677 3851 734; x_wconf 82' lang='lat' dir='ltr'><strong>diei</strong></span> 
     </span>
    </p>
   </div>
   <div class='ocr_carea' id='block_1_22' title="bbox 2296 762 3849 834">
    <p class='ocr_par' dir='ltr' id='par_1_22' title="bbox 2296 762 3849 834">
     <span class='ocr_line' id='line_1_22' title="bbox 2296 762 3849 834; baseline 0.004 -18"><span class='ocrx_word' id='word_1_152' title='bbox 2296 772 2591 827; x_wconf 82' lang='lat' dir='ltr'><strong>accrescat,</strong></span> <span class='ocrx_word' id='word_1_153' title='bbox 2622 765 2845 819; x_wconf 85' lang='lat' dir='ltr'><strong>diversis</strong></span> <span class='ocrx_word' id='word_1_154' title='bbox 2872 765 3045 820; x_wconf 88' lang='lat' dir='ltr'><strong>modis</strong></span> <span class='ocrx_word' id='word_1_155' title='bbox 3074 773 3437 834; x_wconf 89' lang='lat' dir='ltr'><strong>computatur.</strong></span> <span class='ocrx_word' id='word_1_156' title='bbox 3471 762 3576 819; x_wconf 87' lang='lat' dir='ltr'><strong>Sed</strong></span> <span class='ocrx_word' id='word_1_157' title='bbox 3616 766 3730 821; x_wconf 68' lang='lat' dir='ltr'><strong>haec</strong></span> <span class='ocrx_word' id='word_1_158' title='bbox 3771 764 3849 822; x_wconf 77' lang='lat' dir='ltr'><strong>fa—</strong></span> 
     </span>
    </p>
   </div>
   <div class='ocr_carea' id='block_1_23' title="bbox 2296 854 3850 924">
    <p class='ocr_par' dir='ltr' id='par_1_23' title="bbox 2296 854 3850 924">
     <span class='ocr_line' id='line_1_23' title="bbox 2296 854 3850 924; baseline 0.001 -15"><span class='ocrx_word' id='word_1_159' title='bbox 2296 854 2447 909; x_wconf 91' lang='lat' dir='ltr'><strong>cilior</strong></span> <span class='ocrx_word' id='word_1_160' title='bbox 2480 856 2688 909; x_wconf 90' lang='lat' dir='ltr'><strong>videtur</strong></span> <span class='ocrx_word' id='word_1_161' title='bbox 2720 856 3064 923; x_wconf 91' lang='lat' dir='ltr'><strong>computatio,</strong></span> <span class='ocrx_word' id='word_1_162' title='bbox 3092 864 3150 908; x_wconf 92' lang='lat' dir='ltr'><strong>ut</strong></span> <span class='ocrx_word' id='word_1_163' title='bbox 3169 856 3420 917; x_wconf 85' lang='lat' dir='ltr'><strong>sciamus,</strong></span> <span class='ocrx_word' id='word_1_164' title='bbox 3446 854 3672 924; x_wconf 78' lang='lat' dir='ltr'><strong>singulis</strong></span> <span class='ocrx_word' id='word_1_165' title='bbox 3698 856 3850 911; x_wconf 87' lang='lat' dir='ltr'><strong>annis</strong></span> 
     </span>
    </p>
   </div>
   <div class='ocr_carea' id='block_1_24' title="bbox 2294 947 3846 1019">
    <p class='ocr_par' dir='ltr' id='par_1_24' title="bbox 2294 947 3846 1019">
     <span class='ocr_line' id='line_1_24' title="bbox 2294 947 3846 1019; baseline 0.001 -20"><span class='ocrx_word' id='word_1_166' title='bbox 2294 947 2428 1017; x_wconf 77' lang='lat' dir='ltr'><strong>cycli</strong></span> <span class='ocrx_word' id='word_1_167' title='bbox 2444 948 2917 1011; x_wconf 75' lang='lat' dir='ltr'><strong>deeennnvennalis</strong></span> <span class='ocrx_word' id='word_1_168' title='bbox 2936 964 3095 1002; x_wconf 91' lang='lat' dir='ltr'><strong>unam</strong></span> <span class='ocrx_word' id='word_1_169' title='bbox 3111 949 3297 1002; x_wconf 87' lang='lat' dir='ltr'><strong>horam</strong></span> <span class='ocrx_word' id='word_1_170' title='bbox 3320 956 3549 1003; x_wconf 91' lang='lat' dir='ltr'><strong>etunum</strong></span> <span class='ocrx_word' id='word_1_171' title='bbox 3569 956 3846 1019; x_wconf 87' lang='lat' dir='ltr'><strong>punctum,</strong></span> 
     </span>
    </p>
   </div>
   <div class='ocr_carea' id='block_1_25' title="bbox 2293 1035 3851 1109">
    <p class='ocr_par' dir='ltr' id='par_1_25' title="bbox 2293 1035 3851 1109">
     <span class='ocr_line' id='line_1_25' title="bbox 2293 1035 3851 1109; baseline 0 -18"><span class='ocrx_word' id='word_1_172' title='bbox 2293 1048 2350 1091; x_wconf 89' lang='lat' dir='ltr'><strong>et</strong></span> <span class='ocrx_word' id='word_1_173' title='bbox 2374 1052 2562 1092; x_wconf 88' lang='lat' dir='ltr'><strong>novam</strong></span> <span class='ocrx_word' id='word_1_174' title='bbox 2591 1035 2708 1108; x_wconf 62' lang='grc' dir='ltr'><strong>[Ρη</strong></span> <span class='ocrx_word' id='word_1_175' title='bbox 2732 1037 2949 1109; x_wconf 87' lang='lat' dir='ltr'><strong>nonam]</strong></span> <span class='ocrx_word' id='word_1_176' title='bbox 2983 1038 3242 1091; x_wconf 84' lang='lat' dir='ltr'><strong>decimam</strong></span> <span class='ocrx_word' id='word_1_177' title='bbox 3286 1045 3494 1105; x_wconf 78' lang='lat' dir='ltr'><strong>partem</strong></span> <span class='ocrx_word' id='word_1_178' title='bbox 3524 1038 3680 1093; x_wconf 86' lang='lat' dir='ltr'><strong>rnius</strong></span> <span class='ocrx_word' id='word_1_179' title='bbox 3722 1052 3851 1105; x_wconf 87' lang='lat' dir='ltr'><strong>pun-</strong></span> 
     </span>
    </p>
   </div>
   <div class='ocr_carea' id='block_1_26' title="bbox 2296 1127 3853 1197">
    <p class='ocr_par' dir='ltr' id='par_1_26' title="bbox 2296 1127 3853 1197">
     <span class='ocr_line' id='line_1_26' title="bbox 2296 1127 3853 1197; baseline 0.001 -16"><span class='ocrx_word' id='word_1_180' title='bbox 2296 1130 2366 1182; x_wconf 88' lang='lat' dir='ltr'><strong>cti</strong></span> <span class='ocrx_word' id='word_1_181' title='bbox 2390 1144 2698 1182; x_wconf 86' lang='lat' dir='ltr'><strong>accrescere</strong></span> <span class='ocrx_word' id='word_1_182' title='bbox 2720 1130 2785 1183; x_wconf 87' lang='lat' dir='ltr'><strong>ad</strong></span> <span class='ocrx_word' id='word_1_183' title='bbox 2824 1130 3067 1182; x_wconf 91' lang='lat' dir='ltr'><strong>undecim</strong></span> <span class='ocrx_word' id='word_1_184' title='bbox 3093 1127 3550 1197; x_wconf 88' lang='lat' dir='ltr'><strong>epactarumdies.</strong></span> <span class='ocrx_word' id='word_1_185' title='bbox 3569 1128 3645 1181; x_wconf 84' lang='lat' dir='ltr'><strong>Ex</strong></span> <span class='ocrx_word' id='word_1_186' title='bbox 3661 1128 3853 1196; x_wconf 90' lang='lat' dir='ltr'><strong>quibus</strong></span> 
     </span>
    </p>
   </div>
   <div class='ocr_carea' id='block_1_27' title="bbox 2296 1219 3854 1293">
    <p class='ocr_par' dir='ltr' id='par_1_27' title="bbox 2296 1219 3854 1293">
     <span class='ocr_line' id='line_1_27' title="bbox 2296 1219 3854 1293; baseline 0 -21"><span class='ocrx_word' id='word_1_187' title='bbox 2296 1219 2443 1273; x_wconf 90' lang='lat' dir='ltr'><strong>boris</strong></span> <span class='ocrx_word' id='word_1_188' title='bbox 2467 1227 2519 1271; x_wconf 90' lang='lat' dir='ltr'><strong>et</strong></span> <span class='ocrx_word' id='word_1_189' title='bbox 2546 1220 2756 1288; x_wconf 90' lang='lat' dir='ltr'><strong>punctis</strong></span> <span class='ocrx_word' id='word_1_190' title='bbox 2780 1219 3045 1293; x_wconf 73' lang='lat' dir='ltr'><strong>colligitur</strong></span> <span class='ocrx_word' id='word_1_191' title='bbox 3077 1233 3214 1271; x_wconf 88' lang='lat' dir='ltr'><strong>unus</strong></span> <span class='ocrx_word' id='word_1_192' title='bbox 3239 1234 3336 1287; x_wconf 91' lang='lat' dir='ltr'><strong>per</strong></span> <span class='ocrx_word' id='word_1_193' title='bbox 3364 1232 3555 1272; x_wconf 90' lang='lat' dir='ltr'><strong>novem</strong></span> <span class='ocrx_word' id='word_1_194' title='bbox 3582 1226 3636 1272; x_wconf 90' lang='lat' dir='ltr'><strong>et</strong></span> <span class='ocrx_word' id='word_1_195' title='bbox 3671 1219 3854 1273; x_wconf 85' lang='lat' dir='ltr'><strong>decem</strong></span> 
     </span>
    </p>
   </div>
   <div class='ocr_carea' id='block_1_28' title="bbox 2295 1305 3849 1377">
    <p class='ocr_par' dir='ltr' id='par_1_28' title="bbox 2295 1305 3849 1377">
     <span class='ocr_line' id='line_1_28' title="bbox 2295 1305 3849 1377; baseline 0.002 -19"><span class='ocrx_word' id='word_1_196' title='bbox 2295 1320 2464 1360; x_wconf 87' lang='lat' dir='ltr'><strong>annos</strong></span> <span class='ocrx_word' id='word_1_197' title='bbox 2484 1305 2617 1360; x_wconf 86' lang='lat' dir='ltr'><strong>dies.</strong></span> <span class='ocrx_word' id='word_1_198' title='bbox 2650 1305 2780 1360; x_wconf 85' lang='lat' dir='ltr'><strong>Nam</strong></span> <span class='ocrx_word' id='word_1_199' title='bbox 2809 1307 2999 1377; x_wconf 88' lang='lat' dir='ltr'><strong>viginti</strong></span> <span class='ocrx_word' id='word_1_200' title='bbox 3028 1315 3082 1360; x_wconf 91' lang='lat' dir='ltr'><strong>et</strong></span> <span class='ocrx_word' id='word_1_201' title='bbox 3109 1313 3342 1375; x_wconf 88' lang='lat' dir='ltr'><strong>quatuor</strong></span> <span class='ocrx_word' id='word_1_202' title='bbox 3366 1306 3511 1361; x_wconf 71' lang='lat' dir='ltr'><strong>horae</strong></span> <span class='ocrx_word' id='word_1_203' title='bbox 3535 1308 3671 1360; x_wconf 87' lang='lat' dir='ltr'><strong>diem</strong></span> <span class='ocrx_word' id='word_1_204' title='bbox 3712 1308 3849 1361; x_wconf 84' lang='lat' dir='ltr'><strong>inte-</strong></span> 
     </span>
    </p>
   </div>
   <div class='ocr_carea' id='block_1_29' title="bbox 2295 1395 3875 1464">
    <p class='ocr_par' dir='ltr' id='par_1_29' title="bbox 2295 1395 3875 1464">
     <span class='ocr_line' id='line_1_29' title="bbox 2295 1395 3875 1464; baseline 0.004 -16"><span class='ocrx_word' id='word_1_205' title='bbox 2295 1410 2449 1463; x_wconf 88' lang='lat' dir='ltr'><strong>grum</strong></span> <span class='ocrx_word' id='word_1_206' title='bbox 2477 1395 2784 1464; x_wconf 82' lang='lat' dir='ltr'><strong>perﬁciunt;</strong></span> <span class='ocrx_word' id='word_1_207' title='bbox 2815 1406 3042 1464; x_wconf 82' lang='lat' dir='ltr'><strong>quatuor</strong></span> <span class='ocrx_word' id='word_1_208' title='bbox 3071 1412 3199 1451; x_wconf 84' lang='lat' dir='ltr'><strong>vero</strong></span> <span class='ocrx_word' id='word_1_209' title='bbox 3224 1396 3406 1464; x_wconf 88' lang='lat' dir='ltr'><strong>puncti</strong></span> <span class='ocrx_word' id='word_1_210' title='bbox 3434 1396 3618 1450; x_wconf 86' lang='lat' dir='ltr'><strong>horam</strong></span> <span class='ocrx_word' id='word_1_211' title='bbox 3647 1396 3875 1455; x_wconf 69' lang='lat' dir='ltr'><strong>faciunt.</strong></span> 
     </span>
    </p>
   </div>
   <div class='ocr_carea' id='block_1_30' title="bbox 2294 1476 3856 1557">
    <p class='ocr_par' dir='ltr' id='par_1_30' title="bbox 2294 1476 3856 1557">
     <span class='ocr_line' id='line_1_30' title="bbox 2294 1476 3856 1557; baseline 0 -17"><span class='ocrx_word' id='word_1_212' title='bbox 2294 1487 2525 1541; x_wconf 88' lang='lat' dir='ltr'><strong>sedecim</strong></span> <span class='ocrx_word' id='word_1_213' title='bbox 2547 1488 2726 1556; x_wconf 90' lang='lat' dir='ltr'><strong>puncti</strong></span> <span class='ocrx_word' id='word_1_214' title='bbox 2741 1496 2969 1555; x_wconf 89' lang='lat' dir='ltr'><strong>quatuor</strong></span> <span class='ocrx_word' id='word_1_215' title='bbox 2994 1488 3155 1542; x_wconf 87' lang='lat' dir='ltr'><strong>horas</strong></span> <span class='ocrx_word' id='word_1_216' title='bbox 3172 1476 3407 1542; x_wconf 78' lang='lat' dir='ltr'><strong>cilicium</strong></span> <span class='ocrx_word' id='word_1_217' title='bbox 3433 1496 3517 1541; x_wconf 87' lang='lat' dir='ltr'><strong>:et</strong></span> <span class='ocrx_word' id='word_1_218' title='bbox 3534 1487 3705 1543; x_wconf 85' lang='lat' dir='ltr'><strong>tribus</strong></span> <span class='ocrx_word' id='word_1_219' title='bbox 3724 1478 3856 1557; x_wconf 51' lang='lat' dir='ltr'><strong>pun:</strong></span> 
     </span>
    </p>
   </div>
   <div class='ocr_carea' id='block_1_31' title="bbox 2295 1560 3854 1645">
    <p class='ocr_par' dir='ltr' id='par_1_31' title="bbox 2295 1560 3854 1645">
     <span class='ocr_line' id='line_1_31' title="bbox 2295 1560 3854 1645; baseline 0.001 -15"><span class='ocrx_word' id='word_1_220' title='bbox 2295 1577 2415 1639; x_wconf 91' lang='lat' dir='ltr'><strong>etis,</strong></span> <span class='ocrx_word' id='word_1_221' title='bbox 2440 1560 2850 1645; x_wconf 76' lang='lat' dir='ltr'><strong>quisupersunt,</strong></span> <span class='ocrx_word' id='word_1_222' title='bbox 2881 1576 3015 1630; x_wconf 88' lang='lat' dir='ltr'><strong>adde</strong></span> <span class='ocrx_word' id='word_1_223' title='bbox 3036 1591 3205 1630; x_wconf 90' lang='lat' dir='ltr'><strong>nonas</strong></span> <span class='ocrx_word' id='word_1_224' title='bbox 3234 1576 3466 1632; x_wconf 82' lang='lat' dir='ltr'><strong>decimas</strong></span> <span class='ocrx_word' id='word_1_225' title='bbox 3499 1585 3681 1645; x_wconf 82' lang='lat' dir='ltr'><strong>partes</strong></span> <span class='ocrx_word' id='word_1_226' title='bbox 3697 1578 3854 1631; x_wconf 91' lang='lat' dir='ltr'><strong>unius</strong></span> 
     </span>
    </p>
   </div>
   <div class='ocr_carea' id='block_1_32' title="bbox 2294 1655 3856 1735">
    <p class='ocr_par' dir='ltr' id='par_1_32' title="bbox 2294 1655 3856 1735">
     <span class='ocr_line' id='line_1_32' title="bbox 2294 1655 3856 1735; baseline 0.002 -15"><span class='ocrx_word' id='word_1_227' title='bbox 2294 1668 2502 1735; x_wconf 84' lang='lat' dir='ltr'><strong>puncti,</strong></span> <span class='ocrx_word' id='word_1_228' title='bbox 2532 1676 2587 1722; x_wconf 91' lang='lat' dir='ltr'><strong>et</strong></span> <span class='ocrx_word' id='word_1_229' title='bbox 2614 1655 2749 1721; x_wconf 78' lang='lat' dir='ltr'><strong>ﬁunt</strong></span> <span class='ocrx_word' id='word_1_230' title='bbox 2760 1675 2987 1734; x_wconf 88' lang='lat' dir='ltr'><strong>quatuor</strong></span> <span class='ocrx_word' id='word_1_231' title='bbox 3012 1667 3216 1735; x_wconf 91' lang='lat' dir='ltr'><strong>puncti,</strong></span> <span class='ocrx_word' id='word_1_232' title='bbox 3251 1674 3308 1721; x_wconf 90' lang='lat' dir='ltr'><strong>et</strong></span> <span class='ocrx_word' id='word_1_233' title='bbox 3326 1676 3521 1721; x_wconf 81' lang='lat' dir='ltr'><strong>estuna</strong></span> <span class='ocrx_word' id='word_1_234' title='bbox 3537 1669 3691 1724; x_wconf 87' lang='lat' dir='ltr'><strong>hora.</strong></span> <span class='ocrx_word' id='word_1_235' title='bbox 3709 1667 3856 1723; x_wconf 70' lang='lat' dir='ltr'><strong>[hinc</strong></span> 
     </span>
    </p>
   </div>
   <div class='ocr_carea' id='block_1_33' title="bbox 627 1740 3859 1827">
    <p class='ocr_par' dir='ltr' id='par_1_33' title="bbox 627 1740 3859 1827">
     <span class='ocr_line' id='line_1_33' title="bbox 627 1740 3859 1827; baseline 0.002 -12"><span class='ocrx_word' id='word_1_236' title='bbox 627 1740 770 1815; x_wconf 80' lang='lat' dir='ltr'><strong>tione</strong></span> <span class='ocrx_word' id='word_1_237' title='bbox 804 1762 973 1815; x_wconf 60' lang='lat' dir='ltr'><strong>saltus</strong></span> <span class='ocrx_word' id='word_1_238' title='bbox 1003 1762 1056 1815; x_wconf 93' lang='lat' dir='ltr'><strong>in</strong></span> <span class='ocrx_word' id='word_1_239' title='bbox 1104 1761 1423 1816; x_wconf 73' lang='lat' dir='ltr'><strong>Novembrio</strong></span> <span class='ocrx_word' id='word_1_240' title='bbox 1452 1778 1633 1816; x_wconf 70' lang='lat' dir='ltr'><strong>mense</strong></span> <span class='ocrx_word' id='word_1_241' title='bbox 1676 1763 1965 1816; x_wconf 90' lang='lat' dir='ltr'><strong>transilire.</strong></span> <span class='ocrx_word' id='word_1_242' title='bbox 2018 1762 2192 1817; x_wconf 78' lang='lat' dir='ltr'><strong>Etiam</strong></span> <span class='ocrx_word' id='word_1_243' title='bbox 2226 1740 2270 1797; x_wconf 74' lang='grc' dir='ltr'><strong><em>Β</em></strong></span> <span class='ocrx_word' id='word_1_244' title='bbox 2299 1757 2353 1821; x_wconf 75' lang='lat' dir='ltr'><strong>si.</strong></span> <span class='ocrx_word' id='word_1_245' title='bbox 2395 1756 2661 1812; x_wconf 67' lang='lat' dir='ltr'><strong>addideris</strong></span> <span class='ocrx_word' id='word_1_246' title='bbox 2692 1756 2801 1825; x_wconf 73' lang='lat'><strong>83</strong></span> <span class='ocrx_word' id='word_1_247' title='bbox 2850 1765 3080 1826; x_wconf 71' lang='lat' dir='ltr'><strong>quatuor</strong></span> <span class='ocrx_word' id='word_1_248' title='bbox 3129 1757 3456 1827; x_wconf 70' lang='grc' dir='ltr'><strong>ρτεεεετίριὶε</strong></span> <span class='ocrx_word' id='word_1_249' title='bbox 3496 1758 3663 1824; x_wconf 71' lang='lat' dir='ltr'><strong>horis.</strong></span> <span class='ocrx_word' id='word_1_250' title='bbox 3725 1759 3859 1814; x_wconf 63' lang='lat' dir='ltr'><strong>ﬁunt</strong></span> 
     </span>
    </p>
   </div>
   <div class='ocr_carea' id='block_1_34' title="bbox 626 1850 2199 1915">
    <p class='ocr_par' dir='ltr' id='par_1_34' title="bbox 626 1850 2199 1915">
     <span class='ocr_line' id='line_1_34' title="bbox 626 1850 2199 1915; baseline 0 -10"><span class='ocrx_word' id='word_1_251' title='bbox 626 1861 874 1905; x_wconf 83' lang='lat' dir='ltr'><strong>nec-.etas</strong></span> <span class='ocrx_word' id='word_1_252' title='bbox 904 1850 1107 1905; x_wconf 89' lang='lat' dir='ltr'><strong>lunaris</strong></span> <span class='ocrx_word' id='word_1_253' title='bbox 1139 1852 1190 1905; x_wconf 92' lang='lat' dir='ltr'><strong>in</strong></span> <span class='ocrx_word' id='word_1_254' title='bbox 1221 1850 1501 1915; x_wconf 75' lang='lat' dir='ltr'><strong>Januario,</strong></span> <span class='ocrx_word' id='word_1_255' title='bbox 1535 1852 1849 1912; x_wconf 81' lang='lat' dir='ltr'><strong>Februario.</strong></span> <span class='ocrx_word' id='word_1_256' title='bbox 1904 1851 2095 1905; x_wconf 73' lang='lat' dir='ltr'><strong>Martio</strong></span> <span class='ocrx_word' id='word_1_257' title='bbox 2143 1861 2199 1905; x_wconf 89' lang='lat' dir='ltr'><strong>et</strong></span> 
     </span>
    </p>
   </div>
   <div class='ocr_carea' id='block_1_35' title="bbox 624 1940 2201 2010">
    <p class='ocr_par' dir='ltr' id='par_1_35' title="bbox 624 1940 2201 2010">
     <span class='ocr_line' id='line_1_35' title="bbox 624 1940 2201 2010; baseline -0.001 -17"><span class='ocrx_word' id='word_1_258' title='bbox 624 1940 828 2010; x_wconf 80' lang='lat' dir='ltr'><strong>Aprile,</strong></span> <span class='ocrx_word' id='word_1_259' title='bbox 864 1941 1201 2010; x_wconf 73' lang='lat' dir='ltr'><strong>regularibus</strong></span> <span class='ocrx_word' id='word_1_260' title='bbox 1226 1942 1496 2006; x_wconf 80' lang='lat' dir='ltr'><strong>convenit,</strong></span> <span class='ocrx_word' id='word_1_261' title='bbox 1524 1944 1616 2010; x_wconf 89' lang='lat' dir='ltr'><strong>qui</strong></span> <span class='ocrx_word' id='word_1_262' title='bbox 1668 1941 1945 1995; x_wconf 86' lang='lat' dir='ltr'><strong>observari</strong></span> <span class='ocrx_word' id='word_1_263' title='bbox 2003 1941 2201 1995; x_wconf 88' lang='lat' dir='ltr'><strong>debent</strong></span> 
     </span>
    </p>
   </div>
   <div class='ocr_carea' id='block_1_36' title="bbox 625 2031 2199 2104">
    <p class='ocr_par' dir='ltr' id='par_1_36' title="bbox 625 2031 2199 2104">
     <span class='ocr_line' id='line_1_36' title="bbox 625 2031 2199 2104; baseline 0 -19"><span class='ocrx_word' id='word_1_264' title='bbox 625 2047 723 2101; x_wconf 88' lang='lat' dir='ltr'><strong>per</strong></span> <span class='ocrx_word' id='word_1_265' title='bbox 747 2033 933 2087; x_wconf 90' lang='lat' dir='ltr'><strong>decem</strong></span> <span class='ocrx_word' id='word_1_266' title='bbox 975 2040 1030 2085; x_wconf 92' lang='lat' dir='ltr'><strong>et</strong></span> <span class='ocrx_word' id='word_1_267' title='bbox 1058 2046 1248 2086; x_wconf 84' lang='lat' dir='ltr'><strong>novem</strong></span> <span class='ocrx_word' id='word_1_268' title='bbox 1274 2048 1454 2087; x_wconf 89' lang='lat' dir='ltr'><strong>.annos</strong></span> <span class='ocrx_word' id='word_1_269' title='bbox 1510 2032 1577 2086; x_wconf 92' lang='lat' dir='ltr'><strong>ad</strong></span> <span class='ocrx_word' id='word_1_270' title='bbox 1604 2032 2033 2104; x_wconf 80' lang='lat' dir='ltr'><strong>cognoscendam</strong></span> <span class='ocrx_word' id='word_1_271' title='bbox 2087 2031 2199 2086; x_wconf 87' lang='lat' dir='ltr'><strong>die-</strong></span> 
     </span>
    </p>
   </div>
   <div class='ocr_carea' id='block_1_37' title="bbox 626 2120 2197 2177">
    <p class='ocr_par' dir='ltr' id='par_1_37' title="bbox 626 2120 2197 2177">
     <span class='ocr_line' id='line_1_37' title="bbox 626 2120 2197 2177; baseline 0.002 -4"><span class='ocrx_word' id='word_1_272' title='bbox 626 2122 725 2175; x_wconf 92' lang='lat' dir='ltr'><strong>bus</strong></span> <span class='ocrx_word' id='word_1_273' title='bbox 766 2120 1123 2175; x_wconf 74' lang='lat' dir='ltr'><strong>Kalendarum</strong></span> <span class='ocrx_word' id='word_1_274' title='bbox 1177 2131 1390 2176; x_wconf 79' lang='lat' dir='ltr'><strong>:ntatem</strong></span> <span class='ocrx_word' id='word_1_275' title='bbox 1447 2122 1587 2177; x_wconf 71' lang='lat' dir='ltr'><strong>luna:</strong></span> <span class='ocrx_word' id='word_1_276' title='bbox 1635 2124 1689 2176; x_wconf 93' lang='lat' dir='ltr'><strong>in</strong></span> <span class='ocrx_word' id='word_1_277' title='bbox 1746 2123 2024 2176; x_wconf 87' lang='lat' dir='ltr'><strong>mensibus</strong></span> <span class='ocrx_word' id='word_1_278' title='bbox 2088 2122 2197 2176; x_wconf 81' lang='lat' dir='ltr'><strong>sin-</strong></span> 
     </span>
    </p>
   </div>
   <div class='ocr_carea' id='block_1_38' title="bbox 626 2201 1486 2278">
    <p class='ocr_par' dir='ltr' id='par_1_38' title="bbox 626 2201 1486 2278">
     <span class='ocr_line' id='line_1_38' title="bbox 626 2201 1486 2278; baseline 0.003 -16"><span class='ocrx_word' id='word_1_279' title='bbox 626 2211 783 2278; x_wconf 80' lang='lat' dir='ltr'><strong>gulis.</strong></span> <span class='ocrx_word' id='word_1_280' title='bbox 977 2220 981 2225; x_wconf 80' lang='lat'><strong>‘</strong></span> <span class='ocrx_word' id='word_1_281' title='bbox 1472 2201 1486 2217; x_wconf 82' lang='grc'><em>’</em></span> 
     </span>
    </p>
   </div>
   <div class='ocr_carea' id='block_1_39' title="bbox 696 2300 2199 2371">
    <p class='ocr_par' dir='ltr' id='par_1_39' title="bbox 696 2300 2199 2371">
     <span class='ocr_line' id='line_1_39' title="bbox 696 2300 2199 2371; baseline 0.002 -17"><span class='ocrx_word' id='word_1_282' title='bbox 696 2300 791 2355; x_wconf 84' lang='lat' dir='ltr'><strong>Est</strong></span> <span class='ocrx_word' id='word_1_283' title='bbox 812 2316 1025 2370; x_wconf 89' lang='lat' dir='ltr'><strong>quoque</strong></span> <span class='ocrx_word' id='word_1_284' title='bbox 1046 2301 1185 2355; x_wconf 88' lang='lat' dir='ltr'><strong>aliud</strong></span> <span class='ocrx_word' id='word_1_285' title='bbox 1212 2303 1266 2356; x_wconf 93' lang='lat' dir='ltr'><strong>in</strong></span> <span class='ocrx_word' id='word_1_286' title='bbox 1289 2300 1448 2369; x_wconf 90' lang='lat' dir='ltr'><strong>hujus</strong></span> <span class='ocrx_word' id='word_1_287' title='bbox 1478 2303 1683 2357; x_wconf 87' lang='lat' dir='ltr'><strong>ratione</strong></span> <span class='ocrx_word' id='word_1_288' title='bbox 1720 2302 1888 2357; x_wconf 83' lang='lat' dir='ltr'><strong>saltus</strong></span> <span class='ocrx_word' id='word_1_289' title='bbox 1908 2302 2199 2371; x_wconf 83' lang='lat' dir='ltr'><strong>aliquando</strong></span> 
     </span>
    </p>
   </div>
   <div class='ocr_carea' id='block_1_40' title="bbox 622 2386 2192 2461">
    <p class='ocr_par' dir='ltr' id='par_1_40' title="bbox 622 2386 2192 2461">
     <span class='ocr_line' id='line_1_40' title="bbox 622 2386 2192 2461; baseline 0.002 -17"><span class='ocrx_word' id='word_1_290' title='bbox 622 2386 890 2446; x_wconf 72' lang='lat' dir='ltr'><strong>difﬁcilius</strong></span> <span class='ocrx_word' id='word_1_291' title='bbox 928 2391 1366 2461; x_wconf 83' lang='lat' dir='ltr'><strong>computandum,</strong></span> <span class='ocrx_word' id='word_1_292' title='bbox 1400 2392 1493 2446; x_wconf 90' lang='lat' dir='ltr'><strong>sed</strong></span> <span class='ocrx_word' id='word_1_293' title='bbox 1538 2392 1844 2447; x_wconf 84' lang='lat' dir='ltr'><strong>necessario</strong></span> <span class='ocrx_word' id='word_1_294' title='bbox 1897 2393 2192 2448; x_wconf 90' lang='lat' dir='ltr'><strong>sciendum.</strong></span> 
     </span>
    </p>
   </div>
   <div class='ocr_carea' id='block_1_41' title="bbox 624 2482 2197 2553">
    <p class='ocr_par' dir='ltr' id='par_1_41' title="bbox 624 2482 2197 2553">
     <span class='ocr_line' id='line_1_41' title="bbox 624 2482 2197 2553; baseline 0.003 -17"><span class='ocrx_word' id='word_1_295' title='bbox 624 2482 972 2537; x_wconf 77' lang='lat' dir='ltr'><strong>Notissimum</strong></span> <span class='ocrx_word' id='word_1_296' title='bbox 1006 2499 1135 2537; x_wconf 86' lang='lat' dir='ltr'><strong>vero</strong></span> <span class='ocrx_word' id='word_1_297' title='bbox 1159 2494 1351 2538; x_wconf 64' lang='lat' dir='ltr'><strong>vestra:</strong></span> <span class='ocrx_word' id='word_1_298' title='bbox 1377 2486 1490 2539; x_wconf 90' lang='lat' dir='ltr'><strong>scio</strong></span> <span class='ocrx_word' id='word_1_299' title='bbox 1536 2485 1859 2538; x_wconf 60' lang='lat' dir='ltr'><strong>acutissima:</strong></span> <span class='ocrx_word' id='word_1_300' title='bbox 1900 2485 2197 2553; x_wconf 63' lang='lat' dir='ltr'><strong>prudentie</strong></span> 
     </span>
    </p>
   </div>
   <div class='ocr_carea' id='block_1_42' title="bbox 616 2558 2195 2641">
    <p class='ocr_par' dir='ltr' id='par_1_42' title="bbox 616 2558 2195 2641">
     <span class='ocr_line' id='line_1_42' title="bbox 616 2558 2195 2641; baseline -0.001 -11"><span class='ocrx_word' id='word_1_301' title='bbox 616 2573 760 2638; x_wconf 66' lang='lat' dir='ltr'><strong>lore,</strong></span> <span class='ocrx_word' id='word_1_302' title='bbox 781 2558 922 2641; x_wconf 83' lang='lat' dir='ltr'><strong>quod</strong></span> <span class='ocrx_word' id='word_1_303' title='bbox 954 2574 1005 2627; x_wconf 89' lang='lat' dir='ltr'><strong>in</strong></span> <span class='ocrx_word' id='word_1_304' title='bbox 1032 2575 1409 2629; x_wconf 87' lang='lat' dir='ltr'><strong>communibus</strong></span> <span class='ocrx_word' id='word_1_305' title='bbox 1424 2576 1576 2629; x_wconf 88' lang='lat' dir='ltr'><strong>annis</strong></span> <span class='ocrx_word' id='word_1_306' title='bbox 1598 2576 1891 2630; x_wconf 88' lang='lat' dir='ltr'><strong>secundum</strong></span> <span class='ocrx_word' id='word_1_307' title='bbox 1914 2591 2195 2629; x_wconf 88' lang='lat' dir='ltr'><strong>numerum</strong></span> 
     </span>
    </p>
   </div>
   <div class='ocr_carea' id='block_1_43' title="bbox 622 2661 2194 2730">
    <p class='ocr_par' dir='ltr' id='par_1_43' title="bbox 622 2661 2194 2730">
     <span class='ocr_line' id='line_1_43' title="bbox 622 2661 2194 2730; baseline 0.003 -16"><span class='ocrx_word' id='word_1_308' title='bbox 622 2670 955 2730; x_wconf 85' lang='lat' dir='ltr'><strong>epactarum,</strong></span> <span class='ocrx_word' id='word_1_309' title='bbox 992 2677 1110 2729; x_wconf 68' lang='lat' dir='ltr'><strong>qua:</strong></span> <span class='ocrx_word' id='word_1_310' title='bbox 1144 2661 1369 2730; x_wconf 79' lang='lat' dir='ltr'><strong>singulis</strong></span> <span class='ocrx_word' id='word_1_311' title='bbox 1399 2662 1553 2716; x_wconf 89' lang='lat' dir='ltr'><strong>annis</strong></span> <span class='ocrx_word' id='word_1_312' title='bbox 1593 2671 1910 2718; x_wconf 89' lang='lat' dir='ltr'><strong>accrescunt</strong></span> <span class='ocrx_word' id='word_1_313' title='bbox 1946 2663 2194 2718; x_wconf 85' lang='lat' dir='ltr'><strong>undecim</strong></span> 
     </span>
    </p>
   </div>
   <div class='ocr_carea' id='block_1_44' title="bbox 624 2750 2197 2821">
    <p class='ocr_par' dir='ltr' id='par_1_44' title="bbox 624 2750 2197 2821">
     <span class='ocr_line' id='line_1_44' title="bbox 624 2750 2197 2821; baseline 0.002 -16"><span class='ocrx_word' id='word_1_314' title='bbox 624 2750 841 2815; x_wconf 85' lang='lat' dir='ltr'><strong>diebus;</strong></span> <span class='ocrx_word' id='word_1_315' title='bbox 871 2763 1063 2821; x_wconf 90' lang='lat' dir='ltr'><strong>quarta</strong></span> <span class='ocrx_word' id='word_1_316' title='bbox 1099 2753 1302 2806; x_wconf 86' lang='lat' dir='ltr'><strong>decima</strong></span> <span class='ocrx_word' id='word_1_317' title='bbox 1328 2753 1449 2807; x_wconf 86' lang='lat' dir='ltr'><strong>luna</strong></span> <span class='ocrx_word' id='word_1_318' title='bbox 1478 2753 1754 2808; x_wconf 85' lang='lat' dir='ltr'><strong>Paschalis</strong></span> <span class='ocrx_word' id='word_1_319' title='bbox 1780 2754 1957 2807; x_wconf 89' lang='lat' dir='ltr'><strong>locum</strong></span> <span class='ocrx_word' id='word_1_320' title='bbox 1998 2753 2197 2821; x_wconf 80' lang='lat' dir='ltr'><strong>prioris</strong></span> 
     </span>
    </p>
   </div>
   <div class='ocr_carea' id='block_1_45' title="bbox 624 2838 2190 2913">
    <p class='ocr_par' dir='ltr' id='par_1_45' title="bbox 624 2838 2190 2913">
     <span class='ocr_line' id='line_1_45' title="bbox 624 2838 2190 2913; baseline 0.002 -23"><span class='ocrx_word' id='word_1_321' title='bbox 624 2848 829 2906; x_wconf 66' lang='lat' dir='ltr'><strong>quartae</strong></span> <span class='ocrx_word' id='word_1_322' title='bbox 854 2839 1073 2892; x_wconf 54' lang='lat' dir='ltr'><strong>decima</strong></span> <span class='ocrx_word' id='word_1_323' title='bbox 1100 2839 1346 2895; x_wconf 90' lang='lat' dir='ltr'><strong>undecim</strong></span> <span class='ocrx_word' id='word_1_324' title='bbox 1371 2839 1517 2913; x_wconf 83' lang='grc' dir='ltr'><strong>[ΑΙ.,</strong></span> <span class='ocrx_word' id='word_1_325' title='bbox 1543 2842 1823 2895; x_wconf 88' lang='lat' dir='ltr'><strong>undecima</strong></span> <span class='ocrx_word' id='word_1_326' title='bbox 1846 2858 1859 2906; x_wconf 93' lang='lat'><strong>;</strong></span> <span class='ocrx_word' id='word_1_327' title='bbox 1894 2841 2023 2895; x_wconf 72' lang='lat' dir='ltr'><strong>Cod.</strong></span> <span class='ocrx_word' id='word_1_328' title='bbox 2072 2838 2190 2896; x_wconf 78' lang='lat' dir='ltr'><strong>Vat.</strong></span> 
     </span>
    </p>
   </div>
   <div class='ocr_carea' id='block_1_46' title="bbox 626 2927 2193 3001">
    <p class='ocr_par' dir='ltr' id='par_1_46' title="bbox 626 2927 2193 3001">
     <span class='ocr_line' id='line_1_46' title="bbox 626 2927 2193 3001; baseline 0.004 -20"><span class='ocrx_word' id='word_1_329' title='bbox 626 2927 940 2999; x_wconf 80' lang='lat' dir='ltr'><strong>duodecim]</strong></span> <span class='ocrx_word' id='word_1_330' title='bbox 972 2931 1157 2985; x_wconf 89' lang='lat' dir='ltr'><strong>diebus</strong></span> <span class='ocrx_word' id='word_1_331' title='bbox 1202 2932 1479 3001; x_wconf 87' lang='lat' dir='ltr'><strong>anticipat.</strong></span> <span class='ocrx_word' id='word_1_332' title='bbox 1495 2932 1645 2998; x_wconf 84' lang='lat' dir='ltr'><strong>Quod</strong></span> <span class='ocrx_word' id='word_1_333' title='bbox 1659 2931 1817 2989; x_wconf 78' lang='lat' dir='ltr'><strong>facile</strong></span> <span class='ocrx_word' id='word_1_334' title='bbox 1843 2942 1928 2987; x_wconf 88' lang='lat' dir='ltr'><strong>est</strong></span> <span class='ocrx_word' id='word_1_335' title='bbox 1952 2934 2193 2988; x_wconf 54' lang='lat' dir='ltr'><strong>invenire.</strong></span> 
     </span>
    </p>
   </div>
   <div class='ocr_carea' id='block_1_47' title="bbox 624 3014 2263 3093">
    <p class='ocr_par' dir='ltr' id='par_1_47' title="bbox 624 3014 2263 3093">
     <span class='ocr_line' id='line_1_47' title="bbox 624 3014 2263 3093; baseline 0.005 -22"><span class='ocrx_word' id='word_1_336' title='bbox 624 3033 723 3087; x_wconf 86' lang='lat' dir='ltr'><strong>per</strong></span> <span class='ocrx_word' id='word_1_337' title='bbox 750 3014 1266 3076; x_wconf 83' lang='lat' dir='ltr'><strong>annoseommunes.</strong></span> <span class='ocrx_word' id='word_1_338' title='bbox 1284 3023 1341 3076; x_wconf 91' lang='lat' dir='ltr'><strong>In</strong></span> <span class='ocrx_word' id='word_1_339' title='bbox 1357 3026 1511 3078; x_wconf 88' lang='lat' dir='ltr'><strong>annis</strong></span> <span class='ocrx_word' id='word_1_340' title='bbox 1550 3026 1730 3093; x_wconf 88' lang='lat' dir='ltr'><strong>itaque</strong></span> <span class='ocrx_word' id='word_1_341' title='bbox 1754 3024 2199 3087; x_wconf 84' lang='lat' dir='ltr'><strong>emholismorum</strong></span> <span class='ocrx_word' id='word_1_342' title='bbox 2220 3069 2263 3093; x_wconf 77' lang='grc'><strong>,,</strong></span> 
     </span>
    </p>
   </div>
   <div class='ocr_carea' id='block_1_48' title="bbox 627 3107 2192 3169">
    <p class='ocr_par' dir='ltr' id='par_1_48' title="bbox 627 3107 2192 3169">
     <span class='ocr_line' id='line_1_48' title="bbox 627 3107 2192 3169; baseline 0.005 -8"><span class='ocrx_word' id='word_1_343' title='bbox 627 3107 813 3161; x_wconf 81' lang='lat' dir='ltr'><strong>decem</strong></span> <span class='ocrx_word' id='word_1_344' title='bbox 841 3117 895 3161; x_wconf 89' lang='lat' dir='ltr'><strong>et</strong></span> <span class='ocrx_word' id='word_1_345' title='bbox 916 3125 1108 3164; x_wconf 83' lang='lat' dir='ltr'><strong>novem</strong></span> <span class='ocrx_word' id='word_1_346' title='bbox 1126 3112 1314 3165; x_wconf 89' lang='lat' dir='ltr'><strong>diebus</strong></span> <span class='ocrx_word' id='word_1_347' title='bbox 1328 3116 1619 3167; x_wconf 86' lang='lat' dir='ltr'><strong>secundum</strong></span> <span class='ocrx_word' id='word_1_348' title='bbox 1635 3131 1915 3168; x_wconf 89' lang='lat' dir='ltr'><strong>numerum</strong></span> <span class='ocrx_word' id='word_1_349' title='bbox 1932 3130 2192 3169; x_wconf 91' lang='lat' dir='ltr'><strong>annorum</strong></span> 
     </span>
    </p>
   </div>
   <div class='ocr_carea' id='block_1_49' title="bbox 626 3197 2197 3271">
    <p class='ocr_par' dir='ltr' id='par_1_49' title="bbox 626 3197 2197 3271">
     <span class='ocr_line' id='line_1_49' title="bbox 626 3197 2197 3271; baseline 0.006 -22"><span class='ocrx_word' id='word_1_350' title='bbox 626 3197 815 3253; x_wconf 91' lang='lat' dir='ltr'><strong>circuli</strong></span> <span class='ocrx_word' id='word_1_351' title='bbox 832 3198 1333 3266; x_wconf 81' lang='lat' dir='ltr'><strong>decennovcnnalis,</strong></span> <span class='ocrx_word' id='word_1_352' title='bbox 1358 3212 1548 3271; x_wconf 88' lang='lat' dir='ltr'><strong>quarta</strong></span> <span class='ocrx_word' id='word_1_353' title='bbox 1566 3205 1905 3259; x_wconf 91' lang='lat' dir='ltr'><strong>decimaluna</strong></span> <span class='ocrx_word' id='word_1_354' title='bbox 1922 3205 2197 3261; x_wconf 84' lang='lat' dir='ltr'><strong>Paschalis</strong></span> 
     </span>
    </p>
   </div>
   <div class='ocr_carea' id='block_1_50' title="bbox 626 3287 2197 3371">
    <p class='ocr_par' dir='ltr' id='par_1_50' title="bbox 626 3287 2197 3371">
     <span class='ocr_line' id='line_1_50' title="bbox 626 3287 2197 3371; baseline 0.008 -34"><span class='ocrx_word' id='word_1_355' title='bbox 626 3287 987 3356; x_wconf 85' lang='lat' dir='ltr'><strong>trauspouitur</strong></span> <span class='ocrx_word' id='word_1_356' title='bbox 998 3290 1189 3357; x_wconf 89' lang='lat' dir='ltr'><strong>prioris</strong></span> <span class='ocrx_word' id='word_1_357' title='bbox 1206 3294 1329 3346; x_wconf 91' lang='lat' dir='ltr'><strong>anni</strong></span> <span class='ocrx_word' id='word_1_358' title='bbox 1344 3301 1550 3362; x_wconf 73' lang='lat' dir='ltr'><strong>quarta:</strong></span> <span class='ocrx_word' id='word_1_359' title='bbox 1562 3294 1808 3348; x_wconf 68' lang='lat' dir='ltr'><strong>decimae:</strong></span> <span class='ocrx_word' id='word_1_360' title='bbox 1824 3296 1900 3371; x_wconf 82' lang='lat' dir='ltr'><strong>uti</strong></span> <span class='ocrx_word' id='word_1_361' title='bbox 1912 3296 2197 3350; x_wconf 82' lang='lat' dir='ltr'><strong>detrimen—</strong></span> 
     </span>
    </p>
   </div>
   <div class='ocr_carea' id='block_1_51' title="bbox 627 3382 2195 3457">
    <p class='ocr_par' dir='ltr' id='par_1_51' title="bbox 627 3382 2195 3457">
     <span class='ocr_line' id='line_1_51' title="bbox 627 3382 2195 3457; baseline 0.009 -28"><span class='ocrx_word' id='word_1_362' title='bbox 627 3386 742 3431; x_wconf 88' lang='lat' dir='ltr'><strong>tum</strong></span> <span class='ocrx_word' id='word_1_363' title='bbox 794 3382 1076 3435; x_wconf 81' lang='lat' dir='ltr'><strong>commune</strong></span> <span class='ocrx_word' id='word_1_364' title='bbox 1111 3396 1371 3437; x_wconf 89' lang='lat' dir='ltr'><strong>annorum</strong></span> <span class='ocrx_word' id='word_1_365' title='bbox 1428 3385 1757 3440; x_wconf 79' lang='lat' dir='ltr'><strong>embolismis</strong></span> <span class='ocrx_word' id='word_1_366' title='bbox 1789 3386 2121 3457; x_wconf 75' lang='lat' dir='ltr'><strong>suppleatur.</strong></span> <span class='ocrx_word' id='word_1_367' title='bbox 2142 3396 2195 3443; x_wconf 86' lang='lat' dir='ltr'><strong>et</strong></span> 
     </span>
    </p>
   </div>
   <div class='ocr_carea' id='block_1_52' title="bbox 626 3464 2193 3535">
    <p class='ocr_par' dir='ltr' id='par_1_52' title="bbox 626 3464 2193 3535">
     <span class='ocr_line' id='line_1_52' title="bbox 626 3464 2193 3535; baseline 0.01 -16"><span class='ocrx_word' id='word_1_368' title='bbox 626 3464 952 3535; x_wconf 67' lang='lat' dir='ltr'><strong>ﬁatmqualis</strong></span> <span class='ocrx_word' id='word_1_369' title='bbox 977 3486 1235 3526; x_wconf 88' lang='lat' dir='ltr'><strong>numerus</strong></span> <span class='ocrx_word' id='word_1_370' title='bbox 1264 3474 1469 3527; x_wconf 90' lang='lat' dir='ltr'><strong>dierum</strong></span> <span class='ocrx_word' id='word_1_371' title='bbox 1493 3476 1545 3529; x_wconf 86' lang='lat' dir='ltr'><strong>in</strong></span> <span class='ocrx_word' id='word_1_372' title='bbox 1572 3477 1757 3531; x_wconf 84' lang='lat' dir='ltr'><strong>decem</strong></span> <span class='ocrx_word' id='word_1_373' title='bbox 1772 3485 1828 3530; x_wconf 91' lang='lat' dir='ltr'><strong>et</strong></span> <span class='ocrx_word' id='word_1_374' title='bbox 1847 3491 2035 3531; x_wconf 86' lang='lat' dir='ltr'><strong>novem</strong></span> <span class='ocrx_word' id='word_1_375' title='bbox 2051 3478 2193 3534; x_wconf 89' lang='lat' dir='ltr'><strong>sola-</strong></span> 
     </span>
    </p>
   </div>
   <div class='ocr_carea' id='block_1_53' title="bbox 625 3556 2196 3624">
    <p class='ocr_par' dir='ltr' id='par_1_53' title="bbox 625 3556 2196 3624">
     <span class='ocr_line' id='line_1_53' title="bbox 625 3556 2196 3624; baseline 0.006 -10"><span class='ocrx_word' id='word_1_376' title='bbox 625 3556 797 3623; x_wconf 82' lang='lat' dir='ltr'><strong>ribus,</strong></span> <span class='ocrx_word' id='word_1_377' title='bbox 826 3570 882 3615; x_wconf 89' lang='lat' dir='ltr'><strong>et</strong></span> <span class='ocrx_word' id='word_1_378' title='bbox 913 3562 967 3616; x_wconf 91' lang='lat' dir='ltr'><strong>in</strong></span> <span class='ocrx_word' id='word_1_379' title='bbox 994 3564 1180 3618; x_wconf 87' lang='lat' dir='ltr'><strong>decem</strong></span> <span class='ocrx_word' id='word_1_380' title='bbox 1201 3574 1255 3618; x_wconf 90' lang='lat' dir='ltr'><strong>et</strong></span> <span class='ocrx_word' id='word_1_381' title='bbox 1278 3581 1469 3620; x_wconf 89' lang='lat' dir='ltr'><strong>novem</strong></span> <span class='ocrx_word' id='word_1_382' title='bbox 1515 3566 1794 3622; x_wconf 84' lang='lat' dir='ltr'><strong>lunaribus</strong></span> <span class='ocrx_word' id='word_1_383' title='bbox 1830 3569 2005 3623; x_wconf 88' lang='lat' dir='ltr'><strong>annis.</strong></span> <span class='ocrx_word' id='word_1_384' title='bbox 2050 3568 2196 3624; x_wconf 79' lang='lat' dir='ltr'><strong>Inter</strong></span> 
     </span>
    </p>
   </div>
   <div class='ocr_carea' id='block_1_54' title="bbox 622 3657 2192 3728">
    <p class='ocr_par' dir='ltr' id='par_1_54' title="bbox 622 3657 2192 3728">
     <span class='ocr_line' id='line_1_54' title="bbox 622 3657 2192 3728; baseline 0.006 -20"><span class='ocrx_word' id='word_1_385' title='bbox 622 3664 869 3721; x_wconf 75' lang='lat' dir='ltr'><strong>quartam</strong></span> <span class='ocrx_word' id='word_1_386' title='bbox 913 3657 1175 3712; x_wconf 87' lang='lat' dir='ltr'><strong>decimam</strong></span> <span class='ocrx_word' id='word_1_387' title='bbox 1233 3660 1413 3728; x_wconf 81' lang='lat' dir='ltr'><strong>itaque</strong></span> <span class='ocrx_word' id='word_1_388' title='bbox 1476 3660 1659 3715; x_wconf 87' lang='lat' dir='ltr'><strong>lunam</strong></span> <span class='ocrx_word' id='word_1_389' title='bbox 1720 3662 1995 3718; x_wconf 81' lang='lat' dir='ltr'><strong>novissimi</strong></span> <span class='ocrx_word' id='word_1_390' title='bbox 2069 3664 2192 3718; x_wconf 79' lang='lat' dir='ltr'><strong>anni</strong></span> 
     </span>
    </p>
   </div>
   <div class='ocr_carea' id='block_1_55' title="bbox 621 3745 2191 3820">
    <p class='ocr_par' dir='ltr' id='par_1_55' title="bbox 621 3745 2191 3820">
     <span class='ocr_line' id='line_1_55' title="bbox 621 3745 2191 3820; baseline 0.006 -23"><span class='ocrx_word' id='word_1_391' title='bbox 621 3745 805 3800; x_wconf 79' lang='lat' dir='ltr'><strong>circuli</strong></span> <span class='ocrx_word' id='word_1_392' title='bbox 838 3761 976 3814; x_wconf 62' lang='grc' dir='ltr'><strong>πρε</strong></span> <span class='ocrx_word' id='word_1_393' title='bbox 998 3750 1276 3809; x_wconf 89' lang='lat' dir='ltr'><strong>nominati,</strong></span> <span class='ocrx_word' id='word_1_394' title='bbox 1304 3765 1423 3818; x_wconf 64' lang='lat' dir='ltr'><strong>qua</strong></span> <span class='ocrx_word' id='word_1_395' title='bbox 1464 3750 1525 3805; x_wconf 81' lang='lat' dir='ltr'><strong>ﬁt</strong></span> <span class='ocrx_word' id='word_1_396' title='bbox 1550 3748 1769 3820; x_wconf 59' lang='lat' dir='ltr'><strong>duintas</strong></span> <span class='ocrx_word' id='word_1_397' title='bbox 1796 3754 2033 3809; x_wconf 78' lang='lat' dir='ltr'><strong>decimas</strong></span> <span class='ocrx_word' id='word_1_398' title='bbox 2072 3753 2191 3807; x_wconf 79' lang='lat' dir='ltr'><strong>Kal.</strong></span> 
     </span>
    </p>
   </div>
   <div class='ocr_carea' id='block_1_56' title="bbox 622 3832 2193 3909">
    <p class='ocr_par' dir='ltr' id='par_1_56' title="bbox 622 3832 2193 3909">
     <span class='ocr_line' id='line_1_56' title="bbox 622 3832 2193 3909; baseline 0.007 -24"><span class='ocrx_word' id='word_1_399' title='bbox 622 3832 810 3897; x_wconf 71' lang='lat' dir='ltr'><strong>Maias,</strong></span> <span class='ocrx_word' id='word_1_400' title='bbox 844 3844 902 3889; x_wconf 90' lang='lat' dir='ltr'><strong>et</strong></span> <span class='ocrx_word' id='word_1_401' title='bbox 920 3845 1171 3904; x_wconf 85' lang='lat' dir='ltr'><strong>quartam</strong></span> <span class='ocrx_word' id='word_1_402' title='bbox 1193 3838 1455 3893; x_wconf 87' lang='lat' dir='ltr'><strong>decimam</strong></span> <span class='ocrx_word' id='word_1_403' title='bbox 1481 3841 1640 3909; x_wconf 79' lang='lat' dir='ltr'><strong>primi</strong></span> <span class='ocrx_word' id='word_1_404' title='bbox 1665 3841 1791 3894; x_wconf 90' lang='lat' dir='ltr'><strong>anni</strong></span> <span class='ocrx_word' id='word_1_405' title='bbox 1823 3839 2063 3908; x_wconf 88' lang='lat' dir='ltr'><strong>ejusdem</strong></span> <span class='ocrx_word' id='word_1_406' title='bbox 2084 3843 2193 3896; x_wconf 88' lang='lat' dir='ltr'><strong>eir-</strong></span> 
     </span>
    </p>
   </div>
   <div class='ocr_carea' id='block_1_57' title="bbox 618 3924 2191 4001">
    <p class='ocr_par' dir='ltr' id='par_1_57' title="bbox 618 3924 2191 4001">
     <span class='ocr_line' id='line_1_57' title="bbox 618 3924 2191 4001; baseline 0.005 -22"><span class='ocrx_word' id='word_1_407' title='bbox 618 3924 750 3988; x_wconf 87' lang='lat' dir='ltr'><strong>culi,</strong></span> <span class='ocrx_word' id='word_1_408' title='bbox 777 3940 897 3993; x_wconf 74' lang='lat' dir='ltr'><strong>qure</strong></span> <span class='ocrx_word' id='word_1_409' title='bbox 942 3927 1003 3981; x_wconf 82' lang='lat' dir='ltr'><strong>ﬁt</strong></span> <span class='ocrx_word' id='word_1_410' title='bbox 1031 3928 1213 3983; x_wconf 80' lang='lat' dir='ltr'><strong>Nonas</strong></span> <span class='ocrx_word' id='word_1_411' title='bbox 1264 3930 1494 4001; x_wconf 83' lang='lat' dir='ltr'><strong>Aprilis;</strong></span> <span class='ocrx_word' id='word_1_412' title='bbox 1547 3948 1652 3988; x_wconf 92' lang='lat' dir='ltr'><strong>non</strong></span> <span class='ocrx_word' id='word_1_413' title='bbox 1681 3942 1740 3986; x_wconf 90' lang='lat' dir='ltr'><strong>ut</strong></span> <span class='ocrx_word' id='word_1_414' title='bbox 1788 3933 1999 3988; x_wconf 66' lang='lat' dir='ltr'><strong>ueteris</strong></span> <span class='ocrx_word' id='word_1_415' title='bbox 2038 3935 2191 3988; x_wconf 90' lang='lat' dir='ltr'><strong>annis</strong></span> 
     </span>
    </p>
   </div>
   <div class='ocr_carea' id='block_1_58' title="bbox 621 4018 2193 4085">
    <p class='ocr_par' dir='ltr' id='par_1_58' title="bbox 621 4018 2193 4085">
     <span class='ocr_line' id='line_1_58' title="bbox 621 4018 2193 4085; baseline 0.004 -15"><span class='ocrx_word' id='word_1_416' title='bbox 621 4018 1002 4077; x_wconf 83' lang='lat' dir='ltr'><strong>communibus</strong></span> <span class='ocrx_word' id='word_1_417' title='bbox 1056 4022 1329 4085; x_wconf 86' lang='lat' dir='ltr'><strong>undecim,</strong></span> <span class='ocrx_word' id='word_1_418' title='bbox 1374 4023 1466 4077; x_wconf 89' lang='lat' dir='ltr'><strong>sed</strong></span> <span class='ocrx_word' id='word_1_419' title='bbox 1524 4023 1806 4078; x_wconf 89' lang='lat' dir='ltr'><strong>duodecim</strong></span> <span class='ocrx_word' id='word_1_420' title='bbox 1848 4024 2193 4079; x_wconf 89' lang='lat' dir='ltr'><strong>inveniuntur</strong></span> 
     </span>
    </p>
   </div>
   <div class='ocr_carea' id='block_1_59' title="bbox 622 4111 2191 4181">
    <p class='ocr_par' dir='ltr' id='par_1_59' title="bbox 622 4111 2191 4181">
     <span class='ocr_line' id='line_1_59' title="bbox 622 4111 2191 4181; baseline 0.005 -21"><span class='ocrx_word' id='word_1_421' title='bbox 622 4111 770 4173; x_wconf 88' lang='lat' dir='ltr'><strong>dies;</strong></span> <span class='ocrx_word' id='word_1_422' title='bbox 821 4120 1089 4178; x_wconf 84' lang='lat' dir='ltr'><strong>quatenus</strong></span> <span class='ocrx_word' id='word_1_423' title='bbox 1124 4111 1211 4165; x_wconf 89' lang='lat' dir='ltr'><strong>illa</strong></span> <span class='ocrx_word' id='word_1_424' title='bbox 1234 4112 1369 4176; x_wconf 89' lang='lat' dir='ltr'><strong>dies,</strong></span> <span class='ocrx_word' id='word_1_425' title='bbox 1397 4128 1515 4181; x_wconf 67' lang='lat' dir='ltr'><strong>qum</strong></span> <span class='ocrx_word' id='word_1_426' title='bbox 1542 4114 1595 4166; x_wconf 91' lang='lat' dir='ltr'><strong>in</strong></span> <span class='ocrx_word' id='word_1_427' title='bbox 1640 4112 1961 4169; x_wconf 80' lang='lat' dir='ltr'><strong>Novembrio</strong></span> <span class='ocrx_word' id='word_1_428' title='bbox 2008 4129 2191 4168; x_wconf 89' lang='lat' dir='ltr'><strong>mense</strong></span> 
     </span>
    </p>
   </div>
   <div class='ocr_carea' id='block_1_60' title="bbox 623 4199 2188 4273">
    <p class='ocr_par' dir='ltr' id='par_1_60' title="bbox 623 4199 2188 4273">
     <span class='ocr_line' id='line_1_60' title="bbox 623 4199 2188 4273; baseline 0.004 -22"><span class='ocrx_word' id='word_1_429' title='bbox 623 4199 793 4254; x_wconf 89' lang='lat' dir='ltr'><strong>lunari</strong></span> <span class='ocrx_word' id='word_1_430' title='bbox 824 4201 968 4255; x_wconf 68' lang='lat' dir='ltr'><strong>aetati</strong></span> <span class='ocrx_word' id='word_1_431' title='bbox 991 4202 1237 4271; x_wconf 88' lang='lat' dir='ltr'><strong>adempta</strong></span> <span class='ocrx_word' id='word_1_432' title='bbox 1260 4211 1363 4267; x_wconf 89' lang='lat' dir='ltr'><strong>est,</strong></span> <span class='ocrx_word' id='word_1_433' title='bbox 1396 4202 1604 4257; x_wconf 88' lang='lat' dir='ltr'><strong>hinc&#39;in</strong></span> <span class='ocrx_word' id='word_1_434' title='bbox 1626 4202 1809 4272; x_wconf 84' lang='lat' dir='ltr'><strong>Aprile</strong></span> <span class='ocrx_word' id='word_1_435' title='bbox 1842 4203 1983 4257; x_wconf 91' lang='lat' dir='ltr'><strong>inter</strong></span> <span class='ocrx_word' id='word_1_436' title='bbox 2028 4217 2188 4273; x_wconf 86' lang='lat' dir='ltr'><strong>epac-</strong></span> 
     </span>
    </p>
   </div>
   <div class='ocr_carea' id='block_1_61' title="bbox 625 4290 2188 4357">
    <p class='ocr_par' dir='ltr' id='par_1_61' title="bbox 625 4290 2188 4357">
     <span class='ocr_line' id='line_1_61' title="bbox 625 4290 2188 4357; baseline 0.004 -17"><span class='ocrx_word' id='word_1_437' title='bbox 625 4297 706 4341; x_wconf 89' lang='lat' dir='ltr'><strong>tas</strong></span> <span class='ocrx_word' id='word_1_438' title='bbox 746 4290 1071 4353; x_wconf 81' lang='lat' dir='ltr'><strong>inveniatur,</strong></span> <span class='ocrx_word' id='word_1_439' title='bbox 1102 4300 1411 4357; x_wconf 88' lang='lat' dir='ltr'><strong>epaetarum</strong></span> <span class='ocrx_word' id='word_1_440' title='bbox 1457 4306 1585 4345; x_wconf 90' lang='lat' dir='ltr'><strong>vero</strong></span> <span class='ocrx_word' id='word_1_441' title='bbox 1634 4294 1895 4347; x_wconf 85' lang='lat' dir='ltr'><strong>rationem</strong></span> <span class='ocrx_word' id='word_1_442' title='bbox 1942 4293 2188 4347; x_wconf 85' lang='lat' dir='ltr'><strong>undecim</strong></span> 
     </span>
    </p>
   </div>
   <div class='ocr_carea' id='block_1_62' title="bbox 622 4374 2267 4465">
    <p class='ocr_par' dir='ltr' id='par_1_62' title="bbox 622 4374 2267 4465">
     <span class='ocr_line' id='line_1_62' title="bbox 622 4374 2267 4465; baseline 0.004 -32"><span class='ocrx_word' id='word_1_443' title='bbox 622 4377 810 4433; x_wconf 86' lang='lat' dir='ltr'><strong>diebus</strong></span> <span class='ocrx_word' id='word_1_444' title='bbox 836 4374 1057 4447; x_wconf 75' lang='lat' dir='ltr'><strong>singulis</strong></span> <span class='ocrx_word' id='word_1_445' title='bbox 1110 4381 1266 4435; x_wconf 87' lang='lat' dir='ltr'><strong>annis</strong></span> <span class='ocrx_word' id='word_1_446' title='bbox 1302 4396 1633 4436; x_wconf 89' lang='lat' dir='ltr'><strong>accrescere.</strong></span> <span class='ocrx_word' id='word_1_447' title='bbox 1694 4382 1807 4438; x_wconf 85' lang='lat' dir='ltr'><strong>Hoc</strong></span> <span class='ocrx_word' id='word_1_448' title='bbox 1872 4398 2000 4437; x_wconf 88' lang='lat' dir='ltr'><strong>vero</strong></span> <span class='ocrx_word' id='word_1_449' title='bbox 2046 4400 2186 4439; x_wconf 86' lang='lat' dir='ltr'><strong>anno</strong></span> <span class='ocrx_word' id='word_1_450' title='bbox 2218 4406 2267 4465; x_wconf 75' lang='grc' dir='ltr'><strong>ο</strong></span> 
     </span>
    </p>
   </div>
   <div class='ocr_carea' id='block_1_63' title="bbox 620 4468 2186 4543">
    <p class='ocr_par' dir='ltr' id='par_1_63' title="bbox 620 4468 2186 4543">
     <span class='ocr_line' id='line_1_63' title="bbox 620 4468 2186 4543; baseline 0.006 -25"><span class='ocrx_word' id='word_1_451' title='bbox 620 4475 839 4535; x_wconf 83' lang='lat' dir='ltr'><strong>propter</strong></span> <span class='ocrx_word' id='word_1_452' title='bbox 866 4468 1083 4532; x_wconf 89' lang='lat' dir='ltr'><strong>saltum,</strong></span> <span class='ocrx_word' id='word_1_453' title='bbox 1111 4470 1389 4525; x_wconf 88' lang='lat' dir='ltr'><strong>duodecim</strong></span> <span class='ocrx_word' id='word_1_454' title='bbox 1418 4473 1534 4526; x_wconf 90' lang='lat' dir='ltr'><strong>dies</strong></span> <span class='ocrx_word' id='word_1_455' title='bbox 1561 4474 1703 4527; x_wconf 90' lang='lat' dir='ltr'><strong>inter</strong></span> <span class='ocrx_word' id='word_1_456' title='bbox 1747 4482 1994 4543; x_wconf 82' lang='lat' dir='ltr'><strong>quartam</strong></span> <span class='ocrx_word' id='word_1_457' title='bbox 2040 4475 2186 4529; x_wconf 90' lang='lat' dir='ltr'><strong>deci-</strong></span> 
     </span>
    </p>
   </div>
   <div class='ocr_carea' id='block_1_64' title="bbox 624 4560 2186 4636">
    <p class='ocr_par' dir='ltr' id='par_1_64' title="bbox 624 4560 2186 4636">
     <span class='ocr_line' id='line_1_64' title="bbox 624 4560 2186 4636; baseline 0.008 -29"><span class='ocrx_word' id='word_1_458' title='bbox 624 4572 765 4608; x_wconf 89' lang='lat' dir='ltr'><strong>mam</strong></span> <span class='ocrx_word' id='word_1_459' title='bbox 797 4560 1069 4612; x_wconf 74' lang='lat' dir='ltr'><strong>novissimi</strong></span> <span class='ocrx_word' id='word_1_460' title='bbox 1101 4561 1225 4612; x_wconf 89' lang='lat' dir='ltr'><strong>anni</strong></span> <span class='ocrx_word' id='word_1_461' title='bbox 1253 4571 1308 4614; x_wconf 88' lang='lat' dir='ltr'><strong>et</strong></span> <span class='ocrx_word' id='word_1_462' title='bbox 1338 4565 1863 4630; x_wconf 85' lang='lat' dir='ltr'><strong>quartamdecimam</strong></span> <span class='ocrx_word' id='word_1_463' title='bbox 1884 4566 2043 4636; x_wconf 90' lang='lat' dir='ltr'><strong>primi</strong></span> <span class='ocrx_word' id='word_1_464' title='bbox 2061 4568 2186 4620; x_wconf 87' lang='lat' dir='ltr'><strong>anni</strong></span> 
     </span>
    </p>
   </div>
   <div class='ocr_carea' id='block_1_65' title="bbox 622 4646 2189 4725">
    <p class='ocr_par' dir='ltr' id='par_1_65' title="bbox 622 4646 2189 4725">
     <span class='ocr_line' id='line_1_65' title="bbox 622 4646 2189 4725; baseline 0.01 -29"><span class='ocrx_word' id='word_1_465' title='bbox 622 4646 961 4712; x_wconf 88' lang='lat' dir='ltr'><strong>reperiuntur</strong></span> <span class='ocrx_word' id='word_1_466' title='bbox 990 4663 1003 4699; x_wconf 93' lang='lat'><strong>:</strong></span> <span class='ocrx_word' id='word_1_467' title='bbox 1035 4658 1301 4716; x_wconf 86' lang='lat' dir='ltr'><strong>quatenus</strong></span> <span class='ocrx_word' id='word_1_468' title='bbox 1326 4653 1673 4709; x_wconf 88' lang='lat' dir='ltr'><strong>embolismus</strong></span> <span class='ocrx_word' id='word_1_469' title='bbox 1702 4657 1861 4725; x_wconf 85' lang='lat' dir='ltr'><strong>hujus</strong></span> <span class='ocrx_word' id='word_1_470' title='bbox 1906 4658 2032 4712; x_wconf 88' lang='lat' dir='ltr'><strong>anni</strong></span> <span class='ocrx_word' id='word_1_471' title='bbox 2094 4659 2189 4711; x_wconf 87' lang='lat' dir='ltr'><strong>tri-</strong></span> 
     </span>
    </p>
   </div>
   <div class='ocr_carea' id='block_1_66' title="bbox 619 4736 2184 4813">
    <p class='ocr_par' dir='ltr' id='par_1_66' title="bbox 619 4736 2184 4813">
     <span class='ocr_line' id='line_1_66' title="bbox 619 4736 2184 4813; baseline 0.01 -24"><span class='ocrx_word' id='word_1_472' title='bbox 619 4736 763 4802; x_wconf 81' lang='lat' dir='ltr'><strong>ginta</strong></span> <span class='ocrx_word' id='word_1_473' title='bbox 786 4739 977 4793; x_wconf 87' lang='lat' dir='ltr'><strong>habeat</strong></span> <span class='ocrx_word' id='word_1_474' title='bbox 1002 4741 1117 4795; x_wconf 88' lang='lat' dir='ltr'><strong>dies</strong></span> <span class='ocrx_word' id='word_1_475' title='bbox 1137 4744 1428 4797; x_wconf 86' lang='lat' dir='ltr'><strong>secundum</strong></span> <span class='ocrx_word' id='word_1_476' title='bbox 1448 4747 1710 4800; x_wconf 90' lang='lat' dir='ltr'><strong>rationem</strong></span> <span class='ocrx_word' id='word_1_477' title='bbox 1724 4750 2184 4813; x_wconf 89' lang='lat' dir='ltr'><strong>emholismorum,</strong></span> 
     </span>
    </p>
   </div>
   <div class='ocr_carea' id='block_1_67' title="bbox 619 4830 2185 4908">
    <p class='ocr_par' dir='ltr' id='par_1_67' title="bbox 619 4830 2185 4908">
     <span class='ocr_line' id='line_1_67' title="bbox 619 4830 2185 4908; baseline 0.01 -26"><span class='ocrx_word' id='word_1_478' title='bbox 619 4830 803 4883; x_wconf 88' lang='lat' dir='ltr'><strong>decem</strong></span> <span class='ocrx_word' id='word_1_479' title='bbox 833 4840 886 4884; x_wconf 90' lang='lat' dir='ltr'><strong>et</strong></span> <span class='ocrx_word' id='word_1_480' title='bbox 924 4840 1046 4887; x_wconf 87' lang='lat' dir='ltr'><strong>octo</strong></span> <span class='ocrx_word' id='word_1_481' title='bbox 1074 4836 1347 4890; x_wconf 79' lang='lat' dir='ltr'><strong>novissimi</strong></span> <span class='ocrx_word' id='word_1_482' title='bbox 1374 4839 1498 4891; x_wconf 90' lang='lat' dir='ltr'><strong>anni</strong></span> <span class='ocrx_word' id='word_1_483' title='bbox 1526 4847 1772 4907; x_wconf 87' lang='lat' dir='ltr'><strong>epactas;</strong></span> <span class='ocrx_word' id='word_1_484' title='bbox 1799 4842 1993 4908; x_wconf 89' lang='lat' dir='ltr'><strong>quibus</strong></span> <span class='ocrx_word' id='word_1_485' title='bbox 2014 4842 2055 4896; x_wconf 91' lang='lat' dir='ltr'><strong>si</strong></span> <span class='ocrx_word' id='word_1_486' title='bbox 2092 4843 2185 4897; x_wconf 87' lang='lat' dir='ltr'><strong>ad-</strong></span> 
     </span>
    </p>
   </div>
   <div class='ocr_carea' id='block_1_68' title="bbox 619 4918 2181 4999">
    <p class='ocr_par' dir='ltr' id='par_1_68' title="bbox 619 4918 2181 4999">
     <span class='ocr_line' id='line_1_68' title="bbox 619 4918 2181 4999; baseline 0.013 -29"><span class='ocrx_word' id='word_1_487' title='bbox 619 4918 818 4973; x_wconf 88' lang='lat' dir='ltr'><strong>dideris</strong></span> <span class='ocrx_word' id='word_1_488' title='bbox 842 4921 1107 4987; x_wconf 89' lang='lat' dir='ltr'><strong>undecim,</strong></span> <span class='ocrx_word' id='word_1_489' title='bbox 1138 4928 1227 4993; x_wconf 86' lang='lat' dir='ltr'><strong>qui</strong></span> <span class='ocrx_word' id='word_1_490' title='bbox 1257 4930 1478 4999; x_wconf 82' lang='lat' dir='ltr'><strong>singulis</strong></span> <span class='ocrx_word' id='word_1_491' title='bbox 1515 4934 1670 4987; x_wconf 89' lang='lat' dir='ltr'><strong>annis</strong></span> <span class='ocrx_word' id='word_1_492' title='bbox 1698 4948 1847 4986; x_wconf 85' lang='lat' dir='ltr'><strong>more</strong></span> <span class='ocrx_word' id='word_1_493' title='bbox 1890 4934 2047 4987; x_wconf 83' lang='lat' dir='ltr'><strong>solito</strong></span> <span class='ocrx_word' id='word_1_494' title='bbox 2088 4951 2181 4990; x_wconf 83' lang='lat' dir='ltr'><strong>ac-</strong></span> 
     </span>
    </p>
   </div>
   <div class='ocr_carea' id='block_1_69' title="bbox 578 5018 2183 5095">
    <p class='ocr_par' dir='ltr' id='par_1_69' title="bbox 578 5018 2183 5095">
     <span class='ocr_line' id='line_1_69' title="bbox 578 5018 2183 5095; baseline 0.014 -34"><span class='ocrx_word' id='word_1_495' title='bbox 578 5056 583 5061; x_wconf 85' lang='lat'><strong>.</strong></span> <span class='ocrx_word' id='word_1_496' title='bbox 621 5020 888 5075; x_wconf 88' lang='lat' dir='ltr'><strong>crescunt,</strong></span> <span class='ocrx_word' id='word_1_497' title='bbox 912 5020 966 5065; x_wconf 88' lang='lat' dir='ltr'><strong>et</strong></span> <span class='ocrx_word' id='word_1_498' title='bbox 995 5028 1157 5067; x_wconf 88' lang='lat' dir='ltr'><strong>unum</strong></span> <span class='ocrx_word' id='word_1_499' title='bbox 1183 5018 1351 5073; x_wconf 87' lang='lat' dir='ltr'><strong>saltus</strong></span> <span class='ocrx_word' id='word_1_500' title='bbox 1376 5022 1535 5084; x_wconf 90' lang='lat' dir='ltr'><strong>diem,</strong></span> <span class='ocrx_word' id='word_1_501' title='bbox 1591 5021 1724 5076; x_wconf 79' lang='lat' dir='ltr'><strong>ﬁunt</strong></span> <span class='ocrx_word' id='word_1_502' title='bbox 1771 5025 2007 5095; x_wconf 77' lang='lat' dir='ltr'><strong>triginta.</strong></span> <span class='ocrx_word' id='word_1_503' title='bbox 2058 5028 2183 5083; x_wconf 68' lang='lat' dir='ltr'><strong>ideo</strong></span> 
     </span>
    </p>
   </div>
   <div class='ocr_carea' id='block_1_70' title="bbox 619 5096 2183 5175">
    <p class='ocr_par' dir='ltr' id='par_1_70' title="bbox 619 5096 2183 5175">
     <span class='ocr_line' id='line_1_70' title="bbox 619 5096 2183 5175; baseline 0.014 -27"><span class='ocrx_word' id='word_1_504' title='bbox 619 5096 794 5166; x_wconf 88' lang='lat' dir='ltr'><strong>primo</strong></span> <span class='ocrx_word' id='word_1_505' title='bbox 819 5114 958 5155; x_wconf 88' lang='lat' dir='ltr'><strong>anno</strong></span> <span class='ocrx_word' id='word_1_506' title='bbox 978 5103 1161 5158; x_wconf 88' lang='lat' dir='ltr'><strong>circuli</strong></span> <span class='ocrx_word' id='word_1_507' title='bbox 1193 5120 1330 5175; x_wconf 54' lang='lat' dir='ltr'><strong>saepe</strong></span> <span class='ocrx_word' id='word_1_508' title='bbox 1382 5110 1637 5164; x_wconf 89' lang='lat' dir='ltr'><strong>nominati</strong></span> <span class='ocrx_word' id='word_1_509' title='bbox 1660 5111 1816 5166; x_wconf 61' lang='lat' dir='ltr'><strong>nulla;</strong></span> <span class='ocrx_word' id='word_1_510' title='bbox 1873 5114 2183 5169; x_wconf 86' lang='lat' dir='ltr'><strong>scribuntur</strong></span> 
     </span>
    </p>
   </div>
   <div class='ocr_carea' id='block_1_71' title="bbox 619 5194 2177 5260">
    <p class='ocr_par' dir='ltr' id='par_1_71' title="bbox 619 5194 2177 5260">
     <span class='ocr_line' id='line_1_71' title="bbox 619 5194 2177 5260; baseline 0.01 -21"><span class='ocrx_word' id='word_1_511' title='bbox 619 5196 839 5254; x_wconf 74' lang='lat' dir='ltr'><strong>epactaz,</strong></span> <span class='ocrx_word' id='word_1_512' title='bbox 872 5199 925 5242; x_wconf 91' lang='lat' dir='ltr'><strong>et</strong></span> <span class='ocrx_word' id='word_1_513' title='bbox 949 5204 978 5243; x_wconf 89' lang='lat' dir='ltr'><strong>a</strong></span> <span class='ocrx_word' id='word_1_514' title='bbox 1006 5196 1185 5260; x_wconf 86' lang='lat' dir='ltr'><strong>pueris</strong></span> <span class='ocrx_word' id='word_1_515' title='bbox 1208 5194 1274 5249; x_wconf 89' lang='lat' dir='ltr'><strong>de</strong></span> <span class='ocrx_word' id='word_1_516' title='bbox 1301 5197 1459 5252; x_wconf 91' lang='lat' dir='ltr'><strong>nullis</strong></span> <span class='ocrx_word' id='word_1_517' title='bbox 1487 5199 1538 5251; x_wconf 88' lang='lat' dir='ltr'><strong>in</strong></span> <span class='ocrx_word' id='word_1_518' title='bbox 1561 5201 1806 5255; x_wconf 87' lang='lat' dir='ltr'><strong>undecim</strong></span> <span class='ocrx_word' id='word_1_519' title='bbox 1842 5202 2177 5257; x_wconf 65' lang='lat' dir='ltr'><strong>dewutatur.</strong></span> 
     </span>
    </p>
   </div>
   <div class='ocr_carea' id='block_1_72' title="bbox 622 5276 2185 5353">
    <p class='ocr_par' dir='ltr' id='par_1_72' title="bbox 622 5276 2185 5353">
     <span class='ocr_line' id='line_1_72' title="bbox 622 5276 2185 5353; baseline 0.006 -16"><span class='ocrx_word' id='word_1_520' title='bbox 622 5279 727 5337; x_wconf 85' lang='lat' dir='ltr'><strong>Sed</strong></span> <span class='ocrx_word' id='word_1_521' title='bbox 750 5276 805 5337; x_wconf 81' lang='lat' dir='ltr'><strong>et</strong></span> <span class='ocrx_word' id='word_1_522' title='bbox 827 5282 871 5337; x_wconf 92' lang='lat' dir='ltr'><strong>si</strong></span> <span class='ocrx_word' id='word_1_523' title='bbox 904 5299 934 5335; x_wconf 90' lang='lat' dir='ltr'><strong>a</strong></span> <span class='ocrx_word' id='word_1_524' title='bbox 963 5286 1165 5353; x_wconf 84' lang='lat' dir='ltr'><strong>quintis</strong></span> <span class='ocrx_word' id='word_1_525' title='bbox 1204 5287 1426 5341; x_wconf 87' lang='lat' dir='ltr'><strong>decimis</strong></span> <span class='ocrx_word' id='word_1_526' title='bbox 1484 5289 1737 5346; x_wconf 75' lang='lat' dir='ltr'><strong>Kalendis</strong></span> <span class='ocrx_word' id='word_1_527' title='bbox 1799 5290 1952 5345; x_wconf 75' lang='lat' dir='ltr'><strong>Maiis</strong></span> <span class='ocrx_word' id='word_1_528' title='bbox 2022 5294 2185 5347; x_wconf 86' lang='lat' dir='ltr'><strong>totius</strong></span> 
     </span>
    </p>
   </div>
   <div class='ocr_carea' id='block_1_73' title="bbox 621 5375 2187 5453">
    <p class='ocr_par' dir='ltr' id='par_1_73' title="bbox 621 5375 2187 5453">
     <span class='ocr_line' id='line_1_73' title="bbox 621 5375 2187 5453; baseline 0.008 -27"><span class='ocrx_word' id='word_1_529' title='bbox 621 5375 823 5429; x_wconf 89' lang='lat' dir='ltr'><strong>lunaris</strong></span> <span class='ocrx_word' id='word_1_530' title='bbox 852 5376 977 5431; x_wconf 90' lang='lat' dir='ltr'><strong>anni</strong></span> <span class='ocrx_word' id='word_1_531' title='bbox 1000 5376 1113 5431; x_wconf 84' lang='lat' dir='ltr'><strong>dies</strong></span> <span class='ocrx_word' id='word_1_532' title='bbox 1134 5387 1517 5449; x_wconf 87' lang='lat' dir='ltr'><strong>computantur</strong></span> <span class='ocrx_word' id='word_1_533' title='bbox 1540 5397 1707 5451; x_wconf 89' lang='lat' dir='ltr'><strong>usque</strong></span> <span class='ocrx_word' id='word_1_534' title='bbox 1731 5384 1782 5437; x_wconf 93' lang='lat' dir='ltr'><strong>in</strong></span> <span class='ocrx_word' id='word_1_535' title='bbox 1814 5384 1991 5439; x_wconf 81' lang='lat' dir='ltr'><strong>Nonas</strong></span> <span class='ocrx_word' id='word_1_536' title='bbox 2029 5384 2187 5453; x_wconf 84' lang='lat' dir='ltr'><strong>Apri-</strong></span> 
     </span>
    </p>
   </div>
   <div class='ocr_carea' id='block_1_74' title="bbox 620 5461 2186 5543">
    <p class='ocr_par' dir='ltr' id='par_1_74' title="bbox 620 5461 2186 5543">
     <span class='ocr_line' id='line_1_74' title="bbox 620 5461 2186 5543; baseline 0.009 -28"><span class='ocrx_word' id='word_1_537' title='bbox 620 5461 706 5527; x_wconf 84' lang='lat' dir='ltr'><strong>lis,</strong></span> <span class='ocrx_word' id='word_1_538' title='bbox 732 5478 839 5517; x_wconf 87' lang='lat' dir='ltr'><strong>non</strong></span> <span class='ocrx_word' id='word_1_539' title='bbox 858 5470 919 5517; x_wconf 88' lang='lat' dir='ltr'><strong>ut</strong></span> <span class='ocrx_word' id='word_1_540' title='bbox 944 5465 1151 5520; x_wconf 62' lang='lat' dir='ltr'><strong>ceteris</strong></span> <span class='ocrx_word' id='word_1_541' title='bbox 1176 5469 1332 5522; x_wconf 86' lang='lat' dir='ltr'><strong>annis</strong></span> <span class='ocrx_word' id='word_1_542' title='bbox 1358 5469 1639 5525; x_wconf 88' lang='lat' dir='ltr'><strong>tricenteni</strong></span> <span class='ocrx_word' id='word_1_543' title='bbox 1668 5472 2028 5543; x_wconf 72' lang='lat' dir='ltr'><strong>quinquageni</strong></span> <span class='ocrx_word' id='word_1_544' title='bbox 2052 5490 2186 5543; x_wconf 87' lang='lat' dir='ltr'><strong>qua-</strong></span> 
     </span>
    </p>
   </div>
   <div class='ocr_carea' id='block_1_75' title="bbox 619 5553 2183 5634">
    <p class='ocr_par' dir='ltr' id='par_1_75' title="bbox 619 5553 2183 5634">
     <span class='ocr_line' id='line_1_75' title="bbox 619 5553 2183 5634; baseline 0.012 -32"><span class='ocrx_word' id='word_1_545' title='bbox 619 5553 773 5613; x_wconf 68' lang='lat' dir='ltr'><strong>terni,</strong></span> <span class='ocrx_word' id='word_1_546' title='bbox 806 5555 898 5609; x_wconf 83' lang='lat' dir='ltr'><strong>sed</strong></span> <span class='ocrx_word' id='word_1_547' title='bbox 921 5555 1207 5610; x_wconf 81' lang='lat' dir='ltr'><strong>tricenteni</strong></span> <span class='ocrx_word' id='word_1_548' title='bbox 1232 5559 1596 5631; x_wconf 78' lang='lat' dir='ltr'><strong>quinquageni</strong></span> <span class='ocrx_word' id='word_1_549' title='bbox 1621 5562 1887 5619; x_wconf 82' lang='lat' dir='ltr'><strong>ternldies</strong></span> <span class='ocrx_word' id='word_1_550' title='bbox 1904 5566 2183 5634; x_wconf 78' lang='lat' dir='ltr'><strong>reperiun-</strong></span> 
     </span>
    </p>
   </div>
   <div class='ocr_carea' id='block_1_76' title="bbox 619 5644 2181 5724">
    <p class='ocr_par' dir='ltr' id='par_1_76' title="bbox 619 5644 2181 5724">
     <span class='ocr_line' id='line_1_76' title="bbox 619 5644 2181 5724; baseline 0.01 -32"><span class='ocrx_word' id='word_1_551' title='bbox 619 5646 727 5694; x_wconf 76' lang='lat' dir='ltr'><strong>tur.</strong></span> <span class='ocrx_word' id='word_1_552' title='bbox 765 5644 873 5697; x_wconf 62' lang='lat' dir='ltr'><strong>Nisi</strong></span> <span class='ocrx_word' id='word_1_553' title='bbox 908 5646 1040 5700; x_wconf 76' lang='lat' dir='ltr'><strong>forte</strong></span> <span class='ocrx_word' id='word_1_554' title='bbox 1067 5648 1355 5704; x_wconf 68' lang='lat' dir='ltr'><strong>bisscxlllis</strong></span> <span class='ocrx_word' id='word_1_555' title='bbox 1385 5650 1658 5706; x_wconf 79' lang='lat' dir='ltr'><strong>immineat</strong></span> <span class='ocrx_word' id='word_1_556' title='bbox 1686 5665 1875 5719; x_wconf 75' lang='lat' dir='ltr'><strong>annus,</strong></span> <span class='ocrx_word' id='word_1_557' title='bbox 1908 5658 1997 5724; x_wconf 81' lang='lat' dir='ltr'><strong>qui</strong></span> <span class='ocrx_word' id='word_1_558' title='bbox 2023 5672 2181 5711; x_wconf 87' lang='lat' dir='ltr'><strong>unum</strong></span> 
     </span>
    </p>
   </div>
   <div class='ocr_carea' id='block_1_77' title="bbox 2296 1850 3858 1921">
    <p class='ocr_par' dir='ltr' id='par_1_77' title="bbox 2296 1850 3858 1921">
     <span class='ocr_line' id='line_1_77' title="bbox 2296 1850 3858 1921; baseline 0.007 -22"><span class='ocrx_word' id='word_1_559' title='bbox 2296 1850 2531 1918; x_wconf 84' lang='lat' dir='ltr'><strong>quinque</strong></span> <span class='ocrx_word' id='word_1_560' title='bbox 2561 1850 2930 1915; x_wconf 66' lang='lat' dir='ltr'><strong>borze;ethas</strong></span> <span class='ocrx_word' id='word_1_561' title='bbox 2968 1851 3205 1920; x_wconf 85' lang='lat' dir='ltr'><strong>quinque</strong></span> <span class='ocrx_word' id='word_1_562' title='bbox 3242 1852 3405 1907; x_wconf 88' lang='lat' dir='ltr'><strong>horas</strong></span> <span class='ocrx_word' id='word_1_563' title='bbox 3452 1853 3497 1906; x_wconf 89' lang='lat' dir='ltr'><strong>si</strong></span> <span class='ocrx_word' id='word_1_564' title='bbox 3543 1852 3858 1921; x_wconf 87' lang='lat' dir='ltr'><strong>adjunxeris</strong></span> 
     </span>
    </p>
   </div>
   <div class='ocr_carea' id='block_1_78' title="bbox 2297 1939 3856 2013">
    <p class='ocr_par' dir='ltr' id='par_1_78' title="bbox 2297 1939 3856 2013">
     <span class='ocr_line' id='line_1_78' title="bbox 2297 1939 3856 2013; baseline 0.005 -20"><span class='ocrx_word' id='word_1_565' title='bbox 2297 1939 2481 1993; x_wconf 88' lang='lat' dir='ltr'><strong>decem</strong></span> <span class='ocrx_word' id='word_1_566' title='bbox 2505 1949 2557 1993; x_wconf 93' lang='lat' dir='ltr'><strong>et</strong></span> <span class='ocrx_word' id='word_1_567' title='bbox 2587 1955 2775 1994; x_wconf 88' lang='lat' dir='ltr'><strong>novem</strong></span> <span class='ocrx_word' id='word_1_568' title='bbox 2803 1940 2969 2004; x_wconf 92' lang='lat' dir='ltr'><strong>horis,</strong></span> <span class='ocrx_word' id='word_1_569' title='bbox 3023 1940 3159 1995; x_wconf 73' lang='lat' dir='ltr'><strong>fiunt</strong></span> <span class='ocrx_word' id='word_1_570' title='bbox 3184 1941 3373 2013; x_wconf 83' lang='lat' dir='ltr'><strong>viginti</strong></span> <span class='ocrx_word' id='word_1_571' title='bbox 3419 1952 3649 2012; x_wconf 88' lang='lat' dir='ltr'><strong>quatuor</strong></span> <span class='ocrx_word' id='word_1_572' title='bbox 3688 1946 3856 2012; x_wconf 75' lang='lat' dir='ltr'><strong>bone,</strong></span> 
     </span>
    </p>
   </div>
   <div class='ocr_carea' id='block_1_79' title="bbox 2296 2030 3860 2103">
    <p class='ocr_par' dir='ltr' id='par_1_79' title="bbox 2296 2030 3860 2103">
     <span class='ocr_line' id='line_1_79' title="bbox 2296 2030 3860 2103; baseline 0.004 -20"><span class='ocrx_word' id='word_1_573' title='bbox 2296 2046 2434 2085; x_wconf 90' lang='lat' dir='ltr'><strong>unus</strong></span> <span class='ocrx_word' id='word_1_574' title='bbox 2459 2031 2573 2085; x_wconf 89' lang='lat' dir='ltr'><strong>dies</strong></span> <span class='ocrx_word' id='word_1_575' title='bbox 2602 2030 2809 2099; x_wconf 80' lang='lat' dir='ltr'><strong>integer</strong></span> <span class='ocrx_word' id='word_1_576' title='bbox 2845 2033 2897 2086; x_wconf 89' lang='lat' dir='ltr'><strong>in</strong></span> <span class='ocrx_word' id='word_1_577' title='bbox 2938 2034 3121 2087; x_wconf 88' lang='lat' dir='ltr'><strong>decem</strong></span> <span class='ocrx_word' id='word_1_578' title='bbox 3169 2042 3223 2087; x_wconf 89' lang='lat' dir='ltr'><strong>et</strong></span> <span class='ocrx_word' id='word_1_579' title='bbox 3268 2048 3457 2088; x_wconf 88' lang='lat' dir='ltr'><strong>novem</strong></span> <span class='ocrx_word' id='word_1_580' title='bbox 3510 2034 3665 2088; x_wconf 92' lang='lat' dir='ltr'><strong>annis</strong></span> <span class='ocrx_word' id='word_1_581' title='bbox 3704 2034 3860 2103; x_wconf 78' lang='lat' dir='ltr'><strong>juxta</strong></span> 
     </span>
    </p>
   </div>
   <div class='ocr_carea' id='block_1_80' title="bbox 2297 2118 3863 2194">
    <p class='ocr_par' dir='ltr' id='par_1_80' title="bbox 2297 2118 3863 2194">
     <span class='ocr_line' id='line_1_80' title="bbox 2297 2118 3863 2194; baseline 0.004 -23"><span class='ocrx_word' id='word_1_582' title='bbox 2297 2119 2499 2172; x_wconf 76' lang='lat' dir='ltr'><strong>zodiaci</strong></span> <span class='ocrx_word' id='word_1_583' title='bbox 2518 2120 2632 2189; x_wconf 85' lang='lat' dir='ltr'><strong>jam</strong></span> <span class='ocrx_word' id='word_1_584' title='bbox 2658 2118 2775 2191; x_wconf 85' lang='lat' dir='ltr'><strong>[F.,</strong></span> <span class='ocrx_word' id='word_1_585' title='bbox 2813 2120 3162 2193; x_wconf 78' lang='lat' dir='ltr'><strong>zodiacieam]</strong></span> <span class='ocrx_word' id='word_1_586' title='bbox 3192 2122 3322 2176; x_wconf 92' lang='lat' dir='ltr'><strong>solis</strong></span> <span class='ocrx_word' id='word_1_587' title='bbox 3352 2130 3406 2175; x_wconf 89' lang='lat' dir='ltr'><strong>et</strong></span> <span class='ocrx_word' id='word_1_588' title='bbox 3435 2122 3574 2176; x_wconf 75' lang='lat' dir='ltr'><strong>luna:</strong></span> <span class='ocrx_word' id='word_1_589' title='bbox 3620 2124 3863 2194; x_wconf 82' lang='lat' dir='ltr'><strong>regulam</strong></span> 
     </span>
    </p>
   </div>
   <div class='ocr_carea' id='block_1_81' title="bbox 2295 2208 3859 2283">
    <p class='ocr_par' dir='ltr' id='par_1_81' title="bbox 2295 2208 3859 2283">
     <span class='ocr_line' id='line_1_81' title="bbox 2295 2208 3859 2283; baseline 0.006 -23"><span class='ocrx_word' id='word_1_590' title='bbox 2295 2208 2560 2278; x_wconf 88' lang='lat' dir='ltr'><strong>plenuset</strong></span> <span class='ocrx_word' id='word_1_591' title='bbox 2579 2209 2862 2278; x_wconf 82' lang='lat' dir='ltr'><strong>perfectus.</strong></span> <span class='ocrx_word' id='word_1_592' title='bbox 2893 2210 2958 2265; x_wconf 79' lang='lat' dir='ltr'><strong>Et</strong></span> <span class='ocrx_word' id='word_1_593' title='bbox 2988 2219 3047 2264; x_wconf 91' lang='lat' dir='ltr'><strong>ut</strong></span> <span class='ocrx_word' id='word_1_594' title='bbox 3066 2211 3272 2266; x_wconf 85' lang='lat' dir='ltr'><strong>certius</strong></span> <span class='ocrx_word' id='word_1_595' title='bbox 3294 2210 3516 2283; x_wconf 87' lang='lat' dir='ltr'><strong>intelligi</strong></span> <span class='ocrx_word' id='word_1_596' title='bbox 3538 2212 3708 2282; x_wconf 86' lang='lat' dir='ltr'><strong>possit</strong></span> <span class='ocrx_word' id='word_1_597' title='bbox 3741 2230 3859 2283; x_wconf 76' lang='lat' dir='ltr'><strong>qua:</strong></span> 
     </span>
    </p>
   </div>
   <div class='ocr_carea' id='block_1_82' title="bbox 2296 2298 3857 2374">
    <p class='ocr_par' dir='ltr' id='par_1_82' title="bbox 2296 2298 3857 2374">
     <span class='ocr_line' id='line_1_82' title="bbox 2296 2298 3857 2374; baseline 0.004 -21"><span class='ocrx_word' id='word_1_598' title='bbox 2296 2298 2546 2353; x_wconf 84' lang='lat' dir='ltr'><strong>sitcausa</strong></span> <span class='ocrx_word' id='word_1_599' title='bbox 2574 2300 2743 2355; x_wconf 82' lang='lat' dir='ltr'><strong>saltus</strong></span> <span class='ocrx_word' id='word_1_600' title='bbox 2770 2300 2976 2356; x_wconf 76' lang='lat' dir='ltr'><strong>lunatis</strong></span> <span class='ocrx_word' id='word_1_601' title='bbox 3011 2320 3023 2354; x_wconf 89' lang='lat'>:</span> <span class='ocrx_word' id='word_1_602' title='bbox 3060 2302 3201 2358; x_wconf 91' lang='lat' dir='ltr'><strong>hunc</strong></span> <span class='ocrx_word' id='word_1_603' title='bbox 3250 2316 3379 2358; x_wconf 82' lang='lat' dir='ltr'><strong>vero</strong></span> <span class='ocrx_word' id='word_1_604' title='bbox 3423 2304 3580 2359; x_wconf 92' lang='lat' dir='ltr'><strong>citior</strong></span> <span class='ocrx_word' id='word_1_605' title='bbox 3614 2306 3857 2374; x_wconf 63' lang='lat' dir='ltr'><strong>quedam</strong></span> 
     </span>
    </p>
   </div>
   <div class='ocr_carea' id='block_1_83' title="bbox 2294 2390 3861 2465">
    <p class='ocr_par' dir='ltr' id='par_1_83' title="bbox 2294 2390 3861 2465">
     <span class='ocr_line' id='line_1_83' title="bbox 2294 2390 3861 2465; baseline 0.003 -20"><span class='ocrx_word' id='word_1_606' title='bbox 2294 2399 2349 2446; x_wconf 90' lang='lat' dir='ltr'><strong>et</strong></span> <span class='ocrx_word' id='word_1_607' title='bbox 2376 2390 2610 2447; x_wconf 85' lang='lat' dir='ltr'><strong>velocior</strong></span> <span class='ocrx_word' id='word_1_608' title='bbox 2640 2393 2772 2447; x_wconf 87' lang='lat' dir='ltr'><strong>hora</strong></span> <span class='ocrx_word' id='word_1_609' title='bbox 2802 2407 2911 2448; x_wconf 66' lang='lat' dir='ltr'><strong>suae</strong></span> <span class='ocrx_word' id='word_1_610' title='bbox 2957 2393 3285 2449; x_wconf 88' lang='lat' dir='ltr'><strong>ineensionis</strong></span> <span class='ocrx_word' id='word_1_611' title='bbox 3319 2403 3567 2465; x_wconf 87' lang='lat' dir='ltr'><strong>generat,</strong></span> <span class='ocrx_word' id='word_1_612' title='bbox 3617 2395 3755 2449; x_wconf 89' lang='lat' dir='ltr'><strong>sicut</strong></span> <span class='ocrx_word' id='word_1_613' title='bbox 3805 2403 3861 2451; x_wconf 89' lang='lat' dir='ltr'><strong>et</strong></span> 
     </span>
    </p>
   </div>
   <div class='ocr_carea' id='block_1_84' title="bbox 2295 2478 3860 2557">
    <p class='ocr_par' dir='ltr' id='par_1_84' title="bbox 2295 2478 3860 2557">
     <span class='ocr_line' id='line_1_84' title="bbox 2295 2478 3860 2557; baseline 0.001 -19"><span class='ocrx_word' id='word_1_614' title='bbox 2295 2484 2540 2538; x_wconf 83' lang='lat' dir='ltr'><strong>undecim</strong></span> <span class='ocrx_word' id='word_1_615' title='bbox 2584 2484 2699 2538; x_wconf 83' lang='lat' dir='ltr'><strong>dies</strong></span> <span class='ocrx_word' id='word_1_616' title='bbox 2737 2492 3045 2553; x_wconf 88' lang='lat' dir='ltr'><strong>epaetarum</strong></span> <span class='ocrx_word' id='word_1_617' title='bbox 3074 2478 3267 2539; x_wconf 85' lang='lat' dir='ltr'><strong>annuis</strong></span> <span class='ocrx_word' id='word_1_618' title='bbox 3316 2485 3643 2554; x_wconf 90' lang='lat' dir='ltr'><strong>temporibus</strong></span> <span class='ocrx_word' id='word_1_619' title='bbox 3688 2485 3860 2557; x_wconf 84' lang='lat' dir='ltr'><strong>solent</strong></span> 
     </span>
    </p>
   </div>
   <div class='ocr_carea' id='block_1_85' title="bbox 2293 2572 3857 2645">
    <p class='ocr_par' dir='ltr' id='par_1_85' title="bbox 2293 2572 3857 2645">
     <span class='ocr_line' id='line_1_85' title="bbox 2293 2572 3857 2645; baseline 0.001 -18"><span class='ocrx_word' id='word_1_620' title='bbox 2293 2572 2489 2629; x_wconf 75' lang='lat' dir='ltr'><strong>facere.</strong></span> <span class='ocrx_word' id='word_1_621' title='bbox 2522 2574 2681 2628; x_wconf 81' lang='lat' dir='ltr'><strong>Verbi</strong></span> <span class='ocrx_word' id='word_1_622' title='bbox 2722 2575 2909 2645; x_wconf 80' lang='lat' dir='ltr'><strong>gratia,</strong></span> <span class='ocrx_word' id='word_1_623' title='bbox 2943 2575 2989 2629; x_wconf 91' lang='lat' dir='ltr'><strong>si</strong></span> <span class='ocrx_word' id='word_1_624' title='bbox 3017 2575 3172 2630; x_wconf 90' lang='lat' dir='ltr'><strong>modo</strong></span> <span class='ocrx_word' id='word_1_625' title='bbox 3199 2573 3361 2644; x_wconf 89' lang='lat' dir='ltr'><strong>hujus</strong></span> <span class='ocrx_word' id='word_1_626' title='bbox 3390 2574 3529 2629; x_wconf 65' lang='lat' dir='ltr'><strong>luna:</strong></span> <span class='ocrx_word' id='word_1_627' title='bbox 3573 2573 3857 2630; x_wconf 60' lang='lat' dir='ltr'><strong>No‘embrt</strong></span> 
     </span>
    </p>
   </div>
   <div class='ocr_carea' id='block_1_86' title="bbox 2294 2662 3860 2733">
    <p class='ocr_par' dir='ltr' id='par_1_86' title="bbox 2294 2662 3860 2733">
     <span class='ocr_line' id='line_1_86' title="bbox 2294 2662 3860 2733; baseline 0 -16"><span class='ocrx_word' id='word_1_628' title='bbox 2294 2664 2493 2719; x_wconf 83' lang='lat' dir='ltr'><strong>mensis</strong></span> <span class='ocrx_word' id='word_1_629' title='bbox 2514 2663 2751 2718; x_wconf 90' lang='lat' dir='ltr'><strong>incensio</strong></span> <span class='ocrx_word' id='word_1_630' title='bbox 2770 2671 2919 2718; x_wconf 82' lang='lat' dir='ltr'><strong>sexta</strong></span> <span class='ocrx_word' id='word_1_631' title='bbox 2944 2663 3075 2718; x_wconf 89' lang='lat' dir='ltr'><strong>hora</strong></span> <span class='ocrx_word' id='word_1_632' title='bbox 3098 2664 3202 2718; x_wconf 90' lang='lat' dir='ltr'><strong>diei</strong></span> <span class='ocrx_word' id='word_1_633' title='bbox 3230 2662 3370 2718; x_wconf 80' lang='lat' dir='ltr'><strong>facta</strong></span> <span class='ocrx_word' id='word_1_634' title='bbox 3400 2670 3499 2725; x_wconf 87' lang='lat' dir='ltr'><strong>est,</strong></span> <span class='ocrx_word' id='word_1_635' title='bbox 3518 2662 3860 2733; x_wconf 85' lang='lat' dir='ltr'><strong>eritsequen-</strong></span> 
     </span>
    </p>
   </div>
   <div class='ocr_carea' id='block_1_87' title="bbox 2296 2750 3861 2823">
    <p class='ocr_par' dir='ltr' id='par_1_87' title="bbox 2296 2750 3861 2823">
     <span class='ocr_line' id='line_1_87' title="bbox 2296 2750 3861 2823; baseline -0.001 -14"><span class='ocrx_word' id='word_1_636' title='bbox 2296 2753 2335 2823; x_wconf 79' lang='lat' dir='ltr'><strong>ti</strong></span> <span class='ocrx_word' id='word_1_637' title='bbox 2362 2767 2503 2807; x_wconf 87' lang='lat' dir='ltr'><strong>anno</strong></span> <span class='ocrx_word' id='word_1_638' title='bbox 2527 2750 2764 2820; x_wconf 84' lang='lat' dir='ltr'><strong>ejusdem</strong></span> <span class='ocrx_word' id='word_1_639' title='bbox 2792 2752 2929 2807; x_wconf 68' lang='lat' dir='ltr'><strong>lunze</strong></span> <span class='ocrx_word' id='word_1_640' title='bbox 2962 2752 3122 2805; x_wconf 90' lang='lat' dir='ltr'><strong>unius</strong></span> <span class='ocrx_word' id='word_1_641' title='bbox 3152 2752 3297 2806; x_wconf 77' lang='lat' dir='ltr'><strong>hora:</strong></span> <span class='ocrx_word' id='word_1_642' title='bbox 3320 2760 3375 2806; x_wconf 92' lang='lat' dir='ltr'><strong>et</strong></span> <span class='ocrx_word' id='word_1_643' title='bbox 3392 2752 3550 2807; x_wconf 88' lang='lat' dir='ltr'><strong>unius</strong></span> <span class='ocrx_word' id='word_1_644' title='bbox 3578 2754 3781 2822; x_wconf 87' lang='lat' dir='ltr'><strong>puncti,</strong></span> <span class='ocrx_word' id='word_1_645' title='bbox 3804 2761 3861 2810; x_wconf 84' lang='lat' dir='ltr'><strong>et</strong></span> 
     </span>
    </p>
   </div>
   <div class='ocr_carea' id='block_1_88' title="bbox 2292 2841 3855 2911">
    <p class='ocr_par' dir='ltr' id='par_1_88' title="bbox 2292 2841 3855 2911">
     <span class='ocr_line' id='line_1_88' title="bbox 2292 2841 3855 2911; baseline 0.002 -16"><span class='ocrx_word' id='word_1_646' title='bbox 2292 2856 2430 2895; x_wconf 89' lang='lat' dir='ltr'><strong>nona</strong></span> <span class='ocrx_word' id='word_1_647' title='bbox 2458 2842 2661 2896; x_wconf 87' lang='lat' dir='ltr'><strong>decima</strong></span> <span class='ocrx_word' id='word_1_648' title='bbox 2684 2851 2835 2909; x_wconf 89' lang='lat' dir='ltr'><strong>parte</strong></span> <span class='ocrx_word' id='word_1_649' title='bbox 2864 2842 3023 2895; x_wconf 88' lang='lat' dir='ltr'><strong>unius</strong></span> <span class='ocrx_word' id='word_1_650' title='bbox 3042 2841 3222 2911; x_wconf 90' lang='lat' dir='ltr'><strong>puncti</strong></span> <span class='ocrx_word' id='word_1_651' title='bbox 3252 2842 3492 2898; x_wconf 86' lang='lat' dir='ltr'><strong>incensio</strong></span> <span class='ocrx_word' id='word_1_652' title='bbox 3518 2851 3641 2898; x_wconf 88' lang='lat' dir='ltr'><strong>ante</strong></span> <span class='ocrx_word' id='word_1_653' title='bbox 3669 2843 3855 2898; x_wconf 87' lang='lat' dir='ltr'><strong>horam</strong></span> 
     </span>
    </p>
   </div>
   <div class='ocr_carea' id='block_1_89' title="bbox 2292 2933 3859 3005">
    <p class='ocr_par' dir='ltr' id='par_1_89' title="bbox 2292 2933 3859 3005">
     <span class='ocr_line' id='line_1_89' title="bbox 2292 2933 3859 3005; baseline 0.001 -18"><span class='ocrx_word' id='word_1_654' title='bbox 2292 2942 2499 2987; x_wconf 78' lang='lat' dir='ltr'><strong>sextam</strong></span> <span class='ocrx_word' id='word_1_655' title='bbox 2526 2948 2540 2986; x_wconf 90' lang='lat'><strong>:</strong></span> <span class='ocrx_word' id='word_1_656' title='bbox 2564 2933 2638 2987; x_wconf 93' lang='lat' dir='ltr'><strong>ita</strong></span> <span class='ocrx_word' id='word_1_657' title='bbox 2664 2941 2723 2987; x_wconf 93' lang='lat' dir='ltr'><strong>ut</strong></span> <span class='ocrx_word' id='word_1_658' title='bbox 2749 2941 2857 2989; x_wconf 88' lang='lat' dir='ltr'><strong>tota</strong></span> <span class='ocrx_word' id='word_1_659' title='bbox 2890 2942 3043 2990; x_wconf 80' lang='lat' dir='ltr'><strong>sexta</strong></span> <span class='ocrx_word' id='word_1_660' title='bbox 3066 2934 3195 2988; x_wconf 79' lang='lat' dir='ltr'><strong>liora</strong></span> <span class='ocrx_word' id='word_1_661' title='bbox 3219 2942 3275 2989; x_wconf 92' lang='lat' dir='ltr'><strong>et</strong></span> <span class='ocrx_word' id='word_1_662' title='bbox 3293 2950 3433 2990; x_wconf 92' lang='lat' dir='ltr'><strong>unus</strong></span> <span class='ocrx_word' id='word_1_663' title='bbox 3456 2944 3687 3005; x_wconf 85' lang='lat' dir='ltr'><strong>punetus</strong></span> <span class='ocrx_word' id='word_1_664' title='bbox 3710 2936 3859 3004; x_wconf 82' lang='lat' dir='ltr'><strong>quin-</strong></span> 
     </span>
    </p>
   </div>
   <div class='ocr_carea' id='block_1_90' title="bbox 2297 3021 3861 3093">
    <p class='ocr_par' dir='ltr' id='par_1_90' title="bbox 2297 3021 3861 3093">
     <span class='ocr_line' id='line_1_90' title="bbox 2297 3021 3861 3093; baseline 0 -16"><span class='ocrx_word' id='word_1_665' title='bbox 2297 3031 2362 3077; x_wconf 69' lang='lat' dir='ltr'><strong>ta:</strong></span> <span class='ocrx_word' id='word_1_666' title='bbox 2383 3022 2527 3077; x_wconf 73' lang='lat' dir='ltr'><strong>bone</strong></span> <span class='ocrx_word' id='word_1_667' title='bbox 2553 3030 2607 3077; x_wconf 89' lang='lat' dir='ltr'><strong>et</strong></span> <span class='ocrx_word' id='word_1_668' title='bbox 2633 3037 2771 3077; x_wconf 90' lang='lat' dir='ltr'><strong>nona</strong></span> <span class='ocrx_word' id='word_1_669' title='bbox 2799 3022 3004 3077; x_wconf 86' lang='lat' dir='ltr'><strong>decima</strong></span> <span class='ocrx_word' id='word_1_670' title='bbox 3033 3036 3160 3091; x_wconf 86' lang='lat' dir='ltr'><strong>pars</strong></span> <span class='ocrx_word' id='word_1_671' title='bbox 3202 3022 3361 3077; x_wconf 91' lang='lat' dir='ltr'><strong>unius</strong></span> <span class='ocrx_word' id='word_1_672' title='bbox 3398 3024 3582 3093; x_wconf 84' lang='lat' dir='ltr'><strong>puncti</strong></span> <span class='ocrx_word' id='word_1_673' title='bbox 3606 3021 3861 3092; x_wconf 69' lang='lat' dir='ltr'><strong>ejusdem</strong></span> 
     </span>
    </p>
   </div>
   <div class='ocr_carea' id='block_1_91' title="bbox 2294 3111 3853 3184">
    <p class='ocr_par' dir='ltr' id='par_1_91' title="bbox 2294 3111 3853 3184">
     <span class='ocr_line' id='line_1_91' title="bbox 2294 3111 3853 3184; baseline -0.002 -16"><span class='ocrx_word' id='word_1_674' title='bbox 2294 3113 2442 3168; x_wconf 75' lang='lat' dir='ltr'><strong>hora:</strong></span> <span class='ocrx_word' id='word_1_675' title='bbox 2465 3113 2805 3181; x_wconf 86' lang='lat' dir='ltr'><strong>anticipetur.</strong></span> <span class='ocrx_word' id='word_1_676' title='bbox 2836 3111 2905 3166; x_wconf 83' lang='lat' dir='ltr'><strong>Et</strong></span> <span class='ocrx_word' id='word_1_677' title='bbox 2927 3112 3006 3168; x_wconf 86' lang='lat' dir='ltr'><strong>sic</strong></span> <span class='ocrx_word' id='word_1_678' title='bbox 3030 3127 3363 3168; x_wconf 84' lang='lat' dir='ltr'><strong>se-crescere</strong></span> <span class='ocrx_word' id='word_1_679' title='bbox 3384 3113 3519 3168; x_wconf 83' lang='lat' dir='ltr'><strong>solet</strong></span> <span class='ocrx_word' id='word_1_680' title='bbox 3543 3126 3640 3181; x_wconf 88' lang='lat' dir='ltr'><strong>per</strong></span> <span class='ocrx_word' id='word_1_681' title='bbox 3667 3113 3853 3184; x_wconf 85' lang='lat' dir='ltr'><strong>singu-</strong></span> 
     </span>
    </p>
   </div>
   <div class='ocr_carea' id='block_1_92' title="bbox 2294 3199 3858 3273">
    <p class='ocr_par' dir='ltr' id='par_1_92' title="bbox 2294 3199 3858 3273">
     <span class='ocr_line' id='line_1_92' title="bbox 2294 3199 3858 3273; baseline 0 -18"><span class='ocrx_word' id='word_1_682' title='bbox 2294 3201 2376 3257; x_wconf 89' lang='lat' dir='ltr'><strong>los</strong></span> <span class='ocrx_word' id='word_1_683' title='bbox 2397 3216 2567 3256; x_wconf 87' lang='lat' dir='ltr'><strong>annos</strong></span> <span class='ocrx_word' id='word_1_684' title='bbox 2588 3216 2757 3271; x_wconf 89' lang='lat' dir='ltr'><strong>usque</strong></span> <span class='ocrx_word' id='word_1_685' title='bbox 2789 3202 2843 3256; x_wconf 91' lang='lat' dir='ltr'><strong>in</strong></span> <span class='ocrx_word' id='word_1_686' title='bbox 2866 3202 3009 3257; x_wconf 88' lang='lat' dir='ltr'><strong>diem</strong></span> <span class='ocrx_word' id='word_1_687' title='bbox 3041 3202 3329 3273; x_wconf 86' lang='lat' dir='ltr'><strong>integrum,</strong></span> <span class='ocrx_word' id='word_1_688' title='bbox 3355 3202 3449 3271; x_wconf 89' lang='lat' dir='ltr'><strong>qui</strong></span> <span class='ocrx_word' id='word_1_689' title='bbox 3495 3199 3556 3267; x_wconf 75' lang='lat' dir='ltr'><strong>ﬁt</strong></span> <span class='ocrx_word' id='word_1_690' title='bbox 3605 3202 3858 3258; x_wconf 86' lang='lat' dir='ltr'><strong>horarum</strong></span> 
     </span>
    </p>
   </div>
   <div class='ocr_carea' id='block_1_93' title="bbox 2296 3291 3513 3363">
    <p class='ocr_par' dir='ltr' id='par_1_93' title="bbox 2296 3291 3513 3363">
     <span class='ocr_line' id='line_1_93' title="bbox 2296 3291 3513 3363; baseline 0.003 -19"><span class='ocrx_word' id='word_1_691' title='bbox 2296 3291 2480 3363; x_wconf 84' lang='lat' dir='ltr'><strong>viginti</strong></span> <span class='ocrx_word' id='word_1_692' title='bbox 2499 3300 2746 3360; x_wconf 89' lang='lat' dir='ltr'><strong>quatuor.</strong></span> <span class='ocrx_word' id='word_1_693' title='bbox 3504 3294 3513 3299; x_wconf 75' lang='grc'><strong>’</strong></span> 
     </span>
    </p>
   </div>
   <div class='ocr_carea' id='block_1_94' title="bbox 2366 3380 3854 3454">
    <p class='ocr_par' dir='ltr' id='par_1_94' title="bbox 2366 3380 3854 3454">
     <span class='ocr_line' id='line_1_94' title="bbox 2366 3380 3854 3454; baseline 0 -19"><span class='ocrx_word' id='word_1_694' title='bbox 2366 3381 2490 3435; x_wconf 66' lang='lat' dir='ltr'><strong>H&#39;ec</strong></span> <span class='ocrx_word' id='word_1_695' title='bbox 2508 3390 2696 3436; x_wconf 69' lang='lat' dir='ltr'><strong>vestra:</strong></span> <span class='ocrx_word' id='word_1_696' title='bbox 2719 3381 3182 3437; x_wconf 78' lang='lat' dir='ltr'><strong>excellentissimze</strong></span> <span class='ocrx_word' id='word_1_697' title='bbox 3209 3380 3364 3454; x_wconf 77' lang='lat' dir='ltr'><strong>(Cod.</strong></span> <span class='ocrx_word' id='word_1_698' title='bbox 3408 3381 3548 3447; x_wconf 76' lang='grc' dir='ltr'><em>ναι..</em></span> <span class='ocrx_word' id='word_1_699' title='bbox 3587 3382 3854 3437; x_wconf 80' lang='lat' dir='ltr'><strong>extollen-</strong></span> 
     </span>
    </p>
   </div>
   <div class='ocr_carea' id='block_1_95' title="bbox 2295 3470 3860 3543">
    <p class='ocr_par' dir='ltr' id='par_1_95' title="bbox 2295 3470 3860 3543">
     <span class='ocr_line' id='line_1_95' title="bbox 2295 3470 3860 3543; baseline 0.002 -16"><span class='ocrx_word' id='word_1_700' title='bbox 2295 3470 2538 3543; x_wconf 76' lang='lat' dir='ltr'><strong>tissimm]</strong></span> <span class='ocrx_word' id='word_1_701' title='bbox 2592 3473 2889 3540; x_wconf 57' lang='lat' dir='ltr'><strong>sapientiae,</strong></span> <span class='ocrx_word' id='word_1_702' title='bbox 2941 3475 3015 3530; x_wconf 84' lang='lat' dir='ltr'><strong>mi</strong></span> <span class='ocrx_word' id='word_1_703' title='bbox 3066 3474 3375 3530; x_wconf 89' lang='lat' dir='ltr'><strong>dulcissime</strong></span> <span class='ocrx_word' id='word_1_704' title='bbox 3417 3475 3583 3529; x_wconf 82' lang='lat' dir='ltr'><strong>David</strong></span> <span class='ocrx_word' id='word_1_705' title='bbox 3616 3516 3632 3542; x_wconf 87' lang='lat'><strong>,</strong></span> <span class='ocrx_word' id='word_1_706' title='bbox 3664 3476 3717 3530; x_wconf 89' lang='lat' dir='ltr'><strong>in</strong></span> <span class='ocrx_word' id='word_1_707' title='bbox 3749 3488 3860 3530; x_wconf 84' lang='lat' dir='ltr'><strong>me-</strong></span> 
     </span>
    </p>
   </div>
   <div class='ocr_carea' id='block_1_96' title="bbox 2295 3556 3858 3638">
    <p class='ocr_par' dir='ltr' id='par_1_96' title="bbox 2295 3556 3858 3638">
     <span class='ocr_line' id='line_1_96' title="bbox 2295 3556 3858 3638; baseline 0.004 -21"><span class='ocrx_word' id='word_1_708' title='bbox 2295 3564 2519 3617; x_wconf 85' lang='lat' dir='ltr'><strong>moriam</strong></span> <span class='ocrx_word' id='word_1_709' title='bbox 2544 3578 2796 3617; x_wconf 87' lang='lat' dir='ltr'><strong>revocare</strong></span> <span class='ocrx_word' id='word_1_710' title='bbox 2825 3565 3047 3632; x_wconf 87' lang='lat' dir='ltr'><strong>curavi,</strong></span> <span class='ocrx_word' id='word_1_711' title='bbox 3102 3580 3207 3620; x_wconf 89' lang='lat' dir='ltr'><strong>non</strong></span> <span class='ocrx_word' id='word_1_712' title='bbox 3262 3566 3440 3636; x_wconf 87' lang='lat' dir='ltr'><strong>ignota</strong></span> <span class='ocrx_word' id='word_1_713' title='bbox 3470 3568 3739 3638; x_wconf 86' lang='lat' dir='ltr'><strong>ingerens.</strong></span> <span class='ocrx_word' id='word_1_714' title='bbox 3767 3556 3858 3624; x_wconf 85' lang='lat' dir='ltr'><strong>sed</strong></span> 
     </span>
    </p>
   </div>
   <div class='ocr_carea' id='block_1_97' title="bbox 2293 3642 3857 3725">
    <p class='ocr_par' dir='ltr' id='par_1_97' title="bbox 2293 3642 3857 3725">
     <span class='ocr_line' id='line_1_97' title="bbox 2293 3642 3857 3725; baseline 0.004 -19"><span class='ocrx_word' id='word_1_715' title='bbox 2293 3662 2416 3707; x_wconf 85' lang='lat' dir='ltr'><strong>nota</strong></span> <span class='ocrx_word' id='word_1_716' title='bbox 2440 3662 2685 3723; x_wconf 84' lang='lat' dir='ltr'><strong>repetens</strong></span> <span class='ocrx_word' id='word_1_717' title='bbox 2697 3663 2915 3723; x_wconf 87' lang='lat' dir='ltr'><strong>propter</strong></span> <span class='ocrx_word' id='word_1_718' title='bbox 2930 3657 3377 3725; x_wconf 85' lang='lat' dir='ltr'><strong>opportunitatem</strong></span> <span class='ocrx_word' id='word_1_719' title='bbox 3398 3642 3679 3725; x_wconf 70' lang='lat' dir='ltr'><strong>praesdntis</strong></span> <span class='ocrx_word' id='word_1_720' title='bbox 3700 3657 3857 3721; x_wconf 67' lang='lat' dir='ltr'><strong>lunae,</strong></span> 
     </span>
    </p>
   </div>
   <div class='ocr_carea' id='block_1_98' title="bbox 2293 3743 3858 3811">
    <p class='ocr_par' dir='ltr' id='par_1_98' title="bbox 2293 3743 3858 3811">
     <span class='ocr_line' id='line_1_98' title="bbox 2293 3743 3858 3811; baseline 0.004 -16"><span class='ocrx_word' id='word_1_721' title='bbox 2293 3743 2347 3795; x_wconf 91' lang='lat' dir='ltr'><strong>in</strong></span> <span class='ocrx_word' id='word_1_722' title='bbox 2372 3758 2475 3811; x_wconf 91' lang='lat' dir='ltr'><strong>qua</strong></span> <span class='ocrx_word' id='word_1_723' title='bbox 2506 3745 2641 3797; x_wconf 92' lang='lat' dir='ltr'><strong>ratio</strong></span> <span class='ocrx_word' id='word_1_724' title='bbox 2660 3744 2847 3807; x_wconf 89' lang='lat' dir='ltr'><strong>saltus,</strong></span> <span class='ocrx_word' id='word_1_725' title='bbox 2870 3751 2930 3797; x_wconf 92' lang='lat' dir='ltr'><strong>ut</strong></span> <span class='ocrx_word' id='word_1_726' title='bbox 2948 3745 3175 3807; x_wconf 88' lang='lat' dir='ltr'><strong>videtur,</strong></span> <span class='ocrx_word' id='word_1_727' title='bbox 3195 3746 3430 3800; x_wconf 83' lang='lat' dir='ltr'><strong>maxime</strong></span> <span class='ocrx_word' id='word_1_728' title='bbox 3468 3745 3858 3801; x_wconf 82' lang='lat' dir='ltr'><strong>consideranda</strong></span> 
     </span>
    </p>
   </div>
   <div class='ocr_carea' id='block_1_99' title="bbox 2293 3834 3856 3911">
    <p class='ocr_par' dir='ltr' id='par_1_99' title="bbox 2293 3834 3856 3911">
     <span class='ocr_line' id='line_1_99' title="bbox 2293 3834 3856 3911; baseline 0.005 -23"><span class='ocrx_word' id='word_1_729' title='bbox 2293 3841 2394 3888; x_wconf 86' lang='lat' dir='ltr'><strong>est.</strong></span> <span class='ocrx_word' id='word_1_730' title='bbox 2426 3834 2575 3889; x_wconf 89' lang='lat' dir='ltr'><strong>Licet</strong></span> <span class='ocrx_word' id='word_1_731' title='bbox 2604 3850 2708 3891; x_wconf 90' lang='lat' dir='ltr'><strong>non</strong></span> <span class='ocrx_word' id='word_1_732' title='bbox 2735 3836 3041 3904; x_wconf 86' lang='lat' dir='ltr'><strong>ignoremus</strong></span> <span class='ocrx_word' id='word_1_733' title='bbox 3066 3837 3221 3893; x_wconf 90' lang='lat' dir='ltr'><strong>aliter</strong></span> <span class='ocrx_word' id='word_1_734' title='bbox 3258 3838 3391 3893; x_wconf 87' lang='lat' dir='ltr'><strong>alios</strong></span> <span class='ocrx_word' id='word_1_735' title='bbox 3416 3840 3613 3895; x_wconf 89' lang='lat' dir='ltr'><strong>saltum</strong></span> <span class='ocrx_word' id='word_1_736' title='bbox 3638 3856 3856 3911; x_wconf 86' lang='lat' dir='ltr'><strong>compu-</strong></span> 
     </span>
    </p>
   </div>
   <div class='ocr_carea' id='block_1_100' title="bbox 2294 3924 3851 3997">
    <p class='ocr_par' dir='ltr' id='par_1_100' title="bbox 2294 3924 3851 3997">
     <span class='ocr_line' id='line_1_100' title="bbox 2294 3924 3851 3997; baseline 0.005 -20"><span class='ocrx_word' id='word_1_737' title='bbox 2294 3932 2427 3986; x_wconf 84' lang='lat' dir='ltr'><strong>tare.</strong></span> <span class='ocrx_word' id='word_1_738' title='bbox 2452 3933 2507 3978; x_wconf 89' lang='lat' dir='ltr'><strong>et</strong></span> <span class='ocrx_word' id='word_1_739' title='bbox 2529 3924 2765 3980; x_wconf 87' lang='lat' dir='ltr'><strong>inserere</strong></span> <span class='ocrx_word' id='word_1_740' title='bbox 2785 3924 2959 3990; x_wconf 87' lang='lat' dir='ltr'><strong>velle;</strong></span> <span class='ocrx_word' id='word_1_741' title='bbox 2991 3934 3165 3982; x_wconf 87' lang='lat' dir='ltr'><strong>tamen</strong></span> <span class='ocrx_word' id='word_1_742' title='bbox 3194 3937 3412 3997; x_wconf 86' lang='lat' dir='ltr'><strong>propter</strong></span> <span class='ocrx_word' id='word_1_743' title='bbox 3437 3931 3698 3985; x_wconf 85' lang='lat' dir='ltr'><strong>rationem</strong></span> <span class='ocrx_word' id='word_1_744' title='bbox 3724 3930 3851 3985; x_wconf 81' lang='lat' dir='ltr'><strong>Pas-</strong></span> 
     </span>
    </p>
   </div>
   <div class='ocr_carea' id='block_1_101' title="bbox 2290 4014 3854 4084">
    <p class='ocr_par' dir='ltr' id='par_1_101' title="bbox 2290 4014 3854 4084">
     <span class='ocr_line' id='line_1_101' title="bbox 2290 4014 3854 4084; baseline 0.004 -16"><span class='ocrx_word' id='word_1_745' title='bbox 2290 4014 2459 4068; x_wconf 92' lang='lat' dir='ltr'><strong>chalis</strong></span> <span class='ocrx_word' id='word_1_746' title='bbox 2482 4014 2639 4077; x_wconf 78' lang='lat' dir='ltr'><strong>inme,</strong></span> <span class='ocrx_word' id='word_1_747' title='bbox 2681 4026 2801 4084; x_wconf 67' lang='lat' dir='ltr'><strong>qum</strong></span> <span class='ocrx_word' id='word_1_748' title='bbox 2828 4015 3151 4069; x_wconf 87' lang='lat' dir='ltr'><strong>omnimodis</strong></span> <span class='ocrx_word' id='word_1_749' title='bbox 3178 4015 3499 4073; x_wconf 88' lang='lat' dir='ltr'><strong>inviolabilis</strong></span> <span class='ocrx_word' id='word_1_750' title='bbox 3523 4026 3580 4075; x_wconf 90' lang='lat' dir='ltr'><strong>et</strong></span> <span class='ocrx_word' id='word_1_751' title='bbox 3604 4019 3854 4074; x_wconf 83' lang='lat' dir='ltr'><strong>immuta-</strong></span> 
     </span>
    </p>
   </div>
   <div class='ocr_carea' id='block_1_102' title="bbox 2291 4103 3859 4180">
    <p class='ocr_par' dir='ltr' id='par_1_102' title="bbox 2291 4103 3859 4180">
     <span class='ocr_line' id='line_1_102' title="bbox 2291 4103 3859 4180; baseline 0.006 -23"><span class='ocrx_word' id='word_1_752' title='bbox 2291 4103 2415 4158; x_wconf 90' lang='lat' dir='ltr'><strong>bilis</strong></span> <span class='ocrx_word' id='word_1_753' title='bbox 2458 4118 2775 4173; x_wconf 87' lang='lat' dir='ltr'><strong>permanere</strong></span> <span class='ocrx_word' id='word_1_754' title='bbox 2803 4105 2981 4167; x_wconf 87' lang='lat' dir='ltr'><strong>debet,</strong></span> <span class='ocrx_word' id='word_1_755' title='bbox 3031 4108 3325 4163; x_wconf 84' lang='lat' dir='ltr'><strong>secundum</strong></span> <span class='ocrx_word' id='word_1_756' title='bbox 3376 4111 3599 4180; x_wconf 89' lang='lat' dir='ltr'><strong>antiqua</strong></span> <span class='ocrx_word' id='word_1_757' title='bbox 3648 4119 3859 4166; x_wconf 64' lang='lat' dir='ltr'><strong>sancto.</strong></span> 
     </span>
    </p>
   </div>
   <div class='ocr_carea' id='block_1_103' title="bbox 2292 4192 3859 4260">
    <p class='ocr_par' dir='ltr' id='par_1_103' title="bbox 2292 4192 3859 4260">
     <span class='ocr_line' id='line_1_103' title="bbox 2292 4192 3859 4260; baseline 0.006 -14"><span class='ocrx_word' id='word_1_758' title='bbox 2292 4208 2408 4247; x_wconf 91' lang='lat' dir='ltr'><strong>rum</strong></span> <span class='ocrx_word' id='word_1_759' title='bbox 2438 4192 2656 4248; x_wconf 79' lang='lat' dir='ltr'><strong>Patrum</strong></span> <span class='ocrx_word' id='word_1_760' title='bbox 2675 4195 2936 4260; x_wconf 86' lang='lat' dir='ltr'><strong>instituta,</strong></span> <span class='ocrx_word' id='word_1_761' title='bbox 2963 4207 3019 4251; x_wconf 92' lang='lat' dir='ltr'><strong>et</strong></span> <span class='ocrx_word' id='word_1_762' title='bbox 3044 4197 3208 4252; x_wconf 87' lang='lat' dir='ltr'><strong>totius</strong></span> <span class='ocrx_word' id='word_1_763' title='bbox 3232 4208 3433 4254; x_wconf 61' lang='lat' dir='ltr'><strong>sancte</strong></span> <span class='ocrx_word' id='word_1_764' title='bbox 3458 4198 3712 4256; x_wconf 68' lang='lat' dir='ltr'><strong>Ecclesia:</strong></span> <span class='ocrx_word' id='word_1_765' title='bbox 3735 4215 3859 4257; x_wconf 87' lang='lat' dir='ltr'><strong>con-</strong></span> 
     </span>
    </p>
   </div>
   <div class='ocr_carea' id='block_1_104' title="bbox 2291 4285 3859 4347">
    <p class='ocr_par' dir='ltr' id='par_1_104' title="bbox 2291 4285 3859 4347">
     <span class='ocr_line' id='line_1_104' title="bbox 2291 4285 3859 4347; baseline 0.003 -6"><span class='ocrx_word' id='word_1_766' title='bbox 2291 4286 2650 4347; x_wconf 83' lang='lat' dir='ltr'><strong>suetudinem,</strong></span> <span class='ocrx_word' id='word_1_767' title='bbox 2681 4286 2768 4340; x_wconf 90' lang='lat' dir='ltr'><strong>hic</strong></span> <span class='ocrx_word' id='word_1_768' title='bbox 2792 4286 3021 4340; x_wconf 78' lang='lat' dir='ltr'><strong>maxime</strong></span> <span class='ocrx_word' id='word_1_769' title='bbox 3046 4285 3367 4343; x_wconf 77' lang='lat' dir='ltr'><strong>Novembrio</strong></span> <span class='ocrx_word' id='word_1_770' title='bbox 3390 4304 3569 4346; x_wconf 85' lang='lat' dir='ltr'><strong>mense</strong></span> <span class='ocrx_word' id='word_1_771' title='bbox 3594 4292 3859 4347; x_wconf 74' lang='lat' dir='ltr'><strong>notandus</strong></span> 
     </span>
    </p>
   </div>
   <div class='ocr_carea' id='block_1_105' title="bbox 2290 4373 3861 4450">
    <p class='ocr_par' dir='ltr' id='par_1_105' title="bbox 2290 4373 3861 4450">
     <span class='ocr_line' id='line_1_105' title="bbox 2290 4373 3861 4450; baseline 0.005 -22"><span class='ocrx_word' id='word_1_772' title='bbox 2290 4388 2410 4428; x_wconf 87' lang='lat' dir='ltr'><strong>esse</strong></span> <span class='ocrx_word' id='word_1_773' title='bbox 2460 4374 2688 4427; x_wconf 91' lang='lat' dir='ltr'><strong>videtur.</strong></span> <span class='ocrx_word' id='word_1_774' title='bbox 2735 4373 2846 4444; x_wconf 81' lang='lat' dir='ltr'><strong>Ego</strong></span> <span class='ocrx_word' id='word_1_775' title='bbox 2894 4389 3021 4429; x_wconf 91' lang='lat' dir='ltr'><strong>vero</strong></span> <span class='ocrx_word' id='word_1_776' title='bbox 3061 4376 3260 4432; x_wconf 76' lang='lat' dir='ltr'><strong>veteris</strong></span> <span class='ocrx_word' id='word_1_777' title='bbox 3313 4378 3596 4435; x_wconf 88' lang='lat' dir='ltr'><strong>immemor</strong></span> <span class='ocrx_word' id='word_1_778' title='bbox 3642 4395 3861 4450; x_wconf 83' lang='lat' dir='ltr'><strong>prover-</strong></span> 
     </span>
    </p>
   </div>
   <div class='ocr_carea' id='block_1_106' title="bbox 2292 4461 3858 4536">
    <p class='ocr_par' dir='ltr' id='par_1_106' title="bbox 2292 4461 3858 4536">
     <span class='ocr_line' id='line_1_106' title="bbox 2292 4461 3858 4536; baseline 0.005 -21"><span class='ocrx_word' id='word_1_779' title='bbox 2292 4463 2362 4516; x_wconf 92' lang='lat' dir='ltr'><strong>bii</strong></span> <span class='ocrx_word' id='word_1_780' title='bbox 2396 4461 2549 4517; x_wconf 76' lang='lat' dir='ltr'><strong>:Non</strong></span> <span class='ocrx_word' id='word_1_781' title='bbox 2588 4462 2729 4517; x_wconf 81' lang='lat' dir='ltr'><strong>feres</strong></span> <span class='ocrx_word' id='word_1_782' title='bbox 2777 4464 2915 4535; x_wconf 89' lang='lat' dir='ltr'><strong>ligna</strong></span> <span class='ocrx_word' id='word_1_783' title='bbox 2942 4466 2994 4519; x_wconf 91' lang='lat' dir='ltr'><strong>in</strong></span> <span class='ocrx_word' id='word_1_784' title='bbox 3031 4466 3255 4536; x_wconf 73' lang='lat' dir='ltr'><strong>sylvam,</strong></span> <span class='ocrx_word' id='word_1_785' title='bbox 3286 4468 3384 4522; x_wconf 85' lang='lat' dir='ltr'><strong>has</strong></span> <span class='ocrx_word' id='word_1_786' title='bbox 3410 4469 3510 4522; x_wconf 89' lang='lat' dir='ltr'><strong>sub</strong></span> <span class='ocrx_word' id='word_1_787' title='bbox 3557 4469 3858 4525; x_wconf 88' lang='lat' dir='ltr'><strong>munusculi</strong></span> 
     </span>
    </p>
   </div>
   <div class='ocr_carea' id='block_1_107' title="bbox 2291 4552 3854 4615">
    <p class='ocr_par' dir='ltr' id='par_1_107' title="bbox 2291 4552 3854 4615">
     <span class='ocr_line' id='line_1_107' title="bbox 2291 4552 3854 4615; baseline 0.006 -10"><span class='ocrx_word' id='word_1_788' title='bbox 2291 4553 2506 4607; x_wconf 88' lang='lat' dir='ltr'><strong>nomine</strong></span> <span class='ocrx_word' id='word_1_789' title='bbox 2530 4552 2797 4608; x_wconf 90' lang='lat' dir='ltr'><strong>litterulas</strong></span> <span class='ocrx_word' id='word_1_790' title='bbox 2824 4555 2877 4607; x_wconf 91' lang='lat' dir='ltr'><strong>in</strong></span> <span class='ocrx_word' id='word_1_791' title='bbox 2910 4563 3117 4608; x_wconf 90' lang='lat' dir='ltr'><strong>vestras</strong></span> <span class='ocrx_word' id='word_1_792' title='bbox 3165 4556 3439 4611; x_wconf 84' lang='lat' dir='ltr'><strong>transmisi</strong></span> <span class='ocrx_word' id='word_1_793' title='bbox 3466 4556 3716 4615; x_wconf 85' lang='lat' dir='ltr'><strong>divitias:</strong></span> <span class='ocrx_word' id='word_1_794' title='bbox 3740 4574 3854 4613; x_wconf 82' lang='lat' dir='ltr'><strong>me-</strong></span> 
     </span>
    </p>
   </div>
   <div class='ocr_carea' id='block_1_108' title="bbox 2293 4642 3859 4718">
    <p class='ocr_par' dir='ltr' id='par_1_108' title="bbox 2293 4642 3859 4718">
     <span class='ocr_line' id='line_1_108' title="bbox 2293 4642 3859 4718; baseline 0.006 -21"><span class='ocrx_word' id='word_1_795' title='bbox 2293 4659 2471 4697; x_wconf 89' lang='lat' dir='ltr'><strong>mores</strong></span> <span class='ocrx_word' id='word_1_796' title='bbox 2491 4659 2586 4699; x_wconf 88' lang='lat' dir='ltr'><strong>vos</strong></span> <span class='ocrx_word' id='word_1_797' title='bbox 2611 4658 2732 4697; x_wconf 85' lang='lat' dir='ltr'><strong>esse</strong></span> <span class='ocrx_word' id='word_1_798' title='bbox 2772 4647 2948 4699; x_wconf 88' lang='lat' dir='ltr'><strong>sciens</strong></span> <span class='ocrx_word' id='word_1_799' title='bbox 2988 4645 3218 4701; x_wconf 70' lang='lat' dir='ltr'><strong>laudatre</strong></span> <span class='ocrx_word' id='word_1_800' title='bbox 3258 4646 3447 4713; x_wconf 69' lang='lat' dir='ltr'><strong>vidum,</strong></span> <span class='ocrx_word' id='word_1_801' title='bbox 3498 4646 3619 4718; x_wconf 66' lang='lat' dir='ltr'><strong>Quae</strong></span> <span class='ocrx_word' id='word_1_802' title='bbox 3668 4642 3859 4707; x_wconf 87' lang='lat' dir='ltr'><strong>curato</strong></span> 
     </span>
    </p>
   </div>
   <div class='ocr_carea' id='block_1_109' title="bbox 2295 4732 3859 4808">
    <p class='ocr_par' dir='ltr' id='par_1_109' title="bbox 2295 4732 3859 4808">
     <span class='ocr_line' id='line_1_109' title="bbox 2295 4732 3859 4808; baseline 0.008 -23"><span class='ocrx_word' id='word_1_803' title='bbox 2295 4732 2448 4806; x_wconf 73' lang='grc' dir='ltr'><strong>[ϐοά.</strong></span> <span class='ocrx_word' id='word_1_804' title='bbox 2491 4732 2632 4799; x_wconf 67' lang='grc' dir='ltr'><strong>ναι,</strong></span> <span class='ocrx_word' id='word_1_805' title='bbox 2670 4734 2881 4807; x_wconf 87' lang='lat' dir='ltr'><strong>aurato]</strong></span> <span class='ocrx_word' id='word_1_806' title='bbox 2914 4737 3111 4805; x_wconf 89' lang='lat' dir='ltr'><strong>templo</strong></span> <span class='ocrx_word' id='word_1_807' title='bbox 3149 4738 3254 4793; x_wconf 91' lang='lat' dir='ltr'><strong>duo</strong></span> <span class='ocrx_word' id='word_1_808' title='bbox 3289 4740 3492 4795; x_wconf 88' lang='lat' dir='ltr'><strong>addidit</strong></span> <span class='ocrx_word' id='word_1_809' title='bbox 3522 4743 3725 4797; x_wconf 78' lang='lat' dir='ltr'><strong>minuta</strong></span> <span class='ocrx_word' id='word_1_810' title='bbox 3759 4758 3774 4808; x_wconf 91' lang='lat'><strong>;</strong></span> <span class='ocrx_word' id='word_1_811' title='bbox 3804 4750 3859 4797; x_wconf 88' lang='lat' dir='ltr'><strong>et</strong></span> 
     </span>
    </p>
   </div>
   <div class='ocr_carea' id='block_1_110' title="bbox 2294 4827 3856 4896">
    <p class='ocr_par' dir='ltr' id='par_1_110' title="bbox 2294 4827 3856 4896">
     <span class='ocr_line' id='line_1_110' title="bbox 2294 4827 3856 4896; baseline 0.007 -17"><span class='ocrx_word' id='word_1_812' title='bbox 2294 4827 2507 4880; x_wconf 87' lang='lat' dir='ltr'><strong>illorum</strong></span> <span class='ocrx_word' id='word_1_813' title='bbox 2543 4827 2633 4896; x_wconf 85' lang='lat' dir='ltr'><strong>qui</strong></span> <span class='ocrx_word' id='word_1_814' title='bbox 2678 4827 2815 4896; x_wconf 90' lang='lat' dir='ltr'><strong>pilos</strong></span> <span class='ocrx_word' id='word_1_815' title='bbox 2838 4843 3119 4896; x_wconf 85' lang='lat' dir='ltr'><strong>caprarum</strong></span> <span class='ocrx_word' id='word_1_816' title='bbox 3168 4831 3220 4885; x_wconf 91' lang='lat' dir='ltr'><strong>in</strong></span> <span class='ocrx_word' id='word_1_817' title='bbox 3252 4832 3577 4888; x_wconf 89' lang='lat' dir='ltr'><strong>tabernaculi</strong></span> <span class='ocrx_word' id='word_1_818' title='bbox 3608 4833 3856 4890; x_wconf 76' lang='lat' dir='ltr'><strong>decorent</strong></span> 
     </span>
    </p>
   </div>
   <div class='ocr_carea' id='block_1_111' title="bbox 2291 4917 3858 4991">
    <p class='ocr_par' dir='ltr' id='par_1_111' title="bbox 2291 4917 3858 4991">
     <span class='ocr_line' id='line_1_111' title="bbox 2291 4917 3858 4991; baseline 0.005 -18"><span class='ocrx_word' id='word_1_819' title='bbox 2291 4919 2580 4975; x_wconf 85' lang='lat' dir='ltr'><strong>attulerant</strong></span> <span class='ocrx_word' id='word_1_820' title='bbox 2609 4917 2801 4989; x_wconf 68' lang='lat' dir='ltr'><strong>(Exod.</strong></span> <span class='ocrx_word' id='word_1_821' title='bbox 2833 4935 2957 4984; x_wconf 83' lang='lat' dir='ltr'><strong>xxv,</strong></span> <span class='ocrx_word' id='word_1_822' title='bbox 2982 4921 3015 4974; x_wconf 69' lang='grc'><strong>4</strong></span> <span class='ocrx_word' id='word_1_823' title='bbox 3040 4926 3190 4991; x_wconf 62' lang='grc' dir='ltr'><strong>ιαμ).</strong></span> <span class='ocrx_word' id='word_1_824' title='bbox 3214 4922 3280 4977; x_wconf 86' lang='lat' dir='ltr'><strong>Et</strong></span> <span class='ocrx_word' id='word_1_825' title='bbox 3300 4924 3422 4976; x_wconf 89' lang='lat' dir='ltr'><strong>dum</strong></span> <span class='ocrx_word' id='word_1_826' title='bbox 3451 4923 3701 4980; x_wconf 87' lang='lat' dir='ltr'><strong>omnibus</strong></span> <span class='ocrx_word' id='word_1_827' title='bbox 3728 4927 3858 4981; x_wconf 87' lang='lat' dir='ltr'><strong>estis</strong></span> 
     </span>
    </p>
   </div>
   <div class='ocr_carea' id='block_1_112' title="bbox 2290 5012 3854 5084">
    <p class='ocr_par' dir='ltr' id='par_1_112' title="bbox 2290 5012 3854 5084">
     <span class='ocr_line' id='line_1_112' title="bbox 2290 5012 3854 5084; baseline 0.004 -17"><span class='ocrx_word' id='word_1_828' title='bbox 2290 5014 2522 5084; x_wconf 81' lang='lat' dir='ltr'><strong>benigni,</strong></span> <span class='ocrx_word' id='word_1_829' title='bbox 2554 5012 2792 5067; x_wconf 90' lang='lat' dir='ltr'><strong>omnium</strong></span> <span class='ocrx_word' id='word_1_830' title='bbox 2826 5012 2878 5066; x_wconf 85' lang='lat' dir='ltr'><strong>in</strong></span> <span class='ocrx_word' id='word_1_831' title='bbox 2910 5029 3005 5068; x_wconf 86' lang='lat' dir='ltr'><strong>vos</strong></span> <span class='ocrx_word' id='word_1_832' title='bbox 3047 5014 3281 5069; x_wconf 82' lang='lat' dir='ltr'><strong>favorem</strong></span> <span class='ocrx_word' id='word_1_833' title='bbox 3313 5016 3595 5080; x_wconf 82' lang='lat' dir='ltr'><strong>revocatis,</strong></span> <span class='ocrx_word' id='word_1_834' title='bbox 3636 5026 3691 5074; x_wconf 87' lang='lat' dir='ltr'><strong>et</strong></span> <span class='ocrx_word' id='word_1_835' title='bbox 3719 5033 3854 5074; x_wconf 88' lang='lat' dir='ltr'><strong>eun-</strong></span> 
     </span>
    </p>
   </div>
   <div class='ocr_carea' id='block_1_113' title="bbox 2290 5104 3889 5178">
    <p class='ocr_par' dir='ltr' id='par_1_113' title="bbox 2290 5104 3889 5178">
     <span class='ocr_line' id='line_1_113' title="bbox 2290 5104 3889 5178; baseline 0.005 -22"><span class='ocrx_word' id='word_1_836' title='bbox 2290 5105 2391 5156; x_wconf 91' lang='lat' dir='ltr'><strong>etis</strong></span> <span class='ocrx_word' id='word_1_837' title='bbox 2416 5104 2631 5170; x_wconf 88' lang='lat' dir='ltr'><strong>copiose</strong></span> <span class='ocrx_word' id='word_1_838' title='bbox 2659 5110 2835 5156; x_wconf 88' lang='lat' dir='ltr'><strong>vestra</strong></span> <span class='ocrx_word' id='word_1_839' title='bbox 2860 5104 3197 5159; x_wconf 79' lang='lat' dir='ltr'><strong>benefaciens</strong></span> <span class='ocrx_word' id='word_1_840' title='bbox 3224 5105 3394 5178; x_wconf 90' lang='lat' dir='ltr'><strong>pietas</strong></span> <span class='ocrx_word' id='word_1_841' title='bbox 3419 5115 3734 5164; x_wconf 86' lang='lat' dir='ltr'><strong>cunctorum</strong></span> <span class='ocrx_word' id='word_1_842' title='bbox 3756 5125 3850 5165; x_wconf 59' lang='lat' dir='ltr'><strong>voc</strong></span> <span class='ocrx_word' id='word_1_843' title='bbox 3875 5154 3889 5164; x_wconf 87' lang='lat'><strong>.</strong></span> 
     </span>
    </p>
   </div>
   <div class='ocr_carea' id='block_1_114' title="bbox 2289 5192 3851 5264">
    <p class='ocr_par' dir='ltr' id='par_1_114' title="bbox 2289 5192 3851 5264">
     <span class='ocr_line' id='line_1_114' title="bbox 2289 5192 3851 5264; baseline 0.004 -17"><span class='ocrx_word' id='word_1_844' title='bbox 2289 5193 2372 5247; x_wconf 90' lang='lat' dir='ltr'><strong>bis</strong></span> <span class='ocrx_word' id='word_1_845' title='bbox 2420 5192 2633 5247; x_wconf 84' lang='lat' dir='ltr'><strong>divitias</strong></span> <span class='ocrx_word' id='word_1_846' title='bbox 2673 5193 2895 5247; x_wconf 85' lang='lat' dir='ltr'><strong>attrahit</strong></span> <span class='ocrx_word' id='word_1_847' title='bbox 2934 5234 2949 5257; x_wconf 95' lang='lat'><strong>,</strong></span> <span class='ocrx_word' id='word_1_848' title='bbox 2999 5194 3136 5248; x_wconf 87' lang='lat' dir='ltr'><strong>sicut</strong></span> <span class='ocrx_word' id='word_1_849' title='bbox 3170 5193 3459 5263; x_wconf 85' lang='lat' dir='ltr'><strong>Apostolus</strong></span> <span class='ocrx_word' id='word_1_850' title='bbox 3497 5198 3611 5253; x_wconf 81' lang='lat' dir='ltr'><strong>ait:</strong></span> <span class='ocrx_word' id='word_1_851' title='bbox 3638 5196 3742 5264; x_wconf 72' lang='lat' dir='ltr'><strong>Qui</strong></span> <span class='ocrx_word' id='word_1_852' title='bbox 3767 5214 3851 5253; x_wconf 75' lang='lat' dir='ltr'><strong>u-</strong></span> 
     </span>
    </p>
   </div>
   <div class='ocr_carea' id='block_1_115' title="bbox 2288 5281 3846 5346">
    <p class='ocr_par' dir='ltr' id='par_1_115' title="bbox 2288 5281 3846 5346">
     <span class='ocr_line' id='line_1_115' title="bbox 2288 5281 3846 5346; baseline 0.004 -14"><span class='ocrx_word' id='word_1_853' title='bbox 2288 5283 2450 5333; x_wconf 78' lang='lat' dir='ltr'><strong>nith</strong></span> <span class='ocrx_word' id='word_1_854' title='bbox 2492 5281 2546 5332; x_wconf 81' lang='lat' dir='ltr'><strong>in</strong></span> <span class='ocrx_word' id='word_1_855' title='bbox 2577 5281 2947 5346; x_wconf 77' lang='lat' dir='ltr'><strong>benedictione.</strong></span> <span class='ocrx_word' id='word_1_856' title='bbox 2988 5281 3053 5333; x_wconf 75' lang='lat' dir='ltr'><strong>de</strong></span> <span class='ocrx_word' id='word_1_857' title='bbox 3102 5281 3449 5341; x_wconf 68' lang='lat' dir='ltr'><strong>benedictione</strong></span> <span class='ocrx_word' id='word_1_858' title='bbox 3490 5294 3645 5345; x_wconf 68' lang='lat' dir='ltr'><strong>male!</strong></span> <span class='ocrx_word' id='word_1_859' title='bbox 3691 5288 3846 5341; x_wconf 73' lang='lat' dir='ltr'><strong>vitam</strong></span> 
     </span>
    </p>
   </div>
   <div class='ocr_carea' id='block_1_116' title="bbox 2290 5370 3005 5442">
    <p class='ocr_par' dir='ltr' id='par_1_116' title="bbox 2290 5370 3005 5442">
     <span class='ocr_line' id='line_1_116' title="bbox 2290 5370 3005 5442; baseline -0.006 -14"><span class='ocrx_word' id='word_1_860' title='bbox 2290 5383 2534 5428; x_wconf 63' lang='lat' dir='ltr'><strong>«lernam</strong></span> <span class='ocrx_word' id='word_1_861' title='bbox 2566 5370 2649 5441; x_wconf 83' lang='lat' dir='ltr'><strong>(Il</strong></span> <span class='ocrx_word' id='word_1_862' title='bbox 2674 5371 2794 5427; x_wconf 88' lang='lat' dir='ltr'><strong>Cor.</strong></span> <span class='ocrx_word' id='word_1_863' title='bbox 2821 5390 2893 5433; x_wconf 74' lang='grc' dir='ltr'><strong>ις,</strong></span> <span class='ocrx_word' id='word_1_864' title='bbox 2930 5371 3005 5442; x_wconf 82' lang='grc'><strong>6).</strong></span> 
     </span>
    </p>
   </div>
  </div>
