4226 6194
612 384 717 438 9.59

1471 376 1531 430 Β.
1574 376 1634 431 17.
1673 373 1893 429 ALle
1934 374 2069 436 SEU.
2102 371 2376 428 ALCUINI
2412 369 2692 435 OPERUM
2727 368 2903 423 PARS
2942 368 2980 422 Ι.

3737 364 3840 421 960

610 491 794 564 sum]:
822 491 913 546 sed
956 498 1009 544 et
1041 489 1472 549 Torbcmundum
1500 501 1525 528 ι
1553 488 1822 561 Hcdilredi
1866 488 2008 556 regis
2051 485 2177 540 lidc-
2206 500 2250 549 Α
2280 485 2568 539 venerabili
2604 484 2849 564 aspectui
2878 492 3054 535 vestro
3082 490 3420 550 pnescntare.
3452 478 3639 535 Sciens
3665 491 3844 537 autem

602 581 716 638 lem
742 580 1017 644 famulum,
1041 580 1214 633 virum
1260 579 1314 632 in
1351 578 1455 632 ﬁde
1480 578 1783 646 probatum,
1815 576 2175 631 strenuum/in

608 672 777 726 armis
800 684 815 723 :
840 669 931 739 qui
954 668 1165 722 fortiter
1187 666 1497 735 sanguinem
1523 664 1722 720 domini
1755 664 1837 718 sui
1864 661 2172 717 vindicavit.

613 759 679 816 lli
710 775 895 815 omnes
917 759 1046 812 mihi
1073 757 1223 810 valde
1251 757 1463 810 fuerunt
1488 754 1688 817 ﬁdeles,
1720 762 1776 807 et
1802 752 2069 820 adjutores
2097 750 2179 804 iti-

613 850 758 904 neris
792 848 918 911 mei,
956 846 1039 899 vel
1084 858 1323 899 meorum
1368 842 1677 897 defensores
1710 854 2024 910 puerorum,
2074 840 2178 892 huc

612 938 840 1005 illucque
868 932 1300 989 discurrentium.
1339 930 1415 984 De
1442 929 1636 998 quibus
1662 929 1914 997 optimam
1942 933 2176 979 vestram

613 1028 867 1094 deprecor
906 1022 1265 1084 clementiam,
1322 1019 1478 1073 solita
1534 1018 1859 1089 benignitate
1906 1015 2178 1083 suscipere

613 1132 727 1178 eos,
749 1116 873 1183 quia
895 1114 1025 1169 mihi
1049 1111 1337 1167 necessarii
1365 1109 1579 1166 fuerunt
1604 1108 1967 1177 unusquisque
1987 1107 2040 1159 in
2062 1106 2179 1159 loco

614 1222 729 1260 suo.
782 1205 988 1272 Saepius
1037 1203 1260 1272 cognovi
1312 1201 1617 1255 sacerdotes
1668 1198 1965 1269 religiosos,
2014 1187 2091 1250 et'
2123 1211 2177 1248 in

613 1294 812 1349 Christi
835 1293 1051 1347 servitio
1079 1292 1454 1356 devotos;.nec
1478 1303 1584 1343 non
1612 1284 1756 1342 viros
1774 1286 1955 1349 fortes,
1980 1294 2035 1339 et
2057 1284 2179 1338 lide-

612 1383 693 1438 les
716 1383 766 1435 in
793 1382 1033 1436 szeculari
1057 1381 1334 1450 dignitate,
1353 1387 1542 1432 vestra:
1560 1375 1852 1431 laudabiles
1872 1390 1991 1429 esse
2017 1373 2180 1443 aequi-

612 1474 727 1527 tati.
758 1472 890 1527 Nam
916 1476 1152 1541 optimus
1178 1471 1439 1540 quisquis,
1483 1476 1536 1523 et
1580 1468 1633 1521 in
1667 1484 1763 1523 sua
1796 1465 1897 1522 sibi
1926 1458 2027 1535 ipsi
2055 1479 2181 1533 pro-

613 1562 769 1617 battis
812 1561 1155 1624 conscientia,
1207 1561 1375 1614 honos
1417 1559 1639 1628 diligere
1689 1572 1796 1610 non
1826 1554 2043 1609 dubium
2072 1560 2173 1617 est,

615 1653 833 1707 edoctus
856 1649 1232 1717 omnipotentis
1263 1646 1355 1701 Dei
1391 1647 1653 1715 exemplo,
1683 1645 1775 1713 qui
1803 1656 2068 1698 summum
2096 1648 2179 1695 est

615 1740 831 1796 bonum.
882 1740 949 1793 Et
988 1738 1163 1803 omnis
1215 1734 1547 1791 rationabilis
1592 1742 1870 1795 creatura,
1918 1724 2175 1799 quantum

2276 572 2609 628 scholastica:
2631 560 2945 627 eruditionis
2968 570 3380 639 inquisitionem,
3400 581 3453 624 et
3468 570 3845 630 ecclesiasticae

2276 662 2565 731 disciplinae
2592 662 2884 723 solertiam,
2918 671 3109 714 vestra:
3146 650 3456 714 clarissima:
3486 662 3757 729 sapientia:
3788 670 3845 717 et

2276 750 2594 805 dulcissima:
2615 749 2960 804 familiaritati
2988 756 3193 818 gratam
3223 762 3340 803 esse
3366 748 3760 816 etjucundam;
3790 759 3845 806 et

2276 838 2530 911 quidquid
2559 841 2878 895 urbanitatis
2916 840 3027 893 sale
3060 840 3327 895 conditum
3354 827 3723 910 cognoscitur,
3753 857 3844 895 ve-

2277 932 2404 985 stris
2429 930 2873 985 intellectualibus
2906 931 3124 983 auribus
3162 929 3475 993 favorabile,
3515 940 3570 984 et
3598 932 3844 988 acutissi-

2277 1021 2381 1074 mis
2424 1021 2658 1074 scientize
2699 1020 2868 1074 oculis
2896 1020 3122 1082 amabile
3146 1035 3265 1074 esse
3290 1023 3650 1089 probavimus.
3691 1021 3844 1078 Unde

2276 1115 2419 1183 quod
2441 1113 2759 1168 scholastica
2785 1114 3017 1166 tironum
3035 1113 3288 1179 juventus
3314 1113 3548 1168 flaccidis
3574 1112 3703 1185 [Αι.,
3730 1112 3844 1167 llai-
3898 1121 3903 1124 '

2275 1205 2432 1266 cinis,
2467 1206 2600 1271 forte
2640 1202 2921 1265 Flaccinis,
2964 1219 3054 1256 seu
3095 1202 3417 1265 Flaccianis,
3451 1203 3503 1257 id
3547 1212 3649 1267 est,
3677 1203 3845 1270 ipsius

2276 1293 2487 1365 Flacci]
2527 1294 2767 1363 ingerere
2806 1281 3026 1346 auribus
3065 1292 3216 1355 solet,
3258 1302 3447 1346 vestra:
3492 1294 3842 1347 sanctissimae

2276 1383 2568 1450 prudentia:
2613 1383 2845 1452 dirigere
2901 1392 3073 1435 ratum
3119 1381 3388 1444 duximus,
3418 1390 3471 1435 et
3509 1382 3632 1437 inde
3655 1383 3841 1437 solatia

2277 1471 2638 1539 responsionis
2666 1485 2923 1539 quzerere.
2957 1471 3096 1525 unde
3128 1472 3328 1539 sophize
3368 1470 3583 1525 ﬂuntina
3624 1487 3843 1526 manare

2277 1563 2556 1625 novimus;
2583 1562 2791 1615 tametsi
2818 1561 3059 1616 intinctas
3085 1562 3184 1615 bas
3209 1561 3373 1615 videri
3400 1562 3845 1631 interrogationes

2276 1661 2468 1707 vestrae
2492 1652 2841 1706 sanctissima
2860 1652 3133 1721 sapientia:
3156 1667 3312 1721 posse
3335 1650 3523 1707 fateor.
3554 1651 3620 1705 Et
3639 1665 3709 1706 ne
3727 1648 3842 1705 mea

2278 1742 2476 1811 aliquid
2522 1749 2944 1809 przesumptuose
2994 1742 3266 1797 rusticitas
3313 1741 3658 1809 responderet
3698 1739 3842 1813 [Αιη

616 1831 740 1886 boni
768 1830 957 1890 habet,
988 1813 1105 1895 ejus
1133 1806 1369 1881 bonitate
1399 1823 1689 1878 illuminata
1719 1821 1917 1876 habere
1942 1818 2179 1874 certissi-
2208 1806 2419 1909 πηιεξ
2456 1806 2648 1900 aliquis
2686 1806 2971 1885 rusticitati
3010 1806 3430 1899 ιιι-πεπωρωυῷ
3477 1806 3843 1901 responderet]

617 1937 764 1979 mum
788 1928 887 1975 est.
917 1919 1029 1989 Ipsa
1058 1918 1293 1973 Veritate
1312 1917 1519 1969 dicente
1547 1932 1560 1967 :
1590 1914 1702 1984 Ego
1722 1920 1836 1966 sunt
1865 1912 1956 1965 tua:
1973 1909 2175 1963 mundi.

621 2012 723 2078 Qui
749 2011 977 2081 sequitur
1000 2025 1101 2071 me,
1132 2024 1233 2061 non
1259 2004 1487 2059 ambulat
1514 2004 1832 2066 intenebris,
1861 2000 1951 2055 sed
1977 1998 2178 2053 habebit

618 2100 791 2157 lumen
814 2099 928 2153 vita:
962 2098 1142 2170 (Joan.
1174 2111 1291 2158 vui,
1326 2092 1431 2163 12).

684 2210 1001 2283 Perpetuam
1026 2208 1225 2287 Christi
1253 2208 1450 2263 tribuat
1472 2205 1569 2259 tibi
1606 2205 1775 2276 gratia
1803 2204 2001 2267 lucem,

755 2300 892 2356 Cum
914 2298 1113 2354 sanctis
1140 2286 1361 2365 pariter,
1386 2293 1550 2348 David
1575 2301 1752 2347 amate
1777 2286 1905 2345 Deo.

1076 2426 1105 2465 ι»
1122 2396 1462 2479 'EPISTOLA
1504 2421 1713 2495 Lxxx.

1002 2556 1035 2583 ο
1100 2548 1125 2576 ο
1155 2552 1218 2590 ιι)
1255 2550 1469 2592 ῺΟΙΝΠΙ
1492 2549 1685 2590 κείρει.

798 2666 973 2738 (Anno
995 2666 1127 2731 798,
1154 2665 1297 2719 circa
1321 2637 1532 2735 tempus
1561 2659 2025 2733 Septuagesimum)

527 2742 532 2751 η
626 2781 700 2836 Ds
742 2779 939 2833 ratione
974 2748 1411 2856 (Septuagesimai,
1442 2773 1792 2898 gmgaima:
1835 2781 1884 2826 et
1914 2771 2183 2842 Quinqua-

1011 2892 1016 2898 .
1281 2860 1439 2898 neum
1494 2882 1507 2894 .

1011 2892 1017 2904 κ
1279 2860 1507 2915 ρεηιηω.
2076 2908 2077 2911 η

602 3057 605 3060 ν
684 2950 1006 3035 Benedictus
1032 2979 1104 3032 sit
1131 2978 1273 3033 Deus
1290 2977 1451 3031 Pater
1469 2978 1819 3045 omnipotens,
1845 2978 1935 3045 qui
1958 2986 2009 3031 te
2034 2950 2184 3031 crea-

626 3072 704 3124 vit
723 3078 792 3124 et‘
820 3068 1098 3122 honoravit
1126 3081 1140 3119 :
1165 3074 1222 3122 et
1250 3067 1557 3121 benedictus
1606 3067 1678 3121 sit
1716 3066 1967 3120 Dominus
2005 3077 2183 3121 noster

2280 1927 2517 1974 vestrum
2569 1919 2830 1974 laudabile
2872 1920 3164 1990 ingenium,
3224 1927 3280 1974 et
3320 1919 3638 1988 praefulgens
3662 1919 3843 1973 erudi—

2280 2010 2441 2065 tionis
2462 2008 2687 2064 acumen
2709 2009 2990 2065 consulere
3018 2018 3190 2064 tutum
3217 2024 3335 2064 esse
3355 2012 3676 2079 putavimus.
3709 2009 3845 2071 Nam

2279 2108 2422 2173 velut
2449 2115 2658 2155 vermes
2702 2098 2953 2155 fenestris
2981 2100 3219 2154 involant
3261 2101 3479 2164 aestivis,
3522 2101 3601 2154 sic
3624 2099 3847 2155 auribus

2281 2189 2414 2244 meis
2442 2188 2673 2259 insident
2706 2188 3123 2258 quaestiunculas.
3168 2188 3234 2244 Et
3262 2190 3453 2244 horum
3478 2194 3593 2243 mn
3614 2188 3845 2242 enientia

2281 2291 2424 2349 nunc
2448 2284 2747 2344 temporum
2776 2277 2992 2331 excitati
3016 2277 3083 2331 de
3108 2278 3471 2332 ecclesiastico
3500 2293 3650 2333 more
3678 2278 3846 2333 inter-

2284 2372 2490 2435 rogant,
2515 2380 2611 2419 cur
2632 2366 3073 2434 septuagesimus,
3100 2374 3155 2419 et
3179 2366 3559 2436 sexagesimus,
3588 2367 3671 2422 vel
3692 2369 3846 2437 quin-

2281 2441 2619 2527 quagesimits
2641 2454 2775 2509 ordo
2803 2469 2899 2523 per
2930 2454 3043 2509 dies
3070 2455 3374 2511 Dominicos
3399 2467 3521 2512 ante
3544 2458 3845 2529 qitadrage-

2283 2543 2477 2615 simum
2502 2531 2713 2600 dicatur
2740 2544 2821 2598 vel
2856 2542 3094 2598 colatur?

2354 2628 2411 2684 Si
2443 2632 2783 2699 respondero,
2815 2631 3067 2686 Ecclesia:
3100 2633 3237 2688 hanc
3266 2648 3384 2688 esse
3408 2633 3843 2701 consuetudinem

2282 2728 2338 2775 et
2371 2718 2610 2775 Romana
2655 2706 2974 2775 auctoritate
3021 2720 3178 2790 hujus
3216 2722 3487 2791 religionis
3531 2723 3693 2777 ritum
3730 2738 3848 2779 esse

2284 2808 2585 2873 firmatum;
2618 2809 2795 2863 minus
2818 2805 2923 2863 illis
2945 2808 3174 2874 videtur,
3204 2811 3522 2865 auctoritate
3553 2819 3609 2867 et
3626 2827 3850 2867 consue-

2287 2894 2468 2950 tudine
2488 2896 2599 2950 sola
2621 2910 2739 2951 esse
2767 2911 3099 2965 responsum,
3127 2898 3241 2952 nisi
3254 2908 3308 2952 et
3333 2899 3509 2968 aliqua
3536 2901 3673 2954 ratio
3691 2900 3848 2955 adda-

2286 2992 2376 3037 tur
2396 2984 2697 3039 auctoritati
2728 3002 2741 3038 :
2772 2986 2896 3054 quia
2921 2986 3121 3048 dicunt,
3161 2986 3293 3042 nihil
3320 3002 3439 3044 esse
3463 2990 3579 3044 sine
3602 3004 3761 3045 causa
3791 2992 3844 3045 in

2286 3076 2662 3132 coclesiasticis
2692 3078 3168 3133 consuetudinibus
3192 3093 3222 3131 a
3258 3079 3567 3135 doctoribus
3591 3082 3847 3146 constitu-

626 3159 779 3215 Iesus
804 3159 1051 3213 Christus
1088 3155 1257 3210 Filius
1300 3155 1415 3219 Dei,
1462 3156 1553 3224 qui
1578 3164 1629 3210 te
1654 3155 1877 3210 redemit
1903 3165 1957 3211 et
1979 3156 2138 3227 elegit
2166 3174 2177 3209 :

2286 3175 2397 3221 tum
2426 3168 2728 3237 prmeipuis.
2754 3167 2981 3220 Maxime
3006 3175 3181 3221 autem
3212 3169 3404 3221 titubat
3424 3169 3636 3224 illorum
3663 3186 3846 3226 sensus

628 3260 683 3305 et
706 3249 1013 3312 benedictus
1041 3247 1111 3301 sit
1147 3244 1377 3314 Spiritus
1419 3243 1736 3307 Paraclitus,
1775 3245 1865 3317 qui
1912 3254 1965 3300 te
1991 3244 2195 3319 illumig'

631 3338 793 3401 navit,
826 3346 881 3390 et
921 3334 1161 3389 dilatavit
1199 3348 1293 3388 cor
1335 3342 1485 3387 tuum
1530 3333 1583 3386 in
1625 3333 1768 3388 omni
1817 3334 2087 3402 sapientia:
2131 3342 2187 3387 et

630 3424 865 3479 scientia:
892 3422 1146 3483 claritate,
1192 3420 1530 3474 dilectissime
1578 3420 1762 3495 David,
1791 3429 1845 3473 et
1883 3421 2186 3475 dulcissime

630 3513 869 3569 domine!
900 3521 953 3565 et
978 3510 1252 3565 benedicta
1282 3510 1359 3562 ‘sit
1400 3518 1580 3565 sancta
1606 3510 1856 3575 Trinitas,
1888 3528 2025 3566 unus
2046 3512 2187 3566 Deus

629 3596 980 3678 Omnipotens,
1008 3606 1184 3667 Pater,
1212 3614 1264 3657 et
1292 3604 1477 3667 Filius,
1503 3612 1558 3658 et
1580 3602 1811 3674 Spiritus
1835 3614 2069 3667 sanctus,
2094 3606 2186 3675 qui

584 3764 587 3769 η
630 3698 759 3754 mihi
789 3695 998 3751 servulo
1040 3708 1154 3756 suo,
1178 3692 1303 3745 licet
1330 3692 1563 3761 indigno,
1610 3692 1767 3748 talem
1805 3692 2071 3745 concessit
2094 3692 2188 3745 do-

632 3788 852 3849 minum,
876 3785 1129 3847 amicum,
1157 3790 1211 3835 et
1239 3780 1530 3848 adjuwrem
1559 3781 1744 3849 gratiae
1766 3795 1907 3845 suae;
1938 3781 2030 3849 qui
2058 3781 2187 3834 mihi

631 3874 742 3944 86
768 3886 861 3941 per
906 3883 1117 3923 servum
1162 3881 1338 3929 suum,
1373 3867 1543 3920 beatae
1574 3866 1844 3921 memoria;
1873 3867 2187 3936 magistrum

632 3977 830 4024 meum,
863 3961 1163 4013 ministrare
1184 3958 1488 4012 clementer
1512 3958 1753 4029 dignatus
1779 3966 1861 4013 est
1890 3976 1904 4012 :
1936 3969 1990 4015 et
2022 3959 2189 4015 bene-

632 4055 772 4108 dicta
801 4052 869 4106 sit
893 4057 1125 4129 potestas
1151 4056 1205 4103 et
1238 4064 1458 4119 regnum
1500 4056 1667 4111 tuum,
1693 4058 1747 4103 et
1773 4050 1863 4103 lilii
1886 4052 1987 4129 ptui,
2010 4058 2070 4129 et
2096 4051 2185 4105 lilii

636 4144 862 4198 filiorum
894 4123 1125 4205 tuorum,
1156 4157 1322 4211 usque
1353 4142 1403 4195 in
1442 4143 1813 4211 generationes
1841 4122 2017 4211 saeculi
2046 4160 2190 4198 sem—

634 4234 903 4299 piternas;
934 4238 989 4283 et
1028 4231 1207 4283 veniat
1232 4227 1391 4298 super
1437 4239 1487 4285 te
1512 4239 1566 4284 et
1611 4246 1770 4298 super
1799 4227 1943 4285 uiam
1969 4248 2191 4301 genera-

638 4320 835 4375 tionem
877 4320 1177 4373 benedictio
1225 4328 1527 4379 san‘ctorum
1576 4322 1630 4373 in
1672 4316 1757 4375 die
1784 4322 1991 4375 Domini
2021 4325 2188 4377 nostri

636 4409 761 4463 Jesu
788 4408 1014 4472 Christi;
1044 4406 1195 4474 cujus
1222 4396 1554 4460 sanctissima
1584 4408 1825 4463 voluntas
1873 4409 2001 4481 [Al.,
2028 4420 2189 4479 utque

639 4497 971 4557 sanctissima
1015 4496 1261 4550 voluntas
1292 4494 1401 4567 tua]
1444 4512 1655 4566 semper
1692 4500 1895 4569 vigeat,
1926 4499 2111 4556 ﬂoreat
2137 4510 2191 4556 et
2220 4498 2267 4553 1)

640 4593 844 4639 crescat
898 4586 950 4640 in
999 4585 1159 4639 corde
1204 4593 1323 4649 tuo,
1369 4586 1662 4643 clarissime
1698 4590 1947 4646 Ecclesiae
1993 4592 2188 4647 Christi

552 4716 560 4723 .
641 4681 819 4728 rector
848 4682 900 4727 et
924 4675 1188 4728 defensor.

674 4760 684 4764 ”
709 4744 962 4830 Repletus
992 4777 1107 4817 sum
1136 4764 1329 4831 gaudio
1353 4750 1583 4819 vestram
1621 4767 1841 4823 audiens
1872 4760 2193 4839 prosperita—

598 4844 605 4851 ’
645 4860 750 4905 tem
774 4858 829 4903 et
848 4848 1242 4912 exaltationem,
1266 4860 1320 4905 et
1333 4859 1476 4906 totus
1496 4844 1821 4921 iucunditate
1845 4858 2189 4924 exhilaratus,

643 4940 768 4994 dum
795 4946 985 4993 vestrae
1012 4938 1351 4994 beatitudinis
1368 4926 1580 5015 litteras
1602 4945 1780 5014 accepi
1798 4986 1812 5009 ,
1839 4946 1938 5016 legi
1966 4956 2019 5001 et
2041 4965 2193 5003 oscu-

647 5026 952 5107 latus;_sum.
981 5027 1129 5084 Unde
1158 5035 1212 5083 et
1246 5029 1447 5098 aliquid
1486 5030 1800 5107 familiarius
1826 5046 2016 5092 vestra:
2059 5039 2194 5095 dile-

646 5116 807 5186 ctioni
852 5114 1087 5178 scribere
1137 5135 1427 5199 praesumo,
1471 5131 1526 5178 et
1570 5124 1742 5179 illatas
1787 5128 2198 5194 quaestiunculas

778 5431 925 5488 Hanc
941 5431 1441 5508 epistolamﬁduplici
1468 5435 1586 5492 loco
1622 5431 1863 5495 exhibuit
1906 5439 2195 5508 Queroeta-

650 5516 779 5576 nns;
800 5501 1116 5576 semel'pag.
1136 5501 1267 5576 illi
1300 5501 1353 5576 e't
1378 5506 1570 5576 iterum
1605 5521 1672 5562 ex
1693 5521 1796 5576 ms.
1824 5501 2002 5573 codice
2030 5512 2194 5567 casti-

718 5570 908 5626 tiorem
920 5579 976 5624 et
990 5571 1056 5625 aii
1072 5570 1085 5572 ⁷
1097 5571 1252 5626 nibus
1269 5570 1429 5627 etiam
1445 5575 1575 5630 locis
1593 5570 1936 5646 auctiorem’p
2006 5618 2019 5633 .
2040 5581 2192 5635 1665.

653 5585 785 5689 gl:
803 5648 884 5689 est
910 5586 1190 5689 anno
1216 5651 1275 5689 nl
1292 5656 1354 5689 ex
1386 5646 1623 5689 Μαιωτιιί
1654 5593 2061 5689 ρηηίαἱίιη--Ἓίιι
2100 5652 2192 5689 ΑΛ-

713 5645 884 5718 itaest
910 5641 1191 5718 animi”,
1216 5651 1287 5718 ut
1292 5656 1355 5694 ex
1380 5646 1625 5718 sequenti
1654 5641 1936 5718 colligitur.
1970 5641 2061 5702 Vir
2100 5652 2194 5704 do-

655 5707 922 5761 ctissimus
940 5707 998 5760 P.
1024 5708 1217 5780 llileph.
1250 5707 1507 5765 Catelinot
1529 5714 1581 5765 in
1612 5729 1704 5767 sua
1735 5707 2043 5771 collectione
2088 5736 2186 5773 ms.

2286 3258 2425 3325 quod
2449 3270 2700 3310 numerus
2719 3257 3006 3324 praedictus
3023 3257 3195 3311 ordini
3221 3258 3423 3312 dierum
3454 3273 3557 3312 non
3579 3262 3843 3314 convenit.

2287 3343 2389 3398 Uni
2411 3342 2612 3407 dicunt,
2649 3345 3083 3414 septuagesimus.
3114 3345 3187 3400 ibi
3220 3361 3324 3400 non
3369 3354 3492 3401 sunt
3516 3348 3843 3418 septuaginta

2286 3433 2401 3488 dies
2444 3450 2611 3503 usque
2655 3435 2721 3489 ad
2772 3435 3217 3505 resurrectionem
3262 3437 3471 3491 Domini
3521 3440 3687 3492 nostri
3722 3436 3843 3494 Jesn

2285 3524 2504 3580 Christi.
2538 3526 2793 3583 Similiter
2818 3544 2917 3588 nec
2953 3530 3041 3583 ubi
3084 3531 3445 3599 sexagesimus
3471 3546 3725 3587 numerus
3746 3548 3845 3587 no-

2289 3620 2431 3665 tatur
2474 3614 2529 3667 in
2558 3612 2763 3670 diebus
2790 3615 3102 3681 Dominicis,
3128 3617 3428 3691 nullatenus
3460 3630 3710 3688 computo
3737 3620 3847 3674 die-

2287 3702 2405 3756 rum
2446 3705 2692 3758 convenit
2719 3721 2885 3773 usque
2923 3706 3250 3760 ad‘Pascha.
3288 3694 3486 3760 iterum
3527 3708 3570 3761 si
3598 3709 3745 3771 dico,
3768 3723 3849 3777 sy-
3918 3759 3943 3775 ,.

2288 3794 2605 3873 necdochice
2632 3794 2829 3847 dictum
2863 3809 3009 3859 esse,
3039 3794 3090 3848 id
3122 3803 3224 3859 est,
3251 3810 3280 3847 a
3318 3804 3470 3863 parte
3503 3804 3703 3861 totum;
3729 3812 3846 3866 qua:

2288 3882 2500 3949 quidem
2530 3883 2732 3950 tropica
2760 3882 2975 3945 locutio,
3021 3892 3081 3937 ut
3110 3900 3200 3939 vos
3234 3887 3433 3954 optime
3475 3886 3660 3951 nostis,
3705 3886 3848 3941 Scriv

2290 3971 2458 4040 pturis
2483 3974 2681 4026 sanctis
2709 3974 3057 4028 usitatissima
3084 3990 3200 4029 esse
3229 3976 3584 4046 dignoscitur;
3614 3977 3753 4031 sicut
3793 3976 3846 4031 in
3901 4014 3905 4018 ι

2288 4063 2465 4118 tribus
2505 4064 2691 4118 diebus
2725 4072 2780 4118 et
2817 4066 2987 4120 tribus
3035 4068 3309 4131 noctibus,
3358 4067 3551 4136 quibus
3596 4067 3850 4122 Dominus

2289 4160 2471 4206 noster
2507 4152 2663 4225 Jesus
2682 4153 2923 4209 Christus
2947 4156 3000 4209 in
3031 4156 3272 4224 sepulcro
3300 4148 3635 4225 requiescere
3655 4156 3849 4224 legitur

2292 4240 2503 4311 (Matth.
2541 4257 2636 4305 xu,
2666 4242 2778 4311 ιο),
2808 4244 3027 4312 intelligi
3062 4260 3279 4298 necesse
3318 4254 3417 4307 est,
3448 4254 3501 4299 et
3528 4244 3705 4301 multis
3728 4243 3849 4299 aliis

2292 4333 2345 4385 in
2368 4331 2536 4386 locis:
2573 4348 2691 4402 quze
2712 4335 2885 4387 omnia
2921 4335 2965 4387 si
2986 4334 3249 4395 dicantur,
3274 4334 3394 4388 libri
3429 4336 3694 4391 excedunt
3730 4349 3845 4398 ma-

2293 4428 2640 4495 gnitudinem.
2665 4427 2876 4481 Addunt
2899 4438 3072 4481 tamen
3104 4442 3341 4495 quaerere
3365 4443 3460 4482 cur
3491 4422 3848 4499 septuaginta,

2293 4516 2372 4571 vel
2416 4518 2709 4587 sexaginta,
2742 4518 2821 4571 vel
2870 4519 3329 4593 quinquaginta_in
3366 4519 3456 4573 tali
3487 4519 3845 4593 temporeIdi-

2291 4592 2516 4661 cnntur?
2542 4606 2672 4678 [Al.,
2703 4622 2798 4662 cur
2824 4606 3242 4682 Septuagesima,
3268 4592 3352 4661 vel
3378 4592 3848 4677 Sexagesimagvel

2292 4699 2740 4766 Quinquagesima
2768 4698 2821 4749 in
2851 4706 2995 4750 tanto
3035 4705 3273 4765 tempore
3309 4695 3608 4769 dicantur]?
3635 4697 3844 4771 Audivi.

2292 4785 2421 4838 dum
2440 4785 2623 4837 Romae
2647 4796 2839 4845 essem,
2868 4785 3121 4851 quosdam
3148 4786 3383 4840 dicentes
3404 4788 3687 4857 magistros
3706 4786 3848 4857 quod

2293 4872 2588 4949 Orientales
2609 4872 2787 4941 populi
2815 4886 2999 4925 novem
3026 4874 3401 4949 hebdomadas,
3430 4852 3675 4933 ei
3701 4852 3847 4938 oclb.
3907 4934 3913 4942 ,

2294 4948 2547 5039 εζνιαιίηἱ
2580 4972 2779 5031 septem
2807 4948 3047 5032 jcjunarc
3078 4964 3310 5025 soleant;
3340 4948 3397 5021 et
3418 4948 3848 5021 inde‘consuetu-

2295 5053 2468 5106 dinem
2508 5051 2797 5104 Romanam
2827 5052 3115 5121 sumpsisse
3164 5052 3477 5113 Ecclesiam,
3524 5054 3876 5122 septuagesiv

2298 5157 2431 5205 mos,
2478 5144 2849 5211 sexagesimos,
2894 5152 2947 5197 et
2972 5144 3435 5213 quinquagesimos
3463 5141 3592 5216 [Al.,
3622 5161 3688 5201 ex
3715 5161 3846 5203 eon-

2299 5266 2415 5326 eam
2453 5268 2493 5326 e_
2511 5267 2733 5326 corpore
2756 5255 3027 5326 epistolari
3051 5325 3055 5326 ν
3080 5254 3237 5326 eximi
3289 5255 3529 5326 volebat,
3558 5267 3615 5313 et
3658 5257 3850 5317 referri

2302 5322 2441 5393 inter
2454 5320 2630 5393 Opera
2656 5320 2895 5393 liturgica
2914 5323 3138 5376 Alcuini.
3167 5324 3276 5393 Ego
3298 5321 3474 5381 tamen
3495 5328 3756 5391 eamdem,
3780 5342 3847 5381 ne

2299 5398 2378 5465 tot
2397 5390 2620 5465 aliasude
2656 5390 2820 5465 variis
2854 5390 3604 5465 qtmstionihusdogmaticis,
3631 5390 3845 5452 morali-

2298 5460 2418 5523 bus,
2451 5459 2829 5529 philosophias
2846 5459 2948 5523 {ac
2973 5459 3365 5517 astronomicis'
3390 5464 3712 5521 disserentes
3738 5466 3847 5519 dis-

2298 5528 2751 5608 ιηιιίρροπξείει.
2773 5530 2861 5608 hic
2888 5530 3217 5608 τειίηειξεὲεξφ
3242 5546 3361 5608 αρε
3380 5534 3585 5608 semi-

2367 5596 2549 5669 f_Alia_
2593 5598 2867 5669 inscriptio
2918 5599 3195 5669 pag.llll
3234 5602 3437 5669 prioris
3478 5601 3607 5657 edit.
3641 5600 3795 5656 habet
3829 5619 3841 5655 :

2295 5662 2375 5717 Ad
2395 5663 2637 5718 Carolum
2667 5662 3635 5738 Maynmn'Galliamm'imperatorrm.
