4238 6258
420 399 515 454 261

1820 390 2170 447 EPISTULA-2
2183 429 2195 442 .

3543 382 3644 435 262

415 513 695 568 suetudine
732 511 970 562 llomana
1025 506 1499 576 Septu..gesituant,
1555 506 1972 573 Sesagesimam,
2005 513 2048 567 Α
2078 501 2442 569 pceuitcntiam
2470 500 2537 551 ad
2577 497 2942 551 remissionem
2975 509 3313 565 pet-ratorum
3339 504 3642 551 nostrorum

416 613 472 657 et
491 601 1016 671 Quinquagesimam]
1039 614 1343 667 nuncupare
1368 598 1689 652 Dominicos.
1718 597 1827 651 [loc
1851 598 1974 665 quia

414 708 446 746 a
478 692 670 746 talibus
702 706 807 744 non
839 690 1015 743 audivi
1061 689 1351 758 magistris,
1399 704 1622 757 quorum
1675 688 1977 741 auctoritati

416 800 501 837 me
544 782 756 836 tradere
802 780 1085 840 auderem,
1140 779 1358 833 omnino
1405 778 1721 833 conﬁrmare
1768 792 1871 829 non
1902 774 1977 828 fui

368 896 371 897 ν
414 887 595 925 ausus.
624 869 960 938 Quapropter
986 869 1160 921 adhuc
1205 876 1370 920 restat
1408 866 1607 935 aliquid
1635 864 1977 934 qumrcndnm

412 961 554 1027 quod
581 959 805 1027 tempori
832 940 1119 1011 conveniat
1144 964 1196 1011 et
1244 956 1436 1023 rationi
1465 957 1770 1018 concordet,
1798 964 1852 1008 et
1880 971 1978 1007 nu-

413 1065 562 1104 mero
588 1064 691 1103 non
718 1051 1047 1102 adversetur.
1078 1048 1299 1102 Videtur
1325 1047 1466 1101 enim
1495 1048 1621 1100 mihi
1652 1046 1980 1114 septuagesi-

413 1156 532 1193 mus
551 1140 665 1193 dies
682 1138 788 1192 dici
815 1154 970 1207 posse
997 1146 1218 1208 propter
1244 1139 1427 1190 decem
1453 1136 1831 1199 hebdomadas,
1861 1149 1979 1202 quae

411 1237 537 1282 sunt
561 1229 630 1281 ab
659 1228 774 1296 ipso
800 1228 887 1281 die
921 1242 1091 1295 usque
1118 1227 1185 1280 ad
1210 1227 1450 1281 clausum
1470 1226 1689 1280 Pascha:
1715 1225 1847 1297 [Al.,
1880 1227 1981 1280 Pa-

411 1314 584 1386 scha],
616 1330 723 1384 quo
769 1316 857 1369 die
895 1316 1016 1369 alba
1067 1315 1324 1369 tolluntur
1370 1315 1685 1368 vestimenta
1734 1330 1764 1367 a
1812 1329 1982 1382 nuper

411 1408 715 1477 baptizatis.
752 1407 917 1478 igitur
946 1417 999 1461 et
1045 1408 1097 1461 in
1130 1407 1382 1476 Apostolo
1410 1407 1634 1477 legimus
1674 1424 1687 1459 :
1731 1406 1980 1476 Regnavit

412 1514 553 1550 mors
582 1496 645 1549 ab
672 1496 841 1549 Adam
885 1513 1044 1565 usque
1092 1497 1161 1548 ad
1202 1495 1415 1564 Moysen
1455 1494 1641 1564 (Rom.
1672 1511 1719 1556 v,
1756 1494 1880 1565 M);
1924 1503 1981 1547 et

411 1588 697 1657 signiﬁcat,
739 1603 907 1655 usque
934 1588 1001 1640 ad
1033 1586 1218 1639 ultima
1263 1594 1500 1653 tempora
1550 1584 1700 1654 legis,
1728 1599 1846 1651 quae
1887 1598 1982 1652 per

412 1678 629 1748 Moysen
654 1679 777 1733 data
801 1687 903 1741 est,
946 1686 1000 1730 et
1024 1676 1327 1731 decucurrit
1360 1677 1414 1729 in
1453 1674 1649 1730 Christi
1681 1675 1771 1728 Dei
1810 1674 1980 1727 nostri

412 1777 671 1848 tempora.
706 1766 876 1822 Porro
904 1766 1270 1834 sexagesimus
1316 1764 1438 1818 inde
1476 1764 1579 1817 diei
1625 1771 1817 1830 potest,
1856 1761 1981 1830 quia

2080 592 2234 645 nobis
2254 589 2609 642 festinandum
2634 597 2732 641 est.

2149 698 2254 752 Sed
2287 706 2339 750 et
2369 695 2567 763 aliquid
2604 695 2846 749 mirabile
2892 696 2945 749 iu
2981 697 3081 750 hac
3122 696 3545 751 consideratione,
3590 707 3646 749 et

2079 782 2445 837 convenientia
2467 782 2663 835 senarii
2689 783 2894 835 numeri
2925 783 3149 835 inveniri
3171 791 3374 851 potest;
3426 792 3480 835 et
3504 799 3645 852 quo-

2077 875 2362 927 dammodo
2388 873 2707 941 principium
2754 872 2911 939 hujus
2957 874 3372 940 computationis
3418 873 3644 925 mirabili

2081 966 2183 1019 ﬁne
2208 964 2500 1019 concordat
2530 963 2579 1015 in
2627 964 2824 1032 regulis
2873 979 3237 1017 numerorum.
3296 964 3463 1033 Igitur
3508 966 3647 1017 inter

2079 1053 2526 1123 septuagesimum
2550 1058 2604 1105 et
2630 1054 3018 1121 sexagesimum
3038 1069 3127 1106 sex
3148 1056 3484 1121 reperiuntur
3498 1056 3641 1109 dies:

2080 1145 2325 1198 similiter
2371 1145 2512 1197 inter
2560 1146 2951 1213 sexagesimum
3004 1154 3057 1197 et
3107 1147 3643 1213 quinquagesimum;

2078 1235 2239 1287 etiam
2271 1234 2411 1286 inter
2442 1234 2941 1300 quinquagesimum
2969 1243 3020 1283 et
3048 1234 3513 1301 quadragesimum
3559 1249 3644 1287 sc-

2079 1327 2262 1379 narius
2289 1326 2557 1378 invenitur
2584 1338 2857 1386 numerus,
2879 1333 2932 1376 et
2960 1323 3095 1376 ﬁunt
3122 1334 3202 1376 ter
3228 1339 3337 1386 sex,
3369 1334 3423 1377 et
3448 1324 3652 1379 faciunt

2079 1416 2262 1469 decem
2290 1425 2343 1469 et
2366 1425 2488 1469 octo
2509 1414 2636 1485 [Al.,
2668 1416 2780 1468 dies
2801 1414 3141 1485 octodecim].
3172 1414 3270 1479 Qui
3304 1432 3578 1480 numerus,
3604 1418 3647 1469 si

2082 1506 2467 1560 rationabiliter
2494 1506 2880 1570 consideratur,
2898 1515 2947 1558 ct
2975 1507 3231 1559 dividitur
3259 1508 3309 1559 in
3334 1517 3442 1562 tres
3469 1518 3650 1577 partes

2079 1595 2504 1664 mquales,erunt
2528 1603 2610 1647 ter
2629 1610 2752 1657 sex;
2781 1603 2835 1647 et
2859 1604 2940 1647 est
2964 1595 3099 1648 ratio
3128 1596 3301 1665 simpli
3325 1596 3391 1650 ad
3408 1597 3647 1666 duplum,

2080 1694 2133 1741 et
2159 1687 2423 1757 signiﬁcat
2453 1686 2697 1753 simplum
2736 1692 2961 1738 mortem
2990 1685 3081 1738 Dei
3106 1685 3307 1739 Christi
3343 1687 3411 1739 ad
3436 1686 3649 1754 duplam

2082 1787 2339 1831 nostram.
2366 1777 2501 1843 Quia
2532 1792 2628 1829 nos
2654 1776 2862 1829 duabus
2890 1776 3151 1828 mortibus
3179 1773 3376 1829 fuimus
3411 1777 3649 1835 obnoxii.

410 1857 686 1936 sexaginta
715 1864 841 1911 sunt
862 1857 977 1909 dies
1002 1870 1171 1924 usque
1207 1854 1277 1909 ad
1311 1853 1546 1908 medium
1573 1852 1811 1917 Pascliae,
1840 1851 1983 1919 quod

2097 1867 2138 1920 ιι]
2172 1874 2274 1930 est,
2299 1868 2487 1919 anima:
2512 1873 2566 1918 et
2584 1865 2764 1918 carnis
2792 1862 2920 1934 [Al.,
2946 1862 3228 1936 corporis].
3255 1863 3346 1917 llle
3377 1879 3501 1917 vero
3524 1865 3652 1918 sim-

408 1946 516 2005 crit
556 1933 688 2001 feria
733 1955 926 2015 quarta
983 1944 1249 2013 paschalis
1302 1942 1668 1997 hebdomadis.
1716 1941 1989 2007 Quinqua-

410 2039 646 2108 gasimus
680 2053 840 2100 vero,
882 2037 974 2106 qui
1016 2037 1254 2092 decurrit
1296 2050 1466 2104 usque
1491 2035 1542 2088 in
1579 2034 1720 2088 diem
1743 2040 1985 2087 sanctum

412 2128 820 2183 resurrectionis
856 2127 1165 2182 Dominicaa.
1198 2126 1662 2195 Quadragenarius
1687 2126 1847 2178 etiam
1886 2139 1986 2176 nu-

412 2233 596 2275 merus
615 2234 737 2273 cum
761 2219 870 2287 87
890 2219 1166 2271 Dominica
1190 2233 1285 2270 sua
1301 2217 1473 2270 currit
1497 2216 1560 2269 ad
1580 2217 1862 2286 mysticum
1889 2213 1986 2267 Pa-

412 2309 927 2370 schaﬂebneorum,
948 2306 1087 2377 quod
1101 2309 1354 2362 Dominus
1373 2315 1556 2360 noster
1571 2304 1725 2360 Jesus
1743 2305 1989 2360 Christus

412 2418 536 2455 cum
559 2401 838 2470 discipulis
863 2402 974 2454 suis
992 2384 1304 2462 celebravit,
1326 2409 1380 2453 et
1404 2415 1501 2452 nos
1520 2397 1746 2452 dicimus
1766 2395 1985 2451 Coenam

415 2492 649 2547 Domini.

485 2600 595 2655 Nec
620 2600 796 2671 typica
824 2601 1196 2669 interpretatio
1223 2581 1310 2655 his
1337 2599 1647 2655 discordare
1668 2598 1881 2652 videtur
1902 2612 1988 2651 ra-

415 2692 668 2748 tionibus.
708 2692 841 2746 Nam
864 2674 1205 2761 septenarius
1232 2690 1458 2759 Spiritui
1484 2696 1672 2743 sancto
1698 2688 1988 2742 convenire

415 2782 597 2836 multis
620 2782 675 2835 in
693 2782 827 2835 locis
845 2795 1013 2835 sacrae
1032 2778 1324 2849 Scriptura:
1348 2778 1606 2832 noscitur.
1625 2776 1777 2832 Unde
1797 2788 1847 2829 et
1870 2784 1991 2846 post

417 2874 623 2939 septem
646 2869 1009 2925 hebdomadas
1034 2868 1268 2939 Spiritus
1297 2875 1517 2922 sanctus
1557 2867 1753 2920 missus
1795 2874 1879 2918 est
1921 2865 1988 2920 de

418 2963 554 3017 caelo
580 2963 633 3015 in
656 2962 828 3032 igneis
844 2961 1045 3031 linguis
1082 2976 1245 3030 super
1280 2954 1499 3014 centum
1547 2959 1737 3030 viginti
1773 2959 1987 3013 nomina

417 3052 751 3106 credentium
792 3050 929 3120 (Act.
952 3066 1012 3116 ιι,
1044 3049 1135 3119 3);
1183 3058 1237 3103 et
1269 3058 1475 3120 septem
1504 3050 1643 3104 dona
1671 3051 1840 3104 sancti
1862 3032 1989 3119 Spi—

420 3143 555 3196 ritus
579 3142 805 3211 legimus
831 3142 883 3194 in
909 3143 1166 3209 propheta
1187 3140 1322 3210 (lsa.
1346 3157 1423 3203 XI,
1452 3140 1503 3203 2,
1532 3142 1609 3209 5).
1634 3139 1701 3193 Et
1727 3149 1852 3193 tunc
1882 3154 1991 3193 ma-

420 3234 580 3290 xime.
616 3232 741 3286 dum
770 3231 887 3285 alba
927 3231 1186 3285 tolluntur
1232 3246 1262 3284 a
1312 3231 1601 3300 baptizatis
1650 3230 1987 3293 vestimenta,

410 3332 518 3395 per
543 3340 735 3379 manus
763 3324 1155 3392 impositionem
1188 3337 1222 3374 a
1259 3322 1520 3398 pontiﬁce
1567 3321 1823 3390 Spiritum
1871 3337 1990 3375 sau-

421 3424 567 3471 ctum
603 3416 846 3481 accipere
871 3413 1196 3467 conVeniens
1224 3402 1327 3481 est,
1354 3414 1445 3481 qui
1474 3414 1527 3466 in
1570 3412 1837 3482 baptismo
1876 3428 1993 3467 om-

423 3506 571 3557 nium
604 3509 922 3571 receperunt
956 3486 1322 3554 remissionem
1362 3512 1742 3570 peccatorum;
1790 3500 1850 3555 et
1898 3518 1995 3572 per

424 3604 629 3668 septem
683 3594 798 3646 dies
842 3593 895 3645 in
936 3576 1339 3661 angelico"l[Al.,
1366 3589 1695 3662 evangelica]
1730 3591 1993 3645 castitatis

426 3684 607 3737 habitu
643 3690 699 3735 et
727 3681 1017 3736 luminibus
1049 3680 1285 3734 cmlestis
1324 3679 1584 3734 claritatis
1631 3680 1827 3734 sanctis
1862 3681 1997 3734 assi-

424 3782 571 3828 stem
614 3771 892 3827 sacriﬁciis
927 3771 1122 3824 solent.
1170 3770 1238 3823 Et
1276 3770 1519 3824 senarius
1548 3786 1797 3824 numerus
1820 3769 1997 3838 perfe-

424 3864 587 3917 ctioni
622 3864 744 3916 vita:
766 3872 965 3915 nostra:
985 3846 1293 3925 concordat,
1320 3863 1442 3930 quia
1472 3862 1526 3915 in
1554 3877 1648 3916 sex
1675 3863 1863 3917 diebus
1886 3878 1997 3916 om-

427 3953 514 4005 nia
543 3967 707 4021 opera
728 3951 962 4018 perfecta
985 3951 1113 4003 fecit
1137 3950 1363 4003 Creator
1387 3951 1725 4021 omnipotens
1769 3951 1920 4021 (Gen.
1953 3969 1994 4015 ι,

427 4042 519 4105 3|,
545 4057 602 4098 ιι,
636 4038 709 4108 1).
741 4035 808 4091 Et
834 4040 945 4106 ipse
960 4038 1212 4091 senarius
1242 4052 1512 4099 numerus,
1544 4039 1682 4092 sicut
1704 4048 1880 4092 vestra
1904 4041 1999 4092 do-

428 4132 669 4186 ctissima
703 4129 869 4182 novit
889 4114 1172 4196 sagacitas,
1196 4126 1440 4195 partibus
1464 4127 1574 4180 suis
1598 4126 1870 4196 perfectus
1893 4136 1996 4181 est.

430 4226 497 4280 Et
518 4222 797 4294 quinarius
829 4236 1084 4274 numerus
1108 4234 1203 4288 per
1229 4219 1453 4273 decades
1477 4219 1687 4284 ductus,
1712 4220 1779 4274 ad
1821 4235 2000 4273 resur-

432 4316 721 4369 rectionem
747 4310 958 4365 Domini
981 4310 1149 4362 nostri
1168 4306 1292 4361 Jesu
1315 4308 1512 4363 Christi
1539 4310 1827 4373 concurrit,
1844 4311 2005 4379 signi-

435 4406 601 4457 ﬁcans
626 4400 779 4453 nobis
808 4398 1180 4451 remissionem
1208 4397 1445 4449 omnium
1483 4406 1825 4465 peccatorum
1862 4414 2000 4461 esse,

2085 1956 2169 2024 pla
2199 1964 2370 2009 morte
2392 1970 2487 2008 sua
2512 1962 2567 2007 et
2597 1954 2831 2014 innoxia,
2856 1953 3069 2022 duplam
3097 1954 3362 2006 destruxit
3386 1961 3650 2016 nostram,

2085 2055 2139 2100 et
2162 2046 2353 2115 simpla
2376 2044 2768 2098 resurrectione
2806 2057 2900 2095 sua
2957 2041 3171 2111 duplam
3218 2043 3453 2096 ostendit
3500 2044 3654 2096 nobis

2088 2126 2218 2207 [Αι.,
2245 2133 2528 2204 nostram],
2556 2142 2610 2186 et
2636 2133 2981 2201 perdonavit;
3017 2148 3177 2186 unam
3204 2130 3422 2187 nuncin
3451 2133 3650 2197 anima,

2084 2226 2310 2279 alteram
2338 2225 2391 2278 in
2413 2224 2500 2277 die
2529 2232 2725 2292 magno
2751 2222 3013 2276 adventus
3049 2224 3129 2275 sui
3154 2224 3207 2276 in
3229 2236 3476 2291 corpore,
3498 2231 3557 2276 ut
3585 2226 3655 2276 sit

2087 2325 2213 2369 tunc
2241 2330 2379 2369 unus
2434 2314 2592 2368 homo
2635 2313 2902 2384 gloriosus
2962 2327 3185 2382 corpore
3238 2321 3291 2366 et
3335 2312 3533 2377 anima,
3561 2314 3655 2383 qui

2086 2404 2234 2472 prius
2264 2417 2401 2456 unus
2447 2401 2545 2455 fuit
2595 2402 2839 2455 mortalis
2877 2404 3053 2455 anima
3092 2411 3146 2456 et
3174 2417 3434 2471 corpore;
3474 2404 3655 2456 anima

2082 2498 2324 2561 peccato,
2348 2505 2570 2559 corpore
2591 2491 2952 2557 corruptione.

2114 2627 2118 2630 ~
2156 2602 2444 2665 Similiter,
2480 2609 2535 2655 et
2562 2601 2606 2653 si
2660 2600 2778 2653 ﬁnis
2824 2599 3195 2653 consideratur
3235 2590 3606 2656 calculationis
3630 2641 3649 2664 ,
3729 2663 3731 2667 η

2086 2701 2466 2763 convenienter
2494 2691 2619 2746 huic
2663 2691 2855 2744 rationi
2896 2690 3105 2744 videtur
3141 2692 3489 2746 concordare.
3521 2691 3658 2745 Nam

2088 2782 2230 2836 inter
2254 2783 2495 2851 quintam
2527 2779 2715 2833 feriam
2744 2795 2912 2834 omna:
2949 2778 3260 2844 Dominiete,
3288 2781 3343 2834 in
3381 2796 3486 2849 qua
3523 2796 3659 2850 qua-

2087 2872 2436 2942 dragenarius
2462 2886 2719 2925 numerus
2739 2872 3003 2935 decurrit,
3031 2886 3201 2940 usque
3220 2871 3286 2925 ad
3308 2875 3661 2927 resurrectio-

2088 2978 2210 3016 nem
2235 2962 2465 3027 Domini,
2490 2962 2543 3016 id
2569 2969 2673 3026 est,
2705 2962 3036 3017 Dominicam
3063 2962 3203 3016 diem
3221 3002 3236 3029 ,
3261 2977 3367 3032 quo
3396 2964 3659 3031 quinqua-

2087 3054 2338 3126 genarius
2362 3066 2618 3107 numerus
2651 3052 2914 3121 pervenit,
2944 3053 3049 3105 duo
3098 3061 3222 3106 sunt
3264 3052 3397 3106 dies.
3449 3052 3580 3106 Item
3630 3068 3662 3108 a

2093 3144 2367 3197 Dominica
2413 3142 2826 3196 resurrectionis
2851 3140 3059 3195 Domini
3091 3139 3223 3211 [ΑΙἿ
3246 3140 3376 3212 die],
3400 3156 3568 3209 usque
3593 3142 3659 3193 ad

2093 3239 2339 3301 quartam
2368 3229 2575 3294 feriam,
2597 3246 2704 3299 quo
2730 3232 3093 3301 sexagesimus
3116 3246 3372 3293 numerus
3396 3232 3659 3301 pervenit,

2093 3324 2198 3375 duo
2225 3328 2350 3374 sunt
2370 3320 2505 3374 dies.
2533 3319 2671 3373 ‘ltem
2699 3335 2728 3371 a
2752 3329 2941 3388 quarta
2970 3318 3105 3374 feria
3152 3336 3318 3388 usque
3356 3322 3423 3373 ad
3471 3321 3665 3375 sabba-

2094 3420 2231 3474 tum,
2262 3408 2352 3463 uhi
2380 3408 2803 3478 septuagesimus
2826 3424 3083 3462 numerus
3128 3408 3372 3476 impletus
3421 3416 3523 3472 cst,
3557 3411 3664 3467 duo

2094 3508 2219 3555 sunt
2238 3500 2373 3552 dies.
2404 3496 2469 3551 Hi
2506 3512 2635 3550 vero
2667 3497 2780 3549 dies
2817 3496 2862 3549 si
2903 3494 3216 3564 junguntur,
3248 3496 3353 3549 duo
3379 3507 3431 3549 et
3461 3496 3567 3551 duo
3610 3507 3666 3550 et

2064 3600 2067 3603 '
2095 3592 2219 3653 duo,
2253 3588 2451 3642 faciunt
2478 3602 2591 3640 sex.
2620 3586 2686 3639 Et
2712 3587 2814 3643 iste
2841 3586 3085 3639 senarius
3109 3586 3151 3639 si
3181 3586 3436 3639 dividitur
3458 3588 3510 3641 in
3558 3576 3663 3641 duo

2094 3687 2149 3732 et
2169 3685 2417 3746 quatuor,
2445 3674 2630 3728 eadem
2660 3672 2834 3740 simpli
2879 3681 2934 3724 et
2979 3673 3123 3741 dupli
3164 3672 3301 3725 ratio
3361 3673 3664 3727 invenietur

2096 3767 2148 3820 in
2178 3782 2269 3821 eo.
2298 3766 2374 3819 Ita
2410 3765 2524 3817 haec
2555 3761 2839 3838 concordia
2870 3761 3099 3830 pertinet
3121 3761 3183 3813 ad
3216 3762 3663 3815 resurrectionem

2097 3859 2307 3913 Domini
2336 3857 2504 3910 nostri
2532 3854 2660 3910 Jesu
2681 3853 2878 3907 Christi
2909 3870 2921 3904 :
2958 3851 3045 3905 illa
3072 3852 3221 3921 prior
3247 3853 3662 3921 ad'passionem,

2098 3950 2153 4002 in
2184 3963 2287 4017 qua
2334 3944 2591 4014 redempti
2635 3959 2840 4008 sumus,
2864 3952 2917 3995 et
2964 3942 3015 3995 in
3065 3943 3165 3995 ista
3202 3942 3501 4010 justiﬁcati,
3530 3944 3673 3997 sicut

2098 4039 2290 4111 beatus
2312 4034 2595 4103 Apostolus
2615 4034 2691 4084 ait
2723 4049 2736 4083 :
2767 4031 3003 4084 Christus
3038 4047 3224 4100 passus
3246 4040 3319 4083 est
3343 4042 3550 4099 propter
3584 4049 3667 4084 rc-

2100 4125 2442 4194 demptioném
2473 4133 2724 4185 nostram,
2754 4121 3033 4175 resurrexit
3064 4129 3235 4173 autent
3269 4132 3475 4191 propter
3506 4123 3669 4192 justi-

2100 4214 2395 4282 ﬁcstionem
2418 4222 2645 4267 nostram
2662 4211 2837 4282 (Rom.
2860 4225 2934 4274 iv,
2951 4209 3062 4279 25).
3082 4208 3312 4264 Potestis
3338 4226 3401 4265 ex
3425 4212 3527 4266 hac
3548 4227 3671 4281 spc-

2102 4305 2368 4360 culatione
2389 4304 2583 4358 vestris
2610 4304 2981 4356 demonstrare
3004 4300 3378 4366 familiaribus,
3400 4317 3558 4370 quam
3575 4301 3668 4368 ju-

2104 4397 2277 4450 cunda
2307 4406 2388 4449 est
2416 4405 2470 4450 et
2498 4394 2643 4447 utilis
2667 4392 3020 4446 arithmetica:
3068 4391 3361 4460 disciplina:
3407 4393 3669 4462 cognitio;

434 4501 491 4546 et
514 4488 952 4559 justiﬁeationem
992 4486 1116 4537 vita:
1167 4487 1217 4536 in
1254 4483 1491 4537 Christo.
1537 4485 2003 4555 Quadragenarius
2033 4522 2079 4577 ο
2106 4502 2265 4556 quam
2302 4494 2356 4539 et
2397 4497 2592 4540 vestra:
2634 4485 2748 4553 88
2788 4483 3071 4558 diligentia!
3105 4484 3242 4538 bene
3264 4493 3464 4548 notam,
3496 4493 3550 4539 et
3575 4500 3673 4553 per

349 4594 353 4599 ‘
435 4597 562 4637 vero
587 4594 684 4649 per
708 4575 937 4632 decadas
966 4583 1159 4643 quater
1201 4572 1412 4636 ductus,
1436 4576 1761 4642 poenitentiae
1816 4576 1997 4643 typum

438 4684 620 4727 tenere
650 4668 835 4724 multis
862 4667 915 4720 in
948 4665 1080 4719 locis
1102 4671 1328 4719 constat.
1358 4663 1508 4719 Unde
1531 4673 1586 4718 et
1612 4666 1722 4733 ipse
1746 4666 2001 4718 Dominus

438 4770 623 4815 noster
647 4756 1000 4826 quadraginta
1046 4754 1233 4808 diebus
1257 4751 1519 4823 jejunavit
1547 4754 1768 4826 (Matth.
1796 4771 1865 4818 tv,
1890 4754 1942 4823 2)
1980 4794 1996 4817 ,

438 4850 590 4920 cuius
619 4834 929 4917 praedicatio
956 4845 1129 4912 prima
1163 4843 1299 4896 fuit:
1329 4843 1690 4898 Paenitentiam
1734 4847 1888 4914 agite,
1914 4862 2005 4913 up-

438 4934 795 5009 propinquarit
819 4947 1030 5000 regnum
1049 4930 1292 4983 caelorum
1313 4932 1531 5001 '(Matth.
1565 4950 1644 4996 tn,
1676 4935 1752 5004 ‘2).
1782 4936 1846 4987 Et
1869 4937 2005 4988 sicut

442 5029 652 5098 Moyses
691 5024 883 5094 legem,
913 5021 1058 5076 Elius
1089 5014 1422 5090 prophetiam
1471 5021 1665 5091 (Exod.
1696 5040 1881 5089 xxxn',
1910 5027 2009 5089 28;

444 5117 539 5173 Ul
570 5116 698 5185 Reg.
727 5128 840 5177 xu,
864 5111 953 5183 8),
980 5113 1054 5167 ita
1076 5111 1189 5180 ipse
1221 5110 1478 5165 Dominus
1516 5124 1698 5166 noster
1743 5117 2011 5185 evangeli—

443 5224 565 5265 cam
601 5207 1034 5278 praedicationem
1063 5203 1413 5275 quadraginta
1438 5204 1645 5258 dierum
1670 5204 1877 5273 jejunio
1919 5206 2012 5259 de-

447 5298 662 5355 dicavit.
692 5296 758 5351 Et
791 5304 848 5352 ut
872 5302 1047 5351 vestra
1074 5296 1223 5349 novit
1248 5289 1531 5365 ingeniosa
1547 5304 1601 5348 et
1646 5295 1903 5364 pneclara
1960 5295 2013 5347 in

446 5371 695 5445 omnibus
731 5385 1169 5455 philosophorum
1195 5382 1487 5453 disciplinis
1512 5385 1791 5455 prudentia
1809 5425 1823 5449 ,
1854 5400 2014 5453 quam

448 5476 767 5534 mirabiliter
781 5474 1238 5543 quadragenarius
1257 5487 1533 5537 numerus,
1552 5473 1641 5541 qui
1670 5474 2016 5541 pmuitentiie,

449 5552 789 5631 indiximus,
816 5564 1087 5628 convenit,
1116 5565 1163 5617 si
1192 5578 1291 5633 per
1314 5578 1437 5619 suas
1462 5564 1693 5633 partitur
1711 5561 2019 5627 divisiones,

450 5670 509 5721 et
536 5674 633 5728 per
654 5666 838 5728 partes
862 5669 987 5710 suas
1005 5655 1218 5718 crescit,
1243 5670 1412 5723 usque
1434 5654 1501 5709 ad
1520 5654 2020 5723 quinquagesimum

456 5748 715 5819 pervenit,
746 5747 835 5817 qui
872 5754 972 5801 est
1025 5745 1355 5800 remissionis
1402 5760 1683 5809 numerus;
1752 5744 1871 5811 quia
1928 5760 2022 5813 per

2104 4592 2200 4629 vos
2230 4574 2351 4628 aliis
2376 4574 2645 4645 cognitam
2680 4587 2799 4627 esse
2820 4572 3110 4627 credimus.
3150 4574 3306 4627 Plura
3342 4576 3467 4629 hinc
3516 4576 3633 4649 [AL
3655 4620 3671 4643 ,

2111 4668 2338 4736 plurima
2367 4681 2432 4720 ex
2466 4663 2622 4736 hinc]
2675 4666 2852 4718 dicere
2897 4667 3078 4732 potui,
3103 4667 3193 4719 sed
3242 4667 3385 4720 nolui
3420 4670 3675 4724 chartula:

2112 4758 2370 4811 excedere
2398 4755 2610 4809 modum
2654 4772 2667 4807 :
2717 4764 2771 4809 et
2812 4755 3043 4808 maxime
3078 4755 3203 4823 quia
3257 4771 3365 4809 non
3410 4756 3676 4826 ignoranti

2111 4848 2321 4917 scripsi,
2345 4849 2437 4904 sed
2464 4848 2511 4901 ei
2535 4848 2625 4916 qui
2646 4847 2761 4900 lucc
2784 4845 2963 4899 omnia
2990 4846 3189 4912 optime
3218 4846 3384 4898 novit.
3412 4846 3532 4900 Ideo
3556 4863 3677 4915 per-

2118 4940 2302 5008 paucis
2326 4940 2442 4993 btec
2464 4934 2735 5005 pratlibavi
2762 4934 2963 4996 verbis,
2985 4934 3107 5002 quia
3149 4936 3299 4989 vobis
3342 4937 3456 4991 bzec
3496 4939 3676 4994 omnia

2113 5042 2230 5081 esse
2273 5026 2549 5079 notissima
2596 5021 2849 5077 sciebam.
2903 5022 2967 5074 Et
3004 5031 3060 5074 ut
3088 5024 3285 5076 dictum
3310 5033 3412 5088 est,
3440 5040 3560 5077 cum
3591 5040 3675 5080 sa-
3756 5030 3767 5048 ‘

2114 5117 2291 5185 piente
2313 5115 2494 5183 paucis
2525 5114 2771 5167 utendum
2801 5121 2874 5165 est
2921 5114 3083 5189 uerbis
3118 5113 3325 5182 (Eccle.
3358 5130 3411 5176 v,
3441 5115 3463 5167 l
3492 5115 3533 5184 ).
3573 5116 3642 5170 Et
3662 5155 3677 5177 ,

2116 5208 2325 5272 Beatus,
2351 5209 2439 5277 qui
2464 5208 2693 5277 loquitur
2715 5208 2770 5259 in
2796 5196 2979 5259 aurem
3009 5206 3300 5258 audieram
3347 5206 3365 5273 (
3388 5205 3541 5259 Prov.
3575 5223 3641 5261 xx
3660 5248 3677 5271 ,

2120 5300 2240 5369 12),
2270 5300 2322 5355 id
2351 5308 2435 5355 est
2461 5298 2860 5366 intelligentem.
2888 5296 3014 5350 Mihi
3040 5296 3219 5362 itaque
3246 5296 3299 5348 in
3322 5294 3425 5349 ﬁne
3444 5296 3679 5364 epistolae

2118 5402 2241 5442 eum
2290 5389 2470 5456 regina
2522 5386 2665 5439 Saba
2715 5386 2997 5440 dicendum
3030 5392 3114 5437 est
3146 5401 3158 5437 :
3202 5383 3350 5437 Beati
3388 5384 3485 5436 viri
3510 5386 3680 5447 tui,et

2122 5478 2256 5531 beati
2276 5477 2406 5531 servi
2430 5478 2506 5529 tui
2535 5492 2551 5528 :
2586 5475 2657 5529 Ili
2684 5477 2772 5547 qui
2798 5485 2938 5530 “aut
2962 5490 3137 5527 coram
3177 5482 3227 5529 te
3264 5490 3481 5542 semper,
3510 5485 3556 5527 et
3587 5492 3682 5526 nu-

2122 5568 2270 5621 ἄξιαι
2297 5566 2602 5631 sapientiam
2627 5554 2794 5619 tuam.
2821 5563 2903 5618 Sit
2928 5563 3182 5617 Dominus
3204 5562 3342 5615 Deus
3376 5571 3495 5614 tuus
3537 5564 3684 5615 bene—

2123 5659 2313 5719 dictus,
2341 5656 2427 5709 cui
2452 5655 2827 5725 complucuisti,
2862 5664 2910 5706 et
2951 5654 3122 5722 posuit
3170 5662 3218 5705 te
3254 5668 3406 5720 super
3445 5651 3682 5704 thronum

2128 5743 2313 5807 Israel,
2342 5760 2399 5796 eo
2429 5730 2567 5813 quod
2595 5744 2831 5797 dilexerit
2874 5741 3125 5796 Dominus
3154 5739 3318 5792 Israel
3344 5741 3397 5793 in
3423 5742 3686 5807 seinpiter-
