4238 6206
610 378 718 435 263

1479 328 1643 433 cur.
1682 363 1904 419 ALBlNl
1942 361 2069 417 seu
2112 330 2397 415 “cum
2421 355 2696 412 OPERL’M
2732 354 2907 408 rans
2942 353 2980 407 ι.

3713 344 3860 405 Μλ

615 505 741 545 nam
769 505 786 541 :
815 496 860 540 et
889 482 1147 538 constituit
1192 491 1239 534 te
1272 496 1466 550 regem,
1500 487 1555 530 ut
1591 478 1786 547 faceres
1824 458 2082 544 judicium
2121 481 2167 524 et
2196 477 2244 535 Α
2270 478 2389 539 post
2415 467 2631 521 Petrum
2655 466 3013 534 apostolorum
3034 461 3325 533 principem
3352 477 3523 518 nonus
3551 465 3602 517 in
3632 475 3817 522 sancta

612 578 871 649 justitiam
908 570 1037 643 (III
1064 569 1191 639 Reg.
1218 585 1272 631 χ,
1298 569 1330 622 8
1359 577 1405 619 ct
1432 567 1519 635 9).

1039 693 1066 722 ι
1101 677 1428 734 EPISTOLA
1458 674 1669 731 LXXXl
1696 676 1751 732 δ.

1072 766 1141 804 ΔΙ)
1177 763 1406 807 Αιβικυι
1455 760 1695 800 ΔΒΒΑΤΕΙ
1705 783 1721 795 ο

619 844 839 902 Carolus
865 841 1085 910 Magnus
1119 833 1822 976 τεεὲἓῶἷῗθιέἓῗηνὲῗρίδιοιω
1866 832 1930 885 ἀι
1975 829 2175 884 ratione

689 1001 909 1059 Carolus
927 1040 942 1062 ,
969 998 1136 1069 gratia
1169 997 1299 1060 Dei,
1323 1010 1417 1049 rex
1443 996 1767 1071 Francorum
1785 1032 1801 1058 ,
1830 1003 1851 1031 ε
1887 993 2176 1060 imperator

626 1087 1118 1158 Langobardorum,
1148 1100 1210 1138 ac
1236 1084 1492 1152 patricius
1535 1081 1919 1143 Romanorum,
1942 1078 2176 1133 dilectis-

620 1182 755 1235 sime
786 1179 1059 1247 magistro,
1084 1175 1339 1242 nobisque
1370 1189 1490 1227 cum
1517 1186 1703 1226 amore
1732 1169 2055 1223 nominando
2080 1167 2173 1220 ΑΙ-
2220 1239 2241 1247 ἡ

618 1268 743 1324 bino
771 1265 948 1330 abbati
983 1265 1035 1318 in
1061 1264 1282 1317 Domino
1310 1270 1494 1315 nostro
1518 1258 1643 1315 Iesu
1669 1258 1883 1313 Christo
1915 1267 2173 1312 aeternam

620 1359 937 1489 “ltili-gon
967 1430 1032 1485 ad
1061 1444 1159 1483 nos
1193 1427 1414 1497 epistola
1460 1427 1619 1481 missa
1666 1442 1695 1479 a
1750 1426 2000 1493 religione
2043 1438 2162 1493 pru-

618 1523 809 1578 dentia:
830 1530 1041 1582 vestras,
1066 1534 1183 1584 qua:
1204 1524 1321 1585 post
1348 1516 1530 1568 laudes
1559 1523 1612 1567 et
1639 1513 2031 1574 benedicaiones
2057 1528 2173 1565 om-

619 1608 878 1679 nipotenti
927 1606 1034 1660 Deo
1076 1605 1298 1665 debitas,
1342 1604 1493 1656 nobis
1534 1611 1588 1655 et
1625 1601 1893 1671 progeniei
1942 1610 2172 1664 nostrae,

619 1696 1038 1752 benedictionem
1067 1692 1353 1761 optabilem
1391 1707 1512 1745 cum
1557 1704 1763 1744 summa
1809 1690 2173 1744 benevolentia

2273 561 2512 613 Romana
2537 556 3002 617 Ecclesia'claruit,
3028 563 3228 622 septem
3262 553 3607 610 hebdomadas
3646 556 3697 610 in
3726 558 3823 611 ab-

2272 648 2520 701 stinentia
2550 646 2806 699 dedicatae
2833 653 2987 707 sunt;
3018 651 3075 697 et
3098 643 3197 696 hoc
3226 651 3452 712 tempus,
3474 658 3580 712 quo
3602 645 3706 699 alio
3727 660 3824 699 no-

2272 734 2414 787 mine
2447 734 2643 786 reetius
2668 733 2847 786 vocari
2884 746 3042 799 quam
3080 730 3526 799 Quinquagesima
3556 732 3606 784 in
3635 733 3825 787 ordino

2273 813 2679 895 rationabiliter
2712 821 2956 874 debuerit
3012 818 3140 888 [Al.,
3165 819 3373 882 debuit;
3423 818 3577 873 δοιά.
3610 835 3822 885 vocare,

2269 927 2430 982 quam
2473 910 3040 980 Quinquagesimam...
3072 909 3428 979 debuerunt]?
3465 910 3543 962 Ex
3602 910 3725 964 hinc
3770 920 3827 964 et

2270 1001 2519 1068 deinceps
2540 999 2758 1053 collecta
2781 998 3004 1059 ratione,
3029 997 3119 1064 qui
3143 1006 3265 1049 octo
3290 996 3634 1050 hebdomadis
3677 997 3783 1069 [ΑΙ.
3806 1032 3822 1062 ,

2271 1091 2660 1153 hebdomadas;
2710 1088 2863 1142 δοιά.
2904 1088 3049 1139 addit
3090 1103 3109 1139 :
3156 1086 3444 1139 observare
3488 1090 3829 1157 studuerunt,

2273 1180 2668 1250 Sexagesimam
2717 1175 3058 1248 gradatim],
3112 1175 3512 1247 Sexagesimam
3562 1180 3829 1248 gradatim

2271 1269 2693 1323 nominaverunt.
2725 1265 2980 1319 Similiter
3017 1265 3106 1333 qui
3145 1280 3356 1329 novem,
3388 1265 3828 1335 Septuagesimze.

2262 1356 2415 1425 juxta
2456 1355 2730 1427 pncfatam
2778 1356 3062 1421 rationem,
3105 1370 3297 1409 nomen
3346 1357 3734 1424 imposuerunt,
3776 1368 3833 1415 et

2273 1463 2375 1501 non
2400 1449 2469 1502 ob
2490 1460 2768 1500 numerum
2800 1444 2905 1516 [AL
2926 1484 2941 1503 .
2967 1446 3206 1499 ordinem
3238 1449 3603 1520 numerorum]
3634 1450 3833 1506 hebdo-

2274 1536 2549 1589 madarum
2576 1535 2656 1588 vel
2684 1536 2909 1597 dierum,
2942 1534 3035 1588 sed
3056 1543 3291 1587 tenorem
3313 1536 3543 1590 nominis
3575 1537 3708 1608 [Αι.,
3736 1554 3833 1592 nn-

2275 1622 2458 1694 meris]
2489 1632 2763 1677 servantes
2788 1624 2901 1676 htee
2939 1623 3152 1675 nomina
3185 1634 3507 1678 censuerunt
3535 1625 3662 1689 lAt.,
3695 1641 3836 1681 com-

2274 1709 2609 1781 posuerunt].
2640 1702 2814 1773 Velut,
2837 1711 2973 1781 siqui
3003 1726 3144 1763 nunc
3179 1709 3419 1774 fuissent,
3452 1713 3542 1781 qui
3571 1715 3833 1769 decimam

622 1787 748 1859 [Al.,
774 1799 1146 1856 summamque
1174 1780 1622 1852 benevolentiam]
1649 1780 1859 1834 detulit.
1892 1780 2017 1833 Post
2063 1780 2175 1832 haec
2210 1804 2238 1861 Ε

2290 1800 2661 1853 hebdomadam
2691 1780 2882 1852 addere
2908 1814 3004 1866 pro
3036 1799 3209 1868 aliqua
3235 1798 3379 1867 justa
3409 1780 3614 1854 ratione
3640 1804 3810 1859 voluis

623 1887 801 1932 textus
824 1876 963 1929 illius
994 1874 1306 1942 inquirendo
1329 1874 1644 1926 subsecutus
1693 1868 1815 1941 [ΑΙ.
1834 1910 1848 1934 ,
1872 1867 2175 1940 subjectus]

620 1978 723 2032 est,
755 1983 851 2023 cur
881 1965 1281 2036 Septuagesima
1327 1971 1383 2017 et
1419 1961 1779 2030 Sexagesima,
1829 1976 1929 2015 nec
1980 1976 2081 2013 non
2128 1965 2183 2012 et

621 2056 1067 2126 Quinquagesitna
1106 2055 1157 2107 in
1196 2054 1384 2107 ordine
1424 2067 1520 2121 per
1561 2052 1674 2105 dies
1714 2050 2007 2104 dominicas
2057 2057 2181 2101 ante

622 2148 1091 2217 Quadragcsimam
1123 2147 1351 2210 dicatur,
1387 2145 1468 2199 vel
1493 2143 1775 2220 scribatur.
1805 2143 1930 2198 Inde
1968 2150 2180 2211 arrepta

625 2239 831 2292 ratione
861 2250 958 2305 per
998 2250 1218 2304 campos
1258 2235 1608 2288 arithmetica:
1651 2235 1801 2295 artis,
1827 2232 2082 2301 quidquid
2118 2247 2183 2285 ex

622 2329 724 2381 hac.
753 2343 811 2380 re
838 2334 1013 2380 vestra
1047 2326 1214 2378 sensit
1242 2324 1524 2387 industria,
1558 2337 1615 2376 se
1657 2321 1989 2375 extendendo
2032 2320 2183 2374 nobis

621 2416 849 2489 pleniter
877 2413 1177 2483 significare
1223 2412 1425 2465 studuit
1474 2410 1603 2481 [Αιη
1626 2407 1855 2480 statuit].
1908 2409 2014 2463 Sed
2059 2408 2184 2463 dum
2230 2397 2236 2403 ”

624 2521 775 2558 mens
802 2513 981 2564 nostra
1013 2503 1118 2556 huc
1156 2502 1386 2573 illucque
1429 2502 1776 2562 discurreret,
1804 2499 1985 2553 solerti
2031 2500 2183 2552 inda-

623 2596 833 2665 gatione
854 2593 1339 2655 consideravimus,
1361 2605 1467 2644 non
1496 2591 1662 2645 solum
1692 2589 1829 2643 infra
1870 2588 1999 2660 [Αι.,
2023 2587 2184 2658 intra]

624 2687 964 2755 przescriptos
1010 2698 1040 2735 a
1090 2684 1242 2736 vobis
1286 2681 1429 2745 dies,
1476 2683 1568 2736 sed
1615 2681 1774 2734 etiam
1817 2696 1913 2749 per
1955 2678 2187 2747 singulas

624 2773 1007 2835 hebdomadas,
1057 2786 1154 2825 nec
1200 2786 1304 2824 non
1351 2776 1407 2824 et
1462 2785 1556 2839 per
1612 2778 1780 2824 totum
1828 2770 1952 2822 anni
2002 2768 2186 2823 circuli

629 2866 831 2940 [Cold.,
859 2864 1144 2935 circulum]
1171 2865 1400 2933 spatium
1439 2862 1617 2934 [Gold.
1655 2879 1758 2915 om.
1788 2860 2064 2932 spatium],
2092 2851 2188 2929 per

625 2954 902 3010 intervalla
936 2956 1189 3008 horarum
1212 2966 1275 3005 ac
1302 2962 1617 3020 punctorum
1641 2966 1734 3005 seu
1763 2960 2183 3021 momentorum;

627 3043 882 3112 mysteria
907 3054 1248 3094 numerorum
1277 3054 1434 3108 posse
1478 3039 1545 3091 ab
1593 3039 1675 3091 his
1716 3039 1805 3106 qui
1853 3038 2012 3107 hujus
2055 3038 2187 3115 artis

2278 1897 2416 1951 sent,
2441 1897 2496 1942 et
2520 1897 2737 1957 propter
2763 1903 3040 1941 numerum
3082 1890 3532 1943 hebdomadarum
3562 1892 3831 1962 decagesi-

2278 1991 2421 2029 mam
2464 1974 2594 2046 ML,
2640 1975 3167 2046 Decimagesimam],
3202 1991 3292 2030 seu
3314 1979 3550 2045 quolibet
3593 1981 3700 2033 alio
3739 1996 3837 2037 no-

2280 2066 2443 2130 mine,
2470 2066 2553 2120 vel
2587 2075 2804 2135 propter
2823 2082 3098 2120 numerum
3120 2069 3324 2121 dierum
3354 2069 3832 2141 Septuagesimum,

2278 2156 2362 2211 vel
2388 2157 2824 2227 octuagesimam,
2853 2155 3039 2210 ordine
3059 2165 3270 2210 servato
3296 2160 3694 2225 vocabulorum,
3728 2172 3838 2216 tra-

2281 2246 2410 2300 mite
2446 2255 2591 2297 recto
2615 2246 2880 2313 pergendo
2902 2260 3205 2313 nuncupare
3234 2247 3557 2301 debuissent.

2351 2334 2486 2399 Quia
2528 2335 2706 2401 igitur,
2734 2336 2902 2402 gratia
2938 2335 3112 2387 divina
3159 2336 3472 2404 opi.ulante,
3500 2349 3656 2405 prout
3680 2342 3837 2395 nobis

2282 2423 2454 2477 visum
2486 2422 2604 2485 fuit,
2633 2422 2697 2475 de
2727 2424 2936 2476 nomine
2963 2423 3377 2493 Septuagesimre
3405 2436 3459 2479 et
3484 2429 3839 2497 Sexagesima:

2285 2510 2415 2582 [AI.,
2443 2510 2892 2582 Quadragesimar]
2912 2552 2926 2575 ,
2961 2528 3024 2569 ac
3048 2512 3540 2583 Quinquagesimte,
3573 2527 3675 2572 tute
3712 2520 3840 2573 cha-

2285 2600 2429 2653 ritati
2463 2600 2797 2668 scripsimus,
2840 2617 2982 2656 nunc
3021 2602 3157 2673 stylo
3194 2615 3537 2671 percurrente
3561 2607 3626 2661 de
3650 2608 3841 2663 obser-

2295 2688 2470 2742 vantia
2499 2696 2552 2741 et
2578 2688 2719 2741 cultu
2745 2690 2933 2743 harum
2970 2690 3466 2763 (hebdomadarum)
3504 2694 3657 2761 juxta
3684 2711 3843 2766 capa-

2285 2780 2497 2834 citatem
2528 2777 2726 2849 [Gold.,
2751 2779 3117 2851 sagacitatem]
3143 2795 3331 2835 sensus
3374 2784 3543 2836 nostri
3580 2786 3672 2838 tibi
3708 2787 3842 2840 scri-

2284 2869 2414 2922 bere
2457 2867 2779 2921 curavimus.
2828 2866 3275 2937 Quinqnagesima
3305 2884 3429 2923 vero
3461 2872 3578 2925 ideo
3621 2873 3838 2937 dicitur,

2286 2966 2341 3013 et
2364 2959 2679 3012 observatur
2706 2972 2735 3009 a
2761 2958 3045 3023 nonnullis,
3084 2967 3140 3011 ut
3164 2966 3219 3011 et
3244 2960 3476 3015 decimas
3512 2961 3739 3027 dierum,
3760 2962 3843 3030 jo-

2280 3053 2919 3128 jnnandokomnipotenti
2947 3054 3054 3107 Deo
3092 3053 3284 3109 oﬂ'errc
3308 3054 3536 3118 valeant,
3564 3065 3619 3109 et
3643 3056 3843 3112 imitari

624 3133 818 3203 peritia
849 3132 1037 3185 imbuti
1060 3139 1185 3183 sunt
1212 3130 1455 3198 reperiri.
1483 3128 1633 3195 Unde
1656 3128 1779 3197 quia
1810 3136 1914 3181 tua:
1939 3127 2184 3181 eharitati
2210 3131 2238 3190 ε

2290 3127 2566 3201 Dominum
2594 3152 2833 3199 nostrum
2854 3141 3034 3196 Jesum
3056 3143 3349 3204 Christum,
3375 3145 3465 3213 qui
3490 3146 3843 3215 quadraginta

624 3223 827 3292 placuit
853 3230 1088 3276 nostram
1116 3220 1349 3289 regalem
1379 3220 1550 3273 aulam
1579 3222 1677 3274 hac
1701 3220 1766 3274 de
1795 3234 1855 3272 re
1886 3219 2182 3281 consulere,

626 3311 883 3382 quidquid
914 3310 1034 3363 inde
1065 3310 1223 3364 sentit
1277 3308 1414 3381 [ΑΛ.
1440 3308 1628 3379 sensit]
1678 3317 1858 3361 nostra
1907 3308 2184 3371 serenitas,

629 3416 875 3456 sermone
895 3401 1209 3454 commatico
1231 3401 1323 3453 tibi
1341 3398 1639 3467 patefacere
1660 3413 1763 3451 non
1780 3394 2034 3468 negamus
2053 3396 2187 3468 [Αι.,

636 3488 993 3559 negavimus].
1796 3553 1807 3558 _

704 3578 956 3647 Exigenle
978 3576 1138 3645 igitur
1159 3576 1518 3645 inquisitione,
1535 3582 1589 3628 et
1604 3574 2024 3630 consideratione
2046 3590 2190 3644 qum-

614 3666 851 3723 ,rendnm
882 3674 982 3728 est,
1014 3680 1110 3717 cur
1136 3662 1267 3734 [Αι.,
1294 3664 1626 3717 considerata
1649 3703 1663 3727 ,
1686 3679 1811 3725 cur;
1852 3662 2004 3717 601d.
2024 3703 2038 3727 ,
2063 3679 2189 3717 con-

630 3754 861 3807 sitiet-ala
896 3754 1102 3805 ratione
1132 3750 1250 3822 cur]
1280 3752 1367 3805 alii
1398 3767 1521 3816 sex,
1552 3753 1640 3806 alii
1668 3762 1866 3822 septem
1889 3793 1903 3814 ,
1931 3753 2017 3806 alii
2046 3764 2187 3818 octo,

632 3844 867 3918 nonnulli
899 3858 1026 3897 vero
1048 3858 1236 3895 novem
1262 3844 1564 3897 abstineant
1599 3826 1993 3898 hebdomadas?
2014 3844 2193 3913 'Argu-

632 3940 868 3985 mentum
892 3944 1081 3984 sensus
1110 3930 1276 3983 nostri
1303 3937 1404 3983 tua:
1435 3929 1777 3983 familiaritati
1807 3946 1902 3999 per
1942 3932 2037 3984 hos
2074 3932 2190 4000 api-

633 4033 728 4071 ces
753 4034 779 4072 s
802 4018 1054 4087 gniﬁcare
1077 4017 1369 4071 studemus.
1397 4017 1496 4083 Qui
1520 4016 1659 4071 enim
1689 4018 1837 4089 [Cod.
1858 4036 1953 4071 ms.
1977 4019 2036 4073 S.
2062 4019 2188 4072 Em-

633 4109 868 4168 merami,
909 4106 1058 4171 Quod
1105 4108 1182 4161 sic
1234 4107 1542 4161 solvendum
1582 4118 1693 4171 est;
1742 4109 1829 4176 qui
1879 4108 2040 4179 enim]
2098 4124 2189 4161 sex

635 4195 994 4248 hebdomadas
1006 4182 1348 4248 observantes
1372 4211 1429 4250 se
1455 4198 1787 4250 abstinentiae
1813 4198 2049 4260 tradunt,
2069 4199 2193 4250 sub-

638 4282 825 4337 tractis
850 4297 942 4335 scx
972 4283 1158 4335 diebus
1190 4285 1500 4347 dominicis,
1523 4286 1576 4336 in
1606 4286 1797 4352 quibus
1817 4285 2057 4351 jcjunare
2089 4288 2189 4339 mi-

637 4370 778 4423 nime
823 4368 974 4429 licet,
1009 4369 1241 4423 decimas
1286 4357 1494 4423 dierum
1539 4371 1725 4423 dantes
1773 4370 1971 4441 [Cold.,
2004 4375 2191 4428 dantes

638 4457 864 4527 dierum]
892 4458 1129 4530 corporis
1156 4458 1259 4520 sui,
1284 4458 1498 4529 triginta
1529 4474 1621 4513 sex
1658 4461 1787 4522 dies,
1818 4462 1955 4515 sicut
2003 4463 2189 4516 beatus

638 4545 925 4614 Gregorius
958 4545 1213 4599 mirabilis
1238 4546 1423 4601 doctor
1459 4548 1963 4618 edocet,jejunant;
2010 4559 2065 4602 et
2092 4552 2191 4604 hoc

642 4639 867 4699 tempus,
888 4632 1013 4684 licet
1049 4633 1101 4684 in
1129 4634 1245 4701 ipso
1288 4634 1390 4685 duo
1431 4649 1711 4703 superesse
1756 4638 2036 4692 videantur
2080 4640 2191 4693 dies

640 4734 807 4788 usque
834 4721 897 4773 ad
923 4728 1160 4773 sanctam
1204 4719 1689 4788 Resurrectionem,
1722 4725 2191 4795 Quadragesimam

640 4808 950 4862 doctoribus
961 4818 1157 4862 sanctze
1181 4809 1275 4863 Dei
1296 4810 1545 4865 Ecclesia:
1570 4813 1680 4882 89
1701 4816 1960 4868 nominari
1975 4816 2188 4885 placuit.

640 4897 914 4969 Religione
941 4912 1069 4953 vero
1093 4912 1360 4955 crescente
1388 4918 1417 4957 a
1444 4904 1767 4975 Telesphoro
1803 4905 2073 4978 pontiﬁce,
2103 4910 2191 4981 qui

711 5018 736 5047 ι
777 5008 1561 5083 Hanc_cpis_tolam,Aquamvis
1599 5014 1712 5083 jam
1768 5032 1796 5069 a
1850 5019 2005 5075 nobis
2059 5022 2194 5077 inter

643 5088 803 5159 opera
832 5076 895 5159 li.
914 5076 1087 5156 Caroli
1126 5078 1295 5146 Magni
1322 5076 1709 5159 reensamChic
1740 5086 2051 5159 exhibemus
2074 5076 2193 5159 pro;

644 5154 760 5211 pter
789 5155 988 5224 arctam
1014 5151 1129 5225 ejus
1150 5151 1611 5225 cnmjrnacedemi
1640 5161 1693 5205 et
1715 5158 1954 5225 segnenti
1975 5151 2193 5225 epistola

646 5164 760 5211 puer
789 5164 988 5224 arctam
1014 5164 1129 5214 ejus
1150 5164 1610 5269 cumipraaceuenu
1640 5164 1693 5205 et
1715 5164 1954 5220 sequenti
1975 5172 2029 5225 ep

645 5226 1045 5295 contigxtonem.
1067 5216 1275 5295 iApudA
1322 5217 1499 5271 robcn.
1534 5223 1688 5295 epist.
1729 5221 2029 5295 (ἥδ-ψῃ.

715 5280 740 5318 b
766 5280 1047 5362 Epistula.”
1066 5280 1204 5338 EJit.
1236 5280 1581 5362 Quercetani:
1604 5306 1722 5362 pag.
1752 5280 2029 5362 ili'IuHic
2055 5310 2195 5349 eam-

646 5350 762 5419 dem
808 5353 1198 5419 Castigatiorem
1249 5350 1561 5409 exhibemus
1602 5350 1860 5413 exvcodd.
1907 5358 2097 5417 Salisb.
2142 5374 2195 5417 et

647 5418 701 5468 Β.
718 5418 1061 5497 ῌφωονάωί.
1087 5422 1376 5497 Utramque
1402 5426 1465 5497 de
1484 5424 1887 5497 Septuagesima
1916 5432 2193 5496 epistolam

646 5491 897 5566 scriptam
917 5504 1035 5566 esse
1054 5505 1196 5566 antu}
1217 5491 1317 5547 798
1340 5491 1608 5566 existimo,
1632 5491 1736 5563 quo
1760 5498 1923 5551 etiam
1940 5491 2197 5554 Meuinus

646 5552 769 5638 huic
794 5556 965 5638 C‘a‘roii
992 5559 1521 5638 epistolaa‘respoudit
1546 5552 1945 5638 epistolam
1972 5552 2197 5638 aequet);

650 5629 771 5698 tem.
804 5624 1169 5704 ‘chasionem
1210 5629 1273 5681 de
1309 5624 1369 5680 ea
1409 5646 1465 5683 re
1499 5624 1796 5699 inquirendi
1855 5624 2194 5703 przebnérnnt

646 5693 760 5757 eius
787 5693 1046 5761 diSCipuli,
1099 5713 1115 5756 ς
1149 5710 1334 5748 eorum
1359 5707 1481 5751 tunc
1508 5693 1799 5770 temporum
1829 5693 2193 5760 convenientia

2287 3233 2473 3287 diebus
2513 3229 2772 3298 jejunium
2819 3231 3237 3301 sacratissimum
3285 3232 3542 3300 implevit.
3588 3233 3631 3286 Α
3678 3234 3838 3300 Quin-

2286 3321 2593 3391 quagesima
2628 3334 2856 3388 namque
2886 3336 3055 3388 usque
3088 3322 3138 3373 in
3164 3321 3367 3376 Pascha
3412 3333 3613 3392 septem
3641 3327 3845 3379 hebdo-

2287 3411 2456 3461 madas
2515 3415 2666 3469 sunt,
2718 3424 2843 3476 qua:
2882 3406 3084 3461 faciunt
3131 3410 3244 3462 dies
3297 3413 3681 3482 quinquaginta
3722 3433 3734 3468 :
3777 3432 3845 3470 ex

2286 3502 2478 3569 quibus
2506 3501 2548 3554 si
2576 3496 2695 3554 octo
2725 3501 2837 3553 dies
2860 3496 3162 3556 dominicus
3190 3503 3539 3568 subtraxeris,
3571 3507 3623 3559 in
3650 3508 3845 3577 quibus

2281 3589 2537 3657 jejunium
2565 3605 2669 3643 non
2699 3590 2820 3643 licet
2847 3591 3151 3655 observare,
3182 3604 3458 3661 remanent
3491 3597 3845 3667 quadraginta

2274 3680 2392 3732 ‘duo
2419 3679 2553 3743 dies,
2584 3687 2637 3733 ct
2665 3680 2717 3733 hi
2747 3679 2850 3733 duo
2872 3680 3007 3744 dies,
3034 3682 3219 3748 quinta
3265 3678 3468 3753 [Cold.,
3496 3696 3669 3747 sexta,
3702 3704 3846 3742 men-

2288 3765 2430 3836 dose]
2461 3766 2702 3827 videlicet
2733 3776 2787 3819 et
2814 3769 3034 3835 septima
3062 3767 3216 3832 feria,
3243 3775 3334 3839 qni
3362 3775 3841 3843 quadragenarinm

2290 3868 2568 3906 numerum
2597 3855 2877 3919 excedunt,
2904 3856 3042 3925 apud
3076 3859 3331 3925 quosdam
3363 3859 3564 3928 jejunio
3593 3864 3847 3921 dedican-

2290 3950 2404 4006 tur;
2440 3943 2577 4011 apud
2608 3944 2863 4011 quosdam
2891 3945 2961 4009 in
3004 3949 3346 4003 veneratione
3370 3949 3501 4022 [AI.,
3528 3952 3841 4028 refectione]
3876 4008 3883 4009 ,

2288 4042 2510 4105 propter
2538 4035 2755 4090 Coenam
2799 4037 3120 4092 dominicam
3161 4049 3215 4094 et
3259 4051 3500 4095 sanctum
3549 4041 3843 4103 Sabhatnm

2288 4125 2569 4187 habentur.
2614 4124 2951 4192 Sexagesima
2992 4135 3193 4191 autem,
3232 4137 3290 4181 nt
3328 4130 3697 4196 :estimamus,’
3722 4146 3847 4200 pro-

2288 4220 2469 4281 pterea
2512 4212 2541 4263 a
2570 4211 2835 4264 nonnullis
2856 4214 3191 4277 observatur,
3220 4223 3278 4267 ut
3302 4223 3356 4267 et
3379 4217 3614 4271 decimas
3639 4219 3846 4273 dierum

2290 4297 2529 4367 corporis
2572 4299 2651 4351 sui
2696 4297 2781 4369 [Αι
2809 4338 2823 4361 ,
2850 4301 3161 4369 corporibus
3186 4302 3317 4373 suis]
3362 4306 3710 4374 omnipotenti
3741 4308 3847 4365 Deo

2292 4388 2415 4439 dare
2440 4387 2665 4454 possint,
2692 4397 2745 4441 et
2775 4389 3055 4443 Dominum
3093 4402 3332 4445 nostrum
3364 4393 3545 4449 .lcsum
3571 4398 3845 4454 Christum

2292 4477 2343 4529 in
2394 4478 2814 4547 quadragenario
2871 4495 3092 4535 numero
3146 4484 3502 4551 particulatim
3555 4486 3849 4555 jejunando

2287 4566 2511 4628 imitari,
2539 4573 2593 4618 ct
2630 4574 2686 4618 ut
2710 4567 2957 4634 primam,
2981 4568 3063 4621 vel
3087 4570 3325 4636 quintam
3360 4570 3548 4626 feriam
3587 4590 3618 4626 a
3637 4574 3844 4643 jejunio

2290 4666 2480 4706 vacare
2500 4652 2728 4705 valeant.
2764 4652 2809 4704 Α
2836 4653 3176 4722 Sexagesima
3202 4658 3396 4727 quippe
3425 4675 3591 4729 usque
3632 4663 3684 4716 in
3715 4677 3844 4718 san-

2290 4749 2434 4794 ctum
2457 4742 2595 4797 diem
2617 4740 3039 4797 Resurrectionis
3063 4745 3339 4802 dominicae
3360 4758 3482 4804 octo
3505 4752 3849 4809 hebdomadas

2291 4838 2434 4893 sunt,
2461 4846 2525 4884 ex
2553 4832 2745 4899 quibus
2772 4832 2817 4885 si
2845 4833 2909 4886 de
2932 4834 3153 4904 singulis
3177 4834 3595 4895 hebdomadibus
3618 4844 3849 4910 primam

2290 4927 2345 4973 et
2368 4920 2606 4988 quintam
2644 4919 2832 4975 feriam
2871 4924 3221 4990 subtraxeris,
3251 4936 3308 4981 et
3348 4930 3531 4999 ipsum
3556 4931 3696 4986 diem
3724 4946 3848 4988 san-

2290 5032 2526 5115 gxci‘tati.
2561 5052 2600 5112 »ι
2626 5032 3004 5115 Ει-ιςοθδςινίριαξ
3031 5034 3179 5093 fuere
3206 5038 3323 5093 ista
3348 5040 3584 5109 epistola:
3608 5052 3849 5115 tempore

2293 5098 2852 5168 Septuagesimaa'ejus
2880 5098 3024 5157 arani.

2364 5178 2397 5239 ξ
2419 5166 2916 5239 Ῑηῲεηξιοτκιιτιηο
2944 5187 3124 5226 vocem
3155 5187 3259 5228 non
3291 5177 3489 5233 habent
3516 5176 3684 5236 Codd.
3716 5198 3845 5239 mss.

2294 5234 2485 5318 Salisb.
2506 5234 2569 5289 et
2596 5235 3211 5318 san-Emmeramianus;
3241 5261 3343 5318 nec
3367 5234 3542 5303 exstat
3570 5234 3704 5318 apud
3717 5234 3849 5306 Coi;

2292 5304 2525 5388 dastunr,
2566 5305 2653 5372 qui
2700 5307 2836 5388 hanc
2878 5309 3155 5388 epistn'hm
3191 5304 3355 5368 edidit
3376 5304 3665 5371 Constituit.
3694 5304 3846 5388 inii...

2294 5380 2420 5451 tom.
2449 5372 2531 5451 lll,
2580 5389 2696 5451 pag.
2725 5378 2846 5451 1⁸57.
2875 5372 3152 5432 Omittitur
3176 5397 3387 5451 quoque
3417 5388 3469 5438 in
3492 5372 3849 5442 Chron.Cetr'

2294 5439 2523 5521 tnlensi,
2556 5439 2985 5521 a‘pn'd‘Pouget"
3030 5462 3149 5521 pag.
3178 5439 3318 5514 b724,.
3352 5464 3465 5508 not.
3496 5439 3566 5508 ri."
3599 5439 3845 5521 Etherius,

2294 5511 2561 5595 namdata
2591 5511 2673 5595 est
2710 5514 2823 5595 hac
2858 5511 3078 5595 epistola
3107 5511 3394 5595 antequam
3414 5511 3648 5595 Carolus
3678 5511 3846 5595 impel

2295 5586 2437 5699 r'atotr
2480 5578 2665 5659 fuisset
2706 5578 3022 5653 declaratus,
3052 5595 3109 5637 ut
3138 5578 3367 5645 diximus
3413 5594 3465 5648 in
3499 5601 3606 5646 not.
3640 5578 3854 5650 antece-

2296 5662 2309 5693 (
2330 5662 2393 5697 ειη
2420 5662 2467 5699 υ.
3075 5680 3079 5687 “

2296 5659 2467 5699 (ῐρῐηρ.
3075 5680 3079 5687 ι
3860 5659 3866 5667 ’
