4226 6198
399 313 499 369 Ξῦὃ

1839 291 2189 349 EPISTULA'I
2202 333 2213 344 .

3532 291 3633 343 ‘266

403 439 544 485 ctum
565 419 816 486 Pascha,
843 417 1193 489 quadraginta
1229 426 1434 470 tantum
1464 415 1577 468 dies
1605 418 1883 467 remanent
1910 407 1964 463 in
1998 412 2040 469 Α
2069 406 2393 467 dicmimus;
2454 406 2550 465 αι..
2609 407 2956 473 prohibetur;
3018 406 3113 465 ut,
3160 405 3565 471 pr:c.iicu¥inttts
3597 412 3630 474 ι.

408 504 746 573 abstinentia.
781 510 1113 566 atelchiades
1152 524 1278 564 vero
1326 509 1542 562 natione
1582 508 1731 569 Afer,
1764 506 1847 557 vir
1874 517 1970 574 per

405 612 583 666 omnia
620 606 966 680 apostolicus,
988 604 1292 658 tricesimus
1318 609 1540 671 quartus
1567 609 1687 671 post
1726 605 1968 652 sanctum

410 700 646 762 Petrum,
690 698 776 753 cui
824 694 1078 750 successit
1122 694 1309 747 beatus
1340 691 1596 745 Silvester
1643 690 1696 743 in
1718 688 1971 743 cathedra

412 788 541 863 [Αι.,
570 784 901 856 cathedram]
927 783 1226 854 apostolica:
1250 782 1553 851 dignitatis;
1586 780 1672 834 hic
1697 777 1975 833 constituit

414 889 472 934 ut
498 878 638 933 nulla
680 877 902 939 ratione,
936 875 988 928 in
1012 874 1185 943 prima
1214 872 1295 927 vel
1320 872 1505 941 quinta
1534 870 1686 933 feria,
1713 868 1971 936 jejunium

404 970 536 1041 quis
570 968 638 1022 de
674 964 919 1021 ﬁdelibus
958 978 1117 1033 agere
1152 968 1519 1032 praesumeret.
1558 972 1583 1000 ι
1613 957 1745 1013 Nam
1790 973 1887 1013 cur
1921 958 1974 1013 in

410 1062 582 1130 prima
611 1057 744 1112 feria
770 1055 1027 1124 jejunium
1063 1055 1177 1123 ipso
1206 1052 1447 1105 tradente
1474 1051 1733 1113 solvatur,
1761 1064 1865 1105 non
1894 1058 1976 1104 est

412 1148 705 1203 necessitas
732 1145 960 1199 texendo
987 1142 1263 1212 replicare.
1299 1141 1551 1207 Quintam
1579 1156 1706 1195 vero
1730 1139 1976 1193 arbitrati

415 1256 629 1303 sumus,
662 1246 880 1308 propter
911 1252 1100 1306 magna
1136 1236 1387 1306 mysteria
1408 1275 1423 1298 ,
1466 1251 1583 1304 qua:
1625 1237 1678 1289 in
1715 1250 1775 1289 ea
1808 1237 1979 1290 conti-

416 1340 629 1394 nentur,
678 1330 745 1382 ab
775 1344 844 1382 eo
885 1327 1133 1381 solutam.
1182 1327 1239 1379 In
1286 1326 1398 1394 ipsa
1428 1320 1681 1395 namque
1733 1334 1977 1381 sanctum

416 1408 645 1474 chrisma
677 1416 957 1471 conficitur
980 1415 1047 1469 ad
1078 1414 1369 1468 abluendas
1396 1415 1561 1468 totius
1590 1416 1770 1468 mundi
1793 1416 1979 1484 prima:

415 1509 636 1577 originis
661 1506 846 1574 culpas
870 1504 1006 1576 (AL,
1035 1502 1728 1574 abluendann...culpam];
1780 1505 1835 1558 in
1867 1506 1978 1573 ipsa

417 1598 776 1655 reconciliatio
818 1596 879 1650 tit
924 1596 1329 1665 pmniteutium;
1388 1595 1440 1647 in
1494 1595 1605 1664 ipsa
1652 1594 1978 1663 Redemptor

414 1691 649 1745 omnium
677 1687 935 1743 ctenando
955 1686 1087 1757 [.l1.,
1111 1684 1405 1756 redemptio
1426 1686 1665 1739 omnium
1697 1685 1977 1755 cenando]

416 1796 533 1834 cum
558 1779 834 1849 discipulis
860 1791 1051 1847 panem
1082 1775 1256 1844 fregit,
1284 1784 1339 1829 et
1368 1774 1586 1828 calicem
1610 1776 1812 1843 pariter
1832 1775 1975 1829 dedit

417 1870 492 1922 eis
516 1869 542 1907 δ
576 1869 629 1922 in
659 1870 882 1937 ﬁguram
914 1865 1157 1933 corporis
1192 1874 1247 1917 et
1286 1865 1559 1933 sanguinis
1585 1867 1685 1925 sui,
1718 1866 1976 1933 nobisque

417 1960 751 2028 profuturum
778 1973 1028 2027 magnum
1054 1957 1295 2010 exhibuit
1321 1957 1726 2011 Sacramentum
1760 1955 1972 2024 (.llauh.

419 2064 561 2113 xxvi,
593 2048 681 2109 26,
708 2048 817 2116 27).
846 2048 923 2101 Eo
952 2046 1195 2100 videlicet
1221 2047 1324 2110 die,
1352 2056 1472 2114 post
1501 2046 1665 2098 multa
1698 2045 1974 2114 mysteria,

396 2139 554 2190 -Deus
596 2145 651 2191 et
701 2137 955 2189 Dominus
986 2143 1167 2188 noster
1192 2134 1346 2188 Iesus
1372 2134 1633 2195 Christus,
1674 2134 1978 2188 videntibus

417 2228 610 2283 sanctis
634 2226 907 2295 discipulis
935 2226 1045 2279 suis
1076 2225 1301 2294 gloriosa
1328 2224 1655 2278 Aseensione
1695 2224 1859 2278 caelos
1887 2237 1976 2291 pe-

418 2318 644 2373 netravit
685 2315 840 2385 (Luc.
876 2330 1021 2375 xxrv,
1051 2314 1138 2377 5|;
1178 2313 1292 2364 Act.
1324 2324 1364 2374 ι,
1387 2313 1464 2380 9).
1519 2312 1623 2366 Sed
1672 2327 1738 2364 ne
1768 2311 1978 2367 diutius

415 2422 586 2462 sermo
614 2404 986 2474 protrahatur;
1021 2402 1185 2454 multa
1217 2411 1264 2454 te
1291 2400 1480 2469 legisse
1507 2399 1705 2473 dehac
1728 2398 1980 2476 solemni-

415 2502 521 2547 tate
558 2470 627 2546 in-
653 2500 961 2546 sanctorum
1005 2487 1385 2543 venerabilium
1430 2470 1853 2543 o’rtliodoxorum
1878 2484 1999 2542 Pa?

415 2590 555 2634 trum
593 2580 755 2634 dictis
782 2593 883 2631 non
916 2578 1241 2647 ignoramus.
1293 2577 1695 2646 Septuagesima
1727 2577 2001 2645 denique,

410 2682 471 2725 ut
490 2672 837 2733 aestimamus,
868 2679 1151 2739 propterea
1178 2670 1244 2723 ab
1273 2668 1539 2737 aliquibus
1561 2670 1897 2731 observatur,
1922 2680 1981 2723 ut

412 2775 465 2817 et
501 2761 736 2817 decimas
773 2761 979 2842 dierum
1004 2761 1112 2815 Deo
1149 2759 1282 2830 (.41.,
1306 2758 1553 2830 Domino]
1583 2759 1711 2813 dare
1747 2768 1973 2828 queant;

409 2864 464 2905 et
484 2853 652 2920 prima
681 2851 765 2903 vel
796 2850 996 2917 quinta,
1041 2866 1140 2903 nec
1173 2866 1276 2909 non
1304 2859 1359 2904 et
1399 2850 1626 2918 septima
1664 2850 1798 2904 feria
1840 2848 1979 2917 jeju-

412 2940 557 2993 nium
607 2939 815 2993 solvere
846 2934 1046 3007 [Gold.,
1090 2938 1378 2991 observare
1429 2936 1692 3008 mendose]
1746 2939 1973 3005 possint.

406 3032 455 3082 Α
474 3026 872 3098 Septuagesima
897 3040 1024 3080 vero
1044 3040 1212 3093 usque
1240 3025 1293 3078 in
1315 3024 1540 3089 Pascha,
1569 3040 1761 3081 novem
1786 3026 1977 3080 hebdo-

410 3118 578 3171 mathe
628 3124 779 3177 sunt,
832 3129 951 3183 qua:
996 3111 1199 3168 faciunt
1247 3114 1362 3167 dies
1414 3113 1690 3183 sexaginta
1748 3122 1979 3182 quatuor

408 3201 608 3277 [Cold.,
641 3201 794 3274 tres],
827 3218 856 3256 e
885 3201 1169 3270 quibus,‘si
1196 3200 1614 3271 demuaquaque
1642 3202 1975 3257 hebdomada

410 3303 521 3348 tres
554 3293 807 3363 praefatos
834 3293 1166 3347 subtraxeris
1197 3293 1333 3355 dies,
1364 3303 1416 3347 et
1441 3293 1755 3348 Paschalcm
1801 3309 1977 3347 sacra-

342 3376 349 3381 ’
406 3382 695 3442 tissimum,
728 3383 947 3449 triginta
973 3396 1064 3434 sex
1101 3382 1151 3433 in
1188 3381 1513 3444 abstinentia
1544 3382 1673 3452 [Al.,
1708 3383 1978 3435 abstinen-

407 3469 517 3543 tiae]
550 3480 828 3524 remanent
850 3469 985 3523 dies.
1023 3469 1087 3521 lli
1114 3484 1239 3523 vero
1262 3468 1577 3533 Sabbatum,
1626 3472 1676 3523 in
1705 3485 1811 3538 quo
1840 3471 1979 3523 Deus

407 3566 478 3618 ab
506 3564 755 3617 omnibus
780 3563 1030 3633 operibus
1060 3562 1322 3628 requievit
1356 3560 1531 3631 (Gem,
1562 3578 1622 3620 ιι.
1648 3562 1723 3627 ‘2),
1754 3578 1859 3615 non
1890 3577 1977 3616 so-

408 3655 518 3708 lum
546 3656 618 3709 ob
640 3653 1074 3723 superstitionem
1098 3651 1426 3717 Iudaeorum,
1457 3668 1555 3706 nec
1582 3662 1801 3721 propter
1830 3667 1979 3706 man-

408 3749 531 3801 data
558 3748 747 3816 legalia
777 3746 987 3801 Veteris
1010 3746 1358 3810 Testamenti,
1382 3761 1499 3813 quze
1528 3754 1651 3799 sunt
1681 3747 1869 3801 umbra
1899 3744 1979 3798 fu-

409 3845 674 3897 turorum,
705 3836 798 3889 sed
824 3850 890 3888 ne
914 3850 1035 3888 cum
1062 3833 1261 3888 Judmis
1287 3834 1650 3898 scandalizent
1672 3834 1801 3905 [.41.,
1826 3850 1980 3890 scan-

408 3924 742 3991 dalizentur;
776 3921 960 3995 Gold.,
984 3921 1460 3992 sabbaptizentur],
1479 3922 1743 3988 jejunium
1769 3924 1977 3977 solvere

410 4010 612 4083 [Gold.,
643 4011 951 4073 observare,
982 4010 1245 4083 mendose]
1296 4020 1577 4065 conantur.
1610 4011 1683 4065 Ea
1711 4012 1978 4080 prceeipue

410 4117 568 4156 causa
620 4109 723 4161 est,
773 4101 898 4170 quia
944 4107 1352 4168 vesperascente
1405 4101 1518 4168 ipso
1563 4099 1669 4162 die,
1721 4100 1976 4169 gaudium

408 4192 519 4261 90
543 4200 741 4247 sancta
779 4191 1187 4245 resurrectionis
1221 4207 1249 4243 a
1280 4190 1523 4246 ﬁdelibus
1554 4191 1845 4245 honoriﬁce
1894 4204 1979 4244 ce-

412 4282 668 4334 lebratur.
696 4280 802 4335 Sed
826 4281 949 4347 quia
979 4282 1344 4350 unusquisque
1377 4283 1428 4335 in
1474 4298 1571 4339 suo
1600 4297 1761 4336 sensu
1808 4283 1978 4335 abun-

2144 507 2165 533 ο
2199 497 2270 551 De
2298 496 2397 573 hoc
2439 505 2633 553 autem.
2674 495 2814 562 quod
2861 493 3102 547 chartula
3145 502 3422 560 prosecuta
3454 506 3631 548 vestra

2075 590 2275 650 retulit,
2300 588 2443 657 quod
2468 587 2697 655 plurima
2729 588 2853 642 hinc
2881 587 2984 641 dici
3021 589 3245 655 possint,
3282 587 3373 641 scd
3405 586 3637 641 noluisse

2074 688 2126 734 te
2151 678 2407 733 excedere
2435 677 2650 731 modum
2695 677 2974 737 chartulre,
3005 687 3060 731 et
3090 678 3319 729 maxime.
3345 678 3468 745 quia
3518 693 3637 731 cun

2074 770 2299 840 sapienti
2320 768 2505 836 paucis
2534 769 2788 823 utendum
2824 769 2892 822 sit
2921 769 3118 830 verbis,
3153 768 3222 821 ita
3261 778 3316 820 et
3366 784 3461 822 nos
3488 783 3638 822 versa

2072 859 2191 911 vice
2204 859 2387 926 paucis
2416 872 2582 927 pauca
2621 858 3010 927 rescripsimus.
3023 841 3180 922 Quod
3208 867 3385 912 autem
3414 875 3637 929 usurpa-

2076 947 2174 1001 stis
2193 948 2354 1001 verba
2380 947 2573 1016 reginae
2597 946 2750 1001 Saba:
2775 946 2840 1000 ad
2861 945 3197 1000 Salomonem
3225 946 3289 999 de
3315 947 3641 1001 beatitudine.

2077 1054 2353 1095 servorum
2378 1039 2469 1109 qui
2515 1037 2667 1092 nobis
2705 1020 2982 1098 assistunt,
3018 1046 3072 1089 et
3107 1037 3331 1091 audiunt
3362 1038 3522 1089 verba
3552 1054 3638 1092 su-

2076 1130 2292 1197 pientia:
2316 1137 2534 1190 nostrze,
2560 1128 2605 1182 si
2634 1116 2736 1181 hoc
2764 1140 2947 1179 verum
2993 1124 3106 1179 fore
3133 1126 3304 1188 scitis,
3334 1126 3526 1187 venite,
3559 1141 3641 1178 as-

2080 1219 2271 1280 sistite,
2305 1218 2502 1280 audite,
2534 1225 2587 1270 et
2614 1217 2815 1285 pariter
2863 1217 2914 1268 in
2944 1216 3168 1269 Domino
3213 1217 3265 1268 in
3314 1216 3479 1284 pratis
3529 1231 3643 1268 ver.

2080 1310 2332 1364 nantibus
2355 1309 2616 1362 varietate
2645 1306 2833 1361 ﬂerunt
2863 1306 3261 1377 Scripturarum
3292 1305 3646 1374 jncundantcs

2082 1400 2427 1455 delectemur.

2513 1474 2536 1507 ά
2572 1470 2896 1525 EPISTULA
2950 1469 3085 1525 LXX
3098 1471 3204 1524 ΧΠ.

2586 1556 2650 1592 Αἰ)
2692 1557 2903 1595 DUMVI’“
2947 1557 3115 1595 παίει
3128 1581 3138 1591 .

2686 1630 2859 1696 (\nno
2890 1628 3036 1696 798.)

2010 1746 2053 1804 Β
2151 1712 2440 1781 [impendet
2474 1716 2556 1804 ad.
2578 1716 2844 1783 cpiam/um
2879 1718 3274 1804 pi'u'rrdivttrtn,
3304 1728 3347 1768 et
3377 1718 3579 1772 lunaris

2456 1784 2620 1835 saltus
2659 1784 3045 1853 supputationes
3085 1789 3259 1839 mittit.

2146 1868 2408 1939 Optahilis
2452 1870 2581 1941 μή,
2614 1884 2660 1923 υτ
2701 1873 2816 1924 rod.
2859 1864 2991 1927 l'uL.
3039 1886 3220 1942 optata
3265 1880 3416 1947 mihi]
3460 1891 3511 1934 et
3558 1883 3646 1935 diu

2079 1960 2380 2015 desiderata
2422 1972 2614 2015 vestrm
2655 1963 2907 2017 bonitatis
2950 1965 3248 2018 litterarum
3284 1966 3448 2022 facit-5
3474 1970 3650 2023 subito

2078 2049 2291 2109 cthtlsit,
2322 2053 2693 2120 permnltoquc
2720 2062 2963 2122 tempore.
3001 2055 3186 2107 avidos
3219 2058 3431 2111 videndi
3470 2060 3651 2113 oculos

2079 2140 2404 2193 sanctissimi
2438 2142 2602 2193 vestri
2633 2143 2863 2194 nominis
2902 2143 3080 2210 apices
3107 2144 3431 2198 refecerunt.
3472 2147 3556 2209 Et,
3590 2148 3649 2199 li-

2078 2238 2162 2282 cet
2205 2229 2401 2296 aliquid
2451 2231 2870 2297 reprehensibile
2922 2233 3165 2299 sequenti
3213 2235 3352 2286 serie
3398 2237 3461 2289 de
3517 2239 3652 2294 meis

2078 2318 2429 2371 cantitassent
2459 2318 2729 2380 litterulis,
2765 2329 2940 2373 tamen
2973 2323 3151 2373 omnia
3197 2323 3444 2375 nu-llillua
3474 2325 3653 2379 dulcc-.

2077 2403 2200 2455 dine
2228 2404 2415 2464 hausi,
2466 2404 2591 2458 dum
2632 2408 2731 2459 hoc
2758 2394 3120 2463 desiderabile
3159 2420 3214 2464 ct
3251 2414 3475 2465 multum
3522 2417 3650 2468 mihi

2077 2493 2305 2545 amabile
2348 2494 2399 2546 in
2439 2494 2613 2562 primo
2648 2499 2821 2564 capite
2858 2514 3053 2552 nomen
3087 2502 3352 2569 apparuit.
3398 2496 3653 2559 Gratissi-

2079 2595 2222 2633 mum
2255 2582 2383 2634 mihi
2410 2583 2570 2634 etiam
2604 2584 2715 2638 fore
2745 2584 2920 2641 fateor
2945 2586 3074 2659 μί..
3100 2589 3348 2661 fatebor].
3380 2601 3437 2642 ut
3460 2592 3540 2644 vel
3574 2594 3651 2647 sic

2077 2670 2422 2723 beatitudinis
2470 2682 2662 2726 vestra:
2721 2675 2957 2742 syllabas
3001 2693 3239 2743 mererer
3286 2681 3559 2733 osculari:
3594 2691 3654 2734 ut

2077 2747 2219 2827 quod
2282 2770 2540 2838 perpetua
2582 2770 2633 2813 et
2690 2763 2939 2841 inviolata
2996 2781 3101 2821 non
3143 2770 3313 2836 potuit
3356 2771 3652 2841 promereri
3746 2792 3749 2795 ί

2078 2851 2313 2916 dilectio,
2362 2851 2550 2905 saltem
2603 2855 3037 2921 reprehensionis
3083 2860 3308 2913 materia
3358 2848 3534 2916 subito
3561 2848 3657 2917 cx:-

2081 2950 2389 3009 torqucret:
2430 2942 2605 2995 sciens
2656 2944 2876 2997 meliora
2933 2960 3050 3001 esse
3100 2948 3316 3002 vulnera
3366 2951 3652 3021 diligentis.

2076 3048 2240 3100 quam
2292 3032 2634 3087 fraudulenta
2680 3035 2859 3088 oscula
2911 3037 3160 3091 odientis.
3190 3040 3325 3097 ,Nec
3366 3042 3560 3096 mirum
3607 3046 3652 3097 si

2083 3122 2307 3174 tarditas
2329 3122 2479 3175 asciti
2512 3123 2775 3176 sustineat
2810 3125 2860 3177 in
2890 3126 3052 3181 dorso
3080 3125 3368 3197 ﬂagellum.
3399 3130 3508 3196 Ego
3540 3139 3651 3185 tar-

2080 3214 2201 3273 dus,
2227 3227 2326 3282 ego
2368 3213 2473 3265 mei
2523 3213 2689 3281 ipsius
2713 3213 2867 3285 [Cod.
2911 3216 3051 3280 ναι,
3084 3230 3291 3287 egomet
3329 3221 3515 3292 ipsius]
3554 3223 3658 3278 im-

2082 3317 2306 3364 memor,
2334 3310 2632 3356 vestrorum
2661 3302 2883 3358 forsitan
2925 3306 3084 3377 digne
3112 3323 3398 3377 puerorum
3426 3312 3652 3365 sustinui

2081 3389 2364 3457 ﬂagellum.
2400 3389 2639 3445 Entellus
2681 3394 2861 3447 senior
2890 3393 3047 3449 eﬂ'cto
3076 3412 3300 3466 corpore
3329 3398 3525 3453 dudum
3553 3416 3653 3454 cm-

2082 3488 2195 3529 stus
2224 3478 2467 3546 deposuit
2499 3494 2626 3533 suos
2659 3499 2670 3533 :
2705 3492 2861 3537 a-tate
2891 3482 3206 3539 ﬂorentibus
3238 3489 3378 3542 cedit
3422 3489 3538 3543 illos
3573 3492 3652 3543 in-

2082 3565 2191 3617 dui.
2242 3566 2612 3635 Ideo~aliquis
2659 3568 2868 3634 illorum
2919 3574 3185 3628 seniorem
3238 3578 3437 3643 ingenti
3478 3595 3654 3648 pugno

2080 3657 2343 3722 percussit
2365 3697 2380 3720 ,
2428 3658 2501 3711 ita
2550 3668 2611 3712 ut
2643 3660 2815 3727 caligo
2855 3664 3234 3718 obversaretur
3268 3667 3452 3721 oculos
3482 3672 3656 3725 senio-

2082 3745 2187 3809 ris;
2219 3755 2271 3799 et
2300 3747 2383 3799 vix
2421 3750 2706 3817 resumptis
2741 3751 2945 3805 viribus
2986 3751 3211 3825 frigidus
3246 3757 3388 3811 circa
3417 3773 3652 3827 praecor-

2081 3837 2166 3907 dia
2199 3838 2423 3891 recaluit
2454 3841 2691 3908 sanguis.
2723 3842 2789 3895 Et
2818 3850 2875 3896 ut
2906 3846 2973 3899 ad
3009 3859 3122 3900 rem
3145 3848 3376 3909 veniam,
3410 3864 3473 3903 ac
3502 3850 3652 3918 igno-

2081 3927 2268 3979 rantia:
2299 3926 2550 3981 fomentis
2576 3939 2737 3997 caput
2766 3934 3010 3999 percussi
3054 3935 3312 3989 medicari
3362 3937 3611 4004 incipiam
3636 3958 3648 3988 :

2079 4028 2180 4082 ego
2230 4014 2529 4082 imperitus,
2561 4030 2661 4085 ego
2709 4018 2957 4087 ignarus,
3006 4022 3252 4077 nesciens
3279 4022 3649 4094 £gyptiaeam

2081 4101 2313 4157 scholam
2362 4105 2411 4157 in
2439 4105 2639 4173 palatio
2663 4108 2930 4165 Davidica:
2952 4114 3157 4168 versari
3198 4114 3381 4184 glorize
3406 4128 3428 4156 ε
3456 4134 3467 4167 :
3504 4116 3521 4154 ί
3554 4133 3653 4187 ego

2081 4191 2267 4245 abiens
2304 4190 2521 4247 Latinos
2542 4194 2613 4247 ibi
2639 4195 2836 4249 dimisi.
2887 4197 3077 4254 Nescio
3102 4202 3225 4270 quis
3255 4204 3652 4259 subintroduxit

2086 4282 2111 4319 ⁸
2134 4279 2433 4352 Egyptios.
2480 4282 2590 4338 Nec
2620 4292 2724 4338 tam
2759 4286 3005 4342 indoctus
3044 4289 3119 4344 t'ui
3150 4290 3500 4360 Memphitica
3528 4308 3653 4361 sup-

414 4373 503 4426 dat
551 4369 728 4438 (Rom.
756 4385 868 4433 xxv,
894 4368 970 4438 5),
1020 4370 1132 4423 sive
1174 4372 1295 4431 hoc,
1329 4372 1441 4423 sive
1496 4373 1639 4425 aliud
1688 4373 1776 4435 sit,
1832 4369 2059 4456 salvan
2084 4373 2393 4440 putationis,
2423 4388 2582 4440 quam
2616 4372 2901 4429 benevolus
2940 4376 3197 4432 Romana:
3227 4381 3647 4436 consuetudinis.

416 4459 515 4515 ﬁde
571 4468 624 4513 et
664 4460 918 4529 religione
962 4458 1091 4512 nihil
1138 4459 1548 4527 pnejudicamus
1594 4458 1721 4529 [A1.,
1782 4459 1978 4526 praeju-

485 4626 509 4653 ι
541 4614 679 4667 Nam
706 4631 864 4667 cur...
893 4615 949 4667 ln
993 4612 1122 4667 Cod.
1152 4628 1251 4666 ms.
1289 4611 1854 4665 SamEmmeramiam
1904 4612 1974 4665 ita

416 4682 639 4751 legitur:
676 4680 812 4751 Nam
839 4696 985 4751 gitur
1012 4683 1065 4733 in
1091 4684 1257 4749 prima
1294 4682 1424 4748 feria
1451 4682 1714 4749 jejunium
1745 4697 1846 4732 non
1879 4682 1972 4751 ﬁat

416 4748 539 4886 ipf)?
565 4749 799 4829 tradente
827 4748 1119 4811 Saluatore,
1166 4765 1267 4802 non
1315 4759 1391 4803 est
1434 4748 1713 4803 necessitas
1755 4749 1973 4803 texendo

418 4835 470 4871 re
524 4835 674 4870 tcan.

418 4835 674 4871 remearn.

488 4889 513 4925 ι·
533 4886 601 4939 In
619 4886 863 4955 figuram.
890 4886 1020 4941 Cod.
1052 4902 1154 4939 ms.
1187 4885 1243 4939 S.
1271 4886 1749 4949 Emmeramianus,
1780 4894 1833 4939 et
1857 4885 1977 4938 Gol-

416 4956 599 5009 dastus
628 4973 641 5007 :
672 4955 741 5009 In
776 4956 966 5025 ﬁgura.
998 4955 1130 5025 ilice
1161 4968 1266 5025 non
1298 4956 1630 5025 intelligenda
1673 4970 1829 5008 sensu
1861 4955 1973 5025 cal-

415 5024 681 5087 vinistico,
710 5024 804 5078 sed
824 5024 1114 5086 'catholico,
1144 5024 1218 5075 uti
1250 5024 1583 5090 explicantur
1630 5025 1680 5077 in
1711 5038 1870 5091 opere
1905 5024 1965 5076 Ι).

416 5092 749 5164 Arnaldi,_de
772 5093 1133 5164 Perpetuitate
1163 5092 1304 5164 ﬁdei,
1336 5100 1463 5164 tom.
1495 5095 1536 5156 Ι,
1560 5108 1680 5163 pag.
1708 5092 1828 5144 765.

486 5171 507 5230 ε
541 5160 630 5230 Διὶε
650 5160 967 5230 hoaautém.
1010 5162 1159 5216 Hanc
1197 5160 1508 5223 clausulam,
1538 5160 1657 5230 quae
1688 5164 1869 5214 deerat
1920 5161 1970 5214 in

416 5228 610 5288 Editis,
651 5228 950 5285 addidimus
997 5246 1063 5286 ex
1101 5230 1233 5285 Cod.
1279 5244 1379 5282 ms.
1430 5228 1648 5289 Salisb.,
1694 5230 1971 5293 Goldasto,

416 5297 519 5352 loc.
564 5298 681 5367 cit,
730 5310 848 5367 pag.
876 5300 996 5363 158,
1044 5309 1098 5355 et
1136 5298 1444 5359 D'Acherio,
1490 5297 1673 5365 Spicit.
1726 5308 1854 5352 tom.
1886 5299 1972 5351 IV.

415 5365 911 5516 paglifazgepistol-a
935 5437 1071 5516 apud
1104 5437 1373 5516 Cna_nisium
1408 5436 1487 5516 15Ἴ
1518 5434 1976 5516 apudQuereeta—

418 5518 549 5575 ῃψη
571 5506 625 5567 9,
662 5501 827 5575 (apud
866 5501 1091 5575 Froben.
1126 5506 1216 5575 6'1)
1250 5514 1586 5575 numeratur;
1637 5503 1708 5555 ibi
1753 5505 1972 5575 mutila;

418 5569 508 5625 llic
785 5569 1064 5642 _Acced_unt
1089 5569 1660 5642 nuncsemendationes
1708 5572 1975 5624 nonnullte

416 5651 485 5692 ει
510 5634 755 5695 comins.
784 5639 917 5707 Reg.
951 5640 1066 5693 Vat.
1107 5658 1157 5693 η.
1198 5634 1317 5692 226.

778 5732 1013 5792 PATIOI
1088 5731 1135 5787 C

2085 4461 2295 4514 Annum
2332 4476 2451 4515 cum
2487 4471 2612 4517 nato
2637 4462 2873 4528 Christo,
2906 4474 2959 4519 et
2989 4479 3264 4523 crescente
3295 4470 3412 4525 luce
3439 4472 3652 4526 initiare

2156 4632 2177 4695 ξ
2207 4619 2302 4695 [lic
2330 4620 2449 4695 linis
2476 4631 2558 4676 est
2565 4622 2818 4695 epistola:
2839 4622 2978 4695 apud
3004 4624 3298 4679 Canisium.

2156 4688 2189 4761 ξ
2208 4688 2319 4761 ξςιο
2340 4688 2537 4761 agens.
2565 4688 2812 4746 E'schola
2843 4688 3031 4761 nempe
3060 4695 3294 4761 palatina
3325 4694 3588 4750 Turonos.

2147 4756 2309 4840 93']3
2343 4758 2637 4840 Egyptios.
2686 4762 2915 4840 Quinam
2963 4756 3164 4840 iuerint
3215 4760 3543 4840 Aigyptiae_i_
3572 4765 3646 4818 illi

2078 4826 2743 4895 praeceptores,“conjicere
2772 4831 2900 4883 mihi
2927 4829 3111 4883 videor
3133 4846 3197 4884 ex
3224 4826 3460 4885 carmine
3484 4833 3649 4887 Theo-

2080 4894 2207 4948 dulli
2234 4894 2639 4971 Aurelianensis
2668 4899 2903 4971 episcopi
2924 4900 2996 4971 ad
3025 4900 3395 4971 Angilbertum
3421 4919 3433 4953 :
3464 4916 3568 4969 quo
3596 4903 3648 4955 in

2080 4960 2581 5038 carmine‘Spottum
2609 4960 2892 5038 quemdam
2921 4970 2972 5021 in
3002 4960 3140 5023 aula“
3158 4972 3434 5038 degentem
3468 4960 3528 5024 ac
3557 4972 3649 5025 do-

2079 5040 2289 5106 gentem
2319 5033 2464 5106 falsis
2511 5035 2963 5106 amarulentisque
2991 5033 3485 5105 dieteriis'impetit.
3518 5040 3647 5094 Nam

2082 5099 2251 5175 S_cott_i
2277 5118 2341 5156 ex
2372 5103 2625 5175 Hibernia
2658 5105 2763 5175 orti
2792 5099 2934 5162 olim
2950 5107 3310 5175 sequebantur
3337 5099 3646 5162 i’aschalem

2080 5169 2884 5243 circulum“Aleaandrinorum,
2914 5176 3003 5242 qui
3026 5169 3241 5228 'Pascha
3275 5178 3411 5228 hune
3455 5186 3648 5243 quarta

2081 5239 2285 5307 decima
2320 5240 2426 5301 die,
2457 5241 2501 5292 si
2530 5242 2741 5307 quando
2773 5244 2824 5296 in
2854 5239 3183 5297 Doininicam
3228 5239 3519 5307 incidisset,
3564 5262 3651 5299 ce-

2080 5305 2375 5380 lebgabant.
2408 5305 2679 5380 Etloisan
2706 5311 2751 5363 is
2789 5320 2905 5380 erat
2933 5310 3178 5380 Clemens
3213 5311 3448 5379 Scottus,
3492 5305 3646 5380 quem

2081 5375 2133 5428 in
2162 5373 2329 5427 Gallia
2365 5377 2431 5429 ad
2458 5377 2749 5431 docendum
2782 5378 2944 5431 fuisse
2972 5379 3214 5435 relictum
3241 5397 3269 5434 a
3301 5373 3522 5442 Carolo;
3545 5392 3649 5434 tra-

2082 5443 2157 5496 dit
2184 5444 2473 5517 monachus
2500 5444 2953 5517 Sanct—Gallensis
2988 5447 3287 5507 initiolibri
3321 5450 3498 5517 primi.
3535 5450 3645 5502 MA-

2082 5524 2354 5563 ntLLoa'ttzs
2403 5514 2513 5564 Act.
2563 5512 2667 5566 SS.
2720 5531 2837 5567 me.
2892 5530 2942 5566 tv
3020 5525 3158 5583 part.
3203 5532 3253 5577 ι,
3305 5512 3481 5583 ῥηθῇ,
3511 5532 3648 5590 pag.

2085 5594 2264 5631 -“'XXI.
2685 5606 2689 5609 '

3259 5736 3295 5786 9
