4226 6194
564 307 660 363 ib"?

1451 302 1509 355 Β.
1552 302 1609 355 F.
1651 300 1871 356 ALBINI
1907 299 2034 354 SEU
2075 294 2345 351 ALCUINI
2375 293 2652 357 OPERUM
2687 293 2863 350 PARS
2890 295 2927 347 Ι.

3694 287 3805 347 ’68
3860 264 3867 271 ,

565 413 853 471 secundum
896 411 1120 469 Latino:
1166 409 1367 477 volens,
1419 425 1527 465 non
1574 425 1701 465 cum
1724 407 2016 479 Egyptiis,
2046 408 2135 476 qui
2169 413 2213 469 Λ
2251 403 2391 471 ναι..
2420 406 2695 477 duxistis],
2738 406 2917 478 nescio
2945 404 3073 475 quid
3099 403 3317 458 liae-cina
3357 404 3631 461 rusticitas
3650 406 3805 464 diviti

566 502 794 557 tenebrat
825 502 1265 571 interpretamur,
1293 512 1324 553 a
1351 498 1852 569 supervenientibus
1896 495 2135 551 tenebris

562 592 727 648 ordiri
751 607 768 649 :
793 591 917 660 quia
946 591 1077 654 scio,
1112 604 1199 646 tne
1223 588 1351 645 olim
1399 604 1521 645 cum
1549 587 1729 659 Moyse
1752 587 1858 657 91
1888 585 2134 641 tenebras

563 681 934 754 .‘Egyptiorum
970 681 1294 752 rdinquere,
1322 688 1377 736 et
1402 680 1564 736 modo
1589 680 1645 734 in
1673 687 1817 733 terra
1848 676 2133 747 repromis-

561 775 747 839 sionis,
776 774 910 829 lucis
936 782 991 829 et
1024 772 1223 829 ltetitize
1261 787 1385 827 cum
1413 770 1541 827 Jesu
1571 772 1705 826 duce
1745 776 1936 825 nostro
1968 768 2131 825 liber-

560 872 671 919 tate
707 864 996 919 honoratus
1023 872 1189 927 stare,
1225 870 1280 917 et
1305 860 1631 925 nullatenus,
1666 860 1960 914 secundum
1991 857 2135 926 quod

559 956 668 1010 dux
708 970 875 1020 meus,
907 956 1014 1009 imo
1050 962 1106 1009 et
1137 953 1395 1009 Dominus
1431 960 1615 1007 noster
1646 950 1800 1014 dixit,
1840 948 2034 1003 iterum
2066 948 2134 1001 ad

561 1046 840 1117 Egyptias
866 1046 1042 1101 redire
1067 1045 1337 1099 tenebras.

634 1138 781 1194 Unde
808 1138 975 1192 miror
1003 1151 1099 1191 cur
1139 1136 1289 1206 pueri
1318 1133 1486 1190 vestri
1528 1146 1729 1186 annum
1770 1129 2072 1200 legitimum
2100 1141 2134 1180 a

562 1242 745 1281 mense
780 1224 1117 1295 Septembrio
1144 1223 1381 1293 incipere
1411 1220 1604 1285 velint,
1626 1226 1682 1274 et
1707 1224 1921 1289 partem
1958 1226 2133 1269 trans-

560 1319 665 1373 acti
709 1314 1190 1373 deeennovennalis
1239 1312 1484 1382 sequenti
1541 1317 1861 1366 connectere
1904 1305 2127 1369 circulo,

560 1407 785 1475 caudam
825 1412 1099 1462 vertentes
1134 1404 1187 1457 in
1220 1411 1384 1472 caput
1414 1420 1428 1455 :
1466 1409 1522 1456 et
1551 1415 1661 1456 non
1686 1399 1858 1467 magis
1881 1396 2135 1453 omnibus

560 1498 699 1553 luna:
744 1503 799 1550 et
840 1495 1074 1550 siderum
1104 1492 1425 1563 augmentis,
1457 1490 1543 1546 vel
1571 1478 1907 1546 detrimentis
1944 1483 2133 1554 explo-

560 1588 656 1653 sis,
688 1587 757 1641 ad
799 1601 995 1641 novum
1045 1598 1247 1639 annum
1292 1589 1347 1637 et
1391 1580 1458 1635 ad
1494 1586 1656 1649 caput
1702 1573 2131 1646 supervenientis

559 1675 745 1734 circuli
773 1674 993 1731 omnino
1043 1673 1215 1728 libere
1239 1672 1461 1725 intrare.
1506 1669 1661 1723 Libet
1686 1676 1866 1722 tamen
1897 1666 2133 1720 interro—

2236 492 2388 564 [Cod.
2450 494 2592 559 l’at.,
2623 493 2909 565 Davitlicze]
2943 493 3220 562 sapientia:
3270 494 3512 564 ignotum
3561 495 3807 566 ingerere

2233 584 2428 639 valeat.
2461 583 2568 639 Sed
2598 583 2641 639 si
2671 592 2795 638 nota
2829 590 2883 636 et
2921 582 3050 636 olim
3084 583 3271 645 audita
3292 598 3398 637 non
3426 582 3553 639 licet
3580 583 3805 647 inferre.

2232 672 2361 746 quid
2392 673 2650 728 faciemus
2676 673 2742 727 de
2775 671 2988 737 litteris,
3038 671 3259 743 syllabis
3286 672 3481 737 etiam,
3508 681 3562 726 et
3590 673 3801 735 verbis,

2232 764 2426 831 quibus
2462 765 2537 818 uti
2589 763 2743 818 nobis
2791 777 3013 817 necesse
3037 771 3122 817 est
3170 762 3441 832 quotidie;
3498 764 3600 817 nisi
3653 778 3807 818 nova:

2232 855 2595 921 grammaticae
2637 854 2770 908 artis
2826 852 3041 923 regulas
3088 853 3396 923 excogitare
3450 854 3810 923 incipiamus?

2230 941 2349 999 1am
2378 942 2509 996 mihi
2552 942 2779 995 multum
2814 940 3007 994 melius
3051 938 3171 1005 fuit,
3203 955 3365 1009 super
3390 956 3631 995 mensam
3673 941 3808 996 deli-

2232 1032 2437 1085 ciarum
2460 1038 2756 1085 vestrarum
2786 1043 2977 1099 panem
3001 1030 3329 1084 manducare
3370 1030 3805 1095 mundissimum,

2231 1136 2392 1192 quam
2413 1135 2535 1174 eum
2564 1119 2803 1174 Menalca
2826 1120 2879 1173 in
2911 1120 3164 1190 pistrinio
3194 1135 3363 1190 grana
3390 1120 3555 1174 tritici
3582 1136 3805 1190 compu-

2232 1219 2370 1273 tare,
2412 1210 2553 1263 unde
2592 1209 2752 1277 panis
2797 1208 3137 1263 conﬁciatur.
3192 1209 3249 1263 Si
3298 1210 3495 1279 placet,
3545 1211 3812 1265 intremus

2232 1297 2503 1367 paululum
2551 1296 2934 1351 calculatorum
2970 1296 3249 1365 pistrillas,
3289 1298 3374 1351 vel
3398 1299 3807 1353 matbematico-

2232 1402 2358 1443 rum
2379 1384 2689 1457 fuliginosas
2732 1386 2989 1454 ooquinas
3015 1402 3029 1438 :
3054 1393 3111 1439 et
3139 1385 3473 1453 proferemus
3509 1389 3647 1443 unde
3675 1388 3807 1444 olim

2232 1476 2466 1545 cognita,
2492 1489 2634 1529 nunc
2658 1490 2791 1545 pene
2826 1475 3013 1540 oblita,
3037 1474 3191 1543 juxta
3240 1475 3448 1546 Virgilii
3488 1477 3651 1531 vestri
3679 1492 3810 1547 pro-

2231 1564 2490 1632 phetiam.
2516 1564 2649 1617 Nam

2309 1682 3419 1751 ...........sa:peegolongos

559 1780 687 1837 gare
730 1765 830 1820 hos
869 1763 1015 1832 ipsos
1058 1774 1286 1829 pueros,
1331 1773 1400 1813 an
1439 1756 1845 1813 convenientius
1882 1754 2127 1809 videatur

2192 1745 2204 1798 ³
2298 1767 2575 1822 Cantando
2603 1783 2834 1837 puerum.
2858 1739 3076 1822 memini
3102 1739 3186 1823 uie
3216 1739 3452 1824 condere
3475 1769 3632 1825 soles.

557 1854 717 1909 unius
746 1852 868 1906 anni
894 1858 1081 1906 aetates
1105 1850 1321 1904 lunares
1348 1863 1449 1919 pro
1484 1846 1819 1918 regularibus
1845 1845 2044 1900 habere
2074 1852 2131 1897 et

559 1944 662 1999 hoc
684 1940 844 2012 primi
868 1941 1030 2004 anni;
1073 1938 1157 1991 vel
1182 1937 1343 1991 etiam
1370 1937 1600 1992 duorum
1638 1949 1925 1999 annorum,
1957 1933 2011 1987 id
2049 1940 2131 1987 est

560 2032 836 2089 novissimi
864 2030 1054 2087 circuli
1079 2027 1581 2093 decennovennalis,
1624 2038 1680 2082 et
1703 2025 1863 2095 primi
1904 2039 2131 2093 sequen-

560 2125 665 2180 tis?
689 2124 757 2178 Et
782 2133 963 2177 utrum
988 2120 1185 2176 rationi
1208 2119 1439 2175 vicinius
1465 2117 1558 2183 sit,
1586 2116 1643 2172 in
1684 2115 1793 2171 line
1821 2113 2007 2169 circuli
2034 2113 2128 2166 de-

560 2212 977 2271 eennovennalis
996 2211 1190 2266 saltum
1222 2211 1566 2274 interserere,
1592 2206 1677 2262 vel
1704 2207 1761 2260 in
1788 2205 1965 2260 medio
1993 2217 2129 2271 quo-

559 2306 692 2362 libet
716 2304 893 2360 anno?
912 2302 1089 2359 Etiam
1114 2309 1168 2357 et
1196 2302 1301 2356 hoe
1319 2299 1481 2355 velim
1502 2299 1663 2364 scire,
1690 2296 1959 2367 quomodo
1984 2310 2131 2349 com-

557 2400 752 2464 putare
776 2391 942 2446 velint
968 2396 1153 2445 aetatcs
1180 2388 1397 2443 lunares
1422 2400 1454 2442 a
1480 2387 1667 2456 quinto
1701 2384 1908 2441 decimo
1936 2382 2131 2437 Kalen-

558 2480 655 2539 das
686 2478 830 2544 Maii,
861 2478 951 2533 ubi
988 2485 1183 2547 quarta
1210 2475 1417 2532 decima
1459 2474 1585 2528 luna
1629 2488 1656 2517 ι
1691 2471 1968 2528 novissimi
2003 2468 2129 2524 anni

558 2568 679 2634 fuit,
719 2582 890 2636 usque
918 2566 986 2620 ad
1013 2563 1412 2634 Septembrium
1438 2575 1701 2627 mensem,
1727 2561 1783 2615 in
1812 2574 1918 2629 quo
1947 2563 2131 2613 mense

557 2656 743 2725 quinta
770 2653 909 2723 apud
938 2651 1287 2723 Egyptiacos
1310 2647 1506 2722 pueros
1533 2649 1823 2705 cantatur?
1850 2640 2129 2715 Quomodo

558 2746 674 2801 ﬁeri
720 2744 889 2815 possit
924 2750 984 2798 ut
1028 2742 1199 2797 altera
1250 2741 1380 2796 luna
1424 2756 1636 2811 semper
1661 2741 1862 2795 habeat
1904 2738 2127 2809 triginta

558 2834 692 2901 dies,
719 2833 890 2888 altera
918 2831 1301 2902 undetriginta,
1340 2841 1397 2885 et
1428 2831 1729 2899 singulares
1749 2845 1846 2899 per
1868 2821 2046 2885 o'mnia
2073 2832 2127 2885 in

541 2922 667 2978 illis
708 2921 982 2977 mensibus
1032 2920 1257 2973 ﬁrmiter
1300 2928 1445 2975 stare
1490 2920 1723 2974 valeant.
1756 2919 1842 2983 Et,
1878 2927 1939 2972 ut
1983 2934 2127 2983 mar,

560 3009 703 3080 quod
726 3009 778 3063 in
804 3008 1010 3062 Latinis
1035 3008 1447 3077 reprehendent,
1473 3007 1575 3063 hoc
1603 3008 1766 3062 etiam
1794 3018 1850 3063 et
1879 3008 1932 3061 in
1961 3008 2127 3079 {Egy-

559 3102 752 3170 ptiacis
779 3084 1078 3156 inveniunt.
1104 3099 1171 3153 Et
1198 3098 1367 3165 forte,
1393 3100 1535 3168 quod
1577 3100 1633 3155 in
1664 3100 1985 3156 Novembrio
2032 3118 2126 3156 no-

562 3189 677 3244 lunt
702 3190 840 3255 lieri,
872 3203 1094 3246 necesse
1127 3197 1209 3243 est
1238 3190 1291 3244 in
1334 3189 1440 3245 alio
1482 3190 1722 3260 quolibet
1758 3205 1944 3246 mense
1983 3192 2129 3245 inve-

563 3276 698 3331 nire.
724 3275 835 3332 Nec
861 3292 962 3347 ego
991 3292 1115 3331 cum
1134 3278 1373 3347 quolibet
1394 3279 1789 3333 eontentiosum
1814 3278 1997 3331 funem
2020 3288 2130 3332 tra-

562 3365 694 3420 here
720 3365 899 3430 velim,
927 3379 1027 3420 nec
1050 3380 1137 3419 me
1166 3365 1571 3434 quaestiunculis
1605 3366 1844 3421 inserere
1878 3366 2125 3420 aliorum.

565 3451 940 3524 Unusquisque
964 3454 1019 3508 in
1041 3468 1141 3508 suo
1163 3468 1321 3509 sensu
1351 3454 1608 3509 abundet.

632 3564 783 3633 Quod
807 3580 933 3621 vero
956 3567 1011 3619 in
1037 3565 1143 3620 line
1163 3566 1403 3635 epistola:
1430 3565 1768 3621 familiariter
1800 3566 1878 3639 [et
1901 3568 2130 3624 salubri-

564 3655 670 3727 ter]
716 3672 802 3711 me
837 3658 1131 3713 admonere
1164 3657 1427 3722 curastis,
1474 3666 1555 3721 ut,
1583 3658 1630 3712 si
1678 3659 1808 3727 quid
1856 3660 2133 3724 humiliter

564 3746 950 3809 emendandum
983 3748 1075 3810 sit,
1112 3747 1441 3816 corrigatur;
1477 3763 1751 3816 nunquam
1780 3748 1874 3815 fui,
1905 3750 2015 3805 Deo
2038 3753 2133 3806 do-

564 3842 746 3897 nante,
769 3834 822 3889 in
849 3848 1032 3891 errore
1056 3848 1179 3889 meo
1197 3836 1465 3905 pertinax,
1495 3850 1594 3891 nec
1610 3837 1675 3892 de
1697 3838 1832 3893 meis
1858 3840 2133 3893 conlidens

565 3922 827 3977 sensibus.
862 3921 969 3977 Nec
1017 3922 1143 3978 talis
1171 3930 1231 3979 ut
1279 3923 1486 3979 meliori
1532 3927 1811 3984 sententiae
1858 3928 2013 3984 facile
2041 3944 2130 3985 ac-

565 4013 841 4081 quiescere
868 4027 974 4066 non
999 4012 1254 4077 valerem,
1289 4014 1484 4079 sciens,
1519 4015 1723 4077 dictum
1752 4032 1887 4080 esse,
1934 4019 2129 4087 saepius

567 4102 785 4156 auribus
814 4114 974 4168 quam
1002 4102 1179 4169 lingua
1208 4106 1485 4161 utendum.
1514 4104 1629 4160 Hoc
1644 4107 1866 4161 omnino
1893 4117 2127 4163 vestram

567 4192 766 4247 sentire
787 4190 1103 4257 sapientiam
1117 4192 1359 4255 obsecro,
1378 4209 1484 4248 non
1501 4195 1652 4249 vobis
1671 4196 1824 4263 quasi
1844 4198 2126 4261 nescienti,

568 4281 661 4335 sed
690 4279 841 4348 quasi
872 4279 1117 4348 probanti
1161 4281 1396 4336 scribere
1440 4300 1453 4335 :
1496 4297 1597 4337 nec
1624 4285 1776 4352 quasi
1818 4285 2125 4355 ignoranti,

2298 1857 2449 1913 Nunc
2469 1858 2631 1911 oblita
2651 1859 2779 1913 mihi
2805 1868 2881 1913 tot
2907 1861 3162 1926 carmina,
3188 1876 3287 1915 vox
3312 1876 3526 1932 quoque
3553 1861 3804 1917 Flaccum

2266 1946 2415 2015 “ipsa
2445 1946 2599 2018 fugit.
2644 1988 2657 2003 .
2702 1988 2716 2002 .
2759 1988 2775 2005 .
2817 1989 2833 2004 .
2878 1991 2891 2003 .

2300 2056 2523 2123 Tamen,
2570 2067 2629 2112 ut
2654 2060 2721 2114 ad
2749 2061 3001 2129 inquisita
3046 2062 3305 2116 chartula:
3351 2072 3541 2117 vestra-
3582 2078 3807 2131 respon-

2229 2149 2405 2214 deam,
2445 2168 2551 2206 non
2596 2156 2872 2223 sapientia:
2918 2154 3436 2219 divitiis'sulfultus,
3491 2158 3583 2212 sed
3612 2170 3807 2213 vestrm

2229 2240 2569 2295 auctoritatis
2594 2240 2790 2296 litteris
2814 2243 3120 2308 instinctus,
3150 2244 3354 2313 gremio
3379 2245 3592 2314 pietatis
3612 2255 3807 2301 vestra:

2228 2331 2572 2399 protegendo,
2601 2347 2769 2401 pauca
2794 2333 2859 2386 de
2884 2334 3091 2387 ratione
3121 2333 3401 2403 multiplici
3426 2334 3596 2389 saltus
3634 2334 3806 2402 subji—

2229 2432 2350 2473 cere
2371 2421 2591 2475 curabo.
2620 2421 2859 2476 Primum
2882 2437 3078 2489 ponam
3099 2423 3240 2490 quod
3264 2423 3318 2476 in
3339 2423 3617 2477 doctorum
3639 2423 3804 2479 didici
3866 2433 3869 2436 ‘

2228 2508 2408 2572 libris;
2436 2513 2693 2575 secundo,
2720 2513 2861 2580 quod
2893 2512 3420 2585 ratione_suadendo
3461 2512 3615 2585 [ϐοά.
3656 2511 3798 2576 Vat.,

2228 2598 2511 2671 suadente]
2558 2601 2882 2671 investigare
2906 2601 3081 2667 valui;
3111 2582 3300 2667 tertio,
3324 2582 3479 2671 quod
3505 2618 3571 2656 ex
3599 2604 3805 2657 mathe~

2228 2695 2424 2751 matica
2454 2690 2721 2763 quondam
2751 2690 2933 2744 audita
2972 2690 3283 2745 meminisse
3311 2690 3460 2759 potui
3498 2689 3607 2760 92
3643 2689 3807 2744 disci-

2226 2784 2391 2853 plina.
2429 2784 2703 2850 Quatenus
2750 2779 3032 2849 multiplici
3079 2779 3239 2833 modo
3283 2779 3557 2849 multiplex
3598 2779 3806 2835 lunaris

2229 2875 2397 2928 saltus
2438 2872 2715 2933 enodctur,
2769 2869 3056 2924 Salomone
3080 2871 3296 2924 dicente
3332 2887 3345 2923 :
3390 2869 3436 2921 1Γ
3442 2870 3681 2925 uuirulur
3710 2871 3803 2924 tri-

2227 2962 2346 3033 plex
2368 2960 2573 3031 difﬁcile
2593 2959 2851 3029 rumpitur
2904 2958 3104 3030 (Eccle.
3147 2975 3221 3023 tv,
3268 2958 3378 3029 12).
3427 2956 3557 3013 Item
3587 2958 3711 3012 dum
3736 2958 3804 3011 de

2155 3065 2201 3127 ε
2231 3051 2493 3121 sapientia
2524 3048 2840 3118 loquebatur
2882 3048 3063 3102 intulit
3089 3048 3274 3102 dicens
3310 3061 3325 3099 :
3358 3046 3509 3100 Unde
3551 3063 3667 3100 eant
3708 3046 3800 3100 tibi

2229 3144 2382 3197 hodie
2424 3141 2698 3213 tripliciter
2736 3140 2939 3195 ostendi
2986 3139 3167 3211 (Prov.
3215 3155 3353 3203 xxu,
3397 3138 3511 3205 20).
3544 3139 3654 3194 Hos
3701 3153 3804 3209 ego

2230 3245 2439 3296 sensus,
2468 3228 2814 3299 sagacissime
2850 3226 3174 3281 naturalium
3204 3242 3384 3281 rerum
3415 3227 3725 3307 inquisitor,
3746 3235 3801 3283 et

2231 3320 2455 3374 rationis
2480 3318 2846 3388 cujuscunque
2864 3333 3041 3372 causa:
3061 3317 3404 3373 devotissime
3428 3318 3797 3387 investigator,

2228 3412 2441 3467 domine
2466 3411 2539 3465 mi
2562 3410 2746 3476 David,
2764 3418 2956 3465 vestrae
2985 3409 3293 3463 auctoritati
3321 3409 3553 3479 dirigere
3583 3412 3797 3472 studui;

2229 3515 2330 3553 non
2354 3499 2628 3567 jactantize
2654 3507 2782 3569 typo
2811 3498 3008 3561 clarus,
3040 3498 3135 3552 sed
3159 3498 3477 3552 humilitatis
3495 3498 3669 3553 ollicio
3714 3498 3800 3553 (ιο.

2227 3598 2403 3653 votus,
2427 3590 2622 3643 vestris
2646 3588 3003 3643 sanctissimis
3022 3595 3242 3656 paratus
3258 3588 3476 3642 obedire
3496 3589 3796 3658 praeceptis.

2226 3678 2293 3731 Et
2332 3678 2377 3731 si
2422 3677 2640 3745 dignum
2688 3690 2875 3730 earum
2921 3675 3244 3739 litterarum,
3288 3667 3597 3731 acutissime
3644 3677 3796 3748 [ϐοά.

2239 3764 2379 3827 γαίη
2408 3763 2756 3834 acutissimis]
2780 3763 3055 3818 oculorum
3086 3764 3363 3819 obtutibus
3411 3766 3649 3820 invenire
3676 3780 3799 3835 pos-

2227 3856 2321 3919 sis,
2338 3856 2536 3924 gratias
2558 3855 2670 3910 Deo
2688 3854 2928 3908 ouuiium
2953 3854 3215 3909 donorum
3239 3854 3425 3927 [Edil.,
3457 3855 3795 3927 donaturum]

2228 3947 2468 4018 largitori
2513 3948 2644 4002 mihi
2689 3947 2952 4016 agendum
3003 3947 3135 4001 scio.
3188 3947 3244 4001 Si
3287 3948 3413 4017 quid
3443 3948 3599 4003 aliter
3638 3964 3798 4017 quam

2228 4038 2476 4094 meruisti
2498 4036 2706 4090 citatim
2731 4050 2903 4104 penna
2926 4037 3319 4105 perscripserit,
3349 4038 3479 4091 mihi
3505 4038 3796 4106 putandum

2229 4122 2643 4197 [imputandum]
2674 4140 2793 4179 esse
2823 4124 2998 4179 fateor
3026 4144 3041 4179 :
3080 4134 3382 4194 vestraeque
3408 4127 3623 4195 pietatis
3655 4125 3797 4197 [gre-

2226 4216 2358 4288 mio]
2384 4218 2734 4285 protegendo,
2760 4224 2814 4270 et
2840 4216 3050 4270 eximite
3089 4217 3349 4271 bonitatis
3381 4217 3591 4272 calamo
3630 4218 3799 4272 corri-

568 4372 660 4466 §f>d
683 4371 851 4437 magis
872 4370 1177 4466 εοτνῖὲίξξηίφ
1201 4371 1429 4466 ἀμίιςῖϐθῑᾭ
1454 4374 1735 4442 [W'V’M‘i8
1758 4390 1891 4430 mea?
1916 4392 2127 4432 sensus.
2160 4390 2213 4450 D
2234 4370 2251 4373 ἡ
2304 4390 2413 4446 Has
2460 4407 2590 4447 vero
2628 4392 2830 4448 lunaris
2892 4394 3061 4449 saltus
3121 4396 3527 4465 supputationes
3591 4397 3799 4466 aliquas

569 4459 676 4513 Nec
700 4475 827 4514 vero
866 4461 1168 4527 evangeliea
1192 4462 1351 4517 vidua
1390 4463 1495 4518 duo
1532 4465 1734 4520 minuta
1764 4466 1944 4535 injecit
1967 4485 2129 4538 gazo-

571 4548 814 4615 phylacio
846 4549 1037 4614 (Marc.
1064 4566 1160 4611 xu,
1184 4550 1273 4619 η)
1299 4562 1517 4620 propter
1549 4554 1896 4623 indigentiam
1924 4560 2127 4629 templi,

570 4635 665 4690 sed
685 4642 900 4704 propter
927 4636 1261 4689 devotionem
1290 4654 1461 4693 suam.
1510 4641 1619 4696 Nec
1650 4652 1833 4697 nostra
1856 4646 2131 4704 humilitas

571 4725 681 4779 Deo
726 4723 943 4777 donaria
983 4723 1156 4787 offert,
1186 4728 1338 4795 quasi
1383 4743 1489 4783 non
1542 4731 1780 4795 babenti,
1829 4736 1923 4787 sed
1962 4738 2133 4807 magis

571 4814 748 4867 omnia
771 4812 1061 4881 possidenti
1088 4811 1173 4883 (II
1202 4813 1323 4868 Cor.
1352 4833 1423 4880 vt,
1460 4818 1567 4887 10).
1600 4818 1677 4873 Ita
1706 4821 1868 4875 etiam
1894 4827 2132 4891 parvitas

571 4915 689 4955 mea
723 4916 827 4955 non
856 4900 1143 4968 indigenti,
1179 4906 1273 4957 sed
1321 4906 1544 4960 multum
1585 4908 1777 4965 melius
1818 4912 2129 4981 intelligenti

572 4988 741 5051 vobis,
768 4991 811 5043 si
836 4993 964 5058 quid
988 4989 1225 5045 scribere
1263 5002 1565 5063 tentavero,
1600 4997 1900 5057 faciendum
1926 5006 2131 5059 veraci-

576 5086 657 5132 ter
707 5092 955 5146 agnosco.
1000 5078 1183 5135 Gloria
1234 5083 1401 5164 patris
1464 5085 1607 5146 lilius
1669 5089 1882 5158 sapiens
1936 5092 2127 5160 (Prov.

572 5180 695 5231 xui,
745 5168 804 5236 ι).

646 5253 797 5321 Quod
826 5269 952 5310 vero
980 5266 1102 5311 nota
1147 5270 1389 5329 repetere
1418 5262 1687 5335 indignum
1733 5271 1945 5326 dixistis
1975 5273 2127 5343 [ϐοά.

1010 5408 1381 5500 a.nni._Nc_rnp‘e
1422 5416 1657 5500 proxime
1683 5421 1843 5500 elapsi
1871 5422 1993 5489 797,
2024 5440 2129 5493 quo

581 5466 911 5556 luna-quarta
938 5474 1138 5527 decima
1164 5466 1437 5556 incidebat.
1456 5466 1521 5556 ξίν
2024 5466 2131 5548 ἓξ.τῖ

583 5534 1418 5631 fill?“‘gfﬁllnfjepnalegnyen.
1461 5534 2129 5631 Βθιῑξέξἰῐςῖἕῖέίῖὗῗιῗρἷ-

586 5603 717 5657 stola
744 5606 934 5676 scripta
960 5619 1039 5663 est
1061 5625 1198 5665 anno
1225 5614 1343 5669 798.

2225 4480 2415 4552 {Add.,
2453 4481 2634 4554 quas],
2659 4483 2714 4538 in
2740 4484 2768 4523 ι’
2794 4483 3016 4539 alterius
3046 4486 3304 4540 chartulas
3328 4486 3580 4543 distincte
3597 4489 3795 4549 notavi,

2231 4581 2291 4626 ut
2318 4574 2562 4642 praedixi,
2600 4590 2668 4630 ex
2723 4576 2952 4631 lectione
2996 4585 3341 4646 paternorum
3377 4592 3629 4634 sensuum
3666 4578 3799 4632 scri-

2230 4664 2347 4731 psi;
2386 4663 2522 4718 alias
2563 4678 2632 4717 ex
2680 4664 2906 4740 rationis
2946 4663 3253 4732 conjectura
3287 4667 3637 4741 investigavi;
3666 4668 3799 4723 alias

2232 4752 2732 4808 mathematicorum
2762 4755 2923 4809 variis
2950 4755 3435 4826 [supputationibus
3474 4758 3661 4829 collegi
3692 4758 3799 4829 (Ex

2234 4838 2362 4892 Cod.
2418 4837 2537 4894 Vat.
2587 4842 2694 4907 Αι.,
2724 4844 3117 4912 suspicionibus
3156 4846 3372 4916 eollexi]
3410 4860 3480 4900 ne
3511 4847 3577 4901 ad
3606 4857 3798 4902 vestrae

2233 4932 2546 4987 venerandae
2594 4931 2870 5001 dignitatis
2894 4942 3439 5003 praeceptatacerem,
3461 4944 3515 4989 et
3558 4937 3797 4991 criminis

2234 5034 2357 5073 reus
2394 5035 2591 5085 essem,
2619 5022 2664 5074 si
2688 5022 3001 5076 inobediens
3037 5031 3199 5079 tanta:
3218 5025 3527 5083 auctoritati
3563 5028 3794 5082 viderer.

2234 5104 2423 5160 Sciens
2458 5122 2552 5159 vos
2588 5107 2862 5175 multoque
2895 5110 3073 5163 verius
3114 5118 3177 5165 et,
3198 5113 3445 5181 sagacius
3482 5114 3795 5170 hmcomuia

2234 5194 2529 5262 intelligere
2560 5204 2615 5247 et
2652 5196 2970 5268 investigare
2990 5216 3167 5269 posse,
3203 5211 3379 5255 tamen
3407 5202 3797 5261 Flaceinarns-

2234 5283 2451 5336 ticitatis
2476 5282 2647 5338 ollicia
2674 5290 3068 5359 nouabnegavi
3089 5328 3105 5353 ,
3141 5298 3199 5341 ut
3233 5288 3467 5349 facerem
3506 5296 3648 5363 quod
3681 5295 3795 5364 jus-

2306 5432 2330 5469 δ
2358 5433 2583 5487 Alterius
2610 5437 2879 5493 chartult.
2916 5440 3041 5495 Haec
3086 5444 3329 5499 chartula
3370 5448 3467 5503 abs
3504 5448 3666 5504 dubio
3708 5450 3792 5504 illa

2232 5510 2312 5554 est
2338 5517 2498 5569 quam
2526 5505 2664 5583 infra
2692 5507 3036 5583 inte;__(_)p_e_ra
3075 5513 3441 5583 philosophica
3480 5519 3794 5573 exhibemus

2232 5584 2314 5649 ex.
2332 5584 2440 5649 ms1
2460 5586 2571 5649 reg.
2598 5574 2754 5649 Suec:
2771 5574 2925 5649 ΔΒίωῖ
2939 5579 3057 5635 Vat.
3076 5574 3136 5635 it.
3163 5574 3443 5639 29.6.-Vide
3466 5586 3634 5641 etiam
3658 5586 3793 5643 intra

2233 5639 2385 5705 epist.
2413 5639 2478 5693 84
2506 5642 2667 5707 (nunc
2698 5644 2836 5715 100).
