4238 6188
361 331 467 387 269

366 530 500 583 riam
529 533 959 598 reprehensionis
984 551 1222 604 sperans,
1243 538 1364 606 quia
1392 550 1603 594 assueta
1626 542 1786 595 vestri
1813 559 1930 597 cor-

364 618 448 673 dis
487 618 696 675 benitas
722 637 991 691 nunquam
1022 625 1296 679 immutari
1325 637 1523 696 potest,
1556 630 1648 684 sed
1677 632 1926 686 inviolata

362 717 564 774 manet,
591 719 646 763 et
679 727 888 781 semper
915 713 981 766 ad
1030 715 1250 770 meliora
1295 718 1596 786 proﬁciens,
1647 721 1815 776 donec
1861 724 1929 778 ad

361 797 696 863 mternitatis,
737 799 959 854 Domino
1001 802 1110 856 Deo
1147 804 1239 856 Dei
1281 803 1415 857 Filio
1454 807 1762 872 miserante,
1805 825 1926 864 cum

362 885 641 955 multiplici
669 890 983 944 meritorum
1014 893 1169 947 laude
1192 897 1466 964 perveniat
1487 897 1729 966 gloriam.

430 974 487 1028 In
538 978 763 1034 articulo
804 979 1156 1050 profectionis
1206 999 1484 1040 servorum
1527 997 1826 1043 vestrorum
1873 1000 1926 1044 et

359 1074 556 1120 nostra:
584 1068 879 1125 devotionis
901 1071 1154 1139 ﬁliorum,
1180 1085 1440 1129 venerunt
1466 1078 1702 1132 melliﬂui
1725 1081 1921 1135 dulcis-

357 1156 507 1211 sima:
532 1160 864 1216 auctoritatis
886 1174 908 1201 ι
935 1163 1127 1230 apices,
1154 1164 1207 1219 in
1233 1166 1424 1233 quibus
1452 1169 1838 1224 rationabiliter
1856 1172 1923 1225 ad

359 1247 610 1314 inquisita
655 1259 851 1304 nostra:
887 1253 1162 1319 parvitatis
1190 1255 1554 1322 respondistis,
1589 1268 1642 1312 et
1661 1261 1811 1328 quasi
1842 1261 1919 1313 la-

359 1352 482 1390 vum
532 1340 796 1394 distillans
838 1341 1013 1410 (Cant.
1043 1359 1116 1407 tv,
1148 1344 1254 1415 II),
1303 1347 1374 1398 ita
1404 1349 1684 1402 suavitatis
1729 1359 1919 1404 vestrm

358 1428 519 1481 verba
573 1429 839 1497 legebam,
871 1431 924 1486 in
975 1434 1168 1501 quibus
1197 1443 1250 1489 et
1287 1435 1608 1492 hilaritatem
1641 1448 1693 1494 ct
1723 1441 1919 1496 verita-

357 1523 461 1567 tem
487 1518 699 1584 agnovi,
731 1527 784 1573 et
812 1521 1011 1587 gratias
1043 1537 1205 1591 agens
1232 1524 1339 1578 Deo
1367 1525 1573 1580 laudavi
1600 1537 1914 1599 utrumque,

353 1610 408 1655 et
436 1606 711 1673 sapientiae
744 1607 1010 1672 decorem,
1042 1620 1096 1665 et
1123 1611 1437 1668 humilitatis
1467 1615 1705 1685 vigorem
1728 1658 1741 1680 ,
1790 1618 1917 1672 dum

351 1691 552 1762 dignati
587 1695 759 1752 fuistis
801 1709 996 1755 nostrae
1023 1703 1351 1758 rusticitatis
1381 1706 1675 1762 chartulam
1709 1709 1912 1774 audire,

352 1798 453 1838 nec
483 1785 652 1839 solum
679 1788 971 1859 perlegere,
992 1792 1084 1845 sed
1111 1793 1270 1845 etiam
1298 1802 1351 1846 et
1372 1797 1711 1863 respondere.
1743 1798 1917 1851 Etiam
1952 1787 1997 1845 Β

350 1881 408 1928 et
452 1875 578 1928 illud
623 1879 924 1933 amabiliter
965 1881 1018 1932 in
1071 1881 1172 1935 illis
1199 1882 1452 1936 bonitatis
1495 1891 1685 1938 vestra:
1724 1886 1920 1939 litteris

351 1965 608 2033 scriptum
658 1969 848 2038 reperi,
883 1971 1031 2038 quasi
1063 1972 1197 2026 meis
1225 1974 1401 2028 verbis
1429 1974 1644 2039 dictum,
1689 1977 1920 2044 qualiter

351 2054 530 2121 regina
559 2054 738 2108 Austri
770 2059 1001 2111 venisset
1045 2061 1227 2114 audire
1271 2062 1584 2129 sapientiam
1617 2064 1919 2120 Salomonis

351 2142 472 2212 (111¹
504 2144 629 2213 Reg.
663 2146 746 2215 x);
781 2158 834 2201 et
860 2151 1122 2216 quomodo
1148 2151 1547 2217 acclamassem,
1572 2153 1756 2209 beatos
1797 2171 1918 2209 esse

347 2235 439 2301 qui
468 2236 781 2291 assistercnt
809 2241 1082 2307 sapienti-.2
1109 2241 1437 2307 Salomonis;
1465 2253 1518 2297 et
1538 2259 1604 2298 ex
1631 2244 1712 2298 his
1738 2245 1916 2300 verbis

350 2338 434 2375 me
465 2324 530 2375 ad
561 2325 699 2379 hanc
747 2326 1125 2381 beatitudinem
1155 2343 1446 2396 provocare
1485 2332 1747 2396 voluistis,
1774 2333 1915 2401 quod

347 2408 598 2479 (gratum,
617 2413 744 2480 (AL,
768 2413 1039 2486 gratiam)]
1058 2417 1227 2471 habeo
1243 2419 1536 2474 secundum
1559 2421 1913 2476 valetudinem

344 2501 587 2567 corporis
602 2503 724 2567 mei,
739 2512 792 2556 et
806 2504 896 2558 Dei
908 2507 1076 2573 gratia
1088 2508 1444 2575 praeveniente
1457 2517 1512 2563 et
1527 2511 1816 2566 deducente
1829 2528 1916 2568 me

343 2603 598 2659 prospere
615 2599 738 2645 ante
762 2601 1106 2663 conspectum
1126 2595 1471 2651 beatitudinis
1485 2606 1693 2652 vestrae.
1712 2599 1912 2656 Tamen

343 2676 482 2732 sciat
493 2678 856 2734 misericordia
870 2690 1044 2735 vestra
1057 2683 1196 2749 quod
1211 2685 1322 2738 hate
1333 2685 1793 2754 beatitudo,quarn
1805 2689 1914 2741 lau~

347 2768 566 2820 daverat
600 2770 779 2836 regina
825 2770 1031 2836 Austri,
1061 2787 1163 2825 non
1204 2773 1304 2826 fuit
1331 2774 1384 2827 in
1423 2782 1567 2827 terra
1603 2775 1912 2831 Pbilistino-

347 2871 482 2917 rum,
513 2857 605 2909 sed
636 2857 687 2910 in
712 2858 1063 2924 Hierusalem,
1089 2861 1140 2913 id
1166 2870 1265 2925 est,
1289 2863 1341 2914 in
1368 2863 1572 2918 visione
1597 2867 1762 2934 pacis.
1789 2866 1911 2920 Ideo

346 2943 565 3012 supplex
595 2943 850 3012 deprecor
872 2953 928 2998 ut
953 2946 1109 3001 liccat
1135 2949 1325 3003 Flacco
1356 2958 1445 3004 tuo
1473 2952 1540 3004 ad
1575 2952 1711 3006 hanc
1737 2954 1910 3008 beati-

349 3031 584 3084 tudinem
627 3033 679 3085 in
711 3041 852 3086 terra
880 3036 1026 3102 pacis
1053 3043 1104 3089 et
1133 3036 1330 3092 lmtitite
1373 3041 1672 3107 pervenire,
1707 3058 1812 3096 non
1854 3044 1908 3097 in

346 3128 488 3172 terra
535 3121 879 3176 dissensionis
927 3124 1034 3178 etb
1083 3125 1225 3178 belli.
1260 3103 1395 3191 Quid
1439 3129 1578 3181 valet
1624 3103 1908 3186 inﬁrmitas
1935 3103 1982 3166 θ

347 3207 522 3262 Flacci
547 3209 687 3263 inter
712 3213 894 3265 arma?
919 3213 1046 3281 quid
1076 3215 1214 3268 inter
1235 3229 1393 3283 apros
1418 3217 1755 3286 lepusculus?
1781 3221 1909 3289 quid

346 3297 482 3350 inter
511 3298 689 3352 leones
738 3301 1010 3368 agniculus
1059 3303 1111 3356 in
1154 3318 1285 3372 pace
1325 3307 1589 3373 nutritus,
1625 3310 1902 3374 educatus,

346 3401 450 3439 non
499 3387 552 3438 in
589 3389 785 3455 przeliis
815 3393 1091 3445 versatus?
1120 3387 1244 3447 dttm
1276 3405 1538 3464 praecepta
1573 3399 1780 3453 Domini
1811 3401 1902 3453 Dei

347 3474 574 3538 habetis.
619 3477 834 3530 timidus
863 3479 1005 3532 domi
1048 3492 1340 3547 remaneat,
1371 3499 1438 3538 ne
1465 3485 1628 3540 faciat
1658 3489 1790 3543 alios
1836 3491 1904 3544 ti-

347 3577 510 3616 mere.
539 3565 604 3617 Et
635 3567 883 3635 Virgilius
906 3563 1146 3638 Augusto
1177 3573 1420 3626 scribens

606 3675 677 3723 Tu
700 3679 900 3724 sectaris
922 3691 1080 3739 apros,
1112 3693 1206 3740 ego
1225 3684 1346 3731 retia
1367 3696 1529 3734 servo.

414 3762 504 3817 Hze
524 3779 725 3833 preces,
750 3768 991 3833 obsecro,
1018 3771 1234 3825 veniant
1257 3773 1308 3826 in
1335 3790 1428 3828 cor
1456 3777 1668 3844 pietatis
1692 3762 1899 3843 vestrae,

345 3861 402 3904 ut
447 3852 608 3907 libeat
633 3856 781 3908 vobis
810 3866 862 3910 et
892 3858 1048 3913 liccat
1074 3861 1221 3925 mihi,
1269 3878 1390 3916 cum
1421 3869 1583 3921 ramis
1611 3869 1904 3936 palmarum

345 3939 522 4008 (Joau.
586 3957 658 3993 xtt
690 3982 704 4005 ,
764 3945 848 4013 l3)
894 3956 945 3998 et
991 3950 1172 4013 pueris
1222 3955 1561 4007 cantantibus
1621 3973 1904 4012 occurrere

347 4027 613 4095 triumpho
638 4029 818 4096 glorise
845 4041 1073 4085 vestrce:
1107 4043 1161 4087 et
1209 4037 1541 4092 Hierusalem
1571 4050 1764 4109 optatae
1807 4061 1902 4113 pa-

346 4118 459 4170 tria:
488 4126 541 4170 et
568 4120 819 4188 templum
861 4124 1236 4192 sapientissimi
1270 4129 1569 4185 Salomonis
1613 4144 1728 4189 arte
1771 4152 1902 4189 con-

345 4207 568 4260 struitur
611 4207 728 4278 [F.,
774 4217 1181 4287 constructum],
1225 4220 1476 4274 assistere
1523 4225 1742 4278 amabili
1772 4242 1901 4279 con-

344 4298 544 4362 Spectui
570 4307 762 4364 vestro,
792 4310 846 4355 et
869 4304 1045 4359 dicere
1071 4324 1083 4358 :
1114 4307 1428 4368 Benedictus
1456 4316 1710 4370 Dominus
1739 4319 1898 4383 Deus,

1797 342 2150 398 EPISTOLA'J
2162 385 2175 398 .

364 445 528 509 sistis,
576 447 870 501 mercedem
915 449 1227 504 obedientiae
1260 462 1592 520 exspectans,
1638 469 1742 508 non
1791 455 1926 522 inju—
1959 458 2005 516 Δ

3491 375 3595 428 270

2098 459 2390 542 uictimae!
2418 465 2584 515 munis
2609 466 2962 542 philosophice.
2992 474 3068 523 Ad
3099 477 3474 542 confutandam
3503 483 3600 538 Fe-

2098 524 2245 615 licem
2265 530 2536 615 adjutores
2564 524 2820 600 postulat;
2837 549 2882 588 et
2916 556 3078 609 regem

2099 605 2362 648 veritatem
2383 605 2599 656 animat.
2970 605 2983 609 ⁷
3197 620 3200 623 ’

2099 728 2206 784 Deo
2245 731 2437 788 dilecto
2475 744 2636 806 atque
2665 754 2694 791 a
2724 740 2832 796 Deo
2859 744 3028 798 electo
3070 747 3238 802 David
3269 753 3411 822 regi,
3441 754 3596 815 Flac-

2028 835 2123 873 cus
2169 821 2220 875 in
2267 823 2369 878 ﬁde
2408 834 2463 879 et
2505 827 2764 884 charitate
2794 843 3105 902 perpetuam
3157 839 3210 891 in
3259 821 3473 900 Christo
3512 864 3600 903 sa-

2029 907 2210 966 Iutem.

2094 998 2408 1057 Dulcissima
2454 1005 2694 1076 [pietatis
2739 1021 2927 1066 vestra:
2958 1015 3148 1083 (Edit.,
3179 1022 3346 1087 pietas
3374 1027 3595 1099 vestra)]

2025 1101 2243 1143 munera
2270 1093 2398 1145 mihi
2427 1093 2452 1131 ά
2478 1096 2794 1167 Fredegisns
2827 1105 3072 1158 servulus
3098 1118 3277 1163 vester
3312 1115 3505 1168 attulit.
3539 1117 3596 1170 In

2023 1179 2213 1247 quibus
2258 1192 2561 1255 utrumque,
2603 1199 2657 1242 et
2696 1191 3037 1248 dilectionem
3081 1202 3271 1268 agnovi
3306 1203 3357 1255 in
3398 1220 3505 1268 me,
3541 1219 3595 1261 et

2023 1273 2338 1340 sapientiam
2379 1281 2715 1336 consideravi
2763 1286 2815 1338 in
2865 1296 2951 1340 te:
2985 1293 3133 1356 quasi
3181 1296 3406 1361 quodam
3438 1303 3596 1354 modo

2022 1370 2252 1428 quatuor
2295 1365 2502 1420 dierum
2545 1386 2765 1426 munera
2800 1375 3170 1444 primordiales
3210 1395 3440 1450 quatuor
3479 1388 3592 1443 die-

2022 1464 2141 1502 rum
2168 1454 2467 1510 creationes
2506 1458 2870 1528 designarent.
2898 1465 2963 1518 Et
3007 1469 3130 1535 quia
3167 1473 3338 1539 prima
3378 1476 3462 1530 die
3505 1479 3593 1533 lux

2020 1539 2231 1592 condita
2273 1551 2355 1596 est
2383 1543 2534 1614 (Gen.
2562 1564 2596 1610 ι,
2623 1549 2677 1613 5,
2705 1554 2855 1620 δρψ),
2885 1556 3057 1622 prima
3086 1560 3171 1614 die
3206 1574 3227 1600 ε
3252 1563 3385 1619 lucis
3423 1579 3592 1622 mate-

2021 1626 2155 1680 riam
2203 1633 2439 1686 ostendit
2493 1637 2643 1691 mihi.
2699 1640 2941 1697 Secunda
2990 1644 3213 1703 Creator
3273 1653 3594 1712 ﬁrmamenti

2019 1717 2471 1784 pulchritudinem
2511 1729 2751 1782 extendit
2791 1731 2931 1786 inter
2970 1751 3139 1806 aquas
3170 1750 3223 1794 et
3264 1758 3429 1813 aquas
3458 1765 3471 1801 :
3502 1765 3592 1804 se-

2023 1807 2196 1860 cunda
2225 1809 2311 1863 die
2337 1811 2393 1865 in
2425 1817 2755 1882 muneribus,
2785 1823 3098 1880 veStimenta
3129 1807 3478 1889 sacerdotalia
3514 1838 3595 1891 di-

2022 1897 2283 1952 visionem
2312 1899 2453 1955 inter
2473 1918 2694 1974 corpora
2716 1913 3055 1968 sacerdotum
3085 1926 3139 1971 et
3165 1922 3345 1989 populi
3375 1926 3594 1981 demon—

2021 1995 2193 2040 strare
2237 1991 2480 2058 cognovi.
2524 1993 2702 2049 Tertia
2749 2000 2863 2063 die,
2910 2009 3052 2057 terra
3101 2021 3223 2061 cum
3265 2018 3595 2070 ornamentis

2018 2077 2131 2130 suis
2159 2081 2404 2147 apparuit
2428 2097 2442 2134 :
2470 2085 2627 2138 tertia
2655 2087 2758 2152 die,
2784 2091 2898 2144 auri
2928 2091 3195 2149 laetissima
3222 2101 3447 2168 species.
3474 2119 3593 2173 quas
3671 2156 3678 2166 ,

2017 2167 2222 2230 gremio
2265 2169 2472 2222 eruitur
2509 2180 2684 2238 terrae,
2728 2176 2930 2238 directa
2957 2191 3042 2236 est
3083 2167 3461 2254 mihiaQuarta
3491 2167 3592 2249 vdie

2016 2254 2096 2306 sol
2122 2255 2290 2311 honor
2319 2261 2498 2314 saeculi
2527 2278 2648 2316 cum
2689 2266 2953 2324 sideribus
2990 2274 3110 2328 οωΙὶ
3150 2278 3397 2334 inductus
3432 2283 3586 2354 [Cud.

2031 2339 2168 2407 ναι,
2201 2345 2416 2418 inditus]
2440 2357 2552 2412 est;
2585 2363 2773 2419 quarta
2803 2357 2910 2421 die,
2950 2359 3094 2414 clara
3137 2369 3378 2433 quzedam
3415 2339 3470 2425 et
3504 2390 3589 2427 ro-

2015 2435 2177 2487 tunda
2204 2438 2256 2489 in
2284 2438 2682 2496 similitudinem
2711 2446 2838 2501 solis
2863 2451 3084 2518 species,
3123 2455 3140 2492 ί
3169 2457 3340 2512 honor
3366 2477 3584 2529 mensre,

2013 2524 2174 2578 allata
2202 2536 2285 2581 est
2314 2530 2462 2594 mihi,
2496 2533 2699 2587 habens
2729 2536 2915 2605 viginti
2945 2553 3150 2609 septem
3185 2549 3582 2608 semicirculos:

2011 2615 2103 2682 qui
2152 2616 2196 2669 si
2243 2616 2324 2671 bis
2374 2619 2653 2686 ducantur,
2699 2637 2856 2682 erunt
2902 2632 3283 2705 quinquaginta
3330 2653 3585 2712 quatuor,

2011 2711 2230 2772 propter
2257 2707 2418 2762 horas
2445 2709 2647 2765 lunaris
2673 2728 2879 2782 cursus,
2923 2722 3120 2788 quibus
3145 2740 3241 2793 per
3269 2707 3476 2800 singula
3515 2734 3587 2788 εἰς

2011 2806 2112 2859 gna
2161 2808 2376 2849 currere
2421 2799 2554 2852 solet
2589 2819 2601 2853 :
2632 2803 2837 2861 habens
2883 2809 3142 2867 circulum
3192 2799 3478 2876 rotundum
3528 2826 3583 2880 in

2011 2883 2214 2947 medio,
2251 2896 2466 2954 propter
2513 2892 2639 2945 solis
2685 2905 2997 2964 perpetuam
3049 2892 3451 2966 rotunditatem.
3507 2914 3582 2969 De

2011 2969 2160 3035 cujus
2190 2986 2348 3027 cursu
2381 2977 2634 3043 prtefatus
2661 2996 2791 3049 puer
2830 2987 2960 3041 mibi
2999 2993 3198 3058 retulit,
3232 3006 3465 3054 vestram
3505 3001 3586 3056 in-

2012 3061 2222 3127 quirere
2263 3067 2602 3133 sapientiam,
2636 3077 2901 3140 quomodo
2933 3081 2960 3119 3
2988 3081 3170 3137 decem
3218 3079 3377 3142 horze'
3402 3100 3454 3144 et
3494 3093 3576 3154 dl-

2014 3146 2173 3201 midia
2223 3152 2444 3224 singulis
2490 3161 2761 3217 mensibus
2805 3179 3111 3225 accrescere
3143 3175 3380 3231 soleant?
3419 3179 3583 3251 Cujus

2014 3233 2090 3286 rei
2117 3239 2326 3292 subtilis
2356 3245 2491 3296 ratio
2522 3255 2619 3309 est,
2655 3250 2749 3303 sed
2777 3261 2966 3307 vestra:
2991 3261 3270 3326 sagacitati
3314 3233 3585 3335 perfacilis

2012 3321 2077 3374 ad
2101 3323 2518 3396 intelligendum.

2083 3434 2173 3488 Sol
2217 3437 2377 3505 igitur
2419 3432 2595 3509 primo
2633 3462 2770 3502 anno
2818 3463 2938 3518 post
2979 3455 3295 3526 bissextum,
3329 3463 3383 3516 in
3429 3465 3583 3523 initio

2010 3524 2194 3589 prima:
2240 3526 2383 3579 horae
2428 3534 2619 3596 noctis,
2652 3536 2816 3591 intrat
2851 3541 2904 3592 in
2934 3540 3190 3609 Arietem,
3223 3524 3430 3620 etpost
3467 3554 3583 3612 dies

2011 3613 2225 3680 triginta
2251 3624 2305 3668 et
2333 3617 2514 3671 decem
2558 3626 2719 3678 semis
2764 3629 2926 3684 horas
2963 3633 3108 3686 exiet
3150 3638 3214 3690 de
3243 3640 3442 3701 Ariete,
3478 3643 3580 3697 hoc

2011 3709 2121 3764 est,
2169 3702 2295 3756 hora
2325 3707 2600 3762 undecima
2643 3716 2813 3768 noctis
2857 3720 3139 3776 tricesima:
3181 3726 3390 3792 primae,
3417 3737 3469 3781 et
3499 3745 3581 3782 se-

2009 3791 2180 3846 cundo
2209 3804 2422 3862 puncto.
2450 3798 2515 3852 Et
2544 3803 2700 3855 tertio
2726 3816 2922 3871 puncto
2945 3791 3240 3866 undecima
3268 3816 3412 3868 hora:
3439 3817 3581 3884 ejus-

2009 3881 2124 3932 dem
2156 3884 2325 3935 noctis
2355 3885 2516 3938 intrat
2543 3888 2595 3940 in
2629 3889 2881 3955 Taurum,
2909 3903 2962 3948 et
2998 3898 3066 3951 ibi
3097 3911 3338 3954 moratur
3365 3881 3579 3973 triginta

2008 3970 2117 4023 dies
2146 3980 2198 4022 et
2227 3974 2408 4026 decem
2439 3977 2600 4029 semis
2638 3980 2815 4034 horas.
2849 3984 2914 4037 Et
2951 3986 3095 4039 exiet
3141 3990 3206 4042 de
3253 3990 3431 4044 Tauro
3472 4009 3576 4046 non

2006 4058 2072 4111 ab
2103 4059 2231 4110 hora
2259 4061 2343 4112 die
2374 4061 2577 4130 [Ρονιει⁸
2606 4081 2742 4119 nona
2772 4069 2900 4123 liora
2930 4074 3057 4145 diei]
3083 4076 3258 4142 plena.
3287 4080 3349 4131 Et
3383 4081 3454 4132 ibi
3483 4084 3580 4134 ha-

2005 4147 2098 4200 bes
2120 4164 2279 4201 unam
2303 4151 2486 4204 horam
2511 4168 2576 4206 ex
2598 4167 2827 4222 quatuor
2852 4165 3060 4228 punctis
3083 4167 3135 4219 in
3157 4166 3366 4221 duobus
3387 4171 3572 4238 signis.

2005 4235 2070 4287 Et
2101 4236 2234 4289 ﬁunt
2274 4239 2499 4293 duorum
2528 4243 2800 4312 signorum
2842 4252 3119 4320 sexaginta
3153 4256 3265 4308 dics
3293 4264 3346 4310 et
3388 4235 3573 4327 viginti

2005 4339 2108 4377 ma
2155 4327 2304 4380 hora.
2336 4328 2401 4382 Et
2432 4331 2635 4386 decima
2671 4335 2798 4389 hora
2837 4338 2940 4392 diei
2987 4340 3153 4395 intrat
3201 4344 3254 4397 in
3298 4346 3569 4403 Geminos.

344 4383 431 4479 qui
460 4385 686 4500 adduxitl
709 4387 784 4459 [et
810 4391 1040 4500 reduxit]
1070 4393 1234 4452 David
1255 4402 1504 4459 dilectum
1530 4421 1652 4461 cum
1683 4423 1902 4479 prospe-
1931 4435 1984 4496 υ
2007 4414 2073 4468 Et
2112 4417 2256 4470 exiet
2297 4417 2361 4471 de
2937 4428 3065 4482 hora
3095 4431 3248 4498 plena
3295 4383 3524 4500 Sensi“
3518 4447 3572 4490 et

347 4469 498 4524 ritate
521 4480 575 4526 et
612 4474 782 4530 salute
808 4478 874 4531 ad
900 4495 1083 4538 servos
1125 4499 1268 4541 suos.

773 4573 794 4603 ε
814 4565 1146 4626 EPISTOLA
1171 4573 1442 4632 LXXXIII.

851 4675 914 4713 Αυ
955 4678 1167 4719 υοιιηωι
1201 4683 1392 4724 REGEI.

946 4752 1121 4822 (Anno
1148 4757 1291 4830 798.)

347 4827 598 4921 Deci-(gas
623 4831 874 4921 per.
886 4827 1294 4921 signalzodiacij;
1321 4859 1368 4901 et
1403 4854 1624 4921 qualiter
1653 4859 1768 4912 inde
1797 4863 1899 4914 bis-

411 4908 582 4953 sextus
612 4906 874 4973 emergat!
896 4906 1102 4964 Laudat
1136 4906 1363 4970 studium
1389 4906 1898 4994 astrologia—aricia,-

413 5031 681 5132 ἒ
711 5034 1127 5132 Equepisthal
1143 5045 1317 5132 βποιὶ
1368 5055 1873 5132 de__Septuagesima

345 5107 500 5179 quam
525 5112 684 5170 supra
708 5105 966 5162 dedimus.
999 5110 1076 5165 Ex
1104 5114 1202 5196 hac
1233 5133 1359 5188 ergo
1378 5105 1899 5200 iiqu'ﬁ'JJrfJEZ'Ei

346 5177 621 5240 nurnLquo
640 5173 766 5240 data
792 5184 894 5240 est,
920 5193 1305 5240 cognoscimus.

414 5193 486 5230 ιιι,
511 5193 621 5235 quo
640 5193 766 5227 nata
792 5193 894 5240 est,
920 5193 1305 5247 cognoscimus.
1573 5193 1589 5197 “
1681 5193 1695 5200 ’

414 5234 1008 5332 ἕξρωρηυι
1057 5253 1398 5332 interpretor,
1435 5266 1573 5332 quod
1620 5271 1718 5324 hoc
1762 5289 1900 5328 anno

843 5299 926 5312 γρ,
958 5299 1005 5302 γ-
1057 5299 1393 5324 ------τ-ν-ν.,
1435 5299 1573 5332 Ὶιιυυ
1621 5299 1718 5324 um;
1762 5299 1900 5328 anno

843 5323 899 5397 et
919 5319 1244 5397 describitur
1282 5328 1348 5380 ab
1375 5331 1648 5391 Annalista
1679 5341 1900 5397 Lambe-

348 5369 729 5460 cia_n2"e:t‘aliis,
753 5369 890 5448 apud
918 5369 1148 5460 iisiis};
1163 5393 1265 5447 hoc

385 5439 607 5526 aenean.
636 5439 883 5526 Quereet.
915 5455 948 5508 s
965 5439 1038 5509 εξ
1054 5439 1228 5524 Esi?
1239 5439 1308 5516 ἰιῖ

2007 4506 2212 4560 duobus
2252 4511 2463 4576 punctis
2501 4521 2703 4567 octava:
2744 4516 2910 4569 horae.
2947 4518 3011 4571 Et
3044 4523 3202 4576 tertio
3245 4533 3441 4592 puncto
3480 4540 3571 4579 oc-

1933 4601 1938 4607 ’
2007 4603 2139 4648 tavre
2169 4597 2314 4651 hora:
2360 4601 2532 4655 noctis
2570 4602 2733 4657 intrat
2780 4605 2831 4659 in
2881 4606 3165 4664 Cancrum.
3210 4613 3276 4665 Et
3315 4614 3459 4667 exiet
3503 4618 3572 4672 de

2005 4686 2208 4740 Cancro
2232 4700 2377 4744 sexta
2407 4694 2535 4747 hora
2569 4696 2670 4750 diei
2697 4697 2871 4766 plena.
2898 4700 2963 4752 Et
2990 4700 3058 4755 ibi
3089 4702 3251 4757 habes
3281 4707 3567 4763 secundant

2005 4777 2188 4831 horam
2234 4790 2286 4832 et
2329 4792 2556 4850 quatuor
2603 4799 2833 4856 punctos
2876 4791 3104 4846 duorum
3156 4795 3448 4862 signorum.
3497 4797 3565 4850 Et

2003 4864 2134 4918 ﬁunt
2176 4869 2226 4920 in
2261 4870 2496 4926 Geminis
2525 4883 2576 4926 et
2617 4875 2822 4931 Cancro
2859 4879 2972 4932 dies
3012 4884 3286 4950 sexaginta
3328 4894 3382 4938 et
3420 4887 3565 4939 horae

2002 4957 2184 5024 viginti
2211 4973 2332 5014 una.
2368 4961 2539 5017 Habes
2571 4963 2721 5034 [Cod.
2766 4965 2906 5034 Vat,
2927 4969 2992 5024 Et
3021 4971 3207 5042 babes]
3233 4975 3286 5028 in
3315 4976 3401 5030 his
3428 4991 3560 5044 qua-

2005 5083 2538 5174 incrementcidelcem
2572 5092 2827 5174 horarum
2865 5108 2917 5152 et
2942 5101 3172 5174 dimidia;
3213 5104 3298 5159 hic
3322 5107 3560 5174 proposi-

2004 5159 2112 5239 tum
2138 5153 2388 5239 defendit.
2414 5157 2587 5239 (Apud
2604 5161 2840 5239 froben.
2872 5169 3028 5239 epist.
3056 5153 3176 5239 768.“)

2069 5221 2980 5318 2‘.f’fiiti‘Efﬁiﬁtisssiwii'
3019 5221 3378 5318 εειέᾏιαξίηξ
3405 5244 3562 5318 disci:

2001 5289 2169 5379 putus,
2202 5289 2356 5379 quem
2373 5289 2964 5379 ³ιμξιιιίηιξῘῖξιιιῂἱηειθιῇε
2991 5289 3560 5379 oshbéﬁi'v‘ii—in'ZﬁiI

2002 5359 2136 5412 stola
2163 5361 2227 5412 ad
2251 5361 2541 5416 Candidum
2567 5374 2620 5418 et
2646 5369 3061 5428 Nathanaelem?

2075 5439 2097 5464 ο
2127 5428 2277 5479 Lucis
2307 5434 2596 5486 materiam.
2629 5435 2833 5490 Oleum.

2078 5495 2094 5532 ι
2147 5494 2327 5546 Honor
2374 5513 2580 5554 mense.
2634 5504 2841 5560 Delium
2894 5511 3017 5566 vino
3070 5513 3341 5582 impletum
3395 5516 3560 5571 inter-

2078 5573 2201 5613 ator.

2003 5578 2201 5630 pretor.

2075 5631 2098 5667 ι
2144 5631 2512 5715 Declamitare
2555 5648 2602 5690 et
2649 5640 2883 5715 dimidia.
2933 5646 3008 5699 De
3053 5649 3150 5701 hac
3185 5660 3557 5715 supputatione

2003 5700 2190 5765 quaerit
2220 5701 2438 5767 epistola
2468 5709 2726 5774 sequenti,
2755 5715 2880 5780 quid
2907 5716 2974 5768 sit
3003 5700 3432 5772 immutandum‘?‘
