4226 6194
562 341 663 400 171

1409 326 1470 382 s.
1508 325 1568 381 ε.
1608 320 1830 379 suum
1868 321 1993 376 seu
2033 308 2302 374 “cum
2340 282 2618 371 ornavit
2654 308 2829 363 rans
2865 307 2906 361 ι.

3662 300 3767 357 272

560 460 688 509 tuor
706 439 876 520 signis
918 448 1076 501 horas
1118 438 1470 513 quadraginta
1508 437 1640 492 duas
1663 444 1718 490 et
1759 435 1875 489 dies
1900 440 2114 487 centum
2144 433 2191 491 Α
2216 435 2370 505 erant
2397 427 2452 480 in
2495 422 2710 484 mundo,
2750 421 3055 520 inventores
3096 426 3252 520 erant
3281 415 3471 470 harum
3499 415 3690 520 artiu'm
3719 416 3773 467 in

561 518 901 615 viginti.“
918 536 985 591 Et
1022 535 1187 605 intrat
1213 531 1267 585 in
1297 528 1529 583 Leonem
1560 524 1786 596 septima
1827 524 1958 577 hora
1983 518 2109 615 diei.

564 610 646 689 εἰ
678 630 820 687 extet
866 610 930 684 de
954 624 1134 681 Leone
1170 629 1357 691 quarta
1403 620 1535 673 hora
1584 615 1788 677 noctis,
1826 620 1883 667 et
1909 610 2116 666 duobus

805 718 1005 790 quinta:
1032 716 1197 770 horae.
1222 711 1290 765 Et
1316 709 1477 764 tertio
1505 714 1704 778 puncto
1734 704 1935 793 quintae
1970 702 2127 793 hor-te

562 789 737 868 noctis
763 789 929 864 intrat
960 806 1017 858 iu
1032 798 1419 873 Virginem.Et
1448 796 1593 851 exiet
1616 795 1682 850 de
1706 792 1922 863 Virgine
1960 789 2117 844 tertia

564 903 698 958 hora
734 898 840 955 diei
868 896 1041 969 plena.
1067 893 1136 947 Et
1174 890 1341 947 habes
1375 900 1541 942 unam
1583 885 1772 939 horam
1797 896 1863 937 ex
1890 887 2141 950 quatuor,

563 990 776 1063 punctis
798 987 992 1043 Leonis
1013 994 1068 1041 et
1093 981 1346 1053 Virginis.
1374 979 1442 1034 Et
1467 977 1666 1033 habent
1691 973 1970 1063 sexaginta
2005 970 2121 1063 dies

564 1060 679 1138 haec
700 1080 804 1135 duo
824 1079 997 1150 signa,
1017 1082 1074 1130 et
1097 1073 1260 1128 horas
1281 1068 1471 1140 viginti
1493 1081 1675 1123 unam.
1699 1063 1750 1150 [ι
1772 1063 1840 1117 Et
1867 1060 2120 1150 iiuntho—

568 1186 686 1226 rum
723 1170 827 1224 sex'
1158 1161 1279 1225 dies,
1304 1157 1529 1225 centum
1558 1147 1827 1224 octoginta
1864 1148 2020 1231 tres.]
2054 1146 2121 1202 Et

566 1260 719 1324 nunt,
744 1264 804 1312 ut
826 1254 935 1310 dixi
950 1251 1105 1319 ,\dies
1143 1258 1364 1305 centum
1384 1246 1656 1314 octoginta
1683 1250 1739 1298 et
1765 1242 1888 1321 duo.
1910 1239 1979 1297 Et
2013 1246 2121 1317 ter-

566 1348 695 1413 tius,
726 1347 840 1401 dies
864 1341 1114 1400 diidius
1150 1352 1219 1395 ex
1257 1336 1534 1393 duodecim
1570 1332 1721 1388 horis
1743 1338 1799 1384 et
1834 1337 1946 1384 tres
1978 1327 2124 1382 hora:

567 1453 727 1508 supra
750 1431 1135 1508 quadrantiles.
1157 1426 1225 1482 Et
1243 1428 1409 1481 intrat
1430 1425 1512 1481 sol
1534 1425 1588 1479 in
1610 1422 1828 1478 Libram
1855 1421 1994 1475 hora
2016 1418 2120 1473 diei

569 1534 778 1596 quarta.
803 1524 872 1579 Et
909 1521 1052 1577 exiet
1078 1519 1144 1575 de
1190 1516 1349 1571 Libra
1390 1513 1566 1583 prima
1610 1510 1743 1567 liora
1777 1508 2014 1574 dieig'et
2039 1521 2124 1561 se-

570 1617 743 1673 cundo
788 1623 986 1686 puncto
1030 1606 1276 1666 secundm
1318 1606 1464 1661 hora:
1510 1602 1698 1659 noctis.
1737 1599 1810 1655 Et
1858 1597 2023 1653 intrat
2062 1597 2124 1686 in

568 1685 917 1779 Scorpionem
956 1703 1115 1760 tertio
1139 1706 1337 1770 puncto
1373 1693 1619 1751 secundae
1658 1691 1805 1746 horas
1833 1687 2023 1779 noctis.
2060 1685 2126 1779 Et

2216 500 2421 569 naturis
2449 526 2649 574 rerum,
2677 509 2815 565 sicut
2837 507 2905 563 de
2943 505 3056 563 sole
3084 515 3141 560 et
3172 505 3295 559 luna
3321 513 3376 559 et
3418 500 3586 559 stellis
3623 502 3780 557 facile

2213 612 2365 674 potes
2391 602 2703 672 intelligere.
2728 599 2867 666 Quid
2890 598 3033 653 aliud
3075 598 3129 652 in
3160 598 3275 652 sole
3314 605 3370 651 et
3395 597 3518 651 luna
3559 603 3616 651 et
3645 595 3780 650 side-

2216 693 2363 747 ribus
2414 691 2813 747 consideramus
2855 695 2910 742 et
2961 688 3252 751 miramur,
3300 686 3401 740 nisi
3462 684 3780 752 sapientiam

2214 779 2482 835 Creatoris
2506 786 2561 833 et
2585 792 2774 832 cursus
2802 776 3017 831 illorum
3033 776 3351 847 naturales?
3367 774 3558 829 Fertur
3579 773 3778 842 itaque,

2213 868 2482 923 Abraham
2514 866 2876 937 patriarcham
2912 879 2995 929 ex.
3015 864 3313 934 astmlogize
3337 864 3547 919 ratione
3576 870 3781 919 creato-

2216 972 2332 1012 rem
2358 955 2526 1011 Deum
2552 954 2877 1010 intellexisse
2900 961 2954 1009 et
2979 957 3285 1011 venerasse.
3317 953 3385 1008 Et
3412 953 3606 1007 exinde
3632 952 3783 1008 Anti-

2216 1060 2307 1099 cus
2335 1043 2433 1099 Dei
2469 1043 2764 1115 appellatus
2788 1051 2895 1107 est,
2932 1050 2989 1096 et
3015 1050 3249 1096 tentatus
3277 1042 3330 1095 in
3359 1041 3463 1096 ﬁde
3480 1040 3589 1108 jam
3629 1040 3786 1096 tortis

2218 1132 2465 1188 inventus
2498 1140 2600 1188 est.
2624 1132 2761 1188 Nam
2789 1132 2974 1187 dicunt
3011 1131 3221 1186 Hebraei
3259 1131 3433 1185 exisse
3457 1145 3581 1186 eum
3605 1130 3672 1185 de
3707 1129 3787 1188 Ur

2218 1220 2586 1278 Chan
2618 1221 2771 1294 (Gen.
2795 1237 2904 1288 xu,
2928 1222 2980 1285 ‘l,
3009 1231 3055 1274 et
3085 1236 3174 1285 xv,
3203 1220 3278 1292 7),
3323 1222 3376 1274 id
3422 1229 3537 1285 est,
3565 1221 3633 1274 de
3660 1221 3785 1291 igne

2218 1312 2609 1370 Cbaldmorum.
2631 1314 2733 1380 Qui
2778 1312 2933 1387 [ϐοά.
2971 1313 3295 1386 Vat.,-Quia]
3336 1313 3573 1371 Chaldmi
3610 1315 3787 1386 ignem

2219 1420 2319 1476 pro
2363 1393 2474 1462 Deo
2511 1400 2809 1481 coluerunt.
2857 1404 3075 1460 Solebat
3105 1416 3128 1445 α
3160 1405 3416 1476 magister
3459 1420 3613 1463 meus
3654 1406 3787 1461 mihi

2221 1494 2416 1563 sapius
2444 1494 2662 1549 dicere:
2693 1492 3087 1563 Sapientissimi
3127 1493 3405 1547 hominum
3436 1492 3672 1559 fuerunt,
3695 1494 3787 1564 qui

2226 1584 2323 1639 has
2349 1592 2494 1638 artes
2533 1584 2588 1637 in
2610 1583 2817 1639 naturis
2850 1597 3032 1637 rerum
3066 1583 3405 1638 invenerunt.
3429 1582 3790 1653 Opprobrium

2224 1682 2308 1730 est
2340 1674 2559 1744 grande,
2592 1682 2654 1729 ut
2673 1674 3005 1729 dimittamus
3029 1687 3123 1728 eas
3144 1675 3323 1741 perire
3356 1673 3546 1729 diebus
3572 1670 3790 1730 nostris.

569 1762 725 1854 gi...“
834 1762 1462 1863 Magone-duodecima
1489 1786 1622 1838 hora
1647 1780 1818 1836 noctis
1858 1778 2034 1848 ptem,
2058 1776 2125 1830 Ει
2155 1774 2197 1833 Β
2375 1768 2518 1821 nunc
2544 1762 2957 1863 pusillanimitas
2996 1762 3283 1863 multorum
3327 1777 3433 1817 non
3460 1773 3613 1818 curat
3651 1764 3792 1818 scire

570 1887 913 1943 habesunam
940 1882 1127 1936 horam
1163 1891 1230 1932 ex
1258 1881 1484 1944 quatuor
1513 1870 1745 1941 punctis.
1773 1868 1840 1922 Et
1869 1868 2001 1923 fiunt
2029 1867 2126 1919 ho-

573 1989 693 2029 rum
738 1972 963 2028 duorum
1003 1969 1276 2037 signorum
1305 1964 1421 2018 dies
1460 1960 1734 2028 sexaginta
1762 1962 1820 2011 et
1860 1957 2006 2011 horae
2043 1954 2125 2007 vi-

572 2042 707 2134 ginti
748 2075 873 2115 una.
898 2059 965 2113 Et
994 2058 1157 2111 intrat
1183 2044 1271 2110 sol
1302 2053 1357 2107 in
1404 2048 1754 2121 Sagittarinm
1794 2046 1967 2117 prima
1995 2044 2127 2099 hora

573 2152 695 2209 diei.
730 2151 795 2205 Et
819 2149 963 2205 exiet
1003 2147 1069 2202 de
1107 2142 1395 2215 Sagittario
1422 2140 1628 2198 decima
1655 2139 1788 2193 hora
1818 2134 1921 2192 diei
1948 2134 2124 2204 plena,

575 2250 630 2294 et
652 2240 856 2293 duobus
879 2235 1090 2307 punctis
1121 2232 1339 2289 decim
1362 2232 1529 2287 horae.
1559 2229 1626 2283 Et
1653 2229 1819 2283 intrat
1857 2227 1910 2280 in
1946 2224 2131 2295 Capri-

576 2344 795 2383 cornum
828 2323 988 2381 tertio
1013 2331 1212 2394 puncto
1248 2321 1543 2377 undecima:
1571 2318 1718 2374 hora:
1745 2317 1871 2373 diei.
1902 2316 1970 2371 Et
1993 2317 2133 2370 exiet

578 2420 643 2473 de
683 2414 1173 2487 Capricornohora
1211 2427 1350 2468 nona
1395 2409 1566 2466 noctis
1606 2409 1781 2481 plena.
1825 2406 1892 2463 Et
1935 2407 2134 2462 habent

579 2511 693 2565 hac
718 2508 821 2564 duo
847 2509 998 2578 signa
1026 2506 1139 2561 dies
1163 2504 1439 2575 sexaginta
1464 2510 1519 2557 et
1546 2502 1708 2557 horas
1731 2498 1920 2570 viginti
1948 2511 2130 2551 unam.

580 2597 685 2652 llas
708 2598 841 2652 adde
876 2598 942 2651 ad
969 2594 1329 2664 suprascripta
1365 2592 1534 2658 signa.
1557 2589 1626 2643 Et
1661 2588 1828 2643 habes
1868 2586 1984 2640 dies
2024 2592 2133 2638 tre-

580 2692 763 2741 centos
801 2692 855 2738 et
897 2684 1059 2737 horas
1101 2689 1315 2736 centum
1352 2678 1602 2747 quinque.
1641 2676 1707 2729 Et
1755 2670 1917 2729 intrat
1964 2672 2043 2728 sol
2084 2672 2136 2725 in

580 2771 871 2841 Aquarium
898 2769 1105 2825 decima
1141 2769 1273 2823 hora
1302 2767 1491 2821 noctis.
1533 2765 1599 2818 Et
1626 2764 1769 2819 exiet
1796 2763 1863 2817 de
1901 2760 2136 2829 Aquario

583 2862 712 2917 hora
736 2866 921 2914 octava
947 2858 1052 2913 diei
1075 2864 1130 2911 et
1163 2857 1393 2912 secundo
1424 2846 1620 2924 puncto
1646 2846 1793 2909 ουτω
1821 2858 2041 2906 octavae.
2072 2848 2138 2902 Et

584 2951 747 3015 intrat
786 2951 946 3005 tertio
986 2956 1184 3018 puncto
1221 2954 1421 3002 octavae
1453 2945 1557 3000 diei
1587 2942 1738 3015 [Cod.
1773 2940 1915 3005 Vat.,
1938 2948 2141 2995 octavae

586 3039 729 3094 hom
755 3038 897 3115 diei]:
908 3039 961 3093 in
985 3038 1185 3093 Pisces.
1215 3036 1282 3089 Et
1307 3036 1450 3089 exiet
1472 3034 1537 3087 de
1560 3032 1803 3086 Piscibus
1835 3038 1984 3083 sexta
2009 3029 2139 3081 hora

2226 1854 2460 1909 rationes
2481 1868 2661 1908 rerum
2680 1867 2815 1921 quas
2836 1851 3059 1908 Creator
3081 1851 3319 1908 condidit
3343 1852 3397 1907 in
3425 1853 3651 1907 naturis.
3675 1851 3797 1907 Scis

2223 1943 2423 2011 optime
2467 1956 2627 2011 quam
2669 1940 2838 1996 dulcis
2876 1947 2959 1995 est
3004 1940 3061 1994 in
3100 1941 3398 1995 rationibus
3432 1942 3792 2005 arithmetica,

2225 2046 2385 2101 quam
2428 2031 2733 2087 necessaria
2776 2030 2843 2085 ad
2881 2032 3277 2100 cognoscendas
3307 2031 3613 2101 Scripturas
3657 2033 3794 2087 divi-

2227 2136 2353 2187 nas;
2379 2136 2538 2191 quam
2557 2119 2794 2189 jucunda
2822 2129 2905 2176 est
2928 2121 3159 2191 cognitio
3191 2123 3490 2177 ctelestium
3522 2133 3789 2177 astrorum

2227 2221 2283 2266 et
2307 2226 2499 2266 cursus
2518 2210 2750 2264 illorum.
2778 2208 2846 2262 Et
2872 2217 3053 2264 tamen
3083 2224 3237 2264 rarus
3262 2218 3362 2273 est,
3391 2210 3481 2278 qui
3508 2210 3629 2265 talia
3659 2211 3799 2264 scire

2229 2310 2415 2355 curet:
2440 2307 2497 2352 et
2533 2298 2675 2368 quod
2718 2296 2870 2366 pejus
2910 2305 3024 2361 est,
3066 2297 3466 2366 reprehendunt
3508 2297 3622 2352 haec
3659 2298 3799 2353 scire

2231 2389 2535 2454 studentes;
2565 2397 2621 2443 et
2648 2397 2919 2458 utcunque
2944 2388 3031 2442 illa
3061 2387 3386 2443 naturalium
3432 2404 3610 2453 rerum
3650 2389 3802 2460 igno-

2232 2478 2371 2533 ratio
2418 2477 2753 2548 inculpabilis
2800 2480 3059 2546 potuisset
3103 2477 3207 2531 illis
3253 2492 3389 2541 esse,
3420 2479 3465 2532 si
3508 2478 3703 2533 divinis
3739 2493 3802 2533 so

2233 2568 2377 2637 ipsos
2422 2567 2635 2621 tradere
2678 2566 2970 2620 voluissent
3011 2563 3333 2633 Scriptnris,
3362 2573 3417 2618 et
3452 2565 3697 2620 laborare
3745 2564 3801 2619 in

2236 2655 2339 2709 illis
2373 2655 2425 2709 in
2451 2655 2644 2724 quibus
2670 2655 2791 2709 vitae
2814 2662 3026 2708 ceterum
3052 2654 3285 2723 cognitio
3318 2652 3705 2707 consideratur.
3734 2651 3801 2706 Et

2235 2755 2295 2802 ut
2330 2748 2626 2818 potuissent
2654 2747 2811 2803 [idem
2853 2747 3171 2801 catholicam
3198 2746 3463 2801 veraciter
3492 2741 3799 2804 defendere,

2236 2846 2291 2892 et
2334 2835 2650 2892 ilducialiter
2677 2845 2822 2891 stare
2849 2845 3034 2890 contra
3081 2824 3416 2891 adversarios
3443 2833 3671 2896 Christi,
3709 2846 3805 2901 per

2238 2943 2373 2997 quos
2419 2926 2745 2981 multimodis
2791 2926 2985 2994 diaboli
3033 2928 3226 2981 astutia
3274 2926 3434 2981 ﬁdem
3480 2922 3801 2979 catholicam

2242 3017 2551 3086 impugnare
2577 3015 2772 3069 studet.
2812 3014 2879 3068 Et
2906 3023 3032 3069 sunt
3061 3015 3219 3069 modo
3242 3022 3482 3084 tempora
3510 3012 3574 3067 de
3612 3012 3807 3081 quibus

587 3128 759 3184 noctis
786 3096 958 3196 plena.
986 3126 1053 3180 Et
1087 3126 1169 3179 hae
1208 3131 1332 3179 sunt
1373 3137 1466 3176 sex
1500 3120 1645 3177 hora:
1681 3132 1799 3187 quae
1829 3118 1897 3172 de
1934 3114 2144 3185 punctis
2168 3096 2216 3161 C
2243 3103 2349 3196 95
2386 3104 2574 3196 beatus
2611 3102 2807 3196 Paulus
2821 3102 3074 3196 praedixit
3098 3120 3121 3196 εΔ
3154 3101 3603 3196 Spiritus-autern-
3639 3099 3805 3196 mani—

588 3195 917 3289 singulorum
942 3215 1212 3285 signorum
1241 3218 1569 3267 accrescunt.
1597 3209 1663 3262 Et
1687 3208 1883 3261 habent
1908 3205 2021 3259 haec
2040 3195 2144 3260 duo

588 3309 737 3378 signa
784 3305 1060 3376 sexaginta
1102 3304 1215 3357 dies
1255 3309 1309 3356 et
1348 3298 1531 3369 viginti
1574 3310 1735 3351 unam
1784 3295 1987 3348 horam.
2039 3291 2147 3378 tias

592 3377 725 3451 adde
760 3395 827 3448 ad
855 3392 1245 3462 suprascriptos
1287 3387 1399 3442 dies
1434 3385 1518 3439 vel
1558 3385 1735 3445 horas,
1774 3390 1830 3435 et
1864 3381 1997 3433 iiunt
2032 3377 2147 3431 dies

592 3483 869 3539 duodecim
904 3482 1175 3548 signorum
1198 3476 1321 3541 360,
1358 3484 1412 3530 et
1453 3475 1601 3527 horse
1627 3470 1745 3525 126.
1787 3469 1993 3523 Partire
2025 3482 2149 3522 cen—

595 3584 707 3628 tum
734 3572 920 3642 viginti
948 3572 1109 3626 horas
1132 3583 1229 3638 per
1262 3566 1446 3637 viginti
1477 3572 1724 3635 quatuor,
1755 3570 1809 3617 et
1838 3560 1972 3614 ﬁunt
1995 3559 2151 3627 quin-

579 3665 749 3735 .quies
791 3662 979 3733 viginti
1024 3668 1271 3729 quatuor,
1312 3656 1454 3725 quod
1494 3663 1617 3708 sunt
1653 3652 1887 3721 quinque
1923 3650 2054 3704 dies.
2085 3646 2152 3701 Et

596 3765 755 3811 erunt
796 3755 961 3810 totius
1004 3753 1128 3806 anni
1180 3747 1472 3804 trecenteni
1530 3744 1779 3811 sexageni
1822 3750 1878 3795 et
1918 3742 2155 3809 quinque

599 3846 715 3899 dies
740 3851 795 3896 et
827 3856 921 3895 sex
948 3842 1113 3903 horae,
1143 3838 1267 3906 quia
1294 3843 1451 3888 antea
1479 3832 1631 3903 [Cod.
1667 3827 1810 3895 Vat.,
1835 3843 1968 3897 quas
2008 3827 2156 3897 ante]

600 3932 835 3989 habuisti
876 3929 977 3983 126
1003 3930 1185 3983 horas.
1208 3925 1301 3979 lia:
1338 3938 1430 3978 sex
1457 3923 1604 3975 hora:
1628 3934 1723 3990 per
1746 3917 2156 3987 quadriennium

601 4027 772 4081 ductae
802 4020 1001 4077 iaciunt
1028 4016 1213 4089 viginti
1252 4023 1482 4084 quatuor
1510 4012 1689 4074 horas,
1717 4008 1857 4077 quod
1900 4015 1981 4061 est
2022 4020 2161 4059 unus

603 4116 736 4177 dies,
767 4127 926 4182 quem
952 4110 1125 4179 Latini
1165 4108 1459 4162 bissextum
1501 4109 1711 4157 vocant.
1740 4100 1807 4153 Et
1844 4099 1889 4152 si
1921 4112 2028 4151 non
2068 4096 2161 4150 ad-

606 4207 821 4259 deretur
858 4202 913 4255 in
942 4198 1232 4253 Februario
1258 4204 1452 4265 quarto
1474 4207 1615 4248 anno
1640 4192 1756 4246 haec
1777 4190 1910 4251 dies,
1936 4189 2161 4241 intraret

608 4296 790 4363 itaque
816 4291 893 4346 sol
921 4297 1140 4358 quartas
1167 4287 1399 4341 decimas
1433 4283 1549 4337 Kal.
1574 4278 1787 4349 Aprilis
1828 4277 2000 4345 prima
2027 4277 2161 4329 hora

610 4382 781 4436 noctis
807 4380 860 4441 in
886 4377 1119 4431 Arietem
1145 4393 1158 4427 :
1187 4382 1242 4427 et
1268 4381 1391 4441 post
1409 4377 1621 4426 centum
1641 4366 1828 4436 viginti
1859 4378 2027 4419 annos
2055 4371 2163 4416 tar-

611 4472 751 4524 ditas
772 4468 920 4531 solis,
945 4467 1069 4522 dum
1095 4463 1329 4517 Arietem
1369 4460 1569 4514 intrare
1596 4457 1885 4519 debuisset,
1913 4454 2167 4507 intrasset

613 4560 791 4629 itaque
816 4559 871 4611 in
894 4557 1156 4622 Taurum;
1186 4568 1253 4608 ne
1280 4550 1392 4608 dies
1417 4551 1633 4619 triginta
1658 4549 1713 4603 in
1744 4554 1958 4603 centum
1978 4544 2166 4617 viginti

614 4648 768 4704 annis
786 4644 1086 4700 bissextiles
1112 4647 1429 4711 augerentur
1450 4654 1611 4693 cursu
1636 4638 1795 4691 illius.
2076 4636 2085 4651 '

687 4736 815 4811 [lite
858 4741 913 4789 et
956 4731 1256 4801 huiusmodi
1305 4729 1537 4783 rationes
1576 4736 1685 4781 tam
1724 4743 1915 4783 suaves
1948 4736 2070 4783 sunt
2114 4729 2171 4781 in

616 4822 1039 4883 consideratione
1082 4818 1392 4883 scientibus,
1428 4824 1487 4871 ut
1527 4824 1733 4871 caetera:
1760 4824 1904 4870 artes
1930 4816 2169 4885 philoso-

620 4918 757 4987 phiae
794 4913 965 4971 solent
993 4924 1113 4966 esse
1148 4903 1370 4963 discenti
1397 4916 1451 4961 et
1478 4905 1786 4975 intelligenti
1820 4903 1936 4976 eas]
1958 4904 2007 4956 δ.
2041 4902 2173 4958 Nam

619 5004 917 5075 philosophi
942 5017 1048 5057 non
1072 4999 1285 5053 fuerunt
1306 4996 1605 5053 conditores
1628 4996 1814 5052 harum
1841 4990 2056 5058 artium,
2082 4993 2177 5048 sed

626 5095 948 5147 inventores.
986 5090 1122 5143 Nam
1168 5085 1397 5141 Creatori
1431 5084 1667 5141 omnium
1720 5097 1899 5136 rerum
1943 5082 2181 5136 condidit

626 5197 719 5237 eas
745 5182 803 5235 in
826 5188 1046 5235 naturas
1066 5181 1202 5234 sicut
1231 5176 1416 5231 voluit.
1440 5173 1516 5227 illi
1545 5161 1687 5237 vero,
1713 5173 1804 5242 qui
1830 5173 2177 5240 sapientiores

698 5382 726 5411 ι
761 5368 924 5425 Uncis
953 5367 1199 5423 conclusa
1226 5365 1343 5420 cod.
1374 5366 1491 5419 Vat.
1517 5366 1730 5416 omittit.

700 5438 732 5479 δ
754 5438 830 5492 Ita
854 5454 978 5494 vera
1003 5436 1156 5490 lectio
1186 5434 1482 5488 restituitur
1505 5446 1568 5485 ex
1602 5431 1718 5485 cod.
1749 5431 2021 5485 Vaticano.
2050 5431 2180 5485 Cor-

630 5516 787 5586 rupta
824 5507 963 5586 enim
1006 5505 1141 5586 apud
1179 5502 1565 5568 Quercetanum
1609 5498 1733 5586 talis
1776 5510 1930 5586 erat‘:
2130 5500 2184 5551 in

633 5568 929 5645 tm3usmodi
953 5568 1175 5627 rationes
1196 5583 1299 5623 tam
1324 5578 1642 5645 macescunt,
1665 5577 1713 5645 et
1732 5568 2075 5645 consideratio
2097 5584 2183 5645 ne-

636 5635 928 5705 scientibus,
956 5653 1009 5703 ut
1039 5650 1236 5700 cetera
1268 5646 1403 5692 artes
1429 5635 1760 5715 philosophia:
1791 5636 1952 5691 solent
1975 5652 2081 5690 esse
2106 5636 2185 5697 di:

2198 3248 2216 3253 ,,
2245 3195 2369 3262 [este
2415 3193 2560 3257 dicit,
2587 3193 2711 3261 quia
2758 3193 2815 3245 in
2861 3188 3149 3245 novissimis
3195 3190 3507 3261 temporibus
3549 3188 3807 3242 discedent

2243 3281 2454 3351 quidam
2483 3297 2515 3332 a
2554 3279 2688 3348 ﬁde,
2729 3279 3049 3333 attendentes
3093 3280 3358 3349 spiritibus
3398 3277 3589 3331 erroris
3630 3286 3678 3329 et
3717 3275 3810 3328 do—

2245 3371 2423 3423 ctrinis
2444 3370 2841 3433 dmoniorum,
2862 3370 2918 3422 in
2934 3370 3196 3439 hypocrisi
3217 3368 3477 3439 loquentes
3496 3365 3647 3437 [ραι.
3668 3365 3810 3426 ναι..

2246 3461 2435 3513 erroris
2479 3460 2850 3513 dmoniorum
2888 3461 2944 3512 in
2988 3458 3246 3528 hypocrisi
3289 3458 3637 3527 loquentium,
3678 3454 3810 3524 ctu]

2247 3549 2571 3602 mendacium
2596 3588 2611 3612 ,
2638 3548 2877 3600 habentes
2906 3546 3245 3600 cauteriatam
3274 3561 3423 3619 suum
3449 3542 3816 3597 conscientiam

2251 3636 2298 3707 (Ι
2332 3637 2461 3689 Tim.
2492 3652 2563 3700 Iv,
2594 3638 2648 3701 1,
3332 3624 3337 3631 ”
3724 3640 3725 3643 ‘

2323 3754 2379 3807 Si
2411 3755 2489 3807 vis
2508 3754 2645 3807 scire
2666 3753 2928 3822 quomodo
2948 3745 3258 3807 accreScant
3276 3752 3496 3822 singulis
3517 3752 3671 3805 annis
3693 3747 3812 3821 μ’..

2255 3840 2405 3911 anni]
2452 3840 2723 3894 mensibus
2766 3839 2957 3893 solaris
2999 3854 3187 3893 cursus
3222 3837 3406 3892 decem
3447 3838 3608 3891 semis
3650 3837 3818 3899 horae.

2256 3930 2547 4000 multiplica
2573 3929 2755 3985 decem
2782 3945 2877 3999 per
2902 3930 3104 3993 decem,
3146 3929 3533 3992 tiuntcentum,
3562 3927 3686 3997 quia
3714 3942 3822 3980 una

2256 4022 2387 4076 hora
2412 4021 2594 4076 decem
2622 4020 2787 4074 habet
2807 4020 3012 4095 minuta
3044 4018 3244 4090 (decies
3270 4032 3397 4071 vero
3424 4016 3490 4070 i0
3515 4014 3822 4085 minutafa-

2257 4111 2405 4166 ciunt
2453 4113 2667 4163 centum
2712 4108 2937 4162 minuta.
2986 4110 3061 4162 Da
3092 4109 3379 4179 unicuique
3419 4108 3507 4160 die
3545 4106 3647 4160 140
3675 4104 3778 4177 [Ρ.
3807 4146 3822 4167 ,

2259 4201 2324 4254 de
2356 4198 2456 4269 30]
2488 4198 2703 4261 diebus,
2733 4198 2834 4251 tria
2876 4198 3111 4262 minuta,
3142 4197 3273 4252 ﬂant
3298 4194 3367 4250 90
3394 4194 3622 4267 minuta)
3653 4203 3707 4249 et
3736 4208 3820 4248 rc-

2261 4296 2479 4341 manent
2514 4287 2698 4341 decem
2744 4285 2969 4339 minuta.
3007 4285 3101 4340 His
3138 4286 3273 4340 adde
3313 4284 3548 4353 quinque
3588 4285 3824 4346 minuta,

2262 4396 2381 4450 qua:
2423 4382 2554 4433 liunt
2596 4394 2663 4433 ex
2701 4377 2923 4434 dimidia
2950 4379 3118 4433 hora:
3160 4387 3213 4432 et
3238 4385 3362 4433 sunt
3388 4378 3691 4446 quindecim
3722 4377 3822 4431 mi-

2268 4476 2415 4524 nuta.
2464 4466 2599 4521 Haec:
2615 4467 2813 4535 partire
2842 4480 2938 4537 per
2964 4467 3201 4535 triginta,
3233 4458 3435 4521 faciunt
3470 4466 3657 4520 tricies
3673 4464 3827 4519 dimi-

2271 4553 2415 4619 dium
2458 4561 2723 4615 minutum
2769 4562 3073 4630 quindecim
3126 4561 3365 4614 minuta:
3416 4559 3482 4612 et‘
3515 4566 3829 4614 accrescunt

2273 4651 2508 4720 quotidie
2528 4651 2582 4704 in
2604 4650 2824 4719 triginta
2844 4650 3030 4703 diebus
3049 4649 3153 4701 tria
3172 4648 3373 4702 minuta
3396 4656 3450 4703 et
3473 4647 3690 4703 dimidia
3708 4663 3830 4717 pars

2275 4739 2430 4791 unius
2457 4737 2667 4791 minuti.
2711 4736 2779 4789 Et
2815 4735 2859 4789 si
2899 4736 3038 4789 scire
3065 4734 3427 4805 vis'quantum
3456 4736 3691 4805 quotidie
3719 4740 3833 4790 cre-

2276 4832 2389 4879 scat
2431 4825 2499 4881 ad
2540 4826 2868 4887 bissextum,
2896 4826 3096 4893 partire
3140 4826 3373 4893 quinque
3407 4826 3621 4893 minuta,
3641 4826 3696 4879 in
3737 4827 3833 4880 tri-

2272 4912 2437 4983 ginta,
2466 4914 2598 4967 liunt
2630 4914 2803 4967 sexies
2837 4915 3089 4982 quinque.
3124 4913 3284 4967 Sexta
3310 4929 3436 4981 pars
3464 4915 3621 4967 unius
3642 4913 3832 4967 minuti

2277 5003 2533 5056 accrescit
2556 5000 2810 5069 quotidie,
2838 5008 2897 5053 ut
2922 5001 3139 5054 dimidia
3186 5001 3317 5054 hora
3345 5000 3437 5053 ﬁat
3462 5014 3577 5067 per'
3597 5014 3833 5054 mensem

2277 5110 2458 5147 unum.
2487 5094 2633 5146 Hanc
2658 5092 2931 5145 dimidiam
2960 5093 3148 5146 horam
3173 5093 3273 5146 duc
3300 5091 3582 5145 duodecies
3615 5099 3669 5145 et
3704 5076 3835 5153 ﬁunt

2278 5197 2369 5235 sex
2401 5182 2565 5235 hanc.
2599 5180 2707 5234 Has
2734 5180 3025 5248 multiplica
3051 5182 3102 5235 in
3132 5190 3396 5249 quatuor;
3421 5188 3613 5247 quater
3637 5162 3729 5236 sex
3761 5180 3837 5234 ia-

2280 5372 2450 5440 scenti
2473 5381 2518 5423 et
2555 5371 2932 5440 intelligentias.

2355 5450 2376 5477 ο
2400 5438 2644 5510 Magister
2671 5432 2833 5493 meus.
2856 5441 3135 5510 Egbertus,
3161 5456 3226 5492 an
3246 5432 3520 5510 :Elbcrtus
3536 5440 3837 5507 larehicpi-

2284 5521 2475 5577 scopas
2521 5508 3061 5577 ιιῖῒιςιιιειοεπιεὶο,Ὗῖἰιίἶ
3094 5510 3248 5577 epist.
3292 5509 3359 5562 ad
3403 5509 3764 5571 Eanbaldum,
3789 5514 3843 5559 et

2288 5576 2555 5630 Mahnes‘i.
2593 5576 2683 5630 lib.
2724 5579 2739 5629 i
2772 5578 2833 5629 de
2860 5576 3005 5632 Gcst.
3040 5576 3190 5647 Reg,
3222 5594 3337 5648 cap.
3370 5580 3420 5632 '5.
3490 5582 3493 5583 ⁷
