4238 6190
434 359 514 434 τε
1817 375 2190 436 ηιςτοιε.

3497 376 3602 433 27b

393 495 541 549 ciunt
581 491 769 560 viginti
819 454 1078 558 quatuor,
1132 488 1262 561 quot
1294 498 1418 545 sunt
1465 493 1612 546 hora
1659 493 1816 546 unius
1855 478 1958 543 diei
1988 492 2037 549 Α
2063 498 2196 551 ctus,
2226 491 2405 556 cujus,
2451 500 2666 561 propter
2693 491 3070 551 curiositatem,
3101 505 3220 542 cum
3247 471 3443 557 paucas
3463 491 3604 559 pagi-

394 577 612 649 [Sstppls
636 576 769 650 qui].
799 578 901 632 Per
925 579 1332 650 quadriennium
1359 581 1633 643 accrescit,
1661 588 1722 636 ut
1747 580 1953 634 bissex-

394 676 479 721 tus
513 665 627 720 ﬁeri
666 668 853 736 possit.
905 667 971 722 Et
1006 666 1139 721 ﬁunt
1167 668 1222 722 in
1262 677 1453 738 quarto
1498 673 1639 724 anno
1677 668 1781 724 368
1817 670 1948 724 dies.

391 756 493 823 Qui
523 757 766 811 senarius
795 772 1049 811 numerus
1073 757 1299 811 multum
1324 759 1468 812 valet
1501 759 1553 811 in
1584 758 1782 812 circulo
1805 759 1948 811 anni.

391 845 524 900 Nam
543 846 647 901 360
673 845 807 900 ﬁunt
847 846 970 917 [Ρη
1005 847 1138 900 ﬁunt
1164 846 1254 918 ex]
1287 848 1462 901 sexies
1506 849 1804 918 sexaginta.
1851 847 1950 912 Qui

389 935 790 1004 sexagenarius,
820 936 862 989 si
883 951 980 1004 per
1003 937 1278 990 denarium
1301 937 1551 1006 partitur,
1576 939 1814 992 invenies
1835 953 1952 992 sex-

390 1025 696 1094 agenarium
741 1041 1019 1079 numerum
1046 1042 1143 1096 per
1171 1027 1451 1081 denarium
1481 1043 1600 1082 esse
1634 1028 1946 1097 perfectum,

389 1114 527 1169 sicut
553 1114 796 1168 senarius
819 1130 916 1183 per
939 1116 1219 1170 unitatem.
1249 1117 1383 1171 Nam
1408 1133 1591 1184 unum,
1618 1118 1722 1172 duo
1744 1127 1797 1172 et
1822 1127 1946 1182 tres,

389 1216 484 1257 sc:
532 1200 751 1255 faciunt.
793 1202 858 1256 Et
899 1210 983 1256 est
1021 1203 1292 1270 perfectus
1334 1220 1588 1260 numerus
1621 1207 1673 1260 in
1709 1207 1952 1274 partibus

389 1291 519 1344 suis.
555 1291 632 1368 ita
657 1293 1035 1360 sexagenarius
1057 1295 1343 1362 quamdam
1366 1294 1746 1364 perfectionem
1770 1298 1948 1362 habet,

388 1381 432 1434 ei
463 1381 691 1452 partitur
713 1396 810 1451 per
838 1381 1124 1442 denarium,
1150 1395 1451 1437 numerum.
1497 1384 1628 1439 Nam
1661 1385 1823 1440 semel
1861 1387 1950 1440 de-

387 1479 593 1533 cem,ct
620 1469 704 1526 bis
731 1472 931 1536 decem,
950 1479 1004 1525 et
1026 1481 1108 1526 ter
1131 1471 1337 1537 decem,
1353 1475 1624 1544 sexaginta
1651 1482 1791 1528 sunt.
1816 1474 1947 1528 Nam

386 1567 646 1633 quantum
670 1561 811 1614 valet
839 1561 892 1614 in
918 1562 1093 1635 primo
1119 1577 1277 1616 versu
1306 1555 1650 1617 numerorum
1687 1565 1948 1627 senarius,

386 1659 445 1703 ut
473 1651 814 1718 perveniatur
847 1652 914 1706 ad
944 1651 1158 1715 decem,
1199 1660 1407 1706 tantum
1443 1653 1582 1707 valet
1621 1653 1675 1707 in
1720 1654 1950 1708 secundo

387 1754 552 1796 versu.
567 1755 913 1799 numerorum
941 1742 1351 1811 sexagenarius,
1398 1750 1455 1795 ut
1495 1743 1838 1810 perveniatur
1881 1744 1947 1796 ad

2053 577 2201 632 nolas
2247 578 2468 647 legendo
2511 581 2815 648 percucurri
2839 620 2854 644 ,
2894 579 3069 644 inveni
3109 575 3316 646 pejores
3355 577 3602 640 haereses,

2051 667 2134 720 vel
2161 665 2331 738 magis
2366 669 2742 737 blasphemias,
2785 683 2947 737 quam
2989 675 3113 722 ante
3158 668 3209 720 in
3238 666 3356 736 ejus
3395 668 3610 736 scriptis

2050 755 2300 824 legerem.
2340 757 2600 812 Asserens
2636 757 2906 812 Christum
2949 755 3132 817 Iesum
3173 751 3273 811 nec
3313 755 3476 810 ﬁlium
3513 756 3610 812 Dei

2049 861 2169 900 esse
2193 863 2398 911 verum,
2434 865 2535 904 nec
2574 850 2733 903 etiam
2770 864 2954 902 verum
2985 849 3153 902 Deum
3182 863 3318 913 esse,
3347 849 3441 902 sed
3474 864 3610 904 nun—

2050 934 2370 1002 cupativum.
2410 935 2522 991 Non
2551 936 2829 990 intendens
2865 935 2990 1003 quid
3018 935 3334 1004 pradicator
3364 936 3608 1006 egregius

2051 1021 2116 1074 de
2131 1022 2731 1093 divinitate96Christt
2750 1025 2852 1077 ait:
2875 1024 3111 1089 Quorum
3128 1033 3324 1094 patres,
3342 1041 3406 1079 ea:
3424 1024 3607 1094 quibus

2052 1107 2305 1174 Christus,
2339 1110 2426 1178 qui
2451 1120 2525 1162 est
2553 1127 2708 1179 super
2745 1114 2923 1166 omnia
2946 1112 3086 1165 Deus
3108 1113 3404 1167 benedictus
3438 1113 3493 1166 in
3516 1129 3612 1167 st:-

2051 1198 2169 1252 eula
2194 1200 2372 1269 (Rom.
2400 1217 2474 1265 Ix,
2506 1200 2580 1271 5).
2611 1201 2677 1253 Et
2697 1215 2854 1269 spero
2879 1201 3030 1270 plura
3071 1202 3144 1256 ibi
3184 1201 3409 1257 inveniri
3434 1217 3607 1272 posse,

2050 1304 2168 1356 quae
2221 1289 2342 1344 ﬁdei
2395 1289 2671 1345 catholicae
2715 1290 2982 1344 adversari
3031 1290 3329 1344 videantur.
3381 1289 3437 1345 Si
3481 1289 3610 1345 nihil

2051 1379 2192 1432 aliud
2223 1379 2524 1434 inveniatur
2547 1388 2729 1434 contra
2756 1379 2912 1433 ﬁdem
2943 1378 3276 1442 catholicam,
3315 1380 3416 1434 hoc
3437 1379 3609 1434 solum

2051 1468 2242 1523 suﬁicit
2267 1471 2367 1524 sibi
2397 1471 2464 1523 ad
2490 1470 2841 1538 perditionem
2877 1471 2980 1524 sui.
3021 1471 3113 1526 Va:
3136 1470 3334 1525 mundo
3361 1472 3427 1524 ab
3457 1486 3609 1525 scan-

2051 1559 2184 1613 dalis
2210 1559 2420 1630 (Matth.
2459 1574 2610 1622 xvm,
2645 1556 2738 1628 7)!
2780 1559 2954 1612 Ecce!
2997 1561 3086 1627 qui
3115 1560 3366 1614 adoratur
3404 1561 3473 1614 ab
3515 1575 3609 1612 an-

2052 1650 2184 1718 gelis
2210 1650 2264 1703 in
2293 1649 2471 1715 ctelis,
2517 1658 2741 1719 negatur
2761 1650 2815 1703 in
2841 1650 2998 1704 terris
3026 1651 3093 1704 ab
3128 1651 3433 1707 hominibus
3453 1666 3612 1706 verus

2053 1753 2171 1792 esse
2191 1739 2350 1792 Deus.
2375 1737 2542 1807 Hujus
2560 1753 2689 1793 vero
2715 1738 2859 1794 libri.
2881 1739 2964 1793 vel
2983 1739 3150 1808 magis
3177 1740 3374 1794 erroris
3393 1755 3611 1810 respon-

385 1835 619 1887 eeutum.
673 1827 918 1898 Quinque
966 1847 1095 1885 vero
1152 1832 1265 1894 dies
1294 1873 1309 1895 ,
1369 1833 1459 1901 qui
1513 1841 1800 1902 supersunt
1853 1834 1947 1886 tri-
1983 1818 2030 1886 Β
2055 1829 2134 1882 sio
2159 1829 2322 1882 multa
2349 1828 2619 1898 diligentia
2647 1834 2702 1883 et
2724 1827 3316 1897 pluribus-adiutoribus
3335 1835 3417 1881 est
3436 1828 3609 1883 consi-

386 1919 625 1973 centenis
649 1919 928 1990 sexagenis
963 1919 1152 1974 diebus
1194 1921 1248 1975 in
1294 1921 1512 1991 singulis
1550 1923 1837 1987 mensibus,
1869 1931 1952 1977 est

385 2017 538 2062 sexta
564 2022 692 2080 pars
714 2007 915 2064 mensis
939 2009 1374 2082 uniuscujusque.
1405 2011 1509 2066 Sex
1533 2028 1665 2067 vero
1688 2015 1947 2078 lroraz,,ex

386 2097 580 2174 quibus
602 2107 794 2168 quarto
823 2114 964 2153 anno
993 2107 1143 2154 sexta
1177 2100 1290 2154 dies
1311 2099 1810 2166 accrescit,habent
1831 2118 1951 2172 per-

387 2185 673 2244 fectionem
699 2202 850 2242 suam
891 2187 945 2241 in
975 2189 1262 2257 partitione
1288 2183 1487 2244 senarii
1528 2191 1768 2256 numeri,
1815 2193 1952 2246 sicut

386 2275 544 2344 paulo
567 2285 692 2330 ante
714 2277 924 2351 prmfati
949 2294 1153 2333 sumus.
1188 2279 1255 2333 Et
1289 2279 1428 2335 sicut
1455 2280 1680 2336 Creator
1711 2283 1952 2352 :equissi-

387 2376 507 2415 mus
548 2362 602 2415 in
644 2379 737 2418 sex
787 2363 976 2420 diebus
1004 2364 1130 2420 fecit
1172 2368 1348 2422 omnia
1390 2384 1551 2438 opera
1594 2370 1953 2438 primordialis

387 2453 589 2516 mundi,
627 2461 686 2507 ut
711 2453 1104 2523 signiﬁcaretur
1131 2448 1191 2511 in
1212 2455 1539 2526 perfectione
1561 2459 1768 2513 numeri
1798 2475 1952 2515 sena-

387 2542 474 2605 rii,
512 2541 691 2596 omnia
734 2541 788 2595 in
832 2544 1038 2597 naturis
1066 2545 1178 2599 suis
1222 2544 1412 2601 fecisse
1440 2563 1561 2602 eum
1589 2547 1844 2617 perfecta.
1886 2548 1954 2602 Et

388 2634 473 2687 ille
500 2633 612 2702 ipse
649 2632 873 2688 Creator
913 2649 1155 2703 magnus,
1187 2637 1537 2703 admirabilis,
1564 2637 1835 2707 perfectus
1871 2645 1954 2692 est

387 2725 440 2776 in
484 2733 677 2777 natura
721 2738 856 2778 sua:
897 2723 982 2777 cui
1023 2724 1342 2792 complacuit
1371 2723 1525 2796 [ϐοάλ
1563 2724 1700 2788 ναι,
1730 2727 1948 2797 placuit]

383 2811 563 2896 omnia
591 2813 645 2866 in
673 2813 870 2866 senarii
895 2813 1104 2868 numeri
1131 2812 1458 2882 perfectione
1495 2812 1770 2883 perﬁcere.
1801 2809 1950 2869 Unde

385 2913 439 2956 et
463 2910 613 2957 sexta
652 2904 737 2957 die
769 2913 984 2958 creatus
1025 2913 1110 2958 est
1151 2905 1338 2968 homo,
1366 2904 1634 2980 perfectus
1678 2904 1852 2958 anima
1897 2912 1950 2958 et

384 3008 608 3063 corpore
637 3011 649 3046 :
679 3001 899 3064 propter
936 3009 1100 3064 quem
1130 2995 1307 3048 omnia
1334 3004 1514 3049 creata
1543 3003 1686 3060 sunt,
1714 3011 1834 3064 qua:
1855 3009 1949 3050 sex

2055 1919 2306 1972 deranda.
2352 1918 2464 1987 Ego
2498 1917 2788 1972 solus.non
2833 1917 3040 1974 sufﬁcio
3082 1918 3148 1972 ad
3189 1915 3606 1986 responsionem.

2052 2005 2347 2060 [saevi-deat
2370 2020 2498 2060 vero
2519 2013 2621 2060 .tua
2655 2013 2838 2060 sancta
2866 2006 3037 2077 pietas
3064 2006 3362 2079 huicoperi
3387 2017 3498 2062 tam
3527 2023 3605 2062 ar-

2053 2093 2157 2146 duo
2189 2081 2244 2146 et
2276 2093 2576 2148 necessario
2612 2091 2886 2162 adjutores
2914 2093 3164 2159 idoneos,
3194 2105 3456 2164 quatenus
3498 2098 3620 2154 haec

2051 2183 2212 2252 impia
2259 2184 2482 2238 heresis
2518 2184 2839 2252 omnimodis
2882 2185 3286 2254 exstinguatur,
3325 2195 3610 2257 antequam

2051 2275 2211 2329 latius
2237 2282 2521 2344 spargatur
2559 2291 2654 2345 per
2677 2275 2861 2330 orbem
2901 2273 3190 2339 Christiani
3213 2274 3437 2346 imperii,
3470 2279 3610 2346 quod

2051 2362 2228 2420 divina
2254 2364 2426 2433 pietas
2465 2364 2561 2419 tibi
2605 2365 2816 2435 tuisque
2857 2363 2980 2419 ﬁliis
3015 2365 3281 2420 commisit
3322 2365 3611 2436 regendum

2054 2461 2211 2522 atque
2237 2455 2656 2524 gubernandum.
2688 2453 2858 2524 Surge
2886 2453 2969 2509 vir
3011 2469 3040 2508 a
3077 2455 3187 2510 Deo
3215 2455 3409 2520 electe,
3455 2470 3608 2525 surge

2055 2543 2127 2596 ﬁli
2157 2544 2269 2608 Dei,
2297 2558 2453 2613 surge
2482 2543 2636 2603 miles
2659 2543 2880 2610 Christi,
2910 2551 2966 2601 et
2991 2542 3211 2600 defende
3231 2559 3479 2614 sponsam
3510 2543 3615 2599 Do-

2053 2631 2182 2686 mini
2205 2633 2298 2686 Dei
2329 2633 2425 2686 tui.
2457 2632 2643 2702 Cogita
2673 2633 2738 2687 de
2779 2648 2969 2703 sponsa
3011 2641 3120 2699 tua,
3151 2633 3194 2688 si
3223 2633 3348 2703 quis
3373 2647 3491 2688 eam
3519 2648 3617 2687 ex-

2052 2723 2316 2777 honorare
2346 2723 2486 2787 velit,
2514 2739 2675 2793 quam
2699 2724 2964 2793 patienter
2987 2733 3108 2779 tuus
3140 2725 3242 2783 hoc
3270 2721 3488 2778 suﬁ'erat
3511 2723 3610 2778 ini-

2051 2814 2242 2868 micus.
2272 2813 2562 2868 Considera
2592 2829 2804 2885 quoque
2844 2815 2986 2883 quod
3023 2813 3219 2882 injuria
3247 2814 3342 2869 ﬁlii
3370 2814 3448 2868 tui
3474 2815 3530 2868 in
3555 2823 3610 2878 te

2051 2903 2324 2972 perveniet
2348 2920 2362 2968 ;
2401 2904 2667 2973 quomodo
2691 2919 2795 2958 non
2831 2903 2997 2958 multo
3030 2899 3200 2974 magis
3219 2902 3416 2970 injuria
3442 2910 3497 2957 et
3519 2919 3614 2973 op-

2053 2994 2324 3064 probrium
2349 2993 2468 3048 Filii
2497 2994 2590 3048 Dei
2614 2992 3032 3057 Salvatoristui,
3051 2992 3369 3064 protectoris
3385 2993 3486 3058 tui,
3507 2993 3601 3047 lar-

384 3081 572 3137 diebus
597 3079 807 3136 condita
830 3096 949 3135 esse
982 3076 1249 3150 leguntur.
1278 3080 1428 3135 Unde
1452 3089 1507 3134 et
1536 3082 1647 3149 ipse
1669 3081 1829 3144 Deus,
1855 3082 1950 3135 Dei
1983 3144 2023 3157 _
2055 3086 2242 3157 gitoris
2276 3086 2513 3142 omnium
2534 3086 2794 3140 bonorum
2818 3084 2948 3139 totis
2968 3083 3509 3148 viribus.vindicanda
3530 3093 3614 3146 est

386 3173 570 3238 Filius,
599 3174 694 3246 qui
717 3182 800 3230 est
817 3173 990 3227 virtus
1020 3144 1074 3227 e't
1108 3172 1365 3242 sapientia
1391 3171 1485 3224 Dei
1519 3144 1586 3241 (f
1607 3170 1727 3225 Cor.
1754 3187 1792 3236 ι,
1821 3171 1942 3244 24),
1976 3144 2024 3208 c
2055 3144 2153 3230 tibi
2173 3178 2201 3228 ἲ
2223 3176 2316 3230 Sta
2345 3175 2568 3256 viriliter
2589 3191 2688 3247 pro
2712 3190 2794 3239 ea,
2823 3190 2982 3246 quam
3025 3175 3278 3245 accepisti
3293 3144 3496 3234 rat-Deo
3522 3144 3616 3237 tuo
3637 3185 3653 3198 '

384 3272 534 3317 sexta
565 3273 721 3320 aetate
745 3264 932 3319 mundi
959 3265 1105 3319 venit
1135 3265 1188 3318 in
1237 3263 1492 3318 mundum
1521 3262 1730 3317 salvare
1770 3263 1948 3319 homi-

386 3366 529 3420 nem,
556 3369 715 3422 quem
742 3364 892 3408 sexta
922 3355 1006 3408 die
1034 3355 1253 3409 creavit.
1294 3354 1370 3408 Ita
1398 3354 1644 3408 senarius
1674 3369 1948 3420 numerus,

383 3451 439 3498 ct
484 3443 537 3496 in
585 3443 892 3499 conditione
935 3443 1356 3513 primordialium
1404 3451 1770 3498 creaturamm
1810 3454 1863 3498 et
1897 3445 1949 3497 iu

384 3531 722 3587 successione
766 3531 1080 3587 saeculorum
1099 3572 1113 3596 ,
1145 3547 1262 3601 quae
1292 3547 1385 3586 sex
1425 3533 1671 3586 aetatibus
1699 3549 1947 3588 cucurre—

385 3631 531 3689 runt,
560 3631 616 3677 et
640 3623 779 3692 quod
808 3632 958 3677 sexta
984 3630 1140 3678 aetate
1168 3623 1311 3676 venit
1338 3621 1516 3676 Filius
1535 3623 1626 3676 Dei
1657 3623 1946 3678 humanum

385 3728 554 3785 genus
596 3729 848 3784 reparare
882 3715 947 3769 ad
979 3714 1257 3784 pristinam
1287 3712 1594 3782 dignitatem
1631 3713 1948 3767 conditionis

384 3819 512 3867 suae,
541 3804 766 3858 multum
796 3804 951 3857 valet.

453 3891 610 3946 Tales
639 3893 902 3958 rationes,
951 3909 984 3948 ο
1013 3894 1356 3948 dilectissime
1387 3894 1461 3967 [et
1489 3893 1814 3966 dulcissime]
1843 3895 1948 3949 Da-

385 3981 490 4044 vid,
522 3981 676 4034 vobis
706 3982 836 4034 mihi
864 3983 1158 4036 scribenda:
1185 3992 1327 4047 sunt,
1360 4000 1465 4037 non
1497 3985 1712 4038 rusticis
1733 3985 1951 4052 quibus-

384 4072 532 4138 libet,
558 4071 610 4124 in
637 4071 831 4138 quibus
860 4071 1172 4139 sapientiam
1209 4081 1352 4125 tuam
1378 4073 1640 4126 eruditam
1674 4087 1792 4125 esse
1815 4072 1945 4132 scio,

381 4169 434 4214 et
483 4175 604 4230 qua:
640 4159 734 4214 tibi
779 4160 992 4229 placere
1037 4161 1254 4214 omnino
1301 4175 1570 4231 agnosco:
1623 4169 1682 4214 ut
1723 4160 1950 4228 gaudeat

383 4265 534 4305 mens
569 4257 660 4309 tua
706 4249 758 4303 in
803 4250 1101 4304 rationibus
1130 4263 1344 4315 rerum,
1386 4252 1525 4306 sicut
1568 4267 1684 4305 mea
1727 4249 1948 4304 multum

381 4340 576 4406 gaudet
597 4339 702 4393 tibi
719 4340 912 4408 saepius
931 4341 1057 4392 talia
1081 4340 1330 4409 dirigere.
1358 4339 1673 4395 Benedictus
1694 4327 1950 4395 Dominus

2054 3268 2337 3335 regendam
2365 3275 2419 3320 et
2444 3257 2885 3331 conservandam,
2914 3273 3171 3333 quatenus
3192 3264 3426 3335 potentia
3457 3280 3614 3328 sucu,

2051 3355 2179 3409 laris
2205 3354 2300 3409 tibi
2323 3353 2568 3423 proﬁciat
2588 3352 2641 3407 in
2670 3353 2924 3422 spiritalis
2950 3353 3132 3422 gloriae
3161 3353 3388 3409 divitias.
3407 3411 3419 3419 ,

2480 3475 2501 3501 ε
2534 3457 2857 3518 EPISTOLA
2897 3461 3176 3517 LXXXIV.

2560 3569 2626 3607 AD
2653 3558 2876 3608 bonum
2915 3569 3106 3611 asses.
3125 3610 3132 3616 _

2661 3621 2836 3732 (Anno
2863 3645 3026 3713 798.)-
3145 3706 3150 3710 _

2051 3733 2297 3818 ερίξεοιςτ
2333 3732 2510 3818 δεινοίί
2557 3729 3056 3818 Ventrem"?!
3088 3733 3152 3818 τῆς
3191 3735 3608 3818 emineat"

2118 3803 2318 3868 ciendo,
2359 3802 2425 3855 de
2448 3799 2769 3870 apparitione
2799 3799 2960 3854 ante
2989 3799 3195 3864 Martis,
3222 3801 3285 3856 de
3310 3801 3482 3857 libello
3511 3799 3612 3858 Fe-

2119 3873 2231 3926 licis
2268 3869 2566 3941 refutando,
2593 3869 2656 3922 de
2689 3871 3110 3941 quwstionibgsa
3135 3871 3248 3939 ﬁlia
3285 3871 3382 3926 sibi
3421 3874 3603 3935 motis,

2119 3942 2183 3997 de
2197 3939 2645 4012 supputationibus
2663 3939 2943 3994 secundum
2959 3939 3232 4012 ngyptios
3251 3941 3604 3995 emendandis.

2122 4052 2345 4107 Domino
2369 4053 2678 4113 dulcissimo
2697 4060 2751 4106 et
2774 4068 2900 4106 vero
2921 4053 3266 4110 dilectissimo
3288 4054 3475 4120 David,
3499 4072 3608 4110 ma-

2050 4140 2242 4209 gniﬁco
2268 4149 2426 4209 atque
2450 4155 2482 4198 a
2510 4141 2619 4196 Deo
2647 4151 2902 4196 coronato
2933 4143 3042 4212 regi
3081 4143 3304 4223 Flaccus
3328 4155 3609 4202 veteranus

2051 4230 2201 4286 miles
2221 4239 2528 4301 perpetuam
2558 4231 2802 4286 salutem.
3151 4264 3167 4284 -.

2122 4304 2415 4377 iustissima
2445 4320 2575 4374 mihi
2603 4319 2900 4396 litterarum
2931 4330 3228 4378 vestrarum
3256 4322 3493 4378 chartula
3518 4339 3609 4378 oc-

381 4428 523 4480 Deus
547 4416 608 4478 nl
623 4426 778 4480 donis
799 4428 927 4490 suis,
963 4429 1052 4495 qui
1089 4429 1196 4482 tibi.
1211 4429 1562 4483 clarissimam
1593 4429 1785 4483 divinae
1815 4428 1946 4498 legis
1975 4480 2025 4498 ,,
2052 4413 2241 4475 currit.
2273 4411 2664 4466 febricitante!“
2693 4411 3011 4476 τείοείυεωε»
3052 4414 3401 4471 dormientem
3426 4428 3610 4491 "5.“-

380 4516 680 4580 scientiam,
713 4523 766 4569 et
778 4480 1221 4584 jucundissimam
1248 4518 1569 4573 naturalium
1605 4534 1784 4573 rerum
1819 4480 1946 4572 αἴη-
1975 4480 2027 4540 D
2051 4505 2246 4568 είῑθηεν
2280 4506 2386 4558 imo
2414 4514 2466 4558 ει
2504 4505 2710 4558 inﬁma?
2731 4504 2919 4576 Ψοτδο
2945 4511 3239 4570 torpentem
3267 4501 3606 4569 adnntiquas
3640 4523 3650 4533 ’

379 4609 545 4664 ces:it
572 4609 950 4679 cognitionem.
986 4607 1147 4678 Cujus
1169 4609 1420 4665 ineﬁ'abili
1442 4611 1626 4680 pietati
1651 4611 1805 4665 nobis
1833 4626 1947 4664 om-

380 4703 538 4756 nibus
562 4703 829 4757 continuae
868 4718 932 4756 ex
961 4710 1071 4756 tota
1097 4699 1387 4756 voluntatis
1410 4699 1703 4755 intentione
1729 4701 1947 4770 agenda:

381 4802 507 4846 sunt
531 4793 734 4862 gratiae,
764 4792 909 4860 quod
937 4793 1100 4862 talem
1142 4793 1298 4849 nobis
1331 4792 1648 4860 perdonavit
1674 4790 1946 4844 dominum

380 4890 434 4936 et
461 4854 744 4937 rectorem.
783 4854 852 4935 lit
889 4854 1118 4953 assiduis
1140 4854 1390 4951 precibus
1415 4883 1555 4939 illius
1581 4883 1821 4953 piissima
1847 4898 1944 4952 po-

383 4971 547 5032 tentia
573 4969 888 5040 postulanda
916 4947 1310 5038 est,\quatenm
1331 4971 1564 5040 longmva
1583 4947 1944 5039 prosperitate

381 5071 437 5116 et
461 5062 634 5116 salute
668 5069 720 5115 te
750 5062 904 5116 nobis
931 5075 1251 5115 conservare
1284 5061 1548 5130 dignetur,
1580 5072 1603 5099 α
1640 5061 1944 5115 desideran-

385 5150 588 5211 tissime
615 5151 801 5204 David.

453 5221 632 5306 Nuper
657 5241 803 5294 venit
829 5239 956 5293 mibi
985 5239 1012 5278 ιι
1041 5238 1247 5293 libellus
1276 5254 1304 5292 a
1333 5237 1509 5293 Felice
1555 5237 1763 5292 infelice
1805 5237 1943 5290 dire-

451 5397 477 5459 ἦ
501 5383 986 5459 Desiderantissimis
1025 5390 1209 5445 David.
1242 5389 1340 5444 Hic
1367 5390 1487 5459 ﬁnis
1514 5398 1596 5459 est
1626 5389 1862 5459 epistola:
1891 5390 1942 5443 in

382 5457 501 5530 cod.
529 5454 828 5530 Vaticano;
867 5461 1008 5515 unde
1036 5459 1266 5530 suspicio
1300 5457 1432 5530 mihi
1467 5458 1594 5530 oriri
1643 5454 1840 5527 possit,
1889 5460 1940 5530 in

384 5525 830 5599 subsequentibus
853 5543 1041 5599 novam
1093 5525 1325 5599 incipere
1353 5525 1662 5599 epistolam,
1710 5541 1828 5596 quae
1856 5529 1943 5582 hic

384 5612 447 5651 ex
477 5594 678 5667 incuria
709 5595 986 5667 scriptoris
1005 5594 1242 5652 subnexa
1265 5599 1332 5652 sit
1354 5594 1538 5667 priorj.

456 5667 481 5703 δ
512 5665 730 5736 Nuper.
763 5664 1068 5736 .A._libellus.
1098 5667 1214 5732 Quo
1249 5664 1436 5736 nempe
1475 5665 1619 5719 Felix
1662 5666 1939 5736 respondet

381 5736 617 5802 epistolte
644 5734 847 5787 .-\lcuiui
879 5735 1154 5787 cltaritatis
1188 5733 1392 5790 calamo
1423 5737 1647 5802 scriptm.
1691 5733 1822 5785 Pet-Tt
1855 5735 1937 5785 hic

2048 4594 2266 4648 studens
2281 4591 2572 4646 reformare
2593 4591 2753 4653 vires,
2766 4597 2820 4642 et
2837 4590 3047 4643 dulcem
3075 4589 3480 4644 versiﬁcationis
3501 4606 3606 4646 me-

2045 4683 2242 4737 lodiam
2271 4683 2407 4736 inter
2435 4680 2716 4736 horribiles
2741 4694 3011 4733 armorum
3057 4679 3344 4748 strepitus,
3383 4689 3438 4734 et
3460 4683 3604 4738 inter

2045 4787 2232 4827 raucos
2258 4773 2505 4827 tubarum
2530 4771 2734 4826 sonitus
2757 4767 3031 4822 admonuit
3056 4768 3281 4822 miscere
3305 4782 3320 4821 :
3343 4777 3605 4847 quatenus

2046 4873 2223 4919 truces
2273 4863 2570 4916 animorum
2623 4868 2798 4916 motus
2850 4859 3024 4926 aliqua
3069 4857 3597 4928 musicaasuavitatit

2044 4955 2267 5010 melodia
2294 4953 2400 5023 97
2428 4953 2825 5006 mulcerentur:
2856 4950 2956 5006 etsi
2987 4959 3179 5004 vestrae
3221 4949 3415 5014 mentis
3451 4948 3601 5002 nobi-

2044 5048 2244 5102 lissima
2287 5045 2548 5100 stabilitas
2591 5044 2642 5097 in
2687 5058 2791 5096 una
2838 5041 3128 5108 eademque
3169 5038 3450 5092 soliditatis
3476 5052 3602 5094 arce

2045 5140 2176 5211 [Al.,
2207 5137 2392 5208 archa]
2433 5136 2808 5206 perpetualiter
2847 5140 3174 5204 permaneat,
3222 5139 3276 5184 et
3323 5130 3375 5184 in
3423 5132 3600 5185 medio

2043 5233 2305 5302 aequitatis
2353 5217 2635 5282 libramine
2681 5226 2998 5279 inconcussa
3048 5221 3356 5275 fortitudine
3401 5221 3594 5290 vigeat.

2044 5385 2312 5445 Alcuinus,
2333 5389 2389 5433 ut
2411 5378 2652 5446 pluribus
2676 5377 3035 5446 committatur
3051 5373 3253 5446 erroris
3275 5370 3597 5446 confutatio;

2360 5435 2523 5529 Leoni
2554 5462 2736 5529 papae,
2771 5435 3326 5529 Paulinoilli‘chbono
3365 5449 3419 5495 et
3459 5435 3599 5495 Teué

2042 5513 2203 5583 dulfo,
2235 5525 2388 5587 prout
2413 5513 2714 5587 liabet’ur‘in
2735 5513 2956 5587 epistola
2981 5513 3240 5587 sequenti.

2114 5605 2133 5629 ε
2164 5577 2285 5644 llaec
2309 5584 2528 5654 epistola
2556 5584 2610 5654 li
2638 5590 2720 5654 est
2731 5577 2874 5654 apud
2895 5577 3193 5642 Canisium;
3220 5577 3410 5654 {apud
3432 5577 3596 5654 Quer:

2042 5670 2305 5716 celauum.
2331 5647 2418 5722 qui
2440 5651 2637 5722 prioris
2657 5647 2893 5706 defeetus
2912 5663 2975 5704 et
2998 5665 3098 5705 ms.
3123 5647 3399 5719 supplevit.
3424 5647 3609 5715 (Apud.

2042 5732 2264 5785 Γυθίου.
2295 5725 2404 5789 69.)
