4238 6196
620 338 723 392 9.75

1474 336 1532 390 Β.
1573 337 1633 390 l-‘.
1671 333 1891 389 ALBINI
1932 332 2060 388 SEU
2113 330 2383 388 ALCUINI
2421 332 2697 389 OPERUM
2737 334 2914 391 PARS
2952 334 2990 389 Ι.

3758 341 3862 396 276

617 454 837 513 Tamen,
884 455 941 505 ut
980 459 1264 519 puerorum
1308 444 1507 498 saevitia
1552 452 1848 498 vestrorum
1896 440 2180 510 cujuslibet
2211 442 2256 500 Α
2284 449 2545 494 menstres
2588 440 2718 512 [Al.,
2756 456 2853 512 per
2892 454 3102 496 menses
3146 440 3318 513 tres];
3352 453 3373 481 ε
3405 451 3461 498 et
3499 445 3709 503 diverso
3736 462 3861 517 per-

613 540 865 598 rarmlnls
887 536 1165 591 dulcedine
1206 534 1572 605 mitigaretur,
1603 532 1885 595 voluistis;
1926 531 2089 585 etiam
2128 538 2182 584 et

612 632 713 683 hoc
758 628 931 696 ipsum
963 622 1357 694 sapientissimo
1398 621 1619 681 consilio
1647 619 2005 689 prtevidistis;
2053 616 2178 685 quia

609 732 748 784 Sil'pe
773 716 921 768 irata:
960 712 1154 767 mentis
1183 711 1445 779 asperitas
1469 711 1699 765 salubris
1727 708 1933 766 consilii
1960 724 2063 761 non
2094 706 2180 761 in-

607 807 753 861 venit
774 804 1022 859 eti'ectnm
1054 799 1188 871 [Al.,
1211 788 1501 866 allectum],
1532 801 1672 858 sicut
1714 799 1929 857 assidua
1969 811 2180 866 quoque

608 892 859 949 mollities
878 888 1040 943 animi
1061 902 1317 945 enervare
1338 886 1474 940 solet
1498 883 1888 941 fortitudinem.
1916 885 2018 937 Sed
2042 885 2187 937 inter

606 987 721 1043 hate
762 983 1069 1038 morborum
1094 993 1290 1049 genera
1319 976 1496 1033 medio
1528 976 1751 1030 tramite.
1782 976 2016 1045 prudens
2044 984 2179 1029 tem-

606 1081 975 1145 peramentum
1001 1070 1268 1133 consistit,
1303 1068 1427 1121 inde
1449 1075 1745 1127 tumentem
1774 1066 2010 1125 furorem
2039 1067 2180 1121 miti.

604 1176 759 1231 gans.
795 1160 921 1221 hinc
962 1158 1199 1212 desidem
1246 1156 1486 1210 animum
1531 1156 1785 1225 erigens;
1824 1163 1878 1209 et
1913 1156 1997 1209 via
2036 1153 2180 1224 regia

603 1251 661 1304 in
689 1250 838 1319 pacis
863 1246 1086 1304 oonsilio
1108 1251 1300 1303 cuncta
1326 1245 1619 1315 componit.
1648 1244 1801 1309 Quod
1826 1243 2181 1299 militantibus

606 1336 820 1392 virtutis
844 1350 1009 1403 genus
1048 1334 1279 1387 maxime
1305 1330 1670 1386 necessarium
1694 1345 1831 1395 esse,
1860 1330 1913 1383 in
1948 1330 2179 1398 antiquis

605 1426 951 1482 historiarum
972 1424 1122 1479 libris
1147 1423 1408 1492 legimus;
1442 1429 1499 1475 ut
1530 1428 1721 1480 cuncta
1748 1422 1959 1490 sapiens
1983 1430 2179 1489 tempe-

605 1516 801 1578 rantia,
830 1530 948 1583 qua:
972 1512 1175 1582 agenda
1203 1513 1329 1577 sint,
1363 1520 1513 1581 regat
1542 1520 1703 1579 atque
1731 1512 2014 1579 gubernet.
2043 1510 2178 1563 Nam

606 1606 708 1659 tria
745 1604 993 1658 videntur
1033 1602 1085 1655 in
1134 1602 1287 1655 hoste
1317 1600 1725 1662 consideranda,
1770 1600 1959 1662 virtus,
2005 1599 2175 1663 dolus,

602 1711 725 1766 pax.
758 1694 957 1760 Primo,
983 1709 1048 1748 an
1067 1692 1288 1765 publica
1316 1692 1514 1746 virtute
1548 1691 1686 1745 vinci
1711 1690 1886 1745 valeat
1924 1692 2177 1745 adversa-

2279 543 2409 601 gens
2446 529 2670 595 itinere,
2712 532 3078 600 retrogradam
3115 532 3223 589 cito
3264 532 3408 590 illam
3455 536 3559 589 erit
3600 536 3857 594 facturus.

2277 617 2495 675 Addidit
2522 632 2580 673 se
2605 633 2819 687 quoque
2862 619 3135 688 splendida
3163 619 3299 677 facie
3328 620 3602 687 Canicula,
3639 626 3862 681 medicis

2276 706 2492 774 prtemia
2533 708 2970 777 exspectantibus
3008 708 3233 761 multum
3273 710 3534 763 amabilis.
3585 711 3693 768 Cur
3732 727 3861 767 vero

2280 803 2426 849 tanto
2451 804 2689 869 tempore
2712 797 2789 852 soi
2818 813 2935 855 eam
2971 798 3249 853 habuisset
3277 800 3662 865 absconditam,
3689 818 3851 856 causa

2277 891 2377 946 est,
2402 891 2461 936 ut
2485 894 2693 940 veteres
2716 886 3017 949 voluerunt,
3050 888 3321 954 radiorum
3343 889 3488 952 solis,
3513 891 3627 959 qui,
3660 902 3717 945 ttt
3746 892 3854 946 fer-

2277 981 2385 1034 tur,
2413 971 2701 1041 inaequales
2744 974 3077 1045 planetarum
3116 992 3304 1032 cursus
3339 978 3592 1033 eiliciunt.
3639 980 3702 1034 Et
3742 981 3862 1035 ideo

2278 1059 2415 1116 forte
2438 1072 2680 1117 errantes
2709 1062 2981 1131 dicuntur,
3003 1066 3128 1135 quia
3158 1076 3363 1123 certum
3389 1084 3602 1137 semper
3626 1079 3679 1125 et
3704 1072 3862 1128 unius

2277 1151 2419 1205 modi
2442 1166 2659 1205 cursum
2686 1166 2792 1207 non
2819 1154 3017 1209 habere
3052 1164 3363 1209 noscuntur.
3395 1155 3545 1221 Quod
3578 1158 3621 1210 si
3652 1159 3723 1211 ita
3753 1166 3858 1227 est,

2277 1247 2336 1291 ut
2374 1238 2637 1309 aliquibus
2664 1239 2837 1309 placet
2876 1240 3307 1319 calculatoribus,
3348 1244 3527 1299 dicant
3556 1243 3857 1313 (Egyptiaei

2277 1331 2447 1399 pueri,
2496 1346 2593 1385 cur
2620 1332 2699 1385 sol
2749 1340 2804 1385 et
2833 1330 2957 1385 luna
3002 1332 3144 1391 inter
3188 1348 3280 1387 eas
3323 1344 3692 1399 numerentur,
3733 1337 3860 1389 dum

2279 1429 2455 1474 certos
2484 1429 2767 1491 utrumque
2796 1422 2959 1475 habet
2982 1422 3129 1477 sidus
3151 1406 3339 1477 cursus
3365 1424 3415 1476 in
3449 1425 3855 1485 allniS,lmCllSl-

2280 1511 2398 1573 bus,
2430 1509 2637 1573 diebus,
2672 1510 2819 1570 horis
2846 1518 3007 1578 atque
3031 1513 3333 1565 momentis.
3366 1511 3481 1567 Non
3510 1512 3651 1564 enim
3675 1522 3862 1569 errant

2281 1597 2331 1650 in
2364 1611 2448 1661 eo,
2497 1605 2555 1649 ut
2603 1597 2773 1663 aiunt,
2819 1600 2960 1667 quod
3008 1608 3191 1657 contra
3231 1602 3423 1657 cadum
3476 1602 3552 1654 ire
3587 1602 3858 1667 videntur,

2280 1685 2406 1739 dum
2432 1686 2751 1741 certissimis
2775 1697 3037 1758 peragunt
3064 1690 3393 1761 temporibus
3422 1691 3503 1744 sui
3534 1706 3721 1745 cursus
3750 1708 3859 1747 me-

603 1787 760 1841 rius?
787 1784 880 1838 Sin
905 1761 1104 1847 autem,
1129 1782 1195 1835 ad
1220 1780 1434 1841 fraudes
1460 1791 1513 1836 et
1540 1780 1758 1851 ingenia,
1792 1780 1897 1835 doli
1928 1793 2013 1833 res
2040 1777 2175 1833 refe-
2204 1761 2250 1820 Β
2281 1784 2363 1831 tas
2390 1793 2402 1828 :
2432 1777 2569 1831 sicut
2594 1776 2828 1845 quinque
2857 1777 3129 1831 stellarum
3164 1793 3354 1832 cursus
3391 1780 3679 1848 smpissime
3710 1783 3855 1835 inor-

603 1874 769 1930 renda
816 1874 905 1927 sit.
939 1873 1006 1926 Et
1030 1873 1073 1928 si
1106 1886 1205 1927 nec
1238 1872 1338 1926 hoc
1363 1870 1594 1941 proﬁcit,
1641 1880 1768 1924 tunc
1814 1870 1961 1940 pacis
2003 1869 2178 1923 consi-

603 1966 679 2021 lio
715 1964 1115 2018 inimicitiarum
1138 1963 1257 2017 odia
1282 1976 1397 2016 esse
1430 1961 1650 2015 delenda
1682 1960 1948 2014 videntur.
1974 1958 2177 2031 Tamen

603 2057 651 2112 si
681 2056 916 2111 immites
940 2055 1147 2109 animos
1182 2053 1383 2124 aliquid
1416 2052 1663 2107 Flaccina
1700 2049 1830 2121 [Al.,
1870 2047 2177 2118 Flacciana|

602 2144 777 2199 valeat
805 2143 979 2197 ﬁstula
1006 2141 1258 2206 mulcere,
1299 2140 1445 2195 omni
1487 2140 1844 2195 sollicitudine
1872 2153 1991 2193 esse
2033 2152 2177 2202 reor,

603 2236 897 2292 secundum
923 2234 1374 2305 opportunitatem
1410 2234 1666 2302 temporis
1694 2241 1748 2287 et
1774 2246 2038 2301 personae,
2062 2246 2179 2299 per-

604 2325 909 2381 liciendum.
942 2325 1051 2393 Ego
1076 2338 1203 2378 vero
1227 2322 1450 2376 Flaccus
1490 2331 1613 2375 tuus
1655 2320 1870 2375 interim
1898 2319 2034 2373 vado
2057 2334 2179 2388 per-

604 2415 767 2469 ﬁcere
802 2412 1032 2467 ﬁdeliter
1064 2426 1184 2468 cum
1224 2409 1371 2463 omni
1413 2408 1664 2465 instantia
1691 2407 1833 2475 quod
1860 2414 2037 2460 vestra
2062 2405 2178 2459 dul-

601 2503 816 2559 cissima
850 2500 1144 2555 auctoritas
1183 2498 1313 2554 mihi
1362 2513 1459 2569 per
1502 2510 1525 2537 ι
1560 2494 1978 2567 Magamfredum
2020 2492 2173 2564 [Αι.,

601 2586 1042 2661 Magenl’redum]
1083 2586 1293 2641 ﬁdelem
1335 2593 1574 2640 vestrum
1618 2584 1941 2637 demandare
1988 2582 2173 2635 voluit.

601 2683 670 2736 Et
701 2682 838 2735 sciat
866 2678 1165 2735 certissime
1191 2676 1403 2731 bonitas
1427 2684 1606 2729 vestra
1630 2674 1772 2742 quod
1799 2674 1975 2729 nullus
2004 2669 2177 2738 majus

599 2769 925 2825 desiderium
948 2768 1126 2832 habet,
1150 2765 1289 2821 sicut
1305 2764 1509 2833 justum
1534 2772 1637 2828 est,
1660 2762 1825 2818 vestri
1853 2761 2035 2820 auxilii
2058 2776 2178 2830 sup-

598 2860 925 2931 plementum
952 2854 1195 2925 implere.

668 2946 835 3018 Igitur
870 2945 1077 3000 amicus
1104 2943 1321 3007 dicitur,
1351 2943 1503 3013 quasi
1537 2942 1700 2996 animi
1742 2949 1953 3005 custos;
1985 2940 2040 2997 id
2071 2948 2175 3005 est,

597 3038 689 3107 qui
720 3036 958 3093 animum
992 3033 1152 3087 amici
1195 3033 1276 3087 sui
1313 3047 1437 3085 cum
1474 3032 1620 3088 omni
1663 3031 2019 3087 sollicitudine
2054 3029 2177 3083 ﬁdei

2277 1867 2456 1921 dinate
2500 1881 2597 1935 per
2640 1866 2843 1920 zodiaci
2872 1867 3057 1921 circuli
3106 1867 3462 1932 latitudinem,
3489 1868 3571 1920 vel
3608 1870 3858 1933 errando,

2280 1955 2361 2009 vel
2387 1955 2597 2018 stando,
2629 1955 2711 2008 vel
2739 1956 3151 2010 retrocurrendo
3183 1956 3446 2013 feruntur.

2346 2044 2372 2083 ἀ
2411 2045 2483 2097 De
2511 2043 2688 2097 libello
2710 2057 2836 2098 vero
2864 2044 3091 2098 infelicis
3113 2060 3220 2099 non
3249 2047 3490 2116 magistri
3517 2049 3610 2101 sed
3638 2052 3861 2104 subver-

2277 2136 2435 2200 soris,
2462 2136 2635 2205 placet
2661 2136 2788 2195 mihi
2821 2136 2995 2201 valde,
3018 2136 3161 2211 quod
3191 2145 3370 2195 chtra
3400 2138 3737 2192 sanctissima
3766 2155 3861 2194 vo-

2278 2227 2456 2281 luntas
2481 2234 2534 2279 et
2561 2227 2771 2281 devotio
2798 2228 2960 2281 habet
2986 2242 3170 2283 curam
3198 2228 3551 2295 respondendi
3582 2230 3647 2281 ad
3673 2228 3857 2283 dcim-

2277 2317 2484 2384 sionem
2508 2314 2629 2368 ﬁdei
2651 2316 2946 2369 catholica).
2976 2314 3080 2371 Sed
3104 2316 3345 2379 obsecro,
3371 2316 3417 2373 si
3440 2325 3631 2373 vestra:
3653 2317 3861 2391 placeat

2275 2405 2484 2476 pietati,
2515 2414 2573 2459 ut
2600 2405 2983 2476 exemplarium
3013 2404 3155 2462 illius
3182 2404 3343 2462 libelli
3373 2405 3569 2463 donmo
3596 2406 3861 2477 dirigatur

2278 2500 2588 2569 apostolico.
2620 2498 2778 2552 Aliud
2820 2514 3031 2568 quoque
3067 2508 3089 2537 ο
3127 2497 3350 2551 Paulino
3380 2498 3723 2567 patriarchze.
3767 2496 3856 2550 Si-

2278 2589 2478 2643 militer
2505 2588 2805 2653 Richbono,
2831 2598 2883 2641 et
2906 2586 3166 2641 Teudnll‘o
3190 2589 3453 2659 episcopis
3479 2589 3786 2642 doctoribus
3805 2595 3860 2643 et

2277 2680 2568 2750 magistris,
2610 2689 2669 2734 ut
2711 2680 2906 2749 singuli
2955 2694 3055 2749 pro
3103 2696 3161 2735 se
3211 2680 3591 2749 respondeant.
3635 2677 3858 2735 Flaccus

2276 2784 2405 2823 vero
2434 2776 2557 2825 tuus
2585 2777 2762 2823 tecum
2806 2768 3013 2823 laborat
3049 2770 3101 2821 in
3134 2767 3399 2823 reddenda
3438 2767 3643 2819 ratione
3672 2765 3858 2818 catho-

2278 2854 2392 2909 licze
2414 2855 2557 2908 ﬁdei.
2585 2855 2813 2908 Tantum
2844 2855 2999 2907 detur
3019 2854 3066 2907 ei
3097 2853 3354 2924 spatium,
3383 2862 3441 2905 ut
3468 2852 3646 2921 quiete
3673 2852 3784 2921 98
3805 2860 3860 2909 et

2278 2943 2558 3013 diligenter
2598 2943 2757 2997 liceat
2801 2942 2873 2996 illi
2921 2942 3090 3014 [cum]
3134 2944 3319 3013 pueris
3364 2944 3477 2997 suis
3514 2943 3860 2997 considerare

2278 3032 2499 3087 Patrum
2527 3048 2743 3097 sensus;
2777 3033 2903 3101 quid
2927 3034 3291 3101 unusquisque
3318 3032 3521 3087 diceret
3548 3031 3614 3086 de
3645 3036 3857 3084 scaten-

597 3096 777 3185 studet
803 3123 1072 3187 custodire
1105 3122 1369 3191 integrum
1388 3160 1401 3186 .
1446 3132 1708 3189 quatenus
1748 3120 2051 3174 nullatenus
2088 3136 2175 3174 sa-
2201 3096 2251 3162 c
2280 3126 2367 3179 tiis
2393 3140 2527 3193 quas
2554 3124 2727 3193 posuit
2752 3096 3007 3193 prmfatus
3036 3096 3322 3178 subversor
3348 3123 3400 3181 in
3436 3136 3534 3177 suo
3558 3120 3756 3173 libello.
3789 3119 3859 3178 Et

596 3232 751 3273 crum
778 3215 1029 3270 amicitiae
1043 3213 1131 3281 jus
1156 3212 1353 3272 alicubi
1378 3210 1624 3266 violetur.
1660 3213 1727 3266 Et
1753 3211 1855 3266 hoc
1892 3212 1998 3266 rari
2027 3220 2171 3277 sunt,

594 3306 688 3377 qui
736 3305 1055 3376 intelligunt.
1105 3304 1248 3359 Pene
1282 3304 1647 3372 unusquisque
1679 3304 1970 3362 secundum
2008 3303 2175 3357 animi

594 3396 681 3455 sui
714 3394 1043 3466 qualitatem,
1094 3408 1199 3449 non
1250 3393 1472 3447 alterius
1506 3392 1691 3457 animi,
1732 3392 1823 3460 qui
1854 3391 2057 3445 amicus
2092 3400 2175 3446 est

593 3501 724 3541 suus
743 3483 874 3555 [Αι.,
896 3482 1098 3552 hujus],
1129 3480 1564 3545 satisfactionem,
1588 3482 1877 3536 amicitiam
1904 3483 2175 3536 custodire

593 3575 806 3645 quterit.
835 3572 902 3626 Et
930 3574 973 3625 si
1004 3573 1105 3627 hoc
1146 3570 1196 3623 in
1228 3570 1401 3625 amico
1426 3568 1557 3641 [Al.,
1586 3570 1788 3639 animo]
1826 3579 1881 3624 et
1916 3572 2171 3639 cotequali

594 3663 877 3733 diligenter
915 3660 1189 3715 observari
1228 3660 1404 3723 debet,
1446 3667 1506 3712 ut
1542 3658 1794 3716 inviolata
1835 3661 1997 3719 animi
2039 3660 2172 3715 inte-

599 3756 766 3823 gritas
790 3762 1100 3821 permaneat
1129 3751 1299 3815 illius;
1333 3759 1535 3820 quanto
1558 3751 1728 3819 magis
1758 3750 1812 3806 in
1842 3750 2089 3817 Domino,
2119 3760 2173 3806 et

601 3844 659 3897 in
696 3841 789 3897 tali
826 3856 1078 3912 persona,
1110 3856 1229 3909 qua!
1266 3840 1397 3911 [Al.,
1438 3839 1552 3909 qui]
1597 3854 1723 3894 suos
1757 3840 2000 3895 subditos
2027 3842 2171 3895 omni

599 3934 801 3986 honore
826 3930 1064 3985 exaltare
1092 3937 1145 3983 et
1169 3930 1468 3999 gubernare
1511 3929 1691 3986 amat?
1728 3929 1980 3985 Veterum
2012 3930 2173 3998 igitur

596 4021 944 4089 proverbialis
978 4020 1142 4091 fulget
1179 4020 1441 4079 sententia
1471 4034 1486 4073 :
1525 4020 1735 4075 Amicus
1771 4022 1860 4073 diu
1898 4022 2169 4091 queritur,

595 4114 680 4168 eia:
707 4113 984 4172 invenitur,
1006 4109 1207 4177 diﬂicile
1227 4117 1478 4161 amatur.
1500 4109 1566 4166 Et
1588 4109 1641 4161 in
1664 4124 1817 4167 sacra
1845 4110 2121 4179 Seriptura
2153 4130 2165 4165 :

596 4202 776 4256 Amico
805 4200 948 4267 ﬁdeli
979 4199 1122 4251 nulla
1153 4208 1225 4251 est
1262 4200 1579 4268 comparatio
1608 4198 1795 4270 (Eccli.
1826 4215 1900 4265 vs,
1928 4202 2037 4271 i5).

664 4290 694 4331 δ
724 4289 874 4345 Nunc
908 4290 1091 4359 igitur,
1128 4304 1287 4357 quam
1322 4290 1411 4342 diu
1444 4289 1788 4355 quaesivimus
1815 4292 1955 4345 inter
1980 4291 2169 4345 Martia

596 4382 720 4445 tela,
750 4381 935 4434 Martis
965 4380 1116 4433 stella
1142 4379 1321 4433 subito
1344 4376 1555 4442 effulsit,
1579 4394 1737 4448 quam
1767 4382 1846 4433 sol
1872 4382 2168 4436 diutissime

595 4470 790 4535 tenuit,
832 4468 926 4524 sed
973 4468 1169 4523 Ναξωεὶ
1215 4469 1382 4522 leonis
1430 4477 1635 4523 terrore
1680 4469 1894 4537 reliquit
1934 4470 2070 4540 :qui
2100 4472 2169 4527 ob

595 4561 910 4618 memoriam
942 4560 1216 4615 Hercqu
1256 4560 1585 4614 fortitudinis
1623 4560 1760 4615 ccelo
1796 4561 1997 4615 inditus
2036 4561 2164 4633 [Al.,

596 4650 836 4722 indutus]
860 4666 977 4705 esse
1006 4651 1258 4714 refertur,
1286 4650 1585 4718 traditaque
1619 4660 1701 4705 est
1730 4650 1937 4706 Canem
1967 4668 2061 4722 per
2084 4654 2167 4708 bi-

670 4796 695 4823 ι
733 4780 1170 4852 llagaotfreduni.
1201 4780 1342 4852 idem
1388 4778 1604 4852 i'oﬁrtegis
1639 4787 1721 4835 est
1756 4779 1820 4834 de
1842 4795 1947 4851 quo
1976 4782 2028 4835 in
2059 4782 2170 4852 epi-

596 4854 747 4909 stolis
769 4850 839 4905 37'
866 4860 919 4905 et
947 4851 1051 4921 i075
1074 4852 1237 4921 (nunc
1258 4850 1328 4903 42
1354 4858 1407 4921 et
1432 4850 1574 4921 133).

665 4924 692 4963 b
728 4921 806 4976 Ex
832 4920 923 4993 his
937 4918 1186 4993 colligere
1209 4920 1331 4993 licet
1355 4918 1452 4993 (ait
1471 4918 1738 4993 (lanisius)
1760 4936 1901 4993 anno
1923 4918 2033 4993 79_9_
2044 4922 2170 4976 scri-

634 5000 743 5044 tam
764 5005 884 5046 esse
910 4990 1049 5047 hanc
1070 4989 1374 5062 epistolam.
1403 4991 1553 5062 Tunc
1578 4989 1726 5062 enim
1742 4990 1947 5062 stellam
1986 4991 2170 5048 Martis

622 5071 791 5113 terum
829 5058 1191 5127 comparuisse
1226 5058 1329 5118 sibi
1368 5060 1616 5125 gratulati
1649 5069 1773 5113 sunt
1808 5061 2167 5116 mathematici

600 5129 741 5187 illius
762 5130 1035 5197 temporis.
1060 5127 1240 5197 Neque
1256 5127 1401 5183 enim
1420 5128 1561 5182 hunc
1582 5128 1763 5197 locum
1780 5128 1991 5197 Aleuini
2012 5130 2170 5186 alior-

598 5208 713 5251 sum
740 5194 912 5271 traho.
931 5194 1347 5271 Engolismensis
1371 5198 1421 5250 in
1437 5198 1557 5271 Vita
1585 5196 1761 5271 Caroli
1782 5196 1989 5271 Magni:
2019 5199 2171 5271 elice

597 5283 757 5331 anno,
782 5269 835 5322 id
859 5276 961 5333 est,
987 5267 1055 5319 ab
1080 5268 1443 5323 incarnatione
1472 5267 1681 5323 Domini
1708 5268 1829 5331 799,
1857 5267 2005 5321 sidus
2034 5268 2170 5321 Mar-

599 5337 669 5391 tis
702 5353 733 5392 a
761 5337 1053 5404 superioris
1089 5338 1212 5390 anni
1246 5336 1387 5391 lulio
1421 5351 1591 5403 usque
1629 5339 1695 5392 ad
1728 5338 1888 5405 hujus
1921 5337 2046 5389 anni
2080 5338 2171 5392 iu-

600 5405 727 5463 lium
758 5421 1020 5475 nusquam
1062 5404 1115 5458 in
1155 5414 1269 5459 toto
1302 5406 1439 5461 caalo
1473 5406 1640 5475 videri
1671 5409 1863 5475 potuit.
1912 5424 1930 5456 ι
1974 5406 2038 5459 Et
2070 5408 2171 5461 hoc

598 5485 685 5545 est
716 5476 857 5545 quod
886 5474 1150 5545 Alcuinus
1195 5475 1271 5528 ait
1298 5490 1312 5526 :
1343 5492 1498 5545 quam
1540 5474 1944 5545 solidiutiuim
1985 5478 2168 5545 tenuit,

598 5544 689 5613 sed
714 5540 943 5613 Νομιιωὶ
968 5543 1129 5613 leonis
1150 5540 1594 5613 terrare'raliquit.
1622 5542 1756 5599 Nam
1782 5546 1851 5600 23
1879 5546 1959 5599 vel
1979 5545 2048 5599 24
2072 5540 2168 5599 Jul

602 5611 657 5669 lii
688 5612 981 5693 sol‘Lfonis
1006 5612 1215 5693 signum
1245 5611 1655 5693 iniit._Ctntuus.
1683 5643 1754 5693 :—
1778 5613 1882 5668 Sed
1904 5616 2169 5693 detectiq-

602 5696 721 5736 uem
741 5681 903 5739 stella:
928 5680 1107 5737 Martis
1130 5699 1268 5740 anno
1291 5684 1390 5740 798
1413 5698 1593 5739 mense
1614 5680 1769 5745 iulio,
1796 5692 2078 5751 postquam
2103 5688 2169 5741 ab

2200 4430 2247 4490 Ι)

2277 3221 2515 3281 tempore
2538 3212 2801 3281 prazﬁnito
2824 3225 2853 3265 a
2874 3211 3045 3276 vobis,
3073 3210 3316 3271 ferantur
3334 3218 3527 3265 vestra:
3546 3210 3858 3267 auctoritati

2276 3303 2608 3373 singulorum
2641 3316 2916 3373 responsa.
2947 3301 3013 3355 Et
3038 3302 3294 3373 quidquid
3330 3301 3381 3355 in
3416 3301 3505 3356 illo
3539 3300 3735 3365 libello,
3776 3299 3857 3353 vel

2274 3396 2660 3451 sententiarum
2689 3394 2770 3451 vel
2808 3409 3081 3459 sensuum,
3116 3404 3303 3447 contra
3339 3392 3655 3449 catholicam
3696 3391 3853 3445 tidem

2275 3484 2597 3547 inveniatur,
2618 3483 2797 3539 omnia
2823 3482 3100 3536 catholicis
3125 3482 3386 3549 exemplis
3402 3482 3767 3535 destruantur.
3790 3480 3857 3533 Et

2274 3574 2320 3628 si
2367 3572 2645 3641 aequaliter
2686 3580 2741 3626 et
2787 3571 3125 3631 concorditer
3180 3580 3495 3629 cunctorum
3548 3571 3600 3623 in
3648 3569 3855 3639 proles-

2274 3666 2445 3729 sione,
2470 3664 2553 3719 vcl
2578 3663 2890 3726 defensione
2909 3663 3185 3719 catholica:
3206 3661 3327 3716 ﬁdei
3358 3672 3610 3717 resonant
3632 3663 3852 3731 scripta,

2273 3756 2494 3827 intelligi
2532 3765 2709 3823 potest
2734 3756 2879 3824 quod
2919 3771 3017 3824 per
3043 3755 3278 3808 omnium
3310 3769 3404 3811 ora
3435 3760 3489 3806 et
3526 3753 3687 3806 corda
3717 3766 3857 3803 unus

2272 3846 2510 3917 loquitur
2539 3845 2801 3913 Spiritus;
2840 3846 2922 3899 sin
2950 3852 3127 3898 autem
3166 3843 3435 3896 diversum
3468 3840 3668 3908 aliquid
3707 3840 3856 3893 inve-

2272 3937 2453 3993 niatur
2483 3935 2538 3989 in
2566 3935 2722 3990 dictis
2744 3935 2827 3990 vel
2858 3933 3071 4004 scriptis
3100 3931 3399 4001 cujuslibet,
3432 3930 3699 3994 videatur,
3728 3929 3856 3998 quis

2272 4026 2475 4097 majore
2514 4028 2834 4085 auctoritate
2872 4034 3177 4083 sanctarum
3218 4023 3614 4093 Seripturarum
3652 4021 3739 4074 vel
3766 4036 3854 4075 ca-

2272 4119 2591 4172 tholicorum
2622 4117 2842 4172 Palmm
2882 4117 3147 4172 innitatur
3182 4134 3194 4167 :
3224 4123 3281 4171 et
3318 4115 3444 4170 huic
3480 4113 3653 4167 laudis
3677 4112 3855 4181 palma

2272 4206 2559 4271 tribuatur,
2584 4206 2676 4275 qui
2697 4205 2893 4264 divinis
2921 4206 3093 4276 magis
3120 4206 3378 4260 inhaereat
3406 4204 3744 4258 testimoniis.

2341 4297 2419 4352 De
2460 4296 2847 4365 quaestionibus
2889 4311 3037 4359 vero,
3086 4310 3204 4365 quae
3250 4293 3268 4331 ί
3323 4294 3430 4347 ﬁlia
3482 4307 3601 4347 mea
3650 4290 3850 4346 famula

2272 4398 2449 4445 vestra
2472 4390 2780 4447 ﬁdelissima
2808 4389 3175 4459 interrogavit,
3205 4403 3312 4443 non
3332 4387 3621 4442 ordinatim
3651 4387 3851 4451 recolo,

2271 4479 2373 4533 nisi
2400 4478 2543 4548 quod
2571 4479 2635 4533 de
2659 4477 2881 4547 psalmis
2900 4518 2915 4543 ,
2944 4494 3079 4549 quos
3110 4478 3409 4547 vespertina
3440 4478 3720 4547 prmsentis
3747 4477 3851 4530 diei

2270 4568 2324 4621 in
2352 4567 2553 4639 capella
2584 4568 2917 4624 cantavimus
2944 4568 3097 4629 hora,
3128 4574 3188 4621 ut
3220 4566 3448 4628 aastimo,
3478 4564 3845 4632 interrogavit.

2269 4665 2345 4719 De
2377 4679 2442 4720 eo
2471 4665 2651 4733 itaque
2673 4663 2928 4733 primum,
2957 4660 3050 4715 ubi
3072 4658 3429 4727 ﬁthpheta
3452 4672 3467 4710 :
3494 4656 3674 4710 Omnis
3697 4658 3851 4710 homo

2270 4794 2454 4845 eodem
2491 4806 2673 4846 mense
2709 4791 2833 4846 anni
2860 4790 3209 4859 przecedentis
3238 4789 3340 4843 797
3368 4788 3641 4859 hucusque
3667 4786 3847 4859 occul-

2271 4870 2379 4915 tata
2428 4861 2634 4924 fuisset,
2664 4855 2953 4929 contigisse
2987 4860 3270 4914 dicendum
3317 4866 3399 4911 est
3440 4872 3503 4911 ex
3552 4855 3852 4929 Annalibus

2271 4931 2495 4986 Tilianis
2531 4923 2867 4996 Loiselianis,
2892 4945 3065 4999 quem,
3090 4928 3509 4999 Engolismensis
3538 4923 3849 4990 exscripsit,

2269 5002 2565 5078 et_Ad_onis
2607 4998 3013 5078 Chronico.
3054 4998 3192 5078 hanc
3235 4998 3490 5078 rationem
3524 5000 3845 5061 prtesentem

2270 5071 2549 5140 epistolam
2587 5069 2653 5123 ad
2682 5084 2880 5124 annum
2912 5066 3015 5124 798
3041 5068 3308 5135 pertinere
3330 5066 3619 5119 credimus.

2341 5151 2361 5178 ε
2409 5139 2474 5192 Et
2497 5140 2721 5199 diuerso,
2747 5139 2845 5191 llic
2866 5136 2987 5197 ﬁnis
3010 5137 3247 5204 epistolae
3268 5135 3407 5204 apud
3428 5132 3725 5196 Canisium,
3744 5144 3844 5185 cm-

2341 5152 2361 5178 ε
2409 5152 2474 5192 ιιι
2497 5152 2721 5199 diuerso,
2750 5152 2845 5191 mc
2866 5152 2987 5197 nnis
3010 5154 3039 5189 e
3081 5152 3247 5191 ιειοιεε
3268 5152 3382 5204 aput

2271 5217 2382 5262 tera
2410 5223 2477 5261 ex
2504 5222 2604 5275 ms.
2631 5206 2810 5275 addita
2830 5214 2953 5259 sunt
2973 5221 3001 5259 a
3030 5152 3382 5275 ﬁuercetauo.

2339 5276 2364 5315 ἀ
2402 5276 2485 5327 De
2506 5274 2696 5328 libello.
2729 5274 2803 5327 De
2824 5290 2887 5329 eo
2912 5275 3061 5329 plura
3092 5275 3238 5327 alibi.

2344 5356 2366 5386 ο
2408 5342 2634 5413 Paulino
2668 5340 2995 5413 patriarcha.
3043 5342 3389 5413 Aquileiensi.
3438 5340 3703 5413 Ricltbpng
3747 5350 3848 5413 sed

2276 5412 2558 5483 ﬁichbodo,
2583 5407 2830 5483 episcopo
2853 5407 3263 5483 Trevirensi,_ut
3282 5412 3488 5470 videtur
3520 5407 3839 5463 Mabillonio.

2273 5480 2528 5551 Τιᾳάειίο
2555 5480 2805 5551 episcopo
2829 5481 3220 5551 Aurelianensi.

2346 5548 2381 5623 f_
2407 5547 2547 5623 Filia
2588 5546 2888 5623 manus
2921 5549 3437 5623 _i_lla?.esploratnm
3482 5564 3587 5609 non
3629 5546 3836 5605 habeo;

2271 5617 2417 5673 Gisia
2446 5613 2687 5675 fortassis
2713 5604 2885 5675 (ἷὗοιί
2921 5618 3090 5687 Magni
3120 5604 3257 5681 lilia?
