4238 6198
408 364 513 422 ΞΠ

1839 351 2217 409 Εριδτοιηε.

3551 356 3657 413 278

405 468 630 525 mendax
675 464 847 537 (Ρεαι.
886 480 1005 528 cxv,
1046 464 1153 534 ll),
1203 464 1471 533 quomodo
1508 462 1595 516 ille
1628 462 1789 516 homo
1832 474 1981 515 men—
2005 462 2058 524 Α
2086 461 2438 529 defensorem,
2479 466 2559 518 vel
2605 467 3006 522 emendatorem
3053 481 3173 521 esse
3215 482 3320 521 non
3367 467 3660 522 crederem.

405 560 509 612 dax
536 558 605 611 sit
626 556 716 624 qui
744 568 1016 623 nunquam
1042 553 1299 623 loquitur,
1325 552 1465 608 sicut
1495 550 1724 606 infantes
1743 559 1797 604 et
1816 552 1983 605 muti?

404 651 473 707 Et
503 651 718 713 iterum,
751 663 847 703 cur
875 646 1103 720 dixisset
1126 646 1181 699 in
1208 646 1395 701 eodem
1434 644 1645 699 Psalmo
1677 662 1689 697 :
1728 644 1866 708 Quid
1906 661 1985 698 re-

402 744 630 796 tribuam
686 741 908 795 Domino
959 756 1051 809 pro
1097 738 1367 803 omnibus,
1417 755 1532 808 qua:
1578 739 1809 793 retribuit
1858 740 1985 791 mihi

405 831 594 901 (Ibid.,
619 846 747 884 vera.
780 829 905 900 12)?
930 826 1067 895 Quid
1093 838 1237 884 esset
1257 827 1401 898 quod
1432 828 1678 883 retribuit
1702 828 1855 884 nobis
1882 828 1985 883 Do-

406 922 620 975 minus?
646 922 831 989 utique
858 921 996 975 bona
1023 934 1123 989 pro
1153 919 1310 973 malis
1337 919 1555 974 nostris.
1584 918 1714 973 item
1741 918 1982 988 quaedam

402 1011 471 1067 de
502 1013 625 1065 luna
649 1010 999 1081 interrogavit
1021 1024 1088 1065 ex
1110 1024 1176 1065 eo
1200 1024 1381 1076 versu,
1408 1010 1499 1065 ubi
1522 1010 1651 1065 dicit
1676 1028 1688 1064 :
1720 1010 1825 1065 Per
1847 1012 1983 1065 diem

403 1102 483 1156 sol
512 1119 616 1156 non
652 1111 764 1155 uret
796 1108 865 1166 te,
898 1116 1060 1171 neque
1087 1101 1231 1155 siuna
1269 1116 1361 1170 per
1396 1109 1595 1154 noctem
1632 1100 1804 1171 (Psal.
1848 1115 1982 1165 cxx,

402 1194 481 1264 (ἰ).
513 1192 581 1246 Et
620 1193 741 1247 inde
786 1193 851 1248 de
895 1200 1086 1247 natura
1125 1192 1265 1247 luna:
1293 1191 1492 1262 aliquid
1512 1191 1725 1247 addidit
1750 1192 1983 1247 interro-

402 1298 552 1354 gare,
582 1283 626 1336 si
657 1282 864 1353 frigida:
888 1292 1031 1339 esset
1054 1291 1281 1347 naturae,
1309 1283 1576 1354 quomodo
1603 1285 1818 1337 ureret?
1857 1282 1985 1348 Quae

403 1374 584 1427 omnia
625 1381 819 1427 vestra:
854 1374 1129 1443 sapientia:
1168 1381 1297 1429 nota
1343 1388 1463 1429 esse
1505 1388 1611 1428 non
1658 1373 1978 1428 dubitamus.

403 1467 527 1520 ideo
564 1480 670 1519 non
704 1472 788 1518 est
809 1479 943 1534 opus
967 1480 1110 1523 nunc
1135 1465 1265 1519 mihi
1300 1465 1770 1534 interpretationes
1793 1465 1986 1519 harum

405 1571 674 1625 exponere
707 1554 1203 1622 interrogationum.
1241 1553 1363 1608 Fuit
1390 1569 1602 1624 quoque
1632 1553 1785 1609 nobis
1809 1569 1986 1608 sermo

406 1658 431 1685 ιι
460 1646 523 1699 de
549 1645 830 1709 columnis,
862 1659 982 1713 qua:
1011 1645 1064 1699 in
1097 1656 1261 1713 opere
1286 1642 1647 1713 pulcherrimo
1674 1652 1729 1698 et
1753 1643 1987 1697 mirabili

401 1734 663 1800 ecclesim,
687 1735 829 1805 quod
854 1744 1034 1789 vestra
1057 1735 1276 1790 dictavit
1300 1734 1581 1803 sapientia,
1605 1742 1816 1789 statutae
1838 1742 1980 1789 sunt.

2086 553 2238 620 Quod
2267 570 2396 611 vero
2422 558 2487 612 de
2512 559 2622 613 sola
2654 559 2841 615 Martis
2868 560 3022 617 stella
3059 560 3217 615 modo
3246 560 3445 624 evenit,
3478 562 3580 617 hoc
3609 568 3665 616 et
3706 591 3711 595 ς

2086 636 2153 696 de
2174 640 2423 700 omnibus
2446 647 2681 716 quinque
2707 649 2879 705 stellis
2906 650 3211 704 errantibus
3232 650 3283 703 in
3316 650 3399 703 his
3420 652 3664 717 partibus

2084 733 2279 802 smpius
2308 735 2441 789 solet
2468 736 2713 801 evenire;
2748 747 2809 792 ut
2835 739 3039 793 diutius
3074 739 3467 794 abscondantur
3499 755 3662 809 quam

2086 822 2345 891 regularis
2384 827 2575 896 pagina
2615 835 2855 883 veterum
2902 829 3171 884 decantat.
3219 830 3286 883 Et
3324 829 3459 885 forte
3498 830 3523 869 ά
3556 846 3665 888 non

2084 914 2379 981 mqualiter,
2408 916 2560 972 nobis
2589 918 2641 972 in
2691 918 2775 973 his
2809 920 3049 988 partibus
3096 920 3402 976 borealibus
3440 935 3662 976 conver-

2085 1006 2353 1070 santibus,
2384 1016 2534 1063 ortus
2558 1016 2614 1064 et
2649 1025 2872 1067 occasus
2905 1010 3138 1065 siderum
3168 1014 3366 1078 evenit,
3397 1015 3535 1069 sicut
3559 1013 3665 1067 illis

2085 1096 2177 1164 qui
2200 1095 2253 1150 in
2276 1097 2626 1153 orientalibus
2652 1100 2734 1153 vel
2756 1100 3067 1155 meridianis
3087 1102 3332 1169 partibus
3350 1102 3461 1173 ω
3480 1102 3662 1157 mundi

2086 1192 2381 1249 morantur,
2411 1187 2500 1240 ubi
2540 1188 2776 1242 maxime
2808 1188 2958 1243 fuere
2986 1190 3230 1258 magistri
3260 1186 3356 1260 qui
3400 1193 3555 1247 nobis
3579 1206 3663 1245 ra-

2088 1273 2261 1329 tiones
2302 1283 2357 1330 et
2399 1290 2589 1331 cursus
2633 1277 2753 1332 caeli
2801 1285 2856 1332 et
2890 1278 3162 1333 stellarum
3188 1279 3490 1337 ediderunt.
3530 1280 3669 1335 Nam

2087 1365 2254 1419 multa
2297 1382 2364 1421 ex
2406 1367 2645 1423 locorum
2692 1370 3020 1435 diversitate,
3066 1372 3205 1427 sicut
3242 1382 3420 1429 vestra
3465 1374 3664 1444 optime

2087 1456 2235 1509 novit
2256 1457 2536 1526 sapientia,
2564 1459 2947 1518 immutantur.
2969 1461 3119 1517 Nunc
3146 1462 3348 1532 itaque,
3378 1470 3435 1517 ut
3472 1462 3662 1534 praedi-

2087 1546 2282 1612 ximus,
2305 1556 2549 1603 vestrum
2566 1542 2843 1606 servitium
2870 1555 3000 1609 satis
3026 1553 3253 1610 ﬁdeliter
3276 1555 3493 1625 implere
3516 1555 3663 1611 festi-

2086 1650 2276 1692 namus
2309 1654 2321 1690 :
2355 1638 2700 1709 deprecantes
2728 1655 2941 1711 quoque
2978 1643 3187 1699 Domini
3227 1644 3319 1701 Dei
3365 1647 3533 1701 nostri
3559 1647 3663 1701 cle-

2089 1725 2362 1789 mentiam,
2391 1735 2455 1781 ut.
2475 1726 2645 1783 citius
2664 1743 2789 1783 suos
2829 1744 2949 1785 cum
2982 1731 3185 1787 honore
3220 1742 3273 1788 et
3321 1734 3477 1789 laude
3504 1733 3674 1790 faciat

404 1824 477 1878 De
521 1800 727 1879 Donato
769 1839 1010 1894 quoque,
1062 1824 1271 1889 nescio,
1318 1800 1443 1893 quid
1486 1837 1709 1891 parvum
1753 1825 1981 1878 interro-
2014 1800 2060 1859 Β
2087 1814 2305 1880 reverti,
2339 1814 2591 1884 subjectis
2627 1817 2876 1873 omnibus
2915 1818 3143 1874 inimicis
3178 1820 3410 1875 nominis
3452 1821 3663 1876 Domini

404 1914 568 1984 gavit.

471 2003 623 2071 Quod
650 2018 779 2058 vero
805 2004 1142 2059 sanctissima
1168 2014 1345 2060 vestra
1379 2004 1747 2061 benevolentia
1774 2020 1878 2061 nos
1894 2007 1981 2061 ad.

400 2108 623 2149 monere
644 2093 871 2157 curavit,
904 2091 1280 2164 Egyptiacum
1309 2110 1532 2163 puerum
1558 2097 1896 2165 percunctari
1918 2096 1983 2151 de

402 2191 749 2247 immutandis
774 2192 1089 2263 quibusdam
1119 2191 1586 2261 supputationibus
1615 2194 1798 2247 decem
1825 2193 1982 2246 hora-

404 2297 521 2335 rum
549 2282 632 2335 vel
672 2280 1025 2355 quadrantilis
1062 2278 1192 2353 [Αι.,
1221 2278 1611 2349 quadrantalis]
1652 2281 1984 2348 supputatio-

402 2369 513 2434 nis,
554 2370 774 2425 omnino
823 2369 1129 2439 gratissime
1173 2367 1379 2438 accepit
1428 2367 1638 2422 animus
1684 2383 1873 2435 meus;
1925 2378 1986 2423 ut

402 2458 564 2517 liceat
587 2458 903 2529 interrogari
929 2474 961 2513 a
986 2460 1139 2514 vobis
1162 2458 1424 2528 ignorata,
1456 2458 1539 2513 vel
1573 2473 1671 2527 per
1696 2473 1791 2514 vos
1816 2459 1984 2515 corri-

400 2565 525 2620 gere
554 2558 753 2604 errata.
794 2549 926 2607 Nam
966 2549 1109 2603 inter
1144 2549 1434 2604 familiares
1464 2565 1720 2620 personas
1746 2558 1801 2605 et
1829 2565 1981 2605 sacra

401 2640 682 2695 ebaritatis
709 2639 924 2693 nomina
954 2638 1230 2693 observari
1256 2639 1443 2705 debet,
1472 2648 1533 2694 ut
1561 2641 1612 2694 in
1653 2641 1847 2695 litteris
1876 2641 1982 2695 dis-

398 2732 742 2789 currentibus
788 2731 957 2802 magis
999 2730 1300 2785 emendatio
1326 2740 1479 2785 sonet
1503 2747 1665 2801 quam
1696 2733 1980 2801 reprehens

399 2822 499 2878 sio.
525 2823 602 2878 Eo
627 2823 783 2879 modo
803 2838 990 2878 omnes
1016 2822 1241 2887 discere,
1271 2821 1597 2891 intelligere,
1620 2830 1675 2875 et
1695 2822 1763 2874 ad
1786 2820 1980 2875 verita~

400 2913 473 2967 tis
514 2912 657 2966 viam
702 2913 982 2983 pervenire
1023 2911 1220 2967 valent.
1272 2910 1459 2981 Equus
1504 2919 1734 2980 quatuor
1778 2910 1993 2965 habens.

397 3004 561 3074 pedes
584 3019 724 3075 saepe
749 3006 893 3060 cadit
918 3022 930 3058 :
953 3012 1153 3074 quanto
1182 3004 1355 3074 magis
1385 3004 1576 3067 homo,
1594 3018 1754 3057 unam
1777 3004 1991 3058 habens

398 3094 652 3163 linguam,
681 3107 777 3162 per
800 3094 945 3148 vices
969 3092 1111 3151 cadit
1138 3092 1191 3145 in
1214 3092 1414 3149 verbo?
1444 3091 1554 3146 Nec
1582 3106 1668 3146 me
1694 3092 1837 3162 piget
1862 3106 1982 3160 per-

397 3188 657 3251 cunctari,
673 3187 877 3253 audire,
902 3186 1207 3242 consentire
1227 3186 1466 3240 veritatis
1488 3182 1802 3239 rationibus.
1826 3183 1979 3239 Nulla

397 3290 561 3345 :ctas,
586 3286 646 3333 ut
674 3278 750 3331 ait
778 3279 1045 3342 comicus,
1082 3292 1201 3333 sera
1236 3276 1393 3331 debet
1429 3291 1548 3330 esse
1576 3275 1641 3328 ad
1673 3275 1979 3330 discendam

399 3371 732 3443 sapientiam.
758 3369 1095 3439 Quapropter
1113 3385 1319 3438 qumro,
1344 3377 1398 3424 et
1423 3384 1671 3439 quaerens
1696 3368 1979 3439 diligenter

399 3461 583 3518 audire
608 3461 779 3531 cupio,
812 3457 940 3529 quid
970 3458 1042 3512 sit
1072 3457 1463 3513 immutandum
1499 3458 1553 3510 in
1590 3457 1978 3527 supputationi-

396 3553 497 3607 bus
522 3554 705 3607 decem
732 3551 988 3605 horarum
1016 3554 1070 3601 et
1089 3546 1309 3601 dimidia
1334 3559 1432 3614 per
1455 3546 1693 3615 singulos
1718 3560 1930 3599 menses
1960 3564 1973 3598 :

396 3640 526 3709 quid
558 3647 747 3694 contra
775 3637 1036 3695 rationem
1073 3643 1279 3693 natura:
1305 3635 1609 3689 inveniatur
1640 3634 1695 3689 in
1721 3641 1976 3703 supputa-

396 3729 563 3794 tione,
592 3743 754 3798 quam
783 3728 823 3767 δε
841 3727 1084 3782 chartula
1121 3734 1305 3781 nostra
1331 3734 1523 3779 vestrae
1552 3724 1749 3781 direxit
1792 3733 1976 3781 aucto-

396 3822 562 3877 ritati.
592 3819 704 3875 Nisi
736 3816 874 3876 forte
913 3820 1122 3875 notaria
1156 3833 1345 3873 manus
1374 3818 1566 3882 verba,
1597 3817 1827 3887 syllabas
1848 3858 1862 3883 ,
1894 3818 1976 3873 vel

395 3911 603 3965 lltteras
630 3911 987 3975 immutaSset,
1016 3908 1157 3979 quod
1182 3924 1323 3979 saepe
1350 3908 1563 3964 evenire
1588 3907 1724 3963 solet
1760 3924 1865 3962 non
1892 3924 1977 3963 so-

396 3998 507 4052 lum
535 3997 761 4063 Latinis,
798 3998 890 4052 sed
928 3999 1090 4051 etiam
1130 3996 1463 4066 Egyptiacis
1505 3997 1708 4064 pueris,
1752 3996 1893 4051 sicut
1922 3996 1974 4050 in

396 4086 576 4159 priore
603 4085 846 4139 chartula
874 4091 1057 4139 nostra
1077 4124 1101 4150 ι
1128 4095 1150 4122 ε
1180 4085 1247 4139 de
1285 4085 1452 4140 saltus
1493 4085 1845 4141 diminutione
1880 4102 1977 4155 per

398 4186 631 4236 vestram
656 4177 1053 4233 devotissimam
1080 4174 1480 4246 inquisitionem
1509 4175 1711 4232 factum
1741 4192 1859 4232 esse
1886 4193 1975 4233 co-

396 4270 576 4343 gnovi.
613 4269 679 4324 Et
727 4271 800 4324 ita
844 4282 998 4323 error
1030 4268 1318 4323 scribentis
1340 4269 1734 4337 quodammodo
1758 4268 1977 4325 dictanti

395 4358 754 4430 deputabitur.
784 4358 890 4414 Sed
919 4358 1143 4414 obsecro
1180 4366 1238 4412 ut
1280 4360 1520 4429 piissima
1547 4361 1760 4416 bonitas
1783 4369 1978 4417 vestra:

2087 1906 2257 1958 nostri
2293 1904 2419 1960 Jesu
2464 1907 2699 1973 Christi,
2731 1910 2824 1980 qui
2866 1917 2918 1966 te
2961 1912 3155 1982 ubique
3190 1923 3358 1983 regat,
3396 1921 3451 1969 et
3485 1920 3665 1971 custo-

2087 1992 2217 2058 diat,
2240 2004 2295 2049 et
2318 1998 2576 2053 victorem
2606 2000 2768 2055 faciat
2789 2004 3030 2058 omnium
3061 2005 3399 2059 inimicorum
3426 2014 3663 2073 tuorum,

2086 2098 2181 2138 seu
2212 2086 2523 2155 visibilium,
2560 2104 2654 2143 seu
2700 2090 3046 2147 invisibilium
3079 2113 3092 2148 :
3120 2104 3386 2165 quatenus
3418 2112 3540 2152 eum
3572 2111 3665 2152 co-

2089 2190 2220 2230 rona
2249 2175 2449 2246 gloriae,
2489 2179 2946 2245 multisfeliciter
2996 2195 3342 2255 regnaturum
3382 2188 3557 2254 annis,
3597 2188 3665 2243 ad

2089 2279 2310 2337 regnum
2332 2275 2546 2323 aeternae
2570 2268 2919 2326 beatitudinis
2958 2275 3237 2342 pervenire
3272 2292 3393 2332 cum
3422 2276 3665 2334 ﬁdelibus

2090 2356 2200 2410 suis
2226 2354 2505 2412 concedat.

2531 2458 2553 2485 °
2591 2447 2922 2507 EPISTOLA
2960 2451 3216 2508 LXXXV.

2600 2553 2667 2592 AD
2706 2554 2941 2596 DOXNUH-
2962 2558 3157 2598 κεοεδι.

2314 2643 2490 2714 (Anno
2519 2644 2641 2711 798,
2667 2662 2851 2703 mense
2877 2648 3017 2707 Julio
3040 2652 3122 2707 vel
3151 2651 3431 2723 Augusto.)

2086 2750 2277 2806 (Ξανθία
2302 2755 2447 2810 uaria
2471 2756 2536 2810 de
2561 2774 2721 2839 curnt
2750 2760 3001 2883 siderumd
3014 2763 3354 2835 interroganti
3370 2782 3440 2821 ea:
3465 2780 3663 2823 memo-

2674 2843 2754 2881 na
2782 2846 2964 2883 respon
3004 2842 3071 2883 et.

2674 2843 2754 2881 na
2782 2842 3071 2899 respondet.

2154 2931 2312 2988 Omni
2338 2934 2597 2989 virtutum
2624 2950 2829 3006 genere
2844 2939 3202 3007 nobilissimo,
3227 2951 3386 3013 atque
3411 2947 3554 3000 omni
3576 2963 3661 3003 sa-

2085 3020 2300 3090 pientia:
2320 3020 2515 3079 decore
2533 3024 2833 3081 clarissimo
2855 3026 3023 3083 David
3046 3030 3179 3100 regi,
3202 3032 3357 3086 miles
3378 3040 3661 3093 veteranus

2008 3144 2055 3209 ο
2086 3107 2312 3209 Flaccus
2344 3109 2591 3209 salutem.

2154 3200 2311 3255 Venit
2352 3201 2527 3257 viator
2564 3202 2821 3267 volando,
2855 3206 3287 3274 quaestionariam
3328 3212 3691 3268 auctoritatis.

2079 3298 2272 3346 vestra:
2300 3291 2505 3348 habens
2533 3292 2585 3346 in
2619 3308 2779 3348 manu
2810 3294 3053 3351 chartam
3089 3297 3311 3367 syllabis
3338 3300 3657 3367 breviorem,

2079 3395 2241 3449 quam
2270 3381 2435 3437 animi
2463 3382 2567 3437 mei
2604 3382 2893 3451 placuisset
2919 3385 3191 3453 aviditati;
3231 3388 3323 3442 sed
3350 3391 3659 3459 quaestioni-

2077 3468 2178 3523 bus
2206 3470 2448 3527 altiorem
2467 3512 2481 3537 ,
2510 3486 2669 3541 quam
2700 3473 2950 3542 ingenioli
2983 3475 3087 3529 mei
3116 3477 3381 3547 attingere
3407 3478 3663 3535 valuisset

2076 3557 2369 3613 humilitas.
2416 3559 2653 3618 Hortans
2695 3563 2966 3620 seniorem
3010 3563 3186 3635 fragili
3225 3581 3384 3621 sensu
3421 3568 3660 3625 ctelestia

2077 3646 2339 3710 scrutari,
2392 3647 2484 3716 qui
2534 3656 2871 3705 terrenarum
2923 3652 3148 3707 necdum
3197 3654 3380 3709 didicit
3428 3658 3662 3714 rationes

2076 3733 2353 3788 stellarum
2398 3734 2452 3789 in
2492 3734 2631 3789 cmlo
2664 3734 2958 3792 errantium
3004 3738 3346 3807 vagabundos
3393 3751 3660 3810 exponere

2078 3838 2294 3888 cursus,
2335 3823 2427 3894 qui
2465 3824 2753 3881 herbarum
2794 3826 2847 3880 in
2884 3834 3023 3881 terra
3063 3830 3397 3886 nascentium
3435 3842 3659 3891 naturas

2077 3928 2415 3984 nequaquam
2463 3930 2755 3985 agnoscere
2802 3917 2964 3972 valet.
3015 3918 3083 3972 Et
3126 3920 3352 3988 mirum,
3392 3927 3659 3994 quomodo

2075 4006 2335 4060 erraticas
2373 4005 2582 4063 illarum
2612 4008 2831 4063 semitas
2864 4010 2931 4064 ad
2964 4020 3171 4067 certum
3210 4015 3332 4084 quis
3370 4016 3544 4071 valeat
3570 4033 3655 4074 re-

2076 4096 2272 4151 ducere
2299 4097 2562 4152 ordinem.
2599 4099 2756 4169 ιοο
2787 4099 2916 4165 Quae
2957 4101 3077 4157 ideo
3110 4106 3349 4159 errantia
3388 4106 3657 4174 dicuntur,

2076 4185 2202 4254 quia
2250 4186 2484 4241 incertos
2526 4187 2724 4242 habere
2769 4204 2959 4244 cursus
3000 4199 3274 4261 putantur.
3317 4196 3412 4261 Vel
3447 4198 3574 4266 quid
3603 4199 3656 4253 in

2077 4280 2403 4349 quotidianis
2417 4280 2571 4336 .lunte
2599 4279 2873 4338 laboribus
2893 4292 3078 4340 nostra
3100 4287 3339 4356 parvitas
3362 4304 3466 4344 non
3486 4290 3661 4346 valeat

2078 4371 2338 4437 invenire,
2377 4372 2504 4427 dum
2546 4373 2895 4445 investigatas
2933 4376 3332 4455 catholicome
3359 4381 3654 4449 doctorum,

394 4448 667 4521 sapientiae
679 4451 1047 4549 meummagis
1066 4452 1351 4549 emendare
1372 4461 1524 4509 curet
1535 4467 1795 4520 errorem,
1812 4470 1972 4522 quam
2000 4487 2055 4549 ι)
2079 4460 2160 4515 vel
2173 4461 2877 4531 veterumphilosophorum
2900 4466 3178 4535 multiplici
3199 4448 3659 4540 argumentatione

396 4540 592 4609 scripta
620 4537 902 4610 parvitatis
927 4553 1060 4592 mea:
1102 4537 1155 4591 in
1198 4552 1389 4591 manus
1431 4540 1645 4595 mittere
1683 4543 1974 4611 reprehen-

396 4632 653 4685 dentium.
686 4630 821 4686 Sunt
846 4630 988 4685 enim
1021 4630 1111 4701 qui
1145 4628 1248 4684 sibi
1284 4630 1492 4687 laudem
1521 4643 1771 4701 quaerunt
1807 4650 1873 4689 ex
1898 4635 1975 4689 al-

396 4721 565 4775 terius
592 4716 1025 4789 reprehensione.
1051 4720 1117 4774 Et
1138 4720 1253 4775 inec
1280 4728 1363 4775 est
1389 4721 1598 4776 inlirma
1627 4721 1764 4789 laus,
1794 4732 1846 4777 et
1869 4739 1973 4778 non

397 4813 549 4869 valde
582 4809 881 4868 laudabilis.
914 4814 1103 4870 Melius
1124 4824 1208 4869 est
1238 4814 1466 4868 amicum
1506 4816 1791 4869 emendare
1816 4831 1974 4884 quam

399 4904 1017 4974 reprehendere..sapien
1027 4911 1106 4957 ter
1127 4903 1594 4976 [Al.,sapientem]
1618 4919 1675 4959 se
1696 4906 1978 4960 ostendere

399 5007 557 5065 quam
582 4995 906 5050 mordaciter
926 4979 1157 5047 alterum
1178 4999 1383 5047 notare.
1415 4994 1699 5063 Nunquam
1734 4997 1979 5066 scripsis-

400 5102 512 5143 sem
544 5088 688 5153 talia,
722 5086 765 5142 si
806 5094 1039 5140 vestram
1076 5084 1371 5139 bonitatem
1418 5092 1616 5139 nostrae
1661 5085 1978 5157 insipientia

470 5269 495 5297 ι
520 5257 894 5329 Decoiumnis,
916 5272 1019 5317 etc.
1038 5261 1167 5316 Haec
1184 5260 1423 5329 intelligo
1446 5260 1511 5315 dc
1539 5263 1757 5318 basilica
1784 5266 1980 5329 Aquis-

403 5327 673 5406 gran_ensi,
718 5332 785 5383 de
831 5348 935 5400 qua
973 5331 1313 5406 Eginhardus
1344 5327 1397 5383 in
1434 5329 1554 5385 Vita
1594 5327 1979 5406 Caroliihfagni

360 5468 361 5471 η
404 5397 542 5471 apud
568 5397 809 5471 B_ouq_uet
829 5397 950 5470 pag.
980 5397 1070 5467 99,
1094 5418 1148 5456 n.
1174 5400 1263 5463 26,
1292 5402 1407 5471 haec
1426 5410 1611 5457 narrat
1638 5420 1649 5454 :
1684 5421 1702 5453 ‹
1732 5397 1981 5459 Plurima:

404 5466 815 5540 pulchritudinis
832 5466 1130 5540 ibasilicam
1175 5470 1465 5533 exstruxit,
1516 5487 1753 5540 auroque
1795 5483 1849 5527 et
1897 5492 1982 5529 ar-

405 5544 562 5606 gento
588 5536 888 5610 adornavit.
926 5541 1005 5595 Ad
1034 5541 1187 5610 cujus
1210 5548 1531 5595 structuram
1557 5536 1681 5596 cuni
1706 5543 1982 5600 columnas

406 5615 459 5662 et
483 5617 754 5680 marmora
776 5606 990 5680 aliunde
1014 5606 1211 5666 habere
1239 5626 1342 5667 non
1366 5619 1567 5680 posset,
1600 5612 1764 5668 Roma
1795 5622 1847 5669 et
1878 5615 1980 5667 Ra-

406 5690 576 5730 venna
603 5676 913 5730 devehenda
952 5681 1181 5733 curavit.
1218 5701 1234 5732 ι

479 5748 505 5787 δ
543 5746 793 5800 CImrlula
822 5758 1012 5799 nostra.
1040 5749 1209 5803 Priori
1237 5766 1425 5819 nempe
1455 5751 1691 5820 cpistola.

2078 4550 2349 4617 regulares
2374 4550 2632 4603 habemus
2656 4552 2911 4607 rationes.
2943 4555 3081 4620 Quid
3105 4558 3249 4611 enim
3278 4559 3345 4614 de
3372 4566 3654 4621 concordia

2075 4637 2267 4691 solaris
2301 4636 2610 4706 lunarisque
2644 4654 2834 4695 cursus
2873 4656 2970 4710 per
2997 4643 3147 4711 signa
3187 4646 3390 4702 zodiaci
3428 4648 3659 4709 lucidius

2076 4726 2180 4783 dici
2217 4728 2435 4798 poterit,
2478 4745 2639 4800 quam
2680 4731 2822 4800 quod
2863 4732 3047 4787 talium
3082 4734 3370 4805 inquisitor
3408 4743 3658 4810 quaestio—

2078 4837 2205 4875 num
2237 4822 2376 4877 Beda
2408 4824 2663 4893 magister
2708 4825 2758 4877 in
2800 4824 3014 4893 scriptis
3058 4827 3171 4883 suis
3214 4830 3367 4884 nobis
3414 4831 3659 4902 reliquit?

2080 4913 2175 4967 Vel
2220 4914 2347 4984 quid
2385 4915 2595 4969 acutius
2629 4929 2789 4983 quam
2832 4915 2972 4985 quod
3002 4918 3322 4974 naturalium
3353 4936 3531 4974 rerum
3566 4922 3655 4975 de-

2081 5010 2387 5063 votissimus
2418 5010 2662 5062 inventor
2697 5008 2901 5063 Plinius
2935 5009 3234 5075 Secundus,
3264 5012 3329 5066 de
3359 5012 3651 5068 cwlestium

2080 5099 2561 5161 siderumratione,
2591 5100 2868 5166 exposuit,
2890 5100 3197 5171 investigari
3224 5100 3398 5153 valet?
3426 5100 3529 5156 Sed
3556 5121 3639 5159 no.

2149 5286 2184 5355 ς.
2222 5274 2286 5356 lg;
2324 5273 2500 5356 prio-ri;
2529 5270 2788 5356 chartario,
2834 5272 2897 5325 de
2920 5272 3083 5356 saltu:
3123 5272 3481 5329 diminutione.
3522 5278 3652 5334 Vide

2080 5339 2655 5483 “3&3;ng
2673 5342 3153 5483 (ἳῗέἀίηο
3181 5413 3535 5483 suspicionem
3566 5432 3651 5471 or-

2084 5492 2192 5537 tam
2219 5481 2282 5532 de
2312 5477 2673 5545 inmqualitate
2699 5479 2836 5545 globi
2868 5482 3159 5545 terraquei.

2158 5498 2192 5534 n
2219 5496 2282 5532 GC
2312 5496 2673 5545 lﬂiBQll'dlllale
2734 5496 2836 5532 IODI
2868 5496 3011 5531 terra
3053 5496 3159 5534 uel.

2158 5563 2179 5588 ε
2207 5547 2347 5601 Edit.
2392 5545 2640 5611 Qucrcet.
2747 5562 2829 5621 οξ-
2853 5563 2954 5621 ms.
2989 5496 3240 5615 (groben.
3274 5550 3386 5619 70.)
3442 5552 3651 5621 Scripta

2082 5629 2165 5674 est
2194 5633 2257 5671 eo
2285 5630 2426 5669 anno
2449 5631 2555 5684 quo
2584 5616 2751 5689 stella
2781 5615 2964 5689 ltiartis
2996 5634 3179 5689 rursus
3218 5621 3269 5673 in
3311 5615 3663 5689 conspectum.

2084 5689 2247 5751 venit,
2277 5699 2465 5752 nempe
2494 5700 2635 5739 anno
2658 5684 2782 5739 7.98.
2814 5686 2930 5739 Viti.
2962 5695 3071 5741 not.
3103 5688 3257 5756 epist.
3282 5684 3508 5759 praeced.
