4226 6198
528 374 630 428 279

1397 371 1451 422 ll.
1498 370 1551 423 ι’.
1597 368 1814 422 ᾹῌὶΙΝΙ
1848 366 1977 422 SILU
2017 365 2286 420 ALCUNI
2324 364 2527 420 υιιειιι
2556 366 2600 417 .\l
2642 366 2817 419 PARS
2855 364 2892 419 l.

3661 365 3776 419 280

533 485 611 534 his
638 496 661 520 ιι
690 483 791 534 iter
819 479 1093 548 agentibus
1118 480 1346 538 illorum.
1381 482 1430 532 in
1465 481 1658 548 quibus
1698 481 1807 534 haec
1831 481 2094 546 leguntur,
2124 481 2172 537 Α
2198 485 2250 529 et
2281 476 2398 528 aliis
2425 486 2654 544 quatuor
2674 477 2870 531 habere
2901 475 3460 533 inveniuntur.,Etiam
3483 485 3538 532 et
3557 486 3768 532 ustum:

533 569 786 621 librorum
814 569 958 621 deest
988 568 1288 635 praesentia.
1334 567 1471 620 Nihil
1497 567 1564 620 de.
1599 578 1788 621 Vestrae
1824 567 2098 644 sapientia-

533 657 959 726 prol'undissimis
979 657 1360 726 qna-stionihus
1382 668 1580 711 temere
1603 659 1859 712 audemus
1883 673 2099 726 respon—

532 753 657 807 dere
694 768 708 805 :
741 753 1070 822 postulantes
1111 752 1444 805 clementiam
1485 762 1735 810 vestram.
1777 751 2104 818 ut‘jnbeatis

536 844 688 896 nobis
715 842 945 912 dirigere
973 845 1172 912 primos
1200 842 1401 913 pra’ifati
1430 845 1665 900 doctoris
1690 845 1844 900 Plinii
1875 845 2102 900 Secundi

535 933 740 988 libellos
761 975 774 997 ,
803 934 856 987 in
883 935 1076 1003 quibus
1102 929 1422 1004 multiplices
1455 948 1509 990 et
1540 939 1794 992 obscuras
1819 954 2102 1006 argumen-

537 1025 765 1079 tationes
793 1025 856 1079 de
882 1025 1028 1080 vario
1054 1027 1289 1079 siderum
1317 1041 1476 1080 cursu
1501 1027 1787 1096 explanare
1813 1027 2029 1090 nititur;
2061 1028 2104 1080 si

535 1113 669 1169 forte
695 1115 802 1170 Deo
829 1115 1079 1179 donante,
1116 1116 1238 1169 inde
1281 1116 1360 1169 vel
1399 1118 1518 1171 inde
1559 1117 1760 1187 aliquid
1799 1133 1988 1172 eruere
2018 1133 2107 1169 va-

535 1205 758 1270 leamus,
790 1209 930 1276 quod
970 1216 1162 1262 vestne
1189 1210 1540 1264 sanctissimae
1567 1212 1864 1282 przesentia:
1889 1212 2106 1280 dignum

532 1295 741 1350 ostendi
772 1295 1031 1349 videatur.
1060 1294 1262 1350 Tamen
1290 1312 1460 1352 neme
1490 1299 1560 1351 ita
1588 1300 1907 1368 imparatum
1932 1308 2108 1354 vestra

536 1381 830 1437 invenisset
869 1384 1131 1446 chartula,
1182 1374 1263 1438 vel
1310 1400 1498 1440 somno
1543 1385 1751 1440 inertia:
1787 1395 2107 1454 torpentem,

535 1472 688 1540 quasi
723 1472 856 1524 nihil
882 1473 1104 1526 haberet
1131 1473 1421 1541 repositum
1448 1474 1548 1528 sibi
1578 1477 1629 1528 in
1667 1485 1874 1530 secreto
1909 1491 2110 1532 memo-

538 1559 633 1612 ria:
657 1560 921 1622 cubiculo,
952 1561 1092 1629 quod
1119 1563 1467 1631 interroganti
1499 1545 1742 1632 proferre
1770 1565 2006 1631 valeret;
2032 1566 2110 1620 di-

535 1663 676 1712 cam,
705 1650 832 1718 quid
861 1650 1052 1712 subito,
1085 1653 1371 1720 qnmrendo
1410 1655 1577 1723 magis
1610 1671 1770 1724 quam
1800 1657 2112 1726 exponendo

537 1739 750 1793 turbata
789 1741 981 1794 mentis
1008 1739 1129 1795 acie
1153 1757 1439 1796 occurrere
1469 1744 1670 1810 potuit;
1718 1745 2031 1812 pleniorem,
2067 1746 2110 1799 si

533 1827 674 1886 forte
698 1847 830 1900 opus
868 1834 994 1896 erit,
1040 1833 1437 1900 responsionem
1469 1833 1534 1887 ad
1557 1835 1805 1902 put-fatos
1832 1835 2109 1889 doctorum
2142 1805 2186 1866 Β

533 1918 700 1978 libros
729 1937 1032 1978 reservans.

606 2013 781 2068 Prima
809 2031 934 2071 vero
959 2017 1298 2072 auclmitatis
1317 2028 1504 2072 vestrm
1528 2018 1873 2087 interrogatio
1895 2024 1959 2072 de
1985 2033 2111 2072 con-

533 2106 715 2180 cordia
752 2115 1111 2161 trecentarum
1147 2117 1202 2160 et
1227 2108 1502 2174 sexaginta
1539 2108 1791 2175 partium,
1827 2116 1878 2160 et
1909 2106 2113 2160 lunaris

533 2208 723 2248 cursus
766 2209 861 2263 pcr
890 2193 1168 2248 duodecim
1191 2195 1346 2263 “signa
1394 2196 1471 2250 sic
1501 2208 1558 2247 se
1602 2196 1806 2256 habuit,
1837 2204 1895 2249 ut
1922 2197 2110 2249 cadent

536 2299 795 2352 ponanms
823 2285 981 2340 verba
1010 2301 1023 2338 :
1055 2286 1202 2340 Sicut
1238 2288 1288 2338 ia
1315 2287 1479 2339 solari
1504 2287 1723 2340 decursu
1755 2287 1978 2349 dierum,
2015 2287 2110 2338 lio-

536 2392 733 2438 rarum,
749 2369 1156 2444 punctormugur
1175 2375 1422 2428 itit-isiune
1437 2374 1574 2440 facta
1594 2383 1935 2426 trecentorum
1956 2372 2108 2444 [Cod.

541 2463 680 2528 Vah,
709 2466 958 2516 dirisimu‘
985 2464 1123 2531 facta
1151 2474 1494 2516 trecentarum
1520 2464 1788 2532 sexaginta
1813 2465 2038 2532 partium
2065 2474 2111 2516 et

529 2556 898 2627 trecentorum]
927 2557 1196 2625 sexaginta
1233 2556 1456 2626 quinque
1479 2558 1680 2608 dierum
1719 2565 1766 2608 et
1807 2554 2112 2624 quadrantis

533 2657 609 2701 est
634 2649 833 2701 inrenta
861 2650 1168 2708 concordia;
1207 2650 1280 2700 sic
1318 2658 1362 2699 et
1400 2649 1451 2699 in
1491 2646 1665 2700 lunari
1701 2661 1793 2714 per
1828 2646 2026 2697 dierum
2066 2654 2114 2696 et

534 2738 778 2790 horarum
809 2739 1157 2807 partitionem,
1193 2739 1368 2806 riginti
1396 2747 1583 2806 septem
1623 2736 1731 2788 dies
1770 2746 1922 2804 atque
1959 2735 2115 2788 Itoras

536 2835 650 2879 octo
693 2843 806 2878 cant
846 2828 1083 2880 trecentis
1119 2829 1388 2896 sexaginta
1435 2827 1636 2880 zodiaci
1676 2825 1910 2894 partibus
1949 2825 2115 2893 facias

536 2918 821 2971 convenire.
849 2919 960 2972 Non
988 2917 1319 2987 subterfugio
1342 2917 1542 2980 dicere,
1565 2919 1691 2988 quid
1713 2919 1843 2972 mihi
1872 2917 2117 2972 videatur

539 3005 882 3076 sagacitatem
914 3017 1146 3062 vestram
1183 3007 1266 3061 hic
1303 3008 1358 3062 in
1387 3007 1485 3061 hac
1520 3008 1866 3078 inquisitione
1893 3008 2113 3070 sentire,

539 3078 722 3167 utique
764 3107 855 3149 aut
897 3097 1195 3167 augendum
1221 3113 1337 3152 esse
1371 3099 1570 3168 aliquid
1600 3114 1698 3166 per
1725 3098 1934 3165 singula
1963 3099 2113 3168 signa

539 3185 676 3245 luna:
692 3187 891 3248 cursui,
917 3196 970 3238 ut
990 3187 1153 3255 possit
1175 3187 1456 3254 pervenire
1481 3187 1546 3239 ad
1570 3186 1836 3255 legitimas
1855 3193 1910 3239 et
1934 3186 2114 3242 defini-

537 3285 622 3331 tas
657 3276 820 3330 totius
851 3276 972 3329 anni
1010 3287 1207 3345 partes,
1235 3292 1353 3346 qtae
1391 3277 1442 3330 in
1484 3277 1702 3330 zodiaco
1735 3285 2006 3340 notantur,
2034 3275 2116 3330 vel

534 3369 698 3425 etiam
744 3368 984 3422 minuere
1031 3369 1263 3437 partium
1311 3383 1626 3430 numerum,
1677 3376 1738 3422 ut
1787 3367 2117 3421 concordare

535 3461 703 3540 possit
744 3459 948 3514 lunaris
992 3474 1184 3513 cursus
1229 3459 1429 3511 zodiaci
1472 3458 1626 3525 parti!
1649 3454 1732 3510 us.
1772 3455 1940 3521 Quam
1973 3470 2117 3525 quat-

536 3551 760 3605 stionem
792 3548 1048 3618 praefatus
1077 3549 1330 3618 magister
1356 3547 1493 3600 Beda
1525 3548 1576 3600 in
1605 3547 1835 3615 quodam
1862 3545 2110 3614 capitulo,

537 3642 689 3711 cujus
728 3643 1063 3714 principium
1093 3655 1209 3696 esse
1250 3641 1483 3694 arbitror
1513 3657 1524 3692 :
1557 3638 1708 3704 Quod
1737 3639 1781 3691 si
1802 3639 1918 3707 quis
1943 3638 2116 3706 signo-

537 3753 652 3790 rum
687 3737 906 3801 nescius,
936 3735 1137 3797 lunaris
1162 3737 1333 3785 tante‘n
1360 3748 1544 3785 cursus
1573 3746 1848 3800 agnoscere
1873 3728 2112 3797 cupidus,

537 3838 664 3893 etc.,
692 3833 850 3896 prout
882 3825 1074 3894 potuit,
1099 3837 1367 3892 exponere
1409 3821 1638 3877 videtur.
1689 3819 1791 3873 Per
1833 3819 2114 3874 duodecim

536 3927 732 3986 partes,
758 3917 955 3986 quibus
979 3913 1220 3984 quotidie
1249 3913 1372 3964 luna
1399 3910 1738 3978 elongabitur
1779 3924 1808 3961 a
1833 3909 1972 3971 sole,
2009 3907 2115 3959 Pli-

537 4011 655 4064 nius
676 4007 954 4062 Secundus
974 4005 1105 4058 dicit
1123 4003 1302 4063 lunam
1325 4003 1391 4073 (si
1415 4004 1516 4056 rite
1543 3999 1814 4070 recordor)
1839 3999 2114 4053 zodiacum

537 4099 798 4153 tredecies
847 4097 898 4150 in
935 4094 1215 4151 duodecim
1257 4093 1366 4147 suis
1413 4091 1689 4146 mensibus
1724 4088 2008 4146 coniicere.
2058 4084 2114 4138 In

493 4215 495 4217 ί
535 4191 645 4244 suis
665 4189 795 4243 dicit
819 4188 1110 4252 mensibus,
1139 4201 1243 4238 non
1269 4187 1321 4237 in
1345 4184 1494 4242 solis.
1517 4182 1733 4243 Addidit
1759 4195 1970 4250 quoque
1990 4179 2115 4233 duo-

537 4280 636 4331 bus
672 4278 881 4338 dic‘ous,
923 4285 980 4328 et
1025 4289 1117 4328 sex
1153 4275 1332 4340 horis,
1359 4284 1415 4328 et
1461 4271 1801 4330 bisseunius
1835 4271 1980 4324 hora:
2020 4283 2116 4337 per

537 4367 741 4437 singula
771 4366 918 4435 signa
949 4364 1130 4418 lunam
1169 4365 1484 4428 decurrere.
1517 4363 1670 4427 Quod
1715 4361 1767 4423 si
1787 4375 1970 4413 verum
2009 4365 2111 4418 est,

540 4469 894 4514 trecentarum
946 4455 1224 4524 sexaginta
1281 4453 1513 4523 partium
1564 4451 1925 4507 numerositas
1976 4448 2113 4502 lunae
2142 4485 2192 4546 υ

537 4547 716 4602 cursui
748 4545 950 4613 optime
977 4545 1262 4599 convenire
1294 4543 1520 4597 videtur.
1554 4540 1706 4608 Quod
1735 4541 1890 4594 unius
1929 4538 2114 4609 figura:

535 4638 798 4693 divisione
843 4634 1041 4706 magis,
1096 4649 1256 4703 quam
1307 4636 1594 4690 verborum
1649 4632 2111 4702 multiplicatione,

536 4727 659 4795 quia
689 4725 913 4792 sapienti
941 4709 1425 4794 paucasulliciunt,
1451 4723 1836 4778 ostendendum
1862 4735 1980 4778 esse
2008 4734 2112 4777 non

539 4814 766 4886 ignobile
793 4814 995 4883 putavi.
1033 4814 1196 4882 Cujus
1226 4812 1410 4882 ﬁgurae
1439 4811 1466 4850 ι’
1498 4808 1777 4866 formulam
1811 4817 1931 4877 post
1957 4805 2114 4875 hujus

536 4904 772 4975 cpistola:
810 4911 1012 4958 textum
1051 4917 1248 4972 ponere
1284 4900 1476 4956 melius
1502 4897 1805 4962 existimavi
1831 4911 1990 4966 quam
2017 4909 2115 4964 per

537 5015 656 5055 eam
683 4997 875 5051 seriem
905 4993 1172 5049 sermonis
1199 4993 1365 5045 nostri
1404 4990 1660 5046 dividere.
1704 4987 1760 5042 In
1801 5002 1908 5058 qua
1949 4987 2109 5041 etiam

541 5090 705 5160 tignra
733 5098 786 5141 et
827 5089 1079 5142 horarum
1114 5083 1401 5137 diversitas
1447 5081 1662 5149 agnosci
1697 5079 1914 5148 poterit,
1943 5078 1985 5131 si
2025 5077 2109 5144 cui

541 5179 844 5246 diligentius
887 5175 1229 5232 considerare
1276 5173 1501 5242 placeat,
1547 5170 1670 5238 quia
1711 5169 1866 5222 aliter
1909 5167 2112 5221 solares

540 5268 692 5337 [Cod.
736 5265 829 5318 ναι
856 5305 870 5325 .
910 5266 1035 5333 quia
1070 5265 1228 5320 aliter
1266 5268 1411 5317 horae
1448 5261 1744 5329 signorum,
1782 5255 1938 5310 aliter
1975 5254 2110 5308 sola-

543 5354 668 5426 rcs],
695 5353 840 5407 aliter
867 5352 1082 5405 lunares
1105 5358 1497 5417 computantur.
1518 5347 1690 5400 Etiam
1716 5344 1769 5398 in
1792 5340 2109 5412 quibusdam

541 5447 668 5500 locis
695 5455 746 5500 et
775 5444 878 5514 ipsi
901 5449 1128 5512 punctus
1151 5440 1306 5493 aliter
1326 5447 1482 5506 atque
1505 5438 1661 5492 aliter
1686 5441 2064 5506 computantur
2094 5445 2108 5482 :

541 5539 630 5596 ita,
664 5547 722 5590 ut
749 5535 866 5590 aliis
888 5530 1359 5604 supputationihus
1386 5530 1571 5583 horam
1601 5528 1835 5596 quinque
1865 5528 2107 5594 punctos,

612 5659 637 5684 η·
669 5643 777 5713 lter
822 5644 1109 5713 agentibus.
1153 5638 1564 5713 Pechlgipm?
1593 5646 1652 5713 nt
1683 5638 1733 5690 in
1748 5636 1936 5713 Aepist.
1967 5649 2080 5703 seq.

612 5717 636 5752 ι’
671 5705 880 5780 Figunr
908 5713 1205 5780 formulam.
1237 5705 1408 5765 Hancf
1423 5706 1706 5780 formulam
1742 5705 2110 5770 Quercetanns

548 5776 916 5851 ciuisitfqnod'
939 5782 992 5834 in
1023 5782 1276 5842 cod.ms.,
1317 5793 1454 5840 reor,
1483 5776 1892 5830 desideraretur.

2202 564 2360 618 aliter
2391 563 2740 618 calculatores
2771 573 3007 633 ponunt,
3032 564 3186 618 aliter
3216 566 3375 619 etiam
3407 566 3770 620 mathematici

2202 654 2378 719 solent
2399 653 2654 708 dividere.
2685 653 2774 706 Sic
2799 654 2958 706 etiam
2981 663 3035 707 et
3059 653 3125 707 de
3154 653 3371 708 minut's
3393 654 3690 708 invenimus
3714 653 3772 705 in

2206 745 2704 801 mathematicorum
2727 739 3088 801 subtilissimis
3108 746 3657 812 argumentationibus
3674 744 3774 797 ali-

2207 844 2288 888 ter
2314 836 2466 905 poni;
2506 836 2598 898 ita,
2624 844 2680 887 ut
2707 836 2870 888 etiam
2898 836 3452 893 minuta'minutarnm
3481 835 3657 890 dicere
3685 849 3776 888 so-

2205 925 2336 977 lent.
2368 924 2474 977 Sed
2501 925 2611 978 lucc
2649 923 2798 979 alias.
2831 923 2984 979 Nunc
3011 925 3153 993 quod
3182 925 3361 988 instat,
3389 939 3626 994 agamus.

2279 1015 2562 1082 Signorum
2593 1029 2721 1068 vero
2747 1014 3059 1083 partitiones
3086 1030 3183 1084 per
3219 1015 3400 1080 horas,
3431 1023 3486 1070 et
3509 1014 3778 1084 quomodo

2208 1102 2555 1156 convenirent
2583 1117 2773 1156 novem
2804 1103 2949 1156 borze
2973 1101 3186 1156 lunares
3213 1102 3448 1170 quinque
3475 1102 3661 1156 diebus
3682 1115 3743 1154 so
3761 1129 3775 1138 -

2209 1194 2431 1255 laribus,
2461 1193 2677 1251 memini
2717 1207 2803 1246 me
2831 1203 2855 1230 ε
2890 1193 2942 1244 in
2967 1191 3071 1255 alia
3101 1190 3254 1246 vobis
3275 1191 3505 1262 dirigere
3529 1189 3774 1260 epistola.

2211 1285 2330 1340 Ideo
2359 1300 2500 1338 nunc
2536 1299 2928 1352 supervacuum
2949 1298 3068 1342 esse
3093 1282 3381 1338 arbitratus
3408 1299 3543 1344 sum,
3575 1281 3780 1352 aliquid

2213 1376 2332 1430 inde
2360 1375 2556 1428 dicere.
2586 1367 2910 1428 Divisiolnem
2952 1373 3132 1442 itaque
3171 1374 3425 1429 horarum
3466 1388 3558 1441 per
3595 1371 3782 1426 uncias

2211 1465 2363 1519 vobis
2398 1464 2664 1532 cognitam
2701 1478 2820 1519 esse
2858 1479 2964 1518 non
3007 1464 3158 1534 101
3199 1465 3528 1534 ignoramus,
3559 1463 3695 1517 sicut
3725 1465 3780 1517 in

2213 1554 2351 1608 libro
2377 1554 2441 1608 de
2477 1553 2828 1622 Temporibus
2856 1552 3059 1624 [For-te,
3089 1555 3222 1609 Ven.
3250 1552 3427 1624 Βεὼρ]
3466 1553 3693 1623 legistis.
3715 1555 3781 1608 Et

2213 1645 2336 1712 quia
2366 1658 2646 1711 operosum
2680 1652 2764 1696 est
2791 1643 2930 1696 lunae
2955 1658 3170 1696 cursum
3196 1658 3291 1711 per
3313 1644 3498 1698 uncias
3528 1644 3784 1698 horarum

2215 1731 2472 1795 dividere,
2499 1731 2618 1784 ideo
2639 1729 2808 1798 magis
2825 1729 3175 1783 calculatores
3204 1729 3268 1782 ad
3295 1729 3548 1786 horarum
3576 1731 3656 1784 vel
3675 1731 3785 1784 die-

2215 1837 2332 1874 rum
2362 1835 2644 1874 mcnsuras
2684 1819 2822 1872 lunze
2859 1833 3048 1873 cursus
3090 1817 3332 1887 redigere
3366 1819 3602 1873 contenti
3638 1828 3784 1881 sunt,

2214 1926 2279 1964 ne
2317 1911 2481 1962 nimia
2519 1894 2876 1964 numerositas
2915 1909 3197 1964 unciamm
3231 1907 3424 1978 legenti
3459 1907 3674 1962 fastidio
3705 1924 3789 1963 es-

2213 2000 2312 2056 set.
2351 2001 2551 2054 Tanton
2597 1999 2898 2068 specialiter
2935 1999 3136 2053 dictum
3176 2011 3296 2050 esse
3336 1997 3604 2061 debuisse,
3642 1996 3788 2066 quod

2213 2100 2455 2160 superest
2487 2092 2539 2143 in
2567 2088 2791 2158 singulis
2815 2088 3008 2156 signis,
3043 2094 3099 2140 et
3137 2085 3346 2140 duobus
3381 2086 3573 2141 diebus
3604 2095 3661 2141 et
3692 2101 3788 2140 sex

2213 2187 2379 2247 horis,
2414 2185 2465 2239 id
2490 2193 2588 2247 est,
2622 2191 2745 2238 octo
2773 2181 2948 2236 unciis
2978 2180 3137 2253 unius
3163 2180 3331 2243 horse,
3360 2189 3611 2249 putamus
3643 2179 3695 2232 in
3723 2194 3792 2233 eo

2213 2277 2331 2331 loco
2360 2274 2448 2328 ubi
2480 2275 2554 2333 ait
2590 2287 2604 2325 :
2634 2286 2916 2342 operosum
2960 2281 3043 2324 est
3083 2271 3136 2322 in
3165 2269 3390 2338 singulis
3427 2269 3593 2338 signis
3629 2268 3794 2323 horas

2215 2366 2520 2423 minutatim
2549 2363 2786 2418 dividere
2822 2377 2918 2430 per
2948 2359 3164 2413 uncias?
3194 2359 3325 2414 Ideo.
3345 2359 3477 2414 duas
3511 2359 3670 2414 horas
3695 2360 3791 2418 tri-

2213 2460 2313 2512 bus
2342 2455 2510 2526 signis
2544 2453 2962 2508 subtrahendum
2991 2463 3113 2505 esse
3148 2449 3314 2514 dixit,
3354 2450 3479 2518 quia
3509 2450 3668 2504 trium
3711 2451 3792 2508 si-

2213 2564 2440 2618 gnorum
2481 2546 2670 2616 viginti
2710 2552 2942 2614 quatuor
2980 2542 3151 2597 unciae
3185 2543 3321 2597 duas
3348 2541 3509 2597 horas
3545 2542 3794 2612 implent,

2215 2639 2347 2692 hora
2367 2652 2494 2691 vero
2515 2637 2721 2704 integra
2742 2633 3020 2688 duodecim
3043 2631 3228 2687 uncias
3246 2631 3445 2688 habere
3463 2632 3640 2687 debet.
3661 2632 3796 2697 Qu:

2214 2725 2393 2779 omnia
2426 2732 2616 2779 vestrae
2644 2722 2918 2792 sapientiae
2940 2720 3263 2791 przeeognita
3289 2735 3410 2778 esse
3437 2735 3542 2774 non
3573 2720 3790 2792 ignora-

2216 2829 2353 2869 ntus.

2285 2905 2623 2974 QuaprOpter
2650 2905 2716 2958 de
2746 2901 2898 2957 stella
2925 2899 3111 2955 Martis
3139 2895 3424 2972 incipimus
3447 2899 3645 2963 dicere,
3673 2914 3794 2968 qua:

2215 2995 2494 3048 videntur:
2537 2992 2690 3061 cujus
2723 2991 2996 3060 inquisitio
3041 2999 3250 3048 mentes
3290 2999 3506 3047 nostras
3551 2990 3640 3043 diu
3670 2989 3790 3044 fati-

2219 3098 2346 3155 gare
2371 3081 2593 3145 solebat,
2617 3082 2691 3136 ita
2709 3089 2770 3135 ut
2792 3095 2891 3134 nec
2911 3085 3176 3150 apparens
3205 3087 3399 3134 nostrae
3421 3077 3551 3150 [Al.,
3566 3077 3790 3149 nostris}

2219 3173 2582 3230 satisfaciebat
2610 3171 2930 3226 curiositati.
2973 3169 3103 3234 Quae
3140 3184 3309 3237 nuper
3332 3166 3442 3222 sole
3471 3175 3712 3220 morante
3736 3167 3790 3220 in

2217 3264 2393 3320 Leone
2420 3262 2574 3317 nobis
2598 3260 2876 3329 apparuit;
2907 3256 3311 3326 propemodum,
3342 3264 3400 3310 ut
3430 3266 3701 3326 putamus,
3723 3270 3795 3309 eo.

2217 3365 2455 3423 tempore
2478 3366 2584 3420 quo
2610 3349 2746 3420 apud
2780 3365 2878 3402 nos
2928 3348 3142 3402 inventa
3190 3355 3276 3401 est
3315 3347 3555 3417 ejusdem
3604 3345 3796 3399 Martis

2217 3444 2410 3512 imago.
2445 3442 2516 3494 De
2544 3455 2649 3510 qua
2676 3441 2840 3493 etiam
2875 3437 3027 3493 stella
3055 3445 3246 3491 vestra:
3278 3434 3573 3490 venerabili
3611 3433 3785 3503 digni-

2217 3534 2314 3588 tati
2335 3532 2360 3572 ά
2380 3533 2434 3586 in
2457 3532 2562 3594 alia
2587 3529 2812 3600 epistola
2843 3543 2964 3582 mox
2985 3534 3269 3597 postquam
3297 3540 3327 3578 a
3358 3523 3513 3579 nobis
3538 3522 3650 3576 visa
3669 3520 3788 3585 fuit,

2216 3622 2508 3678 secundum
2541 3619 2850 3682 facultatem
2878 3617 2965 3689 [At
2994 3658 3011 3684 ,
3056 3612 3390 3686 facilitatem]
3439 3614 3792 3685 indagationis

2216 3723 2412 3768 nostrae
2438 3713 2638 3781 aliquid
2663 3712 2843 3767 dicere
2878 3709 3206 3770 curavimus.
3244 3705 3349 3761 Sed
3376 3706 3534 3762 modo
3571 3715 3670 3777 pro
3695 3720 3790 3760 ve.

2215 3811 2342 3858 stne
2384 3802 2623 3872 epistolre
2647 3799 3020 3856 exhortatione
3055 3795 3257 3866 aliquid
3298 3796 3605 3867 diligentius
3633 3795 3698 3850 de
3727 3810 3790 3849 ea

2215 3892 2436 3946 scrutati
2461 3905 2666 3945 sumus.
2690 3887 2826 3941 Nam
2851 3885 3152 3955 hujusmodi
3174 3882 3609 3956 interrogationis
3624 3882 3788 3937 verba

2214 3980 2468 4051 posuistis
2493 3996 2508 4031 :
2541 3978 2607 4031 Et
2629 3978 2695 4031 de
2724 3976 2914 4040 Marte,
2936 3976 3025 4047 qui
3051 3991 3190 4029 anns
3213 3974 3476 4044 pmterito
3504 3970 3557 4026 in
3589 3971 3790 4026 Cancro

2214 4073 2382 4128 sidere
2409 4069 2534 4126 solis
2566 4065 2758 4123 lumine
2800 4067 3041 4120 Immanis
3072 4064 3330 4120 obtutibus
3361 4064 3668 4141 interceptus
3691 4072 3786 4120 est.

2201 4162 2338 4234 quid
2363 4163 2592 4224 sentias;
2615 4177 2683 4212 an
2711 4157 2969 4211 naturalis
2999 4156 3082 4210 sui
3102 4151 3283 4209 cursus
3316 4154 3537 4218 ratione,
3570 4169 3638 4206 an
3665 4145 3788 4214 solis

2216 4256 2282 4318 ei,
2308 4270 2378 4306 an
2399 4249 2635 4321 prodigio
2655 4256 2828 4301 actum
2854 4248 2942 4310 sit,
2969 4255 3022 4299 ut
3048 4246 3150 4298 iter
3163 4244 3384 4296 duorum
3403 4255 3660 4293 annorum
3685 4254 3788 4290 uno

2215 4342 2510 4411 conﬁceret.
2543 4337 2683 4392 Nam
2709 4352 2869 4406 nuper
2901 4334 3008 4390 sole
3031 4333 3252 4386 Leonem
3285 4331 3550 4383 descrente
3576 4329 3629 4382 in
3651 4326 3788 4382 Can-

2217 4452 2305 4490 cro
2341 4435 2487 4492 nabis
2532 4433 2792 4504 apparuit.
2842 4429 2898 4485 Si
2932 4428 3090 4486 solent
3116 4427 3386 4483 comitatus
3418 4435 3514 4494 est,
3544 4428 3659 4498 quis
3679 4437 3787 4480 tam

2217 4526 2351 4586 celer
2389 4540 2574 4580 cursus
2613 4521 2769 4593 ejus?
2815 4517 2872 4581 Si
2919 4529 3026 4574 toto
3073 4533 3210 4571 anno
3243 4517 3518 4571 stationem
3556 4517 3613 4569 in
3651 4513 3789 4570 Can-

2215 4635 2314 4679 cro,
2331 4618 2475 4687 fecit,
2501 4613 2609 4670 sole
2642 4613 2695 4668 in
2725 4619 2911 4670 ctrtera
2952 4610 3102 4679 signa
3131 4608 3408 4677 migrante,
3443 4621 3550 4658 cur,
3571 4605 3626 4656 in
3651 4602 3788 4656 Can-

2215 4724 2302 4761 cro
2329 4707 2489 4762 uideri
2515 4720 2618 4758 non
2642 4700 2848 4772 potuit:
2877 4697 3206 4762 scholastica
3225 4702 3279 4748 et
3295 4691 3602 4747 acutissima
3631 4704 3787 4759 argu-

2213 4796 2473 4858 mentatio
2516 4794 2640 4856 ista,
2681 4792 2750 4853 ad
2775 4804 2934 4858 quam
2980 4786 3282 4850 succincte,
3323 4790 3580 4862 quantum
3617 4781 3784 4838 dona-

2214 4889 2351 4942 verit
2377 4887 2536 4949 Deus,
2574 4881 3009 4956 respondeamus.

2281 4977 2436 5046 Quod
2463 4985 2651 5030 autem
2671 4973 2741 5028 ibi
2763 4971 2964 5027 dictum
2991 4979 3095 5035 est,
3122 4968 3251 5031 solis
3278 4966 3478 5021 lumine
3501 4965 3555 5028 in
3578 4964 3788 5020 Canem

2213 5068 2564 5139 interceptam
2594 5078 2712 5124 esse
2741 5061 2950 5117 stellam
2973 5057 3161 5116 Martis
3197 5055 3447 5115 humanis
3471 5051 3783 5139 obtutibus:

2213 5177 2317 5216 non
2345 5138 2554 5214 mstimo
2583 5154 2709 5210 solis
2735 5151 2956 5212 lumine,
2987 5154 3100 5201 toto
3130 5160 3271 5200 anno
3311 5140 3604 5213 prasterito,
3650 5138 3785 5193 Mar-

2214 5253 2282 5307 tis
2311 5249 2519 5306 stellam
2544 5247 2596 5299 in
2620 5243 2830 5298 Cancro
2853 5239 3202 5308 interceptam
3228 5249 3374 5297 esse;
3401 5231 3502 5290 sed
3517 5230 3782 5285 Cancrum

2211 5346 2511 5410 opportuno
2554 5340 2796 5398 tempore
2838 5337 2893 5382 et
2940 5324 3169 5381 naturali
3218 5335 3408 5410 cursus
3453 5317 3782 5410 suiuordinc,

2213 5405 2334 5482 cum
2363 5424 2516 5480 stella
2546 5420 2734 5474 Martis
2759 5415 2971 5484 objecta
2998 5422 3156 5467 terra
3191 5408 3439 5464 humanis
3456 5407 3662 5463 visibus
3697 5405 3784 5464 inr-

2216 5523 2508 5584 terceptum
2549 5524 2689 5572 esse.
2729 5493 2904 5576 igitur
2930 5511 3070 5557 anno
3111 5499 3385 5571 ιιι-πίοιτὶιο
3427 5512 3532 5553 non
3560 5492 3786 5596 memini

2286 5637 2307 5665 ο
2337 5625 2409 5678 In.
2431 5624 2602 5678 alia...
2633 5619 2868 5692 cpistola:
3053 5614 3130 5692 in
3149 5611 3286 5692 edit._
3581 5605 3656 5662 εἱ
3674 5611 3788 5679 et“

2215 5713 2242 5749 ει
2275 5695 2427 5750 nobis
2459 5695 2597 5748 inter
2622 5681 2781 5759 opera
2808 5683 3170 5759 philosophica
3201 5681 3531 5759 exhibenda.

2287 5765 2320 5820 a~
2346 5763 2408 5817 ιη
2441 5763 2546 5816 alia
2572 5752 3037 5830 epiitolafb'empe
3062 5752 3234 5822 priori
