4238 6200
406 356 511 412 28f

1818 354 2196 409 EPISTULE'.

3524 363 3632 419 282

406 490 490 530 ιιι-ε
520 471 666 526 illum
712 470 906 524 vidisse
946 471 999 523 in
1033 470 1258 535 Cancro,
1299 473 1423 534 dum
1472 471 1674 525 (humer
1719 462 1963 523 noctibus
1991 475 2035 527 Α
2064 467 2194 521 lium
2220 480 2520 526 vestrorum
2558 474 2845 529 amabilem
2892 471 3132 544 perspexi
3172 475 3419 540 salutem,
3462 484 3629 532 totum

403 562 489 614 sui
512 575 702 615 cursus
742 558 982 615 ordinem
1018 559 1204 627 agebat
1246 574 1407 628 super
1434 557 1548 630 [Ρη
1578 557 1761 613 subter
1789 566 1841 610 ut
1883 558 1964 610 in-

406 645 513 719 fra]
541 656 759 703 terram.
788 645 896 699 Nec
928 647 1072 700 enim
1102 645 1465 717 prodigiosum
1510 661 1643 701 rcor'
1656 645 1795 714 quod
1822 652 1969 699 tanto

407 745 644 804 tempore
668 735 825 789 nobis
849 751 953 789 non
979 736 1261 806 apparuit,
1292 736 1384 790 sed
1409 736 1637 791 naturali
1670 736 1751 789 sui
1779 750 1969 793 cursus

403 826 610 880 ordine.
637 824 692 879 Si
717 825 859 879 enim
886 826 1158 893 prmterito
1181 840 1325 880 anno
1358 826 1411 879 in
1454 826 1628 879 sidere
1648 824 1839 880 Cancri
1864 839 1968 877 non

405 912 672 983 apparuit,
707 919 761 965 et
790 926 930 965 nunc
960 912 1014 964 in
1039 910 1247 966 Cancro
1277 919 1528 981 apparet;
1562 927 1668 965 non
1697 926 1804 966 uno
1830 926 1970 965 anno

405 1019 598 1060 cursus
626 1004 707 1058 sui
739 1011 955 1067 metam,
977 1003 1070 1057 sed
1091 1004 1267 1071 spatio
1299 1003 1523 1059 duorum
1548 1019 1807 1059 annorum
1848 1019 1970 1072 per-

406 1106 565 1160 agere
598 1090 945 1161 dignoscitur,
978 1091 1103 1144 dum
1132 1106 1275 1145 nunc
1298 1093 1532 1146 secundo
1557 1108 1697 1148 anno
1725 1093 1778 1146 in
1806 1092 1973 1147 altero

405 1187 651 1234 versatur
668 1178 862 1233 sidere.
885 1178 1037 1245 Quod
1065 1194 1195 1235 vero
1222 1181 1459 1235 additum
1473 1191 1563 1236 est
1587 1200 1600 1235 :
1628 1182 1674 1235 si
1702 1190 1807 1235 toto
1835 1198 1971 1236 anno

404 1268 682 1320 stationem
710 1268 765 1320 in
791 1265 994 1320 Cancro
1022 1267 1165 1336 fecit,
1210 1266 1317 1322 sole
1359 1269 1413 1322 in
1458 1277 1644 1323 cetera
1692 1271 1841 1339 signa
1876 1270 1975 1322 mi-

405 1364 607 1425 grante,
634 1369 730 1421 cur
754 1355 810 1407 in
843 1353 1046 1409 Cancro
1074 1356 1236 1431 videri
1264 1373 1365 1415 non
1405 1357 1608 1431 potuit?
1652 1357 1825 1411 Etiam
1849 1358 1973 1426 quia

407 1447 521 1515 ipse
542 1444 765 1510 Cancer,
789 1444 843 1499 in
865 1460 971 1514 quo
991 1430 1274 1501 stationem
1299 1447 1444 1512 fecit,
1466 1448 1633 1509 videri
1656 1465 1759 1505 non
1781 1450 1973 1520 potuit.

408 1534 527 1590 Ilo:
550 1550 677 1591 vero
706 1536 832 1590 dum
857 1535 1065 1590 Cancer
1091 1537 1258 1591 videri
1287 1539 1480 1607 potuit,
1512 1541 1626 1594 visa
1665 1548 1747 1594 est
1786 1548 1840 1594 et
1885 1540 1977 1594 illa

405 1638 529 1677 cum
553 1622 781 1688 Cancro,
804 1623 896 1691 qui
933 1638 1073 1677 anno
1101 1624 1371 1694 prmterito
1413 1640 1571 1679 cursu
1612 1626 1840 1681 naturali
1883 1642 1977 1682 no-

405 1712 583 1767 ctibus
606 1713 707 1767 sub
737 1721 909 1768 terras
938 1714 1180 1769 recessit.

2070 571 2156 610 me
2181 556 2234 610 in
2262 559 2553 627 gratiarum
2602 563 2841 617 actiones
2870 562 3093 617 Domino
3118 562 3226 618 Deo
3267 561 3391 618 Iesu
3419 564 3633 621 Christo

2068 647 2287 711 contuli,
2318 647 2489 704 felicia
2530 650 2835 707 Christiano
2871 654 3065 723 populo
3094 662 3331 723 tempora
3362 656 3413 709 in
3441 665 3635 712 vestra:

2070 736 2338 793 felicitatis
2363 740 2686 797 exultatione
2711 752 2766 797 et
2785 744 2957 798 salute
2978 747 3275 801 certissime
3295 747 3469 801 sciens
3495 765 3509 799 :
3537 760 3635 816 pro

2069 842 2176 895 qua
2223 844 2435 898 semper
2475 832 2757 888 Dominum
2807 834 3083 903 deprecari
3125 837 3347 904 gaudeo,
3393 838 3634 891 eamdem

2069 931 2285 987 semper
2308 921 2495 976 audire
2514 923 2780 989 desidero,
2808 933 2864 979 et
2893 925 3043 994 quasi
3075 935 3338 994 optatum.
3367 943 3396 981 a
3422 928 3636 997 Deoque

2071 1005 2390 1061 destinatum
2433 1026 2627 1066 munus
2666 1014 2813 1067 omni
2862 1015 3053 1084 gaudio
3100 1025 3334 1071 vestram
3367 1017 3639 1072 incolumi-

2072 1105 2236 1152 tatem
2270 1100 2490 1168 cupiens
2517 1090 2739 1172 semper.
2754 1105 2958 1160 audire.
2985 1105 3117 1171 Quis
3144 1107 3400 1163 eninrest
3420 1109 3509 1177 qui
3533 1124 3640 1163 non

2073 1188 2299 1256 gaudeat
2326 1193 2391 1245 de
2413 1193 2494 1247 sui
2524 1195 2714 1264 capitis
2740 1194 2974 1265 perfecta
3000 1198 3336 1269 integritate?
3364 1201 3467 1255 nisi
3503 1201 3643 1256 forte

2072 1276 2413 1344 furibundus,
2436 1282 2519 1336 vel
2558 1284 2795 1348 insanus,
2829 1299 2987 1353 quem
3014 1288 3329 1344 arctissimis
3350 1288 3644 1359 Hippocra-

2075 1365 2144 1420 tis
2168 1367 2394 1423 vinculis
2414 1369 2736 1441 alligandum
2781 1388 2901 1429 esse
2936 1388 3128 1430 censeo
3153 1376 3305 1448 [Cod.
3338 1376 3481 1443 Vat.,
3513 1394 3643 1433 cen-

2075 1455 2377 1527 suit]?Etsi
2411 1456 2568 1525 juxta
2614 1460 2856 1529 Apostoli
2903 1465 3221 1518 sententiam
3262 1481 3408 1519 nemo
3436 1483 3643 1521 carnem

2073 1560 2223 1597 suam
2261 1545 2381 1599 odio
2407 1546 2578 1611 habet,
2613 1548 2704 1601 sed
2738 1550 2893 1603 etiam
2920 1550 3051 1619 {oret
3079 1562 3128 1606 et
3152 1555 3313 1608 nutrit
3344 1554 3554 1625 (Ephes.
3582 1573 3638 1622 v,

2075 1633 2202 1707 29);
2237 1646 2437 1707 quanto
2471 1638 2643 1709 magis
2686 1638 2739 1692 in
2792 1640 2984 1708 capitis
3023 1642 3270 1707 sanitate,
3320 1646 3372 1699 in
3424 1661 3531 1715 quo
3563 1655 3647 1701 est

2076 1729 2241 1787 totius
2286 1729 2530 1798 corporis
2568 1728 2829 1799 perfectio
2864 1739 2918 1784 et
2946 1731 3110 1799 gloria
3141 1734 3336 1800 omnis,
3376 1737 3645 1792 membro-

474 1812 499 1841 ι
522 1799 581 1854 lu
606 1801 710 1853 alia
737 1801 981 1855 chartula
1008 1802 1199 1871 scripsi
1223 1803 1289 1858 de
1310 1803 1361 1857 vi
1386 1804 1531 1868 solis,
1556 1804 1842 1873 inaequales
1854 1821 1977 1861 cur-
2005 1803 2053 1864 Β
2080 1834 2197 1873 mm
2230 1834 2487 1890 compago
2512 1821 2749 1890 gaudere
2770 1823 2927 1878 debet
2952 1822 3017 1877 κη

405 1905 496 1944 sus
522 1890 826 1943 errantibus
861 1890 1030 1944 stellis
1054 1891 1318 1958 facientis,
1348 1901 1407 1947 ut
1426 1901 1582 1965 poeta
1611 1895 1721 1955 ait:

689 2063 703 2076 .
781 2022 872 2077 Sol
902 2031 1142 2094 tempora
1164 2024 1353 2079 dividit
1379 2026 1527 2092 anni,
1604 2082 1607 2085 .

690 2152 705 2166 .
780 2113 951 2167 Mutat
979 2122 1296 2184 noctemque
1322 2115 1593 2184 diemque,
1620 2188 1623 2189 ν

685 2244 698 2256 .
776 2203 1062 2273 Radiisque
1085 2204 1391 2274 petentibus
1419 2212 1585 2266 astra,

496 2294 610 2364 Ipse
630 2303 796 2358 vetat,
823 2309 1120 2363 cursusque
1140 2310 1304 2364 vagos
1337 2294 1569 2349 statione
1603 2302 1863 2352 moratur.

404 2414 555 2496 Quod
590 2427 884 2496 smpissime
915 2427 1199 2493 Saturnus,
1229 2427 1376 2484 Jovis
1405 2437 1459 2483 et
1497 2427 1637 2483 Mars
1660 2427 1772 2497 pati
1796 2426 1979 2481 viden-

407 2527 515 2571 tur.
540 2516 733 2571 Vestra
772 2530 899 2570 vero
926 2512 1228 2572 veneranda
1264 2520 1525 2588 sapientia
1571 2527 1626 2575 et
1669 2518 1976 2573 acutissima

405 2605 630 2660 scientia
662 2604 858 2668 videat,
890 2606 975 2659 vel
1015 2606 1069 2659 lu
1112 2607 1235 2669 hac,
1268 2608 1352 2663 vel
1392 2609 1445 2663 in
1476 2608 1583 2675 illa,
1632 2609 1679 2664 si
1722 2610 1851 2678 quid
1893 2609 1978 2662 dl-

405 2712 568 2767 gnum
611 2695 693 2750 vel
726 2695 1014 2750 verisimile
1058 2696 1229 2750 videri
1256 2696 1479 2763 debeat;
1504 2714 1571 2753 an
1599 2699 1741 2753 aliud
1779 2699 1979 2767 aliquid

348 2822 355 2825 μ
404 2785 472 2841 de
514 2771 682 2838 tantis
723 2785 1107 2858 qumstionibus
1153 2787 1475 2842 credendum
1522 2788 1611 2842 sit.
1663 2786 1979 2843 Nullatenus

406 2881 624 2943 prapter
650 2874 1005 2944 ignorantiam
1033 2892 1129 2931 vos
1156 2877 1485 2947 interrogare
1511 2878 1789 2933 :cstimavi.
1814 2876 1979 2942 Quid-

407 2964 533 3033 quid
572 2964 697 3018 inde
743 2964 1005 3029 sentiatis,
1048 2966 1272 3020 obsecro
1319 2976 1379 3021 ut
1430 2970 1657 3039 benigna
1706 2968 1982 3022 voluntate

407 3054 560 3110 nobis
602 3054 937 3108 innotescere
963 3069 1068 3109 non
1091 3056 1471 3126 dedignemini.
1502 3057 1616 3111 Non
1640 3074 1758 3113 sum
1781 3059 1980 3113 nimius

404 3158 537 3199 mea:
559 3142 837 3199 sententia:
863 3143 1133 3210 defensor,
1163 3120 1252 3200 sed
1282 3146 1506 3201 devotus
1534 3148 1776 3206 verltatis
1805 3157 1979 3201 secta-
2006 3120 2050 3179 (δ

406 3240 507 3286 tor.
537 3224 665 3288 'llmc
692 3248 820 3287 vero
849 3232 1088 3301 subjecta
1119 3234 1289 3304 figura
1329 3235 1380 3289 in
1411 3235 1584 3306 primo
1626 3249 1780 3289 versu
1814 3235 1978 3303 habet

405 3318 584 3387 horas,
613 3325 666 3378 in
690 3325 884 3393 quibus
913 3326 1067 3394 102
1100 3327 1249 3395 signa
1272 3328 1477 3399 singula
1498 3329 1764 3393 oriuntur,
1788 3329 1869 3383 vel
1892 3344 1977 3384 0c-

405 3412 608 3477 cidunt,
640 3411 723 3465 vel
746 3412 811 3465 de
831 3412 948 3466 loco
984 3422 1282 3467 moventur.
1313 3415 1369 3469 In
1397 3417 1630 3472 secundo
1662 3418 1819 3473 habet
1845 3434 1980 3488 pun-

405 3507 520 3554 ctos
555 3500 607 3553 in
654 3499 881 3569 singulis
924 3500 1092 3568 signis
1136 3500 1339 3555 decem.
1380 3504 1595 3560 Tertius
1622 3514 1802 3574 partes
1827 3522 1978 3563 com-

405 3597 595 3659 putat,
635 3598 766 3659 quot
817 3590 1049 3644 habeant
1097 3592 1303 3661 singula
1348 3594 1520 3664 signa.
1566 3596 1815 3661 Quartus,
1863 3596 1977 3650 dies

404 3679 599 3748 quibus
620 3687 864 3734 moratur
904 3680 1028 3736 luna
1053 3681 1106 3735 in
1147 3697 1467 3751 unoquoque
1507 3684 1676 3753 signo.
1725 3684 1972 3750 Quintus,

404 3768 566 3823 horas
597 3784 716 3838 quae
744 3768 1068 3837 adjiciuntur
1106 3771 1313 3826 diebus.
1354 3770 1570 3836 Sextus,
1612 3774 1796 3829 uncias
1830 3783 1972 3841 octo,

404 3875 525 3928 qua:
565 3867 851 3929 supersunt
880 3861 1134 3915 horarum
1177 3875 1418 3927 numero,
1446 3871 1500 3918 et
1529 3863 1671 3918 bisse
1693 3875 1973 3918 vocantur.

405 3949 530 4003 Haec
557 3950 736 4002 omnia
762 3958 981 4019 propter
1023 3949 1333 4006 facilitatem
1378 3955 1729 4024 cognoscendi
1761 3971 1978 4012 cursum

404 4036 543 4090 luna:
564 4036 619 4090 in
640 4051 803 4090 unam
824 4037 1136 4091 coacervari
1160 4037 1462 4093 formulam.
1492 4040 1550 4095 Si
1578 4049 1753 4103 tamen
1778 4044 1979 4101 veraci-

404 4132 489 4179 ter
524 4124 855 4180 inventa'est
889 4127 1045 4191 ratio,
1090 4142 1252 4196 quam
1292 4136 1482 4183 vestra
1530 4131 1976 4192 excellentissima

405 4215 652 4295 qmesivit
673 4217 957 4287 sapientia.

824 4330 854 4371 ι’
885 4330 1219 4388 EPISTOLA
1271 4333 1460 4389 LXXX
1469 4336 1554 4390 Vl.

667 4416 688 4459 ν
743 4481 747 4483 Α
910 4437 978 4477 At:
1013 4438 1229 4477 nouxuu
1270 4439 1464 4479 ascen.

999 4512 1177 4583 (Anno
1229 4512 1377 4585 798.)

406 4598 751 4669 Assignantur
775 4615 947 4655 causu:
968 4602 1034 4677 9b
1063 4618 1193 4672 quas
1220 4602 1347 4657 luna
1376 4604 1548 4657 minor
1577 4606 1651 4677 vel
1680 4608 1851 4677 major
1876 4626 1971 4677 ap-

574 4678 757 4737 pareat
778 4685 933 4739 quam
956 4670 1091 4741 [erat
1110 4681 1524 4727 astronomorum
1552 4670 1803 4730 calculus.

474 4773 572 4828 Det
610 4772 702 4829 tibi
730 4785 1040 4845 perpetuam
1066 4779 1301 4836 clemens
1326 4781 1382 4835 iu
1410 4782 1549 4837 secla
1574 4783 1820 4849 salutem,

541 4861 609 4916 Et
630 4861 795 4917 decus
823 4862 1052 4932 imperii,
1076 4848 1243 4932 Havid
1265 4873 1473 4926 amate!
1504 4872 1663 4927 Deus.
1690 4908 1695 4911 ‹

474 4949 799 5007 Veneranda:
830 4940 1165 5010 auctoritatis
1188 4966 1381 5013 vestrm
1408 4946 1554 5016 omni
1580 4964 1738 5017 melle
1772 4965 1973 5021 dulcio-

401 5057 488 5094 res
516 5042 718 5111 apices,
743 5056 838 5114 per
860 5042 1041 5099 aridos
1062 5055 1084 5082 ε
1112 5043 1337 5116 Belgica:
1362 5031 1659 5116 latitudinis
1674 5052 1779 5107 iter
1794 5055 1971 5123 agenti

400 5145 619 5199 campos
667 5142 1021 5189 occurrerunt
1063 5134 1215 5189 mihi.
1264 5134 1318 5189 In
1368 5138 1579 5206 quibus,
1611 5138 1738 5193 dum
1783 5150 1972 5216 vestra:

402 5220 746 5293 beatitudinis
784 5227 1193 5297 prosperitatem
1238 5226 1421 5298 legens
1462 5227 1719 5295 intellexi,
1749 5240 1805 5287 et
1840 5232 1973 5303 lldee

469 5360 495 5445 τι
528 5348 595 5405 In
621 5351 731 5413 alia
756 5356 1016 5445 eltartula.
1052 5359 1174 5423 liae
1216 5361 1457 5421 chartula
1499 5364 1725 5429 necdum
1761 5368 1967 5423 detecta

1103 5499 1303 5559 Canisii
1338 5480 1418 5562 Π,
1726 5503 1832 5575 7|).
1872 5505 1969 5563 llic

402 5556 591 5633 adlata
774 5560 895 5633 egit.
926 5556 1203 5633 Vaticano.

438 5640 443 5644 '
470 5638 493 5667 ε
532 5628 775 5707 Belgicte.
809 5628 935 5690 um
955 5628 1280 5707 interpretor
1304 5640 1369 5696 de
1395 5641 1588 5699 itinere
1620 5644 1690 5697 ab
1736 5644 1965 5704 Alcuino

403 5699 647 5768 seseque
685 5699 755 5754 ad
780 5699 1160 5760 monasterium
1194 5708 1392 5775 Wicus,
1434 5715 1527 5768 seu
1564 5712 1751 5768 cellam
1786 5699 1842 5769 S.
1874 5699 1965 5770 ibi

2146 1908 2251 1963 Sed
2276 1918 2335 1963 ut
2368 1911 2434 1964 de
2461 1910 2846 1979 pulverulentis
2873 1913 3189 1984 Campaniae
3206 1916 3375 1988 glebis
3392 1918 3461 1973 ad
3487 1918 3647 1973 coele-

1972 2070 1975 2071 ν
2076 1998 2173 2053 stis
2199 1999 2448 2075 culminis
2484 2002 2873 2058 nobilissimam
2904 2007 3376 2076 acutissimamque
3403 2008 3648 2062 conside-

2078 2090 2338 2145 rationem
2367 2106 2455 2146 me
2496 2092 2675 2146 subito
2722 2094 3108 2149 transtuleris:
3145 2096 3319 2150 denuo
3357 2097 3411 2151 in
3450 2110 3649 2151 arcano

2079 2180 2307 2250 pectoris
2334 2180 2439 2235 mei
2464 2179 2833 2253 Pythagorica:
2857 2184 3151 2254 disciplina:
3176 2186 3476 2246 scientiam.
3508 2186 3650 2241 unde

2077 2271 2304 2326 necdum
2325 2270 2588 2343 discessit,
2613 2287 2871 2327 renovare
2895 2273 3106 2338 niteris,
3128 2275 3254 2329 dum
3282 2287 3369 2327 me
3390 2274 3442 2328 in
3472 2274 3651 2343 hujus-

2076 2358 2219 2412 modi
2247 2341 2589 2415 honestarum
2610 2362 2807 2416 artium
2836 2362 3350 2417 considerationibus
3372 2341 3646 2431 nunquam

2075 2445 2332 2513 desidem,
2363 2451 2607 2517 quamvis
2636 2451 2813 2506 minus
2842 2452 3079 2517 doctum,
3104 2452 3402 2507 invenistis.
3435 2451 3543 2506 Nec
3572 2451 3651 2505 fa-

2077 2540 2296 2595 stidiosa
2340 2542 2593 2610 segnities
2638 2542 2947 2613 legentium,
2986 2545 3367 2601 benevolentia:
3411 2545 3650 2614 magistri

2071 2630 2216 2699 juste
2265 2630 2507 2699 deputari
2547 2630 2727 2696 debet,
2776 2635 2821 2688 si
2870 2633 3115 2703 plurimis
3155 2635 3414 2705 inclytum
3463 2643 3654 2689 vestrm

2078 2720 2389 2775 intentionis
2412 2721 2647 2787 studium
2673 2724 3044 2791 sequentibus,
3066 2722 3246 2778 forsan
3269 2724 3494 2779 Athena:
3517 2739 3652 2779 nova

2076 2807 2427 2876 perficeretur
2454 2810 2508 2864 in
2534 2809 2784 2873 Francia,
2810 2812 2918 2865 imo
2939 2812 3109 2866 multo
3137 2814 3503 2879 excellentior,
3528 2816 3655 2883 quia

2076 2895 2191 2950 haec
2221 2895 2422 2950 Christi
2471 2896 2682 2952 Domini
2720 2897 2997 2952 nobilitata
3044 2900 3384 2970 magisterio,
3438 2896 3654 2957 omnem

2077 2984 2411 3041 Academiae
2456 2986 2858 3044 exercitationis
2909 2996 3129 3057 superat
3176 2990 3511 3059 sapientiam.
3560 2991 3653 3044 illa

2081 3076 2463 3134 tantummodo.
2492 3076 2783 3137 Platonieis
2825 3081 3033 3135 erudita
3068 3080 3380 3150 disciplinis,
3420 3083 3656 3151 septenis

2081 3167 2366 3223 informata
2396 3166 2591 3237 claruit
2627 3172 2861 3237 artibus;
2904 3172 3020 3229 ha:c
3056 3173 3219 3229 etiam
3250 3174 3465 3244 insuper
3493 3175 3655 3244 septi-

2078 3254 2237 3318 formi
2266 3258 2435 3319 sancti
2468 3244 2701 3327 Spiritus
2735 3261 3065 3330 plenitudine
3110 3264 3277 3318 ditata
3313 3280 3537 3321 omnem
3557 3280 3656 3321 sa:-

2076 3346 2275 3403 cularis
2298 3348 2573 3418 sapientiae
2598 3352 2814 3406 excellit
2842 3353 3177 3422 dignitatem.
3207 3355 3285 3409 Ex
3312 3354 3465 3424 cujus
3493 3358 3650 3419 dono,

2078 3439 2122 3493 si
2149 3439 2275 3507 quid
2322 3440 2541 3511 dignum
2582 3443 2649 3495 ad
2674 3442 3007 3514 interrogata
3058 3448 3382 3515 respondere
3422 3448 3654 3514 valeam,

2076 3527 2365 3594 proferam.
2726 3534 2727 3537 “
2746 3564 2751 3571 ι
3376 3544 3377 3547 ‘

2145 3625 2422 3694 Inquisitio
2476 3644 2602 3682 vero
2656 3639 2850 3697 vestra:
2894 3633 3182 3700 ingeniosa:
3238 3642 3293 3688 et
3340 3636 3653 3691 clarissima:

2077 3718 2350 3787 sapientia:
2382 3720 2494 3773 tunc
2522 3718 2661 3773 fuit:
2693 3719 2802 3773 Cur
2826 3722 3018 3791 species
3061 3722 3264 3777 lunaris
3298 3727 3529 3795 corporis
3556 3729 3656 3780 mi-
3726 3776 3729 3779 ,

2079 3824 2175 3862 nor
2204 3817 2414 3879 apparet
2442 3807 2597 3881 [Cod.
2616 3810 2760 3875 νειμ,
2789 3810 3080 3884 appareret]
3113 3814 3278 3867 oculis
3310 3817 3652 3880 cernentium,

2074 3917 2230 3970 quam
2276 3900 2646 3956 calculantium
2696 3904 2972 3957 curiositas
2996 3904 3159 3975 103
3194 3906 3249 3959 in
3294 3908 3521 3962 numeris
3569 3925 3657 3971 no-

2077 3992 2237 4044 ctium
2262 3992 2532 4057 inveniret,
2564 3992 2641 4047 vel
2668 3994 3110 4050 considerantium
3141 3997 3437 4053 sollicitudo
3460 4000 3513 4053 in
3541 4017 3657 4070 par-

2076 4078 2215 4132 tibus
2244 4077 2496 4149 Signiferi
2520 4083 2835 4151 conspiceret
2862 4102 2881 4145 ;
2913 4101 3004 4138 nec
3032 4086 3102 4138 ad
3136 4088 3341 4151 easdem
3370 4091 3657 4159 septimana

2079 4164 2231 4236 [Cod.
2276 4167 2418 4231 ναι,
2448 4168 2659 4241 septem]
2710 4171 2767 4225 in
2800 4166 3016 4242 quintus
3057 4168 3285 4239 decimas
3329 4175 3454 4230 Kal.
3486 4178 3654 4248 April.
3686 4196 3697 4214 ·

2075 4254 2204 4308 luna
2235 4254 2569 4311 Geminorum
2605 4258 2660 4312 in
2685 4270 2894 4331 aspectu
2914 4264 3199 4331 perveniret
3222 4274 3413 4336 partes,
3438 4267 3507 4320 ad
3527 4285 3657 4338 quas

2075 4346 2169 4400 illa
2196 4347 2549 4419 multiplicata.
2565 4367 2659 4421 per
2686 4364 2906 4421 puncto:
2934 4356 3231 4424 suppatatio
3257 4358 3536 4427 perducere
3559 4359 3653 4413 de-

2002 4436 2224 4522 Dbuit?
2255 4438 2322 4492 Et
2369 4446 2479 4493 tres
2524 4438 2681 4506 hujus
2730 4442 3008 4497 varietatis
3054 4460 3264 4509 causas,
3315 4447 3361 4500 Si
3406 4436 3657 4515 qualibet

2076 4526 2263 4579 harum
2290 4539 2410 4581 esse
2434 4535 2733 4594 putaretur,
2776 4531 3074 4597 supponitis
3122 4530 3275 4602 [Cod.
3338 4531 3475 4599 Vah,
3522 4551 3651 4607 sup-

2071 4615 2369 4687 posuistis],
2415 4625 2474 4670 ut
2526 4618 2713 4672 eadem
2763 4633 3025 4688 ponamus
3068 4621 3234 4676 verba
3284 4638 3403 4692 quae
3451 4629 3653 4683 nostris

2072 4713 2266 4759 vestra:
2313 4705 2593 4762 laudabilis
2627 4709 2905 4779 sapientiae
2949 4712 3191 4767 chartula
3228 4714 3463 4772 insonuit
3507 4721 3653 4774 auri-

1925 4820 1944 4837 -
1988 4810 1991 4814 ‘
2071 4797 2205 4852 bus:
2236 4807 2290 4851 ut
2311 4799 2422 4853 sine
2446 4798 2555 4853 ullo
2574 4798 2637 4872 [F
2643 4809 2781 4867 orte,
2812 4802 2914 4856 sire
2944 4801 3059 4875 illa]
3090 4805 3215 4859 dicti
3246 4804 3496 4878 Signiferi
3522 4810 3651 4862 obli-

2048 4889 2273 4963 quitas;
2320 4889 2425 4943 sive
2462 4890 2626 4959 ipsius
2650 4893 2941 4962 astrivagus
2986 4894 3041 4947 in
3072 4894 3262 4969 a’tbere
3298 4912 3513 4959 cursus;
3546 4898 3649 4950 sire

2070 4977 2280 5033 insolita
2304 4980 2566 5048 quedam,
2597 4989 2645 5033 et
2670 4996 2938 5051 nunquam
2976 4984 3252 5052 pra'teritis
3283 4992 3414 5037 retro
3440 4984 3646 5038 aa'calis

2069 5066 2199 5121 lucis
2220 5067 2462 5138 legitima!
2486 5067 2637 5141 [Cod.
2664 5070 2805 5132 Vat.,
2831 5070 2958 5125 locis
2988 5072 3231 5144 legitime]
3268 5073 3374 5125 visa
3394 5072 3646 5128 detractio

2070 5157 2282 5225 faceret.
2313 5157 2481 5225 Quam
2510 5174 2609 5214 nos
2632 5175 2846 5229 quoque
2876 5161 3283 5217 diminutionem
3307 5162 3509 5216 lunaris
3538 5162 3646 5217 for-

2070 5250 2227 5305 mula:
2272 5240 2634 5321 perspicaeius
2683 5252 2985 5319 intuentes,
3031 5254 3237 5316 eadem,
3278 5268 3396 5323 qua:
3450 5257 3648 5310 vestris

2068 5379 2187 5453 doci
2216 5394 2325 5435 sua:
2344 5395 2488 5453 cura:
2515 5395 2545 5433 a
2565 5380 2758 5453 Carolo
2781 5378 3063 5453 traditam,
3084 5390 3135 5453 et
3171 5382 3326 5453 sitam
3353 5383 3405 5436 in
3440 5383 3643 5453 Belgio,

2068 5452 2135 5505 de
2167 5465 2297 5520 quo;
2319 5450 2482 5503 etiam
2528 5448 2651 5506 vide
2679 5452 2956 5520 epistolam
3007 5451 3073 5504 12
3103 5452 3243 5506 inter
3290 5448 3640 5520 Chesnianas,

2068 5518 2351 5659 uuam}
2380 5552 2633 5661 liiexﬁnis
2657 5588 2895 5661 epistola‘
2917 5590 3056 5657 apud
3082 5586 3355 5644 Canisium
3390 5609 3401 5645 :
3437 5591 3642 5661 reliqua

2068 5674 2132 5713 ex
2146 5656 2418 5711 fm’sfeod.
2451 5656 2654 5710 addidit
2689 5656 3073 5723 Qiscrcctanus.
