4226 6268
514 387 619 442 285

1352 374 1409 426 Β.
1453 374 1511 427 F.
1558 370 1780 422 ALBINI
1823 368 1950 421 Sl'IL‘
2006 363 2275 419 ALCUNI
2316 358 2597 415 OPllllL'M
2637 356 2815 411 PARS
2853 357 2896 410 Ι.

3646 348 3749 403 284

517 497 799 549 intuescrat
832 487 1115 550 mentibus,
1161 486 1323 539 motio
1353 485 1519 538 nostri
1556 498 1768 550 quoque
1790 478 1967 535 cordis
2007 487 2082 531 te-
2110 477 2154 532 Α
2188 470 2361 524 ritatis
2377 483 2534 538 posse
2555 468 2691 521 trahi
2715 465 2869 537 [ϐοά.
2910 462 3187 531 l’nt.,post
3201 475 3256 515 se
3281 455 3481 521 trabali
3503 464 3755 527 “sponte

518 585 637 653 tigit
660 578 951 650 querelam.
986 576 1092 630 Sed
1136 576 1309 629 tribus
1339 591 1367 627 a
1395 584 1571 628 vestra
1606 571 1903 626 veneranda
1934 570 2080 622 inda-

516 674 729 740 gatione
770 666 1052 739 propositis
1100 664 1255 733 hujus
1305 663 1674 718 diminutionis
1716 659 1899 713 causis
1955 657 2085 710 alias

515 779 730 834 quoque
784 770 893 816 tres
941 758 1198 827 probabili
1250 756 1457 809 ratione
1516 754 1815 807 invenimus
1872 763 2083 812 causas,

517 855 657 909 unde
686 854 799 905 bzec
825 858 969 903 tanta
1001 847 1281 901 diminutio
1317 844 1469 911 juxta
1513 851 1749 896 veterum
1794 838 2087 907 indagatio-

516 959 639 999 ncm
666 941 951 995 multorum
977 938 1185 991 defendi
1209 935 1486 1003 potuisset.
1513 932 1642 985 Nam
1672 933 1786 985 iure
1809 930 2089 984 diminutio

518 1032 896 1104 aspicientibus
923 1031 975 1083 in
1008 1028 1178 1081 lunari
1207 1041 1429 1094 corpore
1459 1025 1592 1079 solet
1620 1024 1730 1082 fieri
1759 1032 1878 1091 post
1904 1022 2090 1091 imple-

519 1138 626 1180 tam
668 1126 835 1179 saltus
872 1120 1320 1190 supputationem,
1361 1134 1481 1187 qum
1520 1133 1621 1187 per
1662 1116 1844 1169 decem
1898 1130 2089 1168 novem

518 1230 687 1267 annos
712 1214 794 1266 vix
821 1212 1033 1265 tandem
1056 1208 1394 1277 implebitur;
1422 1223 1483 1261 ac
1505 1206 1666 1260 veluti
1690 1203 2093 1272 approximantc

519 1306 709 1359 ultimo
734 1318 878 1357 anno
902 1301 1086 1356 circuli
1116 1297 1619 1359 deccnnovennalis,
1651 1309 1757 1362 quo
1802 1308 1938 1346 unus
1980 1291 2093 1346 dies

520 1394 687 1445 saltus
714 1391 1089 1458 supputatione
1117 1386 1498 1441 transiliendus
1527 1394 1627 1443 est,
1658 1383 1949 1450 smpissime
1978 1396 2092 1433 ma-

519 1484 603 1549 jor
639 1482 759 1533 luna
796 1481 1053 1547 aspicitur
1093 1494 1249 1545 quam
1297 1477 1471 1530 (etatis
1519 1475 1655 1528 ratio
1698 1474 1961 1528 ostendat.
2007 1470 2095 1524 Sic

521 1573 683 1624 uiam
733 1577 854 1637 post
890 1568 1045 1636 hujus
1092 1568 1258 1620 saltus
1302 1565 1751 1633 supputationem,
1804 1564 1857 1615 in
1906 1562 2096 1631 primis

524 1662 710 1715 circuli
750 1662 1231 1715 deccnnovcnnalis
1257 1659 1411 1712 annis
1448 1658 1624 1711 minor
1661 1669 1801 1723 smpe
1830 1654 2098 1706 invenitur

526 1770 684 1820 quam
713 1754 1088 1806 calculantium
1112 1752 1357 1803 decantet
1380 1747 1657 1819 memoria.
1687 1746 1778 1799 Est
1806 1758 2017 1813 quoque
2044 1754 2099 1797 et

526 1843 691 1894 altera
722 1858 880 1893 causa
919 1856 1023 1908 qua
1071 1839 1244 1892 minor
1282 1838 1446 1890 videri
1489 1837 1623 1890 solet
1660 1851 1755 1903 per
1801 1836 1943 1888 vices
1972 1834 2095 1886 luna

527 1947 687 1998 quam
717 1931 999 1985 calculatio
1046 1929 1436 1984 numerantium
1483 1928 1626 1980 illam
1658 1928 1939 1980 ostendat:
1974 1926 2098 1979 dum

526 2021 686 2089 paulo
723 2030 845 2075 ante
886 2036 1187 2088 vesperam,
1232 2018 1315 2072 vel
1358 2019 1515 2070 unius
1552 2018 1696 2069 horae
1733 2013 2100 2068 tantummodo

526 2112 703 2182 spatio
745 2112 1053 2164 accenditur
1094 2110 1235 2171 luna,
1279 2122 1398 2177 quze
1446 2106 1629 2161 statim
1670 2113 1939 2159 transacto
1974 2104 2103 2158 solis

526 2215 723 2256 occasu
752 2201 923 2268 prima
951 2200 1281 2267 supputanda
1325 2207 1425 2252 est.
1469 2198 1575 2252 Nec
1619 2198 1813 2250 mirum
1844 2197 1887 2248 si
1930 2197 2105 2249 minor

530 2302 786 2361 appareat
822 2293 1073 2353 secunda,
1117 2292 1196 2343 vel
1237 2292 1415 2351 tertia,
1465 2290 1547 2344 vel
1598 2290 1649 2341 in
1697 2288 1907 2341 (ueteris
1943 2287 2103 2339 etiam

530 2382 777 2435 :etatibus
803 2383 913 2435 suis
938 2382 1080 2443 luna,
1107 2396 1286 2448 quam,
1313 2381 1357 2432 si
1379 2388 1498 2447 post
1524 2394 1683 2432 unam
1706 2379 1892 2432 horam
1916 2376 2108 2446 prioris

525 2473 701 2526 noctis
727 2469 1081 2533 accendatur;
1110 2480 1165 2523 et
1191 2480 1311 2537 post
1336 2470 1521 2538 viginti
1561 2470 1693 2523 duas
1736 2468 1819 2521 vel
1869 2478 1977 2523 tres
2020 2467 2109 2520 ho-

532 2574 639 2620 ras,
668 2560 794 2611 dum
830 2562 895 2611 ad
934 2574 1207 2626 vesperam
1241 2558 1567 2625 pervenerit,
1621 2558 1790 2625 prima
1838 2563 2110 2624 compute-

533 2660 638 2703 tur.
666 2650 731 2701 Et
755 2649 867 2703 lucc
898 2650 1092 2717 poterit
1114 2664 1234 2701 esse
1260 2650 1398 2702 ratio
1436 2657 1495 2699 ut
1524 2662 1622 2714 per
1648 2648 1792 2699 vices
1817 2647 1993 2699 minor
2019 2660 2110 2712 ap—

534 2748 718 2808 pareat
746 2741 799 2792 in
821 2739 1018 2807 Specie,
1045 2754 1206 2805 quam
1249 2744 1589 2804 computetur
1633 2738 1684 2789 in
1715 2744 1892 2788 mtate.
1931 2735 2035 2789 Sed
2060 2744 2113 2788 et

537 2832 650 2883 haec
678 2843 888 2897 quoque
919 2829 1201 2881 minoratio
1240 2828 1291 2880 in
1336 2828 1539 2891 Ariete,
1588 2827 1667 2880 vel
1704 2828 1848 2880 circa
1892 2840 2013 2878 eum
2043 2826 2113 2878 si-

534 2920 671 2989 gnis,
698 2920 742 2973 si
771 2918 973 2972 lunan's
995 2919 1233 2971 incensio
1254 2918 1516 2979 evenerit,
1551 2917 1744 2985 sa'pius
1770 2916 2115 2969 consideran-

535 3012 680 3064 tibus
717 3009 985 3073 occurrit;
1017 3008 1090 3061 ita
1132 3017 1192 3061 ut
1231 3010 1285 3061 in
1331 3009 1530 3063 Arietis
1579 3010 1730 3077 signo
1781 3008 1919 3060 miro
1959 3007 2115 3058 modo

535 3102 847 3170 «inungere
875 3099 1064 3162 soleat,
1095 3099 1273 3152 lunam
1316 3100 1513 3166 prioris
1542 3099 1741 3151 mensis
1769 3096 2112 3150 novissimam

541 3205 699 3243 mane
726 3188 925 3253 videre,
956 3197 1010 3242 et
1055 3188 1431 3255 subsequentis
1478 3202 1669 3240 novam
1718 3184 1957 3253 ejusdem
2009 3185 2113 3238 diei

544 3293 764 3347 vespere
803 3293 1059 3347 apparere
1107 3278 1160 3331 in
1198 3277 1355 3339 creto,
1397 3286 1454 3329 ut
1492 3284 1615 3345 pote
1662 3284 1809 3329 sexta
1850 3276 1979 3328 hora
2012 3274 2114 3327 diei

543 3369 759 3422 incensa
799 3377 943 3421 retro
983 3376 1307 3421 transactam
1355 3382 1534 3430 mane,
1577 3374 1632 3418 et
1660 3374 1781 3432 post
1816 3364 2116 3417 venientem

545 3476 767 3532 vespere
798 3460 1054 3512 ostendit.
1978 3500 1983 3505 .

617 3551 723 3605 Sed
752 3551 796 3603 si
822 3565 883 3603 ex
910 3549 1035 3611 illis,
1053 3564 1185 3616 quas
1206 3557 1383 3602 vestra
1410 3547 1635 3601 inseruit
1656 3545 1969 3609 auctoritas,
1994 3558 2120 3597 cau-

547 3642 623 3698 sis
669 3640 842 3708 aliqua
890 3637 987 3691 fuit
1016 3638 1169 3708 [Cod.
1242 3635 1381 3701 Vah,
1415 3635 1543 3706 tiat],
1595 3636 1707 3689 sive
1752 3650 1819 3688 ex
1869 3634 1953 3687 his
2002 3647 2121 3701 qua:

548 3744 733 3790 nostra
759 3732 935 3801 posuit
963 3731 1202 3794 solertia,
1229 3744 1447 3784 necesse
1470 3738 1553 3781 est
1574 3737 1751 3781 tamen
1772 3735 1831 3780 ut
1851 3724 2123 3779 Paschalis

550 3827 673 3878 luna
713 3833 863 3877 stans
901 3822 1225 3876 omnimodis
1268 3820 1588 3874 inviolabilis
1635 3826 1964 3887 permaneat.
2014 3816 2124 3869 Nec

549 3916 693 3967 enim
740 3913 855 3965 fieri
890 3911 1086 3979 poterit
1120 3919 1179 3961 ut
1221 3910 1358 3962 hanc
1391 3909 1796 3961 diminutionem
1826 3905 2021 3974 speciei
2047 3906 2125 3958 lu-

552 4003 698 4055 naris
722 4016 881 4053 nemo
902 3999 1140 4067 priorum
1165 3996 1442 4051 doctorum
1469 3996 1550 4050 vel
1578 4006 1881 4049 sanctorum
1906 3997 2125 4049 Patrum

552 4092 791 4155 vidisset,
824 4098 875 4144 et
903 4090 993 4159 qui
1032 4089 1087 4142 in
1116 4088 1331 4143 Niceno
1351 4088 1577 4142 concilio
1608 4088 1864 4140 rationem
1897 4085 2128 4139 Pascha-

553 4180 619 4233 lis
644 4179 779 4233 lnnze
818 4180 1084 4251 sagaciter
1106 4178 1426 4231 invenerunt
1465 4186 1518 4230 et
1545 4177 1809 4231 catholice
1846 4176 2127 4229 ordinave-

558 4281 738 4326 runt:
806 4280 863 4324 ut
927 4270 1250 4324 omnimodis
1306 4278 1565 4340 perpetuo
1612 4270 1736 4339 jure
1793 4269 2129 4322 sanctissima

557 4361 970 4417 resurrectionis
998 4360 1291 4414 Dominicaa
1320 4360 1583 4413 festivitas
1606 4362 1659 4413 in
1687 4366 1797 4412 toto
1836 4359 1966 4411 orbe
1996 4372 2127 4410 con-

2181 571 2509 631 sequentem.

2254 669 2464 729 Vestra,
2494 679 2702 734 precor,
2731 661 2979 717 Christus
3000 658 3308 713 coelestibus
3336 655 3533 727 inclyta
3558 653 3714 709 donis

2323 757 2596 818 Inlustret,
2633 754 2834 823 repleat
2853 760 3092 821 pectora,
3121 749 3269 819 pacis
3300 762 3472 802 amor.

2256 848 2435 902 Dulcis
2469 860 2621 899 amor
2654 846 2796 907 vitm,
2820 842 2987 896 dulcis
3016 842 3149 905 laus,
3184 839 3352 909 gloria
3378 836 3550 893 dulcis

2327 936 2408 991 Sit
2434 936 2528 989 tibi
2551 942 2826 1003 perpetua,
2858 919 3022 984 David
3049 938 3246 993 amate,
3272 928 3437 983 salus.

2610 1043 2637 1081 δ
2669 1040 2859 1095 EPIST
2868 1038 2999 1094 01A
3037 1035 3339 1091 LXXXVII.

2784 1147 2850 1185 AD
2891 1143 3159 1183 ABNOSEI.

2508 1224 2684 1294 (Anno
2711 1221 2835 1285 798,
2862 1220 3011 1274 initio
3035 1218 3235 1272 mensis
3255 1215 3443 1286 Junii).

2196 1315 2260 1368 In
2292 1312 2557 1367 Hnnniam
2577 1310 2988 1381 proﬁciscentem
3015 1308 3257 1381 [certatur
3278 1306 3347 1359 ad
3373 1322 3500 1375 opus
3526 1306 3771 1375 apostoli-

2672 1375 2790 1432 cum
2814 1378 2938 1432 bene
2975 1375 3291 1431 obeundum.

2279 1484 2611 1540 Charissimo
2667 1482 3030 1549 unanimoque
3098 1480 3275 1532 amico
3330 1476 3536 1545 Aquila:
3579 1491 3772 1544 super-

2198 1576 2517 1645 speculatori
2559 1575 2613 1627 in
2640 1574 2837 1627 Christi
2873 1573 3139 1627 charitate
3168 1571 3418 1625 salutem.

2269 1667 2467 1733 Quarta
2516 1665 2646 1718 feria
2698 1672 2818 1733 post
2860 1674 3100 1717 sanctam
3146 1661 3519 1723 Pentecosten,
3566 1659 3779 1714 litteras

2202 1768 2306 1812 ture
2336 1756 2680 1811 beatitudinis
2715 1755 2919 1824 accepi,
2948 1754 3210 1808 charitate
3253 1753 3608 1821 conscriptas,
3650 1764 3784 1806 oon-

2212 1849 2331 1903 silio
2378 1846 2775 1909 corroboratas,
2832 1844 2935 1898 lide
2981 1842 3257 1913 sigillatas,
3297 1843 3350 1896 in
3402 1841 3595 1910 quibus
3644 1839 3787 1895 sicut

2202 1938 2380 2009 optavi
2436 1936 2589 2009 [ϐοά.
2623 1936 2790 2000 Mab.,
2820 1933 3076 2005 hortavi],
3126 1934 3339 1998 audivi;
3382 1933 3521 1987 sicut
3546 1929 3783 2000 speravi,

2201 2028 2411 2100 agnovi.
2463 2025 2569 2080 Nec
2607 2041 2692 2079 me
2735 2040 2858 2094 spes
2892 2024 3080 2079 fefellit
3117 2023 3351 2087 consilii,
3384 2037 3483 2077 nec
3508 2020 3790 2076 societatis

2202 2119 2509 2189 cooperatio
2540 2118 2850 2172 retardavit.
2884 2116 3131 2171 Vestrum
3172 2131 3299 2170 vero
3334 2116 3433 2168 iter
3457 2115 3523 2167 ad
3549 2114 3789 2183 proban-

2205 2214 2324 2266 dam
2350 2212 2424 2263 rei
2456 2212 2737 2264 veritatem
2755 2208 2915 2261 modo
2936 2208 2987 2260 in
3012 2205 3294 2275 praesentia
3322 2203 3641 2273 dispositum
3665 2209 3787 2266 est;

2206 2298 2464 2356 fortitudo
2493 2315 2622 2353 vero
2642 2298 2927 2361 exercitus,
2958 2298 3047 2366 qui
3076 2304 3254 2350 tecum
3284 2295 3450 2353 vadit,
3486 2298 3554 2347 ad
3594 2300 3791 2347 caute-

2209 2393 2312 2444 lam
2338 2399 2391 2444 et
2419 2390 2782 2445 defensionem
2813 2387 2977 2441 vestri
3013 2386 3147 2459 [Al.,
3172 2382 3430 2454 vestram]
3456 2382 3657 2437 directa
3680 2389 3787 2436 est.

2211 2481 2273 2534 Et
2313 2482 2413 2534 hoc
2440 2478 2831 2548 quodammodo
2856 2478 2923 2532 ab
2969 2476 3101 2546 ipsis
3141 2474 3402 2545 processit
3452 2473 3685 2537 Hunnis;
3736 2480 3795 2525 et

2212 2570 2330 2624 ideo
2360 2570 2409 2621 in
2438 2583 2530 2637 spe
2560 2569 2853 2620 voluntatis
2872 2565 2966 2618 Dei
2998 2564 3150 2619 hctus
3174 2564 3277 2618 hoc
3311 2564 3415 2617 iter
3444 2576 3657 2631 perage.
3682 2558 3795 2613 Nos

2213 2674 2339 2714 vero
2363 2668 2433 2720 te,
2467 2658 2696 2710 donante
2721 2656 2853 2720 Deo,
2880 2654 2932 2708 in
2985 2670 3116 2724 pace
3140 2669 3261 2707 cum
3286 2660 3435 2706 certo
3461 2648 3685 2703 consilio
3706 2660 3795 2701 re-

2210 2757 2506 2803 vertentem
2534 2756 2834 2815 spectenms
2874 2746 2926 2799 in
2956 2745 3060 2809 bis,
3087 2752 3146 2797 ut
3199 2741 3429 2802 :cstimo,
3459 2735 3789 2807 regionibus.

2215 2836 2367 2909 [Sed]
2410 2838 2653 2897 obsecro,
2696 2845 2754 2887 ut
2788 2850 2931 2896 mox,
2966 2840 3019 2885 te
3064 2831 3339 2894 redeunte,
3366 2826 3663 2883 dilectionis
3687 2831 3795 2878 tute

2216 2928 2423 2980 litteras
2468 2925 2667 2993 dirigas
2695 2922 2865 2985 nobis,
2893 2930 2951 2975 ut
2980 2920 3264 2974 curiositas
3302 2926 3484 2974 nostra
3513 2913 3795 2970 certitudi-

2218 3030 2339 3069 ncm
2370 3029 2549 3067 rerum
2595 3028 2691 3081 per
2732 3021 2882 3065 tuum
2920 3010 3181 3085 intelligat
3215 3007 3518 3062 consilium.
3548 3004 3793 3075 Regnum

2222 3108 2399 3174 itaque
2429 3104 2553 3157 illud
2576 3104 2664 3157 diu
2692 3102 2882 3156 stabile
2912 3100 3011 3155 fuit
3034 3108 3087 3155 et
3120 3100 3257 3153 forte
3288 3116 3299 3149 :
3332 3097 3425 3151 sed
3457 3095 3647 3150 fortior
3687 3095 3793 3161 eis,

2222 3196 2310 3263 qui
2349 3195 2475 3247 vicit
2498 3193 2647 3257 illud,
2674 3193 2727 3245 in
2757 3192 2907 3261 cujus
2941 3205 3100 3243 manu
3142 3195 3268 3243 sunt
3306 3203 3493 3242 omnes
3530 3202 3714 3257 regum
3739 3194 3797 3240 et

2220 3300 2502 3354 regnorum
2529 3290 2822 3351 potestates
2847 3301 2859 3335 :
2892 3292 2944 3336 et
2971 3295 3343 3351 quemcunque
3378 3278 3624 3343 voluerit,
3651 3277 3799 3332 exal—

2220 3383 2295 3427 tat
2336 3373 2509 3443 (Psal.
2554 3389 2734 3437 Lxxw,
2790 3373 2863 3443 8),
2919 3380 2975 3427 et
3022 3370 3386 3439 cujuscunque
3424 3383 3518 3423 cor
3547 3367 3797 3432 voluerit,

2219 3466 2420 3529 visitat,
2455 3465 2737 3528 illuminat,
2770 3474 2826 3518 et
2868 3464 2933 3517 ad
2988 3478 3141 3516 suum
3184 3459 3448 3516 convertit
3496 3457 3797 3511 servitium.

2220 3558 2286 3611 Et
2311 3557 2355 3611 si
2398 3556 2541 3608 illius
2567 3555 2737 3624 gratia
2790 3552 3037 3621 respiciet
3082 3544 3473 3622 [Al.,respicit]
3504 3559 3665 3614 super
3708 3559 3796 3598 re-

2222 3662 2384 3718 gnum
2410 3645 2745 3709 Hunnorum,
2785 3644 2906 3711 quis
2929 3651 3011 3696 est
3048 3642 3139 3710 qui
3166 3655 3223 3693 se
3261 3637 3579 3693 subtrahere
3609 3634 3804 3689 audeat

2222 3736 2519 3793 ministerio
2551 3735 2738 3790 salutis
2777 3734 3028 3788 illorum?
3055 3731 3221 3786 Pauci
3259 3731 3414 3784 nobis
3439 3735 3646 3782 restant
3686 3726 3805 3781 dies

2222 3826 2379 3894 hujus
2413 3826 2555 3889 vitae,
2588 3832 2644 3879 et
2665 3825 2815 3878 valde
2840 3821 3250 3877 desiderandum
3275 3828 3378 3886 est,
3406 3819 3609 3888 Deique
3640 3818 3800 3873 mise-

2225 3912 2453 3967 ricordia
2491 3918 2601 3965 toto
2631 3912 2789 3965 corde
2826 3910 3181 3980 deprecanda,
3212 3916 3272 3962 ut
3299 3908 3376 3962 illi
3409 3908 3463 3961 in
3506 3922 3669 3975 opere
3696 3905 3793 3961 Dei

2225 4004 2481 4059 liniantur
2528 4002 2660 4075 [AL,
2694 4002 3018 4075 firmentur].
3052 4001 3183 4069 Quia
3216 4001 3335 4071 plus
3376 4000 3801 4068 uniuscujusque

2228 4092 2383 4166 [vita]
2427 4094 2501 4148 de
2517 4096 2619 4149 line
2653 4092 2927 4162 iudicatur
2953 4109 3115 4164 quam
3161 4092 3227 4148 de
3256 4092 3428 4146 initio.
3476 4092 3534 4146 ln
3569 4075 3841 4159 peccatis.

2228 4184 2500 4239 nascimur
2532 4183 2702 4253 (Psal.
2738 4202 2789 4248 L,
2831 4185 2917 4251 ’7)ι
2954 4184 3045 4237 sed
3086 4182 3259 4251 gratia
3303 4181 3656 4239 renascimur,
3686 4192 3807 4247 qua:

2231 4289 2329 4328 nos
2355 4274 2406 4326 in
2440 4274 2577 4325 bono
2608 4286 2769 4341 opere
2813 4280 3096 4325 currentes
3120 4270 3429 4332 comitetur,
3454 4279 3510 4322 et
3544 4281 3711 4336 usque
3738 4267 3807 4321 ad

2232 4364 2390 4417 tinem
2422 4361 2633 4414 firmum
2655 4374 3000 4431 perseverare
3024 4359 3203 4415 faciat.
3224 4360 3302 4413 Tu
3330 4374 3478 4424 vero,
3502 4358 3659 4413 Pater
3683 4372 3811 4411 san-

558 4451 792 4505 Cordilef
831 4447 1095 4540 εοιεΐεωΐ
1121 4446 1253 4540 [ΑΙ-ν,
1289 4445 1525 4540 φιίιιξτᾼΙο
1556 4445 1615 4540 Si
1649 4460 1769 4513 (11133
1791 4460 1929 4540 _VC|‘0
1970 4445 2128 4540 huius
2160 4478 2208 4540 ο
2232 4462 2335 4515 cte,
2363 4452 2531 4505 amice
2558 4450 2747 4513 fidelis,
2779 4450 2947 4505 frater
2974 4451 3182 4516 dilecte,
3215 4449 3286 4503 ﬁli
3320 4449 3657 4511 charissime,
3686 4461 3809 4501 cum

557 4540 928 4596 diminutionis
954 4539 1091 4593 ratio
1131 4539 1309 4593 verior
1338 4538 1392 4593 in
1433 4537 1605 4591 Plinio
1658 4537 1828 4605 possit
1884 4536 2128 4605 reperiri,

560 4633 670 4684 sive
688 4643 711 4669 ι
733 4639 954 4700 propter
976 4628 1166 4684 mltum
1188 4644 1359 4698 nuper
1381 4638 1745 4691 transactum;
1775 4628 1887 4681 sive
1916 4637 2134 4695 propter

561 4724 841 4776 bissextum
865 4738 1033 4791 prope
1056 4724 1425 4777 imminentem
1451 4739 1463 4774 :
1488 4722 1748 4788 deprecor
1779 4730 1837 4773 ut
1859 4731 2034 4773 vestra
2049 4722 2136 4788 ju-

560 4816 687 4868 beat
746 4809 1027 4881 prudentia
1075 4810 1369 4877 inquirere,
1417 4810 1676 4877 nobisque
1717 4809 1872 4862 solita
1902 4798 2134 4863 benevo-

560 4902 739 4957 lentia:
766 4902 962 4972 pietate
984 4900 1233 4955 intimare
1253 4900 1480 4954 studeat.
1509 4899 1643 4965 Quia
1693 4900 1835 4952 domi
1876 4899 2137 4973 manenti-

563 4993 665 5047 bus
695 5000 906 5045 nostms
936 4991 1119 5045 oculos
1140 4992 1395 5045 nebulosa
1421 5006 1683 5061 aquarum
1721 4991 1971 5045 exultatio
2020 4988 2134 5060 [Ρη

566 5080 883 5153 exhalatio],
930 5080 1012 5134 vel
1040 5080 1237 5149 Belgici
1268 5082 1507 5150 pulveris
1550 5082 1653 5135 iter
1697 5082 1977 5151 agentibus
2014 5096 2139 5134 ven-

570 5182 722 5225 tuosa
763 5170 1003 5240 aspersio
1045 5169 1331 5238 caliginare
1369 5168 1516 5222 facit.
1549 5169 1674 5222 Ideo
1702 5178 1879 5223 vestra
1928 5170 2141 5223 bonitas

568 5261 823 5329 adjuvare
850 5277 955 5315 non
987 5261 1303 5328 dedignetur
1330 5268 1679 5330 quaerentem,
1710 5267 1763 5311 et
1792 5260 1844 5311 in
1865 5261 2004 5311 viam
2049 5276 2137 5313 ve-

645 5405 668 5429 ι
716 5390 948 5463 Propter
971 5391 1176 5463 saltum
1214 5410 1375 5463 nuper

572 5462 676 5533 {ire
697 5470 902 5529 propter
931 5460 1207 5533 bissextum
1235 5460 1392 5533 prope
1425 5460 1587 5533 (anno
1622 5462 1745 5529 800)
1774 5461 2140 5513 imminentem.

576 5530 708 5581 Data
732 5544 861 5600 ergo
898 5530 1111 5600 videtur
1131 5530 1244 5584 hcce
1266 5530 1490 5600 epistola
1519 5547 1658 5587 anno
1700 5533 1823 5586 798.

652 5597 807 5667 105
838 5601 863 5637 ι’
895 5600 1033 5653 Edit.
1068 5597 1350 5654 Habilionii
1376 5603 1428 5665 7,
1455 5602 1597 5655 Pelii
1622 5603 1643 5653 ί
1668 5601 1862 5655 collata
1882 5615 2002 5653 cum
2024 5600 2142 5654 cod.

580 5682 680 5745 ms.
716 5669 908 5721 Salisb.
941 5670 1387 5745 Scriptavidetur
1418 5686 1557 5725 anno
1586 5672 1687 5725 798
1716 5672 1929 5745 quando
1958 5686 2144 5738 nempe

586 5754 605 5783 ο
644 5740 928 5805 imperator
968 5740 1169 5795 Arnoni
1210 5740 1609 5810 archiepiscopo
1646 5741 1896 5809 praecepit
1920 5755 2141 5809 pergere

1414 5390 1588 5461 (anno
1614 5389 1738 5459 ΕΤ)
1790 5400 2141 5456 transactum;

2234 4545 2591 4615 prosperitate
2634 4544 2795 4607 bona,
2824 4542 3003 4596 divina
3059 4551 3233 4596 tecum
3277 4541 3571 4595 comitante
3615 4535 3815 4606 gratia,

2233 4653 2393 4707 perge
2420 4638 2471 4689 in
2493 4651 2627 4705 opus
2652 4635 2770 4699 Dei,
2803 4642 2996 4690 etcum
3027 4633 3231 4703 gaudio
3244 4637 3517 4685 revertere
3565 4628 3634 4682 ad
3678 4640 3807 4690 nos;

2234 4736 2285 4779 et
2311 4738 2427 4781 esto
2446 4725 2766 4793 praedicator
2792 4724 3028 4791 pietatis,
3066 4737 3173 4777 non
3198 4720 3529 4775 decimarum
3557 4724 3778 4774 exactor
3793 4732 3823 4781 ;,

2235 4815 2358 4883 quia
2389 4814 2594 4867 novella
2620 4811 2841 4883 [anima]
2863 4811 3167 4881 apostolica:
3187 4810 3402 4881 pietatis
3417 4810 3555 4864 lacte
3574 4807 3813 4862 nutrien-

2238 4907 2303 4958 da
2330 4914 2430 4969 est,
2478 4904 2645 4958 donec
2689 4912 2898 4957 crescat
2934 4912 2987 4957 et
3033 4906 3318 4958 roboretur
3344 4904 3411 4957 ad
3438 4900 3817 4970 acceptionern

2240 4996 2391 5051 solidi
2433 4994 2557 5049 cibi.
2587 4994 2835 5058 Decimae,
2869 5003 2927 5048 ut
2956 4995 3169 5057 dicitur,
3202 4990 3479 5047 Saxonum
3531 4990 3816 5045 subverte-

2241 5094 2365 5141 mnt
2390 5085 2567 5139 ﬁdem.
2596 5081 2732 5149 Quid
2772 5082 3147 5151 injungendum
3175 5092 3257 5136 est
3282 5083 3468 5152 jugum
3509 5072 3829 5135 cervicibus

2242 5176 2547 5237 idiotarum,
2594 5172 2735 5241 quod
2785 5186 2956 5239 neque
3004 5187 3119 5236 nos,
3172 5186 3342 5239 neque
3392 5169 3589 5224 fratres
3638 5168 3819 5223 nostri

2242 5262 2464 5317 sufferre
2493 5260 2814 5329 potuerunt?
2838 5260 3002 5329 Igitur
3034 5262 3088 5315 in
3122 5262 3222 5315 fide
3245 5260 3445 5316 Christi
3486 5259 3678 5314 salvari
3702 5259 3820 5314 ani-

2246 5393 2298 5445 iu
2324 5400 2505 5458 partes
2527 5389 2841 5446 Sclavornm
2860 5398 2914 5446 et
2934 5391 3217 5462 providere
3240 5402 3452 5462 omnem
3479 5382 3623 5462 illam
3650 5386 3817 5462 regio-

2247 5453 2367 5513 nem
2397 5470 2453 5516 et
2479 5462 2901 5521 ecclesiasticum
2926 5453 3161 5515 officium
3189 5459 3386 5521 colere,
3408 5453 3824 5527 populosquejn

2248 5530 2349 5583 fide
2376 5540 2430 5584 et
2457 5530 2859 5585 Christianitate
2885 5527 3222 5593 mdieando
3255 5520 3578 5586 confortare,
3616 5520 3722 5575 {ut
3744 5520 3829 5574 lo-

2248 5600 2429 5666 quitur
2464 5600 2772 5666 Anonymus
2803 5598 3003 5653 Salisb.
3043 5598 3110 5651 de
3151 5598 3499 5653 conversione
3528 5594 3827 5666 ξξπῇοειιζμςι

2248 5658 2465 5723 Caram.
2498 5658 2636 5739 apud
2664 5669 2971 5739 llansizium
2992 5667 3173 5739 Germ.
3202 5668 3349 5723 Sacr.
3377 5676 3506 5720 tom.
3532 5658 3668 5729 Il,‘p.
3700 5658 3823 5713 108.

2251 5740 2425 5809 (Apud
2464 5737 2692 5794 Froben.
2727 5740 2882 5807 epi~'.
2911 5737 3024 5807 7‘2.)
