4238 6200
339 330 344 335 ’
422 332 526 393 285

1836 321 2211 395 EPISTOL.£.

3539 312 3645 369 286

423 464 536 504 mas
556 443 885 501 credentium
906 442 1236 498 conﬁdimus.
1258 438 1408 495 Vade
1438 436 1613 502 modo,
1640 437 1985 492 dilectissime
2017 443 2057 495 Α
2088 434 2201 486 vult
2241 432 2368 486 facit
2410 432 2463 486 in
2490 430 2644 486 c0210.
2682 431 2782 496 Qui
2824 429 3118 485 laboriosas
3159 429 3443 500 piscatoris
3472 445 3663 486 manus

424 536 609 598 frater,
641 532 695 587 in
728 532 1166 587 benenedictione
1190 529 1307 594 Dei,
1339 537 1393 583 et
1424 526 1783 583 consolatione
1813 526 1985 593 Spiri-

424 636 510 681 tus
557 622 748 680 sancti.
776 622 1002 677 Albinus
1048 629 1170 673 tuus
1194 629 1277 673 est
1307 628 1481 673 tecum
1518 618 1569 671 in
1617 617 1798 679 corde,
1825 631 1984 684 quem

423 712 626 769 utinam
650 712 851 767 habeas
888 712 992 765 cito
1026 710 1226 764 socium
1259 709 1313 761 in
1335 724 1499 777 opere
1527 709 1639 761 Dei.
1668 707 1772 761 Nos
1804 706 1988 758 matri-

423 799 646 869 culares,
668 814 766 869 pro
797 808 848 854 te
868 814 1025 853 orare
1052 814 1155 853 non
1195 812 1492 860 cessamus,
1519 807 1780 864 quatenus
1809 797 1986 851 divina

424 898 479 947 te
507 867 702 958 ubique
738 888 1025 957 praeveniat
1051 895 1106 941 et
1146 888 1505 955 subsequatur
1541 885 1734 954 gratia,
1772 892 1829 935 ut
1865 899 1986 937 cum

424 979 701 1049 multiplici
726 979 798 1047 pii
826 977 1004 1047 operis
1035 976 1212 1032 fructu
1245 978 1531 1031 revertaris
1557 978 1623 1029 ad
1660 991 1775 1029 nos.
1813 976 1986 1029 Bonos

424 1080 481 1125 et
524 1070 797 1139 religiosos
828 1077 1001 1122 tecum
1039 1068 1205 1121 habes
1227 1069 1425 1131 socios,
1454 1068 1507 1121 in
1552 1082 1777 1135 quorum
1803 1081 1896 1120 ore
1935 1074 1989 1119 et

424 1159 827 1215 conversatione
854 1171 1045 1211 nomen
1084 1156 1291 1210 Domini
1333 1155 1459 1211 Jesu
1505 1155 1849 1225 gloriﬁcetur.
1880 1155 1987 1209 Nos

427 1262 637 1317 semper
658 1247 899 1317 suspensi
926 1247 1129 1305 erimus
1164 1247 1229 1305 de
1259 1247 1427 1301 reditu
1464 1254 1575 1308 tuo,
1602 1246 1771 1299 donec
1812 1247 1990 1300 videa-

428 1351 546 1395 mus
593 1350 752 1406 quem
789 1349 1051 1398 amamus,
1091 1336 1476 1404 amplectamur
1524 1337 1775 1388 manibus
1825 1350 1987 1403 quem

428 1423 587 1478 corde
617 1424 996 1479 desideramus.
1030 1437 1053 1466 ι
1084 1423 1317 1478 Tertiam
1351 1439 1477 1478 vero
1506 1431 1713 1491 partem
1738 1424 1801 1478 de
1841 1424 1989 1477 labo-

430 1513 578 1567 ribus
605 1512 711 1568 tuis
729 1527 825 1581 per
854 1512 1058 1582 singula
1086 1512 1201 1567 loca
1226 1528 1319 1567 seu
1350 1513 1705 1581 episc0patus,
1732 1528 1823 1567 seu
1870 1528 1982 1567 mo-

430 1602 667 1667 nasterii,
715 1604 978 1657 concessit
1039 1602 1135 1656 tibi
1186 1617 1279 1656 rex
1323 1604 1376 1656 in
1422 1603 1811 1672 elcemosynam
1849 1610 1991 1656 tuam

428 1692 661 1756 tradere,
690 1694 731 1747 si
754 1694 867 1747 dies
894 1702 1015 1751 tuus
1058 1702 1235 1747 tecum
1263 1701 1615 1763 prosequetur
1652 1691 1802 1763 [Cod.
1848 1690 1986 1757 Sal.,

2086 525 2151 577 ab
2183 525 2341 576 hamo
2377 523 2441 576 ad
2469 521 2705 576 cmlestis
2746 521 2893 590 regni
2926 520 3196 584 transtulit
3222 519 3461 585 clavem;
3505 526 3562 574 et
3596 516 3663 573 de

2085 620 2429 682 persecutore
2467 619 2775 664 sanctorum
2805 608 2964 663 eflicit
2999 610 3402 678 priedicatorem
3441 606 3667 678 populo-

2086 720 2226 755 rum.
2258 702 2382 755 llarc
2414 717 2541 755 vero
2568 701 2913 755 considerans
2938 712 3038 752 nec
3062 698 3129 752 dc
3155 698 3390 751 fraterna
3416 698 3665 766 desperes

2086 794 2277 857 salute,
2318 808 2415 846 nec
2448 793 2511 846 de
2544 791 2758 862 propria
2795 790 3005 844 dubites
3040 788 3301 841 eﬂicacia.
3337 786 3498 841 Pauci
3540 796 3665 841 sunt

2087 882 2200 934 dies
2230 880 2448 943 laboris,
2481 881 2573 933 sed
2604 878 2818 947 plurimi
2859 876 3143 931 mercedis.
3186 875 3393 929 Labora
3430 874 3561 946 [Αι.,
3589 872 3665 927 la-

2087 970 2257 1043 boro],
2290 972 2469 1025 labora
2503 985 2603 1039 pro
2634 985 2716 1023 me
2754 978 2809 1022 et
2848 982 2945 1037 pro
2988 976 3058 1031 te,
3090 974 3150 1019 ut
3188 974 3310 1018 tuus
3347 965 3497 1019 labor
3533 965 3661 1019 mihi

2086 1061 2360 1129 proﬁciat;
2394 1073 2511 1113 mea
2551 1058 2811 1121 voluntas,
2856 1058 2901 1110 si
2943 1055 3069 1125 quid
3107 1062 3297 1123 potest,
3324 1062 3387 1107 tte
3427 1054 3662 1122 adjuvet.

2088 1151 2266 1205 Trabe
2304 1164 2387 1203 me
2423 1157 2542 1219 post
2577 1157 2629 1203 te
2664 1148 2917 1217 precibus
2955 1156 3059 1201 tua;
3095 1146 3401 1201 sanctitatis
3432 1163 3446 1199 :
3483 1160 3667 1199 curre-

2088 1255 2206 1293 mus
2233 1237 2410 1302 simul,
2439 1238 2607 1291 donec
2634 1236 2939 1289 introducat
2967 1248 3065 1288 nos
3092 1249 3187 1287 rex
3215 1233 3269 1286 in
3297 1230 3486 1287 cellam
3514 1231 3667 1285 vina-

2088 1331 2247 1393 riam,
2290 1328 2542 1383 ordinans
2584 1327 2637 1381 in
2682 1326 2839 1380 nobis
2880 1340 2989 1379 suae
3031 1322 3309 1379 cbaritatis
3350 1321 3666 1376 suavitatem

2089 1419 2263 1487 (Cant.
2296 1436 2357 1482 ιι,
2386 1418 2463 1487 4).
2506 1417 2572 1471 Ει
2609 1416 2736 1485 quia
2776 1432 2878 1470 vox
2916 1424 3108 1469 vestrze
3146 1414 3447 1469 dilectionis
3476 1413 3541 1467 ad
3572 1427 3670 1467 nos
3734 1398 3737 1399 ν

2088 1511 2363 1580 pervenire
2390 1525 2493 1563 non
2528 1517 2732 1578 potest,
2770 1508 2965 1576 saepius
2989 1510 3177 1563 charta
3206 1524 3366 1578 quam
3397 1507 3670 1563 relationis

2088 1610 2312 1665 vocant,
2341 1610 2541 1655 currat.
2569 1600 2779 1663 Frater,
2808 1598 2899 1668 qui
2927 1597 3211 1666 adjuvatur
3238 1613 3268 1651 a
3298 1597 3485 1662 fratre,
3514 1598 3669 1667 quasi

2092 1694 2278 1747 civitas
2306 1693 2454 1745 ﬁrma
2480 1701 2579 1747 est.
2616 1690 2784 1756 Quam
2816 1688 3021 1759 pulchri
3052 1695 3176 1742 sunt
3204 1687 3367 1756 pedes
3400 1688 3669 1757 evangeli-

429 1790 480 1836 te
514 1781 946 1851 prosequeretur]
973 1782 1027 1834 in
1049 1783 1152 1845 via,
1192 1791 1245 1836 et
1282 1783 1383 1835 hoc
1410 1782 1655 1835 indiculis
1688 1780 1993 1835 conﬁrmari
2028 1764 2069 1824 Β
2097 1780 2329 1833 zantium
2356 1794 2560 1848 pacem,
2588 1777 3067 1848 evangelizantium
3095 1777 3234 1830 bona
3266 1773 3443 1845 (Rom.
3468 1790 3524 1838 x,
3555 1773 3663 1843 15).

428 1870 679 1939 praecepit
708 1868 859 1941 [Cod.
896 1870 1033 1934 Sat,
1056 1872 1340 1942 praecipit].
1376 1872 1515 1926 Ecce
1539 1870 1815 1925 deﬁciente
1842 1872 1993 1925 char-

430 1957 562 2023 tula,
582 1973 685 2011 non
707 1959 988 2024 cbaritate,
1011 1974 1240 2028 pennam
1266 1959 1598 2027 deponimus,
1626 1960 1740 2012 bzee
1762 1968 1992 2012 tantum-

430 2048 586 2102 modo
607 2043 939 2101 salutationis
980 2049 1144 2126 verba
1192 2050 1567 2104 subnectentes
1607 2066 1619 2101 :
1681 2048 1841 2102 Vivas
1884 2048 1992 2101 Deo

430 2137 671 2200 feliciter,
706 2139 886 2201 vadas,
917 2146 972 2192 et
1010 2138 1293 2207 proﬁciens
1322 2138 1513 2192 ﬂoreas
1560 2138 1614 2191 in
1659 2152 1821 2207 opere
1860 2137 1987 2201 Dei;

429 2232 483 2277 et
532 2232 584 2275 te
637 2224 831 2292 ubique
876 2234 1091 2277 euntem
1132 2234 1186 2279 et
1234 2226 1545 2279 redeuntem
1604 2224 1796 2279 summi
1855 2223 1994 2294 regis

430 2309 647 2363 dextera
694 2319 955 2385 protegat,
1004 2321 1060 2365 et
1086 2312 1354 2378 defendat,
1388 2312 1709 2385 venerande,
1763 2310 1996 2378 dilectis;

430 2399 563 2455 sime
584 2408 637 2455 et
670 2382 976 2455 dulcissime
1546 2382 1557 2407 ‘

834 2513 861 2552 δ
895 2512 1222 2569 EPISTOLA
1261 2513 1582 2568 LXXXVIII.

1028 2619 1094 2656 ΑΙ)
1133 2618 1398 2657 ΑΒΝΟΝΕΙ.

807 2691 981 2762 (Λιιυο
1006 2690 1129 2754 798,
1158 2705 1339 2743 mense
1363 2688 1627 2757 Octobri.)

430 2780 686 2840 Hortatur
726 2782 794 2850 ad
821 2798 1008 2835 munus
1044 2779 1379 2850 apostolicum
1420 2778 1635 2850 impigre
1670 2776 1993 2850 obeundum;

498 2866 589 2905 nec
616 2866 669 2904 se
702 2849 775 2903 sel
810 2846 1109 2916 inﬁrmitate
1141 2850 1387 2917 corporis,
1415 2848 1489 2900 vel
1514 2864 1641 2900 cura
1667 2846 1994 2916 propriarum

498 2919 668 2973 ovium
694 2917 932 2988 impediri
958 2918 1207 2985 patiatur.
1802 2920 1805 2921 ⁷

496 3028 821 3085 Charissimo
858 3028 909 3081 in
945 3026 1157 3081 Christo
1192 3025 1334 3079 Patri
1367 3024 1593 3096 [Aquilze
1629 3025 1873 3096 Albinus]
1915 3026 1996 3079 in-

429 3124 614 3178 ﬁrmus
639 3122 690 3175 in
719 3120 984 3179 desiderio
1011 3119 1172 3173 totius
1196 3116 1473 3172 cliaritatis
1499 3116 1739 3170 salutem.

496 3211 646 3266 Fidei
690 3219 879 3266 vestne
920 3218 973 3263 ct
1020 3208 1185 3268 ﬁrmm
1226 3206 1505 3262 charitatis
1550 3206 1741 3258 littera:
1788 3220 1871 3258 me
1914 3204 1990 3275 [in

430 3301 585 3355 domo
615 3300 783 3353 sancti
810 3299 1043 3368 Martini]
1069 3299 1383 3351 invenerunt
1412 3296 1604 3367 [pridie
1630 3295 1807 3349 Nonas
1834 3293 1993 3349 Octo-

428 3387 597 3458 bris],
649 3388 740 3440 sed
790 3388 899 3441 Deo
948 3388 1175 3440 donante
1229 3385 1418 3438 melius
1469 3386 1770 3439 habentem.
1826 3385 1890 3445 Et
1944 3394 1994 3438 te

429 3492 632 3532 summa
658 3476 749 3529 Dei
776 3477 944 3545 gratia
974 3476 1163 3529 melius
1188 3490 1249 3527 ac
1278 3474 1464 3527 melius
1494 3475 1691 3527 habere
1715 3476 1988 3538 concedat,

427 3578 481 3624 et
517 3584 650 3640 Opus
675 3568 768 3623 Dei
806 3567 945 3636 quod
984 3567 1034 3619 in
1067 3565 1311 3619 manilius
1340 3564 1523 3627 habes,
1565 3578 1804 3616 crescere
1833 3564 1993 3617 faciat

425 3675 523 3737 per
550 3662 769 3715 multam
804 3658 1134 3712 latitudinem
1175 3655 1380 3725 populi;
1422 3662 1474 3706 et
1513 3669 1578 3705 ne
1606 3661 1841 3721 tepescat
1879 3653 1993 3705 ani-

428 3764 549 3804 mus
576 3757 719 3812 tuus,
750 3764 849 3804 nec
876 3747 1063 3801 crebra
1091 3753 1141 3798 te
1169 3751 1437 3797 exterreat
1473 3742 1709 3811 corporis
1740 3742 1813 3795 tui
1845 3740 1993 3794 inﬁr-

428 3840 606 3892 mitas.
649 3836 779 3890 Nam
805 3837 976 3891 virtus
1004 3852 1069 3888 ex
1107 3834 1413 3887 infirmitate
1452 3831 1724 3901 perﬁcitur
1753 3829 1835 3899 (II
1870 3829 1989 3882 Cor.

427 3943 528 3992 xu,
556 3927 633 3997 Si).
664 3926 809 3980 Felix
842 3926 990 3979 locus
1025 3935 1077 3977 et
1104 3925 1231 3979 hora
1260 3924 1310 3975 in
1339 3939 1441 3993 qua
1470 3931 1519 3974 te
1548 3921 1822 3975 constituit
1852 3937 1995 3973 sum-

428 4032 549 4073 mus
578 4024 842 4070 terrarum
875 4020 1067 4066 rector.
1110 4011 1212 4064 Sed
1254 4024 1410 4064 curre
1450 4009 1733 4073 currendo,
1775 4017 1832 4061 ut
1872 4023 1994 4061 cur-

426 4122 541 4163 sum
570 4116 718 4160 tuum
742 4103 1003 4173 compleat
1039 4101 1199 4165 Deus,
1236 4109 1289 4155 et
1326 4100 1482 4154 ﬁdem
1515 4112 1818 4163 conserves,
1849 4106 1901 4152 et
1929 4097 1993 4152 de

426 4197 633 4267 reliquo
655 4194 749 4249 tibi
775 4201 1045 4248 remaneat
1070 4206 1266 4246 corona
1286 4190 1465 4261 gloria:
1490 4189 1572 4261 (II
1593 4188 1725 4245 Tim.
1748 4205 1819 4252 tv,
1840 4188 1891 4254 7,
1914 4188 1988 4258 8).

424 4287 531 4348 Nos
565 4302 691 4340 vero
721 4294 1063 4353 peccatorum
1099 4283 1306 4339 vincula
1334 4281 1525 4353 partim
1554 4280 1729 4336 s~.eeuli
1766 4280 1993 4344 catenis,

424 4379 617 4448 partim
645 4378 868 4431 vinculis
898 4378 1203 4431 morborum
1226 4392 1443 4431 currere
1468 4377 1749 4444 abnegant,
1775 4382 1829 4426 et
1850 4372 1991 4443 quod

427 4467 479 4518 iu
529 4464 800 4519 voluntate
852 4474 1151 4533 promptum
1198 4474 1319 4527 est,
1373 4465 1423 4517 in
1480 4480 1639 4517 carne
1693 4463 1992 4519 inﬁrmatur

426 4551 617 4621 (Marc.
649 4568 757 4615 xrv,
788 4554 899 4624 58).
948 4552 1050 4607 Sed
1091 4552 1183 4605 ﬁat
1228 4552 1472 4605 voluntas
1511 4550 1758 4603 Domini:
1803 4556 1855 4602 et
1898 4550 1990 4618 qui

426 4645 586 4713 cmpit
623 4644 675 4699 in
718 4644 927 4712 spiritu,
972 4641 1231 4712 compleat
1270 4642 1323 4694 in
1363 4655 1543 4708 opere.
1586 4638 1769 4692 Sciant
1805 4652 1993 4692 omnes

426 4740 629 4802 gentes,
656 4734 807 4800 quasi
837 4732 957 4785 stilo
986 4732 1156 4787 situla:
1185 4744 1229 4783 ο.
1261 4730 1390 4797 Quis
1418 4745 1515 4798 ego
1541 4729 1642 4783 nisi
1670 4728 1843 4798 pulvis
1870 4744 1993 4798 par-

426 4820 706 4875 vissimus?
752 4822 949 4879 Tamen
998 4823 1085 4889 qui
1130 4822 1193 4875 de
1234 4823 1449 4889 pulvere
1494 4822 1671 4880 evexit
1712 4821 1990 4885 Dominus,

425 4919 601 4990 potest
624 4912 690 4969 de
713 4919 957 4968 creatura
978 4909 1152 4964 facere
1176 4924 1291 4978 qua:
1320 4911 1429 4965 vult
1454 4930 1465 4963 :
1490 4912 1613 4982 quia
1640 4912 1839 4973 omnia,
1871 4927 1988 4979 qua:

494 5050 519 5078 ι
561 5037 785 5109 Tertiam
814 5048 1011 5109 partem
1041 5038 1103 5090 de
1130 5037 1391 5093 laboribus
1414 5039 1536 5109 tuis.
1569 5056 1587 5086 ‹
1617 5038 1757 5109 sane
1786 5052 1987 5109 memoc

425 5115 544 5177 ratu
579 5108 737 5177 digna
778 5106 861 5163 est
893 5108 1109 5166 donatio
1143 5122 1299 5177 quam
1334 5124 1424 5161 rex
1462 5107 1661 5159 Amani
1702 5106 1853 5168 fecit,
1894 5123 1989 5174 per

423 5174 790 5247 singula'loca
840 5194 959 5247 quae
1015 5175 1283 5247 laboribus
1329 5177 1632 5246 apostolicis
1678 5177 1988 5233 exculturus

424 5251 585 5305 esset,
614 5246 783 5308 partis
810 5246 1003 5308 tertiae,
1038 5268 1054 5298 ι
1090 5246 1299 5299 llusrz.

464 5312 655 5435 ἥξω
687 5312 713 5350 δ
749 5314 892 5375 Edit.
915 5316 1200 5396 MabillalS
1223 5317 1307 5371 ubi
1334 5316 1517 5371 mutila
1539 5326 1639 5374 est.
1664 5317 1759 5369 Hic
1783 5316 1986 5398 integra

560 5392 600 5433 It
636 5395 702 5435 ex
737 5383 855 5435 cod.
888 5399 989 5435 ms.
1028 5386 1221 5435 Salisb.
1262 5386 1356 5435 Est
1392 5400 1516 5435 vero
1552 5402 1889 5435 resmnsona
1921 5389 1985 5435 ad

425 5383 611 5463 prodit
636 5395 702 5439 ex
737 5383 855 5463 cod.
888 5399 989 5462 ms.
1028 5386 1223 5463 S_alisb._
1262 5386 1356 5439 Est
1392 5383 1987 5463 vero‘responsoria'ad

425 5451 699 5516 epistolam
746 5451 998 5516 Amonis,
1042 5456 1166 5507 dum
1213 5457 1257 5510 is
1298 5470 1435 5508 anno
1481 5454 1582 5508 798
1629 5451 1679 5508 in
1722 5454 1984 5510 Hunniam

424 5521 683 5601 abiisset,_
710 5521 791 5574 vel
825 5521 1066 5601 abiturus
1097 5534 1258 5601 esset,
1295 5526 1478 5601 dolens
1515 5525 1716 5601 quod_a
1756 5527 1986 5601 [iropriis

423 5591 612 5662 ovibus
638 5591 822 5662 abesse
843 5599 1144 5659 cogeretur.
1168 5594 1422 5648 Alcuinus
1451 5591 1768 5662 respondetj
1800 5591 1907 5646 Nec
1938 5605 1985 5647 te

425 5660 619 5725 priores
646 5677 757 5715 oves
788 5661 1087 5730 impediunt,
1117 5670 1217 5715 etc.
1252 5663 1424 5731 (Apud
1446 5660 1673 5717 Froben.
1698 5667 1850 5732 epist.
1871 5663 1982 5731 75.)

2020 4432 2070 4493 ο

2096 1871 2305 1944 [Exalta
2341 1871 2479 1924 sicut
2512 1870 2637 1923 tuba
2665 1884 2849 1923 vocem
2882 1876 3055 1929 tuam,
3098 1876 3151 1920 et
3190 1873 3459 1919 memento
3496 1872 3548 1918 te
3588 1864 3669 1918 di-

2094 1961 2173 2014 xit
2201 1958 2308 2031 [Ita
2335 1958 2476 2023 cod.;
2503 1957 2637 2026 forte
2665 1956 2938 2026 legendum
2968 1965 3237 2010 memento
3272 1962 3324 2009 te
3350 1954 3500 2024 sequi
3521 1970 3664 2027 eum,

2096 2049 2184 2117 qui
2222 2046 2375 2117 dixit]
2417 2060 2431 2098 :
2470 2046 2615 2100 Alias
2657 2062 2771 2099 oves
2800 2046 2985 2110 habeo,
3013 2060 3129 2113 qua!
3170 2061 3272 2097 non
3313 2054 3432 2098 sunt
3473 2061 3537 2098 ex
3572 2044 3668 2096 hoc

2094 2136 2245 2201 ovili,
2284 2151 2398 2205 qua:
2431 2150 2598 2189 vocem
2636 2128 2802 2186 meam
2828 2133 3082 2197 audiunt,
3123 2142 3169 2187 et
3206 2132 3326 2185 illas
3355 2150 3435 2185 me
3472 2140 3669 2201 oportet

2094 2227 2367 2287 adducere,
2400 2233 2446 2277 et
2475 2223 2567 2291 ﬁat
2599 2239 2757 2278 unum
2788 2222 2917 2275 ovile
2948 2231 2993 2275 et
3024 2239 3157 2275 unus
3191 2231 3369 2290 pastor
3398 2220 3577 2289 (Joan.
3612 2236 3664 2284 x,

2098 2316 2205 2387 l6).
2237 2316 2345 2371 Nec
2372 2324 2422 2369 te
2451 2315 2655 2383 priores
2680 2328 2805 2367 oves
2836 2311 3147 2379 impediunt,
3177 2312 3306 2380 quin
3334 2311 3508 2364 minus
3534 2308 3667 2362 alias

2096 2407 2357 2467 adducas,
2403 2412 2456 2458 et
2493 2404 2661 2458 facias
2691 2419 2854 2457 unum
2884 2401 3372 2472 ovile.‘Cognoscat
3412 2398 3668 2469 sapientia

2098 2509 2275 2556 vestra
2302 2500 2428 2569 quid
2455 2497 2719 2569 signiﬁcat
2747 2496 2957 2552 devotio
2985 2504 3186 2549 nostra.
3218 2495 3292 2549 De
3317 2509 3482 2563 puero
3511 2506 3668 2561 quem

2094 2594 2356 2646 habemus
2395 2591 2447 2644 in
2476 2590 2634 2645 domo
2662 2596 2867 2650 nostra,
2898 2587 3036 2641 sicut
3066 2585 3233 2639 ﬁlium
3258 2584 3584 2646 erudiemus,
3618 2589 3670 2635 et

2096 2680 2306 2733 volente
2341 2679 2450 2732 Deo
2486 2677 2783 2747 perfectum
2814 2675 3071 2729 faciemus
3100 2675 3271 2728 virum
3302 2688 3369 2727 ex
3404 2671 3513 2725 illo.
3552 2670 3669 2725 Eri-

2096 2784 2214 2822 mus
2242 2767 2289 2821 ei
2312 2767 2581 2835 adjutores
2602 2766 2891 2819 secundum
2914 2780 3130 2819 causam
3154 2773 3206 2817 et
3229 2762 3483 2829 temporis
3508 2760 3669 2814 ratio-

2096 2873 2247 2922 nem;
2274 2866 2327 2911 et
2348 2857 2390 2911 si
2415 2854 2623 2908 volente
2648 2853 2758 2906 Deo
2780 2852 3069 2906 viderimus
3094 2850 3258 2905 facies
3283 2859 3515 2913 nostras,
3541 2858 3667 2904 tunc

2097 2949 2277 3004 omnia
2306 2948 2370 3001 de
2392 2946 2500 3009 illo,
2534 2945 2671 2999 sicut
2702 2944 2766 2998 de
2796 2942 2915 2997 aliis
2939 2940 3139 3004 multis,
3172 2941 3453 2996 consilium
3480 2939 3667 2993 salutis

2101 3037 2391 3105 capiamus.
2421 3034 2571 3088 Sicut
2598 3032 2695 3086 fuit
2721 3030 2946 3086 Albinus
2973 3040 3108 3093 tuus,
3138 3030 3211 3084 ita
3234 3030 3336 3084 erit
3356 3037 3410 3083 et
3434 3028 3487 3082 in
3510 3036 3665 3082 :eter-
3739 3064 3753 3076 .

2095 3142 2221 3180 num
2260 3144 2274 3190 ;
2308 3126 2429 3194 quia
2460 3124 2549 3193 qui
2574 3123 2735 3192 cmpit
2762 3117 3041 3177 cbaritatis
3068 3122 3263 3175 bonum
3292 3120 3345 3174 in
3375 3119 3547 3183 nobis,
3574 3118 3663 3173 ille

2093 3215 2354 3284 perﬁciat,
2386 3223 2440 3267 et
2464 3214 2530 3268 ad
2559 3212 2680 3267 ﬁdei
2709 3211 3029 3277 mercedem,
3057 3212 3238 3275 credo,
3271 3225 3517 3281 magnam
3543 3223 3665 3278 per-

2096 3307 2271 3358 ducat.
2305 3302 2405 3368 Qui
2444 3311 2614 3355 autent
2653 3302 3044 3372 perseveraverit
3083 3301 3138 3353 in
3162 3300 3347 3367 ﬁnem,
3386 3300 3467 3353 hic
3495 3299 3666 3353 solriis

2094 3399 2187 3449 erit
2212 3395 2423 3467 (Matth.
2450 3411 2503 3458 x,
2526 3392 2639 3463 Ἡ).
2662 3392 2916 3447 Dominus
2936 3391 3199 3445 custodiat
3219 3391 3493 3445 introitum
3516 3398 3664 3444 tuum

2094 3491 2147 3535 et
2183 3484 2386 3535 exitum
2415 3492 2563 3534 tuum
2604 3498 2671 3535 ex
2711 3483 2814 3535 hoc
2854 3496 2994 3534 nunc
3020 3488 3073 3535 et
3110 3496 3275 3550 usque
3314 3481 3366 3533 in
3406 3489 3662 3533 aeternum

2095 3569 2265 3640 (Psal.
2314 3584 2437 3632 cxx,
2484 3570 2559 3637 8).
2604 3568 2764 3621 Vivas
2804 3568 3050 3635 feliciter,
3084 3578 3137 3622 et
3171 3568 3361 3624 floreas
3397 3568 3452 3621 in
3480 3582 3661 3636 opere,

2092 3659 2255 3711 verbo
2280 3657 2394 3710 Dei.
2427 3656 2576 3718 Vale,
2606 3655 2789 3721 frater,
2819 3655 2872 3709 in
2901 3650 3193 3721 aeternum;
3231 3665 3499 3710 memento
3523 3669 3663 3710 sem—

2092 3765 2188 3817 per
2212 3762 2367 3801 orare
2392 3764 2487 3816 pro
2516 3748 2689 3812 nobis,
2731 3754 2786 3800 ct
2820 3761 3025 3800 memor
3059 3746 3129 3800 sit
3156 3760 3366 3814 semper
3391 3745 3539 3799 Deus
3566 3743 3661 3799 ad-

2050 3828 2058 3832 .
2088 3840 2277 3909 juvare
2308 3848 2380 3893 te.

2518 3929 2541 3967 ιι
2586 3928 2915 3982 EPISTOLA
2959 3927 3241 3984 LXXXIX.

2671 4032 2737 4069 AD
2779 4032 3101 4070 ιιοΒιιΑυωι.

2701 4106 2877 4175 (Anno
2904 4106 3052 4176 798.)

2094 4203 2339 4258 Liobradi
2366 4202 2656 4274 (Leidradi)
2686 4202 2830 4256 electi
2855 4203 3079 4271 episcopi
3107 4202 3463 4272 Lugdunensis
3488 4204 3656 4257 amici-

2690 4274 2816 4325 tiam
2849 4282 3077 4341 exaptat.

2165 4382 2437 4448 Pontiﬁei,
2472 4381 2653 4447 fratri,
2698 4380 2870 4434 amico
2905 4392 2926 4420 ο
2956 4380 3220 4434 Liobrado
3248 4380 3415 4434 electo
3444 4380 3666 4435 Albinus

2093 4470 2340 4523 salutem.

2160 4558 2373 4613 Gratias
2407 4574 2507 4627 ago
2544 4558 2651 4612 Deo
2676 4558 2765 4627 qui
2801 4558 2961 4612 talem
2997 4558 3126 4610 mihi
3158 4558 3453 4625 perdonare
3481 4540 3665 4628 digna;

2090 4656 2179 4702 tus
2203 4657 2285 4702 est
2314 4648 2577 4711 amicum,
2608 4647 2659 4701 in
2687 4646 2839 4715 cujus
2870 4645 2971 4700 ﬁde
2999 4646 3221 4711 veritas,
3252 4646 3304 4699 in
3339 4645 3488 4714 cujus
3514 4648 3660 4701 boni—

2092 4745 2200 4793 tate
2244 4738 2570 4806 benignitas,
2614 4738 2666 4790 in
2709 4736 2860 4805 cujus
2897 4736 3117 4792 consilio
3159 4736 3302 4791 salus
3336 4752 3547 4807 semper
3585 4740 3663 4793 in—

2094 4837 2249 4882 venta
2292 4838 2391 4881 est.
2434 4823 2503 4880 Et
2540 4836 2740 4895 quanto
2780 4828 3014 4881 rariores
3056 4844 3195 4881 nunc
3236 4828 3490 4895 temporis
3531 4828 3665 4881 tales

2096 4915 2321 4969 inveniri
2347 4923 2583 4983 possunt,
2618 4921 2767 4969 tanto
2795 4916 3070 4971 chariores
3098 4916 3282 4970 haberi
3306 4915 3515 4968 debent.
3548 4913 3662 4967 Sic—

2165 5057 2186 5084 ε
2231 5045 2356 5099 Haec
2382 5044 2545 5097 verba
2571 5042 2769 5097 omissa
2807 5060 2835 5096 a
2877 5043 3014 5099 Mab.
3052 5042 3396 5112 supplendum
3433 5039 3657 5112 ex‘lsai.

2094 5130 2184 5177 XL,
2212 5116 2277 5169 I5
2306 5130 2320 5166 :
2350 5114 2483 5167 Ecce
2512 5122 2684 5182 gentes
2712 5114 2862 5180 quasi
2898 5114 3037 5166 stilla
3067 5109 3257 5182 situla,
3288 5119 3334 5182 et
3374 5109 3523 5182 quasi
3549 5126 3659 5182 mo-

2094 5176 2321 5262 mentum
2347 5176 2553 5236 statera:
2576 5176 2823 5249 reputate:
2845 5193 2963 5236 sunt
2988 5200 3004 5235 :
3029 5197 3141 5233 ecce
3166 5176 3348 5231 iusqu
3370 5178 3519 5245 quasi
3541 5178 3657 5245 pul-

2094 5269 2167 5305 ῑή
2190 5270 2427 5319 exiguus.

2166 5320 2193 5359 ἀ
2234 5314 2371 5374 Εἶιὶι.
2404 5320 2654 5384 Quercet.
2680 5318 2747 5373 86
2773 5334 2835 5373 ex
2868 5334 2989 5381 ms.;
3022 5314 3246 5368 Froben.
3278 5314 3363 5368 74.

2172 5401 2194 5428 ε
2233 5382 2486 5443 Liobraito
2515 5388 2694 5440 electo.
2735 5386 2995 5441 Liodrado
3037 5385 3312 5451 legendum
3354 5390 3506 5451 putat
3550 5382 3646 5438 Ma-

2172 5401 2194 5428 ε
2233 5400 2486 5443 laceratio
2515 5400 2694 5440 electo.
2735 5400 2995 5441 Liourauo
3038 5400 3312 5506 regionatim
3354 5400 3506 5451 putat
3550 5400 3646 5438 ua-

2094 5458 2361 5519 billonius,
2392 5456 2481 5525 qui
2511 5464 2593 5509 est
2618 5456 2906 5510 Leidradus
2936 5469 3077 5509 anno
3137 5454 3204 5508 98
3230 5454 3429 5525 electus
3452 5452 3655 5525 episco.

2094 5544 2193 5596 pus
2220 5521 2616 5596 Lugdunensis;
2655 5526 2910 5596 sequenti
2929 5539 3055 5596 vero
3082 5539 3222 5575 anno
3254 5522 3483 5596 primum
3506 5521 3653 5574 ordi-

2097 5589 2267 5648 natus.
2302 5589 2431 5648 Vide
2470 5593 2607 5647 llist.
2640 5589 2761 5647 Litt.
2793 5594 2857 5646 de
2894 5592 2945 5645 la
2985 5590 3206 5656 France,
3248 5589 3371 5643 toni.
3404 5589 3506 5655 IV,
3533 5606 3649 5659 ptg.

2094 5666 2194 5719 455
2222 5680 2353 5731 seqq.
