4238 6190
379 325 486 380 389

1783 309 2155 366 EI‘lSTOLJE.

3509 311 3612 360 290

449 434 760 489 Audivimus
795 441 1005 498 quoque
1054 426 1260 495 aliquos
1297 425 1351 478 in
1385 425 1485 478 illis
1518 422 1757 492 partibus
1795 423 1937 475 aﬁir-
1965 429 2011 483 Α
2041 421 2183 476 datu.
2213 420 2431 473 Videtur
2457 420 2598 472 etaim
2625 417 2908 487 Apostolus
2931 398 3051 471 huic
3089 419 3445 472 observationi
3491 439 3612 474 eme

381 540 544 588 mare,
575 522 740 576 salem
766 533 884 573 esse
909 519 960 571 in
989 516 1312 572 sacriﬁcium
1337 514 1576 581 corporis
1603 512 1803 570 Christi
1827 511 1947 564 mit-

380 613 615 668 tendum.
643 624 667 651 ι
697 610 869 676 Quam
903 606 1341 661 consuetudinem
1379 618 1478 657 nec
1515 601 1834 657 universalis
1853 600 1947 653 ob-

377 709 555 755 servat
577 699 832 762 Ecclesia,
861 712 958 750 nec
978 695 1218 749 Romana
1246 695 1476 748 custodit
1493 693 1800 746 auctoritas.
1824 689 1946 741 Tres

377 801 514 852 sunt,
533 790 683 859 juxta
706 787 1002 856 apostolum
1023 784 1303 846 Joannem,
1319 785 1407 852 qui
1428 783 1776 836 testimonium
1797 781 1942 841 dant,

377 881 587 950 spiritus
623 879 714 950 (et)
741 895 875 948 aqua
897 886 944 930 et
986 877 1195 944 sanguis
1222 874 1273 944 (1
1295 875 1452 926 Joan.
1479 891 1533 935 v,
1556 873 1633 942 8).
1658 872 1781 925 Tria
1821 877 1947 925 sunt

379 987 498 1040 qua:
522 971 575 1024 in
621 969 886 1023 sacriﬁcio
932 964 1088 1033 hujus
1142 962 1430 1018 testimonii
1476 961 1746 1016 oﬁ‘erenda
1782 968 1942 1014 sunt:

375 1062 547 1132 panis,
571 1070 625 1114 et
649 1075 784 1129 aqua
811 1067 864 1113 et
898 1058 1102 1110 vinum.
1125 1054 1277 1108 Sicut
1302 1055 1445 1107 enim
1467 1052 1688 1120 spiritus
1711 1048 1946 1103 viviﬁcat

377 1164 571 1218 corpus
591 1149 769 1217 (Joan.
799 1163 871 1210 vi,
903 1144 1015 1216 ﬁt),
1051 1144 1122 1196 ita
1157 1142 1310 1210 panis
1335 1141 1614 1194 conﬁrmat
1641 1153 1737 1193 cor
1777 1137 1946 1192 homi-

379 1239 481 1294 nis.
511 1237 660 1291 Sicut
687 1237 828 1288 enim
866 1233 1122 1303 sanguine
1167 1229 1412 1283 liberavit
1454 1244 1552 1282 nos
1575 1227 1836 1288 Christus,
1869 1226 1944 1278 ita

377 1334 432 1380 et
457 1329 581 1380 vino
609 1323 860 1379 laetiﬁcat.
898 1322 1028 1375 Item
1057 1323 1120 1374 de
1147 1335 1312 1388 aqua:
1354 1317 1457 1381 Qui
1482 1317 1661 1370 biberit
1697 1332 1761 1369 ea:
1782 1331 1942 1385 aqua,

376 1431 530 1485 quam
570 1430 661 1482 ego
686 1412 819 1464 dabo
841 1413 908 1474 ei,
939 1427 1042 1463 non
1086 1409 1218 1462 sitiet
1257 1409 1310 1459 in
1351 1415 1599 1458 aeternum
1638 1403 1818 1474 (Joan.
1866 1419 1943 1468 tv,

383 1505 494 1572 13).
523 1503 613 1556 Sic
641 1500 794 1573 (Cod.
825 1499 940 1554 Sat.
961 1540 974 1562 ,
1003 1496 1226 1567 scilicet]
1248 1505 1302 1550 et
1327 1496 1497 1564 panis,
1543 1495 1632 1563 qui
1675 1495 1728 1548 in
1754 1510 1946 1563 corpus

379 1592 576 1646 Christi
609 1598 973 1651 consecratur,
1002 1591 1200 1655 absque
1234 1588 1495 1640 fermento
1541 1585 1700 1638 ullius
1726 1585 1946 1638 alterius

380 1682 702 1744 infectionis,
727 1680 884 1734 debet
902 1693 1020 1732 esse
1043 1677 1450 1738 mundissimus;
1480 1683 1534 1728 et
1575 1689 1713 1742 aqua
1743 1674 1944 1742 absque

2045 511 2349 564 contrarius
2382 510 2434 562 in
2465 527 2531 564 eo
2575 509 2717 572 loco,
2743 510 2830 562 ubi
2860 510 2965 561 ait:
2993 509 3285 577 Consepulti
3313 511 3446 561 enim
3494 513 3616 564 estis

2043 601 2097 652 in
2128 599 2333 653 Christo
2371 616 2460 664 per
2490 599 2793 668 baptismum
2822 597 2998 667 (Rom.
3032 613 3082 651 vt
3101 637 3113 658 ,
3141 598 3218 667 ι).
3243 598 3454 653 Scimus
3472 600 3614 654 enim

2045 686 2337 750 Christum,
2361 688 2484 742 licet
2509 689 2608 740 hoc
2657 688 3044 756 synecdocbicc
3084 687 3153 740 sit
3197 688 3614 756 intelligendum,

2045 785 2158 831 tres
2176 778 2292 831 dies
2313 787 2368 831 et
2394 787 2502 832 tres
2523 788 2706 833 noctes
2726 779 2778 831 in
2800 779 3044 846 sepulcro
3066 777 3246 840 fuisse.
3277 781 3390 846 ipso
3409 780 3617 834 dicente

2045 867 2112 919 ad
2134 865 2370 921 Judmos:
2413 866 2559 921 Sicut
2581 867 2679 934 {uit
2706 867 2872 920 Jonas
2908 868 2959 919 in
2990 876 3160 919 rentre
3189 869 3287 918 ceti
3323 868 3487 920 tribus
3509 868 3616 919 die-

2046 957 2139 1009 bus
2166 967 2214 1009 et
2235 957 2396 1009 tribus
2429 957 2684 1020 noctibus,
2729 958 2802 1009 sic
2828 950 2921 1010 erit
2971 968 3018 1009 et
3075 955 3245 1010 Filius
3295 959 3518 1011 hominis
3563 959 3623 1011 in

2045 1045 2197 1098 corde
2223 1055 2376 1098 terra
2403 1045 2567 1098 tribus
2612 1046 2790 1098 diebus
2827 1055 2876 1098 et
2902 1047 3065 1122 tribus
3113 1048 3346 1100 noctibus
3401 1049 3614 1118 (Matth.

2046 1148 2145 1196 xu,
2181 1131 2296 1204 ιο).
2324 1133 2352 1172 ιι
2380 1133 2607 1188 Possunt
2646 1143 2756 1187 tres
2779 1143 2963 1188 noctes
3012 1145 3122 1189 tres
3171 1139 3493 1199 mersioncs,
3544 1137 3620 1205 [et

2044 1229 2156 1277 tres
2175 1221 2312 1293 dies]
2335 1231 2445 1276 tres
2465 1222 2794 1277 elevationes
2837 1225 3138 1292 designare.
3187 1225 3334 1280 Sicut
3371 1227 3618 1280 Christus

2045 1311 2203 1365 tertia
2232 1312 2318 1366 die
2369 1312 2684 1376 resurrexit,
2708 1313 2782 1365 ita
2827 1320 2879 1365 et
2919 1329 3015 1367 nos
3062 1315 3220 1367 tertio
3242 1315 3327 1369 die
3369 1316 3435 1370 de
3477 1316 3618 1370 fonte

2046 1399 2223 1453 vitalis
2247 1398 2444 1453 lavacri
2470 1400 2658 1454 elevati
2676 1439 2690 1460 ,
2720 1401 2775 1452 in
2799 1401 3036 1454 novitate
3065 1402 3184 1455 vitae
3213 1418 3332 1455 cum
3364 1404 3456 1457 illo
3503 1419 3617 1456 am-

2046 1492 2292 1546 bulemus
2319 1490 2502 1560 (Rom.
2524 1507 2599 1555 vi,
2640 1490 2716 1560 ι).
2745 1491 2994 1559 Legimus
3021 1501 3076 1546 et
3111 1493 3164 1547 in
3202 1495 3421 1561 epistola
3449 1497 3618 1549 sancti

2047 1596 2195 1650 papa:
2225 1580 2439 1644 Leonis.
2475 1596 2634 1648 quam
2684 1580 2752 1634 de
2775 1580 3043 1648 baptismo
3092 1581 3159 1634 ad
3194 1597 3382 1637 omnes
3411 1583 3621 1659 Sicilia:

2047 1672 2363 1740 conscripsit
2391 1673 2691 1739 episcopos,
2715 1669 2803 1723 ubi
2843 1681 2963 1739 post
2988 1685 3280 1740 congruam
3309 1673 3620 1741 disputatio—

379 1772 522 1825 omni
551 1771 705 1824 sorde
730 1768 1034 1836 purissima,
1060 1774 1114 1820 et
1137 1766 1318 1818 vinum
1366 1766 1568 1832 absque
1604 1763 1748 1818 omni
1797 1778 1941 1816 com-
1975 1758 2017 1816 Β
2046 1761 2128 1813 nis
2165 1762 2382 1824 seriem,
2414 1762 2485 1814 ita
2525 1761 2800 1828 subjunxit
2819 1761 3038 1814 dicens:
3073 1779 3091 1810 ι
3121 1761 3376 1826 Quamvis
3412 1779 3540 1833 ergo
3566 1775 3621 1818 et

381 1862 630 1916 mistione
677 1860 899 1914 alterius
947 1858 1168 1926 liquoris
1235 1855 1360 1926 [nisi
1411 1855 1583 1924 aquae]
1629 1856 1943 1924 purgatissi-

381 1967 545 2005 mum.
583 1951 748 2019 lgitur
772 1963 909 2016 aqua
938 1948 1149 2015 utrique
1173 1946 1472 1999 conveniat.
1507 1945 1583 1997 Ex
1623 1960 1760 2013 aqua
1783 1954 1836 1998 et
1872 1943 1945 1996 l‘a-

381 2041 496 2092 rina
534 2038 688 2106 panis
734 2036 793 2090 ﬁt
846 2036 936 2104 qui
986 2041 1330 2089 consecratur
1377 2035 1430 2086 in
1474 2048 1668 2101 corpus
1712 2032 1939 2086 Christi:

380 2147 520 2201 aqua
541 2139 594 2185 et
618 2132 799 2184 vinum
827 2129 882 2182 iu
916 2125 1225 2197 sanguinem
1271 2126 1674 2180 consecrabitur
1720 2124 1939 2178 Christi.

382 2219 440 2283 Si
469 2220 611 2273 enim
636 2234 772 2288 aqua
795 2226 849 2272 et
873 2217 970 2281 sal,
999 2217 1136 2270 sicut
1164 2213 1320 2281 hujus
1346 2224 1504 2269 sectae
1539 2215 1722 2268 dicunt
1761 2223 1946 2268 aucto-

383 2324 488 2374 res,
510 2309 667 2363 unius
707 2317 832 2361 Sunt
875 2315 1111 2370 naturte,
1163 2304 1379 2359 infunde
1407 2320 1623 2358 carnem
1677 2312 1945 2357 recentem

383 2407 615 2469 aqua,‘ct
643 2399 800 2452 aliam
824 2398 934 2452 sale
961 2412 1280 2466 consperge:
1305 2397 1509 2451 videbis
1537 2400 1674 2461 cito,
1709 2397 1752 2450 si
1787 2411 1942 2449 unam

384 2504 519 2558 aqua
541 2496 594 2541 et
624 2487 700 2540 sal
729 2487 974 2540 habuerit
1004 2485 1296 2539 eﬁ'cctivam
1341 2487 1654 2554 potentiam.
1698 2486 1944 2556 Nunquid

382 2595 508 2633 caro
537 2577 732 2633 Christi
757 2577 1079 2646 computruit
1101 2578 1152 2629 in
1182 2577 1445 2645 sepulcro,
1476 2586 1534 2630 ut
1557 2591 1696 2630 nunc
1724 2577 1833 2630 sale
1867 2577 1946 2629 in-

383 2670 559 2740 digeat
588 2683 780 2737 corpus
809 2665 924 2733 ejus
953 2667 1005 2719 in
1041 2665 1338 2719 sacriﬁcio?
1360 2664 1509 2730 Quod
1547 2667 1728 2734 itaque
1759 2666 1811 2717 in
1867 2680 1948 2719 ve-

386 2759 482 2811 teri
505 2757 622 2826 lege
645 2755 721 2809 sal
760 2755 1063 2824 praecipitur
1090 2755 1143 2808 in
1174 2755 1404 2808 victimis
1434 2755 1751 2815 habendum,
1782 2754 1947 2821 signi-

387 2845 563 2898 ﬁcatio
587 2852 709 2896 tunc
741 2843 837 2895 fuit
878 2842 1071 2897 futurae
1102 2842 1175 2895 rei
1205 2842 1558 2911 intelligenda:
1590 2882 1602 2903 ,
1633 2856 1739 2894 non
1765 2842 1948 2894 obser-

387 2933 529 2984 vatio
555 2932 606 2983 in
626 2931 876 2998 prmsenti
907 2939 1143 2998 tempore
1169 2931 1454 2984 habendas:
1489 2931 1626 2984 sicut
1648 2931 1827 2984 omnia
1851 2929 1942 2983 Ju-

387 3021 552 3075 daica:
577 3019 706 3089 legis
732 3019 1012 3082 sacriﬁcia,
1041 3035 1158 3089 qua:
1178 3020 1332 3088 juxta
1362 3020 1670 3087 Apostolum
1703 3021 1754 3074 in
1776 3021 1942 3090 ﬁgura

2047 1851 2133 1902 illa
2158 1866 2278 1919 qua:
2298 1853 2362 1902 ad
2394 1851 2768 1914 humilitatem,
2795 1858 2849 1903 et
2878 1851 2965 1902 illa
2993 1867 3112 1920 qute
3149 1853 3216 1904 ad
3243 1853 3467 1921 gloriam
3499 1870 3620 1921 pcr-

2045 1943 2216 1996 tinent
2234 1942 2456 2004 Christi,
2487 1943 2537 1995 in
2573 1957 2731 1994 unam
2762 1951 3085 1994 concurrant
3114 1945 3461 2012 eamdemque
3500 1961 3620 2012 pcr-

2045 2047 2267 2096 sonam;
2298 2041 2574 2102 totumque
2597 2037 2738 2103 quod
2764 2037 2817 2089 in
2843 2037 2932 2090 illo
2959 2039 3174 2092 virtutis
3210 2039 3415 2092 divinat.
3441 2051 3522 2092 est
3567 2051 3623 2093 et

2047 2121 2371 2175 inﬁrmitatis
2419 2125 2662 2178 humanm
2708 2127 2774 2179 ad
2798 2137 2993 2180 nostrae
3039 2129 3390 2196 reparationis
3443 2131 3624 2183 tendat

2044 2210 2313 2275 effectum,
2343 2215 2557 2281 proprie
2581 2223 2758 2269 tamen
2789 2217 2842 2268 in
2870 2225 3038 2270 morte
3063 2219 3326 2280 cruciﬁxi,
3375 2229 3422 2270 et
3454 2219 3506 2270 in
3534 2235 3616 2269 ιϊ-

2045 2305 2376 2357 surrectioue
2397 2305 2609 2365 mortui,
2641 2309 2874 2372 potentia
2901 2308 3237 2375 baptismatis
3259 2323 3448 2360 novam
3476 2325 3620 2359 erva-

2050 2401 2224 2445 turam
2248 2395 2427 2448 condit
2453 2412 2516 2450 ex
2541 2408 2719 2452 vetere
2743 2417 2754 2449 :
2784 2408 2840 2452 nt
2879 2400 2931 2452 in
2972 2399 3375 2453 renascentibus
3399 2409 3452 2452 ct
3480 2417 3622 2454 man

2046 2482 2246 2535 Christi
2273 2495 2600 2551 opereturct
2653 2489 2757 2540 vita
2786 2505 2800 2551 ;
2832 2489 3044 2541 dicente
3091 2491 3248 2541 beato
3300 2489 3462 2543 Paulo
3492 2507 3616 2558 apu—

2047 2571 2216 2623 slolo:
2247 2573 2324 2624 An
2355 2573 2621 2641 ignoratis,
2650 2575 2859 2642 fratres,
2896 2578 3016 2644 quia
3063 2579 3351 2646 quicunque
3378 2578 3622 2646 baptisati

2045 2676 2223 2712 sumus
2248 2661 2302 2712 in
2329 2659 2532 2714 Christo
2555 2662 2681 2716 Jesu
2702 2706 2713 2727 ,
2748 2666 2799 2717 in
2845 2677 3007 2718 morte
3037 2667 3197 2734 ipsius
3252 2668 3495 2735 baptizati
3536 2683 3625 2720 su—

2047 2749 2202 2800 mus?
2228 2750 2511 2818 consepulti
2539 2754 2673 2804 enim
2711 2770 2890 2805 sumus
2923 2772 3036 2807 cum
3074 2755 3163 2807 illo
3191 2773 3282 2824 per
3309 2755 3618 2824 baptismth

2047 2838 2100 2890 in
2131 2848 2344 2892 mortem
2371 2856 2387 2892 :
2420 2851 2473 2892 ut
2496 2845 2750 2911 quomodo
2800 2849 3024 2898 surrexit
3073 2847 3308 2899 Christus
3333 2865 3363 2899 α
3408 2851 3625 2901 mortuis

2047 2945 2138 2997 per
2162 2927 2385 2998 gloriam
2415 2930 2588 2986 Patris
2609 2974 2623 2996 ,
2652 2936 2721 2986 ita
2755 2946 2801 2988 et
2833 2954 2923 3012 nos
2951 2938 3003 2989 in
3054 2938 3273 2989 novitate
3299 2939 3414 2991 rita:
3438 2940 3620 2992 ambu-

2048 3019 2231 3070 lemus.
2264 3017 2322 3072 Si
2351 3011 2487 3072 enim
2534 3022 2867 3091 complantati
2900 3027 3026 3093 facti
3070 3045 3246 3080 sumus
3293 3029 3621 3082 similitudini

386 3111 776 3180 contingebant
798 3111 899 3165 illis
921 3110 978 3181 ’(1
1005 3109 1124 3164 Cor.
1155 3127 1181 3162 x
1201 3151 1214 3173 ,
1250 3109 1356 3178 il).
1389 3109 1598 3178 Scripta
1626 3119 1748 3163 sunt
1770 3118 1944 3162 autem
1976 3099 2020 3159 C
2052 3108 2234 3159 mortis
2255 3109 2388 3175 ejus,
2420 3110 2575 3163 simul
2599 3121 2644 3163 et
2669 3116 3055 3168 resurrectionis
3077 3117 3288 3180 erimus,
3315 3127 3366 3171 et
3409 3128 3624 3182 cetera,

386 3201 545 3274 [hac]
581 3212 795 3271 propter
821 3216 935 3254 nos.
963 3201 1164 3254 Littera
1192 3201 1334 3254 enim
1365 3200 1581 3260 occidit,
1612 3200 1828 3268 spiritus
1857 3215 1951 3251 au-

389 3304 494 3346 tem
510 3290 745 3345 viviﬁcat
761 3289 844 3361 (II
861 3289 982 3342 Cor.
1005 3305 1085 3352 ιιι,
1102 3289 1175 3358 6).
1196 3289 1362 3358 Hujus
1378 3303 1502 3342 vero
1526 3289 1682 3357 108
1704 3289 1950 3342 sacratis-

388 3381 534 3434 sima:
579 3379 861 3434 oblationis
911 3378 1077 3445 ﬁgura
1130 3378 1186 3430 in
1227 3377 1610 3431 Melchisedech
1658 3379 1948 3445 prtecessit,

332 3458 338 3464 ’
388 3469 477 3537 qui
500 3468 678 3520 vinum
699 3475 753 3520 et
778 3482 966 3534 panem
998 3466 1104 3518 Deo
1127 3481 1334 3527 summo
1356 3464 1548 3518 oﬁ'errc
1570 3465 1770 3518 Soli-bat
1798 3467 1948 3538 (Cen.

394 3573 503 3618 xw,
537 3556 645 3626 18).

460 3647 626 3716 Hujus
650 3657 859 3714 quoque
882 3646 1118 3716 mystcrii
1147 3645 1498 3699 sanctiﬁcatio
1547 3654 1740 3699 nostm
1767 3646 1955 3698 salutis

392 3737 657 3804 portendit
702 3736 966 3790 effectum.
1001 3735 1056 3788 lu
1096 3745 1231 3803 aqua
1272 3751 1399 3788 vero
1438 3736 1660 3803 populus
1713 3736 1957 3804 intelligi-

394 3835 480 3878 tur
507 3826 854 3879 credentium.
907 3823 961 3876 In
993 3824 1170 3892 granis
1213 3824 1369 3876 tritici
1415 3825 1552 3876 unde
1598 3824 1766 3876 farina
1796 3823 1958 3878 eﬂici-

395 3916 481 3966 tur
501 3922 559 3966 ut
595 3914 746 3980 panis
775 3912 898 3975 ﬁat,
928 3913 1176 3966 adunatio
1222 3914 1382 3966 totius
1408 3913 1658 3966 Ecclesia:
1707 3913 1955 3982 designao

395 4009 498 4064 tur,
521 4015 639 4069 qua:
667 4000 785 4068 igne
809 4000 976 4052 sancti
1001 3998 1232 4067 Spiritus
1253 4000 1304 4051 in
1326 4015 1487 4051 unum
1508 4001 1822 4068 decoquitur
1842 4016 1959 4053 eor-

394 4104 514 4159 pus,
539 4097 600 4143 ut
624 4103 719 4142 suo
748 4088 908 4158 capiti
956 4088 1193 4140 membra
1241 4087 1694 4156 compaginentur.
1745 4087 1874 4140 Item
1907 4088 1957 4139 in

396 4176 548 4247 aquis
570 4192 686 4245 qua:
708 4175 832 4230 vino
869 4178 1178 4242 miscentur,
1220 4176 1409 4248 ﬁgura,
1437 4185 1494 4230 ut
1524 4177 1754 4231 diximus
1773 4218 1787 4239 ,
1833 4191 1960 4244 gen-

396 4268 530 4322 tium
578 4267 902 4335 designatur.
954 4265 1011 4319 In
1033 4266 1157 4319 vino
1202 4276 1379 4320 autem
1417 4266 1634 4334 sanguis
1675 4265 1961 4319 Dominicm

397 4358 658 4428 passionis
683 4357 1001 4411 ostenditur.
1033 4357 1204 4425 Atque
1233 4359 1328 4421 ita,
1380 4358 1504 4410 dum
1537 4359 1588 4408 in
1610 4357 1960 4410 sacramentis

2052 3202 2170 3262 qua:
2200 3194 2362 3249 latius
2387 3199 2643 3266 magister
2667 3203 2902 3270 gentium
2929 3205 2993 3256 ad
3024 3207 3503 3260 commendandum
3535 3223 3624 3260 sa-

2051 3293 2383 3338 cramentum
2430 3285 2765 3363 baptismatis
2810 3292 3098 3359 disputavit
3145 3294 3320 3358 (Rom.
3352 3297 3622 3359 vi.5-5l,

2055 3374 2119 3426 Et
2144 3381 2364 3442 apparet
2388 3389 2452 3427 ex
2479 3374 2634 3441 hujus
2660 3376 2921 3441 doctrina,
2972 3382 3348 3448 regenerandis
3375 3383 3498 3436 tiliis
3524 3386 3620 3437 Im-

2055 3465 2275 3525 minum,
2312 3466 2439 3518 etin
2489 3466 2578 3519 Dei
2608 3466 2744 3521 ﬁlios
2794 3469 3142 3536 adoptandis,
3195 3471 3340 3523 illum
3384 3474 3521 3526 diem
3563 3485 3626 3528 .et

2055 3552 2183 3606 illud
2207 3561 2413 3619 tempus
2460 3554 2687 3608 electum
2707 3597 2721 3618 ,
2745 3557 2797 3609 in
2822 3573 2928 3626 quo
2976 3573 3068 3626 per
3095 3559 3492 3613 similitudinem
3521 3561 3626 3612 inr-

2057 3657 2303 3709 mamque
2331 3643 2572 3709 mystcrii
2618 3659 2678 3696 ea
2707 3661 2826 3713 qua!
2864 3656 3120 3712 geruntur
3162 3649 3214 3700 in
3240 3649 3514 3710 membris,
3545 3653 3626 3702 his

2057 3743 2174 3797 qu:e
2205 3729 2254 3779 in
2285 3729 2395 3795 ipso
2431 3730 2602 3796 capite
2628 3739 2752 3783 sunt
2781 3741 2947 3800 gesta,
2977 3743 3328 3802 congruerent
3364 3753 3377 3788 :
3419 3737 3540 3790 dum
3574 3739 3624 3789 in

2059 3817 2090 3868 h
2110 3817 2393 3886 aptismatis
2421 3817 2598 3886 regula
2641 3827 2695 3871 ct
2719 3835 2865 3872 mors
2887 3819 3084 3874 interiit
3107 3820 3260 3892 [Cod.
3289 3822 3402 3877 Sal.
3424 3865 3437 3887 ,
3466 3826 3628 3879 intrr-

2059 3907 2223 3978 vcnit]
2265 3908 2635 3962 interiectione
2682 3912 2907 3978 peccati,
2941 3921 2993 3965 et
3024 3914 3346 3980 sepulturam
3396 3917 3625 3970 triduam

2060 3999 2299 4050 imitatur
2326 3998 2464 4048 trina
2490 3998 2754 4050 demersio
2774 4008 2828 4051 et
2865 3999 2932 4051 ab
2961 4002 3114 4068 aquis
3158 4002 3399 4064 elevatio,
3453 4020 3630 4062 reSur-

2058 4086 2230 4153 gentis
2275 4086 2445 4138 instar
2469 4083 2593 4156 [est]
2636 4087 2700 4140 dc
2739 4088 2984 4156 sepulcro
3013 4109 3029 4140 ι
3085 4091 3276 4160 (Epist.
3310 4093 3389 4154 l6,
3425 4111 3539 4164 cap.
3572 4099 3628 4158 5.

2062 4185 2190 4230 tom.
2221 4175 2329 4230 LIV
2361 4176 2559 4230 Patrul.
2595 4179 2695 4232 col.
2719 4178 2864 4247 697).
2896 4180 3000 4234 Sed
3023 4190 3076 4233 et
3124 4183 3310 4235 beatus
3365 4183 3627 4255 Hierony-

2063 4283 2179 4319 mus
2205 4267 2258 4320 in
2277 4266 2413 4320 libro
2433 4265 2666 4320 secundo
2687 4267 2968 4321 Tractatus
3014 4270 3064 4321 in
3117 4270 3409 4337 Epistolam
3457 4277 3625 4328 sancti

2062 4357 2211 4411 Pauli
2245 4358 2311 4411 ad
2343 4357 2600 4425 Ephesios
2647 4358 2699 4411 in
2741 4359 3072 4426 expositione
3120 4362 3435 4414 sententiae:
3480 4363 3626 4416 L'uus

361 4501 364 4505 ,
397 4427 533 4517 aqua
557 4446 732 4499 tritico
750 4444 830 4497 vel
854 4445 975 4498 vino
1003 4445 1276 4506 miscetur,
1311 4445 1480 4498 ﬁdelis
1499 4445 1722 4513 populus
1741 4445 1966 4501 Christo.
1987 4427 2035 4485 υ
2060 4446 2214 4508 Deus,
2240 4463 2344 4498 una
2371 4447 2521 4512 ﬁdes,
2553 4463 2712 4499 unum
2739 4448 2988 4516 baptisma
3008 4465 3025 4500 :
3055 4466 3186 4501 unus
3239 4450 3375 4502 Deus
3397 4462 3443 4502 et
3475 4451 3628 4505 Pater

399 4539 792 4610 [incorporatur
822 4543 874 4588 et
922 4533 1198 4605 iungitur].
1250 4533 1354 4587 Sed
1384 4534 1450 4587 de
1491 4533 1792 4599 hujusmodi
1826 4533 1956 4602 ﬁgu—

403 4627 694 4681 rationibus
720 4623 1020 4692 epistolaris
1046 4623 1288 4694 angustia
1316 4623 1403 4676 diu
1435 4637 1517 4675 me
1543 4621 1813 4688 disputare
1836 4635 1957 4688 pro-

401 4713 565 4768 hibet.
594 4712 699 4766 Sed
723 4721 776 4765 et
795 4726 1023 4766 canones
1059 4711 1502 4782 Carthaginenses
1538 4725 1654 4778 cap.
1687 4708 1756 4761 ει
1779 4709 1842 4762 de
1869 4723 1959 4761 sa-

404 4802 605 4856 criﬁcio
644 4802 884 4869 corporis
904 4809 958 4852 et
1004 4803 1276 4870 sanguinis
1326 4801 1562 4854 Domini:
1615 4819 1631 4850 ι
1663 4799 1804 4853 Nihil
1847 4815 1958 4852 am-

404 4889 542 4962 plius
569 4888 810 4951 oﬁ‘ertur,
839 4901 996 4955 quam
1028 4890 1140 4956 ipse
1167 4889 1420 4945 Dominus
1449 4879 1694 4951 tradidit;
1727 4889 1825 4941 hoc
1853 4895 1955 4950 est,

405 4996 594 5050 panem
612 4988 665 5034 et
683 4980 860 5032 vinum
879 4994 1012 5046 aqua
1036 4980 1247 5031 mistum
1279 5000 1296 5030 ι
1324 4977 1542 5048 (Coneil.
1577 4977 1823 5043 Carthag.
1851 4977 1953 5044 ιιι).

477 5069 657 5124 Tertia
674 5082 886 5137 quoque
911 5068 1059 5120 nobis
1083 5062 1147 5118 de
1176 5067 1443 5134 Hispania,
1489 5081 1605 5134 quzc
1631 5065 1756 5116 olim
1779 5072 1959 5131 tyran-

409 5173 596 5214 norum
622 5159 796 5210 nutrix
822 5157 938 5222 fuit,
960 5173 1100 5211 nunc
1120 5173 1245 5211 vero
1271 5158 1746 5217 schismatieorum,
1775 5163 1956 5207 contra

411 5245 762 5303 universalem
787 5257 981 5302 sanctae
1002 5247 1096 5300 Dei
1124 5244 1371 5300 Ecclesia:
1395 5247 1828 5299 consuetudinem
1851 5286 1862 5297 .
1898 5244 1960 5296 de

412 5338 674 5407 baptismo
701 5338 920 5404 qnzestio
944 5338 1114 5390 delata
1144 5345 1256 5400 est;
1288 5335 1606 5389 afﬁrmantes
1625 5336 1837 5404 quidam
1867 5336 1964 5386 sub

413 5426 744 5483 invocatione
765 5426 1042 5480 Trinitatis
1082 5443 1241 5479 unam
1288 5438 1405 5480 esse
1450 5426 1771 5478 mersioncm
1808 5440 1965 5492 agen-

484 5547 511 5575 ι
549 5534 791 5602 Basnagii
819 5534 872 5586 in
901 5534 1039 5592 hunc
1071 5533 1244 5589 locum
1269 5535 1435 5592 crisin
1469 5534 1520 5586 in
1549 5530 1857 5599 prmiationc
1886 5546 1966 5584 re-

416 5603 774 5670 probavimus.

491 5672 516 5709 δ
558 5672 779 5724 Possunt
824 5682 923 5726 tres
951 5682 1134 5723 noctes.
1177 5670 1412 5736 ineptam
1457 5679 1507 5723 et
1534 5670 1752 5722 Alcuino
1790 5670 1966 5720 admo—

2054 4536 2307 4597 omnium,
2334 4536 2421 4600 qui
2448 4551 2603 4602 super
2625 4551 2799 4588 omnes
2834 4547 2881 4588 et
2908 4553 3062 4604 super
3097 4540 3267 4589 omnia
3301 4549 3348 4590 et
3374 4541 3429 4590 in
3463 4543 3627 4592 omni-

2059 4621 2150 4673 bus
2194 4622 2337 4674 nobis
2387 4621 2598 4691 (Eplies.
2648 4639 2718 4684 IV,
2746 4623 2796 4684 5,
2825 4623 2912 4694 6);
2961 4625 3188 4678 detrina
3237 4641 3323 4679 me
3353 4627 3502 4680 sione
3558 4630 3626 4681 ita

2060 4711 2169 4763 ait:
2207 4729 2224 4760 ι
2267 4709 2324 4765 Si
2344 4712 2508 4774 enim,
2543 4721 2596 4764 ut
2623 4714 2889 4768 aestimant
2913 4714 3118 4779 Ariani,
3145 4715 3284 4770 Deus
3306 4717 3465 4771 Pater
3485 4721 3630 4773 solus

2059 4811 2144 4856 est
2171 4801 2328 4876 Deus,
2384 4806 2575 4857 eadem
2622 4806 3001 4872 consequentia
3041 4806 3185 4859 solus
3234 4808 3336 4859 erit
3376 4807 3630 4862 Dominus

2065 4891 2219 4946 Iesus
2241 4891 2508 4954 Christus,
2532 4901 2587 4946 et
2613 4908 2710 4945 nec
2751 4893 2908 4945 Pater
2948 4896 3051 4947 erit
3094 4896 3366 4961 Dominus,
3415 4913 3514 4953 nec
3544 4898 3622 4952 Fi—

2067 4983 2169 5034 lius
2195 4981 2353 5036 Deus.
2383 4981 2488 5036 Sed
2514 4983 2673 5044 absit,
2704 4992 2761 5036 ut
2801 4999 2907 5036 non
2946 4986 3015 5038 sit
3051 4987 3131 5039 vel
3178 4989 3229 5040 in
3271 4991 3630 5044 dominatione,

2068 5073 2254 5134 deitas,
2291 5073 2367 5125 vel
2396 5075 2446 5124 in
2486 5074 2683 5127 deitate
2717 5075 3028 5128 dominatio.
3077 5076 3224 5132 Unus
3250 5086 3331 5131 est
3375 5078 3629 5136 Dominus

2068 5169 2121 5214 et
2141 5178 2278 5214 unus
2303 5171 2383 5216 est
2410 5162 2565 5224 Dens,
2595 5164 2717 5229 quia
2743 5163 2914 5214 Patris
2944 5173 2996 5214 et
3027 5163 3142 5214 Filii
3191 5165 3484 5222 dominatio
3526 5187 3626 5222 una

2070 5251 2239 5305 dcitas
2265 5262 2367 5305 est.
2401 5251 2683 5318 Propterea
2705 5259 2759 5302 et
2790 5250 2918 5303 ﬁdes
2946 5267 3046 5304 una
3079 5251 3346 5324 [dicitur],
3403 5251 3528 5323 quia
3560 5260 3628 5309 si-

2073 5348 2267 5399 militer
2290 5349 2340 5398 in
2369 5346 2578 5398 Patrem
2604 5355 2655 5397 et
2683 5347 2732 5398 in
2769 5345 2959 5397 Filium
2991 5355 3044 5398 et
3070 5358 3088 5382 ε
3115 5347 3168 5399 in
3197 5345 3453 5415 Spiritum
3477 5363 3628 5401 sanc-

2073 5447 2182 5488 tum
2215 5435 2565 5502 baptizanzur,
2593 5444 2645 5486 et
2683 5446 2762 5486 ter
2795 5435 3102 5500 mergimur,
3133 5444 3192 5486 ut
3219 5434 3450 5488 Trinitas
3499 5436 3629 5504 [ΑΛ.

2071 5549 2192 5601 dum
2229 5546 2536 5611 injuriosam
2585 5544 2977 5598 adnotationem
3023 5539 3258 5610 ejusdem
3283 5541 3524 5611 Basnagii
3580 5544 3630 5595 in

2071 5611 3029 5685 prtel'a_tio_nepaucis-perstrinximus.
3100 5677 3113 5685 _
3326 5678 3357 5685 __
3392 5679 3399 5685 _
3621 5681 3626 5685 _

2145 5696 2164 5719 ε
2211 5679 2274 5734 Et
2303 5683 2352 5732 in
2381 5677 2625 5750 Spiritum
2668 5692 2917 5732 sanctum.
2951 5677 3145 5745 Supple
3185 5693 3246 5732 ex
3277 5678 3430 5730 editis
3461 5681 3631 5728 sancti
