4238 6188
610 315 709 371 291

1462 310 1520 363 Β.
1562 310 1620 364 F.
1660 309 1881 364 ALBINI
1920 311 2045 365 δεῖ
2087 310 2355 363 ALCIFINi
2391 312 2669 367 OPERUM
2708 312 2884 367 PARS
2923 312 2959 364 Ι.

3705 308 3809 361 2le

610 427 912 498 Trinitatis]
966 442 1126 480 unum
1180 434 1430 495 appareat
1473 434 1889 478 sacramentum.
1953 424 2019 476 Et
2060 440 2161 477 non
2196 432 2237 487 Α
2268 428 2446 497 generi
2486 432 2819 496 peccatorum
2862 430 2995 479 trina
3031 426 3454 481 videtnrablutio
3481 426 3803 480 convenire:

608 515 942 586 haptizamur
966 514 1017 568 in
1044 514 1201 583 109
1223 514 1521 567 nominibus
1542 512 1715 565 Patris
1746 522 1801 566 et
1824 512 1943 566 Filii
1964 522 2017 565 et
2044 513 2161 580 Spi-

610 604 745 658 ritus
768 603 959 667 sancti,
1016 603 1188 656 sedin
1233 618 1338 655 uno
1378 603 1611 667 nomine,
1662 600 1803 669 quod
1855 600 2163 668 intelligitur

606 696 766 753 Dens.
790 696 852 749 Et
879 695 1049 749 miror
1074 710 1176 765 qua
1223 695 1596 764 consequentia
1634 695 1688 747 in
1739 708 1847 746 uno
1886 693 2159 757 vocabulo,

608 783 791 837 eodem
832 796 1028 850 opere,
1060 791 1113 835 et
1137 782 1325 835 eodem
1368 788 1705 835 sacramento
1740 789 1941 834 naturae
1982 782 2161 834 diver—

606 870 817 925 sitatam
842 869 1021 933 Arius,
1054 869 1412 933 Macedonius,
1444 868 1519 939 [et
1540 869 1849 939 Eunomius]
1890 870 2162 938 suspicen-

606 968 694 1012 tur
722 957 1073 1013 concordante
1102 956 1201 1029 [in]
1236 958 1507 1026 impietate
1538 959 1799 1012 discordia
1823 998 1838 1023 ,
1862 966 1915 1011 et
1933 974 1964 1011 a
2010 973 2161 1012 crea-

606 1052 725 1098 tura
748 1045 802 1099 in
824 1044 958 1099 Filio
996 1054 1050 1099 et
1082 1046 1136 1099 in
1185 1044 1389 1114 Spiritu
1414 1054 1601 1100 sancto
1640 1060 1912 1101 caenosum
1959 1047 2160 1100 fontem

604 1143 859 1198 tenentes,
892 1136 1132 1190 diversos
1157 1137 1428 1190 hzereseon
1462 1136 1659 1189 rivulos
1695 1136 1964 1190 duxerint.
1990 1135 2162 1189 Unum

604 1224 885 1293 baptisma:
907 1233 961 1277 et
978 1232 1166 1277 contra
1192 1220 1531 1279 Valentinum
1548 1223 1705 1289 facit,
1729 1226 1819 1293 qui
1843 1224 1947 1278 duo
1964 1226 2164 1293 baptis-

604 1323 744 1367 mata
764 1329 881 1369 esse
905 1315 1205 1378 contendit;
1233 1322 1288 1369 et
1318 1321 1503 1367 contra
1543 1326 1728 1370 omnes
1758 1316 2060 1379 hereticos,
2105 1323 2166 1369 ut

601 1403 773 1457 sciant
800 1419 859 1457 se
899 1419 1006 1457 non
1052 1404 1249 1457 habere
1300 1402 1559 1470 baptisma
1602 1401 1709 1473 [ΑΙ.
1734 1442 1747 1464 ,
1795 1394 2160 1474 baptismata],

599 1491 697 1545 sed
715 1492 768 1544 in
794 1506 896 1544 una
917 1490 1115 1544 Christi
1144 1490 1380 1544 Ecclesia
1408 1488 1609 1545 {unum
1631 1502 1748 1545 esse
1780 1491 2016 1545 vitalem.
2056 1492 2164 1545 Po-

602 1583 709 1630 test
732 1590 894 1628 unum
944 1577 1203 1645 baptisma
1233 1585 1295 1629 et
1315 1576 1386 1630 ita
1414 1576 1537 1641 dici,
1567 1578 1708 1647 quod
1740 1578 1867 1634 licet
1901 1589 1988 1634 ter
2031 1581 2163 1649 bap-

600 1665 824 1717 tizemur
852 1672 1069 1733 propter
1096 1664 1407 1734 mysterium
1436 1662 1743 1731 Trinitatis,
1777 1676 1955 1722 tamen
1999 1684 2161 1722 unum

2266 517 2344 567 vel
2394 525 2610 583 propter
2667 517 2921 585 originale
2954 524 3248 584 peccatum,
3278 516 3417 584 quod
3439 516 3490 568 in
3520 514 3811 571 infantibus

2261 606 2399 657 valet
2444 606 2508 655 ad
2534 604 2901 669 perditionem,
2960 604 3042 657 vcl
3088 608 3302 673 propter
3330 604 3414 657 illa
3443 619 3560 671 qua:
3606 604 3658 657 in
3688 618 3814 672 pro-

2262 692 2499 745 fcctioris
2550 692 2700 763 [ϐοά.
2750 693 2887 757 Sal.,
2937 693 3293 765 perfectioris]
3344 696 3517 748 :etatis
3582 693 3809 749 homini-

2261 780 2360 834 bus
2392 780 2682 843 voluntate,
2707 780 2890 843 verbo,
2920 780 3003 833 vel
3030 781 3169 835 facta
3194 782 3475 835 adduntur.
3572 784 3573 787 “

2333 868 2401 922 Ut
2430 884 2553 923 vero
2580 870 2913 938 cognoscatis
2966 870 3125 938 hujus
3173 871 3517 926 sacratissimi
3570 873 3810 941 mysterii

2260 956 2694 1024 signiﬁcationes,
2724 955 2877 1022 juxta
2913 966 3214 1011 sanctorum
3253 958 3469 1012 Patrum
3519 959 3814 1027 intelligen-

2260 1047 2387 1099 tiam
2428 1054 2483 1099 et
2508 1054 2704 1098 statuta
2734 1045 3113 1111 ecclesiastica,
3142 1055 3331 1101 vestra:
3357 1048 3602 1102 charitati
3624 1048 3815 1103 eadem

2260 1142 2590 1187 sacramenta
2618 1133 2877 1187 catholica
2900 1133 3333 1202 interpretatione
3357 1137 3652 1189 ostendam.
3677 1135 3811 1192 Nam

2260 1239 2448 1290 magna
2478 1223 2782 1286 sanctitate,
2809 1231 2863 1276 et
2890 1223 3175 1278 venerabili
3200 1224 3603 1292 signiﬁcatione,
3660 1224 3812 1292 quid-

2262 1314 2387 1382 quid
2415 1315 2466 1367 in
2500 1315 2580 1368 eis
2622 1314 2843 1382 geritur,
2879 1320 3138 1367 statutum
3165 1328 3301 1379 esse,
3348 1316 3615 1369 neminem
3659 1313 3813 1369 dubi-

2262 1410 2377 1455 tare
2427 1403 2504 1457 fas
2536 1418 2654 1457 esse
2681 1404 3024 1457 arbitramur.
3069 1405 3249 1459 Primo
3280 1420 3514 1475 paganus
3563 1406 3811 1460 catechu-

2261 1506 2448 1545 means
2468 1490 2549 1556 ﬁt,
2570 1491 2828 1546 accedens
2862 1492 2929 1545 ad
2953 1492 3295 1561 baptismum,
3324 1502 3383 1545 ut
3414 1492 3679 1546 renuntiet
3700 1506 3812 1545 ma-

2262 1580 2405 1647 ligno
2440 1566 2648 1647 spiritui
2675 1589 2729 1634 et
2752 1581 3001 1635 omnibus
3025 1582 3293 1636 damnosis
3314 1582 3429 1650 ejus
3453 1581 3679 1649 pompis.
3708 1580 3813 1636 Ex-

2263 1665 2501 1719 suﬁlatur
2523 1667 2707 1730 etiam,
2735 1676 2793 1721 ut
2820 1666 2999 1737 fugato
3013 1669 3241 1732 diabolo,
3268 1668 3481 1723 Christo
3502 1669 3609 1721 Dco
3628 1677 3813 1722 nostro

601 1752 863 1818 baptisma
885 1760 1179 1819 reputatur.
1223 1752 1397 1808 Unum
1420 1768 1631 1823 quoque
1673 1755 1935 1823 baptisma
1977 1766 2060 1811 est
2106 1758 2165 1811 in
2193 1763 2481 1824 aparetur
2534 1755 2801 1808 introitus.
2864 1755 3227 1818 Exorcizatur,
3277 1755 3329 1808 id
3355 1764 3456 1818 est,
3504 1754 3815 1821 conjuratur

600 1857 756 1910 aqua,
780 1850 834 1895 et
854 1842 907 1894 in
927 1843 1117 1910 spiritu
1142 1850 1195 1897 et
1236 1843 1290 1896 in
1319 1844 1475 1913 igne:
1504 1852 1559 1897 et
1602 1846 1668 1899 de
1709 1860 1815 1913 quo
1858 1846 2160 1917 [Dominus]

602 1931 870 1999 loquitur:
902 1930 1166 1999 Baptisms
1213 1932 1376 1985 Italico
1416 1934 1671 2002 baptizari
1725 1934 1876 2001 (Luc.
1902 1952 1997 2000 xu,
2049 1937 2161 2007 50).

600 2020 670 2073 Et
708 2019 863 2074 alibi:
889 2019 1205 2090 Baptitmatc
1238 2036 1359 2075 meo
1399 2022 1785 2091 baptizabimini
1869 2024 2062 2091 (Marc.
2107 2040 2162 2090 x,

601 2107 722 2180 ss).

672 2217 809 2272 Sunt
834 2218 995 2273 etiam
1037 2234 1223 2275 versus
1275 2220 1415 2275 beati
1445 2233 1469 2260 ι
1496 2220 1764 2275 Ambrosii
1800 2221 2055 2290 episcopi,
2102 2222 2167 2274 de

604 2308 824 2364 ternarii
860 2306 1114 2378 [numeri]
1134 2309 1446 2363 excellentia
1466 2309 1799 2374 nobilissimi,
1813 2302 1946 2376 quos
1960 2310 2025 2362 ad
2040 2324 2165 2363 con-

604 2396 959 2451 ﬁrmationem
991 2398 1145 2453 trina:
1172 2398 1455 2454 mersionis
1479 2399 1604 2454 huic
1640 2399 1877 2469 epistola:
1926 2400 2166 2454 inserere

601 2484 818 2554 placuit.

671 2614 861 2668 Omnia
886 2616 1026 2668 trina
1050 2616 1228 2683 vigent
1250 2615 1349 2668 sub
1373 2614 1650 2683 majestate
1671 2616 1925 2669 tonantis.

672 2704 827 2769 Tres,
877 2704 1034 2758 Pater
1057 2712 1112 2757 et
1139 2705 1387 2769 Verbum,
1410 2712 1625 2759 sanctus
1684 2720 1894 2773 quoque
1918 2704 2165 2773 Spiritus,

1866 2794 1885 2866 [
1912 2810 2093 2848 unum.

672 2880 835 2935 Trina
870 2881 1119 2935 salutaris
1145 2884 1348 2951 species
1369 2885 1565 2949 crucis,
1601 2901 1704 2938 una
1746 2886 2087 2954 redemptrix.

674 2971 852 3027 Tertia
888 2972 981 3025 lux
1010 2974 1288 3027 Dominum
1316 2984 1639 3030 remeantem
1663 2991 1693 3029 a
1723 2986 1895 3030 morte
1936 2978 2155 3045 recepit.

667 3062 830 3116 Trina
848 3061 971 3115 dies
990 3060 1176 3115 Jonam
1235 3066 1403 3118 tenuit
1431 3066 1530 3119 sub
1552 3066 1763 3119 viscera
1792 3067 1918 3119 ceti.

677 3149 809 3205 Tres
856 3152 1007 3219 pueri
1053 3167 1271 3207 cernere
1318 3152 1519 3225 [Fortc,
1544 3154 1806 3226 cecinere]
1872 3156 2037 3209 Deum
2070 3157 2163 3209 na-

1609 3243 1819 3315 [grante
1850 3245 2081 3299 camino.

675 3327 780 3381 Ter
806 3327 1037 3382 Sabaoth
1066 3339 1308 3383 sanctum
1330 3330 1567 3386 referens
1600 3334 1899 3387 benedictio
1927 3334 2121 3401 psallit.
2163 3320 2169 3323 ⁷

673 3414 788 3471 Tn
832 3432 1134 3471 aesomnes
1184 3433 1318 3481 AQUA
1357 3434 1474 3483 ssr,
1505 3434 1590 3473 cu:
1640 3435 1836 3474 GRATIA
1872 3437 2033 3474 PLENA
2070 3437 2163 3474 tx-

1908 3526 2082 3563 \‘ACBI.

1908 3526 2082 3563 metu.

675 3590 919 3646 Testibus
946 3592 1041 3663 [et]
1068 3594 1270 3647 stabilis
1289 3602 1497 3649 constat
1525 3595 1693 3648 tribus
1719 3598 1857 3649 actio
1879 3510 2091 3651 ([2uncta.

676 3684 849 3738 Temo
879 3700 1060 3739 mense
1093 3685 1203 3739 suis
1224 3686 1445 3739 redeunt
1489 3702 1582 3739 sua
1608 3695 1844 3754 tempora
1887 3688 2156 3741 membris.

679 3773 810 3825 Tres
836 3781 959 3827 sunt
1005 3780 1207 3837 aetates,
1251 3773 1348 3827 ﬂos
1370 3782 1426 3827 et
1452 3774 1633 3837 robur,
1656 3790 1795 3841 aegra
1826 3784 2089 3828 senectus.

677 3861 810 3915 Tres
830 3861 1024 3915 moduli
1055 3863 1081 3899 ι’
1114 3863 1165 3914 in
1204 3862 1402 3926 causis,
1419 3862 1602 3929 iudex,
1630 3863 1876 3917 defensor
1908 3873 1961 3919 et
1992 3875 2159 3919 actor.

679 3949 813 4005 Tres
848 3952 899 4003 in
928 3951 1067 4003 secla
1100 3951 1313 4020 gradus,
1344 3959 1511 4015 ortus,
1540 3953 1885 4017 transcursio,
1913 3954 2052 4007 ﬁnis.

678 4041 809 4095 Tres
837 4055 981 4110 spem
1006 4056 1123 4110 qua:
1148 4042 1383 4110 palpant,
1406 4044 1631 4110 requies,
1664 4042 1777 4107 lux,
1805 4044 1971 4112 gloria
1996 4044 2134 4097 vitm.

681 4181 704 4208 ε
746 4169 869 4222 Haec
893 4184 1018 4223 vero
1037 4170 1291 4238 prmcipni
1320 4170 1565 4225 doctores
1590 4179 1644 4223 et
1686 4172 2007 4226 sanctissimi
2056 4173 2160 4227 Pa-

613 4267 722 4311 tres
758 4259 910 4311 nobis
930 4258 1259 4325 reliquerunt
1284 4259 1337 4312 in
1367 4261 1477 4313 suis
1505 4261 1809 4314 testimonia
1830 4264 2003 4317 dictis.
2061 4263 2165 4317 No-

613 4346 696 4399 bis
730 4360 858 4399 vero
872 4344 1024 4412 juxta
1050 4347 1365 4413 parvitatem
1419 4349 1663 4416 ingenioli
1712 4353 1880 4409 nostri
1933 4354 2159 4417 videtur,

2266 1841 2525 1909 malignus
2553 1842 2792 1910 spiritus,
2838 1850 3091 1907 utexeat,
3121 1851 3176 1895 et
3210 1843 3441 1907 recedat,
3478 1844 3610 1897 dans
3636 1842 3810 1898 locum

2266 1931 2373 1984 Deo
2402 1930 2595 2002 [vero].
2616 1930 2821 2001 Accipit
2842 1932 3252 1986 catechumenus
3280 1932 3465 1995 salem,
3515 1941 3573 1986 ut
3600 1933 3811 2002 putrida

2264 2029 2318 2075 et
2346 2020 2485 2073 ﬁuxa
2510 2019 2623 2087 ejus
2645 2030 2860 2088 peccata
2886 2022 3155 2089 sapientis:
3182 2021 3312 2083 sale,
3364 2021 3543 2075 divino
3569 2035 3811 2087 munere,

2265 2109 2605 2163 mandentur.
2642 2109 2779 2162 Vera
2809 2109 2997 2163 deinde
3026 2109 3259 2178 Symboli
3281 2109 3551 2177 apostolici
3586 2111 3813 2164 traditur

2264 2197 2313 2250 ei
2340 2197 2486 2261 ﬁdes,
2524 2206 2583 2250 ut
2604 2212 2769 2250 vacua
2816 2198 3005 2251 domus
3046 2208 3100 2251 et
3123 2214 3154 2251 a
3183 2200 3359 2268 prisco
3395 2200 3691 2253 habitatore
3718 2201 3809 2253 dc-

2266 2286 2475 2350 relicta,
2531 2288 2633 2341 ﬁde
2661 2295 2884 2340 ornetur
2934 2295 2993 2347 et
3013 2297 3342 2358 pneparetur
3369 2290 3632 2344 habitatio
3680 2292 3809 2345 Deo.

2268 2378 2418 2432 Tunc
2448 2378 2581 2431 ﬁunt
2610 2378 2887 2442 scrutinia,
2940 2388 2999 2432 ut
3033 2380 3339 2447 exploretur
3388 2382 3600 2450 s:epius,
3653 2397 3812 2449 quam

2268 2472 2511 2537 ﬁrmiter,
2565 2480 2685 2541 post
2713 2472 3158 2525 renuntiationem
3187 2470 3413 2534 Satanae,
3464 2485 3615 2523 sacra
3654 2472 3813 2525 verba

2264 2562 2401 2617 datre
2421 2562 2542 2617 ﬁdei
2564 2562 2817 2617 radicitus
2830 2561 2989 2617 corde
3003 2551 3641 2631 deﬁxerint.[Tanguntur
3654 2569 3707 2613 et
3720 2576 3816 2614 na-

2268 2669 2373 2718 res,
2405 2660 2463 2706 ut
2482 2652 2712 2721 quandiu
2730 2652 2974 2721 spiritum
2994 2650 3213 2704 naribus
3227 2650 3415 2713 trahat,
3449 2649 3604 2717 ιιο
3630 2648 3685 2701 in
3711 2646 3817 2703 ﬁde

2266 2748 2480 2808 accepta
2510 2739 2805 2810 perduret].
2852 2738 3045 2792 Pectus
3071 2752 3281 2807 quoque
3307 2736 3539 2808 [eodem]
3566 2735 3812 2805 perungi-

2267 2838 2353 2882 tur
2372 2828 2508 2893 olco,
2551 2837 2611 2881 ut
2646 2828 2799 2897 signo
2843 2835 3039 2881 sanctae
3066 2826 3241 2879 crucis
3281 2824 3490 2879 diabolo
3532 2825 3811 2880 claudatur

2268 2920 2555 2986 ingressus.
2596 2917 2886 2985 Signantur
2924 2924 2978 2969 et
3027 2915 3270 2985 scapulae,
3312 2914 3393 2985 [ut
3426 2914 3656 2981 undique
3697 2929 3813 2968 mu-

2270 3005 2464 3058 niatur.
2492 3003 2620 3057 item
2656 3005 2709 3057 in
2735 3003 2965 3073 pectoris
2989 3011 3043 3056 et
3076 3001 3323 3071 scapulae]
3348 3002 3595 3055 unctione
3632 3002 3812 3070 signa-

2190 3084 2234 3145 C
2265 3101 2351 3146 tur
2380 3093 2501 3146 ﬁdei
2532 3092 2771 3155 ﬁrmitas,
2795 3101 2849 3145 et
2870 3107 3089 3160 operum
3118 3093 3374 3144 honorqu
3399 3090 3809 3157 perseverantia.

2266 3183 2329 3235 Et
2356 3183 2433 3236 sic
2456 3183 2506 3235 in
2533 3183 2749 3237 nomine
2774 3191 2971 3235 sancta:
2994 3181 3270 3235 Trinitatis
3289 3180 3426 3233 trina
3450 3182 3812 3236 submersione

2264 3272 2583 3339 baptizatur.
2612 3272 2680 3325 Et
2704 3279 2847 3325 recte
2874 3272 3051 3336 homo,
3076 3270 3164 3339 qui
3197 3272 3263 3324 ad
3304 3271 3587 3341 imaginem
3616 3280 3814 3325 sanctae

2266 3360 2541 3413 Trinitatis
2584 3360 2827 3423 conditus
2863 3368 2967 3422 est,
3019 3375 3117 3428 per
3176 3360 3562 3413 invocationem
3620 3370 3816 3414 sanctas

2264 3446 2542 3500 Trinitatis
2584 3448 2649 3500 ad
2680 3447 2918 3501 eamdem
2969 3455 3247 3501 revocatur
3275 3447 3577 3517 imaginem.
3634 3448 3699 3500 Et
3725 3450 3815 3517 qui

2264 3534 2423 3588 tertio
2461 3536 2628 3599 gradu
2675 3534 2903 3601 pecdati,
2950 3533 3000 3586 id
3040 3542 3140 3597 est,
3177 3535 3485 3601 operatione
3533 3534 3724 3589 cecidit
3760 3537 3815 3591 in

2265 3630 2511 3685 mortem,
2545 3622 2703 3675 tertio
2731 3621 2967 3675 elevatus
2990 3622 3053 3676 de
3074 3622 3218 3677 fonte
3242 3637 3339 3691 per
3383 3625 3606 3693 gratiam
3634 3640 3811 3679 resuro

2262 3722 2352 3783 gat
2383 3716 2448 3768 ad
2480 3715 2661 3766 vitam.
2692 3714 2841 3767 Tunc
2866 3714 3000 3767 albis
3029 3714 3265 3768 induitur
3298 3716 3651 3777 vestimentis,
3684 3730 3812 3783 pro-

2263 3809 2380 3867 pter
2410 3799 2658 3868 gaudium
2691 3802 3128 3870 regenerationis,
3187 3810 3238 3854 et
3262 3803 3565 3856 castitatem
3598 3804 3738 3867 vitm,
3762 3810 3818 3857 et

2264 3888 2485 3957 angelici
2514 3889 2810 3956 splendoris
2844 3890 3111 3943 decorem.
3164 3890 3313 3943 Tunc
3340 3906 3494 3945 sacro
3528 3891 3817 3947 chrismate

2264 3962 2421 4045 caput
2441 3979 2772 4047 perungitur,
2797 3987 2850 4032 et
2876 3980 3098 4048 mystico
3122 3980 3317 4049 tegitur
3339 3980 3618 4044 velamine,
3651 3991 3709 4034 ut
3730 3981 3813 4035 in-

2264 4067 2462 4135 telligat
2491 4082 2547 4120 se
2576 4069 2639 4121 de
2667 4070 2966 4129 anathema,
3016 4069 3163 4137 regni
3199 4077 3253 4123 et
3274 4070 3555 4123 sacerdotii
3587 4070 3814 4139 dignita-

2266 4167 2369 4210 tem
2404 4166 2636 4231 portare,
2660 4158 2814 4225 juxta
2854 4160 3162 4227 Apostolutn
3191 4177 3205 4213 :
3253 4159 3353 4212 Vos
3378 4162 3499 4213 estis
3541 4176 3713 4227 genus
3734 4176 3814 4213 rc-

2264 4248 2398 4317 galc,
2428 4249 2693 4315 offerentes
2720 4251 3040 4317 vosmetipsos
3071 4248 3176 4301 Deo
3204 4250 3310 4301 viso
3332 4249 3551 4300 hostium
3581 4258 3810 4301 sanctam

2264 4349 2311 4389 ct
2338 4338 2443 4391 Deo
2467 4338 2748 4407 placentem
2788 4337 2841 4407 (Ι
2872 4337 3015 4391 Petr.
3052 4353 3111 4399 tt,
3144 4338 3211 4402 9,
3238 4348 3285 4390 ct
3311 4336 3463 4391 Rom.
3487 4350 3583 4402 xtl,
3614 4338 3689 4408 i).
3722 4337 3812 4392 Sic

612 4442 672 4489 ut
698 4434 837 4489 sicut
878 4435 1099 4490 interior
1127 4436 1287 4490 homo
1326 4438 1379 4490 in
1408 4437 1509 4491 ﬁde
1537 4446 1733 4493 sanctae
1777 4441 2059 4495 Trinitatis
2093 4445 2161 4497 ad
2195 4423 2242 4482 θ
2264 4443 2286 4482 ε

2137 4445 2161 4497 [ι
2195 4423 2242 4482 ι)
2264 4443 2483 4497 corpore
2519 4438 2573 4482 et
2594 4428 2847 4497 sanguine
2892 4428 3164 4482 Dominico
3193 4427 3557 4490 conﬁrmatur,
3585 4435 3646 4480 ut
3672 4426 3811 4480 illius

613 4523 903 4593 imaginem
926 4525 1007 4578 sui
1040 4524 1331 4580 conditoris
1355 4526 1725 4582 reformandus
1749 4538 1853 4593 est,
1888 4531 1958 4583 ita
1982 4540 2043 4584 et.
2070 4547 2160 4584 ex-

614 4614 779 4668 terior
806 4614 941 4667 trina
1000 4614 1265 4668 mersione
1307 4616 1594 4670 abluendus
1622 4632 1777 4670 esse:
1812 4627 1871 4670 ut
1896 4621 2048 4677 quod
2083 4622 2162 4673 ii-

616 4702 893 4757 visibiliter
915 4702 1151 4769 Spiritus
1168 4712 1420 4771 operatur
1442 4704 1501 4756 in
1520 4705 1719 4767 anima,
1757 4707 1864 4760 hoc
1878 4700 2165 4763 Visibiliter

618 4792 864 4845 sacerdos
889 4790 1125 4843 imitetur
1151 4792 1203 4843 in
1228 4806 1385 4858 aqua.
1439 4791 1568 4844 Nam
1598 4794 1857 4862 originale
1889 4805 2160 4863 peccatum

619 4880 795 4933 tribus
828 4878 999 4933 modis
1030 4888 1204 4933 actum
1232 4889 1313 4934 est
1340 4898 1351 4933 :
1377 4880 1744 4945 delectatione,
1789 4898 2072 4948 consensu,
2111 4896 2165 4938 et

616 4984 794 5036 opere.
835 4968 1017 5037 itaque
1066 4977 1121 5021 et
1153 4982 1308 5023 omne
1353 4980 1627 5040 peccatum
1681 4980 1774 5024 aut
1824 4974 2162 5043 cogitatione,

620 5064 712 5109 aut
738 5057 1017 5123 locatione,
1059 5066 1150 5110 aut
1186 5060 1489 5125 operatione
1532 5060 1774 5114 edicitur.
1820 5062 1946 5115 ideo
1975 5065 2161 5131 triplici

623 5204 1254 5274 Hieronymizcredimua.
1318 5206 1383 5258 Et
1436 5209 1686 5274 baptism
1743 5225 1943 5269 unum;
1991 5211 2163 5261 eodem

620 5274 756 5325 cuius
783 5273 932 5343 modo
954 5285 999 5326 et
1026 5276 1077 5327 in
1109 5275 1309 5327 Patrem
1335 5284 1381 5327 ct
1404 5276 1456 5327 in
1489 5273 1679 5328 Filium
1702 5286 1748 5328 et
1807 5277 1859 5326 in
1913 5274 2169 5343 Spiritum

622 5351 854 5394 sanctum
867 5342 1202 5404 baptizamnr.

694 5421 719 5447 ι
758 5409 1008 5479 Διιτράὶ
1040 5412 1276 5479 episcopi.
1294 5408 1692 5479 Mediolanensis
1715 5427 1779 5464 an
1806 5411 2172 5471 Alexandrini,

627 5476 903 5530 incertum.
918 5476 1058 5530 inter
1069 5476 1246 5543 Opera
1260 5478 1659 5532 Mediolanensis
1674 5482 1755 5533 isti
1778 5496 1963 5533 versus
1980 5494 2082 5530 non
2103 5480 2174 5531 le-

628 5553 836 5665 gum".
853 5546 1379 5601 Alcxaudrinusteste
1398 5549 1516 5599 beat
1532 5572 1553 5598 J
1567 5545 1883 5627 Hieronymo
1896 5550 1959 5601 de
1976 5547 2171 5614 Script.

674 5614 1055 5665 cclc.volhmen
1081 5616 1361 5665 multm-nm
1390 5630 1633 5665 versuum
1656 5626 1883 5665 scrmsnt.
1924 5617 2101 5665 Csars.

656 5612 1055 5669 EccleJolnmen
1081 5616 1361 5670 multorum
1390 5630 1633 5670 versuum
1656 5612 1883 5686 scripsit.
1924 5617 2101 5669 Cms.

2266 4518 2335 4570 sit
2375 4518 2690 4581 membrum,
2745 4516 2833 4585 qui
2870 4531 2967 4585 pro
2999 4532 3062 4570 eo
3086 4532 3273 4585 passus
3302 4523 3383 4567 est
3413 4524 3467 4566 et
3496 4514 3805 4569 resurrexit.

2266 4594 2560 4659 Novissime
2614 4620 2708 4673 per
2737 4606 3126 4673 impositionem
3183 4618 3370 4655 manus
3399 4618 3427 4654 a
3456 4618 3663 4656 summo
3719 4618 3813 4657 sa-

2265 4696 2478 4749 cerdote
2502 4693 2827 4761 scptiformis
2860 4692 3042 4760 gratias
3082 4691 3339 4759 Spiritum
3384 4690 3598 4759 accipit,
3640 4698 3701 4744 ut
3726 4704 3815 4745 ro-

2265 4787 2481 4838 boretur
2536 4797 2629 4849 per
2688 4781 2942 4848 Spiritum
3008 4787 3249 4833 sanctum
3302 4779 3367 4832 ad
3421 4779 3811 4847 praedicandum

2266 4876 2400 4935 aliis,
2437 4874 2527 4941 qui
2562 4872 2658 4925 fuit
2687 4872 2737 4924 in
2777 4872 3037 4939 baptismo
3058 4886 3152 4939 per
3180 4870 3403 4939 gratiam
3431 4870 3551 4923 vitas
3580 4870 3807 4923 donatus

2266 4974 2476 5018 :etcrna:
2485 5001 2496 5014 .
3522 4994 3525 4995 ν

2336 5052 2534 5105 Videtis
2570 5066 2726 5117 quam
2766 5050 3006 5114 ﬁdeliter,
3048 5051 3429 5105 rationabiliter
3446 5060 3498 5103 et
3522 5050 3812 5119 prudenter

2341 5204 2365 5271 ξι
2406 5199 2755 5271 Can.,_medii,
2784 5200 2999 5271 utapud
3030 5201 3305 5271 Sidonium
3334 5202 3424 5255 lib.
3454 5219 3515 5264 ιι,
3544 5203 3702 5271 epist.
3732 5202 3807 5271 ig:

2278 5267 2592 5340 «Quidquid
2630 5267 2943 5334 sperandum
2970 5280 3072 5332 est,
3098 5268 3207 5323 ﬁeri
3237 5279 3288 5324 te
3307 5267 3812 5340 medio,te'pmnio

2271 5338 2535 5459 putabat:
2562 5424 2671 5459 sero
2693 5408 2933 5476 pracipai
2965 5408 3212 5461 doctores.
3248 5408 3327 5461 Ab
3363 5409 3446 5461 bis
3468 5408 3639 5460 verbis
3680 5405 3811 5459 inci-

2274 5478 2349 5547 pit
2374 5476 2591 5543 cpistola
2621 5476 2706 5527 70.
2750 5475 2888 5529 Eilit.
2934 5476 3179 5547 QuerceI.
3234 5490 3351 5547 quae
3397 5476 3689 5547 membrum
3730 5481 3809 5528 est

2276 5541 2486 5611 prioris,
2514 5560 2632 5597 cum
2658 5558 2719 5598 ea
2743 5546 3170 5608 continuandum,
3198 5541 3329 5600 utin
3360 5544 3477 5599 cod.
3513 5541 3703 5596 Salisb.
