4238 6234
370 337 472 394 293

1772 313 2143 373 EPISTULA-3.

3487 309 3588 365 29!

368 450 480 501 lucc
528 439 705 495 omnia
746 435 938 491 tradita
985 442 1107 487 sunt
1154 432 1307 485 nobis
1357 429 1709 485 observanda.
1767 427 1932 481 Nemo
1964 432 2008 489 Α
2034 426 2261 495 deposco
2290 440 2303 478 :
2329 425 2452 494 quia
2483 426 2555 479 illi
2597 442 2768 479 meam
2818 425 3130 493 parvitatem
3172 424 3237 477 de
3299 422 3597 495 huiusmodi

367 532 658 588 catholicus
682 535 869 583 contra
916 524 1167 580 Ecclesizu
1210 521 1609 583 auctoritatem,
1653 532 1811 572 nemo
1844 533 1929 571 so-

368 624 517 677 brius
540 628 725 674 contra
761 615 1075 671 rationalem
1114 611 1577 674 consuetudinem,
1619 625 1774 663 nemo
1805 609 1933 663 fide-

370 711 435 777 lis
467 718 653 765 contra
680 706 897 776 pietatis
936 703 1339 773 intelligentiam
1365 710 1579 757 certare
1610 703 1823 755 audeat.
1865 701 1931 754 Et

372 817 435 857 ne
456 800 834 856 schismaticus
854 795 1157 850 inveniatur
1183 802 1238 848 et
1264 808 1371 847 non
1398 792 1712 856 catholicus,
1743 806 1933 860 sequa-

371 902 458 947 tur
476 887 907 961 probatissimam
937 891 1137 938 sancta:
1175 877 1429 936 Romanae
1456 880 1708 935 Ecclesia:
1744 888 1932 934 aucto-

373 981 583 1035 ritatem
611 996 624 1032 :
659 986 718 1032 ut
744 976 884 1031 unde
928 972 1209 1027 catholicas
1264 970 1386 1025 ﬁdei
1415 970 1566 1024 initia
1615 969 1935 1037 accipimus,

369 1068 491 1124 inde
518 1065 843 1136 exemplaria
900 1059 1086 1117 salutis
1115 1066 1313 1114 nostra:
1362 1071 1575 1125 semper
1605 1058 1929 1121 habeamus;

369 1174 437 1213 ne
469 1159 710 1212 membra
761 1170 792 1207 a
839 1154 1015 1222 capite
1067 1157 1382 1219 separentur
1421 1162 1552 1209 suo;
1600 1162 1666 1200 ne
1704 1145 1935 1215 claviger

370 1250 517 1318 regni
552 1246 787 1303 caelestis
840 1243 1079 1310 abjiciat,
1145 1255 1278 1311 quos
1300 1255 1329 1292 a
1357 1239 1470 1293 suis
1496 1239 1737 1317 deviasse
1781 1237 1935 1291 intel-

370 1338 485 1407 Iigit
515 1334 790 1391 doctrinis.
815 1346 841 1374 ι
868 1332 1161 1401 Epistolam
1217 1343 1343 1383 vero
1373 1343 1537 1395 quam
1556 1344 1585 1381 a
1618 1329 1773 1381 beato
1798 1326 1932 1381 Grc-

369 1426 519 1496 gorio
557 1424 621 1479 de
661 1422 849 1492 simpla
874 1421 1140 1474 mersione
1179 1415 1365 1470 dicunt
1390 1430 1507 1468 esse
1548 1416 1931 1482 conscriptam,

369 1516 424 1569 in
452 1512 741 1584 Epistolari
788 1526 886 1565 suo
917 1509 1101 1571 Libro,
1145 1506 1236 1575 qui
1263 1506 1329 1560 de
1353 1504 1525 1557 Roma
1550 1505 1705 1559 nobis
1732 1505 1925 1557 allatus

368 1612 468 1667 est,
498 1618 603 1657 non
626 1599 953 1663 invenimus;
994 1596 1128 1651 alias
1156 1611 1284 1650 vero
1320 1609 1507 1650 omnes
1562 1595 1932 1663 perspeximus

360 1692 423 1744 in
460 1704 524 1745 eo
547 1688 728 1751 Libro,
765 1701 925 1755 quem
955 1684 1022 1738 ad
1066 1681 1475 1739 occidentalium
1511 1682 1743 1750 partium
1764 1682 1936 1735 eccle-

369 1781 497 1843 sias,
524 1751 806 1849 pontifices
830 1784 885 1829 et
910 1788 1063 1845 reges
1083 1772 1391 1841 scripserat.
1416 1770 1537 1825 Ideo
1550 1770 1695 1824 dubii
1727 1785 1932 1833 sumus,
1966 1751 2012 1810 Β

369 1885 439 1924 an
476 1868 618 1923 illius
660 1868 753 1931 sit,
800 1880 868 1918 an
914 1864 981 1918 ab
1014 1863 1192 1932 aliquo
1220 1859 1377 1928 hujus
1416 1868 1576 1914 sectae
1597 1867 1817 1914 auctore
1841 1861 1939 1914 sub

370 1959 485 2027 eius
510 1956 728 2012 nomine
751 1954 951 2022 scripta
971 1952 1061 2007 sit.

439 2051 514 2103 De
536 2047 913 2103 observatione
938 2059 1087 2109 vero,
1118 2044 1260 2099 unde
1286 2041 1678 2111 interrogastis,
1714 2041 1942 2095 sanctis-

373 2140 496 2195 simi
545 2137 772 2200 sabbati,
826 2137 969 2205 quod
1014 2134 1307 2189 Dominicze
1354 2130 1767 2187 resurrectionis
1800 2131 1941 2185 diem

374 2228 650 2299 praecedit,
678 2226 1053 2298 dignissimum
1104 2224 1258 2279 nobis
1301 2223 1511 2277 videtur
1532 2232 1591 2275 ut
1618 2223 1760 2277 omni
1783 2237 1942 2276 vene-

374 2322 584 2374 ratione
606 2319 868 2374 habeatur
889 2315 1179 2385 jucundus.
1214 2315 1282 2369 Et
1310 2314 1569 2383 quidquid
1610 2313 1728 2369 aliis
1756 2314 1943 2368 diebus

373 2408 427 2460 in
450 2404 1001 2476 quadragesimalibus
1031 2403 1222 2471 epulis,
1268 2416 1381 2465 seu
1417 2402 1605 2456 salutis
1642 2418 1823 2466 causa,
1848 2418 1942 2457 seu

374 2478 693 2552 necessitate
734 2494 973 2565 qualibet
1021 2500 1268 2563 cogente,
1328 2493 1583 2546 utendum
1630 2492 1744 2557 ﬁat,
1783 2494 1834 2547 in
1878 2508 1943 2547 eo

373 2586 460 2642 die
482 2601 587 2641 non
620 2583 975 2655 respuendum
998 2598 1115 2638 esse
1140 2583 1294 2638 nobis
1309 2583 1522 2638 videtur
1540 2583 1759 2651 dignum
1788 2602 1801 2638 :
1835 2600 1941 2638 non

374 2677 442 2730 ad
472 2676 773 2730 satietatem
798 2672 951 2743 gulae,
977 2668 1071 2726 sed
1101 2672 1167 2725 ad
1196 2673 1592 2727 venerationem
1621 2674 1939 2729 sanctitatis.

374 2764 491 2820 Non
521 2764 700 2830 itaque
723 2762 864 2815 Deus
894 2768 1101 2814 tantum
1125 2761 1348 2828 requirit
1376 2762 1505 2829 quid
1531 2764 1939 2825 manducemus,

375 2858 634 2920 quantum
669 2848 978 2904 considerat
1025 2863 1129 2917 qua
1178 2847 1433 2903 facilitate
1486 2851 1851 2905 abstineamus
1876 2852 1943 2904 ab

378 2939 695 3003 interdictis,
748 2937 832 2992 vel
862 2951 968 3007 qua
1007 2936 1268 2999 modestia
1321 2947 1538 2991 utamur
1558 2940 1849 2993 concessis.
1879 2940 1935 2993 In

375 3031 625 3087 omnibus
648 3029 733 3082 his
761 3037 1061 3095 temporum
1086 3029 1244 3091 ratio,
1268 3035 1322 3081 et
1345 3026 1565 3081 fraterni
1590 3031 1789 3083 amoris
1817 3046 1944 3084 con-

375 3120 644 3177 venientia
664 3118 995 3173 observanda
1025 3124 1129 3173 est.
1158 3116 1283 3171 Ideo
1318 3116 1599 3169 Dominum
1628 3119 1680 3170 in
1706 3118 1944 3186 Evange-

377 3211 449 3265 lio
476 3208 672 3264 Iudaeis
713 3207 940 3276 legimus
971 3205 1190 3269 dixisse,
1246 3204 1373 3257 dum
1425 3205 1489 3258 de
1537 3203 1754 3258 Joannis
1784 3206 1947 3258 absti-

381 3298 577 3359 nentia,
646 3304 702 3349 et
754 3295 820 3350 de
869 3294 951 3348 sui
990 3294 1157 3363 ipsius
1186 3293 1253 3351 ad
1292 3294 1537 3347 homines
1576 3295 1947 3349 convenientia

379 3386 685 3455 parabolam
735 3384 1023 3453 puerorum
1065 3383 1343 3451 proposuit
1392 3384 1573 3437 dicens
1603 3399 1617 3436 :
1647 3384 1711 3436 Et
1748 3385 1951 3453 justi/i—

382 3486 499 3528 cata
526 3484 599 3528 est
617 3473 872 3543 sapientia
902 3489 934 3523 a
968 3470 1092 3537 ﬁliis
1122 3472 1230 3524 suis
1258 3470 1467 3541 (Matth.
1500 3487 1573 3536 xl,
1614 3472 1720 3542 I9).
1754 3473 1806 3525 Id
1836 3482 1938 3537 est,

385 3563 477 3616 lilii
511 3548 786 3630 sapientiae
836 3558 1138 3628 intelligunt
1162 3557 1216 3612 in
1239 3559 1486 3612 omnibus
1537 3559 1700 3613 rebus
1748 3562 1950 3630 ubique

390 3652 702 3707 modestiam
744 3649 1135 3713 rationabilem,
1188 3657 1243 3703 et
1294 3650 1633 3703 concordiam
1673 3651 1949 3718 pacificam

386 3757 503 3798 esse
523 3741 862 3796 laudabilem.
890 3741 1020 3806 Qum
1038 3740 1202 3795 etiam
1229 3748 1421 3793 cuncta
1445 3748 1621 3793 vestra
1674 3741 1947 3806 sanctitas,

388 3831 582 3885 fratres
602 3830 924 3894 cbarissimi,
954 3829 1007 3883 in
1050 3844 1212 3898 opere
1252 3829 1442 3884 melius
1493 3829 1751 3894 agnoscit,
1792 3844 1949 3900 quam

388 3937 484 3976 nos
509 3921 687 3974 verbis
708 3919 949 3990 proferre
966 3919 1260 3974 valeamus.

456 4014 565 4067 Vos
602 4027 728 4066 vero
765 4020 999 4080 carptum
1034 4011 1220 4065 salutis
1249 4019 1460 4064 :eternae
1489 4012 1589 4065 iter
1623 4026 1815 4080 magna
1862 4014 1953 4065 de-

389 4101 600 4155 votione
616 4101 809 4154 mentis
834 4108 885 4153 et
907 4099 1147 4167 corporis
1171 4100 1428 4167 peragite,
1458 4107 1721 4168 quatenus
1743 4101 1808 4153 ad
1833 4114 1953 4167 pcr-

392 4198 609 4260 pctuam
663 4190 896 4244 caelestis
929 4189 1110 4257 gloria:
1149 4204 1399 4242 coronam
1426 4190 1711 4257 pervenire
1756 4204 1955 4243 merca—

393 4280 543 4333 mini.
576 4279 761 4347 Meque
790 4279 843 4332 in
872 4279 1074 4331 sanctis
1091 4279 1423 4332 orationibus
1468 4279 1680 4342 vestris,
1707 4280 1951 4341 obsecro,

392 4378 451 4423 ut
478 4368 811 4424 familiariter
828 4368 1090 4421 habeatis.
1122 4368 1345 4420 Multum
1370 4367 1498 4420 valet
1517 4368 1807 4436 deprecatio
1818 4367 1952 4435 justi

394 4457 624 4519 assidua,
675 4453 828 4521 juxta
881 4454 1178 4522 apostolum
1229 4453 1487 4508 Iacobum
1530 4454 1669 4524 (Jac.
1720 4471 1767 4516 v,
1826 4454 1952 4524 l6):

341 4570 347 4576 ~
395 4552 593 4614 quanto
617 4544 786 4613 magis
813 4543 1103 4596 multorum
1144 4540 1590 4604 fratrumIDeus
1628 4553 1955 4597 secretorum

396 4635 546 4689 testis
572 4636 737 4700 novit,
776 4642 1034 4703 quantum
1061 4648 1155 4687 vos
1182 4632 1443 4701 proficere
1466 4634 1520 4687 in
1543 4634 1688 4690 omni
1717 4635 1957 4690 bonitate

397 4725 661 4789 desidero,
693 4732 748 4775 et
768 4726 832 4778 de
857 4723 1016 4791 hujus
1041 4722 1385 4777 mortalitatis
1408 4738 1706 4778 aerumnosa
1742 4725 1957 4778 miseria

396 4816 464 4869 ad
488 4814 805 4867 :eternitatis
832 4814 1027 4883 gaudia
1060 4814 1285 4869 transire
1302 4817 1576 4869 concedat.

470 4904 497 4942 δ
538 4901 702 4969 Ilujus
730 4916 857 4955 vero
894 4901 1131 4970 epistolze
1175 4904 1448 4973 exemplar
1475 4904 1752 4967 fratribus,
1787 4905 1954 4972 quiin

401 4992 570 5047 insula
630 4991 813 5046 Lirina
858 4990 965 5045 Deo
1008 4989 1336 5055 deserviunt,
1371 5000 1432 5046 ut
1454 4993 1686 5061 dirigere
1732 4993 1956 5057 faciatis,

474 5175 499 5201 ιι
540 5160 828 5229 Epistulam
862 5178 975 5215 vero
999 5203 1014 5225 ,
1057 5171 1158 5215 etc.
1210 5162 1375 5229 Igitur
1426 5161 1679 5215 Alcuinns
1717 5163 1961 5218 mutilum

402 5229 637 5301 codicem
658 5230 1007 5301 epistolarum
1027 5232 1195 5283 sancti
1212 5229 1471 5301 Gregorii
1490 5232 1671 5285 habuit
1698 5272 1711 5295 ,
1762 5235 1962 5301 cpisto-

405 5300 509 5351 Iam
531 5298 695 5360 enim,
720 5300 785 5350 de
814 5314 915 5365 qua
959 5300 1046 5354 hic
1074 5300 1329 5353 Alcuinus
1355 5300 1593 5353 dubium,
1627 5298 1809 5353 movet
1827 5343 1840 5362 ,
1898 5304 1963 5355 ad

407 5366 704 5437 Leandrum
736 5365 933 5437 Hispal.
966 5371 1250 5437 genuinam
1287 5382 1404 5437 esse
1442 5380 1651 5422 constat
1678 5388 1742 5423 ex
1765 5370 1965 5424 Isidoro

407 5434 606 5503 Hispal.
636 5435 859 5487 concilio
883 5434 1135 5492 Toletano
1173 5454 1220 5490 iv
1247 5448 1301 5491 ct
1342 5436 1545 5491 Joanne
1570 5439 1811 5493 diacono.
1860 5440 1966 5493 Sed

408 5507 473 5559 de
493 5505 593 5558 hoc
617 5504 739 5556 alibi
772 5504 921 5571 plura
953 5508 1208 5560 dicemus.

482 5585 508 5611 ο
551 5572 722 5641 Hujus
778 5574 1024 5641 epistol'r.
1081 5575 1202 5629 llaec
1251 5575 1486 5629 clausula
1526 5576 1673 5629 deest
1737 5579 1786 5629 in
1844 5580 1962 5631 cod.

412 5640 734 5697 SaliabyDe
792 5642 1140 5696 Lirinensiqu
1196 5648 1572 5698 monachorum
1619 5649 1830 5700 statutis
1860 5651 1967 5714 agit

1972 3076 2019 3136 C

2030 516 2412 584 qurestionibus
2442 515 2779 584 interpellare
2806 516 3084 569 curabant.

2536 637 2555 663 ε
2602 625 2926 681 ΕΡΙΞΤΟΙΑ
2969 626 3099 681 XCI.

2628 731 2694 767 AD
2732 731 2997 769 AINONEI.

2633 804 2820 871 (Anno
2856 804 3018 873 799.)

2035 892 2170 947 Eunt
2199 894 2367 947 ridere
2390 894 2679 957 desiderat;
2735 906 2963 964 tempore
2998 895 3285 964 periculosa
3326 896 3562 964 deplorat
3601 915 3617 949 :

2102 980 2156 1016 se
2184 964 2251 1015 ad
2278 964 2527 1032 palatium
2553 975 2805 1023 vocatum,
2835 975 2880 1016 et
2925 963 3149 1017 Felicem
3178 983 3208 1017 a
3239 963 3501 1020 Laidrado
3532 967 3605 1018 ad

2105 1049 2271 1103 regem
2309 1033 2600 1085 ducendum
2628 1034 2909 1102 signiﬁcat,
2935 1045 3038 1087 etc.

2106 1143 2377 1216 [Aquilae]
2425 1145 2565 1198 inter
2622 1160 2808 1199 omnes
2841 1146 3046 1215 Alpina:
3095 1147 3425 1201 celsitudinis
3477 1162 3607 1203 aves

2035 1234 2350 1289 cbarissimo
2381 1233 2669 1304 [Albinus]
2702 1236 2952 1288 salutem.

2103 1321 2147 1375 Ο
2175 1322 2220 1374 si
2245 1322 2373 1375 mihi
2396 1322 2671 1376 translatio
2702 1323 2949 1377 Ilabacuc
2977 1332 3119 1378 esset
3142 1340 3394 1379 concessa
3428 1326 3494 1378 ad
3519 1336 3568 1377 te
3591 1366 3604 1389 ,

2035 1425 2193 1479 quam
2240 1412 2515 1464 tenacibus
2550 1419 2639 1463 tua
2674 1412 2809 1464 colla
2837 1414 3191 1477 strinxissem,
3221 1429 3252 1467 ο
3298 1415 3604 1468 dulcissime

2036 1501 2131 1564 fili,
2162 1499 2522 1568 amplexibus?
2555 1500 2664 1554 Nec
2687 1516 2770 1554 me
2802 1501 3076 1571 longitudo
3104 1502 3317 1575 [mstivi]
3345 1505 3451 1558 diei
3499 1505 3603 1558 fes-

2037 1606 2153 1644 sum
2173 1588 2429 1652 efficeret,
2456 1589 2584 1658 quin
2613 1590 2789 1643 minus
2829 1606 3126 1658 premerem
3168 1603 3354 1660 pectus
3393 1603 3608 1661 pectore

2042 1678 2193 1749 [ϐοά.
2227 1678 2341 1735 Sal.
2365 1679 2628 1750 pectori],
2680 1695 2741 1733 os
2770 1680 2850 1732 ori
2890 1681 3255 1749 adiungerem,
3286 1683 3454 1736 donec
3499 1683 3610 1737 siu-

2040 1770 2190 1839 gulos
2217 1771 2458 1838 corporis
2488 1779 2636 1824 artus
2660 1769 2988 1825 dulcissimis
3035 1770 3310 1825 oscularcr
3338 1770 3610 1825 salutatio-

2038 1862 2214 1914 nibus.
2245 1860 2350 1914 Sed
2378 1863 2502 1930 quia
2554 1862 2655 1915 hoc
2684 1871 2900 1929 peccata
2928 1878 3046 1916 mea
3077 1864 3403 1933 impediunt,
3459 1874 3516 1918 ut
3556 1866 3609 1918 iu

2038 1950 2191 2004 tardo
2217 1965 2442 2020 corpore
2462 1950 2579 2004 fieri
2627 1951 2818 2013 valeat,
2863 1950 3024 2021 [quod
3054 1953 3294 2024 possum]
3326 1955 3612 2007 instantius

2039 2040 2302 2105 efficiam,
2370 2055 2601 2109 pennam
2662 2042 2943 2113 charitatis
2988 2042 3288 2112 lacrymoso
3348 2044 3614 2113 intingens

2039 2130 2263 2199 gurgite,
2288 2141 2347 2183 ut
2374 2131 2686 2195 suavissima
2718 2133 3052 2188 salutationis
3096 2134 3258 2188 verba
3306 2135 3613 2190 scribantur

2040 2221 2093 2274 in
2129 2220 2389 2281 chartula,
2416 2229 2475 2273 ut
2526 2236 2621 2289 per
2646 2237 2835 2275 manus
2876 2224 3140 2277 currentis
3163 2225 3386 2279 viatoris
3435 2226 3615 2279 veniat

2040 2310 2106 2364 ad
2127 2311 2295 2364 filium
2327 2311 2606 2365 charitatis
2627 2325 2778 2375 metu,
2803 2312 2891 2380 qui
2916 2320 2997 2367 est
3026 2323 3176 2382 pater
3205 2314 3471 2377 meritis,d
3499 2314 3612 2368 fra-

2042 2406 2123 2452 ter
2154 2399 2435 2463 charitate,
2466 2399 2606 2454 ﬁlius
2654 2410 2851 2465 (etate;
2890 2410 2948 2455 ut
2989 2418 3075 2456 me
3118 2403 3259 2474 legat
3307 2404 3570 2474 lugentem
3599 2446 3612 2468 ,

2041 2504 2199 2556 quem
2253 2504 2361 2542 non
2396 2490 2583 2556 aspicit
2631 2490 2916 2544 laetantem.
2969 2491 3013 2546 Ο
3057 2492 3189 2546 dura
3236 2495 3428 2548 divisio
3464 2498 3613 2563 gravi

2039 2575 2292 2644 ponderis
2344 2577 2398 2628 in
2452 2580 2706 2645 corpore!
2759 2594 2791 2632 o
2840 2579 3007 2634 dulcis
3045 2580 3351 2648 conjunctio
3390 2584 3442 2635 in
3480 2583 3611 2637 dile—

2043 2663 2235 2717 ctionis
2257 2656 2579 2719 visceribus!
2610 2682 2642 2720 o
2678 2682 2802 2721 vera
2846 2667 3176 2734 fraternitas,
3202 2687 3318 2739 quzc
3341 2688 3614 2741 nunquam

2041 2753 2314 2819 dividitur,
2337 2771 2457 2823 qua:
2492 2773 2602 2833 non
2634 2758 2810 2812 minus
2840 2760 2891 2812 in
2920 2761 3140 2815 absente
3186 2764 3338 2816 ardet
3363 2780 3524 2832 quam
3561 2766 3614 2817 in

2042 2844 2293 2911 praesenti
2321 2844 2598 2899 clarescit!
2639 2846 2695 2899 In
2749 2848 2865 2910 hac,
2898 2849 3120 2903 obsecro
3146 2891 3160 2914 ,
3212 2861 3393 2905 nostra
3444 2863 3617 2908 tecum

2046 2946 2259 3000 semper
2281 2933 2459 3002 vigeat
2501 2934 2782 2999 memoria,
2805 2945 2864 2988 ut
2890 2936 3146 3006 fragilitas
3194 2950 3376 2994 nostra
3426 2943 3620 2996 vestris

2050 3021 2298 3075 fuiciatur
2322 3023 2672 3087 orationibus,
2700 3033 2753 3078 et
2776 3040 2879 3078 non
2904 3012 3120 3081 recedat
3144 3030 3208 3082 de
3239 3030 3399 3085 corde
3422 3047 3618 3086 nomen

2049 3107 2318 3177 diligentis
2349 3118 2432 3173 te;
2472 3110 2564 3164 sed
2596 3111 2648 3164 in
2675 3106 2888 3166 Christo
2919 3114 2989 3167 sit
3008 3116 3204 3183 unitas,
3220 3119 3333 3172 sine
3357 3134 3461 3188 quo
3477 3121 3620 3178 nulla

2048 3194 2282 3262 perfecta
2308 3207 2391 3249 est
2424 3199 2676 3252 charitas.
3410 3274 3411 3277 η

2123 3286 2277 3354 112
2305 3285 2497 3340 Multas
2538 3288 2798 3343 habemus
2826 3293 3165 3348 curiositatcs
3189 3296 3254 3350 de
3292 3299 3393 3353 (ide
3434 3302 3621 3357 catho-

2051 3374 2173 3438 lica,
2204 3376 2329 3443 quia
2358 3376 2569 3445 plurimi
2599 3385 2722 3431 sunt
2748 3379 3165 3449 impugnatores.
3198 3384 3321 3439 Ideo
3346 3388 3504 3441 nobis
3528 3408 3619 3443 nc—

2051 3466 2340 3519 ccssarium
2385 3476 2469 3520 est
2499 3467 2783 3522 multorum
2819 3470 2992 3525 fulciri
3021 3472 3521 3541 intercessionibus,
3563 3491 3621 3533 ut

2050 3554 2233 3608 multis
2291 3556 2468 3608 divina
2507 3557 2739 3613 donante
2796 3561 2967 3631 gratia
3028 3564 3279 3631 prodesse
3330 3568 3617 3635 possimus.

2051 3643 2311 3712 Tempora
2339 3652 2464 3697 sunt
2487 3647 2806 3725 periculosa,
2837 3660 2898 3702 et
2918 3652 3189 3707 tribulatio
3218 3670 3378 3723 super
3402 3658 3621 3712 tribula-

2049 3733 2248 3785 tionem
2276 3748 2489 3803 semper
2515 3737 2747 3790 advenit.
2794 3737 3028 3807 Populus
3052 3741 3106 3794 in
3136 3753 3393 3813 egestate,
3420 3747 3620 3815 princi-

2050 3838 2144 3892 pes
2164 3824 2217 3877 in
2244 3824 2448 3890 labore,
2476 3826 2713 3882 Ecclesia
2746 3830 2797 3883 in
2821 3832 3199 3899 sollicitudine,
3230 3838 3535 3893 sacerdotes
3568 3841 3621 3894 in

2048 3912 2301 3981 querelis.
2359 3914 2548 3968 Omnia
2586 3919 2799 3971 turbata
2849 3929 3005 3987 sunt;
3050 3930 3227 3977 tamen
3259 3926 3377 3991 ille,
3424 3930 3619 3993 credo,

2051 4003 2410 4067 miserebitur,
2443 4006 2594 4073 cujus
2620 4008 2987 4063 misericordia
3018 4015 3258 4080 speciosa
3292 4026 3376 4070 est
3404 4018 3456 4070 in
3488 4026 3622 4072 tem-

2050 4104 2178 4159 pore
2206 4091 2593 4158 tribulationis;
2633 4098 2783 4165 cujus
2832 4107 2883 4153 te
2927 4100 3067 4154 laudi
3095 4112 3149 4156 et
3174 4105 3360 4160 honori
3413 4124 3623 4178 semper

2053 4181 2297 4234 insistere
2322 4182 2736 4252 multum.gavisi
2762 4200 2964 4242 sumus.
2993 4188 3183 4245 Ileticit
3210 4195 3351 4248 enim
3377 4197 3621 4265 spiritum

2055 4281 2292 4326 nostrum
2322 4274 2633 4348 [Candidus]
2660 4280 2722 4332 de
2748 4280 2991 4350 religiosa
3016 4286 3124 4340 vita
3152 4296 3327 4341 vestra
3348 4330 3362 4353 ,
3385 4290 3498 4345 sive
3528 4292 3621 4343 do.

1984 4397 2029 4455 ο
2056 4377 2164 4427 mo,
2195 4363 2305 4417 sive
2333 4366 2383 4417 in
2412 4366 2622 4421 itinere.
2663 4368 2785 4422 Ideo
2814 4388 2918 4425 non
2954 4384 3034 4428 est
3061 4377 3192 4430 mihi
3234 4377 3518 4433 admonere
3546 4380 3622 4434 Ωι-

2058 4452 2305 4515 cientem,
2324 4469 2421 4506 nec
2441 4455 2593 4521 plena
2614 4456 2854 4524 implere,
2876 4464 2968 4515 sed
2990 4466 3325 4532 congaudere
3340 4468 3613 4536 gaudenti-
3685 4512 3705 4526 κ

2057 4540 2173 4604 bus,
2190 4549 2243 4593 et
2264 4542 2316 4592 in
2338 4543 2440 4594 tuis
2451 4542 2776 4610 profectibus
2790 4546 2954 4601 Deum
2976 4550 3213 4606 laudare.
3236 4554 3372 4608 Dum
3414 4558 3615 4623 poteris

2055 4645 2276 4699 operare
2295 4646 2456 4699 opera
2483 4632 2574 4685 Dei
2598 4633 2776 4703 (Joan.
2811 4651 2886 4701 vr,
2911 4637 3001 4708 28)
3037 4657 3049 4691 :
3086 4649 3142 4694 et
3168 4642 3292 4695 dum
3322 4643 3493 4697 lucem
3523 4646 3617 4699 lia—

2059 4723 2204 4785 beas,
2238 4737 2395 4777 curre
2424 4724 2604 4793 (Joan.
2633 4742 2733 4789 xu,
2753 4727 2864 4796 55),
2888 4729 3057 4784 donec
3086 4736 3366 4800 pervenias
3394 4736 3461 4789 ad
3504 4738 3622 4791 bra-

2059 4810 2202 4863 vium
2228 4827 2469 4881 superna:
2492 4814 3012 4887 beatitudinis(Phil.
3039 4822 3245 4890 1",“).
3282 4823 3519 4893 [Utinam
3545 4827 3622 4879 ei-

2061 4903 2165 4957 tius
2186 4906 2591 4973 superveniente
2625 4915 2809 4960 estate
2836 4918 2885 4961 te
2910 4924 3213 4963 mereamur
3246 4913 3438 4966 videre.
3483 4912 3616 4967 Nam

2061 4993 2236 5046 medio
2251 4993 2726 5063 Maio,perflcicnte
2746 4995 2872 5058 Deo,
2895 4996 2959 5049 ad
2973 4998 3227 5065 palatium
3238 5014 3324 5052 me
3346 5003 3613 5054 essearbi-

2064 5164 2296 5220 Hilarius
2320 5167 2643 5221 Arelatensis
2669 5167 2720 5219 in
2750 5168 2866 5221 Vita
2901 5170 3069 5223 sancti
3089 5170 3364 5224 Honorati.

2136 5245 2157 5271 ε
2200 5235 2338 5288 Edit.
2368 5236 2585 5307 illabill.
2636 5236 2701 5307 l8
2746 5238 3045 5307 maximam
3095 5247 3304 5307 partem
3357 5243 3617 5295 mutilata.

2065 5303 2327 5383 Inteng
2350 5306 2538 5383 damus
2562 5320 2627 5357 ex
2656 5305 2907 5360 cod.-ms.
2944 5303 3138 5360 Salisb.
3172 5308 3347 5378 (Apud
3386 5309 3615 5363 Froben.

2065 5373 2394 5520 θρξῗῗῗῖξξέν
2421 5442 2707 5520 gnaritate:
2729 5443 2815 5520 lla
2843 5443 3002 5520 etiam
3035 5460 3152 5520 sese
3183 5446 3415 5520 explicat
3444 5446 3617 5520 Aletri-

2068 5525 2172 5581 nus
2188 5510 2239 5561 in
2255 5510 2409 5575 epist.
2426 5510 2496 5581 92
2510 5510 2671 5581 (nunc
2693 5513 2806 5581 ll8)
2823 5512 2889 5561 ad
2910 5515 3175 5581 eumdem.
3200 5510 3326 5567 Vide
3343 5528 3462 5581 quae
3481 5515 3544 5565 de
3560 5534 3621 5566 ca

2069 5595 2126 5650 re
2162 5579 2212 5650 in
2253 5579 2562 5650 prfef'atione
2595 5579 2846 5650 diximus,
2887 5580 2973 5650 ubi
3006 5579 3452 5650 inquirimusgau
3480 5583 3623 5636 Arno

2069 5647 2272 5699 Alcuini
2304 5646 2471 5701 frater
2492 5647 2786 5701 Germanus
2814 5646 3014 5703 fuerit?
