4226 6192
599 288 704 347 295

1433 313 1498 367 Β.
1539 314 1599 367 F.
1640 309 1866 367 ALBlNl
1908 308 2037 362 Sl-IL'.
2077 304 2347 360 ALlll'lNl
2381 301 2662 359 OPERL‘M
2702 300 2877 354 PARS
2912 298 2952 353 1.

3699 294 3810 353 296

587 455 721 506 tror,
742 436 1029 494 secundum
1052 430 1195 503 quod
1221 429 1448 485 domnus
1470 443 1567 483 rex
1594 422 1935 482 demandavit
1960 420 2131 475 nobis.
2166 422 2203 477 Α
2239 427 2406 472 strata
2428 416 2660 487 publica,
2692 428 2812 483 quze
2837 412 2981 468 ducit
3017 413 3081 464 ad
3114 410 3364 479 patatlum
3395 410 3488 464 Dei
3514 409 3733 469 Christi.
3754 412 3812 464 in

588 533 656 586 Et
677 542 703 571 ι
727 527 872 583 Felix
895 523 1145 581 novitatis
1165 526 1401 575 assertor
1414 517 1576 573 habet
1598 515 1839 584 juratum
1863 511 2052 564 venire
2078 508 2143 562 ad
2246 528 2352 582 quo
2375 520 2456 567 est
2500 527 2622 582 pax,
2652 510 2768 565 laus
2792 518 2845 564 et
2870 508 3038 579 gloria
3063 548 3076 571 ,
3127 509 3193 561 ad
3231 522 3391 578 quem
3436 507 3817 579 pervenientes

590 623 838 677 domuum
858 629 1039 688 regem
1058 613 1319 668 rationem
1345 609 1569 665 reddere
1593 606 1721 661 ﬁdei
1736 619 1865 660 suae.
1880 603 2005 658 ideo
2026 600 2143 653 dili-

590 715 799 788 gentius
811 719 962 768 orate
978 723 1075 779 pro
1102 704 1309 777 nobis].
1324 704 1441 773 Ego
1454 717 1583 757 vero
1605 696 1928 755 vernaculus
1952 700 2149 748 sanch

591 783 684 859 lsei
707 792 960 857 Ecclesiae
982 797 1253 853 vobiscum
1268 803 1414 849 stare
1439 792 1635 854 habeo,
1654 797 1708 843 et
1734 786 1874 856 quod
1905 783 2151 839 sacerdo-

592 890 914 948 tuinChristi
934 886 1255 943 unanimitas
1277 882 1449 937 credit
1474 889 1529 935 et
1550 877 1824 949 praedicat,
1843 876 1895 929 in
1923 874 2024 929 hoc
2053 886 2153 942 ego

590 979 795 1041 laboro,
808 986 1000 1032 etcum
1026 974 1158 1029 meis
1180 973 1389 1041 loquor,
1407 978 1566 1038 etpro
1586 967 1709 1021 ﬁliis
1734 971 1929 1020 sanctxr
1944 962 2037 1017 Dei
2056 962 2154 1016 Ec-

589 1071 763 1125 clesia:
784 1069 1018 1139 aperiam
1043 1081 1105 1121 os
1138 1078 1341 1126 meum,
1367 1060 1529 1121 siille
1554 1058 1797 1128 implebit
1850 1055 1978 1109 illud
2000 1094 2015 1117 ,
2063 1050 2154 1139 qui

589 1140 719 1214 ait:
765 1158 917 1234 Aperi
952 1174 1008 1211 os
1068 1164 1211 1209 tuum
1239 1194 1254 1218 ,
1299 1160 1347 1205 et
1388 1166 1479 1220 ego
1526 1146 1747 1217 implebo
1792 1143 1947 1234 illud;
1973 1138 2153 1234 (-Psal.

591 1264 766 1313 Lxxx,
816 1231 922 1313 ll).
979 1239 1538 1301 Desideransdocere
1590 1236 1732 1289 viam
1803 1231 2051 1294 Domini,
2105 1236 2161 1281 et

590 1340 907 1394 conﬁrmare
958 1336 1252 1390 titubantes
1286 1372 1301 1397 ,
1367 1338 1421 1385 et
1481 1326 1750 1384 exhortari
1810 1332 2049 1385 stantes,
2106 1328 2163 1374 et

591 1430 798 1498 erigere
819 1426 1059 1496 iacentes
1084 1439 1181 1493 per
1200 1436 1323 1477 eum
1352 1427 1408 1476 et
1434 1420 1487 1473 in
1521 1433 1608 1483 eo,
1632 1417 1723 1486 qui
1750 1415 1902 1485 erigit
1929 1412 2082 1467 elisos
2113 1420 2160 1463 et

590 1518 741 1572 solvit
777 1514 1089 1587 compeditos
1127 1510 1297 1581 (Psal.
1343 1524 1500 1573 cur,
1538 1508 1587 1571 7,
1622 1505 1699 1576 8).
1725 1505 1980 1559 Dominus
2007 1499 2163 1555 Jesus

593 1614 860 1675 Christus,
875 1625 972 1680 pro
1001 1624 1108 1677 quo
1141 1606 1292 1669 mihi,
1316 1612 1370 1658 et
1398 1617 1495 1671 per
1518 1614 1677 1671 quem
1699 1597 1830 1652 mihi
1861 1608 2037 1651 sermo
2058 1599 2162 1656 est,

593 1713 654 1757 ut
688 1714 810 1756 eum
838 1714 1023 1754 verum
1045 1698 1235 1761 Deum,
1267 1702 1324 1748 et
1344 1706 1529 1747 verum
1559 1690 1753 1744 Filium
1779 1687 1875 1742 Dei
1896 1683 2162 1746 omnibus,

598 1792 895 1848 '<olentihus
927 1798 983 1844 et
1014 1787 1317 1859 nolentibus
1339 1783 1546 1847 audire,
1583 1788 1862 1836 testamur.

666 1902 930 1977 [Libellos
954 1908 1181 1963 nostros,
1215 1912 1349 1969 quos
1378 1896 1405 1936 δ
1438 1892 1772 1963 llildegarius
1820 1886 2051 1959 portavit
2078 1882 2161 1977 de

598 1976 785 2048 sancto
804 1992 1055 2056 Martino,
1091 1991 1145 2045 id
1165 1998 1265 2054 est,
1300 1988 1467 2042 sancti
1488 1982 1747 2038 Ambrosii
1766 1980 1829 2033 de
1850 1978 1956 2047 ﬁde
1983 1976 2164 2045 cathog

596 2083 700 2136 lica
723 2082 791 2135 ad
815 2080 1124 2135 Gratianum
1148 2080 1504 2147 imperatorem
1524 2113 1537 2138 ,
1569 2081 1615 2125 et
1640 2069 1913 2123 Tractatus
1966 2067 2019 2118 in
2047 2079 2166 2134 pro-

599 2173 779 2242 phetas
820 2170 944 2224 Joel
972 2181 1017 2223 et
1044 2171 1230 2232 Amos;
1264 2168 1364 2220 hos
1397 2179 1523 2218 vero
1558 2160 1781 2223 libellos,
1810 2159 1853 2213 si
1876 2159 1929 2211 in
1977 2170 2165 2211 mona-

600 2261 764 2315 sterio
810 2258 1210 2318 remansissent,
1248 2251 1570 2308 omnimodis
1614 2258 1789 2303 tecum
1818 2244 1947 2299 affer
1996 2244 2040 2297 si
2085 2257 2169 2296 re-

602 2350 755 2414 nias;
789 2348 870 2403 sin
900 2355 1101 2410 autem,
1129 2345 1341 2399 remitte
1363 2342 1536 2396 nobis.
1567 2339 1622 2393 Si
1652 2353 1780 2391 vero
1803 2343 2067 2405 portassct
2088 2349 2170 2388 se-

601 2455 747 2504 cum,
772 2436 1033 2498 mittatur,
1062 2414 1136 2488 'ut
1186 2432 1391 2493 reddat,
1419 2437 1475 2483 ut
1526 2426 1947 2482 benedictionem
1996 2421 2170 2476 sancti

603 2526 817 2581 Martini
848 2525 1059 2587 habeat,
1083 2523 1207 2592 quia
1238 2522 1304 2575 de
1339 2519 1481 2572 illius
1532 2524 1657 2570 sunt
1698 2514 1930 2568 armario
1954 2553 1968 2577 ,
2010 2525 2171 2590 quem

604 2616 736 2670 nihil
755 2630 852 2684 per
888 2630 986 2668 nos
1010 2614 1233 2682 perdere
1260 2619 1525 2678 optamus.
1551 2606 1704 2661 Illum
1746 2619 1875 2659 vero
1893 2600 2170 2673 praelatum

606 2717 830 2773 pterum
856 2702 995 2754 bene
1028 2698 1222 2762 fecisti,
1261 2697 1385 2750 dum
1430 2694 1626 2748 dedisti
1653 2707 1775 2747 eum
1828 2688 2020 2745 sseculo
2063 2702 2174 2741 ser-

606 2793 741 2855 vire,
773 2791 897 2859 quia
921 2788 1153 2842 studium
1179 2784 1553 2840 ecclesiasticae
1606 2782 1731 2835 vita:
1784 2779 1956 2834 noluit
2001 2777 2171 2833 insisti

608 2882 755 2953 [‘Leg.
779 2879 1047 2950 insistere]
1074 2896 1085 2931 :
1116 2887 1171 2932 et
1200 2892 1305 2931 non
1331 2875 1460 2930 mihi
1512 2872 1764 2928 irascaris
1805 2878 1991 2925 contra
2028 2883 2194 2943 eum”

612 2971 857 3025 Sciebam
905 2968 1052 3021 illum
1090 2966 1229 3020 nolle
1280 2965 1424 3033 quod
1462 2978 1557 3017 vos
1596 2961 1729 3016 velle
1773 2960 2039 3023 sciebam;
2079 2956 2173 3011 sed

614 3058 778 3122 nolui,
808 3065 869 3110 ut
891 3072 988 3125 per
1024 3068 1117 3109 me
1145 3070 1176 3107 a
1221 3062 1273 3107 te
1301 3058 1640 3120 scpararetur
1667 3090 1683 3113 ,
1730 3049 1820 3116 qui
1850 3048 1915 3100 ad
1960 3054 2011 3099 te
2045 3060 2171 3099 san-

606 3148 769 3217 guine
794 3144 1120 3215 pertinebat,
1152 3142 1332 3203 timeo,
1365 3155 1469 3193 non
1493 3138 1703 3207 spiritu.
1742 3137 1941 3190 Tamen
1965 3149 2067 3187 non
2092 3141 2175 3189 est

609 3239 995 3311 desperandum
1033 3237 1097 3290 de
1122 3250 1206 3299 eo,
1246 3244 1436 3303 potens
1460 3239 1544 3286 est
1599 3230 1739 3284 Deus
1790 3228 1855 3284 de
1910 3225 2176 3295 lapidibus
2233 3256 2239 3261 -

612 3330 730 3388 istis
749 3330 1008 3385 suscitare
1038 3326 1173 3379 ﬁlios
1204 3324 1433 3377 Abrahae
1463 3320 1678 3390 (Matth.
1709 3320 1790 3381 tu,
1818 3315 1894 3385 9).
1926 3313 2174 3376 Benelac,

611 3421 856 3482 obsecro,
883 3428 904 3455 ο
937 3415 1088 3485 Mago
1122 3428 1240 3467 meo
1263 3414 1453 3481 nigro;
1485 3411 1588 3463 erit
1607 3408 1750 3462 enim
1778 3406 1923 3460 utilis
1946 3406 1998 3459 in
2021 3404 2179 3459 domo

614 3508 729 3562 Dei.
790 3498 1012 3573 Semper
1061 3502 1340 3556 nobiscum
1395 3498 1526 3563 fuit,
1574 3486 1769 3552 bonam
1837 3494 2027 3548 habuit
2088 3509 2178 3548 vo-

614 3597 873 3651 luntatem
898 3602 952 3647 et
982 3591 1342 3649 humilitatem
1366 3629 1382 3653 ,
1435 3602 1526 3643 seu
1574 3587 1627 3640 iu
1654 3584 1873 3640 servitio
1908 3583 2039 3647 Dei,
2087 3598 2180 3637 seu

580 3739 585 3743 .
613 3683 776 3739 etiam
806 3684 858 3737 in
890 3681 1134 3738 lectionis
1155 3679 1360 3743 studio;
1393 3666 1725 3755 etquidquid
1753 3674 1841 3729 ille
1867 3674 2179 3741 accepisset,

616 3772 703 3828 fac
728 3786 847 3826 eum
874 3770 1065 3842 partiri
1094 3784 1214 3823 cum
1244 3766 1509 3835 plurimis,
1540 3774 1600 3816 ut
1624 3777 1801 3817 sermo
1851 3762 1945 3815 Dei
1974 3767 2208 3819 crescat,

543 3897 546 3901 η
617 3863 674 3915 in
707 3861 967 3922 Ecclesia,
994 3859 1078 3912 cui
1110 3857 1220 3911 Deo
1276 3855 1617 3922 dispensante
1664 3851 1922 3906 deservis.
1963 3848 2146 3915 Saluta
2169 3888 2183 3914 ,

614 3952 857 4015 obsecro,
882 3962 1070 4004 omnes
1093 3948 1288 4001 fratres
1319 3953 1533 3999 nostros
1554 3944 1605 3997 in
1635 3957 1767 4012 pace
1796 3949 1852 3995 et
1885 3941 2143 3995 charitatc
2166 3980 2181 4004 ,

615 4030 936 4108 Patremque
959 4046 1198 4092 nostrum
1228 4035 1254 4073 ἀ
1281 4035 1515 4089 Alimum
1535 4034 1861 4103 episcopum,
1885 4039 1939 4086 et
1964 4039 2186 4105 caeteros

618 4128 1284 4183 consacerdotes-vestros.
1318 4123 1547 4179 Hortare
1572 4123 1689 4177 illos
1722 4136 1932 4191 semper
1956 4122 2023 4176 ad
2049 4136 2189 4190 prte-

619 4218 901 4284 dicationis
940 4216 1194 4271 ofﬁcium.
1233 4216 1502 4271 Memento
1550 4216 1679 4269 dum
1711 4225 1735 4252 υ
1769 4214 1989 4283 pallium
2038 4227 2190 4267 acce-

617 4308 744 4376 pisti
765 4302 897 4377 [ab]
930 4300 1219 4381 apbstolica
1255 4304 1397 4368 sede,
1430 4306 1604 4374 majus
1626 4311 1680 4369 te
1705 4304 1972 4372 accepisse
2016 4318 2153 4356 onus
2173 4342 2187 4365 ,

2249 602 2510 656 memores
2539 608 2711 654 estote
2730 598 2856 652 mei.

2318 689 2604 763 [Kalendis
2642 688 2946 743 Novembris
2998 688 3017 727 ί
3048 686 3346 742 solemnitas
3389 686 3634 741 Omnium
3675 687 3819 744 San-

2250 789 2467 832 clarum.
2501 778 2659 843 Ecce,
2681 779 2982 832 venerande
3004 776 3165 830 Pater
3183 776 3347 839 Arne,
3376 777 3543 831 habes
3563 778 3817 849 designa-

2251 876 2359 921 tam
2383 868 2768 922 solemnitatem
2794 865 3044 921 Omnium
3083 865 3401 920 Sanctorum
3430 906 3443 930 ,
3497 866 3636 920 sicut
3679 869 3822 921 dis"-

2252 971 2391 1022 mus,
2423 972 2583 1025 quam
2608 957 2859 1011 continue
2885 954 2939 1009 in
2968 941 3148 1009 mente
3177 956 3410 1010 retineas
3434 996 3449 1019 ,
3501 963 3555 1009 et
3606 970 3823 1025 semper

2252 1063 2349 1117 pro
2386 1048 2750 1102 anniversario
2779 1054 3018 1115 tempore
3051 1045 3227 1100 colere
3255 1060 3361 1100 non
3386 1046 3630 1112 desistas,
3645 1055 3825 1101 atten-

2255 1140 2387 1195 dens
2415 1141 2542 1195 illud
2566 1149 2620 1193 et
2640 1141 2844 1195 intente
2884 1139 3248 1201 considerans,
3281 1140 3532 1208 quoniam
3556 1140 3600 1194 si
3637 1140 3780 1194 Elias
3806 1181 3822 1201 ,

2255 1245 2394 1284 unus
2415 1246 2483 1284 ex
2511 1229 2634 1295 illis,
2651 1230 2704 1284 in
2719 1230 2899 1284 Veteri
2919 1229 3264 1299 Testamento
3290 1230 3532 1284 oratione
3559 1245 3677 1295 sua,
3694 1231 3765 1285 du
3790 1246 3825 1281 ιι

2257 1322 2442 1386 voluit,
2471 1321 2717 1376 claudere
2758 1320 2953 1375 caelum
2986 1320 3157 1390 potuit
3184 1322 3685 1388 pravaricatoriltus
3707 1362 3720 1383 ,
3768 1332 3829 1376 et

2260 1412 2467 1482 aperire
2482 1411 2758 1465 conversis
2771 1409 2891 1479 (III
2916 1409 3041 1480 Reg.
3059 1426 3192 1472 xv",
3215 1420 3264 1463 et
3282 1410 3401 1462 Jac.
3421 1426 3474 1474 v,
3492 1409 3603 1480 l7),
3625 1421 3831 1480 quanto

2260 1502 2429 1571 magis
2458 1501 2612 1570 113
2644 1500 2840 1556 Omnes
2869 1499 3054 1555 Sancti
3084 1502 3137 1555 in
3160 1500 3307 1556 Novo
3335 1502 3712 1556 Testamento?
3733 1502 3827 1556 ubi

2261 1591 2339 1645 eis
2360 1589 2665 1657 specialiter
2690 1597 2744 1642 et
2777 1593 3023 1657 patenter
3046 1588 3223 1643 claves
3248 1590 3396 1659 regni
3429 1589 3632 1644 caelesti
3672 1605 3829 1645 com-

2265 1677 2441 1731 missa:
2468 1684 2610 1741 sunt,
2638 1685 2692 1730 et
2712 1675 2958 1731 claudere
2980 1677 3173 1732 ctelum
3195 1686 3420 1745 possunt
3449 1678 3760 1745 incredulis,
3775 1687 3837 1733 et

2192 1751 2236 1811 Β
2262 1766 2469 1834 aperire
2490 1765 2852 1829 credentibus,
2874 1766 2919 1819 si
2944 1765 3127 1819 intima
3153 1766 3436 1821 dilectione
3471 1768 3835 1823 honoriﬁca"-

2260 1866 2349 1910 tur
2372 1872 2403 1910 a
2447 1855 2709 1918 ﬁdelibus.
2740 1865 2797 1910 et
2823 1856 3071 1910 coluntur
3118 1857 3503 1927 gloriﬁcatione
3540 1859 3618 1913 eis
3647 1860 3837 1913 condi-

2262 1961 2383 2014 gna.
2408 1944 2561 2010 Quod
2604 1953 2664 1998 ut
2687 1943 2802 1999 ﬁeri
2838 1945 2995 2016 digne
3031 1948 3201 2015 possit
3228 1963 3256 1999 a
3286 1948 3440 2002 nobis
3463 1988 3476 2009 ,
3530 1948 3707 2003 lumen
3744 1963 3840 2001 rc-

2266 2049 2405 2097 rum,
2430 2033 2570 2101 quod
2597 2032 2859 2087 illuminat
2878 2048 3093 2087 omnem
3143 2035 3412 2089 hominem
3456 2037 3635 2106 (Joan.
3667 2054 3704 2101 ι,
3730 2038 3786 2103 9)
3816 2078 3834 2099 ,

2263 2123 2507 2178 Christus
2526 2121 2710 2187 Iesus,
2752 2121 3006 2177 illuminet
3035 2125 3194 2177 corda
3229 2133 3432 2188 nostra,
3468 2135 3523 2179 et
3569 2141 3673 2193 pax
3705 2128 3795 2179 Dei
3818 2166 3835 2185 .

2266 2225 2384 2278 qua:
2416 2218 2703 2277 exsuperat
2736 2225 2947 2264 omnem
2988 2225 3204 2265 sensum
3233 2211 3400 2279 (Phil.
3435 2228 3507 2276 tv,
3529 2213 3604 2282 7),
3632 2230 3725 2280 per
3755 2215 3840 2267 in-

2272 2298 2651 2353 tercessionem
2682 2297 2931 2363 Omnium
2972 2298 3292 2353 Sanctorum
3316 2298 3450 2366 ejus,
3483 2302 3745 2355 custodiat
3774 2318 3840 2355 ea

2269 2390 2515 2458 usquein
2540 2389 2679 2443 diem
2724 2390 3060 2445 aeternitatis.
3107 2390 3255 2444 llane
3282 2390 3674 2446 solemnitatem
3716 2407 3843 2445 san-

2271 2479 2563 2533 ctissimam
2587 2480 2758 2532 tribus
2785 2479 2973 2532 diebus
3014 2478 3325 2547 jejunando,
3348 2483 3551 2535 orando
3577 2522 3591 2542 ,
3652 2483 3845 2536 missas

2272 2567 2535 2629 canendo,
2562 2574 2617 2619 et
2648 2565 3013 2636 elcemosynas
3040 2568 3215 2621 dando
3238 2583 3334 2637 pro
3367 2569 3593 2625 invicem
3633 2570 3845 2625 sincera

2276 2656 2555 2710 devotione
2583 2654 2979 2728 pnecedamus]

2772 2770 2796 2807 ⁸
2822 2767 3153 2823 EPISTOLA
3195 2768 3349 2825 XCII.

2883 2853 2949 2890 AD
2991 2852 3260 2891 ARNOSEN.

2669 2924 2843 2993 (Anno
2870 2922 2991 2987 799,
3023 2941 3206 2980 mense
3231 2926 3464 2995 Martio.)

2279 3013 2721 3095 EpistolautIcttm
2763 3015 3060 3095 muneribus
3089 3032 3140 3068 se
3161 3017 3457 3095 accepisse-5
3492 3033 3563 3095 tu:
3599 3033 3652 3095 se
3674 3016 3849 3095 media

2199 3080 2247 3143 C
2328 3080 2515 3153 mense
2542 3082 2686 3153 Maio
2715 3083 2854 3152 apud
2882 3099 3070 3151 regem,
3100 3101 3203 3153 quo
3225 3080 3382 3137 en‘am
3406 3084 3560 3139 Felix
3580 3087 3846 3141 adducen-

2345 3150 2442 3204 dus
2464 3160 2559 3215 est,
2589 3150 2825 3219 futuram
2856 3150 3133 3220 signiﬁcat.

2353 3240 2707 3293 Dilectissimo
2738 3239 2846 3293 lilio
2872 3238 3073 3308 Aquila:
3102 3240 3323 3296 Albinus
3350 3242 3600 3296 salutem.

2347 3325 2593 3394 Acceptis
2619 3325 3039 3381 sacerdotalibus
3074 3328 3375 3384 dilectionis
3406 3338 3511 3384 tua:
3539 3331 3854 3384 muneribus

2279 3418 2399 3467 com
2434 3429 2627 3483 magno
2666 3414 2855 3483 gaudio
2900 3423 2956 3468 et
2981 3402 3160 3468 hetitia
3190 3456 3205 3479 ,
3251 3417 3408 3469 simul
3438 3425 3488 3471 ct
3520 3417 3856 3471 suavissimis

2280 3505 2492 3569 litteris,
2522 3505 2574 3557 in
2608 3505 2800 3572 quibus
2826 3505 2970 3557 omni
2999 3504 3119 3558 favo
3164 3505 3367 3559 dulcior
3409 3507 3681 3561 redolchat
3721 3506 3852 3559 mihi

2281 3593 2535 3655 charitas,
2567 3601 2621 3645 et
2644 3607 2805 3661 quam
2839 3592 3032 3661 sepius
3058 3593 3300 3660 probavi,
3325 3607 3534 3662 semper
3561 3593 3732 3646 amari
3757 3608 3771 3655 ;
3799 3605 3857 3645 et
3922 3576 3927 3581 ⁸

2282 3682 2510 3749 quadam
2542 3680 2904 3735 familiaritate
2934 3683 3073 3734 intra
3113 3682 3291 3735 cordis
3323 3683 3425 3735 mei
3456 3698 3675 3745 arcana,
3705 3664 3858 3750 quasi

2285 3774 2593 3825 thesaurum
2619 3771 3048 3835 desiderabilem,
3075 3781 3178 3825 tum
3206 3770 3360 3847 faciei
3386 3780 3441 3825 ct
3480 3774 3713 3827 nominis
3742 3787 3855 3827 me-

2286 3861 2453 3913 moria
2478 3859 2746 3914 recoudidi
2778 3858 2968 3930 [Edit.,
3004 3861 3335 3933 reconditur]
3359 3877 3373 3914 :
3403 3862 3619 3931 etquod
3648 3863 3859 3932 nigrant

2290 3949 2340 4002 in
2372 3950 2578 4017 capillis
2602 3949 2841 4013 videtur,
2887 3951 3170 4005 candidum
3203 3951 3254 4005 in
3286 3954 3447 4007 corde
3472 3960 3701 4008 amatur.
3751 3952 3858 4007 Sed

2287 4036 2608 4091 omnimodis
2633 4038 2870 4101 obsecro,
2906 4039 2949 4092 si
2981 4039 3107 4115 'ﬁeri
3138 4041 3323 4108 possit,
3356 4042 3457 4096 hoc
3492 4058 3633 4098 anno
3670 4058 3857 4113 supcr-

2291 4128 2538 4180 mnicnte
2576 4125 2784 4180 videam
2825 4128 3163 4184 dulcissimos
3192 4132 3389 4191 oculos
3419 4130 3647 4202 [Aquilia
3681 4128 3857 4200 metu].

2291 4226 2350 4270 ut
2393 4218 2705 4286 amplectar,
2754 4217 3032 4271 deosculer
3075 4233 3177 4271 non
3208 4218 3379 4272 solum
3406 4234 3519 4282 ore,
3564 4220 3658 4275 sed
3700 4219 3859 4274 etiam

2294 4320 2405 4365 toto
2448 4312 2627 4366 corde.
2687 4309 2826 4381 [Jam
2870 4309 3075 4379 pridem
3126 4319 3229 4364 tum
3270 4312 3521 4365 cliaritati
3567 4312 3862 4382 longiorem

621 4407 675 4454 et
690 4398 987 4454 debitorem
1014 4412 1130 4451 esse
1160 4397 1305 4450 omni
1327 4411 1571 4465 personae
1599 4403 1653 4449 et
1673 4394 1942 4465 dignitati,
1970 4393 2190 4447 ﬁducia-
2213 4400 2267 4463 ι)
2295 4399 2481 4468 scripsi
2527 4397 2809 4467 epistolam
2832 4438 2845 4465 ,
2872 4407 2927 4452 et
2955 4398 3123 4452 direxi
3164 4399 3439 4454 Chlotario
3467 4398 3650 4464 fratri,
3678 4408 3738 4455 ut
3768 4413 3865 4469 per

622 4491 744 4545 liter
772 4490 993 4544 verbum
1018 4489 1112 4544 Dei
1141 4487 1479 4561 praedicare].
1525 4489 1660 4553 Noli,
1693 4488 1801 4543 noli
1832 4496 2009 4543 tacere
2032 4529 2046 4553 ,
2099 4486 2190 4541 sed

624 4579 817 4645 clama,
846 4588 997 4653 etne
1021 4595 1217 4635 cesses.
1254 4579 1440 4633 Esalta
1489 4578 1627 4641 sicut
1652 4579 1777 4633 tuba
1805 4593 1993 4633 vocem
2046 4586 2191 4630 tuam

627 4668 761 4740 (Isti.
800 4685 954 4733 Lvut,
982 4670 1032 4734 1)
1059 4710 1073 4735 ,
1148 4678 1203 4723 et
1250 4669 1470 4722 ostende
1517 4668 1770 4721 omnibus
1814 4668 1956 4720 viam
2005 4666 2203 4720 salutis

627 4768 862 4823 atteram,
891 4767 939 4812 et
974 4759 1058 4813 dic
1084 4774 1099 4811 :
1129 4758 1372 4823 Currite,
1408 4758 1521 4811 hmc
1565 4763 1646 4810 est
1672 4756 1756 4809 \‘ia
1782 4757 1941 4839 regia,
1967 4756 2082 4809 h:ec
2110 4766 2194 4808 cst

698 4905 725 4933 ι
765 4890 918 4946 Felix
939 4892 1086 4945 habet
1109 4892 1346 4961 iuratum
1376 4892 1562 4946 venire.
1607 4888 1958 4945 AddUceudus
2002 4906 2191 4960 nempe

629 4978 725 5029 per
750 4962 1071 5016 Laidradum
1100 4962 1167 5015 ad
1209 4964 1491 5015 concilium
1528 4962 1980 5030 Aquisgraneuse,
2026 4971 2083 5013 ut
2124 4977 2190 5014 ex

632 5041 885 5151 gignente
910 5030 1133 5100 cpistola
1178 5030 1471 5099 colligitur;
1525 5029 1653 5101 ergo
1682 5029 1880 5099 scripta
1915 5029 2016 5084 fuit
2048 5046 2191 5083 anno

703 5167 732 5237 Ρ
764 5165 1123 5237 ίΗὶΙάέρατὶιιε.
1168 5166 1468 5237 Discipultts
1505 5167 1646 5237 haud
1674 5167 1830 5222 dubie
1867 5168 2057 5237 aliquis
2104 5170 2193 5224 Al-

633 5235 853 5307 cuin‘i_i_u'
882 5234 1203 5307 monasterio
1225 5234 1394 5307 sancti
1422 5234 1665 5302 Ruperti.
1706 5239 1824 5292 νυ.
1853 5234 2009 5306 epist.
2039 5254 2154 5307 seq.

704 5303 946 5384 1qu9
988 5304 1326 5384 Adalhertum
1355 5306 1453 5357 hoc
1474 5308 1785 5373 cognomine
1808 5303 1977 5377 notat,
1999 5308 2063 5360 de
2088 5303 2193 5376 q‘uo

637 5362 943 5443 alibi.rYide
969 5374 1123 5443 epist.
1154 5389 1268 5443 seq.
1418 5442 1423 5443 γ
1662 5441 1675 5443 -
1812 5406 1817 5409 '

704 5439 733 5479 δ
770 5439 1015 5513 Adimam.
1062 5439 1369 5513 Episcopus
1414 5442 1457 5497 is
1505 5440 1604 5495 fuit
1654 5441 1999 5513 Sabioncusis
2028 5487 2041 5506 ,
2100 5446 2192 5512 qui

641 5507 900 5580 annoj‘ljz
922 5507 1132 5579 synotlo
1156 5507 1570 5580 Dingolﬁugaua:
1594 5511 1926 5580 subscripsit.

711 5586 738 5615 ο
773 5574 1013 5651 Pallium
1043 5574 1511 5651 archiepiscopale,
1542 5595 1648 5649 quo
1674 5574 1819 5635 Ανηό
1858 5583 2025 5651 priori
2052 5599 2192 5638 anno

644 5640 919 5700 decoratus
950 5648 1063 5715 fuit,
1105 5656 1160 5702 ut
1187 5640 1327 5702 nunc
1353 5640 1417 5702 ἐς
1449 5640 1782 5717 hac'quoque
1806 5640 2029 5718 epistula
2069 5667 2195 5706 cou-

2297 4498 2503 4543 restros
2532 4488 2778 4542 homines
2803 4489 2870 4541 ad
2891 4503 2985 4541 vos
3008 4489 3330 4558 perveniret.
3354 4488 3477 4543 Ideo
3499 4490 3684 4558 paucis
3705 4488 3865 4543 modo

2296 4562 2635 4632 sermonibus
2676 4576 2862 4645 loquor
2906 4578 2958 4631 in
2990 4578 3089 4632 hac
3118 4578 3366 4645 praesenti
3404 4578 3667 4631 chartula.
3710 4578 3867 4632 Venit

2297 4668 2441 4721 enim
2485 4682 2573 4719 xw
2606 4665 2727 4717 Kal.
2758 4665 2925 4733 April.
2964 4665 3093 4717 mihi
3120 4664 3343 4731 epistola
3374 4674 3553 4718 vestra
3584 4680 3705 4719 cum
3747 4681 3867 4719 mu-

2298 4756 2538 4816 neribus,
2580 4761 2635 4806 et
2669 4767 2767 4820 ego
2810 4752 2991 4806 s:atim
3035 4754 3171 4806 hanc
3213 4754 3417 4822 scripsi,
3467 4754 3780 4809 desiderans
3813 4764 3869 4809 te

2296 4904 2419 4957 stat,
2461 4908 2589 4971 qua:
2630 4907 2768 4944 anno
2806 4891 3115 4971 799‘paulo
3164 4900 3289 4971 post
3314 4892 3547 4971 .iuitium
3592 4893 3713 4947 data
3760 4901 3865 4956 est,

2295 4960 2630 5034 nempe'aute
2660 4974 2896 5014 mensem
2930 4960 3196 5013 Martium.
3233 4962 3361 5015 Vide
3387 4962 3545 5026 epist.
3586 4974 3701 5027 seq.

2372 5034 2389 5071 τ
2434 5031 2746 5086 Solemnitas
2774 5028 3019 5081 Omnium
3049 5028 3381 5081 Sanctorum.
3428 5029 3574 5081 llane
3610 5029 3864 5082 solemni-

2295 5113 2460 5156 tatem
2495 5116 2559 5153 eo
2600 5100 2722 5158 die,
2778 5098 2881 5150 hoc
2913 5106 3027 5159 est,
3076 5098 3329 5150 Kalendis
3373 5096 3759 5152 Novembribus
3810 5098 3864 5151 in

2295 5172 2463 5226 Gallia
2485 5179 2539 5222 et
2562 5165 3028 5235 Germanialongc
3054 5175 3175 5235 post
3202 5166 3408 5218 obitum
3435 5164 3665 5232 Alcuini,
3714 5167 3863 5222 scili-

2295 5248 2379 5294 cet
2407 5252 2546 5291 amto
2592 5233 2716 5295 853,
2742 5232 2999 5287 celebrari
3039 5232 3266 5302 (Ea-pisse
3315 5235 3476 5288 tradit
3520 5235 3769 5301 Quercet.
3812 5236 3867 5290 in

2295 5307 2508 5363 Faciat.
2541 5303 2607 5356 ad
2635 5303 2848 5372 beatum
2879 5303 3158 5356 Alcuiuuut
3190 5318 3334 5355 num.
3368 5304 3453 5356 l7.
3482 5304 3611 5372 Qum
3636 5304 3868 5361 assortio

2296 5393 2359 5429 ex
2384 5378 2485 5429 hoc
2510 5374 2625 5426 loco
2655 5369 2959 5443 refellitur._
3073 5417 3076 5419 .

2370 5449 2394 5485 ε
2431 5444 2578 5496 lianc
2618 5438 2898 5509 cpi~tolam
2945 5440 3204 5509 hactenus
3261 5438 3514 5509 incditam
3568 5443 3759 5498 damus
3801 5453 3869 5509 ex

2297 5513 2450 5566 codd.
2503 5526 2629 5564 mss.
2653 5507 2874 5581 Satist):
2912 5515 2969 5562 ct
3009 5507 3066 5581 ξ.
3106 5507 3460 5581 [gmnteramh
3507 5527 3628 5581 qua:
3661 5508 3869 5581 ansulis

2296 5581 2497 5635 inclusa
2529 5585 2672 5649 sunt,
2714 5575 2905 5649 ir_1_solo
2941 5576 3057 5637 cod.
3114 5576 3310 5631 Salisb.
3343 5575 3628 5633 habentur.
3691 5577 3867 5649 (Apud

2296 5650 2525 5704 Froben.
2554 5647 2709 5716 epist.
2739 5644 2851 5714 7'7.)
