4238 6202
192 6066 281 6101 ἶκᾙ

441 309 540 369 :07
1083 362 1089 368 .
1582 308 1587 311 λ
1827 303 2198 362 l-Zl’lSTOl.;I-I.
3551 301 3651 350 293

442 404 664 459 multum
706 403 904 456 videre.
954 401 1099 462 .Iam,
1144 399 1253 452 Deo
1298 390 1546 453 volente.
1587 398 1761 450 inedia
1808 412 1989 451 mense
2015 395 2305 465 Ajungere
2330 394 2525 456 studui,
2564 392 2781 459 cupiens
2809 389 3035 459 spiritali
3064 389 3345 458 presentia
3375 404 3512 442 unus
3540 404 3657 441 esse

445 494 581 549 Maio
603 492 739 561 apud
768 507 942 561 regem
965 492 1139 561 cogito
1164 503 1302 554 esse,
1326 491 1449 558 quia
1478 502 1500 527 ι·
1537 489 1830 541 Laidradus
1855 489 1996 542 ﬁlius

443 592 625 638 uoster
644 582 905 635 adducere
930 580 1090 635 habet
1111 579 1339 632 Felicem
1361 578 1530 631 ilium.
1562 593 1681 629 cum
1709 593 1816 644 quo
1845 579 1996 630 nobis

444 669 706 724 sermonis
733 668 1001 722 contentio
1030 674 1135 721 est.
1177 666 1241 718 Et
1285 665 1484 718 utinam
1527 664 1778 717 Paulinus
1819 673 1999 718 noster

447 758 791 814 charissimus
826 755 984 810 Pater
1022 755 1219 810 veniat!
1271 754 1327 806 Si
1374 754 1467 807 tibi
1507 768 1666 806 causa
1704 763 1996 821 opportuna

448 847 571 910 ﬁat,
617 846 838 900 multum
864 845 1109 898 desidero
1137 850 1194 895 ut
1219 851 1271 895 te
1306 842 1598 896 habeamus
1626 841 1995 912 prmsentcm];

445 936 570 1005 quia
598 934 820 989 multum
853 942 1027 986 tecum
1070 933 1239 985 haleo
1267 929 1541 994 conferre,
1576 946 1692 997 qutc
1720 930 2001 998 per'char-

447 1034 573 1082 tam.
601 1032 817 1093 propter
838 1021 1197 1075 inﬁdelitatem
1226 1022 1569 1090 portantium,
1594 1019 1714 1072 nolo
1744 1021 1997 1073 indicare.

446 1112 525 1166 Tu
564 1128 691 1166 vero
728 1112 936 1164 cautior
962 1118 1077 1163 esto
1104 1110 1244 1163 inter
1268 1109 1478 1163 hostilia
1510 1124 1676 1161 arma.
1719 1109 1889 1162 Tuum
1921 1119 2003 1162 est

445 1184 754 1269 praédicare,
783 1214 886 1251 non
911 1212 1173 1267 pugnare;
1198 1199 1504 1265 paciticarc,
1532 1213 1637 1251 non
1663 1197 1998 1261 discordare;

450 1303 699 1343 revocare
723 1289 787 1340 ad
816 1288 997 1350 vitam,
1022 1302 1123 1339 non
1154 1287 1205 1339 in
1229 1295 1452 1340 mortem
1486 1286 1717 1349 mittere,
1747 1288 1885 1341 sicut
1916 1296 2002 1339 tua

448 1379 647 1445 optime
671 1378 815 1429 novit
838 1376 1111 1429 sanctitas.

522 1464 679 1536 ιιῆ,
708 1464 1065 1535 [llildegarius
1105 1464 1235 1517 duos
1275 1464 1438 1517 libros
1472 1465 1640 1518 sancti
1682 1464 1892 1519 Martini
1921 1480 2005 1519 se-

449 1571 571 1609 cum
596 1555 847 1623 portavit,
890 1555 1026 1607 sicut
1067 1554 1093 1592 b
1136 1554 1187 1605 in
1213 1554 1313 1606 alia
1340 1555 1561 1621 epistola
1591 1555 1680 1607 tibi
1712 1554 2003 1623 designavi.

450 1643 602 1712 Rogo
628 1651 687 1696 ut
713 1641 876 1695 facias
905 1642 1118 1705 venire;
1163 1643 1267 1695 hoc
1292 1651 1407 1706 est,
1451 1644 1617 1696 srmcti
1645 1644 1900 1696 Ambrosii
1930 1643 2007 1696 De

451 1734 594 1803 ﬁde,
639 1743 685 1787 et
730 1733 996 1784 Tractutus
1055 1734 1107 1786 in
1148 1731 1263 1786 Joel
1316 1741 1364 1784 et
1400 1735 1553 1786 Amos
1605 1734 1895 1803 prophetas.
1944 1733 2009 1786 Et
2037 1721 2085 1782 Β

453 1836 475 1863 ε
508 1823 714 1892 Magum
748 1837 922 1875 meum
962 1823 1153 1884 saluta,
1185 1830 1239 1875 et
1281 1820 1366 1877 fac
1392 1822 1467 1876 illi
1508 1822 1672 1886 bene,
1716 1825 1886 1878 bonus
1928 1835 2011 1880 est

451 1913 591 1965 enim
623 1910 819 1971 frater;
844 1918 897 1963 et
919 1911 1167 1963 omnibus
1191 1909 1314 1964 ﬁliis
1338 1920 1534 1966 saneta:
1557 1911 1805 1968 Ecclesitc
1828 1914 1852 1951 ά
1880 1914 2007 1968 Rat-

452 2002 661 2053 berlum
691 1997 854 2051 facias
880 1999 1047 2061 bene,
1074 2007 1128 2052 et
1154 1999 1322 2053 saluta
1349 2014 1536 2055 omnes
1572 2001 1626 2055 in
1669 2004 1884 2058 nomine
1920 2003 2008 2056 Al-

452 2091 596 2153 bini,
645 2099 698 2143 et
742 2098 963 2142 caeteros
992 2089 1398 2144 consacerdotes
1438 2098 1574 2153 tuos,
1613 2099 1669 2145 et
1710 2101 1860 2146 orate
1913 2109 2009 2162 pro

454 2180 647 2251 nobis].
690 2180 754 2232 Et
798 2179 1052 2231 Dominus
1085 2178 1226 2240 Deus
1275 2179 1468 2249 dirigat
1504 2183 1663 2236 corda
1708 2193 1888 2238 nostra
1923 2183 2009 2252 (11

458 2269 685 2321 Tltcssal.
725 2285 802 2328 ιιι,
836 2268 889 2336 5)
930 2278 983 2319 et
1018 2283 1205 2321 sensus
1256 2278 1467 2324 nostros
1495 2269 1559 2323 ad
1588 2272 1815 2326 salutem
1846 2274 1997 2342 pluri-

458 2370 687 2419 morum,
720 2367 772 2408 ut
804 2355 1044 2423 proﬁciat
1066 2366 1121 2408 et
1144 2355 1403 2410 clarescat
1425 2358 1642 2410 verbum
1666 2357 1760 2413 Dei
1789 2360 1841 2413 in
1868 2361 2009 2414 auri-

456 2446 556 2499 bus
586 2444 888 2504 nmltorum,
918 2452 969 2497 et
1004 2444 1057 2496 in
1088 2445 1246 2499 corde
1289 2447 1609 2500 recondatur
1653 2448 1783 2502 ﬁdes
1826 2449 2010 2503 catho-

457 2537 577 2592 lica.
618 2536 757 2590 Deus
794 2536 886 2589 Dei
917 2534 1083 2589 Filius
1100 2535 1257 2591 Jesus
1281 2535 1525 2593 Christus
1551 2538 1804 2594 Dominus
1829 2550 2010 2595 noster

459 2635 509 2679 te
534 2634 756 2695 tuosque
797 2624 975 2679 ﬁdeles
1007 2625 1291 2689 custodiat,
1320 2635 1374 2679 et
1396 2626 1585 2682 ﬂorere
1606 2628 1767 2682 faciat
1793 2630 1845 2682 in
1879 2630 2008 2683 cha-

459 2715 633 2768 ritatis
654 2715 858 2780 cilicio,
899 2724 953 2769 et
983 2713 1105 2770 ﬁdei
1137 2716 1364 2775 veritate
1403 2731 1613 2786 semper
1637 2719 1689 2771 in
1727 2726 2006 2782 internum.

459 2803 800 2859 dilectissime
829 2805 920 2857 ﬁli.
1282 2830 1287 2833 »
1745 2818 1749 2822 η

929 2906 953 2933 ο
991 2894 1319 2948 EPISTOLA
1356 2894 1530 2948 XCIII.

735 3002 799 3039 AD
836 3001 1073 3040 FIHTRES
1105 3000 1412 3039 JUVAVENSIS
1446 3000 1724 3039 εςςιεειι.

1058 3072 1231 3141 (Anno
1262 3071 1406 3142 799.)

463 3159 662 3214 laudat
704 3160 911 3230 illorum
959 3160 1243 3230 regularem
1291 3164 1722 3216 conversationem
1744 3180 1763 3227 ;
1808 3174 1856 3216 et
1891 3163 2010 3217 hor-

613 3239 754 3283 tatur
778 3229 845 3283 ad
872 3230 995 3283 bene
1017 3229 1253 3283 obeunda
1278 3231 1440 3318 ofﬁcia
1464 3232 1850 3286 monachorum.

532 3337 891 3394 Sanctissimis
921 3340 973 3392 in
997 3339 1210 3394 Christo
1234 3340 1487 3396 fratribus
1510 3340 1822 3397 Juvavensis
1845 3344 2012 3398 eccle-

364 3420 370 3426 ’
462 3427 574 3489 sic,
614 3427 827 3480 humilis
873 3426 1031 3477 levita
1072 3425 1289 3493 Albinus
1327 3427 1378 3479 in
1421 3428 1617 3482 Christi
1645 3428 1903 3483 charitate
1931 3446 2015 3484 sa-

465 3516 645 3570 luteus.

531 3604 763 3658 Audiens
785 3603 1098 3658 laudabilem
1129 3604 1183 3657 in
1204 3604 1414 3659 Christo
1436 3604 1800 3660 unanimitatis
1824 3614 2013 3660 vesti-rc

464 3696 936 3758 conversationem,
968 3695 1135 3748 multa
1160 3694 1368 3749 animus
1406 3710 1554 3750 meus
1579 3697 1761 3773 laetitia
1800 3699 2015 3767 gavisus

430 3788 437 3791 “
464 3788 565 3842 est,
597 3780 866 3849 multoque
891 3782 1175 3837 anhelabat
1204 3784 1467 3839 desiderio
1502 3787 1908 3856 praesentialiter
1931 3803 2017 3840 or-

465 3869 639 3923 dinem
665 3868 844 3923 videre
872 3878 1125 3933 vestrum,
1154 3878 1209 3924 et
1234 3872 1495 3939 meipsum
1524 3874 1710 3927 humili
1737 3874 2018 3929 devotione

464 3955 657 4008 vestris
681 3955 1031 4017 sacrosanctis
1045 3956 1413 4010 commendare
1423 3958 1883 4012 ozationibusﬁed
1896 3961 2017 4027 quia

466 4045 567 4100 hoc
597 4045 869 4114 hucusque
890 4045 1159 4115 prohibuit
1184 4045 1449 4098 variarum
1485 4054 1703 4099 eventus
1743 4061 1938 4112 rerum,
1966 4056 2020 4102 et

466 4131 669 4199 prolixa
703 4140 965 4186 terrarum
1006 4132 1362 4201 longinquitas
1407 4131 1538 4202 [non
1570 4134 1696 4189 sinit
1734 4135 2022 4204 corporali-

469 4226 550 4270 ter
592 4217 687 4281 ire,
720 4219 810 4272 ubi
856 4234 1005 4274 mens
1032 4234 1241 4273 summo
1284 4220 1566 4275 desiderio
1588 4236 1800 4292 semper
1840 4224 2024 4278 adesse

2033 3040 2080 3102 Ο

2096 503 2161 540 ex
2186 488 2355 549 vobis,
2381 495 2433 539 et
2464 502 2625 538 unum
2654 500 2771 537 esse
2801 484 3092 545 vobiscum,
3119 491 3176 535 ut
3204 492 3380 536 vestra
3408 496 3493 536 me
3531 497 3655 535 san—

2096 580 2254 632 ctitas
2289 595 2317 630 a
2354 578 2577 631 terrenis
2618 576 2818 627 levaret
2852 573 3250 643 cupiditatibus.
3286 579 3340 626 et
3363 572 3416 625 in
3456 571 3657 626 cmlesti

2098 668 2368 721 vobiscum
2399 666 2681 718 collocaret
2718 663 3001 717 desiderio.

2167 755 2211 809 Ο
2238 770 2397 823 quam
2428 753 2548 806 felix
2583 763 2663 805 est
2693 752 2799 803 vita
2829 751 3239 803 monachorum!
3285 750 3393 804 Deo
3429 749 3662 817 placatu-

2100 845 2187 908 lis,
2217 844 2416 911 angelis
2451 843 2712 901 amabilis,
2740 842 3041 893 hominibus
3072 840 3414 893 honorabilis.
3446 838 3542 904 Qui
3574 838 3661 891 hic

2103 933 2252 1003 [(Iod.
2283 932 2420 991 Snl..
2453 931 2610 999 hanc]
2643 930 2869 983 fideliter
2899 930 3028 982 vivit
3058 931 3198 981 inter
3225 930 3487 990 homines,
3518 929 3657 982 haud

2100 1024 2318 1077 dubium
2364 1021 2592 1073 feliciter
2630 1027 2815 1088 regnat
2845 1019 2982 1071 inter
3011 1018 3243 1087 angelos.
3299 1018 3441 1071 llanc
3472 1019 3659 1086 primi-

2104 1111 2207 1163 tiva
2230 1126 2324 1177 per
2346 1108 2612 1177 apostolos
2641 1108 2690 1158 in
2720 1106 2898 1159 Judara
2926 1105 3153 1157 initiavit
3186 1105 3440 1165 Ecclesia,
3473 1105 3664 1173 quibus

2101 1199 2280 1253 omnia
2327 1197 2627 1251 communia
2654 1187 2835 1248 luisse
2878 1195 3153 1261 leguntur,
3185 1204 3239 1247 et
3278 1210 3435 1247 nemo
3461 1194 3660 1261 aliquid

2102 1304 2256 1342 suum
2292 1302 2411 1339 esse
2449 1287 2659 1339 dicebat
2702 1285 2837 1353 (Art.
2873 1300 2943 1345 Iv,
2973 1283 3082 1350 52).
3125 1282 3233 1335 lloc
3267 1300 3369 1336 non
3409 1284 3577 1337 solum
3611 1284 3663 1336 in

2102 1378 2341 1433 seculari
2388 1376 2684 1430 substantia
2733 1375 3050 1428 servandum
3110 1389 3229 1428 csse
3272 1374 3524 1434 arbitror,
3573 1374 3665 1427 sed

2103 1468 2262 1521 etiam
2292 1466 2345 1519 in
2373 1465 2653 1522 desideriis
2681 1462 3028 1532 spiritalibus,
3054 1472 3114 1516 ut
3140 1478 3326 1516 omnes
3351 1479 3515 1516 llllllm
3542 1478 3667 1517 con-

2104 1556 2399 1625 cupiscant,
2428 1553 2827 1609 etobedientia:
2869 1552 3065 1604 bonum
3098 1553 3265 1619 magis
3309 1562 3667 1620 exsequantur

2106 1662 2264 1715 quam
2292 1646 2519 1716 propriae
2539 1645 2823 1697 voluntatis
2851 1644 3116 1697 affectum.
3160 1644 3215 1697 Si
3244 1644 3492 1699 Christus
3516 1660 3669 1699 suam

2109 1752 2213 1791 non
2245 1738 2390 1791 venit
2417 1735 2592 1790 facere
2616 1735 2966 1797 voluntatem,
2999 1735 3139 1788 sicut
3163 1736 3275 1803 ipse
3299 1736 3351 1788 in
3382 1734 3667 1803 Evangelia

2109 1834 2352 1889 testatur,
2382 1826 2475 1880 sed
2519 1824 2695 1879 Patris
2721 1826 2903 1892 (Joan.
2948 1840 3002 1887 v,
3033 1825 3102 1877 30
3129 1834 3183 1877 et
3220 1842 3295 1885 vi,
3323 1826 3433 1895 38).
3469 1836 3630 1893 quant
3652 1843 3671 1877 ν

2107 1917 2276 1986 magis
2308 1916 2595 1969 monachus
2623 1930 2773 1968 suam
2802 1929 2906 1967 non
2928 1913 3086 1967 debet
3114 1913 3290 1967 facere
3315 1915 3663 1975 voluntatem,

2108 2006 2199 2060 sed
2222 2004 2460 2059 Christi?
2488 2002 2596 2057 Nec
2621 2002 2800 2072 segnis
2822 2003 2876 2055 in
2914 2016 3074 2070 Opere
3099 2003 3212 2063 Dei,
3243 2004 3335 2057 sed
3364 2003 3663 2063 studiosus;

2108 2108 2206 2147 nec
2252 2100 2457 2146 tantum
2523 2090 2863 2144 considerare
2908 2090 3035 2158 quid
3069 2088 3321 2155 iubeatur
3348 2132 3361 2153 ,
3408 2089 3498 2145 sed
3537 2080 3669 2158 quo—

2107 2182 2264 2237 modo
2287 2180 2593 2249 perﬁciatur
2621 2179 2763 2248 quod
2773 2178 3007 2247 jebetnr.
3037 2192 3103 2231 ue
3129 2177 3394 2232 ullatenus
3424 2194 3664 2232 murmu-

2109 2272 2330 2327 rationis
2352 2269 2548 2325 malum
2576 2276 2785 2323 crescat
2806 2268 2856 2320 in
2881 2266 3166 2337 aliquibus.
3201 2265 3259 2320 Si
3294 2265 3456 2335 aliqui
3482 2281 3546 2320 ex
3574 2281 3669 2335 po-

2107 2360 2231 2430 pulo
2258 2359 2352 2414 Dei
2389 2359 2442 2412 in
2472 2371 2657 2412 eremo
2680 2362 2899 2425 propter
2932 2354 3371 2409 murmurationis
3397 2356 3670 2423 perierunt

2106 2455 2401 2518 peccatum,
2423 2452 2624 2515 quanto
2649 2442 2816 2515 magis
2847 2441 3144 2500 manubiis
3179 2441 3487 2497 monasterii
3517 2440 3671 2511 spiri-

2106 2535 2198 2588 tali
2218 2533 2481 2603 plectatur
2510 2530 2772 2593 vindicta,
2816 2529 2861 2581 si
2889 2527 3335 2599 murmurationis
3354 2526 3493 2581 malo
3516 2541 3668 2580 men—
3731 2587 3734 2590 ,

2109 2632 2214 2677 tem
2240 2622 2560 2678 insolescere
2579 2635 2684 2674 non
2712 2618 2954 2685 metuit!

2182 2708 2335 2780 [15
2363 2709 2695 2778 Quapropter
2720 2722 2842 2760 cum
2867 2705 3159 2775 gratiarum
3183 2705 3393 2759 actione
3427 2697 3669 2773 accipiat

2108 2799 2247 2868 quod
2281 2798 2331 2851 ei
2372 2797 2603 2867 pastoris
2623 2794 2779 2866 [ϐοά.
2814 2794 2953 2856 Sal.,
2991 2792 3302 2863 pastoralis]
3335 2808 3459 2847 cura
3492 2793 3671 2861 provi-

2107 2890 2245 2944 derit
2263 2886 2519 2942 sullieere.
2560 2886 2643 2939 Sit
2665 2884 2808 2939 enim
2836 2891 3034 2938 sanctae
3050 2885 3200 2953 pacis
3219 2885 3504 2939 concordia
3532 2884 3671 2937 inter

2109 2988 2349 3042 cunctos,
2379 2979 2499 3032 vita:
2525 2977 2744 3030 castitas
2766 2976 2817 3028 in
2842 2974 3291 3036 adolescentibus,
3316 2988 3521 3028 morum
3546 2987 3670 3044 gra~

2110 3071 2247 3124 vitas
2262 3071 2313 3122 in
2330 3069 2561 3129 senibus,
2593 3064 2768 3118 fervor
2787 3063 2966 3134 operis
2993 3064 3044 3116 in
3067 3060 3380 3130 juvenibus:
3407 3077 3505 3115 nec
3530 3058 3674 3130 quis-

2110 3174 2268 3229 quam
2308 3172 2365 3212 se
2394 3156 2665 3210 canonicis
2713 3154 2860 3209 horis
2890 3153 2972 3207 vel
3000 3152 3333 3220 regularibus
3365 3152 3673 3221 psalmodiis
3772 3178 3787 3186 ον

2112 3248 2407 3303 subtrahat.
2457 3244 2642 3298 Melius
2666 3252 2748 3297 est
2771 3258 2889 3296 cum
2915 3241 3223 3312 angelorum
3272 3241 3502 3295 cmtibus
3521 3240 3671 3295 Chri-

2111 3349 2252 3395 stum
2289 3338 2524 3399 laudare,
2571 3351 2729 3404 quam
2774 3342 3069 3402 torpentem
3117 3332 3339 3398 segnitia
3377 3345 3564 3385 somno
3583 3331 3672 3386 de-

2114 3427 2320 3491 lectari,
2356 3426 2437 3479 vel
2489 3424 2753 3494 vigilando
2786 3420 2965 3477 inania
3009 3435 3230 3489 exsequi
3256 3421 3543 3474 desideria.
3596 3419 3672 3484 \Et

2111 3532 2217 3570 non
2262 3514 2432 3567 solum
2461 3513 2621 3565 verba
2673 3520 2870 3563 sanctae
2922 3508 3169 3563 lectionis
3200 3516 3450 3562 resonent
3484 3507 3535 3559 in
3557 3522 3670 3567 ore.

2113 3602 2205 3655 sed
2221 3602 2405 3656 intima
2421 3597 2595 3653 cordis
2616 3596 2952 3666 compunctio
2989 3609 3241 3663 sequatur
3271 3595 3427 3648 verba
3452 3595 3673 3662 legentis

2113 3689 2193 3744 vel
2214 3688 2509 3771 cantantis:
2542 3695 2593 3740 et
2621 3685 2923 3738 nullatenus
2948 3684 3094 3738 horis
3128 3683 3553 3753 competentibus
3588 3698 3669 3736 sa-

2114 3797 2218 3837 eue
2232 3780 2519 3849 Scriptum:
2538 3778 2694 3832 lectio
2711 3778 2918 3831 recedat
2933 3776 2995 3830 de
3009 3776 3271 3839 manibus,
3302 3777 3426 3845 quia
3450 3775 3673 3831 diversa:

2117 3887 2256 3926 nunc
2291 3871 2538 3931 hmreses,
2580 3868 2717 3921 sicut
2742 3866 2980 3926 audistis,
3028 3854 3303 3920 catholica:
3329 3866 3448 3920 ﬁdei
3474 3866 3670 3935 purita-

2117 3968 2223 4013 tem
2255 3957 2520 4012 maculare
2544 3957 2801 4010 nituntur.

2186 4048 2515 4116 Quapropter
2540 4055 2741 4098 armate
2770 4045 3118 4114 vosmetipsos
3160 4046 3379 4099 scicntia
3409 4046 3669 4107 veritatis.

2119 4133 2397 4189 sententiis
2438 4133 3116 4201 cvangelicmauctoritatis,
3146 4142 3203 4186 ut
3233 4134 3481 4189 resistere
3503 4134 3681 4188 valea-

2123 4226 2191 4279 tis
2211 4222 2692 4280 contradicentibus
2713 4222 2945 4275 veritati.
3010 4222 3284 4288 Quomodo
3305 4232 3503 4294 pugnat
3530 4223 3669 4278 iner-

467 4306 875 4412 p‘rfsentialiter
896 4306 1524 4412 cupit],meaeparvitatis
1552 4311 1810 4366 litterulas
1838 4312 1892 4367 in
1918 4314 2018 4367 hoc
2048 4353 2094 4412 υ
2123 4316 2256 4371 mis?
2279 4314 2359 4366 vel
2388 4312 2650 4382 quomodo
2676 4313 2866 4367 docere
2892 4322 3086 4381 potest,
3124 4315 3215 4382 qui
3238 4314 3441 4393 discere
3471 4314 3673 4370 noluit?

398 4460 401 4461 ν
468 4392 698 4448 cilicium
725 4394 951 4465 dirigere
993 4395 1195 4457 curavi,
1242 4404 1301 4449 ut
1345 4397 1666 4453 desiderium
1695 4402 1871 4455 cordis
1914 4403 2015 4459 mei

472 4483 525 4537 in
574 4484 813 4554 apicibus
858 4484 1222 4555 cognoscatis,
1274 4486 1414 4553 quod
1466 4494 1516 4539 et
1562 4487 1689 4541 olim
1735 4482 1843 4556 pio
1872 4488 2018 4543 Patri

475 4570 674 4642 Aquilae
716 4572 973 4642 pontiﬁci,
1008 4571 1026 4610 τ
1062 4586 1311 4642 germano
1344 4588 1462 4628 meo
1504 4575 1910 4644 pastori'vestro
1934 4579 2017 4632 in-

542 4717 567 4745 ι
606 4704 919 4758 Laidradus.
952 4743 965 4755 .
995 4743 1009 4756 .
1034 4741 1049 4757 .
1087 4703 1331 4759 Felicem.
1382 4706 1506 4760 Inde
1535 4723 1730 4762 annum
1768 4708 2020 4764 discimus

475 4773 683 4843 scripta
708 4771 959 4843 epistola:3
981 4774 1321 4843 Διιιειζιιιιιιῇιθι),
1346 4788 1452 4841 quo
1476 4774 1766 4831 Laidradus
1788 4776 2017 4832 Felicem

475 4839 1644 4963 Aexarassesacrasse

704 4907 809 4962 alia
833 4907 1066 4977 epistola.
1090 4907 1285 4977 Nempe
1311 4909 1610 4965 immediate
1639 4914 1996 4973 antecedente.

549 4988 572 5049 ξ
612 4976 824 5046 legum
852 4992 1040 5030 meum.
1072 4976 1435 5032 Adalbertum.
1478 4980 1595 5035 για.
1626 4989 1737 5034 not.
1772 4992 1793 5019 ε
1826 4981 2019 5049 prioris

546 5081 1321 5199 ἷῖαξέσῐιωξειψετειξειι
1341 5114 1449 5199 ea:
1471 5114 1662 5199 dabis.
1693 5131 1783 5171 εευ
1810 5117 2017 5199 “uer-

477 5189 594 5253 sum
639 5197 654 5233 :
690 5186 746 5235 et
783 5187 1137 5253 ex_eontsxnt
1170 5181 1457 5253 legendum
1477 5183 1756 5253 ﬁdum-2
1787 5181 2019 5241 omnbus

478 5249 603 5320 μία.
1112 5245 1437 5321 utan
1466 5249 1772 5321 Reperiam,
1803 5255 1905 5310 hoc
1938 5262 2022 5308 est

481 5313 1253 5399 διοηδέξὲῒίίλωδδεπέυείιν
1272 5318 1447 5399 Ιπὲιέι
1466 5313 1611 5399 ἐσθίει

554 5398 577 5426 ο
614 5381 1026 5456 Εᾱῇμηριιυᾳθι.
1047 5381 1142 5456 78;,
1158 5381 1335 5456 Canis.
1360 5386 1447 5450 20,
1466 5385 1694 5456 Froben.
1716 5388 1802 5443 78.
1819 5390 2019 5446 Collata

481 5467 601 5533 enm
952 5450 1081 5533 mss.
1097 5450 1461 5533 Salishurg._e_t
1474 5454 1532 5509 S.
1553 5455 1893 5533 Emmerami.
1918 5460 2023 5533 ys:

482 5522 731 5577 bibacius
744 5520 837 5576 lib.
858 5528 983 5574 sm
995 5520 1185 5575 Annal.
1213 5520 1363 5577 num:
1384 5523 1472 5587 58,
1486 5539 1602 5580 eam
1620 5524 1687 5580 ad
1711 5540 1905 5581 annum
1920 5528 2022 5583 796

492 5598 740 5645 'ecenset.
806 5588 1086 5643 llansizins
1119 5598 1249 5643 tom.
1278 5589 1321 5640 ll
1364 5591 1542 5646 Germ.
1572 5594 1722 5647 Sacr.
1748 5609 1865 5662 pag.
1899 5596 2019 5660 103,

874 5680 1139 5738 PATROL.
1186 5679 1253 5738 C.

2121 4403 2398 4475 Spiritales
2423 4411 2545 4456 sunt
2565 4403 2783 4465 divitiae,
2815 4404 3071 4471 sapientia
3114 4405 3166 4457 in
3212 4390 3392 4467 corde,
3423 4412 3483 4459 ut
3519 4404 3664 4458 Salo-

2116 4510 2240 4550 mon
2266 4494 2370 4549 ait:
2407 4493 2696 4547 Thesaurus
2717 4492 3067 4547 desiderabilis
3090 4494 3349 4560 requiescit
3366 4496 3417 4547 in
3439 4510 3525 4547 ore
3546 4512 3669 4563 pru-

2116 4584 2283 4638 dentis
2308 4580 2487 4653 (Prov.
2515 4597 2623 4644 ut,
2649 4579 2755 4649 20).

2118 4716 2585 4788 anno_79__1.datam
2607 4714 2911 4788 arbitratur,
2943 4715 3153 4788 quando
3180 4716 3427 4768 nimirum
3451 4714 3664 4788 Eligam

2118 4788 2235 4847 dus,
2266 4782 2439 4839 Felice
2464 4793 2582 4853 post
2604 4783 3309 4853 synodumjtatisbonensem
3331 4783 3463 4853 anui
3488 4782 3589 4853 79}
3603 4783 3670 4838 ad

2118 4854 2363 4928 haeresim
2388 4847 2807 4928 revocato'extra
2837 4849 3140 4928 llispaniam
3167 4848 3220 4928 i_n
3248 4848 3448 4928 Gallias
3472 4847 3670 4904 etGer-

2118 4920 2349 4973 maniam
2403 4921 2549 4988 virus
2591 4917 2959 4971 transfundere
3011 4918 3240 4988 studuit;
3296 4918 3452 4988 116
3479 4926 3665 4988 contra

2117 4988 2255 5057 quod
2286 4988 2475 5057 fratres
2506 4984 3163 5057 Juvavensesgsanctarumr
3186 4984 3480 5057 litteFaru'm
3496 4987 3672 5043 studio

2117 5054 2174 5110 se
2198 5063 2408 5125 arment
2433 5055 2695 5109 hortatur.
2764 5054 3098 5125 Mihitamen
3120 5055 3329 5125 videtur
3354 5064 3668 5125 patentem

2118 5123 2393 5196 epistolam
2414 5138 2531 5178 eam
2560 5120 2949 5203 essg‘cujusjn
2977 5122 3215 5203 sequenti
3245 5120 3465 5203 epistola
3481 5122 3553 5203 ad
3570 5122 3671 5178 Ar-

2118 5190 3669 5340 ἒὲῗιξιιῖἓίᾱὲῗιξιωξιῗὲιῧέἓυῗιξέιρυυωῗὲἀεωᾳῗιῗὲιἓιὶἒξὲῇιὲξ

2118 5327 2309 5403 Felicis
2336 5327 2533 5403 agitata
2557 5325 2673 5387 fuit.
2698 5325 2983 5403 pertinere.
3069 5392 3103 5403 _
3180 5394 3188 5403 _

2194 5395 2231 5459 ί,
2254 5392 2452 5467 Aquila
2470 5392 2717 5467 germano"
2733 5412 2861 5467 me.
2913 5394 3043 5467 Qu;
3057 5392 3307 5467 ⁸ῧᾳιιίδὶιιδ
3321 5392 3405 5467 ad
3420 5394 3563 5467 hunc
3588 5393 3666 5448 Io-

2120 5476 2239 5518 cum
2266 5460 2535 5516 adnotavit
2552 5478 2581 5543 ;⁹
2599 5470 2742 5542 etan
2768 5462 3071 5583 lndecolligi
3099 5460 3287 5535 debeat
3306 5460 3550 5542 aquilae
3576 5473 3667 5514 seu

2120 5532 2388 5585 Amonem
2438 5529 2891 5585 archiepiscon
2920 5528 3138 5585 .Satsb.
3180 5529 3390 5584 Alcutm
3447 5526 3665 5580 fratrem

2123 5546 2388 5585 amonem
2438 5546 2891 5603 arcnteptscopum
2920 5546 3138 5585 causa.
3180 5546 3390 5584 meum
3447 5546 3529 5593 ira

2123 5612 2429 5667 germanum
2461 5596 2618 5651 fuisse
2645 5598 2696 5650 in
2719 5598 3023 5664 pnefatione
3052 5596 3398 5653 discussimus

3208 5687 3278 5743 10
