4238 6192
343 329 449 386 5·υὸ

1774 326 2145 382 ΕΡΙΒΪΟΙΑ..

3459 324 3562 376 306

416 443 572 516 ιω
595 443 668 497 De
692 442 780 496 illo
800 442 992 497 itinere
1023 459 1148 498 vero
1174 443 1333 514 longo
1358 453 1413 498 et
1446 444 1711 497 laborioso
1738 453 1763 479 ι
1791 443 1898 497 Ro-
1922 447 1971 500 Α
2069 459 2205 516 mir:
2255 443 2492 516 hortatur
2532 443 2598 516 ad
2658 459 2784 516 opus
2819 442 3200 516 prwdicatioais
3235 451 3280 492 et
3318 439 3563 516 exercitia

341 546 483 585 mam
507 530 688 597 eundi,
719 531 1022 586 nullatenus
1064 532 1333 586 infirmum
1358 542 1412 586 et
1440 531 1764 610 quotidianis
1797 530 1904 584 fra-

340 629 483 675 ctum
519 620 792 676 doloribus
837 624 1210 691 corpusculum
1256 639 1388 678 mea:
1417 623 1720 694 fragilitatis
1748 621 1904 692 perfi-

341 723 463 763 cere
491 724 649 779 posse
689 711 939 764 arbitror.
984 713 1319 767 Desiderium
1346 715 1459 782 jam
1502 714 1830 777 habuissem,
1859 712 1908 766 si

340 805 574 866 potestas
616 806 758 852 esset
799 800 1102 870 peragendi.
1145 800 1267 855 Ideo
1308 803 1530 856 obsecro
1555 801 1906 856 clementissi-

341 877 481 939 mam
508 888 844 954 paternitatis
869 899 1059 943 vestra:
1100 890 1542 956 benevolentiam,
1582 900 1642 944 ut
1671 891 1905 944 dimitta-

340 971 407 1026 tis
449 988 536 1028 me
581 974 810 1029 fideliter
852 984 907 1030 et
955 977 1217 1032 instanter
1258 979 1607 1043 orationibus,
1647 993 1768 1033 cum
1796 978 1905 1032 Deo

337 1055 696 1121 servientibus
725 1067 864 1134 apud
911 1076 1155 1121 sanctum
1194 1069 1772 1132 Martinum,.vestrum
1804 1069 1907 1125 iter

335 1155 607 1224 adjuvare.
647 1159 714 1213 Et
739 1159 944 1212 utinam
976 1169 1035 1213 ut
1059 1161 1376 1230 quandoque
1407 1161 1584 1214 divina
1613 1161 1785 1231 gratia
1813 1175 1906 1214 vo-

335 1247 418 1300 bis
461 1249 720 1302 concedat
753 1249 1054 1304 libertatem
1081 1267 1108 1304 a
1139 1252 1334 1321 populo
1363 1251 1592 1307 nefando
1633 1251 1904 1306 Saxonum

335 1339 438 1393 iter
464 1353 642 1410 agere,
686 1355 847 1411 regna
894 1345 1213 1410 gubernare,
1241 1342 1479 1408 justitias
1509 1341 1702 1406 facere,
1733 1342 1905 1397 eccle-

334 1429 444 1483 sias
490 1443 768 1496 renovare,
810 1432 1065 1500 populum
1094 1433 1383 1502 corrigere,
1415 1432 1636 1502 singulis
1661 1431 1904 1500 personis

333 1533 396 1572 ac
420 1518 769 1588 dignitatibus
785 1517 932 1586 justa
959 1520 1268 1584 decernere,
1289 1537 1573 1590 oppressos
1598 1521 1900 1584 defendere,

333 1610 475 1679 leges
504 1619 762 1674 statuere,
788 1611 1095 1680 peregrinos
1123 1612 1408 1675 consolari,
1437 1621 1492 1668 et
1511 1613 1760 1666 omnibus
1788 1611 1904 1666 ubi-

331 1711 436 1765 que
457 1697 863 1769 atatis[Forte,
901 1699 1164 1772 veritatis]
1209 1709 1263 1753 et
1311 1701 1547 1755 cmlestis
1593 1703 1715 1755 vitae
1762 1703 1900 1755 viam

2074 512 2333 564 virtutum.
2373 508 2449 563 0b
2471 507 2944 579 pallium—adeptum
2969 508 3280 578 gratulatur,
3309 507 3562 560 hortando

2074 579 2142 631 ad
2165 577 2504 632 ministerium
2528 579 2650 632 bene
2678 577 3002 648 explendum.

2073 709 2428 766 Dilectissimo
2471 709 2753 765 cbaritatis
2788 709 2898 772 filio
2930 719 2984 764 et
3020 708 3335 764 venerandae
3369 707 3559 766 sancti-

2004 799 2130 852 tatis
2153 798 2320 863 Patri,
2345 799 2569 854 devotus
2597 799 2651 852 in
2682 797 2784 852 ﬁde
2805 799 3011 859 amicus
3029 798 3276 853 salutem.

2075 885 2237 939 Multa
2266 886 2570 941 habuissem
2601 895 2777 941 tecum
2799 885 2951 940 valde
2975 887 3276 940 necessaria
3300 885 3566 950 conferre,

2004 975 2048 1028 si
2078 985 2287 1042 tempus
2315 983 2369 1028 et
2396 975 2544 1029 locus
2561 1015 2575 1037 ,
2614 982 2668 1028 et
2696 973 2848 1029 faciei
2891 983 3078 1029 vestra:
3105 976 3389 1045 praesentia
3417 973 3569 1028 ades-

2005 1073 2115 1128 set;
2153 1063 2264 1117 sive
2289 1063 2355 1116 de
2382 1063 2614 1134 generali
2646 1063 2948 1118 sanctitatis
2974 1063 3224 1118 Ecclesia:
3253 1070 3393 1117 statu
3411 1102 3426 1125 ,
3457 1061 3568 1125 sive

2003 1151 2068 1205 de
2095 1151 2310 1220 speciali
2341 1167 2517 1206 rerum
2544 1153 2612 1206 ad
2640 1166 2738 1205 nos
2770 1151 3145 1221 pertinentium
3181 1147 3563 1206 viCisSitudine.

2006 1239 2110 1295 Sed
2137 1241 2238 1296 hoc
2261 1241 2383 1306 erit,
2417 1242 2542 1296 dum
2569 1241 2701 1306 vult,
2733 1241 2822 1309 qui
2843 1240 3021 1294 omnia
3044 1238 3277 1310 disponit
3299 1254 3418 1317 qua:
3445 1245 3570 1292 sunt

2005 1328 2058 1381 in
2087 1329 2222 1384 coelo
2247 1338 2300 1383 et
2338 1331 2389 1383 in
2422 1338 2593 1394 terra;
2644 1331 2732 1398 qui
2757 1329 3072 1399 quandoque
3113 1331 3370 1384 concedat
3416 1329 3571 1384 nobis

2004 1428 2187 1474 mutua
2233 1422 2511 1474 charitatis
2551 1421 2708 1474 verba
2751 1421 2890 1474 inter
2918 1437 3015 1476 nos
3051 1422 3266 1485 habere,
3313 1429 3367 1474 et
3393 1422 3572 1476 cordis

2002 1515 2164 1562 aestus
2188 1509 2366 1562 verbis
2386 1508 2626 1576 pacificis
2647 1516 2943 1577 patescere.
2984 1507 3088 1562 Sed
3108 1551 3122 1573 ,
3151 1517 3204 1562 tu
3235 1509 3566 1573 charissimc,

2003 1605 2056 1652 et
2074 1597 2312 1652 omnium
2336 1598 2672 1652 sacerdotum
2714 1595 2911 1650 Christi
2947 1599 3094 1651 cordi
3136 1607 3320 1653 nostro
3347 1597 3572 1666 junctis-

2002 1686 2169 1741 sime!
2201 1687 2426 1741 obsecro
2476 1685 2884 1740 intercessiones
2917 1685 3091 1740 facere
3121 1702 3220 1755 pro
3241 1688 3416 1752 nobis,
3443 1703 3572 1756 qua-

330 1787 637 1842 ostendere!
666 1787 736 1842 Ut
760 1789 830 1842 sit
872 1791 1168 1844 consolatio
1191 1792 1439 1845 omnibus
1465 1792 1516 1845 in
1556 1793 1784 1847 adventu
1814 1808 1903 1847 ve-
1934 1781 1979 1840 Β

1893 1824 1903 1832 .
1934 1781 1979 1840 Β
2007 1783 2160 1830 tenus
2181 1775 2358 1829 divina
2383 1775 2666 1830 clementia
2695 1782 2748 1828 et
2770 1789 2862 1827 vos
2883 1775 3140 1843 prolicere
3162 1774 3322 1830 faciat
3349 1777 3402 1829 in
3424 1777 3567 1830 omni

332 1885 456 1930 strue
497 1877 733 1945 pietatis,
782 1867 1200 1949 clarissimisque
1234 1889 1426 1936 vestra:
1459 1881 1749 1935 nobilitatis
1783 1880 1905 1935 ﬁliis

329 1965 634 2021 benedictio
673 1967 887 2034 copiosa
922 1983 1017 2036 per
1059 1980 1235 2023 vestra
1288 1969 1562 2027 benefacta
1610 1979 1898 2034 accrescat,

331 2056 470 2114 sicut
502 2070 600 2124 per
641 2056 808 2110 solius
851 2057 1160 2127 homonymi
1205 2058 1280 2112 tui
1317 2059 1482 2113 David
1526 2059 1635 2112 Deo
1671 2058 1903 2113 dilectis-

329 2145 448 2198 simi
472 2145 613 2214 regis
634 2139 998 2211 sanctitatem,
1022 2154 1079 2200 ut
1103 2149 1315 2217 legitur,
1342 2150 1592 2203 omnibus
1620 2150 1902 2218 nepotibus

331 2234 440 2287 suis
481 2235 675 2304 regalis
712 2236 889 2290 tbroni
929 2245 1168 2303 potestas
1203 2248 1516 2292 conservata
1560 2237 1676 2292 fuit.
1719 2237 1776 2292 In
1819 2239 1904 2293 his

328 2323 470 2376 enim
517 2332 572 2378 et
618 2323 923 2392 hujusmodi
969 2327 1242 2396 religionis
1271 2329 1744 2383 exercitationibus
1771 2329 1905 2382 filio-

331 2426 450 2464 rum
477 2412 755 2475 exaltatio,
801 2420 855 2466 et
897 2414 1046 2482 regni
1092 2414 1340 2479 felicitas,
1385 2426 1439 2470 et
1467 2418 1643 2484 populi
1680 2419 1904 2482 sanitas,

326 2508 383 2554 et
422 2499 635 2569 frugum
670 2500 908 2564 ubertas,
951 2509 1005 2555 et
1049 2501 1224 2568 totius
1251 2504 1375 2558 boni
1418 2505 1753 2574 iucunditas;
1782 2506 1904 2560 tibi-

325 2603 430 2656 que
461 2587 696 2642 cmlestis
730 2589 879 2657 regni
909 2589 1202 2655 beatitudo,
1241 2591 1457 2647 Christo
1488 2595 1596 2649 Deo
1622 2595 1903 2664 perﬁcien-

326 2688 410 2744 te,
462 2682 660 2734 crescit
703 2688 758 2734 et
801 2691 1060 2752 augetur,
1113 2684 1419 2740 dulcissime
1473 2689 1659 2753 David,
1715 2689 1903 2744 diebus

325 2772 566 2839 aeternis.

399 2858 495 2912 Det
523 2860 620 2913 tibi
648 2863 930 2916 consilium
961 2865 1126 2932 pacis,
1159 2865 1315 2919 simul
1345 2873 1503 2934 atque
1532 2868 1717 2923 salutis

464 2951 648 3015 David,
678 2969 831 3007 amor
856 2956 1056 3024 populi,
1083 2955 1331 3010 Christus
1359 2958 1557 3026 ubique
1580 2961 1700 3029 pius
1726 2979 1737 3012 :

395 3037 742 3108 Omnipotens
769 3041 920 3108 cujus
949 3043 1199 3099 defendat
1230 3045 1448 3100 dextera
1481 3061 1709 3116 semper,

467 3126 734 3183 Victorem
768 3129 968 3184 faciens
997 3139 1154 3200 teque
1187 3141 1410 3202 tuosque
1441 3135 1616 3188 simul.

397 3215 600 3272 Nomen
628 3227 687 3272 ut
715 3229 973 3274 aeternum
1002 3230 1113 3278 toto
1139 3223 1385 3278 laudetur
1412 3225 1467 3278 in
1495 3224 1625 3279 orbe

465 3307 610 3364 Illius
638 3323 700 3363 ex
735 3311 902 3374 vobis,
939 3327 1035 3380 pro
1059 3313 1274 3382 pietatis
1299 3329 1418 3381 ope.

394 3403 605 3472 Aspice,
638 3413 954 3459 cunctorum
983 3406 1105 3459 vita:
1130 3401 1278 3474 'spes,
1312 3406 1481 3461 forma
1515 3409 1722 3472 salutis,

465 3492 704 3558 Qualiter
733 3495 799 3548 ad
829 3504 1037 3550 vosmet
1067 3503 1176 3550 tota
1204 3506 1446 3552 recurrat
1479 3515 1664 3554 ovans.

399 3581 426 3620 ι’
466 3579 568 3648 Qui
595 3583 766 3638 tristis
793 3585 957 3644 venit,
991 3587 1174 3640 redeat
1193 3587 1305 3656 jam
1337 3588 1489 3643 laetus
1523 3591 1588 3643 ad
1619 3592 1828 3655 urbem,

466 3669 573 3748 Per
595 3671 682 3740 pia
712 3672 848 3727 dona
875 3673 1070 3738 Patris,
1105 3676 1492 3744 consiliumque
1528 3693 1758 3732 sacrum.

397 3759 550 3826 Quod
575 3762 711 3829 petit
737 3762 1032 3827 inveniens,
1063 3764 1319 3833 quidquid
1347 3764 1580 3832 speravit
1601 3766 1842 3834 adeptus.

470 3849 606 3904 Huic
634 3865 843 3920 quoque
869 3851 1054 3907 laudes
1077 3854 1411 3923 hymnidicas
1441 3854 1700 3921 referens,

398 3937 498 4005 Qui
525 3941 723 3995 mundo
754 3941 912 3995 talem
940 3944 1128 3997 tribuit
1150 3945 1248 3998 sub
1273 3952 1514 4014 tempore
1541 3954 1727 4003 nostro

466 4028 769 4092 Rectorem,
805 4047 970 4088 sacrae
993 4034 1231 4104 regmine
1258 4034 1499 4102 justitize.

704 4121 854 4191 12],
883 4134 904 4162 ε
931 4123 1261 4178 EPISTOLA
1296 4125 1496 4181 XCVII.

937 4230 1112 4354 (Λιιῒέ
1139 4286 1298 4354 799.)

330 4368 553 4439 Empta:
574 4371 688 4438 ejus
714 4374 1044 4439 praesentiam
1063 4415 1076 4437 ,
1122 4376 1355 4444 deplorat
1387 4390 1537 4434 atrox
1567 4381 1760 4447 factum
1792 4379 1896 4432 Ro-

397 4510 420 4538 ο
465 4497 883 4577 Romamfundi.
915 4519 932 4549 ι
951 4501 1096 4577 ligio
1120 4505 1259 4577 enim
1282 4507 1557 4576 obsequio,
1590 4509 1761 4577 inquit
1790 4509 1888 4562 Pa-

329 4567 444 4634 gius
467 4568 748 4648 anno.799,
777 4585 922 4648 num.
938 4570 991 4648 τι,
1007 4571 1230 4626 Carolus
1243 4591 1334 4627 rex
1359 4567 1892 4648 coinplures'repisco-

331 4651 426 4706 pos
451 4637 766 4717 etjbbates
785 4639 902 4717 jam
931 4641 1094 4717 (anno
1134 4657 1323 4717 nempe
1357 4637 1626 4717 praesenti)
1659 4637 1893 4702 de'stina-

332 4717 432 4760 rat.
465 4707 629 4777 [νεά.
659 4707 815 4777 epist.
838 4711 903 4763 ad
935 4707 1202 4766 Amonem
1229 4707 1386 4768 infra.

400 4777 426 4814 δ
465 4774 568 4850 Qui
591 4774 753 4830 tn’siis
775 4781 923 4850 venit.
960 4800 977 4831 ε
1009 4782 1229 4837 Videtur
1250 4785 1504 4850 alludere,
1529 4789 1604 4842 ait
1631 4788 1891 4850 Canisius,

329 4844 652 4924 ad.alteram
679 4846 1071 4967 Rrofectionem
1127 4851 1420 4908 Romanam
1469 4844 1642 4911 Caroli
1692 4844 1894 4929 Magni,

329 4928 420 4967 aut
463 4923 654 4967 (mater
728 4930 903 4967 omam
946 4918 1216 4967 nrofecnis
1258 4933 1339 4967 est
1370 4944 1380 4967 τ
1414 4941 1554 4967 ςηιηη
1585 4929 1686 4967 ’ΠΛ
1726 4930 1894 4967 vinas-

329 4913 420 4980 qui
463 4923 654 4994 quater
679 4913 1216 4994 Romamﬁprofect‘us
1254 4933 1339 4994 est
1369 4944 1380 4976 :
1414 4941 1554 4980 anno
1585 4929 1686 4980 774
1726 4913 1897 4982 viridi;

332 4982 882 5064 fansﬁdrianumet
910 4982 1202 5064 Romanam
1252 4992 1544 5064 Ecclesiam
1587 4998 1654 5049 ab
1689 4998 1897 5064 injuriis

332 5050 588 5107 Desiderii
617 5054 983 5126 Longobard.;
1019 5058 1208 5112 deinde
1233 5075 1372 5114 anno
1400 5062 1493 5118 78l
1529 5050 1764 5119 solvendi
1789 5050 1896 5120 voti

331 5138 521 5187 causa;
550 5126 709 5179 talio
723 5139 909 5199 contra
932 5128 1119 5199 ducem
1145 5128 1572 5186 Beneventanum
1598 5151 1737 5188 anno
1766 5135 1893 5199 786;

335 5200 524 5272 quar_to
550 5202 618 5272 ut
638 5196 945 5272 restitueret
968 5197 1314 5272 Leonemgan.
1344 5202 1448 5255 800
1477 5219 1582 5271 quo
1609 5196 1898 5272 imperator

333 5259 709 5344 proclamatus:
747 5266 928 5344 i_Mihi
965 5284 1092 5344 vero
1129 5269 1373 5344 videtur,
1409 5259 1523 5344 haec
1561 5259 1895 5344 intelligenda

331 5342 452 5411 esse
464 5330 707 5411 detristi
733 5336 972 5411 adventu
986 5345 1040 5392 et
1066 5339 1187 5411 lzeto
1214 5330 1384 5394 reditu
1411 5343 1476 5396 ad
1501 5347 1683 5397 urbem
1707 5330 1898 5399 lkonis

334 5397 627 5483 ponti-ficis;
655 5413 897 5483 promet
921 5408 1144 5483 ulterior
1177 5417 1460 5465 contextus
1488 5413 1742 5483 carminis
1759 5397 1894 5467 ﬁcum

335 5473 448 5548 ipso
469 5473 919 5548 te;tu_epistol_aa_
939 5475 1097 5544 hujus
1119 5490 1462 5548 comparatus
1494 5480 1635 5535 baud
1670 5483 1898 5538 obscure

613 5535 920 5618 yerytsisti
943 5535 1382 5618 ap'ndCanisium
1404 5548 1669 5618 subjuncti
1694 5535 1896 5607 haben;

337 5609 693 5738 “im.
1470 5621 1860 5762 ξιῗηιῑῗιῗὲετθπτ
1880 5735 1892 5756 ,

2004 1866 2165 1930 bono,
2193 1875 2245 1920 et
2274 1883 2371 1920 nos
2400 1882 2585 1936 regere
2629 1867 2876 1937 dignetur
2913 1867 2976 1920 ad
3017 1867 3202 1921 salutis
3231 1875 3426 1921 nostra:
3453 1882 3572 1936 pro-

2005 1955 2224 2010 fectum.
2274 1955 2451 2010 Multa;
2494 1964 2618 2010 sunt
2660 1956 2818 2024 hujus
2863 1957 3038 2010 saeculi
3083 1956 3487 2025 occupationes,
3519 1965 3573 2009 et

2004 2046 2230 2100 diversa?
2245 2044 2560 2110 varietates,
2589 2056 2643 2101 et
2668 2056 2890 2102 eventus
2924 2047 3276 2112 miserabiles,
3309 2055 3364 2100 et
3393 2047 3573 2102 Eccle—

2004 2139 2080 2192 sia
2124 2137 2324 2192 Christi
2376 2137 2558 2192 multis
2602 2137 2775 2191 modis
2823 2138 3167 2206 impugnatur
3205 2153 3310 2191 non
3343 2137 3512 2190 solum
3541 2153 3572 2190 a

2004 2229 2251 2299 paganis,
2279 2229 2373 2284 sed
2401 2229 2561 2299 etiam
2592 2245 2620 2281 a
2653 2227 2798 2282 falsis
2823 2227 3077 2281 fratribus
3106 2226 3188 2297 (Il
3224 2225 3345 2280 Cor.
3375 2243 3452 2290 xi,
3478 2227 3568 2288 26,

2003 2298 2051 2373 et
2076 2298 2195 2373 Cal.
2225 2335 2286 2383 ll,
2311 2318 2386 2389 4).
2409 2298 2424 2316 ’
2452 2319 2520 2372 Ει
2568 2318 2658 2372 ubi
2690 2317 2808 2372 fons
2853 2317 3124 2386 mquitatis
3163 2325 3216 2370 et
3253 2315 3473 2384 justitiaa
3503 2317 3568 2370 ad

2003 2425 2191 2463 omnes
2237 2424 2332 2478 per
2380 2408 2582 2462 rivulos
2610 2409 2914 2462 sanctitatis
2960 2407 3220 2478 profluere
3264 2407 3464 2471 debuit,
3497 2406 3570 2462 ibi

2001 2500 2233 2554 maxime
2261 2480 2558 2568 iniquitatis
2589 2500 2840 2568 palustris
2875 2499 3209 2568 profunditas
3243 2500 3525 2554 exbalatur
3555 2517 3568 2552 :

2003 2592 2142 2645 sicut
2177 2590 2312 2644 forte
2353 2606 2383 2642 a
2430 2589 2767 2644 sanctissima
2799 2591 2923 2644 sede
2954 2591 3236 2645 auditurus
3267 2592 3395 2656 eris,
3443 2591 3572 2659 quid

2005 2680 2076 2734 ibi
2122 2679 2382 2736 scelerum
2421 2688 2475 2732 et
2519 2678 2544 2718 ἀ
2593 2679 2770 2733 nimiae
2812 2680 3111 2734 atrocitatis
3153 2696 3324 2750 nuper
3363 2690 3571 2750 gestum

2002 2782 2122 2821 esse
2149 2784 2171 2821 r
2195 2767 2401 2821 ‘fertur.
2447 2768 2761 2821 Timendum
2785 2775 2869 2822 est
2895 2785 2999 2823 non
3034 2770 3203 2824 solum
3242 2770 3344 2823 hoc
3370 2769 3572 2836 impiis-

2002 2859 2150 2912 sima:
2175 2857 2462 2926 pravitatis
2481 2857 2655 2910 scelus
2673 2896 2686 2919 ,
2738 2857 2828 2910 sed
2855 2859 3017 2910 etiam
3045 2858 3264 2926 majoris
3292 2858 3414 2911 mali
3451 2873 3571 2926 pro-

2004 2948 2223 3017 digium.
2265 2947 2399 3001 Dum
2419 2947 2473 3000 in
2506 2947 2680 3014 capite
2701 2947 2824 3000 talia
2848 2956 3097 3017 aguntur,
3121 2948 3246 3017 quid
3269 2949 3325 3025 in
3345 2964 3570 3018 corpore

2004 3037 2117 3091 fieri
2161 3037 2370 3107 possit,
2414 3036 2806 3092 formidandum
2849 3046 2951 3092 est.
3004 3037 3217 3093 Iustitia
3244 3039 3480 3103 laborat,
3516 3049 3570 3094 et

1927 3104 2262 3195 c“iniquitas
2289 3127 2544 3190 abundat,
2581 3134 2636 3182 et
2656 3127 2892 3182 Charitas
2919 3126 3155 3197 frigescit
3185 3129 3395 3198 (Matth.
3421 3148 3569 3194 xxxv.

2007 3214 2099 3278 12;
2125 3213 2189 3268 II
2219 3209 2358 3268 Tim.
2377 3232 2440 3280 ιι,
2467 3215 2574 3287 l7),
2591 3225 2645 3271 et
2659 3216 3120 3286 inﬂdelitasserpit
3138 3221 3274 3274 sicut
3288 3235 3567 3287 venenum,

2002 3313 2057 3359 et
2075 3304 2216 3359 sicut
2238 3319 2436 3359 cancer
2454 3306 2690 3359 membra
2712 3305 2910 3360 Christi
2934 3309 3201 3364 maculare
3220 3326 3324 3365 non
3336 3312 3566 3368 desistit.

2001 3393 2128 3449 Ideo
2151 3395 2276 3449 dum
2300 3402 2510 3463 tempus
2542 3395 2757 3459 habeas,
2783 3395 2964 3450 labora
2990 3397 3046 3451 in
3063 3399 3226 3454 verbo
3245 3401 3570 3468 prmdicatio—

2003 3488 2107 3552 nis,
2131 3488 2184 3540 in
2207 3488 2406 3542 virtute
2434 3487 2714 3542 cbaritatis
2739 3529 2751 3550 ,
2791 3488 2844 3544 in
2872 3490 3116 3560 exemplo
3147 3493 3469 3558 sanctitatis,
3518 3495 3569 3548 in

2001 3577 2217 3645 pietatis
2234 3575 2430 3641 ofﬁcio,
2453 3577 2506 3629 in
2531 3577 2987 3648 eleemosynarum
3017 3580 3320 3649 largitione,
3337 3583 3388 3636 in
3414 3584 3562 3638 misc.

2002 3665 2248 3720 ricordize
2261 3674 2314 3718 et
2334 3665 2550 3735 pietatis
2569 3668 2890 3732 constantia,
2907 3675 3172 3744 quatenus
3197 3685 3262 3723 ex
3294 3670 3448 3737 bujus
3476 3687 3567 3724 ra-

2001 3754 2177 3825 liginis
2207 3755 2420 3809 miseria
2443 3753 2507 3808 ad
2529 3764 2797 3825 perpetuae
2817 3755 3162 3811 beatitudinis
3186 3758 3355 3812 lucem
3378 3774 3567 3828 pervc-

2001 3847 2116 3901 nire
2136 3847 2392 3900 merearis
2413 3887 2426 3910 ,
2476 3854 2530 3900 et
2578 3861 2663 3900 me
2701 3854 2806 3902 tua:
2833 3846 3018 3901 salutis
3047 3832 3348 3903 unanimem
3380 3849 3568 3914 filium,

2001 3935 2244 4001 fratrem,
2296 3937 2627 4000 consocium,
2675 3937 2904 3992 assiduis
2940 3938 3191 4007 precibus
3214 3939 3296 3993 vel
3333 3941 3566 3995 admoni-

2001 4023 2237 4079 tionibus
2282 4032 2454 4079 tecum
2503 4026 2718 4080 trahere
2755 4041 2860 4080 non
2899 4027 3148 4091 desistas,
3177 4036 3236 4081 ut
3265 4030 3467 4097 pariter
3494 4031 3569 4085 di-

2001 4126 2124 4165 cere
2152 4113 2295 4182 digni
2319 4113 2634 4180 efﬁciamur,
2668 4116 2900 4171 donante
2926 4125 3142 4173 {eternae
3175 4119 3388 4186 pietatis
3409 4120 3566 4192 largi-

2001 4207 2117 4252 tore
2139 4214 2154 4251 :
2189 4198 2490 4254 Introduxit
2511 4219 2604 4256 nos
2631 4220 2721 4256 rea:
2743 4206 2798 4257 in
2819 4205 3032 4259 cellaria
3055 4224 3173 4272 sua,
3197 4207 3566 4265 exsultabimus

1999 4298 2047 4339 et
2070 4287 2365 4343 fatebimur
2385 4291 2441 4344 in
2469 4301 2517 4346 te
2543 4291 2716 4363 (Cant.
2751 4311 2789 4357 ι,
2820 4294 2894 4365 3).

2070 4378 2090 4451 [
2118 4391 2141 4418 ε
2176 4379 2404 4437 Gavisus
2429 4398 2547 4436 sum
2575 4385 2822 4450 multum,
2851 4387 2974 4440 dum
3003 4395 3146 4441 tuam
3186 4390 3565 4444 beatitudinem

1994 4520 2326 4574 Mabillonius
2341 4535 2404 4573 ex
2425 4521 2542 4573 cod.
2561 4537 2662 4574 ms.
2688 4523 3331 4587 Sanct-Emmeramiano;
3357 4526 3564 4582 initium

1993 4605 2119 4644 vero
2142 4589 2282 4642 illius
2306 4588 2493 4643 Pezius
2522 4605 2586 4641 ex
2606 4590 2722 4643 cod.
2750 4605 2848 4644 ms.
2873 4590 3364 4648 Benedictoburano
3386 4597 3566 4652 edide-

1995 4667 2136 4711 runt.
2168 4657 2491 4728 Hicplenior
2515 4659 2690 4726 prodit
2716 4674 2782 4712 ex
2807 4661 2924 4713 cod.
2949 4677 3048 4714 ms.
3074 4661 3288 4728 Salisb.,
3320 4665 3384 4719 iis
3411 4667 3565 4722 nimi-

1996 4742 2110 4797 rum
2139 4727 2395 4797 suppletis
2423 4744 2542 4797 qua:
2571 4729 2769 4782 ansulis
2789 4730 2991 4784 inclusa
3020 4733 3187 4785 vides.

2063 4796 2088 4834 ἀ
2132 4795 2326 4849 Nimia!
2374 4795 2682 4852 atrocitatis.
2759 4798 2884 4864 Qua:
2932 4802 3184 4855 nimirum
3229 4802 3280 4856 in
3336 4803 3564 4860 Leonem

1994 4871 2143 4934 pont.
2173 4880 2314 4937 anno
2328 4867 2448 4921 799.
2473 4884 2544 4921 vu
2572 4867 2686 4920 Kal.
2710 4868 2828 4922 Maii
2845 4870 2895 4923 in
2919 4870 3124 4925 Litania
3147 4871 3344 4937 majore
3359 4882 3562 4937 patrata

1997 4889 2143 4934 μυιιι.
2173 4889 2314 4920 annu
2337 4889 2448 4921 mu.
2473 4889 2544 4921 vu
2572 4889 2686 4920 nat.
2710 4889 2828 4922 mall
2845 4889 2895 4923 In
2919 4889 3124 4925 liltanla
3147 4889 3344 4937 majore
3395 4889 3562 4928 atrata

1997 4943 2181 5012 est,.ut
2209 4935 2481 5012 colligitur
2520 4950 2584 4991 ex
2624 4939 3073 5008 subsequentibus
3104 4946 3278 4997 verbis
3306 4957 3318 4993 :
3353 4889 3481 4994 gum
3509 4945 3563 5012 in

1997 5004 2162 5076 capite
2187 5005 2314 5076 talia
2341 5004 2582 5076 aguntur.

2073 5072 2331 5150 fGavisus
2350 5072 2462 5150 sitm
2477 5076 2837 5150 multum,_etc.
2861 5079 3000 5139 Haec.
3021 5098 3138 5150 qua:
3149 5080 3347 5135 ansulis
3361 5079 3561 5136 inclusa

1997 5142 2146 5196 vides
2171 5185 2183 5206 ,
2236 5145 2286 5197 in
2322 5147 2440 5198 cod.
2478 5144 2669 5199 Salisb.
2719 5147 2858 5201 inter
2901 5142 3262 5206 antecedentia
3297 5156 3351 5201 et
3377 5150 3562 5206 subse-

1999 5214 2215 5288 quentia
2244 5215 2441 5268 inserta
2478 5214 2862 5288 sunt._No\/am
2901 5233 3027 5271 vero
3057 5221 3140 5272 hic
3180 5217 3412 5288 incipere
3445 5219 3560 5288 epi-

1999 5283 2198 5353 stolam?
2240 5300 2464 5353 pronum
2503 5293 2596 5353 est
2631 5284 2891 5352 judicare.
2980 5289 3164 5340 Priora
3207 5283 3348 5340 enim
3398 5283 3560 5343 verba

2002 5351 2291 5426 clausulam
2322 5351 2668 5426 prmseferunt
2702 5356 3069 5426 epistularem;
3109 5357 3224 5410 haec
3264 5371 3390 5410 vero
3421 5356 3561 5426 ejus-

2001 5423 2143 5476 modi
2178 5421 2339 5492 sunt,
2388 5437 2416 5473 a
2469 5421 2660 5489 quibus
2709 5421 2925 5492 cpistola
2957 5427 3146 5478 merito
3171 5421 3560 5490 exordium'su-

2002 5493 2135 5554 mit;
2179 5490 2428 5543 nimirum
2473 5490 2818 5559 gratulatoria
2845 5534 2858 5555 ,
2909 5492 2970 5545 ad
3004 5494 3270 5552 Arnoncm
3297 5494 3544 5549 Salisbur

2002 5567 2396 5637 gensem_put_o,
2426 5561 2494 5614 ob
2530 5577 2717 5637 novam
2757 5562 3065 5637 dignitatem
3095 5575 3146 5617 et
3183 5565 3324 5633 pallii
3356 5565 3556 5637 archie-

2003 5626 2286 5700 piscopalis
2316 5629 2580 5700 decorem.
2625 5629 2756 5700 llinc
2783 5626 3121 5700 librariorum
3153 5626 3336 5690 errore
3365 5633 3560 5689 factum

2002 5697 2118 5753 esse
2142 5697 2287 5770 puto,
2315 5697 2453 5765 quod
2484 5700 2532 5752 in
2566 5699 2679 5751 rod.
2717 5700 2771 5754 S.
2809 5699 3128 5757 Emmeratni
3161 5746 3172 5770 ,
3206 5722 3308 5773 quo
3337 5721 3461 5764 usus
3485 5714 3557 5756 est
