4226 6218
603 269 701 323 307

1468 260 1527 311 Β.
1571 258 1629 311 ι’.
1672 255 1889 309 ALBIM
1932 256 2051 309 Sil
2099 251 2366 306 ALCL'INI
2406 251 2684 306 OPERCM
2722 250 2898 305 i'ARS
2936 250 2973 304 I.

3728 253 3831 307 5118

602 373 1055 447 superhumeralis
1102 370 1439 426 sanctitatem
1496 377 1710 438 portare
1749 368 1947 428 audivi,
2002 375 2055 418 et
2086 342 2158 416 ἰιι
2189 364 2239 422 Α
2263 363 2493 416 bitorem
2525 372 2575 417 te
2601 363 2798 417 habere
2832 364 3029 424 Deum,
3082 363 3206 431 quia
3252 364 3507 417 bencllcia
3543 379 3833 435 pauperum

605 466 824 521 honoris
862 462 1205 517 ecclesiastici
1253 458 1629 514 sublimissima
1671 466 1815 512 stare
1856 456 2165 509 stabilitate.

605 558 671 611 Et
699 558 901 611 utinam
948 555 1047 607 hoc
1075 552 1255 605 multis
1283 550 1552 619 proﬁciat,
1593 559 1644 599 et
1673 549 1767 600 tibi
1796 549 2025 601 maxime
2050 563 2171 616 pro-

604 647 709 710 sit;
739 653 799 698 ut
819 644 914 697 Dei
942 651 996 697 et
1029 641 1235 694 Domini
1262 640 1429 693 nostri
1455 637 1580 690 .Iesu
1606 637 1801 689 Christi
1839 652 2031 688 nomen
2060 635 2171 688 cla-

608 734 849 787 rificetur
879 733 931 785 in
957 742 1007 784 te.
1034 749 1045 782 :
1078 738 1129 783 et
1160 738 1427 782 uternento
1452 728 1754 780 ministrum
1785 737 1836 779 te
1860 742 1979 780 esse
2006 726 2174 795 magis

605 839 767 893 quam
814 823 1085 877 dominum
1133 828 1348 889 propter
1391 834 1533 880 etin],
1582 820 1671 885 qui
1711 816 1816 881 ait;
1850 816 1959 885 Ego
1984 832 2097 868 sum
2120 818 2174 867 iu

604 916 773 970 mdia
796 914 947 966 vestri
974 954 987 975 ,
1030 913 1163 964 sicut
1201 912 1289 979 qui
1315 912 1574 962 ministrat
1603 909 1751 979 (Luc.
1782 922 1915 967 xxu,
1943 907 2054 973 Ξῖ).
2117 906 2173 959 Si

607 1003 694 1056 ille
717 1003 860 1056 Deus
881 1011 937 1055 et
963 1000 1220 1053 Dominus
1240 999 1508 1061 omnium,
1540 1000 1841 1066 redemptor
1865 1010 1919 1051 et
1943 998 2178 1052 salvator

608 1092 827 1145 humani
857 1092 1068 1161 generis
1095 1107 1197 1143 non
1229 1090 1545 1159 dedignatus
1575 1099 1655 1141 cst
1696 1090 1879 1142 venire
1907 1089 2178 1141 ministra—

608 1196 683 1240 re.
716 1196 822 1233 non
867 1190 925 1232 ut
963 1181 1361 1233 ministraretur
1405 1180 1452 1231 ei
1496 1179 1686 1245 (.llurc.
1730 1194 1781 1241 χ,
1807 1178 1928 1245 45);
1979 1188 2178 1246 quanto

608 1272 781 1339 magis
808 1280 859 1324 et
892 1286 988 1323 nos
1015 1271 1271 1324 debemus
1294 1270 1561 1337 nuuhIhtm
1589 1278 1783 1322 noslrm
1804 1284 2028 1337 pensare
2054 1284 2180 1336 pau-

606 1359 876 1426 pertatis,
921 1371 970 1413 et
1018 1360 1265 1413 omuilms
1306 1359 1372 1411 ad
1421 1374 1515 1411 nos
1559 1360 1949 1426 pertinentibus
1996 1358 2182 1412 salutis

611 1452 917 1506 ministrare
960 1452 1130 1504 ollicia
1157 1493 1170 1511 ,
1215 1461 1266 1504 et
1315 1451 1593 1505 charitatis
1639 1453 1841 1505 servire
1876 1450 2179 1513 devotione,

608 1542 732 1609 quia
765 1542 1084 1594 humilitatis
1129 1542 1373 1610 passibus
1418 1542 1482 1592 ad
1530 1541 1761 1593 caelestis
1789 1540 1937 1608 regni
1968 1541 2181 1594 celsitu-

609 1631 787 1682 dinem
834 1632 1159 1698 pervenitur.
1216 1630 1336 1684 Ideo
1379 1631 1641 1698 I'ropheta
1681 1632 1863 1683 divino
1900 1632 2183 1685 instinctus

2271 452 2473 506 Christi
2496 453 2779 505 retributio
2808 459 3147 520 compensat,
3178 460 3230 505 et
3255 453 3395 519 quod
3422 455 3585 509 miser
3613 470 3719 508 non
3744 469 3836 507 va‘

2274 541 2344 595 let
2393 556 2773 605 remunerare,
2818 542 2920 596 hoc
2955 543 3195 596 omnium
3236 542 3490 598 Dominus
3530 544 3838 615 dignabitur

2275 646 2699 700 recompensare.
2736 631 3003 702 Cogitatio
3031 634 3247 688 assidua
3279 636 3374 688 tibi
3414 636 3483 690 sit
3516 636 3568 689 in
3598 636 3840 706 Scriptuo

2276 722 2350 775 ris
2373 724 2593 785 sanctis,
2622 731 2677 775 et
2701 723 2882 776 ketitia
2906 724 3132 777 convivii
3162 725 3277 779 laus
3298 726 3671 795 redemptoris.
3701 728 3839 784 Dum

2275 827 2471 880 corpus
2491 813 2613 865 cibo
2645 813 2899 880 pascitur,
2927 829 3080 867 mens
3108 816 3284 869 divina
3312 816 3540 871 lectione
3564 816 3835 881 foveatur;

2278 915 2344 953 ne
2385 901 2563 953 anima
2590 902 2835 956 esuriens
2870 902 3131 956 inebriato
3169 919 3392 975 corpore
3418 907 3613 977 lugeat.
3648 907 3845 962 Pasca-

2277 1001 2363 1044 tur
2383 991 2525 1060 quod
2548 1000 2805 1045 aeternum
2833 1001 2915 1046 est
2944 994 3143 1062 magis,
3192 1010 3351 1063 quam
3381 998 3521 1065 quod
3546 998 3844 1066 periturum

2276 1083 2400 1135 erit.
2442 1082 2591 1136 Mens
2616 1083 2857 1151 cmlestia
2880 1085 3124 1149 rimetur,
3156 1093 3210 1139 ct
3232 1086 3462 1141 futuram
3487 1087 3687 1156 jugiter
3711 1103 3832 1157 pra:-

2279 1175 2455 1227 videat
2482 1174 2858 1236 mansionem,‘
2884 1184 2943 1227 ut
2979 1176 3128 1242 parvi
3160 1177 3413 1243 temporis
3449 1176 3628 1231 labore
3653 1192 3845 1245 perpe-

2283 1273 2368 1314 tua
2408 1271 2679 1315 mereatur
2708 1263 2940 1330 requies.
2993 1263 3151 1316 Plura
3190 1265 3287 1317 tibi
3328 1265 3658 1333 scripsissem
3687 1307 3701 1329 ,
3746 1264 3847 1317 nisi

2279 1365 2448 1418 pauca
2488 1351 2685 1403 scirem
2733 1350 2976 1404 sullicere
3022 1351 3269 1418 sapienti.
3331 1352 3505 1407 Unum
3546 1353 3765 1406 verbum
3793 1352 3847 1405 iu

2282 1441 2441 1495 corde
2472 1442 2671 1494 sensati
2720 1441 2911 1494 melius
2963 1442 3195 1509 prolicit,
3246 1458 3405 1512 quam
3464 1443 3629 1497 muita
3685 1442 3848 1496 millia

2283 1533 2690 1601 contemptoris.
2748 1532 2863 1585 Non
2909 1548 3087 1587 cesses
3122 1548 3304 1587 semen
3353 1535 3541 1588 salutis
3586 1536 3850 1588 seminare

2286 1622 2337 1673 in
2363 1622 2522 1674 corda
2551 1622 2841 1675 multorum
2866 1662 2879 1682 ,
2915 1630 2975 1674 ιιι
3001 1638 3067 1675 ex
3114 1623 3283 1677 salute
3312 1625 3599 1678 multorum
3629 1625 3850 1678 multam

611 1737 793 1773 amore
850 1722 960 1773 ait:
1010 1720 1129 1773 Non
1175 1722 1337 1773 t'euiut
1386 1722 1509 1773 mihi
1547 1738 1635 1790 pes
1669 1722 1923 1789 superbius
1954 1721 2180 1791 (Psalm.
2216 1690 2260 1748 Β
2287 1715 2425 1783 apud
2450 1715 2540 1769 Dei
2566 1715 2819 1784 pietatem
2847 1714 3105 1767 mercaris
3125 1715 3321 1768 habere
3344 1716 3846 1769 remunerationem.

616 1823 775 1870 xxxv,
812 1810 934 1879 l2):
987 1812 1086 1863 hoc
1126 1820 1225 1871 est,
1276 1820 1333 1862 ut
1377 1811 1577 1863 nullum
1606 1812 1888 1880 vestigium
1919 1813 2185 1879 superbia:

615 1902 959 1955 remansisset
1008 1902 1061 1954 in
1106 1902 1265 1955 corde
1315 1902 1473 1954 illius.
1530 1901 1741 1966 Quanto
1787 1902 1956 1969 magis
1988 1918 2085 1956 nos
2122 1903 2189 1956 de

612 2001 852 2044 stercore
904 1992 1234 2059 paupertatis
1303 1992 1367 2044 ad
1428 1991 1608 2044 sedem
1670 1990 1850 2059 gloria:
1914 1990 2186 2044 sublimati

614 2084 842 2149 (I’saIm.
867 2099 998 2147 cxu,
1026 2082 1098 2153 7),
1132 2083 1441 2150 dignitatem
1471 2092 1706 2136 nostram
1738 2083 2053 2136 humilitatis
2074 2082 2187 2134 olli-

615 2174 701 2227 cio
727 2174 1006 2229 sublevare
1032 2174 1305 2229 debemus.
1340 2172 1463 2227 llzec
1492 2182 1574 2227 est
1602 2189 1721 2241 qua:
1748 2172 2035 2241 ignobilem
2060 2171 2189 2225 facit

617 2264 870 2328 iiohilem,
894 2273 949 2317 et
973 2279 1093 2333 qua:
1121 2272 1394 2317 terrenum
1433 2263 1631 2315 animal
1671 2263 1736 2314 a-J
1777 2262 1994 2316 caeleste
2015 2261 2188 2314 elevat

614 2355 864 2409 trilmnal.
906 2356 1094 2425 Cogita
1140 2369 1351 2423 semper
1391 2354 1516 2408 dum
1561 2352 1720 2422 pallio
1768 2352 2067 2407 sanctitatis
2093 2365 2183 2403 vc-

612 2446 792 2499 stieris
819 2486 833 2509 ,
882 2453 937 2499 et
982 2446 1165 2499 videas
1209 2453 1409 2499 sancta:
1439 2444 1611 2498 crucis
1654 2444 1862 2512 sigmun
1899 2442 2010 2497 sive
2040 2449 2184 2501 ante.

615 2537 725 2588 sive
759 2546 902 2589 retro
946 2538 1000 2590 in
1048 2552 1112 2590 eo
1162 2536 1363 2599 fixum,
1406 2544 1459 2589 te
1502 2534 1653 2603 sequi
1699 2536 1892 2587 deluere
1916 2534 2062 2587 illum
2092 2534 2184 2601 qni

614 2639 831 2676 crucem
860 2640 1012 2677 suam
1035 2625 1266 2693 portavit
1292 2665 1305 2688 ,
1340 2618 1391 2677 in
1440 2640 1543 2694 qua
1585 2624 1964 2693 redemptionis
1990 2634 2184 2679 nostrm

613 2715 908 2782 trophzeum
950 2715 1174 2783 paravit.
1224 2714 1359 2768 Dum
1411 2714 1610 2780 videas,
1664 2714 1908 2769 osculare
1956 2714 2083 2767 illud
2132 2724 2187 2768 et

616 2817 905 2866 venerare;
945 2804 1083 2857 sicut
1108 2804 1260 2857 decet
1287 2803 1445 2871 hujus
1473 2805 1609 2871 signi
1632 2804 1997 2868 sanctitatem,
2049 2813 2103 2857 ct
2134 2815 2185 2858 te

615 2892 767 2961 sequi
793 2893 988 2946 debere
1029 2902 1295 2946 memento
1325 2892 1504 2958 illum,
1551 2894 1641 2961 qui
1667 2895 1777 2947 ait:
1814 2894 1917 2959 Qui
1947 2894 2047 2947 rult
2069 2904 2183 2963 post

614 2998 695 3033 me
721 2982 904 3043 rcuirc,
929 2982 1077 3034 tollat
1104 2999 1305 3034 crucem
1331 3000 1479 3035 suum
1507 2994 1552 3035 ct
1580 2995 1824 3051 sequntur
1852 3000 1932 3035 me
1968 2981 2179 3053 (.llutth.

614 3090 726 3136 xvi,
753 3074 873 3142 21),
923 3072 1045 3127 Ideo
1089 3072 1335 3127 Christus
1387 3075 1620 3142 portavit
1670 3075 1921 3141 primqu,
1973 3082 2026 3127 ct
2069 3082 2189 3142 post

615 3164 762 3217 illum
795 3164 1041 3216 inventus
1066 3162 1282 3226 Simon,
1328 3166 1415 3232 qui
1444 3180 1604 3232 super
1625 3180 1682 3217 se
1714 3165 1940 3232 positam
1972 3180 2186 3219 crucem

614 3256 815 3308 Christi
861 3255 1132 3323 portavit,
1173 3271 1401 3323 sequens
1432 3256 1653 3325 vestigia
1690 3256 1855 3312 illius.
1918 3256 1981 3308 Iit
2005 3257 2101 3309 hoc
2132 3257 2184 3309 in

614 3348 824 3413 signum
852 3354 1048 3398 nostra:
1082 3346 1310 3398 actionis
1338 3356 1541 3413 gestum
1565 3362 1683 3399 esse
1704 3348 2068 3415 dignoscitur;
2105 3349 2188 3400 Si-

619 3451 742 3488 mon
772 3435 913 3488 enim
939 3435 1195 3488 obediens
1225 3420 1623 3503 interpretatur.
1674 3435 1859 3490 Omnis
1880 3438 2022 3491 enim
2048 3478 2062 3500 ,
2096 3438 2185 3506 qui

616 3540 712 3592 per
735 3524 1095 3577 obedientiam
1121 3525 1185 3576 :nl
1211 3525 1365 3593 122
1392 3526 1716 3593 triumphum
1765 3525 1947 3593 gloria:
1970 3525 2188 3597 [Supple

618 3618 801 3670 venire
823 3617 987 3685 cupit,
1022 3616 1096 3669 rc!
1126 3616 1344 3688 simile],
1384 3617 1583 3671 Christi
1616 3632 1828 3672 crucem
1864 3626 2077 3687 portare
2098 3633 2188 3672 co-

613 3709 766 3775 gitat.
828 3710 941 3763 lloc
985 3711 1128 3763 enim
1175 3711 1489 3765 humilitatis
1536 3713 1782 3780 passibus
1821 3722 1875 3767 et
1914 3713 2189 3781 patientia:

613 3802 890 3867 gressibus
915 3842 927 3864 ,
965 3802 1045 3854 vel
1076 3811 1292 3870 paratus
1317 3818 1414 3870 pro
1454 3804 1681 3857 veritate
1722 3793 1880 3867 mori,
1929 3804 2009 3857 vel
2035 3819 2189 3857 scan-

614 3894 733 3948 dala
764 3896 1013 3950 fraterna“:
1036 3896 1400 3965 perversitatis
1429 3898 1533 3966 pati
1556 3938 1571 3962 ,
1608 3896 1688 3951 vel
1727 3896 1919 3951 affectu
1946 3913 2189 3965 compas-

615 3984 782 4035 siouis
808 3983 1057 4036 fraternis
1088 3983 1436 4037 incommodis
1465 3984 1793 4053 condolere].

688 4071 915 4125 Excitati
952 4072 1116 4125 animi
1141 4080 1316 4126 motus
1352 4073 1403 4125 in
1452 4081 1506 4126 te
1556 4074 1839 4142 tranquilla
1870 4089 1999 4143 pace
2042 4090 2187 4129 com-

618 4172 911 4228 ponantur,
940 4172 997 4214 nt
1028 4163 1157 4216 nihil
1188 4180 1283 4232 per
1308 4165 1441 4218 iram
1460 4166 1570 4229 fiat,
1588 4165 1680 4221 sed
1705 4166 1884 4220 omnia
1906 4182 2026 4220 cum
2059 4183 2188 4221 con-

617 4251 738 4303 silio
764 4268 775 4301 :
808 4260 1018 4319 tempus
1056 4252 1394 4315 redimentes,
1436 4256 1604 4307 donec
1633 4264 1871 4308 transeat
1892 4256 1971 4308 ira
1998 4257 2183 4325 (Eccli.

2287 1808 2418 1861 Vive
2434 1806 2660 1859 feliciter
2686 1804 2880 1859 florens
2903 1814 2956 1857 et
2982 1805 3267 1872 proficiens
3291 1806 3343 1859 in
3368 1807 3632 1860 charitate
3652 1804 3851 1859 Christi

2284 1904 2340 1947 et
2366 1894 2667 1963 praeceptis,
2700 1909 2819 1962 qua:
2848 1908 2878 1946 a
2906 1894 3017 1947 Deo
3040 1894 3165 1947 data
3201 1905 3324 1955 sunt
3354 1897 3418 1949 ad
3441 1904 3697 1950 aeternam
3725 1895 3853 1948 bea-

2288 1984 2569 2037 titudinem
2599 1982 2812 2050 generis
2836 1982 3078 2046 humani,
3102 1985 3312 2051 meique
3338 2000 3565 2048 memor,
3593 1983 3850 2038 charissi-

2287 2088 2373 2127 me
2392 2072 2553 2126 Pater
2600 2071 2785 2128 frater.
2832 2072 2926 2129 fili.
2959 2073 3149 2129 valeas.
3184 2074 3399 2128 mternis
3445 2075 3771 2142 temporibus
3802 2074 3853 2126 in

2286 2165 2519 2219 Christo.
3201 2184 3204 2187 λ

2748 2267 2772 2294 ι
2806 2253 3138 2309 EPISTOLA
3176 2254 3375 2309 XCVIII

2884 2361 2951 2398 AD
2990 2360 3255 2399 ΑΚΝΟΧΕΙ.

2892 2435 3069 2499 (Anno
3110 2434 3258 2504 799.)

2287 2545 2327 2597 Α
2359 2545 2537 2597 mutuli
2570 2543 2811 2614 periculis
2834 2544 2934 2597 sibi
2964 2561 3139 2597 carere
3173 2547 3385 2608 suadet,
3413 2563 3561 2598 suum
3601 2548 3677 2600 illi
3702 2565 3850 2601 amo-

2868 2629 2971 2666 rcm
2996 2615 3274 2683 signiﬁcat.

2358 2722 2675 2797 Evangelieo
2698 2726 2904 2794 Aquilae
2932 2724 3155 2778 Albinus
3176 2726 3425 2780 salutem.

2358 2818 2605 2871 Plurima:
2632 2824 2758 2869 sunt
2800 2813 2958 2881 huius
2986 2816 3166 2870 smeuli
3198 2818 3520 2871 tentationes
3544 2856 3560 2882 ,
3608 2825 3663 2871 et
3695 2817 3860 2870 multa

2284 2906 2523 2976 pericula
2569 2905 2820 2960 smculum
2860 2907 3182 2961 amantibus.
3224 2908 3363 2961 Ecce
3390 2908 3657 2976 quomodo
3687 2923 3849 2963 reces-

2212 3016 2261 3080 ο
2290 3005 2472 3048 serunt
2500 2995 2679 3049 subito
2707 2994 2734 3033 δ
2776 2995 2877 3047 viri
2922 2993 3200 3048 fortissimi
3223 3036 3238 3059 ,
3288 2996 3377 3064 qui
3405 2997 3660 3050 terminos
3683 3006 3853 3051 custo-

2294 3087 2529 3150 dierum,
2583 3084 2746 3138 etiam
2790 3094 2844 3138 et
2880 3086 3265 3150 dilataverunt,
3317 3086 3605 3141 Christiani
3628 3088 3858 3157 imperii.

2295 3177 2408 3230 Non
2434 3177 2605 3231 solum
2631 3178 2733 3231 hoc
2764 3178 3013 3231 damnum
3036 3176 3335 3245 plangimus
3354 3218 3368 3239 ,
3407 3179 3501 3230 sed
3528 3178 3742 3243 majoris
3771 3195 3857 3247 pe-

2294 3267 2448 3320 riculi
2476 3268 2687 3335 signum
2713 3268 2983 3320 timenms.
3024 3265 3197 3328 limle,
3228 3267 3543 3321 charissimc
3577 3267 3730 3337 123
3761 3267 3857 3319 Pa-

2294 3365 2396 3416 ter.
2416 3357 2563 3410 οιιιιιί
2591 3356 2831 3409 custodia
2858 3342 3085 3409 servate
3114 3356 3305 3424 ipsum,
3333 3366 3387 3409 et
3408 3355 3587 3409 labora
3618 3356 3671 3409 in
3700 3356 3861 3410 domo

2293 3448 2410 3511 Dei,
2440 3457 2496 3500 ut
2529 3446 2776 3515 proﬁciat
2803 3446 2899 3497 tibi
2930 3445 3076 3498 labor
3105 3454 3227 3497 tuus
3249 3445 3302 3496 in
3326 3445 3552 3497 salutem
3579 3453 3855 3499 teternam.

2292 3536 2435 3590 Nihil
2464 3536 2606 3589 enim
2633 3533 2825 3588 stabile
2848 3533 2900 3586 in
2920 3534 3020 3587 hoc
3034 3532 3233 3586 mundo
3250 3531 3363 3585 fieri
3379 3534 3594 3601 poterit,
3612 3533 3712 3585 nisi
3735 3534 3859 3585 cha-

2294 3628 2425 3680 ritas
2455 3624 2655 3679 Christi
2684 3633 2737 3677 et
2766 3624 3042 3677 servitium
3069 3622 3228 3675 illius.
3262 3622 3501 3675 I’ra'tcrit
3522 3624 3690 3684 enim,
3723 3622 3857 3690 Apo-

2292 3715 2430 3769 Stolo
2476 3714 2707 3774 dicente,
2753 3712 2925 3779 figura
2970 3712 3125 3779 hujus
3150 3712 3330 3764 mundi
3370 3711 3421 3780 (1
3460 3710 3580 3763 Cor.
3620 3728 3715 3773 vn,
3746 3712 3859 3780 51).

2292 3801 2424 3857 Illud
2454 3802 2624 3855 solum
2657 3806 2915 3860 remanet,
2951 3798 3092 3867 quod
3133 3814 3229 3866 pro
3255 3799 3349 3851 Dei
3375 3798 3677 3862 dilectione,
3726 3809 3782 3853 et
3807 3800 3860 3853 in

2291 3891 2572 3960 przeceptis
2598 3889 2737 3943 illius
2766 3890 3091 3959 peragimus.
3136 3888 3274 3943 Erue
3296 3896 3347 3941 te
3374 3889 3567 3957 ipsum,
3602 3900 3861 3958 quantum

2289 3981 2486 4046 valeas,
2524 3983 2588 4036 de
2611 3981 2862 4050 periculis
2886 3980 3043 4048 hujus
3070 3982 3211 4034 vitm.
3238 3982 3319 4034 Sit
3347 3990 3529 4051 guttur
3555 3989 3702 4034 tuum
3733 3984 3858 4035 tuba

2291 4088 2451 4141 super
2471 4072 2686 4124 domum
2710 4071 2823 4124 Dei.
2841 4071 3112 4139 Spit-italis
3139 4071 3260 4124 belli
3283 4070 3503 4139 signifer
3516 4080 3652 4133 esto,
3678 4070 3733 4124 et
3754 4072 3861 4124 dux

2292 4165 2345 4217 in
2374 4161 2490 4214 acie
2523 4161 2752 4223 Christi,
2803 4170 2861 4213 ut
2886 4160 3242 4228 ampliﬁeetur
3269 4161 3363 4213 tibi
3396 4175 3616 4229 regnum
3642 4162 3695 4214 in
3724 4169 3861 4215 terra

2290 4252 2600 4315 viventium,
2635 4261 2689 4305 et
2713 4266 2817 4304 non
2854 4252 3054 4305 habeas
3080 4265 3228 4319 spem
3252 4250 3303 4303 in
3331 4251 3431 4304 hac
3456 4261 3595 4305 terra
3624 4252 3859 4307 morien—

620 4357 792 4403 χχχιι,
818 4340 930 4407 21),
965 4349 1018 4394 et
1047 4349 1174 4393 tunc
1196 4342 1407 4396 dicatur
1436 4344 1514 4395 vel
1546 4353 1753 4412 agatur,
1785 4345 2041 4415 quidquid
2065 4361 2188 4415 pro—
2212 4360 2263 4419 υ
2292 4344 2421 4395 tium
2455 4361 2465 4394 :
2522 4342 2613 4395 sed
2642 4342 2733 4395 ubi
2760 4342 2867 4394 vita
2916 4350 2998 4394 est
3040 4349 3239 4394 :eterua
3266 4381 3280 4404 ,
3329 4340 3436 4395 illic
3479 4341 3573 4394 fiat
3614 4342 3863 4396 omnibus

620 4431 740 4484 vida
767 4431 972 4486 consilii
1011 4432 1266 4499 sapientia
1303 4444 1549 4502 suggerat
1576 4435 1837 4503 agendum
1865 4450 2003 4489 esse.
2061 4435 2184 4490 Cla-

621 4534 800 4573 mores
849 4536 1143 4590 pauperum
1201 4523 1376 4576 cordis
1425 4524 1603 4577 audiat
1652 4522 1907 4589 affectus,
1948 4535 2003 4579 et
2042 4526 2187 4595 larga

619 4626 812 4665 manus
848 4612 1118 4665 miseriam
1161 4611 1370 4663 illorum
1411 4611 1666 4667 refoveat.
1708 4613 1953 4683 Magnum
1983 4626 2065 4669 est
2092 4617 2185 4669 de-

621 4732 958 4788 Mabillonius
981 4773 995 4795 ,
1038 4732 1339 4787 adhortatio
1385 4748 1502 4803 qua:
1527 4734 1594 4787 ab
1628 4733 1712 4787 his
1749 4733 1927 4787 verbis
1955 4735 2138 4803 incipit
2171 4755 2183 4788 :

622 4803 852 4855 Ercitati
892 4803 1051 4855 animi
1099 4813 1319 4855 motus:
1361 4805 1427 4856 ad
1480 4802 1615 4856 hanc
1664 4817 1857 4855 novam
1909 4804 2187 4871 epistolam

620 4872 896 4940 pertinens
917 4871 1070 4924 alteri
1096 4881 1431 4935 assueretur;
1460 4881 1513 4925 et
1542 4873 1683 4939 quod
1711 4872 1883 4926 eidem
1914 4888 2047 4925 nova
2076 4873 2188 4927 haec

621 4940 846 5009 epistola
896 4940 949 4991 in
1000 4941 1117 4993 cod.
1166 4941 1358 4993 Salisb.
1413 4944 1615 5008 absque
1661 4957 1796 4995 nova
1841 4942 2187 5009 inscriptione

621 5018 1051 5069 connecteretnr,
1106 5012 1246 5076 quod
1293 5011 1423 5062 nihil
1472 5012 1594 5063 novi
1643 5025 1763 5065 esse
1792 5013 1843 5064 in
1883 5027 1941 5063 re
1969 5011 2183 5065 libraria

622 5087 863 5130 veterum
890 5080 1043 5145 periti
1070 5086 1349 5132 noverunt.
1387 5078 1538 5131 Nolui
1562 5088 1738 5131 tamen
1765 5080 1866 5132 hoc
1886 5080 2004 5133 loco
2027 5096 2184 5134 unam

622 5146 901 5217 epistolam
927 5150 993 5217 at;
1021 5149 1212 5209 altera,
1246 5148 1345 5200 etsi
1389 5163 1507 5200 meo
1534 5147 2007 5217 judicioidivers'e.
2033 5158 2087 5200 et
2112 5151 2187 5203 di-

623 5216 796 5269 versis
819 5216 975 5268 annis
1009 5219 1221 5285 scripta:
1254 5217 1386 5285 sint,
1429 5231 1680 5283 separare
1716 5216 1785 5269 ob
1827 5218 1947 5269 cod.
1989 5216 2182 5271 Salisb.

625 5284 804 5349 fidem,
832 5285 942 5348 cui,
970 5300 1035 5338 an
1064 5283 1193 5338 metu
1220 5283 1538 5350 conjectura:
1563 5285 1914 5339 insistendum
1944 5286 2035 5347 sit,
2065 5301 2186 5339 eru-

623 5353 720 5407 diti
738 5353 1001 5421 judicent.
1041 5353 1097 5407 Si
1119 5369 1247 5406 mea:
1269 5352 1589 5420 conjectum:
1616 5354 1817 5421 aliquid
1845 5354 2184 5409 tribuendum

626 5432 946 5487 censeatur,
999 5433 1127 5477 tunc
1168 5422 1443 5489 epistolam
1498 5423 1637 5477 hanc
1661 5437 1853 5476 novam
1884 5425 1950 5478 ad
1989 5439 2185 5477 annum

624 5492 727 5545 798
749 5508 855 5563 quo
877 5503 1058 5563 vetera
1089 5500 1425 5563 monumenta
1443 5534 1455 5553 ,
1479 5492 1699 5562 pallium
1736 5491 1940 5563 Arnoni
1968 5509 2186 5547 conces-

628 5576 740 5615 sum
767 5560 904 5623 esse.
928 5562 1081 5631 plane
1104 5560 1461 5623 consentiunt,
1486 5560 1753 5631 pertinere
1772 5562 2053 5617 dicendum
2069 5571 2181 5627 est;

628 5645 668 5679 si
704 5646 825 5685 vero
872 5631 1002 5687 ﬁdes
1057 5631 1254 5687 codicis
1302 5631 1636 5701 pﬂt‘fCI‘Mlll’,
1686 5642 1740 5687 et
1784 5634 1969 5689 ambas
2005 5642 2186 5703 partes

2291 4436 2439 4490 horis
2483 4433 2708 4488 intentio
2752 4444 2839 4485 tua
2866 4474 2879 4495 ,
2936 4448 3060 4501 spes
3106 4441 3161 4486 et
3203 4432 3525 4487 desiderium
3554 4441 3724 4485 tuum.
3766 4432 3860 4486 Dii.

2290 4528 2399 4581 Deo
2426 4526 2639 4580 Christo
2672 4542 2685 4577 :
2738 4526 2925 4576 Anium
2971 4541 3086 4576 mea
3126 4523 3430 4575 desideravit
3456 4532 3505 4573 te
3530 4523 3584 4573 in
3609 4532 3776 4584 nocte,
3812 4532 3860 4575 et

2288 4618 2499 4685 spiritus
2514 4631 2656 4665 meus
2670 4615 2723 4665 in
2743 4613 3044 4680 prrrcordiis
3057 4611 3285 4679 vigilavit
3299 4612 3367 4663 ad
3379 4622 3426 4664 te
3441 4611 3596 4680 (Isai.
3614 4628 3762 4678 XXVI,
3780 4612 3856 4684 9).

2288 4749 2447 4788 unam
2467 4734 2725 4787 duntaxat
2740 4730 3021 4800 epistolam
3044 4747 3163 4786 esse
3189 4741 3487 4795 statuatur;
3525 4734 3649 4788 inde
3675 4741 3853 4789 tamen

2288 4806 2390 4857 hoc
2428 4810 2612 4856 contra
2660 4801 2728 4855 cl.
2772 4800 3081 4855 Hansizium
3121 4810 3327 4855 certum
3360 4817 3481 4855 esse
3508 4802 3687 4866 debet,
3717 4805 3859 4870 quod

2287 4882 2340 4925 et
2360 4873 2506 4925 Arno
2533 4880 2656 4925 ante
2679 4886 2877 4924 annum
2906 4871 3010 4924 800
3030 4878 3084 4923 et
3102 4881 3226 4923 ante
3247 4885 3484 4923 mensem
3502 4870 3737 4939 Aprilem
3761 4887 3859 4925 an-

2285 4944 2338 4996 ni
2384 4942 2486 4997 799
2507 4956 2613 5010 quo
2660 4940 2747 4993 illa
2787 4940 2842 4992 in
2882 4940 3113 5010 Leonem
3144 4954 3332 5010 papam
3362 4942 3617 4993 atrocitas
3647 4949 3854 5008 patrata

2286 5012 2404 5076 fuit,
2429 5008 2742 5079 dignitatem
2768 5008 3273 5079 archiepiscopalem
3311 5010 3521 5079 publice
3544 5024 3854 5079 assumpse-

2286 5081 2376 5143 rit,
2404 5090 2460 5134 et
2493 5077 2758 5132 Mcuinus
2801 5085 2926 5130 ante
2960 5077 3105 5129 illum
3136 5077 3334 5131 annum
3375 5077 3499 5141 800,
3538 5077 3591 5130 id
3620 5077 3857 5133 est'antc

2284 5149 2520 5202 medium
2550 5149 2674 5200 anni
2699 5148 2800 5201 799
2841 5146 3241 5214 gratulatoriam
3284 5146 3507 5199 miserit.
3548 5147 3669 5202 Vid.
3714 5147 3856 5202 Han—

2285 5219 2381 5271 siz.
2407 5226 2538 5269 tom.
2566 5215 2606 5268 ll
2627 5215 2819 5286 Germ.
2852 5216 3004 5269 Sacr.
3044 5233 3097 5286 p.
3129 5215 3249 5286 110.

2355 5300 2380 5326 ι
2405 5285 2502 5355 Ed.
2522 5286 2659 5339 Mab.
2682 5286 2745 5337 10
2761 5285 2944 5354 (Frob.
2958 5284 3252 5355 83)'coll_ata
3267 5299 3387 5338 cum
3401 5288 3519 5341 cod.
3539 5302 3639 5343 ms.
3657 5285 3855 5342 Salisb.

2354 5356 2383 5395 h
2415 5352 2525 5425 Viri
2544 5352 2834 5425 fortissimi.
2859 5352 3119 5425 Nimirum
3135 5353 3394 5425 Henricus
3416 5372 3511 5411 seu
3538 5356 3726 5413 Ericus
3747 5357 3853 5409 dux

2284 5423 2667 5492 Forojuliensis
2707 5426 2861 5494 juxta
2892 5424 3226 5477 Tarsaticam
3271 5424 3540 5480 Liburnia:
3582 5428 3856 5481 civitatem

2286 5495 2492 5564 insidiis
2522 5495 2721 5564 civium
2736 5508 3054 5564 oppressus;
3088 5504 3141 5546 et
3153 5494 3415 5549 Gcroldns
3438 5496 3692 5549 Baioaria:
3712 5509 3855 5564 pra:-

2287 5563 2751 5619 fectusmmmisso
2773 5561 2908 5616 eum
2948 5561 3212 5619 Avarihus
3239 5564 3377 5619 bello
3398 5565 3517 5621 Kal.
3548 5561 3856 5631 Septeinbr.

2286 5636 2494 5689 occisus
2522 5648 2661 5689 anno
2681 5631 2801 5687 799.
2826 5632 2941 5687 νεα.
2969 5631 3368 5689 Αιιιιειῌῖτδιις.
3386 5634 3451 5688 ad
3468 5635 3606 5687 hunc
3635 5650 3857 5692 annum.
