4238 6240
365 374 465 431 509
1395 379 1407 390 ⁸
1608 376 1613 381 ”
1794 371 2169 428 ΕΡΙΞΪΟΙΑΕ.

3486 369 3588 423 510

361 486 460 552 Qui
499 495 678 540 castra
725 484 924 538 Christi
974 484 1310 546 custodiunt,
1367 484 1585 552 vigilare
1618 484 1834 547 debent,
1870 498 1941 561 et
1967 489 2014 545 Α
2044 490 2211 542 tarius
2239 503 2424 557 passer
2461 489 2621 542 sciret
2651 488 2703 541 in
2747 494 2921 552 tecto,
2958 500 3075 556 qua:
3108 496 3247 541 esset
3277 488 3585 541 comenictr

362 586 465 629 non
494 573 747 629 dormire.
802 574 938 639 Quia
977 573 1322 642 vigilantibus
1360 582 1415 626 et
1447 589 1552 626 non
1591 570 1791 626 desidia
1823 580 1934 640 tor:

358 663 606 731 pentibus
628 663 866 730 perpetui
899 661 1048 729 regni
1076 661 1408 730 promittitur
1431 660 1619 731 gloria.
1676 712 1679 717 ,

428 750 635 818 Saepius
664 750 759 803 tibi
785 749 1140 817 scripsissem,
1170 748 1216 802 si
1244 749 1327 801 vel
1357 748 1498 802 fama
1529 757 1802 802 narrasset
1831 747 1931 801 mi-

358 840 451 902 hi,
489 839 580 893 ubi
620 848 671 893 te
709 838 952 893 chartula
987 852 1104 890 mea
1141 837 1381 891 invenire
1416 837 1688 890 valuisset.
1731 837 1929 890 Tamen

356 930 555 998 scripta
584 937 665 981 est
696 928 748 980 iu
776 926 937 980 corde
967 941 1086 980 meo
1126 926 1383 979 memoria
1424 926 1656 978 nominis
1692 925 1768 978 tui
1806 940 1931 978 cum

356 1016 493 1086 stylo
523 1015 820 1077 charitatis,
848 1030 954 1068 non
984 1028 1157 1082 penna
1186 1002 1444 1083 peritura,
1472 1014 1564 1067 sed
1585 1021 1932 1082 permanente

356 1105 617 1161 suavitate
639 1104 833 1172 saepius
854 1103 1189 1175 ingeminans
1210 1119 1275 1156 ex
1300 1103 1488 1157 intimo
1508 1103 1687 1157 cordis
1704 1101 1893 1156 affectu
1914 1119 1927 1153 :

355 1196 580 1260 Quando
605 1196 710 1248 erit
735 1193 821 1247 illa
843 1194 979 1258 dies,
1006 1203 1066 1247 ut
1087 1194 1248 1248 liceat
1267 1193 1395 1247 mibi
1419 1186 1710 1263 [Aquilam]
1734 1191 1933 1260 ample-

355 1286 491 1338 ctari
530 1298 728 1347 meum,
774 1292 831 1337 et
865 1282 1109 1338 dulcibus
1139 1283 1472 1352 amplexibus
1500 1282 1637 1336 colla
1666 1282 1935 1336 constrin-

355 1390 481 1441 gere
510 1373 685 1428 Patris
718 1373 1047 1428 venerandi!
1096 1374 1325 1427 Videsne
1362 1372 1538 1440 qualis
1576 1382 1660 1425 est
1694 1372 1934 1425 Charitas

357 1478 509 1526 vera,
528 1478 647 1531 qua:
668 1461 808 1514 nulla
828 1462 1215 1531 longinquitate
1237 1470 1503 1514 terrarum
1526 1461 1688 1514 dividi
1711 1459 1930 1530 poterit,

358 1551 500 1604 nulla
527 1551 793 1606 oblivione
820 1551 1004 1615 deleri,
1030 1551 1125 1606 sed
1153 1552 1321 1621 magis
1346 1552 1623 1621 magisque
1649 1552 1927 1606 accrescit.

429 1639 575 1692 Felix
613 1640 790 1691 anima
815 1654 934 1707 qua:
961 1639 1127 1693 Deum
1155 1638 1329 1709 diligit
1351 1641 1526 1693 soluta
1555 1642 1623 1694 ah
1650 1639 1807 1708 hujus
1835 1656 1931 1695 δω-
2009 1652 2015 1655 ‘

356 1726 459 1778 culi
508 1727 754 1789 nexibus,
803 1737 859 1780 ut
900 1728 1146 1795 proficiat
1190 1729 1242 1782 in
1278 1729 1523 1785 veritatis
1557 1731 1933 1796 soliditate,ct

2034 581 2106 634 tia
2135 580 2274 632 inter
2300 578 2535 631 Leonem
2566 588 2621 631 et
2644 577 2893 645 Aquilam
2921 594 2932 628 :
2958 584 3013 629 et
3046 575 3088 629 si
3112 576 3366 644 juventus
3386 577 3594 646 Aquila:

2031 666 2322 720 secundum
2370 665 2702 733 prophetiam
2729 664 3114 734 Psalmigraphi
3144 663 3364 735 (Psalm.
3396 681 3489 725 cu,
3517 666 3593 734 ii),

2033 760 2286 808 renovata
2324 762 2467 808 esset
2492 754 2547 806 in
2579 753 2860 822 pristinam
2901 754 3261 817 hilaritatem;
3292 761 3345 806 et
3373 754 3415 807 si
3459 770 3592 807 nova

2032 851 2316 913 surgerent
2348 852 2486 897 tecta
2516 843 2567 896 in
2596 842 2921 910 palustribus
2952 842 3189 909 perfidia:
3218 842 3420 905 lustris,
3456 852 3512 896 ct
3549 844 3593 896 si

2031 935 2141 989 Leo
2173 934 2340 989 ibices
2368 934 2520 1006 μὴ,
2549 934 2777 1005 hibiccs]
2814 947 3042 1002 sequens
3070 933 3292 1002 Alpinos
3318 934 3598 988 meditaret

2032 1025 2265 1078 transire
2291 1024 2471 1078 colles.
2515 1023 2710 1078 Passer
2734 1040 2894 1079 aures
2930 1025 3091 1077 habet
3118 1032 3368 1093 apertas;
3401 1027 3490 1079 sed
3539 1036 3597 1078 ut

2032 1115 2207 1176 video,
2250 1113 2602 1183 proverbialis
2637 1113 2692 1166 in
2738 1111 2916 1167 fabula
2964 1113 3119 1182 lupus
3160 1113 3299 1183 gallo
3347 1116 3470 1168 tulit
3503 1130 3595 1167 vo-

2033 1220 2172 1269 cem,
2205 1223 2270 1259 ne
2289 1205 2423 1259 forte
2447 1211 2709 1281 cantante
2726 1204 2818 1257 illo
2836 1204 3126 1271 apostolica
3152 1203 3361 1273 negatio
3378 1218 3596 1256 renova—

2033 1304 2184 1349 retur
2206 1295 2263 1347 in
2298 1295 2439 1349 Urbe
2464 1294 2697 1364 antiquae
2730 1290 3030 1364 potestatis,
3057 1301 3113 1346 et
3151 1294 3221 1347 sit
3247 1307 3398 1347 error
3425 1292 3599 1349 novis-

2032 1387 2199 1440 simus
2221 1385 2370 1454 pejor
2390 1387 2576 1455 priori.

2101 1476 2237 1542 Quid
2258 1478 2498 1544 pcecavit
2525 1462 2784 1551 Charitas,
2807 1494 2926 1548 qum
2950 1481 3099 1535 valen
3129 1480 3245 1552 (sic)
3288 1481 3418 1536 vidit
3436 1482 3596 1550 serip-

2032 1574 2165 1629 tum,
2187 1554 2315 1619 dum
2339 1564 2582 1634 perdices
2609 1580 2706 1635 per
2727 1558 2950 1636 campos
2979 1579 3257 1625 currentes
3288 1572 3353 1626 ad
3384 1571 3592 1625 habita-

2034 1659 2232 1712 tionem
2281 1657 2405 1728 galli
2443 1657 2602 1711 audio
2626 1659 2857 1713 venisse.
2908 1658 3148 1727 Perfecta
3186 1660 3415 1713 charitas
3458 1660 3599 1728 foras

2033 1747 2187 1800 mittit
2208 1747 2443 1800 timorem
2471 1746 2522 1816 (1
2551 1745 2710 1801 Joan.
2744 1764 2817 1811 tv,
2842 1748 2950 1817 l8),
2979 1763 3099 1818 quae
3123 1746 3446 1817 fulgentibus
3474 1763 3600 1802 ocu-

357 1816 629 1907 Ιιίξτνθθηξέξῑ
667 1817 733 1907 all
772 1817 963 1907 ἀίῗίηω
1005 1819 1354 1874 Ῐιε²ιίιίιάίιιί8
1394 1821 1674 1885 τίείοηεῐιιν
1720 1822 1809 1875 ubi
1852 1830 1934 1875 εει
1963 1827 2008 1887 Β
2036 1836 2210 1891 lorum
2241 1836 2453 1905 pupillis
2472 1839 2650 1892 omnia
2676 1816 2950 1906 perspicit,
3002 1816 3058 1891 et
3080 1816 3228 1892 claro
3251 1837 3465 1907 pietatis
3512 1837 3596 1890 iu-

357 1904 641 1973 tranquilla
697 1905 899 1968 lrctitia,
945 1914 1000 1959 et
1045 1906 1160 1960 sine
1213 1907 1317 1959 ulla
1367 1910 1767 1976 perturbatione
1816 1911 1924 1963 vita

355 2000 625 2062 perpetua.
686 1992 765 2047 Ad
812 2009 972 2063 quam
1017 1992 1346 2058 felicitatem,
1389 1996 1547 2051 Pater
1590 2008 1793 2062 sancte,
1843 2016 1929 2053 me

355 2087 603 2153 precibus
640 2095 813 2139 tecum
849 2086 1111 2142 deducere
1143 2097 1345 2157 satage,
1377 2098 1436 2141 ut
1464 2090 1517 2143 in
1545 2091 1761 2145 Christo
1784 2090 1930 2146 frua-

357 2191 477 2229 mur
512 2176 791 2230 dulccdine
826 2176 1108 2230 charitatis
1144 2186 1434 2246 perpetuae.
1485 2177 1671 2233 Saluta
1704 2196 1771 2234 ex
1809 2197 1930 2236 meo

356 2265 570 2319 nomine
595 2280 784 2319 omnes
813 2264 1009 2320 sanctae
1057 2266 1154 2321 Dei
1197 2267 1448 2323 Ecclesia:
1496 2270 1654 2332 filios,
1699 2272 1790 2342 qui
1836 2288 1930 2325 vo—

356 2352 560 2406 biscum
609 2354 718 2408 Deo
760 2355 1080 2418 deserviunt,
1126 2365 1181 2410 et
1223 2359 1398 2414 scribe
1437 2375 1629 2416 nomen
1668 2378 1846 2417 meum
1876 2364 1929 2418 in

354 2440 608 2493 cordibus
638 2442 849 2496 illorum
877 2444 976 2511 piae
1015 2444 1284 2512 petitionis
1318 2446 1533 2513 affectu,
1555 2466 1800 2519 quorum
1838 2468 1932 2507 no-

358 2530 501 2582 ruina
536 2530 675 2583 Deus
702 2530 948 2585 Christus
966 2524 1031 2586 'iu
1059 2536 1265 2590 caelesti
1296 2536 1433 2592 libro
1464 2540 1700 2594 scribere
1720 2540 1928 2607 jubeat,

358 2620 446 2687 qui
478 2620 554 2672 ait
580 2621 911 2675 charissimis
938 2624 1018 2677 sui
1049 2623 1249 2680 laboris
1281 2629 1443 2683 sociis
1472 2647 1485 2683 :
1512 2629 1776 2697 Gaudete,
1805 2634 1931 2703 quia

359 2714 570 2765 nomina
596 2723 760 2767 vestra
788 2716 976 2783 scripta
1004 2725 1123 2768 sunt
1153 2718 1205 2770 in
1231 2718 1371 2773 caelis
1398 2719 1547 2789 (Luc.
1577 2738 1635 2786 χ,
1661 2723 1773 2792 20).
1827 2725 1931 2777 Va-

359 2800 461 2853 lete
497 2817 684 2855 omnes
710 2801 937 2857 feliciter
961 2804 1014 2858 in
1043 2803 1245 2860 Christi
1273 2807 1666 2875 benedictione,
1696 2811 1929 2866 dilectis-

359 2889 476 2943 simi
506 2889 722 2947 fratres.

866 2984 1195 3042 EPISTOLA
1229 2991 1409 3045 XCIX.

1029 3092 1096 3130 an
1128 3079 1165 3097 "
1196 3091 1241 3129 ο.

957 3166 1134 3236 (Anno
1162 3168 1308 3239 799).
1348 3222 1349 3225 η

360 3274 592 3344 Epistula
616 3278 769 3331 initio
793 3281 1141 3349 a'nigmatica.
1187 3279 1339 3335 Illius
1368 3283 1676 3337 charitutcm
1719 3284 1927 3355 expetit.

426 3390 603 3443 Prima
652 3390 831 3444 littera
876 3391 1063 3459 prima:
1100 3400 1158 3445 et
1184 3393 1372 3460 quinta
1402 3394 1610 3449 decima
1639 3376 1804 3451 εείῖω
1844 3412 1932 3449 sa-

359 3488 539 3531 rratus
589 3478 645 3539 in
698 3479 951 3545 gradibus
996 3494 1252 3534 numerus
1293 3482 1532 3549 perfecto
1575 3486 1631 3540 in
1677 3486 1932 3555 operibus

360 3565 453 3619 llci
479 3566 728 3620 salutem.

427 3656 604 3720 Quare
632 3654 798 3708 frater
822 3654 907 3708 ille
944 3656 1128 3711 vacuis
1161 3658 1305 3710 venit
1336 3659 1701 3714 manibuan
1752 3660 1929 3729 lingua

359 3746 590 3813 portavit
631 3745 853 3798 auribus
887 3745 1020 3812 Ave,
1055 3746 1108 3800 iu
1144 3748 1393 3801 manibus
1443 3748 1679 3813 coculos,
1738 3750 1811 3803 nil
1848 3760 1930 3804 at-

358 3839 495 3893 tulit.
553 3838 631 3893 Tu
672 3854 799 3893 vero
846 3841 937 3907 qui
986 3841 1141 3896 sedes
1183 3842 1238 3895 in
1278 3841 1441 3904 bivio,
1487 3857 1654 3911 quare
1694 3843 1767 3896 nil
1811 3860 1928 3899 ecr-

362 3940 471 3981 lum
497 3928 833 3982 demaudasti
879 3929 954 3982 illi
1001 3930 1092 3998 qui
1143 3930 1350 3984 habitat
1369 3932 1423 3985 in
1455 3930 1705 3986 Mat-csa?
1768 3934 1926 3987 Corvi

358 4019 638 4073 volitantes
663 4034 759 4087 per
798 4019 1076 4073 cacumina
1123 4028 1390 4074 tectorum
1434 4022 1670 4077 clamant
1695 4040 1710 4087 ;
1734 4031 1789 4078 et
1830 4040 1924 4080 co—

358 4109 533 4163 lumba
583 4109 634 4161 iu
660 4110 983 4178 pavimentis
1009 4110 1212 4163 nutrita
1237 4110 1488 4165 Ecclesia:
1513 4120 1677 4177 tacet,
1701 4116 1785 4168 cui
1809 4131 1928 4169 ere-

356 4203 559 4267 dercm,
587 4202 629 4256 si
645 4201 771 4270 quid
796 4202 1017 4256 dixisset
1036 4201 1102 4255 de
1125 4200 1335 4271 Aquila,
1359 4202 1449 4271 qui
1478 4219 1649 4273 nuper
1670 4204 1925 4261 Romana:

358 4292 497 4346 arcis
540 4291 794 4346 deserens
820 4293 1119 4355 cacumina,
1150 4301 1210 4346 ut
1240 4294 1456 4347 biberet
1496 4293 1746 4350 Saxonici
1785 4298 1925 4351 ruris

357 4382 551 4445 fontes,
589 4390 644 4435 ct
664 4383 868 4436 videret
897 4382 1125 4436 Leonem
1164 4385 1371 4438 cunctis
1399 4384 1760 4441 dominantem
1808 4389 1922 4440 ani-

2036 1928 2171 1982 tuitu
2182 1937 2386 1982 certam
2400 1929 2632 1983 salubris
2645 1928 2852 1983 consilii
2869 1942 3078 1998 semper
3093 1928 3327 1982 inveniet
3341 1927 3596 1998 regulam.

2035 2017 2106 2072 Ut
2138 2018 2347 2071 videtur
2373 2018 2546 2086 gallus
2577 2032 2767 2071 versus
2791 2025 2885 2101 est,
2908 2017 2960 2071 in
2992 2018 3261 2083 cuculum,
3294 2018 3381 2085 qui
3416 2017 3599 2071 testivo

2032 2106 2405 2163 cancri‘sidere
2418 2106 2529 2160 sole
2554 2107 2871 2160 ascendente
2898 2107 3054 2160 silere
3075 2107 3230 2171 solet,
3257 2107 3383 2162 dum
3410 2107 3602 2162 nidifer

2030 2210 2217 2266 passer
2259 2195 2406 2250 omni
2442 2193 2721 2264 aequaliter
2754 2195 2932 2249 sidere
2966 2196 3021 2248 in
3052 2196 3207 2250 tectis
3235 2196 3397 2250 tinnit
3428 2195 3600 2263 fuligi-

2034 2289 2199 2352 nosis,
2249 2290 2341 2358 qui
2382 2288 2542 2344 modo
2578 2303 2761 2343 mense
2797 2288 3319 2358 Septembrionidum
3367 2289 3598 2343 revisere

2032 2379 2176 2434 volat
2212 2388 2467 2444 amatum,
2494 2388 2555 2433 ut
2578 2379 2769 2450 pullos,
2801 2380 2972 2434 avidis
3012 2380 3224 2434 hiantes
3267 2379 3455 2434 rostris
3482 2381 3597 2450 pie-

2034 2470 2162 2525 tatis
2203 2479 2390 2540 pascat
2423 2469 2697 2540 granulis;
2731 2478 2923 2539 optans
2970 2479 3031 2524 ut
3076 2471 3399 2540 quandoque
3442 2485 3600 2541 super

2035 2562 2179 2630 n'pas
2206 2562 2234 2599 ιι
2261 2561 2457 2631 piscosi
2502 2559 2735 2615 fluminis
2777 2561 2903 2630 galli
2946 2576 3131 2616 vocem
3165 2561 3343 2615 valere
3390 2559 3601 2633 [Fortc,

2034 2651 2229 2723 valide]
2266 2667 2461 2707 sonare
2487 2652 2708 2717 audiat;
2741 2660 2797 2707 et
2819 2653 2908 2721 qui
2937 2668 2995 2707 se
3028 2653 3220 2723 pennis
3246 2653 3481 2708 excitare
3518 2666 3603 2707 so-

2033 2741 2106 2795 let
2151 2742 2385 2809 propriis
2424 2740 2487 2793 ad
2526 2740 2869 2795 matutinales
2917 2741 3194 2806 melodias,
3242 2756 3512 2811 passerem
3551 2740 3601 2795 in

2031 2828 2299 2899 pullorum
2335 2830 2511 2882 medio
2538 2829 2813 2882 exhortari
2841 2830 3040 2883 veniat.
3158 2902 3161 2905 δ

2100 2916 2146 2972 Ο
2180 2919 2340 2986 quam
2365 2918 2535 2972 dulcis
2557 2917 2839 2973 cbaritatis
2860 2920 3000 2972 vox!
3028 2933 3188 2988 quam
3211 2918 3458 2974 amabilia
3479 2936 3602 2990 gger-

2035 3020 2205 3064 manat
2249 3008 2550 3063 dilectionis
2585 3008 2923 3061 hortamenta
2961 3008 3015 3062 in
3042 3009 3265 3063 auribus
3291 3007 3468 3063 cordis
3512 3008 3599 3064 sol

2037 3117 2166 3157 nare
2190 3102 2399 3157 solent!
2432 3100 2548 3156 Noli
2586 3116 2775 3155 manus
2803 3100 3050 3156 claudere
3070 3100 3362 3155 seminibus
3398 3100 3599 3171 plenas,

1962 3168 2006 3226 ϐ
2039 3194 2165 3261 quia
2210 3193 2299 3262 qui
2340 3192 2656 3255 frumentum
2701 3192 2987 3253 abscondit,
3038 3190 3344 3245 maledicta:
3382 3168 3514 3254 erit;
3554 3204 3600 3246 ct

2029 3293 2121 3362 qui
2144 3288 2471 3360 multiplicat,
2500 3288 2904 3342 benedictionem
2932 3290 3137 3358 recipiet
3171 3287 3353 3356 (Prov.
3385 3304 3455 3349 xr,
3480 3288 3593 3352 96).

2031 3382 2201 3451 Quale
2226 3381 2330 3437 erit
2353 3380 2638 3449 judicium,
2668 3380 2757 3450 qui
2793 3380 2992 3448 petenti
3024 3376 3207 3451 negat,
3232 3380 3372 3449 quod
3403 3380 3602 3436 nolenti

2034 3476 2276 3545 ingerere
2313 3472 2539 3528 debuit?
2566 3469 2843 3537 Quomodo
2870 3470 3065 3525 crescit
3104 3471 3195 3541 qui
3233 3487 3337 3526 non
3366 3472 3599 3527 semina—

2032 3579 2119 3621 tur
2138 3569 2162 3619 ?
2183 3566 2312 3632 Quae
2340 3580 2549 3619 merces
2575 3565 2835 3632 speranda
2864 3572 2947 3618 est
2969 3562 3201 3618 fructum
3223 3580 3328 3617 non
3353 3562 3602 3618 facienti?

2032 3653 2127 3710 Vel
2171 3656 2440 3724 quomodo
2481 3652 2687 3706 fructus
2711 3653 2927 3716 crescit,
2976 3653 3020 3706 si
3057 3653 3262 3707 semina
3298 3668 3400 3705 non
3446 3666 3597 3719 spata

2027 3742 2265 3817 gonttir?
2313 3743 2462 3799 Beati
2501 3743 2593 3813 qui
2640 3745 2908 3797 ser'ninant
2961 3758 3123 3811 super
3166 3730 3355 3797 omnes
3409 3757 3595 3811 aquas.

2030 3838 2383 3893 inunittcutes
2438 3834 2629 3904 pedem
2674 3833 2826 3888 bovis
2882 3833 3233 3887 ecclesiastici
3286 3832 3493 3887 ordinis
3542 3845 3598 3887 et

2029 3930 2163 3985 asini
2188 3927 2429 3997 plebialis
2455 3926 2618 3980 curiae
2642 3942 2656 3990 ;
2684 3934 2739 3979 et
2763 3925 2806 3979 si
2847 3938 3001 3978 mane
3038 3923 3225 3993 prima!
3268 3923 3443 3978 anatis
3488 3940 3595 3977 non

2027 4020 2219 4084 fecisti,
2253 4018 2339 4071 vel
2362 4019 2517 4072 modo
2550 4008 2771 4085 vespere
2802 4013 3002 4068 ultima:
3022 4013 3236 4068 canitiei
3266 4012 3452 4069 facias.
3490 4012 3595 4066 Me-

2026 4110 2130 4164 lius
2170 4118 2253 4162 cst
2295 4107 2715 4176 distxrnsatorem
2758 4117 2879 4157 esse
2915 4103 3072 4173 panis
3116 4102 3380 4172 perpetui,
3434 4117 3593 4170 quam

2025 4201 2235 4254 rustica:
2281 4195 2654 4267 negotiationis
2689 4193 2992 4257 divisorem,
3044 4193 3170 4263 quia
3218 4209 3333 4263 qua:
3378 4193 3595 4246 semina:

2023 4288 2195 4350 homo,
2226 4288 2335 4339 lucc
2354 4295 2401 4337 et
2431 4292 2579 4337 metet
2605 4281 2746 4353 (Cal.
2774 4299 2849 4347 vt,
2877 4282 2953 4352 8).

2095 4388 2232 4441 Ecce
2272 4401 2380 4455 quo
2408 4400 2492 4440 me
2516 4383 2763 4455 perduxit
2793 4384 3031 4439 Charitas
3054 4385 3067 4436 !
3092 4385 3196 4438 mei
3237 4384 3452 4445 oblitus,
3485 4384 3595 4451 pel-

358 4473 624 4525 mantibus
657 4479 711 4524 et
746 4470 910 4533 feris;
938 4471 1019 4523 vel
1058 4472 1185 4539 quid
1224 4474 1427 4526 merula
1474 4484 1655 4528 nostra
1691 4475 1920 4529 volitans
1952 4498 2002 4555 D
2024 4479 2099 4531 les
2126 4492 2410 4545 caprarum
2453 4476 2517 4528 ad
2554 4475 2861 4527 sacrarium
2895 4472 3140 4526 deferens
3187 4472 3405 4527 Christi.
3459 4470 3593 4524 Nam

359 4563 498 4615 inter
529 4560 647 4615 illos
668 4559 805 4630 gallo
831 4560 1541 4623 tlcxnaudasset'monastico,
1573 4564 1662 4629 qui
1684 4564 1924 4618 excitare

357 4650 491 4704 solet
520 4650 715 4705 fratres
740 4650 807 4704 ad
832 4649 1044 4718 vigilias
1077 4649 1403 4712 matutinas;
1433 4658 1491 4702 ut
1520 4666 1616 4718 per
1652 4666 1771 4703 eum
1798 4652 1924 4705 soli-

424 4800 449 4825 ι
482 4784 708 4851 Froben.
731 4781 849 4835 172.
868 4781 993 4836 Haec
1014 4780 1240 4850 epistola
1262 4781 1414 4835 initio
1431 4795 1652 4847 prorsus
1665 4781 1919 4849 rcuigma-

358 4856 461 4909 tica
502 4850 605 4915 est,
644 4865 745 4906 nec
764 4851 992 4904 divinari
1023 4859 1198 4918 potest
1216 4852 1337 4971 quis
1362 4850 1506 4920 galli,
1529 4851 1649 4918 quis
1675 4853 1921 4918 passeris,

358 4924 476 4971 [Illis
488 4920 718 4971 mei-ultr.
732 4919 1085 4971 etc..notnine
1098 4919 1226 4971 intel
1252 4920 1441 4971 iaatur.
1459 4920 1644 4971 Aquila
1657 4922 1752 4971 alis
1762 4921 1921 4971 dubio

356 4924 476 4991 quis
488 4920 718 4985 merultr,
732 4930 836 4991 etc.
847 4919 1441 4991 ,‘nutninejntelligatur.
1458 4920 1644 4991 Aquila
1657 4922 1752 4974 abs
1762 4921 1924 4975 dubio

356 4986 439 5047 est
463 4993 607 5046 Arno
632 4989 1064 5058 archiepiscopus
1082 4986 1523 5058 Salisburgensis,
1545 4990 1611 5041 ad
1633 5005 1790 5057 quem
1818 4991 1924 5042 l‘or-

359 5064 515 5118 tassis
533 5063 646 5116 hate
668 5054 885 5128 epistola
908 5054 1107 5128 directa
1130 5064 1242 5128 est;
1275 5054 1376 5128 ιέίο
1401 5072 1526 5108 vero
1554 5054 1789 5123 pontifex
1820 5058 1926 5128 llo-

358 5147 568 5193 ntanus,
591 5131 681 5199 qui
700 5122 843 5183 anno
864 5126 966 5182 799
986 5126 1264 5199 atrocibus
1291 5122 1651 5199 Rornanormn
1680 5126 1923 5179 manibus

357 5203 443 5255 vix
478 5194 696 5267 ereptus
731 5198 799 5267 ad
843 5197 1095 5267 Caroltun
1133 5208 1310 5262 regem
1354 5195 1406 5246 in
1457 5194 1919 5267 Saxoniatn_pro—_

357 5270 528 5324 fectus
554 5263 654 5321 est.
692 5265 1016 5335 Eo“quidem
1052 5264 1433 5335 Arnoquoque
1460 5264 1636 5327 venit,
1672 5272 1725 5318 et
1758 5263 1920 5318 Leoni

356 5337 590 5408 pontifici
647 5351 744 5408 sua
792 5332 1554 5408 o'lliciaAimpcndit.‘eumque
1591 5335 1925 5408 postea_Ro—

359 5400 497 5462 inam
520 5446 535 5467 ,
588 5404 856 5473 mandato?
884 5404 1056 5473 regis,
1084 5400 1366 5473 —deduxit._
1404 5400 1725 5473 Quod_vcr0
1776 5400 1923 5454 Arno

359 5478 542 5533 eodem
584 5488 726 5528 anno
768 5472 870 5525 799
904 5469 1030 5526 dum
1070 5482 1223 5525 atrox
1261 5469 1435 5523 scelus
1478 5470 1529 5522 in
1570 5470 1797 5523 Leonem
1833 5487 1923 5539 pa—

361 5556 557 5602 tratum
612 5542 750 5605 fuit,
808 5541 988 5594 Romae.
1034 5543 1206 5594 adhuc
1255 5548 1615 5593 commoratus
1668 5549 1721 5592 et
1775 5540 1919 5592 illum

363 5618 414 5670 in
445 5614 734 5670 Saxoniam
770 5611 1055 5664 comitatus
1085 5611 1172 5669 sit,
1200 5610 1338 5677 quod
1378 5610 1461 5677 hic
1504 5608 1760 5662 Alcoinos
1794 5610 1921 5662 ἰηςὶ-

364 5700 529 5739 nuare
555 5684 783 5740 videtur,
824 5681 946 5732 dum
991 5679 1099 5729 ait:
1134 5676 1450 5743 De’Aqnila,
1492 5680 1578 5745 qni
1611 5694 1771 5745 ηηρρν
1820 5678 1922 5729 ηο-

369 5770 533 5808 ηιαησ·
557 5756 693 5807 arei;
716 5752 940 5805 datm»
964 5746 1255 5809 cacumina,
1279 5755 1405 5809 ctc.,
1430 5762 1583 5801 nemo
1603 5748 1734 5803 alius
1757 5749 1895 5816 scrip
1916 5780 1919 5783 -

2022 4582 2120 4621 cor
2152 4576 2302 4619 tuum
2331 4564 2535 4619 Christi
2573 4563 2917 4632 cognoscitur
2952 4562 3238 4615 thesaurus
3272 4560 3423 4630 [.lls.,
3471 4561 3590 4614 thc~

2024 4654 2293 4724 saurum],
2365 4654 2505 4706 unde
2558 4654 2777 4721 [Iuntina
2822 4668 2970 4720 aqua:
3030 4653 3155 4705 viva!
3204 4650 3369 4704 fluere
3421 4649 3593 4705 solent

2024 4794 2198 4837 torum
2234 4781 2455 4835 notavit.
2494 4780 2648 4834 Anno
2674 4794 2903 4850 namque
2933 4777 3034 4850 797
3060 4793 3089 4850 a
3127 4775 3319 4832 Carolo
3360 4793 3483 4848 rege
3519 4778 3591 4832 le-

2024 4865 2177 4923 gatus
2222 4853 2447 4906 Romam
2481 4851 2675 4923 missus
2703 4860 2813 4923 est,
2859 4849 2949 4903 sed
3002 4849 3311 4923 indeAanno
3349 4852 3589 4923 sequenti

2027 4915 2170 4978 illum
2212 4924 2433 4977 rediisse
2459 4921 2525 4975 cl.
2556 4920 2853 4979 llausizius,
2888 4928 3016 4973 tom.
3050 4916 3089 4971 ll
3118 4915 3300 4972 Germ.
3336 4932 3499 4969 saera)
3538 4918 3589 4968 in

2027 4996 2255 5051 .-\rnoue.
2298 5008 2351 5044 n.
2382 4992 2453 5045 20
2496 4998 2550 5040 et
2585 4989 2673 5049 ‘22,
2707 4991 2890 5041 multis
2930 4989 3139 5052 probat,
3169 4995 3222 5040 ct
3260 5001 3321 5039 ev
3354 4983 3590 5052 epistolis

2025 5062 2391 5131 superiorilnts
2440 5058 2613 5131 colligi
2658 5072 2814 5131 posse
2861 5053 3090 5111 videtur.
3133 5053 3398 5131 Fortassis
3448 5053 3586 5131 idem

2023 5122 2165 5182 auito
2209 5130 2311 5182 799
2337 5130 2459 5179 dum
2505 5122 2625 5180 odia
2660 5122 2724 5179 in
2746 5128 2976 5179 Leonem
3010 5126 3180 5194 magis
3204 5122 3585 5194 ferverentLilg

2024 5200 2109 5269 loc
2137 5213 2234 5265 pro
2276 5196 2513 5269 dissidiis
2552 5197 2821 5264 sopiendis
2873 5197 3065 5269 iterato
3097 5190 3304 5269 :missus
3332 5198 3431 5243 est.
3454 5190 3585 5269 JScit

2022 5260 2153 5334 quis
2188 5281 2251 5318 ex
2299 5266 2381 5319 his
2418 5260 2761 5335 aenigmatum
2819 5260 3280 5335 tenebrislqu
3308 5260 3588 5335 excutiat}

2092 5336 2119 5373 ι’
2151 5335 2350 5387 Piscosi
2390 5327 2637 5401 ﬂuminis.
2686 5333 2914 5398 Ligerim
2953 5328 3191 5401 fluvium,
3239 5327 3479 5401 Turonos
3507 5328 3585 5401 al;

2024 5404 2277 5461 liuentem.
2328 5395 2424 5455 alis
2468 5403 2625 5457 dubio
2666 5395 2853 5462 notat;
2909 5401 2973 5452 de
3013 5412 3119 5465 quo
3144 5398 3197 5450 iu
3240 5395 3462 5464 cpistola
3513 5397 3583 5449 29

2024 5479 2186 5537 (nime
2215 5472 2303 5537 5i)
2341 5474 2450 5524 ait:
2500 5490 2517 5519 1
2543 5470 2730 5522 Nescio
2756 5468 2821 5519 de
2866 5475 3048 5520 nostro
3076 5467 3284 5527 itinere,
3324 5465 3451 5532 quid
3481 5468 3587 5519 erit

2024 5536 2370 5595 futurum...”
2410 5557 2475 5593 an
2520 5538 2879 5605 Aligercnsctu
2932 5536 3144 5588 lluvinm
3186 5544 3475 5605 revertere,
3528 5544 3587 5605 et.

2026 5613 2096 5664 illi
2145 5610 2411 5674 Salnmttes
2457 5602 2687 5661 natando
2720 5605 2985 5668 colligere.
3023 5624 3040 5654 1
3080 5606 3142 5657 [ﬁt
3181 5605 3232 5674 in
3260 5602 3483 5673 epistola
3514 5604 3582 5659 87

2025 5682 2183 5747 (nunc
2217 5677 2335 5747 10.1)
2360 5684 2529 5747 optat,
2568 5684 2628 5729 ut
2674 5675 2904 5747 {Aquila
2932 5674 3117 5746 (Arno)
3150 5673 3377 5728 volassct
3414 5687 3583 5743 usque

2027 5744 2087 5801 ad
2112 5744 2433 5815 piscatinucs
2462 5744 2637 5816 Ligeri
2666 5744 2917 5801 ﬂuminis.
2954 5763 2972 5797 ›
