4226 6240
644 388 736 443 δη

1500 397 1556 448 Β.
1599 396 1658 450 l".
1703 398 1921 450 ALBINI
1962 400 2089 453 δεῖ
2130 398 2399 453 ALCl’lNl
2437 400 2716 457 OPERL'M
2756 401 2931 457 PARS
2962 402 3000 456 l.
3073 406 3079 412 ”

3758 398 3861 456 512

641 501 821 565 (Jama.
862 517 958 566 vu,
1011 503 1120 565 58;.
1176 504 1229 555 Si
1283 506 1494 556 modum
1539 505 1767 566 excessi,
1809 505 2048 574 ignOscat
2097 505 2187 573 qui
2220 509 2263 563 Α
2291 504 2452 573 Cujus
2477 507 2669 561 solium
2698 508 2921 577 dissipat
2941 508 3307 575 iniquitatem;
3338 504 3489 574 cujus
3510 507 3683 561 vultus
3714 522 3861 564 reve-

642 592 825 665 [Forte
862 594 962 665 leg.
1009 597 1133 666 quia
1171 595 1429 666 charitas]
1463 596 1680 650 modum
1729 612 1834 650 non
1881 598 2059 659 habet,
2108 597 2199 665 qui

642 684 820 739 omnia
861 686 1107 741 sustinet.
1138 684 1315 738 Trahe
1349 700 1432 737 me
1459 692 1576 753 post
1603 694 1657 737 te
1689 683 1957 753 precibus,
1987 693 2045 737 ut
2080 700 2202 738 cur-

645 789 825 828 ramus
849 775 1008 830 simul
1036 776 1101 828 ad
1131 776 1371 827 liravium
1395 788 1639 841 supernae
1666 772 1961 827 vocationis
1985 789 1999 827 :
2027 774 2201 828 virtus

645 862 857 922 defecit.
893 864 995 917 nisi
1027 863 1262 916 fraterna
1293 861 1588 915 consolatio
1617 861 1857 915 sublevet
1892 861 2113 924 lassum,
2145 869 2201 914 et

642 952 815 1022 erigat
834 951 1123 1020 jacentem.
1156 951 1295 1015 Quid
1320 959 1403 1004 est
1438 948 1577 1017 quod
1615 949 1848 1003 charitas
1879 964 1983 1002 non
2009 948 2195 1018 possit,

644 1043 769 1095 dum
805 1044 859 1093 in
884 1053 950 1094 eo
973 1040 1162 1107 estqui
1198 1040 1378 1093 omnia
1414 1038 1628 1107 potest?
1650 1037 1766 1091 Noli
1805 1036 2074 1107 negligere
2100 1034 2203 1091 fra-

643 1140 847 1184 ternam
877 1130 1122 1183 salutem.
1152 1128 1396 1182 Christus
1431 1129 1663 1196 seipsum
1697 1142 1794 1196 pro
1833 1126 2203 1195 peccatoribus

645 1218 902 1282 tradidit;
955 1218 1081 1286 quid
1135 1224 1190 1270 tu
1244 1217 1404 1271 verba
1466 1215 1755 1269 subtrahis.
1790 1214 2198 1277 exhortationis,

645 1310 730 1362 cui
764 1307 852 1362 ille
879 1311 1193 1378 sanguinem
1224 1323 1378 1360 suum
1406 1321 1512 1359 non
1538 1304 1793 1371 negavit?
1823 1303 2069 1373 Nunquid
2100 1303 2199 1356 ali—

638 1415 797 1466 quem
841 1398 1179 1468 peregrinum
1218 1399 1483 1451 aestimare
1523 1398 1703 1460 debes,
1740 1395 1864 1449 dum
1909 1412 2097 1451 omnes
2147 1396 2199 1449 in

640 1489 856 1543 Christo
877 1496 998 1542 sunt
1030 1487 1215 1542 cives?
1238 1487 1485 1540 Charitas
1508 1499 1905 1567 ρει-ξοπιες)οη
1934 1485 2197 1549 miratur;

636 1593 819 1635 saccos
861 1574 1110 1648 pertusas
1142 1592 1243 1630 non
1277 1576 1455 1638 habet,
1492 1588 1590 1629 nec
1638 1582 1923 1643 congregat
1976 1572 2201 1627 densum

635 1669 806 1721 lutum
846 1681 1008 1739 super
1047 1681 1140 1730 sc;
1174 1666 1265 1719 sed
1293 1672 1373 1717 est
1409 1664 1667 1725 modesta,
1705 1662 1955 1729 benigna,
1993 1661 2202 1716 miseri-

635 1771 757 1811 cors
785 1765 837 1810 et
864 1755 1104 1810 clemens
1126 1771 1144 1816 ;
1164 1755 1219 1809 in
1254 1769 1359 1823 qua
1383 1762 1432 1807 te
1457 1753 1743 1814 custodiat,
1774 1752 1864 1819 qui
1892 1760 1945 1805 te
1986 1751 2039 1804 iu
2062 1750 2201 1805 ovile

634 1845 976 1915 congregavit
1011 1844 1173 1907 illius,
1202 1843 1532 1897 transferens
1560 1843 1625 1895 de
1656 1838 1905 1896 ﬂuctibus
1950 1838 2049 1895 feri
2085 1856 2197 1895 ma-

634 1938 729 1997 ris,
759 1945 816 1988 ut
839 1948 988 1988 esses
1018 1934 1173 1995 aries,
1213 1933 1297 1987 cui
1339 1932 1481 1986 nulla
1520 1931 1817 2001 iniquitatis
1843 1938 2081 1998 potestas
2110 1946 2195 1986 re-

632 2027 822 2078 sistere
852 2024 1121 2077 valuisset.
1160 2020 1359 2089 Adjuva
1383 2029 1710 2090 precantem,
1740 2029 1801 2073 ut
1826 2020 2004 2073 vincat
2029 2020 2084 2074 in
2106 2034 2194 2087 co,

637 2115 728 2181 qui
752 2114 881 2167 vicit
906 2115 958 2166 in
990 2121 1043 2165 te
1067 2109 1226 2178 hujus
1253 2111 1429 2175 sreculi
1460 2110 1763 2172 vanitates;
1790 2108 1879 2177 qui
1910 2124 2039 2163 voce
2062 2125 2193 2165 con-

633 2204 887 2256 solatoria
924 2202 1036 2254 suis
1060 2201 1197 2254 dixit
1234 2200 1541 2268 discipulis:
1575 2197 1698 2252 "(rc
1724 2197 1926 2251 loeutus
1951 2214 2065 2251 sam
2104 2214 2195 2273 po-

630 2296 723 2357 liis,
768 2306 821 2347 ut
860 2294 913 2347 in
960 2309 1038 2346 me
1068 2309 1247 2363 pacem
1287 2291 1555 2351 habeatis;
1588 2291 1641 2343 in
1673 2288 1868 2342 mundo
1900 2304 2195 2357 pressaram

634 2384 909 2446 habebitis,
952 2382 1040 2434 sed
1072 2380 1335 2447 conﬁdite,
1358 2380 1480 2448 quia
1510 2395 1601 2446 ego
1624 2377 1717 2430 eici
1740 2375 1989 2428 mundum
2014 2374 2192 2443 (Joan.

639 2488 747 2533 xvi,
778 2470 891 2539 5'5).
922 2470 1171 2525 Christus
1204 2468 1293 2520 Dci
1338 2466 1502 2519 Filius
1546 2474 1596 2518 te
1645 2465 1902 2535 victorem
1941 2460 2102 2517 faciat
2144 2473 2199 2516 et

632 2562 877 2624 exaudiat
907 2561 1126 2615 inomni
1153 2574 1329 2628 prece.
1366 2555 1679 2611 charissime
1709 2553 1892 2605 frater.

1169 2681 1195 2709 -
1238 2667 1567 2722 EPISTOLA
1596 2667 1656 2720 c.
1717 2651 1723 2657 '

1136 2755 1201 2793 AD
1237 2753 1448 2792 DODINEII
1491 2752 1682 2789 ιιιῖοειι.

1227 2832 1401 2899 (Anno
1440 2828 1589 2897 800.)

626 2920 816 2976 Carolo
842 2925 1042 2977 iteratis
1067 2923 1250 2975 litteris
1275 2920 1560 2987 respondet.
1597 2920 1795 2972 Laudat
1824 2920 2083 2988 religionis
2112 2938 2196 2974 ze—

696 2993 826 3055 lum,
846 2994 1107 3061 pietatem,
1143 2989 1363 3061 regalem
1388 2989 1705 3061 potentiam;
1734 2992 2035 3042 memoriam
2066 2991 2195 3059 facit

693 3066 757 3114 de
782 3058 1094 3135 quibusdam
1120 3059 1312 3112 chartis
1352 3058 1597 3126 compati.

694 3150 980 3205 Benedicto
1006 3158 1167 3218 atque
1191 3149 1335 3203 omni
1366 3150 1638 3217 sapientia:
1662 3147 1855 3201 decore
1885 3146 2194 3215 praefulgido
2219 3161 2265 3224 ρ

626 3238 792 3293 David
818 3239 948 3309 regi,
979 3236 1201 3293 Flaccus
1232 3238 1453 3294 Albinus
1480 3239 1530 3291 in
1560 3237 1776 3292 Christo
1804 3236 2047 3289 salutem.

608 3313 613 3318 ’
698 3328 865 3397 Licet,
896 3329 1139 3400 proxime
1189 3328 1258 3382 ad
1315 3328 1652 3382 clementiam
1699 3334 1933 3381 vestram
1980 3328 2192 3395 gemina

626 3419 821 3489 scripta
851 3418 1156 3480 direxerim,
1187 3431 1416 3486 quorum
1444 3432 1607 3473 unum
1641 3416 1878 3472 debitum
1914 3416 2193 3469 salutatio—

626 3509 709 3561 nis
731 3504 975 3579 impleret
1006 3502 1301 3579 [ofﬁcium],
1343 3504 1488 3559 aliud
1504 3503 1798 3573 cujusdam
1837 3503 2193 3572 responsionis

620 3600 740 3667 jura
788 3599 989 3654 teneret
1020 3616 1033 3651 :
1068 3609 1245 3653 tamen
1291 3595 1573 3652 occasione
1617 3606 1810 3650 vestra!
1850 3592 2194 3651 beatitudinis

627 3691 924 3746 litterarum
951 3696 1188 3759 accepta,
1219 3688 1540 3756 respondere
1563 3694 1848 3754 utrumque
1873 3683 2005 3756 [AL,
2026 3684 2190 3750 utris—

622 3798 725 3850 que
743 3825 755 3847 ,
781 3784 913 3851 forte
938 3778 1235 3852 utcunque]
1258 3779 1528 3844 convenit,
1551 3772 1686 3847 quas
1712 3777 1910 3833 lumine
1938 3785 1993 3831 et
2019 3778 2192 3832 scien-

624 3873 710 3924 tia:
730 3881 783 3924 et
806 3872 1047 3923 veritatis
1066 3869 1404 3937 indagatione
1424 3867 1608 3936 plenas
1628 3874 1946 3923 venerantet
1964 3866 2145 3934 accepi
2173 3882 2188 3929 ;

622 3968 898 4026 ct-magno
924 3957 1213 4026 gratiarum
1244 3955 1470 4010 actionis
1503 3954 1679 4008 studio
1717 3954 1883 4008 Deum
1920 3953 2186 4017 benedixi,

622 4048 711 4116 qui
740 4048 937 4100 virtute
963 4046 1084 4100 lidei
1114 4056 1169 4099 et
1205 4045 1428 4099 rationis
1452 4043 1779 4112 experientia
1807 4050 1995 4096 vestra:
2020 4041 2191 4111 pieta-

624 4140 692 4191 tis
716 4147 902 4206 pcctus
931 4136 1266 4189 abundanter
1290 4134 1491 4204 implet.
1530 4134 1605 4186 Ita
1624 4138 1686 4186 ‘ut
1712 4132 1763 4186 in
1792 4148 1858 4187 eo
1881 4132 2191 4202 praerogati—

624 4244 684 4280 va
711 4225 1057 4281 sacerdotalis
1081 4225 1353 4287 doctrina),
1384 4224 1669 4277 voluntatis
1695 4224 1885 4293 pietas,
1915 4232 1970 4276 et
1996 4222 2190 4291 regalis

622 4316 857 4384 potentia
880 4316 1249 4383 splendescere
1272 4312 1649 4382 comprobetur
1677 4313 1907 4365 maxime
1932 4328 1944 4363 :
1970 4311 2095 4379 quia
2132 4309 2190 4363 fi—

620 4404 713 4456 des
739 4402 1023 4463 catholica,
1055 4418 1173 4470 quae
1200 4403 1398 4470 ubique
1427 4402 1583 4455 debet
1609 4416 1729 4455 esse
1751 4416 1856 4456 una
1882 4409 1940 4455 et
1958 4399 2012 4453 in
2039 4399 2183 4454 nullo

619 4492 911 4554 dissimilis,
943 4507 1041 4562 per
1073 4500 1304 4545 vestram
1335 4492 1726 4545 sanctissimam
1754 4490 2179 4552 sdilicitudinem,
2214 4500 2263 4562 ι)

622 4584 647 4619 b
677 4582 863 4649 sopitis
890 4582 1237 4635 schismatum
1272 4581 1564 4643 erroribus,
1602 4578 1880 4648 prmdicari
1908 4586 1962 4632 et
1986 4578 2186 4646 pollere

618 4672 965 4741 dignoscitur.
1013 4672 1079 4724 Et
1120 4679 1377 4739 quantum
1426 4671 1573 4738 regni
1616 4670 1853 4740 potentia
1896 4668 2181 4738 praalatus,

621 4766 827 4812 tantum
852 4758 1126 4826 sapientia:
1154 4756 1344 4810 decore
1370 4766 1424 4809 et
1451 4764 1647 4810 sanctae
1677 4757 1950 4826 religionis
1976 4755 2185 4809 fervore

617 4849 866 4905 omnibus
900 4847 1182 4917 prarcellis.
1222 4847 1368 4901 Felix
1415 4846 1640 4915 populus
1687 4848 1775 4915 qui
1817 4847 1903 4899 tali
1947 4845 2184 4916 principe

616 4938 812 5006 gaudet
836 4956 849 4990 :
878 4938 1035 5009 124
1056 4938 1107 4991 in
1135 4938 1287 5006 cujus
1309 4936 1664 5005 prosperitate
1691 4936 1835 4990 salus
1870 4948 2181 4992 cunctorum

613 5025 887 5091 consistit;
908 5027 959 5079 in
975 5026 1126 5093 cujus
1137 5026 1405 5080 hilaritate
1424 5027 1660 5080 omnium
1684 5028 1893 5080 animus
1911 5030 2178 5095 gaudebit,

614 5124 670 5167 ut
697 5115 897 5170 dictum
919 5122 1003 5170 est
1027 5133 1037 5166 :
1063 5113 1127 5167 In
1146 5114 1407 5167 hilaritate
1430 5116 1561 5183 regis
1590 5117 1689 5167 rita
1716 5114 1894 5183 (Prov.
1929 5132 2037 5182 xw,
2072 5118 2180 5187 l5).

681 5280 706 5307 ⁸
737 5267 878 5343 Edit.
906 5268 1153 5343 Quercet.
1189 5270 1269 5329 ll,
1300 5271 1479 5324 (lanis.
1512 5269 1546 5322 ὅ
1574 5269 1823 5339 (Froben.
1863 5273 1952 5343 84)
1988 5273 2176 5330 collata

614 5351 735 5391 cum
758 5337 877 5391 cod.
906 5336 1037 5405 Reg.
1073 5339 1191 5390 Vat.

681 5405 937 5479 nsopitis
976 5406 1309 5479 squamatum
1356 5408 1634 5479 erroribus.
1687 5405 1810 5479 llaec
1856 5409 2091 5479 intelligo
2114 5414 2177 5467 dc

609 5474 994 5549 sopitaAhaaresi
1019 5473 1287 5549 Feliciana
1317 5489 1410 5543 per
1437 5476 1719 5533 concilium
1745 5473 2176 5549 Aquisgranense

614 5540 755 5598 circa
784 5540 945 5595 linem
972 5543 1097 5596 anni
1128 5543 1248 5599 799.
1317 5540 1332 5543 “
1471 5580 1474 5583 λ

681 5625 715 5692 ο.
738 5611 802 5667 In
824 5610 1031 5697 libello:
1059 5612 1231 5697 Libris
1265 5628 1461 5697 nempe
1478 5613 1732 5697 adversus
1756 5616 2011 5697 Felicem,
2042 5634 2175 5697 quos

612 5683 752 5752 regis
800 5683 1031 5741 examini
1086 5688 1143 5737 et
1188 5683 1552 5754 approbationi
1602 5683 1851 5741 submisit
1890 5683 2175 5746 linito'illo

613 5752 834 5805 conc-ilio
870 5752 1299 5819 \quisgranensi.
1338 5753 1450 5805 Viti.
1476 5751 1751 5819 epistolam
1786 5755 1848 5809 iis
1879 5756 2027 5811 libris
2046 5775 2171 5827 pra:-

2300 598 2527 651 rentiam
2559 606 2841 651 conservat
2875 596 3043 665 usque
3079 596 3144 650 ad
3189 597 3513 663 (equitatem.
3558 595 3691 650 Nam
3722 606 3865 665 quod

2296 687 2422 739 olim
2444 687 2719 756 apostolici
2740 686 2929 741 Patres
2944 686 3055 741 suis
3079 687 3293 754 scriptis
3322 686 3375 739 in
3403 686 3861 742 oonflrmatibnem

2300 771 2421 827 fidei
2458 774 2732 828 catholicae
2763 774 2993 828 diversis
3029 774 3212 828 mundi
3250 773 3490 842 partibus
3520 784 3863 846 peregerunt.

2298 860 2401 913 hoc
2421 868 2598 915 vestra
2619 861 2957 915 sanctissima
2979 861 3278 916 sollicitudo
3301 862 3517 929 implere
3538 878 3641 917 non
3662 872 3862 918 cessat.

2369 948 2478 1003 [loc
2515 950 2758 1005 mirabile
2784 958 2841 1005 et
2868 951 3099 1020 speciale
3124 951 3181 1005 in
3217 960 3268 1005 te
3298 952 3511 1020 pietatis
3539 950 3635 1006 Dei
3664 952 3863 1008 donum

2295 1036 2663 1105 puedicamus,
2692 1038 2835 1107 quod
2870 1045 3017 1092 tanta
3053 1038 3334 1092 devotione
3362 1038 3630 1094 Eeclesias
3661 1038 3863 1096 Christi

2290 1114 2327 1177 'a
2364 1124 2689 1193 perfidorum
2720 1126 2979 1181 doctrinis
3008 1126 3327 1181 intrinsecus
3362 1143 3588 1197 purgare
3617 1130 3865 1199 tuerique

2297 1212 2516 1275 niteris,
2565 1222 2766 1282 quanta
2798 1213 3097 1271 forinsecus
3128 1229 3159 1268 a
3196 1217 3495 1271 vastatione
3530 1233 3861 1287 paganorum

2299 1299 2581 1356 defendere
2605 1302 2687 1356 vel
2716 1317 3013 1374 propagare
3059 1302 3290 1357 conaris.
3325 1302 3429 1357 ’llis
3447 1305 3652 1360 duobus
3670 1305 3862 1374 gladiis

2300 1319 2581 1356 ueienoere
2605 1319 2687 1356 vet
2716 1319 2880 1371 propa
2920 1319 3013 1359 are
3059 1319 3290 1357 conaris.
3335 1319 3429 1357 ms
3447 1319 3652 1360 duobus
3670 1319 3862 1374 gtaaus

2300 1385 2577 1460 [vestram]
2605 1319 2961 1446 veneraqu
2992 1391 3365 1445 excellentiam
3402 1394 3587 1447 dextra
3628 1393 3865 1464 laevaque

2299 1478 2475 1533 divina
2498 1480 2727 1534 armavit
2747 1489 3000 1549 potestas,
3024 1481 3077 1535 in
3099 1482 3295 1551 quibus
3318 1482 3489 1535 victor
3508 1482 3788 1538 laudabilis
3806 1494 3864 1537 et

2298 1566 2653 1637 triumphator
2681 1569 2945 1640 gloriosus
2973 1570 3178 1625 existis.
3230 1570 3382 1624 Unde
3409 1577 3465 1624 et
3494 1571 3561 1623 ad
3592 1572 3864 1629 interioris

2299 1670 2489 1725 pugnae
2515 1672 2685 1726 genus
2708 1672 2840 1712 mea
2880 1658 3160 1727 parvitatis
3195 1657 3533 1712 devotionem
3570 1673 3865 1726 provocare

2302 1744 2580 1800 voluistis:
2606 1745 2758 1813 cujus
2787 1747 3099 1801 certaminis
3123 1745 3303 1801 sudori
3332 1746 3560 1802 libenter
3584 1750 3859 1812 succubui.

2226 1827 2274 1887 B
2304 1840 2362 1884 ut
2385 1842 2406 1869 ο
2432 1832 2483 1885 in
2512 1832 2708 1897 libello,
2741 1848 2899 1902 quem
2921 1842 3117 1894 vestra:
3140 1849 3311 1904 nuper
3334 1834 3634 1889 direxeram
3656 1834 3860 1905 pietati,

2294 1923 2511 1990 agnosci
2540 1922 2771 1990 poterit:
2794 1921 2917 1976 licet
2948 1922 3175 1977 necdum
3205 1931 3402 1976 vestrm
3421 1923 3758 1977 auctoritatis
3784 1924 3861 1977 si-

2293 2008 2417 2076 gillo
2437 2010 2683 2064 eumdem
2707 2009 2865 2063 libelli
2902 2018 3141 2065 tenorem
3182 2010 3553 2065 confirmatum
3596 2027 3860 2083 cognove-

2295 2094 2416 2148 rim.
2463 2096 2529 2150 Et
2561 2096 2679 2159 hoc,
2715 2112 2855 2160 reor,
2882 2097 2963 2153 vel
2988 2099 3239 2153 tarditate
3259 2099 3555 2169 portitoris,
3582 2100 3665 2155 vel
3688 2116 3858 2170 angu-

2294 2184 2394 2237 stia
2418 2186 2673 2252 temporis
2693 2195 2899 2255 gestum
2921 2202 3056 2241 esse.
3096 2186 3407 2243 Nullatenus
3428 2188 3583 2243 solita
3607 2190 3859 2245 bonitatis

2295 2281 2485 2328 vestite
2511 2277 2841 2331 consuetudo
2880 2277 2934 2330 iu
2978 2277 3217 2345 pluribus
3263 2277 3365 2332 hoc
3408 2292 3568 2350 agerc
3613 2278 3862 2335 litterulis

2298 2373 2524 2431 recusat,
2572 2365 2714 2433 quod
2762 2365 2814 2417 in
2861 2365 3154 2419 rarioribus
3186 2364 3381 2434 saepius
3410 2364 3599 2421 fecisse
3627 2382 3864 2437 comper-

2297 2462 2407 2506 tum
2434 2463 2534 2507 est.

2360 2566 2642 2621 Cbartulas
2665 2582 2793 2622 vero
2817 2567 3182 2622 calculationis
3197 2584 3388 2625 cursus
3404 2568 3624 2637 lunaris,
3644 2579 3724 2627 vel
3748 2574 3857 2628 bis-

2296 2658 2501 2712 sextilis
2520 2658 2943 2727 praeparationis,
2966 2674 3102 2729 quas
3116 2669 3324 2716 nostra:
3347 2663 3613 2719 devotioni
3638 2666 3860 2720 tradidi-

2295 2746 2394 2800 stis
2415 2746 2791 2815 explorandas,
2822 2747 3122 2802 invenimus
3142 2764 3269 2819 erga
3289 2751 3713 2806 mensurationes
3738 2752 3859 2805 dilio

2294 2838 2607 2907 gentissime
2647 2838 2961 2907 exquisitas,
3001 2840 3311 2895 acutissime
3346 2841 3607 2909 inventas,
3637 2845 3857 2900 nobilis-

2296 2926 2429 2980 sime
2451 2926 2704 2994 prolatas.
2749 2925 2815 2979 Et
2834 2926 2974 2994 quod
2999 2941 3118 2981 mea
3145 2927 3271 2981 olim
3297 2929 3510 2984 devotio
3532 2932 3597 2986 de
3620 2933 3857 2988 bisseno

2294 3017 2477 3084 paucis
2504 3017 2773 3069 inchoavit
2794 3016 3127 3083 ratiunculis,
3151 3026 3328 3074 vestra
3349 3006 3689 3092 sagacissima
3710 3024 3856 3077 inda-

2296 3104 2441 3174 gatio
2465 3104 2680 3172 copiose
2701 3105 3000 3174 complevit.
3043 3105 3297 3172 Quamvis
3317 3110 3761 3163 considerandum
3788 3111 3858 3163 sit

2295 3208 2391 3247 cur
2418 3194 2468 3247 in
2494 3194 2812 3262 quihusdam
2843 3195 3135 3259 mensibus,
3164 3196 3231 3250 ad
3259 3196 3471 3251 eosdem
3503 3198 3615 3253 dies
3639 3200 3689 3252 in
3718 3217 3856 3254 anno

2290 3283 2545 3345 secundo,
2584 3283 2741 3337 tertio
2769 3282 2853 3335 vel
2888 3292 3081 3352 quarto
3116 3290 3396 3352 computus
3438 3288 3627 3341 cursus
3669 3287 3859 3342 solaris

2295 3388 2400 3427 non
2440 3373 2788 3441 pervenisset.
2830 3372 2959 3427 Item
2993 3371 3199 3428 facilior
3232 3383 3287 3429 et
3322 3377 3619 3446 expeditior
3657 3378 3859 3433 lunaris

2292 3479 2480 3518 cursus
2516 3463 2822 3533 supputatio
2858 3478 3014 3532 posse.
3048 3463 3269 3518 inveniri
3300 3466 3526 3520 videtur.
3570 3466 3719 3521 Licet
3746 3469 3858 3522 bare

2291 3553 2489 3621 optima
2521 3562 2576 3607 et
2600 3553 2907 3608 acutissima
2943 3567 3111 3621 usque
3141 3556 3208 3607 ad
3242 3570 3404 3609 unum
3434 3557 3740 3626 scrupulum
3774 3559 3857 3614 vel

2289 3642 2500 3697 silicum
2535 3640 2641 3714 [ΑΙ.
2672 3641 2960 3718 siliculum]
2991 3642 3239 3699 distincte
3273 3653 3329 3699 et
3352 3655 3505 3700 caute
3533 3662 3751 3718 currere
3777 3649 3856 3703 in—

2292 3732 2571 3800 telligatur.
2614 3731 2791 3786 Direxi
2820 3716 3148 3786 excellentiae
3169 3741 3358 3787 vestrae
3379 3742 3583 3789 stamen
3606 3716 3857 3804 quarunt-

2289 3824 2412 3877 dam
2435 3822 2869 3892 supputationum
2907 3819 2934 3859 δ
2967 3820 3033 3875 de
3070 3821 3199 3875 solis
3233 3821 3473 3891 lunasque
3509 3837 3606 3892 per
3642 3824 3857 3894 signife-

2289 3927 2407 3966 rum
2455 3925 2614 3965 cursu
2641 3928 2651 3963 :
2677 3909 2762 3964 cui
2810 3909 2855 3963 si
2901 3910 3065 3962 vestri
3114 3910 3407 3965 acutissimi
3450 3928 3637 3967 sensus
3678 3916 3855 3969 subte-

2287 4014 2443 4069 gmen
2470 3999 2664 4053 addere
2688 3997 2967 4067 placuerit,
3010 3998 3148 4053 forte
3180 4000 3361 4068 pueris
3386 4000 3632 4071 palatinis
3668 4013 3855 4060 contra

2288 4088 2457 4160 frigus
2480 4088 2758 4157 imperitiae
2784 4087 2995 4156 aliquod
3019 4088 3321 4142 vestimenti
3351 4103 3516 4159 genus
3559 4092 3664 4145 texi
3706 4102 3853 4161 pote-

2288 4181 2392 4244 rit;
2422 4183 2562 4234 sicut
2586 4181 2639 4233 in
2663 4180 2858 4248 prioris
2886 4188 3107 4233 textura:
3127 4192 3211 4233 me
3236 4178 3365 4250 [.ll.,
3394 4180 3545 4252 mem]
3570 4183 3729 4237 etiam
3761 4198 3854 4237 or-

2288 4268 2557 4324 (linatiune
2595 4272 2795 4337 optime
2841 4270 3033 4326 fecisse
3075 4271 3407 4341 protestaris.
3450 4269 3622 4325 Meum
3660 4284 3743 4327 est
3788 4277 3852 4329 de

2284 4367 2443 4414 terrae
2465 4360 2686 4431 gremio,
2726 4360 2808 4414 vel
2840 4361 3010 4430 glebis
3039 4361 3437 4430 pulverulentis,
3470 4363 3587 4416 auri
3621 4362 3851 4419 effodere

2286 4460 2514 4503 atomos.
2558 4449 2809 4503 Vestrum
2857 4458 2940 4503 est
2965 4451 3143 4519 regale
3187 4451 3453 4516 diadema,
3498 4454 3723 4521 gemmis
3766 4470 3851 4508 sa-

2286 4541 2500 4609 pientiae
2532 4538 2920 4609 praefulgidum,
2961 4540 3264 4596 venerando
3288 4548 3499 4611 gestare
3529 4544 3580 4596 in
3609 4544 3808 4598 vertice
3834 4563 3845 4597 :

2285 4639 2549 4699 quatenus
2587 4629 2862 4684 laudabilis
2898 4631 3134 4699 potentia
3171 4641 3346 4686 vestra
3384 4632 3621 4688 omnium
3664 4632 3852 4689 ﬂoreat

2283 4734 2476 4788 genere
2522 4723 2794 4784 virtutum,
2838 4728 2892 4775 et
2932 4721 3209 4789 multiplici
3251 4723 3560 4777 meritorum
3600 4722 3753 4778 laude
3781 4726 3849 4779 ad

2283 4810 2513 4864 caelestis
2538 4811 2687 4879 regni
2714 4811 2957 4879 gloriam,
2990 4810 3205 4866 Christo
3235 4823 3447 4883 regente
3474 4824 3633 4886 atque
3651 4817 3848 4873 donate

2284 4906 2358 4962 te,
2388 4900 2668 4967 pervenire
2693 4906 2979 4953 mereatur.

2351 5030 2540 5083 Vivere
2562 5045 2646 5085 me
2666 5031 2825 5085 terris
2843 5032 2933 5085 vix
2956 5033 3045 5086 vix
3067 5035 3195 5087 sinit
3218 5035 3457 5105 improba
3485 5039 3672 5105 febris,

2420 5118 2486 5171 Et
2513 5134 2597 5172 me
2626 5119 2843 5175 cmleste
2868 5122 3128 5175 scandere
3151 5123 3311 5179 vultis
3338 5127 3453 5180 iter.

2279 5274 2445 5348 lixam
2468 5282 2523 5327 et
2551 5284 2789 5348 nostram
2820 5274 3042 5329 Dissert.
3080 5276 3372 5348 deglimresi
3398 5276 3837 5348 Adoptianorum.

2346 5342 2371 5379 ἀ
2403 5341 2479 5418 _De
2529 5342 2653 5418 solis
2703 5340 3088 5418 l_ana'qae_pe_r_
3116 5344 3419 5415 signiferum
3462 5340 3635 5403 eam.
3687 5351 3841 5418 Quod

2278 5410 2530 5483 {\Icuinus
2558 5411 2623 5464 de
2652 5412 2780 5465 solis
2801 5410 2897 5483 per
2923 5410 3232 5483 signiferum
3255 5410 3419 5470 cursu
3446 5418 3680 5483 scripsit,
3699 5410 3838 5483 illud

2278 5427 2530 5465 Alcuinus
2558 5427 2623 5464 ue
2652 5427 2780 5465 sons
2837 5429 2897 5465 er
2923 5427 3232 5483 signuerum
3261 5430 3419 5470 cursu
3446 5427 3549 5471 scri
3620 5427 3680 5483 it,
3709 5427 3838 5477 illud

2276 5478 2520 5533 fortassis
2548 5488 2651 5557 est,
2677 5427 2835 5557 quod)
2853 5482 3077 5536 hibetur
3103 5498 3262 5557 supra
3288 5485 3339 5539 in
3370 5493 3527 5557 epist.
3670 5481 3840 5544 Char-

2277 5558 2386 5602 tam
2414 5564 2541 5605 vero
2568 5549 2721 5619 illam
2751 5550 2803 5606 in
2838 5565 2940 5618 qua
2974 5549 3377 5619 supputationes
3402 5549 3486 5608 'de
3514 5555 3652 5613 lunae
3675 5572 3835 5612 cursu

2273 5632 2368 5697 ηει-
2406 5618 2613 5690 singula
2636 5620 2791 5697 signa
2820 5618 3285 5697 eontinentur,_ad
3312 5624 3688 5697 epis‘olamjb
3713 5640 3839 5697 pcr-

2275 5688 2446 5765 linere
2487 5688 2868 5765 eauti-iusque
2911 5688 3550 5765 comparationegliquet;
3579 5688 3831 5765 Eamiiem

2276 5758 2517 5811 chartam
2564 5757 2703 5810 inter
2737 5754 2995 5823 Opuscnla
3026 5754 3392 5827 Philosophia
3413 5754 3550 5815 ΤΠ
3575 5756 3823 5831 reperies.
