4238 6198
375 360 477 420 315

373 477 476 532 Per
499 486 736 541 caulpos,
762 468 946 530 colles,
975 467 1168 522 herbas
1192 474 1247 520 et
1273 475 1445 534 prata,
1478 463 1711 518 virentes

443 564 692 631 Qumre
716 557 980 629 suggessit
1001 557 1125 610 dum
1152 554 1282 608 mihi
1309 553 1472 607 chara
1500 549 1680 606 salus:

373 655 566 708 Vestra
589 657 808 720 repente
832 647 939 718 poli
961 645 1122 716 jussit
1149 658 1236 699 me
1262 643 1437 698 sidera
1467 643 1661 697 summi

443 739 674 794 Intirmis
699 738 871 805 pietas
896 734 1153 789 scandere
1174 733 1286 802 jam
1313 731 1554 799 pedibus.

376 829 646 900 Signaque
676 828 878 881 zodiaci
902 826 1231 893 distinguere
1255 822 1499 890 partibus
1523 821 1638 884 alti,

446 918 512 972 Et
535 918 656 986 quis
680 915 962 970 conveniat
983 914 1136 976 ordo,
1166 912 1335 974 locus,
1365 926 1638 964 numerus.

379 1007 713 1076 Hippocratis
737 1019 956 1073 campos
977 1017 1154 1056 nonne
1183 1008 1325 1054 esset
1345 999 1541 1068 pollice
1567 999 1734 1068 pluris

447 1094 580 1150 Cum
602 1094 783 1164 pueris
806 1093 999 1151 Flacco
1018 1090 1130 1158 jam
1154 1103 1444 1160 peragrare
1466 1090 1609 1152 suis;

379 1185 549 1252 Quam
575 1185 726 1239 radio
748 1185 883 1238 arati
911 1183 1031 1238 caeli
1062 1182 1368 1237 describere
1396 1182 1571 1250 signa,

451 1275 546 1330 γει
575 1275 713 1328 lunae
733 1283 788 1327 et
811 1274 938 1328 solis
967 1274 1307 1327 dinumerare
1332 1271 1487 1326 dies?

381 1363 486 1417 Sed
513 1373 708 1423 tamen,
737 1371 795 1415 ut
822 1361 1018 1416 cecinit
1040 1361 1327 1429 praeclarus
1351 1366 1616 1413 commate
1637 1367 1808 1420 vates,

451 1451 641 1506 Omnia
669 1452 836 1504 vincit
855 1465 1039 1513 amor;
1071 1465 1168 1504 nos
1195 1463 1406 1516 quoque
1436 1449 1612 1502 vincat
1637 1463 1806 1503 amor.

383 1541 650 1610 Descripsi
677 1540 861 1607 paucis
889 1546 1069 1607 partes
1093 1547 1147 1591 et
1174 1538 1348 1590 sidera
1380 1535 1518 1598 cwli,

455 1633 528 1686 Te
551 1631 855 1694 mandante,
885 1646 1002 1684 meo
1027 1638 1244 1698 pectore
1270 1644 1494 1698 magnus
1520 1642 1690 1680 amor.

385 1723 534 1776 Nunc
557 1723 738 1776 videat
765 1725 956 1791 pietas,
983 1723 1024 1776 si
1049 1721 1177 1790 quid
1206 1722 1295 1782 sit,
1324 1729 1499 1774 vestra
1531 1719 1882 1787 probandum,

454 1812 670 1866 Pumice
700 1812 991 1865 radendum
1015 1828 1102 1874 an,
1128 1812 1319 1880 pagina
1345 1810 1600 1878 quidquid
1627 1810 1804 1863 liabet.

391 1903 544 1972 125
570 1902 755 1956 Judice
784 1911 834 1956 te
858 1903 1082 1966 nullum,
1116 1903 1162 1957 si
1191 1917 1460 1970 nunquam
1487 1899 1623 1956 fallit
1652 1901 1849 1968 imago,

455 1991 572 2046 Jam
602 2002 862 2053 metuens,
897 1990 1116 2062 fugiam,
1149 1992 1314 2045 David
1343 1993 1394 2044 in
1425 1990 1555 2045 orbe
1579 1990 1776 2044 decus!

387 2086 499 2139 llaat
536 2093 716 2139 vestro
745 2083 941 2138 fuerint
964 2083 1145 2138 forsan
1178 2083 1222 2138 si
1252 2083 1410 2153 digna
1439 2081 1657 2147 favore;

459 2175 577 2228 Mox
608 2175 832 2243 majora,
862 2171 1008 2238 νέον,
1038 2174 1224 2242 incipit
1253 2174 1366 2241 ipse
1390 2187 1577 2236 senex,

389 2263 446 2316 Si
474 2263 614 2316 Deus
635 2272 868 2316 aeternus
892 2263 1014 2317 vita:
1040 2261 1412 2330 superadderit
1437 2275 1608 2314 annos

457 2352 552 2405 Est
575 2353 786 2407 bonitas
813 2353 963 2422 cujus
990 2393 1004 2415 ,
1050 2351 1307 2419 quidquid
1350 2349 1610 2404 habemus
1651 2361 1787 2416 opus
1829 2345 1964 2418 [Al.,

715 2441 717 2443 ’
1732 2437 1892 2510 [opis]

390 2530 643 2586 Chartula
674 2545 996 2598 percurrens
1022 2531 1204 2591 colles,
1235 2544 1560 2600 camposque
1587 2530 1873 2598 liquentes,

463 2625 698 2680 Disticon
724 2625 826 2677 hoc
846 2632 1046 2686 cantet,
1077 2638 1290 2689 semper
1317 2624 1369 2676 in
1399 2640 1492 2678 ore
1522 2637 1618 2677 suo
1648 2640 1660 2674 :

393 2716 618 2784 Augeat,
650 2713 849 2768 exaltet
870 2720 1101 2766 vestram
1133 2713 1430 2767 benedictio
1456 2713 1618 2765 vitam

461 2801 674 2856 λειετηί
703 2802 862 2872 regis,
895 2801 1057 2855 David
1085 2811 1261 2856 amate
1289 2802 1417 2856 Deo.

927 2945 952 2972 ⁸
985 2932 1315 2988 EPISTOLA
1353 2933 1437 2988 Cl.

505 3060 570 3096 an
599 3057 814 3098 DOINU!
844 3058 1020 3097 ascen
1049 3041 1203 3112 [Cod.
1243 3043 1361 3097 Vat.
1391 3086 1404 3110 ,
1435 3044 1859 3116 IIPERATOREI].

1005 3151 1184 3222 (Anno
1210 3151 1358 3222 800.)

404 3260 611 3332 Gratias
640 3264 746 3332 agit
773 3263 834 3315 ob
860 3263 1059 3315 lectum
1084 3273 1130 3315 et
1160 3265 1428 3332 remissum
1458 3262 1701 3316 libellum
1727 3263 1970 3317 adversus

474 3329 734 3402 fidicen};
782 3341 994 3402 excusat
1031 3331 1280 3384 nonnulla
1323 3332 1463 3386 illius
1497 3344 1690 3385 errata.
1735 3332 1810 3384 De
1835 3333 1969 3402 disp.

475 3398 666 3453 Felicis
707 3417 824 3452 cum
879 3400 1183 3469 Saracena;
1228 3410 1276 3451 et
1321 3401 1594 3469 cujusdam
1641 3403 1818 3455 Juda’i
1857 3398 1974 3454 cum

477 3469 632 3521 Petro
686 3470 959 3537 Magistro.
1018 3467 1176 3521 Mittit
1235 3467 1487 3537 quasdam
1545 3474 1736 3541 species
1790 3471 1976 3523 dictio-

480 3553 623 3597 num.

478 3650 704 3705 Domino
751 3649 995 3720 piissimo
1041 3658 1096 3704 et
1140 3651 1580 3720 praestantissimo
1628 3649 1794 3704 David
1842 3650 1972 3718 regi,

411 3742 632 3797 Flaccus
656 3742 937 3796 charitatis
966 3742 1170 3797 calamo
1198 3742 1507 3795 vulneratus
1531 3741 1774 3794 salutem.

480 3832 694 3886 Gratias
729 3832 936 3901 agimus
978 3833 1296 3887 venerandae
1337 3833 1520 3902 pietati
1561 3840 1791 3896 vestrm,
1839 3834 1980 3902 quod

414 3921 441 3960 δ
472 3921 729 3986 libellum,
784 3923 1072 3975 secundum
1121 3931 1313 3976 vestra:
1347 3923 1604 3991 jussionis
1655 3932 1979 3993 prteceptum

417 4014 564 4067 vobis
587 4013 870 4076 directum,
901 4013 1120 4066 auribus
1149 4014 1421 4081 sapientia:
1448 4024 1637 4068 vestrze
1663 4015 1878 4068 recitari
1907 4013 1982 4067 fe-

415 4106 586 4169 cistis,
619 4113 672 4157 et
700 4103 841 4172 quod
872 4103 1043 4157 notari
1067 4103 1302 4170 jussistis
1344 4113 1522 4158 errata
1551 4106 1709 4168 illius,
1740 4114 1793 4158 et
1819 4106 1980 4161 remi-

417 4195 563 4249 sistis
583 4193 649 4247 ad
675 4193 1067 4262 corrigendum.
1096 4191 1346 4256 Quamvis
1371 4208 1400 4245 a
1422 4194 1572 4247 vobis
1599 4194 1788 4248 melius
1807 4208 1984 4248 emen-

418 4285 532 4340 dari
572 4284 852 4352 potuisset,
906 4282 1030 4350 quia
1078 4281 1298 4336 alterius
1337 4281 1595 4350 judicium
1648 4283 1701 4336 in
1747 4282 1984 4350 quolibet

491 4410 515 4437 ιι
542 4397 682 4450 Edit.
712 4396 960 4460 Quercet.
987 4395 1076 4465 l5.
1106 4395 1283 4448 Canis.
1317 4395 1349 4448 6
1387 4395 1638 4465 (Froben.
1675 4395 1762 4463 85)
1789 4393 1980 4447 collata

421 4480 562 4519 nunc
581 4480 701 4518 cum
729 4465 847 4517 cod.
881 4464 1153 4516 Vaticano.

492 4535 518 4573 δ
548 4532 798 4586 Libellum
822 4571 833 4582 .
865 4572 876 4583 .
907 4571 918 4582 .
974 4531 1110 4583 vobis
1157 4532 1429 4583 directum.
1468 4533 1657 4586 Libros
1695 4550 1764 4586 vn
1797 4534 1988 4587 adver—

423 4619 514 4659 sus
540 4602 767 4655 Felicem
810 4601 1074 4669 intelligit,
1105 4615 1238 4668 quos
1270 4602 1320 4652 in
1349 4602 1512 4668 priori
1557 4600 1774 4670 epistola
1799 4619 1986 4670 quere-

423 4676 602 4796 bstuli3
620 4672 790 4741 sigillo
821 4672 1157 4725 auctoritatis
1193 4670 1350 4738 regia:
1381 4671 1612 4724 nondum
1657 4688 1774 4726 esse
1804 4670 1985 4726 ﬁrma-

425 4753 528 4796 tos.
607 4757 786 4796 ASXAG.

425 4753 528 4798 tos.
563 4753 786 4796 nassae.

498 4823 519 4850 ε
567 4809 902 4878 Laidradam.
937 4809 1010 4862 De
1036 4824 1100 4878 eo
1125 4823 1221 4864 nos
1246 4808 1367 4861 alibi
1395 4809 1607 4878 saepius.

493 4879 518 4918 δ
551 4878 663 4947 Ego
705 4877 1019 4947 adolescens.
1055 4876 1152 4947 70b
1183 4877 1282 4947 hoc
1320 4876 1508 4933 nomen
1558 4882 1858 4934 consentire
1885 4897 1989 4935 non

427 4943 858 5018 possumAceleliri
891 4943 1218 5018 Mabjllonio;
1243 4947 1331 5018 qui
1363 4949 1552 5018 Ainnal.
1585 4951 1714 5002 Ben.
1742 4951 1839 5002 lib.
1862 4967 1989 5012 xxv,

430 5015 576 5073 num.
603 5016 672 5070 22
696 5026 750 5070 et
783 5015 901 5069 Act.
925 5015 1043 5086 SS.
1065 5030 1196 5086 srec.
1231 5016 1359 5086 lviii
1388 5017 1569 5086 Elogio
1613 5018 1746 5070 Hist.
1782 5018 1990 5072 Alcuini

430 5103 547 5156 cap.
589 5088 639 5151 1,
677 5102 822 5139 num.
871 5085 1200 5152 26judical,
1248 5084 1653 5156 disputationem
1692 5087 1834 5139 illam
1863 5103 1992 5140 con-

432 5155 614 5228 tigisse
643 5156 696 5209 in
743 5156 932 5210 itinere
959 5156 1195 5228 Romano
1221 5193 1234 5217 ,
1279 5155 1424 5228 quod
1449 5155 1700 5228 Alcuinus
1727 5172 1867 5210 anno
1893 5156 1987 5210 '78l

433 5223 736 5292 susceperat
761 5227 825 5279 ad
854 5223 1238 5295 impetrandum
1267 5239 1362 5292 pro
1388 5225 1653 5279 Eanbaldo
1676 5227 1994 5280 Eboracensi

432 5294 948 5370 episcopupallinm.
1001 5296 1100 5348 Vix
1128 5294 1269 5346 enim
1295 5296 1572 5370 ‘credibile
1605 5307 1689 5370 est
1713 5297 1992 5370 Alcuinum

433 5363 745 5435 voluissese
774 5365 1160 5435 adolescentem
1189 5363 1449 5435 profiteri,
1473 5366 1596 5419 dum
1622 5365 1733 5435 jam
1757 5367 1834 5420 vir
1855 5374 1999 5419 esset

435 5433 624 5486 saltem
663 5431 731 5485 ιο
770 5447 1050 5486 annorum.
1103 5431 1357 5500 Suspicor
1398 5431 1676 5488 Alcuinuin
1706 5436 1794 5489 diu
1841 5444 1996 5487 antea

440 5502 662 5555 Romam
707 5500 1004 5570 profectum
1049 5503 1244 5570 fuisse,
1295 5509 1419 5556 tunc
1469 5501 1741 5568 fortassis,
1787 5505 1997 5570 quando

437 5572 611 5640 primo
634 5569 787 5646 venit
808 5571 861 5626 in
884 5570 1125 5646 notitiam
1153 5569 1326 5646 Garuli
1354 5572 1510 5646 regis.
1552 5571 1708 5646 Nam,
1738 5569 1998 5628 referente

439 5630 704 5721 anonymo
728 5630 861 5696 Vita:
883 5638 1092 5721 Alcui‘ni
1120 5641 1396 5721 scriptore,
1413 5630 1996 5721 'Ca‘mlus,’antequam

441 5705 598 5765 illum'
627 5705 790 5768 Roma
819 5724 937 5764 eum
969 5709 1127 5780 pollio
1168 5705 1471 5765 redeuntem
1496 5705 1681 5784 Papiae
1711 5705 1995 5785 exciperet,

1821 333 2176 400 BHSTOLA‘.
2187 382 2198 395 .

1961 460 2008 516 Α
2037 465 2198 523 opere
2226 449 2344 519 plus
2384 445 2675 515 saepissime
2709 442 2868 505 valet,
2917 454 3075 509 quam
3106 440 3306 509 proprii
3337 437 3571 494 auctoris
3591 456 3607 489 :

3506 324 3610 382 δη

2043 543 2220 596 minus
2251 548 2433 593 tamen.
2452 534 2704 605 quiddam
2729 531 2952 594 fecistis,
2983 544 3141 600 quam
3169 528 3384 598 plenum
3427 535 3612 600 postn-

2041 632 2205 687 lasset
2225 627 2506 684 cbaritatis
2525 623 2776 686 cilicium,
2806 621 2950 690 quod
2975 635 3166 676 sensus
3187 635 3292 673 non
3315 618 3469 672 docte
3492 634 3617 689 pro-

2044 725 2199 786 latos,
2233 720 2318 774 vel
2360 715 2620 774 catholioe
2663 721 2914 768 exaratos
2954 711 3204 766 similiter
3247 708 3490 762 noluistis
3516 723 3615 763 no-

2044 823 2159 867 tare
2185 829 2200 874 ;
2235 811 2365 864 dum
2386 807 2627 876 quadam
2653 803 2888 871 suspicio
2914 802 3043 855 mihi
3064 841 3078 864 ,
3107 809 3168 853 ut
3196 799 3360 854 series
3383 798 3620 868 sagacis—

2042 907 2192 959 sima:
2241 900 2498 956 chartula:
2541 904 2732 951 vestra:
2783 894 2936 948 nobis
2979 893 3238 956 innotuit,
3288 907 3392 946 non
3437 890 3620 945 omnia

2042 993 2314 1066 probanda
2342 1004 2459 1045 esse
2485 1003 2603 1058 quae
2631 986 2700 1040 ibi
2728 985 2865 1040 lecta
2893 983 3131 1046 fuerunt,
3161 982 3289 1050 quia
3313 978 3621 1036 defensores

2046 1086 2218 1140 eidem
2260 1080 2408 1150 Operi
2457 1084 2650 1130 vestrm
2698 1073 3028 1131 excellentiae
3075 1071 3304 1140 dirigere
3341 1067 3616 1137 jussistis:

2047 1176 2174 1228 dum
2203 1172 2402 1226 nullum
2428 1167 2598 1236 magis
2626 1165 2874 1235 idoneum
2897 1178 3028 1217 mete
3051 1161 3334 1230 parvitatis
3362 1160 3506 1213 dicta
3530 1158 3624 1212 ha-

2049 1263 2175 1324 bere
2219 1267 2440 1332 possunt
2485 1257 2858 1315 defensorem,
2897 1253 2979 1306 vel
3023 1251 3422 1307 emendatorem
3460 1262 3625 1317 quam

2049 1351 2418 1419 vosmetipsos.
2449 1346 2583 1400 Nam
2612 1342 2904 1398 auctoritas
2929 1339 3304 1411 praecipientis,
3328 1335 3626 1391 obedientis

2052 1440 2366 1493 industriam
2400 1433 2684 1490 defendere
2713 1432 2895 1486 debet.
3584 1506 3586 1508 γ

2055 1559 2058 1562 -
2119 1521 2272 1588 Quod
2305 1535 2432 1573 vero
2474 1519 2528 1571 in
2553 1516 2746 1569 litteris
2788 1514 2875 1568 vel
2911 1511 3342 1567 distinctionibus
3367 1524 3474 1563 non
3517 1514 3627 1562 tam

2053 1610 2368 1666 scholastice
2387 1606 2557 1662 currit
2579 1619 2738 1672 quam
2760 1601 2892 1656 ordo
2921 1610 2976 1655 et
3002 1600 3182 1668 regula
3212 1600 3631 1682 artisgramma-

2055 1696 2175 1750 ticse
2201 1692 2453 1764 postulat,
2485 1691 2586 1743 hoc
2609 1688 2801 1756 saepius
2826 1685 3080 1739 velocitas
3106 1685 3270 1736 animi
3313 1684 3524 1737 ellicere
3547 1697 3634 1736 so.

1987 1785 2030 1844 Β
2060 1788 2155 1850 let,
2199 1762 2326 1839 dum
2357 1782 2580 1852 legentis
2608 1779 2831 1833 intentio
2869 1775 3143 1831 oculorum
3189 1762 3517 1844 praecurrere
3557 1771 3633 1825 fe—

2058 1877 2222 1931 stinat
2249 1873 2498 1928 oliicium.
2531 1869 2639 1924 Nec
2664 1884 2763 1938 ego
2794 1867 2987 1938 capitis
3018 1864 3200 1919 dolore
3228 1862 3481 1932 fatigatus
3507 1876 3636 1914 exa—

2058 1968 2266 2021 minare
2308 1979 2546 2033 possum,
2597 1976 2715 2030 quae
2760 1959 2938 2014 subito
2983 1973 3109 2010 casu
3152 1969 3218 2008 ex
3255 1969 3349 2008 ore
3386 1951 3635 2007 dictantis

2056 2040 2291 2108 evolant.
2335 2054 2400 2107 Et
2439 2053 2528 2121 qui
2557 2051 2658 2105 sibi
2694 2049 2916 2104 alterius
2945 2045 3325 2117 negligentiam
3371 2045 3636 2113 imputare

2059 2146 2211 2208 nolit,
2244 2159 2348 2197 non
2390 2143 2616 2210 imputet
2655 2139 2832 2193 alteri.

2133 2236 2556 2307 Disputationem
2583 2234 2765 2299 itaque
2810 2229 3003 2283 Felicis
3037 2242 3157 2282 cum
3187 2226 3490 2288 Saraceno,
3537 2237 3638 2278 nec

2061 2327 2188 2390 vidi,
2237 2341 2336 2380 nec
2363 2307 2503 2395 apud
2550 2337 2647 2376 nos
2677 2321 2889 2374 inventa
2918 2326 3020 2372 est.
3066 2316 3176 2371 lmo
3201 2329 3299 2369 nec
3327 2313 3504 2369 audivi
3533 2327 3635 2366 no-

2063 2432 2183 2470 men
2212 2414 2352 2468 illius
2378 2422 2554 2466 antea.
2586 2411 2808 2473 Tamen,
2839 2407 2966 2462 dum
2993 2406 3298 2475 diligentius
3320 2403 3563 2472 quaesivi,
3593 2401 3641 2455 si

2064 2508 2183 2575 quis
2209 2521 2273 2559 ex
2304 2503 2502 2558 nostris
2549 2501 2745 2554 famam
2790 2499 2932 2552 illius
2970 2498 3176 2550 audiret
3222 2494 3329 2554 [ΑΙ.
3359 2489 3638 2563 audisset],

2065 2598 2267 2652 dictum
2293 2603 2376 2648 est
2400 2592 2556 2654 mihi,
2587 2591 2728 2659 quod
2752 2589 2892 2658 apud
2922 2598 2944 2625 ε
2988 2586 3307 2640 Laidradum
3334 2582 3641 2652 episcopum

2066 2688 2474 2754 Lugdunensem
2506 2679 2732 2734 inveniri
2762 2679 3040 2747 potuisset.
3088 2675 3423 2743 Quapropter
3445 2672 3544 2726 sub
3568 2669 3645 2726 fe-

2067 2776 2354 2830 stinatione
2379 2771 2550 2825 direxi
2601 2771 2826 2822 missum
2853 2776 3096 2822 nostrum
3124 2765 3191 2818 ad
3218 2760 3498 2832 przlatum
3527 2758 3645 2829 epi-

2068 2879 2306 2932 scopum,
2346 2861 2391 2914 si
2429 2858 2567 2913 forte
2596 2857 2668 2912 ibi
2696 2855 2935 2909 invenire
2963 2852 3244 2922 potuisset,
3276 2857 3334 2902 ut
3355 2863 3514 2917 quam
3536 2849 3645 2903 cito

2070 2963 2261 3008 vestra:
2289 2947 2587 3021 praesentia:
2624 2943 2966 3014 dirigeretur.
3021 2938 3147 3009 (Hic
3173 2938 3291 3006 ﬁnis
3335 2937 3564 3006 epistola
3589 2938 3644 2991 in

2072 3045 2194 3098 edit.
2224 3037 2470 3106 Canisii.)

1998 3113 2044 3173 ο
2148 3131 2307 3199 126
2331 3129 2465 3182 Dum
2493 3125 2519 3165 δ
2568 3139 2666 3195 ego
2712 3121 3019 3178 adolescens
3048 3118 3272 3172 Romam
3314 3115 3546 3186 perrexi,
3593 3121 3647 3168 et

2073 3223 2373 3288 aliquanlos
2401 3219 2514 3272 dies
2559 3217 2612 3268 in
2633 3214 2802 3282 Papia
2849 3211 3014 3282 regali
3058 3211 3274 3264 civitate
3317 3209 3646 3269 demorarer,

2072 3313 2289 3382 quidam
2314 3308 2551 3371 Iudaeus,
2595 3305 2768 3359 Julius
2811 3305 3046 3365 nomine,
3095 3316 3218 3355 cum
3249 3311 3272 3338 ο
3298 3299 3458 3354 Petro
3483 3298 3652 3366 magi-

2075 3411 2188 3456 stro
2216 3399 2402 3453 habuit
2425 3396 2858 3465 disputationem.
2895 3392 2962 3446 Et
2983 3392 3235 3460 scriptam
3265 3404 3384 3444 esse
3408 3389 3650 3443 eamdem

2075 3486 2493 3543 controversiam
2529 3485 2581 3536 in
2603 3483 2790 3537 eadem
2811 3481 3036 3536 civitate
3065 3480 3264 3532 audivi.
3289 3478 3433 3532 Idem
3461 3476 3651 3533 Petrus

2076 3576 2174 3628 fuit
2212 3573 2303 3641 qui
2341 3573 2394 3625 in
2434 3571 2633 3639 palatio
2673 3577 2853 3622 vestro
2877 3567 3281 3637 grammaticam
3309 3567 3505 3620 docens
3539 3565 3652 3622 cla-

2076 3665 2201 3718 ruit.
2231 3663 2436 3717 Forsan
2473 3659 2490 3698 ί
2523 3660 2750 3715 Omerus
2778 3666 2957 3712 vester
3002 3655 3201 3725 aliquid
3229 3655 3421 3709 exinde
3447 3655 3652 3711 audivit

2076 3770 2106 3807 a
2136 3754 2391 3822 magistro
2417 3748 2691 3819 praedicto.

2149 3843 2266 3898 Misi
2293 3841 2621 3898 excellentiae
2652 3848 2843 3894 vestra:
2890 3839 3148 3907 quasdam
3182 3840 3206 3877 ⁸
3230 3837 3436 3905 species
3462 3835 3654 3890 dictio-

2080 3951 2227 4000 num,
2260 3933 2518 4002 exemplis
2546 3931 2628 3986 vel
2666 3931 2911 3987 versibus
2935 3930 2961 3968 ιι
2989 3927 3276 3982 venerandi
3316 3925 3492 3981 Patris
3527 3939 3656 3979 cun-

2081 4024 2342 4088 ﬁrmatas,
2381 4032 2434 4077 et
2461 4022 2667 4089 aliquas
2713 4024 2727 4061 ί
2765 4017 2964 4088 ﬁguras
3003 4018 3355 4073 arithmeticae
3387 4015 3657 4071 subtilita—

2081 4112 2168 4173 tis,
2219 4111 2416 4165 lzetitia:
2439 4124 2599 4163 causa
2622 4149 2636 4174 ,
2678 4109 2732 4163 in
2770 4108 3014 4163 chartula
3049 4123 3209 4176 quam
3238 4103 3392 4179 nobis
3429 4121 3659 4161 vacuam

2080 4201 2388 4265 direxistis;
2421 4208 2480 4253 ut
2515 4199 2708 4254 vestita
2736 4199 3033 4261 reveniret,
3069 4212 3188 4266 qum
3213 4197 3352 4251 nuda
3367 4205 3563 4251 .nostro
3597 4210 3658 4251 se

2080 4289 2336 4345 offerebat
2374 4288 2634 4359 aspectui.
2676 4287 2906 4356 Dignum
2935 4288 3210 4342 :estimans
3238 4294 3296 4340 ut
3324 4287 3523 4340 nostris
3560 4285 3657 4338 ho—

2089 4421 2106 4452 ‹
2143 4409 2363 4455 noverat
2390 4416 2532 4463 eum,
2583 4399 2706 4469 quia
2735 4399 2859 4453 olim
2889 4415 2918 4453 a
2965 4378 3350 4469 magistrosuo
3385 4395 3451 4448 ad
3483 4395 3676 4469 ipsum

2012 4444 2059 4502 υ
2088 4444 2544 4525 directus-fderat:
2584 4444 3654 4534 i'éuS'EEchiBKé’,"£u31é§c'oﬂs'adhuc,

2075 4542 2312 4619 Romam
2376 4553 2588 4605 quoque
2635 4532 2786 4591 adire
2841 4545 2897 4590 et
2957 4536 3132 4603 Papiae
3189 4532 3508 4587 commorari
3556 4546 3654 4598 po-

2093 4617 2346 4754 lutei-Cy”
2379 4672 3087 4754 Pe‘,q-magigrro._}’isano
3113 4671 3341 4735 scilicet,
3382 4683 3547 4754 quem
3576 4683 3661 4754 ξς-

2089 4762 2208 4800 nem
2255 4744 2476 4798 Carolus
2521 4739 2738 4814 Magnus
2765 4745 2819 4797 in
2847 4739 3660 4814 discendagrammatica_a_udi-

2089 4817 2185 4878 vit,
2222 4822 2362 4894 teste
2387 4807 2769 4894 Eginbafdo
2797 4815 2919 4894 AVita
2946 4811 3121 4894 ρειτοιί
3140 4807 3329 4894 ’ΜΞβηὶ
3356 4807 3659 4894 apudn'gml—

2090 4875 2216 4952 quet
2248 4875 2459 4952 Scriptf
2475 4886 2598 4938 Rer.
2625 4885 2760 4938 Gall.
2792 4892 2920 4937 tom.
2952 4884 3019 4946 V,
3043 4897 3163 4962 pag.
3191 4875 3282 4943 99',
3309 4875 3456 4938 auia.
3484 4875 3573 4934 εδ.

2124 4952 2450 5033 m‘.0merus
2503 4965 2679 5007 vester.
2735 4953 2833 5009 llic
2873 4961 2954 5006 est
3000 4952 3340 5021 Angilbertus
3362 4987 3377 5010 ,
3435 4948 3501 5000 de
3551 4958 3665 5010 quo

2093 5022 2428 5160 all:‘NSpecies
2455 5094 2756 5146 dictionum.
2789 5091 2910 5145 Haec
2935 5091 3169 5160 intelligo
3197 5089 3260 5160 de
3283 5081 3546 5160 qusculo
3570 5097 3661 5134 or-

2095 5155 2462 5229 tliographico,
2505 5162 2645 5229 quod
2673 5175 2737 5212 ex
2775 5163 2892 5214 cod.
2940 5155 3131 5215 Salisb'.
3175 5155 3486 5210 exhibemus
3513 5162 3659 5205 tomo

2093 5229 2262 5283 aitero
2288 5230 2536 5297 Operum.

2167 5300 2192 5338 ιι
2233 5291 2519 5352 l’enerandi
2564 5297 2759 5352 Patris.
2813 5301 2943 5353 Ven.
2990 5297 3142 5350 Beda:
3171 5294 3265 5346 abs
3307 5292 3487 5346 dubio.
3527 5291 3661 5343 Vide

2097 5370 2355 5423 monitum
2381 5368 2636 5436 previum
2667 5369 2736 5422 ad
2767 5370 2904 5423 idem
2937 5365 3256 5435 Opusculum
3279 5360 3660 5429 orthographi-

2097 5455 2450 5584 (jminit’iprgs
2480 5506 2818 5584 aritﬁtltdiere
2831 5503 3152 5584 subtilitatis.
3163 5502 3296 5584 ,Περ
3319 5499 3658 5584 intelligenda

2099 5570 2340 5629 fortassis
2375 5571 2453 5628 Ds
2496 5576 2844 5629 Aritltmeticis
2885 5573 3251 5627 subtilitatibus
3287 5571 3355 5626 ad
3401 5570 3660 5622 mendos

2091 5647 2302 5711 jmim
2327 5658 2342 5700 ;
2369 5657 2526 5710 quem
2555 5644 2787 5698 libellum
2817 5659 2847 5698 ο
2873 5643 2991 5698 cod.
3033 5642 3281 5710 Aegiensi
3331 5640 3657 5705 descriptum

2099 5713 2266 5765 altero
2295 5725 2502 5780 quoque
2527 5723 2668 5767 torno
2693 5713 3038 5774 proferemus.
