  <div class='ocr_page' id='page_1' title='image "/cluster/home/n/w/nwhite01/storage/ocr_20150623/100/uva.x000827058/166.png"; bbox 0 0 4238 6190; ppageno 0'>
   <div class='ocr_carea' id='block_1_1' title="bbox 411 253 514 311">
    <p class='ocr_par' dir='ltr' id='par_1_1' title="bbox 411 253 514 311">
     <span class='ocr_line' id='line_1_1' title="bbox 411 253 514 311; baseline -0.039 0"><span class='ocrx_word' id='word_1_1' title='bbox 411 253 514 311; x_wconf 77' lang='grc'><strong>317</strong></span> 
     </span>
    </p>
   </div>
   <div class='ocr_carea' id='block_1_2' title="bbox 1820 252 2194 331">
    <p class='ocr_par' dir='ltr' id='par_1_2' title="bbox 1820 252 2194 331">
     <span class='ocr_line' id='line_1_2' title="bbox 1820 252 2194 331; baseline -0.005 -24"><span class='ocrx_word' id='word_1_2' title='bbox 1820 252 2194 331; x_wconf 56' lang='grc' dir='ltr'><strong>ενιξτοωε.</strong></span> 
     </span>
    </p>
   </div>
   <div class='ocr_carea' id='block_1_3' title="bbox 3518 258 3623 315">
    <p class='ocr_par' dir='ltr' id='par_1_3' title="bbox 3518 258 3623 315">
     <span class='ocr_line' id='line_1_3' title="bbox 3518 258 3623 315; baseline 0.019 -3"><span class='ocrx_word' id='word_1_3' title='bbox 3518 258 3623 315; x_wconf 72' lang='grc'><strong>318</strong></span> 
     </span>
    </p>
   </div>
   <div class='ocr_carea' id='block_1_4' title="bbox 411 362 3620 441">
    <p class='ocr_par' dir='ltr' id='par_1_4' title="bbox 411 362 3620 441">
     <span class='ocr_line' id='line_1_4' title="bbox 411 362 3620 441; baseline 0.001 -14"><span class='ocrx_word' id='word_1_4' title='bbox 411 381 612 427; x_wconf 81' lang='lat' dir='ltr'><strong>starum</strong></span> <span class='ocrx_word' id='word_1_5' title='bbox 636 362 896 435; x_wconf 85' lang='lat' dir='ltr'><strong>profectu.</strong></span> <span class='ocrx_word' id='word_1_6' title='bbox 926 364 1030 419; x_wconf 85' lang='lat' dir='ltr'><strong>Sed</strong></span> <span class='ocrx_word' id='word_1_7' title='bbox 1046 362 1176 418; x_wconf 82' lang='lat' dir='ltr'><strong>nihil</strong></span> <span class='ocrx_word' id='word_1_8' title='bbox 1206 364 1271 418; x_wconf 88' lang='lat' dir='ltr'><strong>de</strong></span> <span class='ocrx_word' id='word_1_9' title='bbox 1294 364 1378 418; x_wconf 87' lang='lat' dir='ltr'><strong>his</strong></span> <span class='ocrx_word' id='word_1_10' title='bbox 1404 362 1601 416; x_wconf 83' lang='lat' dir='ltr'><strong>inveni.</strong></span> <span class='ocrx_word' id='word_1_11' title='bbox 1628 362 1849 426; x_wconf 84' lang='lat' dir='ltr'><strong>Tamen,</strong></span> <span class='ocrx_word' id='word_1_12' title='bbox 1873 378 1969 415; x_wconf 74' lang='grc' dir='ltr'><strong>γο-</strong></span> <span class='ocrx_word' id='word_1_13' title='bbox 1992 368 2042 424; x_wconf 76' lang='grc' dir='ltr'>Α</span> <span class='ocrx_word' id='word_1_14' title='bbox 2069 372 2179 441; x_wconf 55' lang='lat' dir='ltr'><strong>tas.</strong></span> <span class='ocrx_word' id='word_1_15' title='bbox 2195 363 2301 419; x_wconf 91' lang='lat' dir='ltr'><strong>Sed</strong></span> <span class='ocrx_word' id='word_1_16' title='bbox 2324 366 2447 434; x_wconf 87' lang='lat' dir='ltr'><strong>quia</strong></span> <span class='ocrx_word' id='word_1_17' title='bbox 2476 382 2634 435; x_wconf 87' lang='lat' dir='ltr'><strong>spero</strong></span> <span class='ocrx_word' id='word_1_18' title='bbox 2658 368 2767 424; x_wconf 89' lang='lat' dir='ltr'><strong>cito</strong></span> <span class='ocrx_word' id='word_1_19' title='bbox 2792 385 2908 435; x_wconf 87' lang='lat' dir='ltr'><strong>vos,</strong></span> <span class='ocrx_word' id='word_1_20' title='bbox 2943 370 3231 426; x_wconf 91' lang='lat' dir='ltr'><strong>miserante</strong></span> <span class='ocrx_word' id='word_1_21' title='bbox 3258 372 3389 437; x_wconf 91' lang='lat' dir='ltr'><strong>Deo,</strong></span> <span class='ocrx_word' id='word_1_22' title='bbox 3419 371 3620 430; x_wconf 84' lang='lat' dir='ltr'><strong>videre.</strong></span> 
     </span>
    </p>
   </div>
   <div class='ocr_carea' id='block_1_5' title="bbox 411 453 1963 521">
    <p class='ocr_par' dir='ltr' id='par_1_5' title="bbox 411 453 1963 521">
     <span class='ocr_line' id='line_1_5' title="bbox 411 453 1963 521; baseline -0.005 -6"><span class='ocrx_word' id='word_1_23' title='bbox 411 463 551 515; x_wconf 88' lang='lat' dir='ltr'><strong>lente</strong></span> <span class='ocrx_word' id='word_1_24' title='bbox 569 459 697 521; x_wconf 88' lang='lat' dir='ltr'><strong>Deo,</strong></span> <span class='ocrx_word' id='word_1_25' title='bbox 723 458 935 510; x_wconf 90' lang='lat' dir='ltr'><strong>visurus</strong></span> <span class='ocrx_word' id='word_1_26' title='bbox 957 471 1071 519; x_wconf 91' lang='lat' dir='ltr'><strong>vos,</strong></span> <span class='ocrx_word' id='word_1_27' title='bbox 1102 454 1185 509; x_wconf 96' lang='lat' dir='ltr'><strong>vel</strong></span> <span class='ocrx_word' id='word_1_28' title='bbox 1218 455 1535 509; x_wconf 70' lang='lat' dir='ltr'><strong>necessitate</strong></span> <span class='ocrx_word' id='word_1_29' title='bbox 1559 461 1776 508; x_wconf 88' lang='lat' dir='ltr'><strong>coactus</strong></span> <span class='ocrx_word' id='word_1_30' title='bbox 1798 453 1963 507; x_wconf 88' lang='lat' dir='ltr'><strong>babes</strong></span> 
     </span>
    </p>
   </div>
   <div class='ocr_carea' id='block_1_6' title="bbox 408 543 1961 623">
    <p class='ocr_par' dir='ltr' id='par_1_6' title="bbox 408 543 1961 623">
     <span class='ocr_line' id='line_1_6' title="bbox 408 543 1961 623; baseline -0.007 -16"><span class='ocrx_word' id='word_1_31' title='bbox 408 551 587 623; x_wconf 80' lang='lat' dir='ltr'><strong>[Pes.,</strong></span> <span class='ocrx_word' id='word_1_32' title='bbox 612 546 854 619; x_wconf 85' lang='lat' dir='ltr'><strong>habebis]</strong></span> <span class='ocrx_word' id='word_1_33' title='bbox 874 549 1072 613; x_wconf 82' lang='lat' dir='ltr'><strong>dicere,</strong></span> <span class='ocrx_word' id='word_1_34' title='bbox 1094 547 1235 616; x_wconf 87' lang='lat' dir='ltr'><strong>quod</strong></span> <span class='ocrx_word' id='word_1_35' title='bbox 1247 546 1487 603; x_wconf 73' lang='lat' dir='ltr'><strong>chartula</strong></span> <span class='ocrx_word' id='word_1_36' title='bbox 1509 545 1765 601; x_wconf 89' lang='lat' dir='ltr'><strong>conticuit</strong></span> <span class='ocrx_word' id='word_1_37' title='bbox 1787 543 1961 616; x_wconf 72' lang='lat' dir='ltr'><strong>[Pes.,</strong></span> 
     </span>
    </p>
   </div>
   <div class='ocr_carea' id='block_1_7' title="bbox 407 634 1968 711">
    <p class='ocr_par' dir='ltr' id='par_1_7' title="bbox 407 634 1968 711">
     <span class='ocr_line' id='line_1_7' title="bbox 407 634 1968 711; baseline -0.008 -14"><span class='ocrx_word' id='word_1_38' title='bbox 407 637 688 711; x_wconf 83' lang='lat' dir='ltr'><strong>continet].</strong></span> <span class='ocrx_word' id='word_1_39' title='bbox 717 638 846 693; x_wconf 86' lang='lat' dir='ltr'><strong>Item</strong></span> <span class='ocrx_word' id='word_1_40' title='bbox 866 652 1110 708; x_wconf 63' lang='lat' dir='ltr'><strong>quaerens</strong></span> <span class='ocrx_word' id='word_1_41' title='bbox 1128 637 1181 691; x_wconf 91' lang='lat' dir='ltr'><strong>in</strong></span> <span class='ocrx_word' id='word_1_42' title='bbox 1207 636 1333 701; x_wconf 87' lang='lat' dir='ltr'><strong>illis,</strong></span> <span class='ocrx_word' id='word_1_43' title='bbox 1358 644 1557 705; x_wconf 88' lang='lat' dir='ltr'><strong>quanto</strong></span> <span class='ocrx_word' id='word_1_44' title='bbox 1582 644 1820 704; x_wconf 86' lang='lat' dir='ltr'><strong>tempore</strong></span> <span class='ocrx_word' id='word_1_45' title='bbox 1830 634 1968 690; x_wconf 81' lang='lat' dir='ltr'><strong>bea—</strong></span> 
     </span>
    </p>
   </div>
   <div class='ocr_carea' id='block_1_8' title="bbox 410 718 1965 796">
    <p class='ocr_par' dir='ltr' id='par_1_8' title="bbox 410 718 1965 796">
     <span class='ocr_line' id='line_1_8' title="bbox 410 718 1965 796; baseline -0.006 -12"><span class='ocrx_word' id='word_1_46' title='bbox 410 728 623 784; x_wconf 87' lang='lat' dir='ltr'><strong>titudini</strong></span> <span class='ocrx_word' id='word_1_47' title='bbox 657 718 761 783; x_wconf 71' lang='lat' dir='ltr'><strong>tua:</strong></span> <span class='ocrx_word' id='word_1_48' title='bbox 789 729 844 782; x_wconf 90' lang='lat' dir='ltr'><strong>in</strong></span> <span class='ocrx_word' id='word_1_49' title='bbox 899 728 983 781; x_wconf 89' lang='lat' dir='ltr'><strong>bis</strong></span> <span class='ocrx_word' id='word_1_50' title='bbox 1007 727 1244 796; x_wconf 89' lang='lat' dir='ltr'><strong>partibus</strong></span> <span class='ocrx_word' id='word_1_51' title='bbox 1288 734 1431 780; x_wconf 86' lang='lat' dir='ltr'><strong>esset</strong></span> <span class='ocrx_word' id='word_1_52' title='bbox 1478 722 1831 778; x_wconf 76' lang='lat' dir='ltr'><strong>manendum?</strong></span> <span class='ocrx_word' id='word_1_53' title='bbox 1860 720 1965 775; x_wconf 87' lang='lat' dir='ltr'><strong>Sed</strong></span> 
     </span>
    </p>
   </div>
   <div class='ocr_carea' id='block_1_9' title="bbox 408 799 1973 890">
    <p class='ocr_par' dir='ltr' id='par_1_9' title="bbox 408 799 1973 890">
     <span class='ocr_line' id='line_1_9' title="bbox 408 799 1973 890; baseline -0.006 -16"><span class='ocrx_word' id='word_1_54' title='bbox 408 834 584 890; x_wconf 87' lang='lat' dir='ltr'><strong>neque</strong></span> <span class='ocrx_word' id='word_1_55' title='bbox 608 820 711 873; x_wconf 90' lang='lat' dir='ltr'><strong>hoc</strong></span> <span class='ocrx_word' id='word_1_56' title='bbox 748 817 943 872; x_wconf 81' lang='lat' dir='ltr'><strong>inveni.</strong></span> <span class='ocrx_word' id='word_1_57' title='bbox 962 816 1087 872; x_wconf 91' lang='lat' dir='ltr'><strong>Ideo</strong></span> <span class='ocrx_word' id='word_1_58' title='bbox 1126 815 1377 869; x_wconf 80' lang='lat' dir='ltr'><strong>incertior</strong></span> <span class='ocrx_word' id='word_1_59' title='bbox 1407 814 1473 869; x_wconf 91' lang='lat' dir='ltr'><strong>de</strong></span> <span class='ocrx_word' id='word_1_60' title='bbox 1495 814 1758 882; x_wconf 84' lang='lat' dir='ltr'><strong>colloquio</strong></span> <span class='ocrx_word' id='word_1_61' title='bbox 1781 799 1973 865; x_wconf 25' lang='lat' dir='ltr'><strong>nostro.</strong></span> 
     </span>
    </p>
   </div>
   <div class='ocr_carea' id='block_1_10' title="bbox 410 890 1965 974">
    <p class='ocr_par' dir='ltr' id='par_1_10' title="bbox 410 890 1965 974">
     <span class='ocr_line' id='line_1_10' title="bbox 410 890 1965 974; baseline -0.006 -12"><span class='ocrx_word' id='word_1_62' title='bbox 410 909 603 971; x_wconf 90' lang='lat' dir='ltr'><strong>factus,</strong></span> <span class='ocrx_word' id='word_1_63' title='bbox 627 908 754 974; x_wconf 91' lang='lat' dir='ltr'><strong>quid</strong></span> <span class='ocrx_word' id='word_1_64' title='bbox 772 907 1145 961; x_wconf 89' lang='lat' dir='ltr'><strong>demandarem</strong></span> <span class='ocrx_word' id='word_1_65' title='bbox 1161 906 1185 958; x_wconf 67' lang='grc' dir='ltr'><em>ἲ</em></span> <span class='ocrx_word' id='word_1_66' title='bbox 1199 905 1397 959; x_wconf 84' lang='lat' dir='ltr'><strong>Tamen</strong></span> <span class='ocrx_word' id='word_1_67' title='bbox 1411 904 1457 959; x_wconf 90' lang='lat' dir='ltr'><strong>si</strong></span> <span class='ocrx_word' id='word_1_68' title='bbox 1477 918 1647 973; x_wconf 88' lang='lat' dir='ltr'><strong>usque</strong></span> <span class='ocrx_word' id='word_1_69' title='bbox 1662 902 1729 957; x_wconf 89' lang='lat' dir='ltr'><strong>ad</strong></span> <span class='ocrx_word' id='word_1_70' title='bbox 1758 890 1965 956; x_wconf 80' lang='lat' dir='ltr'><strong>Pascha</strong></span> 
     </span>
    </p>
   </div>
   <div class='ocr_carea' id='block_1_11' title="bbox 408 991 1967 1066">
    <p class='ocr_par' dir='ltr' id='par_1_11' title="bbox 408 991 1967 1066">
     <span class='ocr_line' id='line_1_11' title="bbox 408 991 1967 1066; baseline -0.003 -17"><span class='ocrx_word' id='word_1_71' title='bbox 408 996 567 1051; x_wconf 87' lang='lat' dir='ltr'><strong>liceat</strong></span> <span class='ocrx_word' id='word_1_72' title='bbox 596 996 691 1050; x_wconf 88' lang='lat' dir='ltr'><strong>tibi</strong></span> <span class='ocrx_word' id='word_1_73' title='bbox 722 996 774 1049; x_wconf 90' lang='lat' dir='ltr'><strong>in</strong></span> <span class='ocrx_word' id='word_1_74' title='bbox 795 995 1118 1049; x_wconf 89' lang='lat' dir='ltr'><strong>monasterio</strong></span> <span class='ocrx_word' id='word_1_75' title='bbox 1142 994 1450 1066; x_wconf 82' lang='lat' dir='ltr'><strong>(Elnonensi</strong></span> <span class='ocrx_word' id='word_1_76' title='bbox 1468 992 1785 1049; x_wconf 66' lang='lat' dir='ltr'><strong>S.‘Amandi</strong></span> <span class='ocrx_word' id='word_1_77' title='bbox 1807 992 1866 1045; x_wconf 86' lang='lat' dir='ltr'><strong>u&#39;t</strong></span> <span class='ocrx_word' id='word_1_78' title='bbox 1884 991 1967 1045; x_wconf 84' lang='lat' dir='ltr'><strong>in-</strong></span> 
     </span>
    </p>
   </div>
   <div class='ocr_carea' id='block_1_12' title="bbox 407 1081 1965 1154">
    <p class='ocr_par' dir='ltr' id='par_1_12' title="bbox 407 1081 1965 1154">
     <span class='ocr_line' id='line_1_12' title="bbox 407 1081 1965 1154; baseline -0.003 -16"><span class='ocrx_word' id='word_1_79' title='bbox 407 1084 512 1154; x_wconf 86' lang='lat' dir='ltr'><strong>fra)</strong></span> <span class='ocrx_word' id='word_1_80' title='bbox 540 1098 871 1153; x_wconf 85' lang='lat' dir='ltr'><strong>permanere,</strong></span> <span class='ocrx_word' id='word_1_81' title='bbox 916 1083 1137 1139; x_wconf 73' lang='lat' dir='ltr'><strong>forsitan</strong></span> <span class='ocrx_word' id='word_1_82' title='bbox 1168 1085 1306 1138; x_wconf 88' lang='lat' dir='ltr'><strong>intra</strong></span> <span class='ocrx_word' id='word_1_83' title='bbox 1336 1083 1808 1153; x_wconf 79' lang='lat' dir='ltr'><strong>Quadragcsimam</strong></span> <span class='ocrx_word' id='word_1_84' title='bbox 1832 1081 1965 1134; x_wconf 83' lang='lat' dir='ltr'><strong>visi-</strong></span> 
     </span>
    </p>
   </div>
   <div class='ocr_carea' id='block_1_13' title="bbox 408 1171 1960 1243">
    <p class='ocr_par' dir='ltr' id='par_1_13' title="bbox 408 1171 1960 1243">
     <span class='ocr_line' id='line_1_13' title="bbox 408 1171 1960 1243; baseline -0.002 -15"><span class='ocrx_word' id='word_1_85' title='bbox 408 1185 582 1228; x_wconf 89' lang='lat' dir='ltr'><strong>temus</strong></span> <span class='ocrx_word' id='word_1_86' title='bbox 623 1183 676 1228; x_wconf 91' lang='lat' dir='ltr'><strong>te</strong></span> <span class='ocrx_word' id='word_1_87' title='bbox 720 1175 772 1227; x_wconf 91' lang='lat' dir='ltr'><strong>in</strong></span> <span class='ocrx_word' id='word_1_88' title='bbox 817 1173 1010 1227; x_wconf 83' lang='lat' dir='ltr'><strong>lectulo</strong></span> <span class='ocrx_word' id='word_1_89' title='bbox 1034 1173 1341 1228; x_wconf 84' lang='lat' dir='ltr'><strong>deliciarum</strong></span> <span class='ocrx_word' id='word_1_90' title='bbox 1388 1171 1644 1243; x_wconf 79' lang='lat' dir='ltr'><strong>[tuarum]</strong></span> <span class='ocrx_word' id='word_1_91' title='bbox 1670 1173 1960 1225; x_wconf 88' lang='lat' dir='ltr'><strong>sedentem.</strong></span> 
     </span>
    </p>
   </div>
   <div class='ocr_carea' id='block_1_14' title="bbox 407 1260 1965 1335">
    <p class='ocr_par' dir='ltr' id='par_1_14' title="bbox 407 1260 1965 1335">
     <span class='ocr_line' id='line_1_14' title="bbox 407 1260 1965 1335; baseline -0.003 -17"><span class='ocrx_word' id='word_1_92' title='bbox 407 1265 521 1335; x_wconf 80' lang='lat' dir='ltr'><strong>Ego</strong></span> <span class='ocrx_word' id='word_1_93' title='bbox 536 1278 663 1318; x_wconf 74' lang='lat' dir='ltr'><strong>vero</strong></span> <span class='ocrx_word' id='word_1_94' title='bbox 681 1264 894 1332; x_wconf 86' lang='lat' dir='ltr'><strong>ignarus</strong></span> <span class='ocrx_word' id='word_1_95' title='bbox 916 1264 1089 1316; x_wconf 89' lang='lat' dir='ltr'><strong>adhuc</strong></span> <span class='ocrx_word' id='word_1_96' title='bbox 1106 1277 1222 1316; x_wconf 87' lang='lat' dir='ltr'><strong>sum</strong></span> <span class='ocrx_word' id='word_1_97' title='bbox 1244 1264 1309 1316; x_wconf 90' lang='lat' dir='ltr'><strong>de</strong></span> <span class='ocrx_word' id='word_1_98' title='bbox 1332 1262 1524 1315; x_wconf 86' lang='lat' dir='ltr'><strong>itinere</strong></span> <span class='ocrx_word' id='word_1_99' title='bbox 1537 1276 1657 1315; x_wconf 90' lang='lat' dir='ltr'><strong>meo</strong></span> <span class='ocrx_word' id='word_1_100' title='bbox 1677 1260 1849 1331; x_wconf 72' lang='lat' dir='ltr'><strong>[Pea.,</strong></span> <span class='ocrx_word' id='word_1_101' title='bbox 1875 1261 1965 1313; x_wconf 48' lang='lat' dir='ltr'><strong>de</strong></span> 
     </span>
    </p>
   </div>
   <div class='ocr_carea' id='block_1_15' title="bbox 406 1349 1967 1425">
    <p class='ocr_par' dir='ltr' id='par_1_15' title="bbox 406 1349 1967 1425">
     <span class='ocr_line' id='line_1_15' title="bbox 406 1349 1967 1425; baseline -0.004 -16"><span class='ocrx_word' id='word_1_102' title='bbox 406 1357 579 1410; x_wconf 84' lang='lat' dir='ltr'><strong>linere</strong></span> <span class='ocrx_word' id='word_1_103' title='bbox 607 1354 714 1425; x_wconf 89' lang='lat' dir='ltr'><strong>me]</strong></span> <span class='ocrx_word' id='word_1_104' title='bbox 741 1363 957 1424; x_wconf 80' lang='lat' dir='ltr'><strong>propter</strong></span> <span class='ocrx_word' id='word_1_105' title='bbox 983 1352 1198 1415; x_wconf 88' lang='lat' dir='ltr'><strong>famam,</strong></span> <span class='ocrx_word' id='word_1_106' title='bbox 1223 1368 1341 1420; x_wconf 69' lang='lat' dir='ltr'><strong>qua:</strong></span> <span class='ocrx_word' id='word_1_107' title='bbox 1367 1352 1553 1407; x_wconf 85' lang='lat' dir='ltr'><strong>volitat</strong></span> <span class='ocrx_word' id='word_1_108' title='bbox 1578 1366 1675 1420; x_wconf 91' lang='lat' dir='ltr'><strong>per</strong></span> <span class='ocrx_word' id='word_1_109' title='bbox 1697 1366 1789 1404; x_wconf 91' lang='lat' dir='ltr'><strong>ora</strong></span> <span class='ocrx_word' id='word_1_110' title='bbox 1837 1349 1967 1403; x_wconf 84' lang='lat' dir='ltr'><strong>mul-</strong></span> 
     </span>
    </p>
   </div>
   <div class='ocr_carea' id='block_1_16' title="bbox 405 1439 1967 1513">
    <p class='ocr_par' dir='ltr' id='par_1_16' title="bbox 405 1439 1967 1513">
     <span class='ocr_line' id='line_1_16' title="bbox 405 1439 1967 1513; baseline -0.003 -17"><span class='ocrx_word' id='word_1_111' title='bbox 405 1454 603 1507; x_wconf 90' lang='lat' dir='ltr'><strong>torum,</strong></span> <span class='ocrx_word' id='word_1_112' title='bbox 632 1455 657 1481; x_wconf 77' lang='grc' dir='ltr'>ι</span> <span class='ocrx_word' id='word_1_113' title='bbox 690 1457 870 1513; x_wconf 86' lang='lat' dir='ltr'><strong>regem</strong></span> <span class='ocrx_word' id='word_1_114' title='bbox 913 1441 1171 1495; x_wconf 88' lang='lat' dir='ltr'><strong>orationis</strong></span> <span class='ocrx_word' id='word_1_115' title='bbox 1202 1442 1373 1509; x_wconf 80' lang='lat' dir='ltr'><strong>gratia</strong></span> <span class='ocrx_word' id='word_1_116' title='bbox 1399 1442 1569 1495; x_wconf 84' lang='lat' dir='ltr'><strong>sancti</strong></span> <span class='ocrx_word' id='word_1_117' title='bbox 1597 1440 1809 1493; x_wconf 76' lang='lat' dir='ltr'><strong>Martini</strong></span> <span class='ocrx_word' id='word_1_118' title='bbox 1839 1439 1967 1491; x_wconf 88' lang='lat' dir='ltr'><strong>visi—</strong></span> 
     </span>
    </p>
   </div>
   <div class='ocr_carea' id='block_1_17' title="bbox 407 1530 1966 1599">
    <p class='ocr_par' dir='ltr' id='par_1_17' title="bbox 407 1530 1966 1599">
     <span class='ocr_line' id='line_1_17' title="bbox 407 1530 1966 1599; baseline -0.002 -15"><span class='ocrx_word' id='word_1_119' title='bbox 407 1541 520 1585; x_wconf 85' lang='lat' dir='ltr'><strong>tare</strong></span> <span class='ocrx_word' id='word_1_120' title='bbox 543 1532 861 1599; x_wconf 89' lang='lat' dir='ltr'><strong>patrocinia,</strong></span> <span class='ocrx_word' id='word_1_121' title='bbox 886 1540 939 1585; x_wconf 92' lang='lat' dir='ltr'><strong>et</strong></span> <span class='ocrx_word' id='word_1_122' title='bbox 969 1531 1098 1584; x_wconf 92' lang='lat' dir='ltr'><strong>mihi</strong></span> <span class='ocrx_word' id='word_1_123' title='bbox 1135 1532 1425 1585; x_wconf 85' lang='lat' dir='ltr'><strong>necessitas</strong></span> <span class='ocrx_word' id='word_1_124' title='bbox 1462 1531 1758 1593; x_wconf 90' lang='lat' dir='ltr'><strong>incumbit,</strong></span> <span class='ocrx_word' id='word_1_125' title='bbox 1819 1530 1966 1582; x_wconf 90' lang='lat' dir='ltr'><strong>illum</strong></span> 
     </span>
    </p>
   </div>
   <div class='ocr_carea' id='block_1_18' title="bbox 403 1620 1968 1693">
    <p class='ocr_par' dir='ltr' id='par_1_18' title="bbox 403 1620 1968 1693">
     <span class='ocr_line' id='line_1_18' title="bbox 403 1620 1968 1693; baseline -0.003 -17"><span class='ocrx_word' id='word_1_126' title='bbox 403 1632 647 1692; x_wconf 88' lang='lat' dir='ltr'><strong>spectare</strong></span> <span class='ocrx_word' id='word_1_127' title='bbox 671 1620 784 1693; x_wconf 82' lang='lat' dir='ltr'><strong>[F.,</strong></span> <span class='ocrx_word' id='word_1_128' title='bbox 812 1620 1201 1692; x_wconf 80' lang='lat' dir='ltr'><strong>exspectare?],</strong></span> <span class='ocrx_word' id='word_1_129' title='bbox 1237 1622 1633 1689; x_wconf 88' lang='lat' dir='ltr'><strong>hospitiumque</strong></span> <span class='ocrx_word' id='word_1_130' title='bbox 1663 1635 1968 1689; x_wconf 74' lang='lat' dir='ltr'><strong>pneparare</strong></span> 
     </span>
    </p>
   </div>
   <div class='ocr_carea' id='block_1_19' title="bbox 402 1710 1963 1778">
    <p class='ocr_par' dir='ltr' id='par_1_19' title="bbox 402 1710 1963 1778">
     <span class='ocr_line' id='line_1_19' title="bbox 402 1710 1963 1778; baseline -0.001 -14"><span class='ocrx_word' id='word_1_131' title='bbox 402 1710 617 1764; x_wconf 87' lang='lat' dir='ltr'><strong>domino</strong></span> <span class='ocrx_word' id='word_1_132' title='bbox 645 1725 765 1764; x_wconf 89' lang='lat' dir='ltr'><strong>meo</strong></span> <span class='ocrx_word' id='word_1_133' title='bbox 786 1710 1150 1765; x_wconf 80' lang='lat' dir='ltr'><strong>dilectissimo.</strong></span> <span class='ocrx_word' id='word_1_134' title='bbox 1190 1710 1257 1763; x_wconf 84' lang='lat' dir='ltr'><strong>Et</strong></span> <span class='ocrx_word' id='word_1_135' title='bbox 1280 1712 1483 1764; x_wconf 88' lang='lat' dir='ltr'><strong>utinam</strong></span> <span class='ocrx_word' id='word_1_136' title='bbox 1514 1712 1747 1765; x_wconf 90' lang='lat' dir='ltr'><strong>volasset</strong></span> <span class='ocrx_word' id='word_1_137' title='bbox 1772 1710 1963 1778; x_wconf 82' lang='lat' dir='ltr'><strong>Aquila</strong></span> 
     </span>
    </p>
   </div>
   <div class='ocr_carea' id='block_1_20' title="bbox 404 1797 1965 1869">
    <p class='ocr_par' dir='ltr' id='par_1_20' title="bbox 404 1797 1965 1869">
     <span class='ocr_line' id='line_1_20' title="bbox 404 1797 1965 1869; baseline -0.003 -14"><span class='ocrx_word' id='word_1_138' title='bbox 404 1800 542 1855; x_wconf 88' lang='lat' dir='ltr'><strong>inter</strong></span> <span class='ocrx_word' id='word_1_139' title='bbox 568 1808 791 1853; x_wconf 58' lang='lat' dir='ltr'><strong>caeteros</strong></span> <span class='ocrx_word' id='word_1_140' title='bbox 816 1807 1121 1852; x_wconf 89' lang='lat' dir='ltr'><strong>sanctarum</strong></span> <span class='ocrx_word' id='word_1_141' title='bbox 1144 1799 1419 1853; x_wconf 91' lang='lat' dir='ltr'><strong>volucrum</strong></span> <span class='ocrx_word' id='word_1_142' title='bbox 1448 1807 1618 1853; x_wconf 76' lang='lat' dir='ltr'><strong>cmtus</strong></span> <span class='ocrx_word' id='word_1_143' title='bbox 1658 1797 1872 1869; x_wconf 89' lang='lat' dir='ltr'><strong>[usque]</strong></span> <span class='ocrx_word' id='word_1_144' title='bbox 1899 1799 1965 1851; x_wconf 91' lang='lat' dir='ltr'><strong>ad</strong></span> 
     </span>
    </p>
   </div>
   <div class='ocr_carea' id='block_1_21' title="bbox 400 1886 1231 1957">
    <p class='ocr_par' dir='ltr' id='par_1_21' title="bbox 400 1886 1231 1957">
     <span class='ocr_line' id='line_1_21' title="bbox 400 1886 1231 1957; baseline 0 -17"><span class='ocrx_word' id='word_1_145' title='bbox 400 1888 726 1957; x_wconf 87' lang='lat' dir='ltr'><strong>piscationes</strong></span> <span class='ocrx_word' id='word_1_146' title='bbox 752 1887 929 1955; x_wconf 86' lang='lat' dir='ltr'><strong>Ligeri</strong></span> <span class='ocrx_word' id='word_1_147' title='bbox 969 1886 1231 1940; x_wconf 83' lang='lat' dir='ltr'><strong>ﬂuminis!</strong></span> 
     </span>
    </p>
   </div>
   <div class='ocr_carea' id='block_1_22' title="bbox 472 1978 1961 2051">
    <p class='ocr_par' dir='ltr' id='par_1_22' title="bbox 472 1978 1961 2051">
     <span class='ocr_line' id='line_1_22' title="bbox 472 1978 1961 2051; baseline 0.001 -19"><span class='ocrx_word' id='word_1_148' title='bbox 472 1979 741 2033; x_wconf 74' lang='lat' dir='ltr'><strong>Mandavit</strong></span> <span class='ocrx_word' id='word_1_149' title='bbox 760 1978 1115 2047; x_wconf 84' lang='lat' dir='ltr'><strong>mihi‘quoque</strong></span> <span class='ocrx_word' id='word_1_150' title='bbox 1130 1979 1356 2034; x_wconf 89' lang='lat' dir='ltr'><strong>domnus</strong></span> <span class='ocrx_word' id='word_1_151' title='bbox 1368 1995 1458 2034; x_wconf 77' lang='lat' dir='ltr'><strong>rex</strong></span> <span class='ocrx_word' id='word_1_152' title='bbox 1482 1982 1666 2035; x_wconf 87' lang='lat' dir='ltr'><strong>venire</strong></span> <span class='ocrx_word' id='word_1_153' title='bbox 1688 1980 1753 2035; x_wconf 91' lang='lat' dir='ltr'><strong>ad</strong></span> <span class='ocrx_word' id='word_1_154' title='bbox 1766 1980 1961 2051; x_wconf 63' lang='lat' dir='ltr'><strong>Gyslae,</strong></span> 
     </span>
    </p>
   </div>
   <div class='ocr_carea' id='block_1_23' title="bbox 400 2068 1965 2141">
    <p class='ocr_par' dir='ltr' id='par_1_23' title="bbox 400 2068 1965 2141">
     <span class='ocr_line' id='line_1_23' title="bbox 400 2068 1965 2141; baseline -0.001 -18"><span class='ocrx_word' id='word_1_155' title='bbox 400 2069 751 2123; x_wconf 76' lang='lat' dir='ltr'><strong>sanctissima:</strong></span> <span class='ocrx_word' id='word_1_156' title='bbox 772 2069 973 2123; x_wconf 78' lang='lat' dir='ltr'><strong>sororis</strong></span> <span class='ocrx_word' id='word_1_157' title='bbox 1000 2084 1109 2122; x_wconf 78' lang='lat' dir='ltr'><strong>sua:</strong></span> <span class='ocrx_word' id='word_1_158' title='bbox 1128 2070 1427 2123; x_wconf 76' lang='lat' dir='ltr'><strong>cmnobium</strong></span> <span class='ocrx_word' id='word_1_159' title='bbox 1450 2068 1601 2141; x_wconf 87' lang='lat' dir='ltr'><strong>[Cod.</strong></span> <span class='ocrx_word' id='word_1_160' title='bbox 1628 2069 1767 2133; x_wconf 87' lang='lat' dir='ltr'><strong>Sal.,</strong></span> <span class='ocrx_word' id='word_1_161' title='bbox 1806 2070 1965 2139; x_wconf 82' lang='lat' dir='ltr'><strong>Gysla</strong></span> 
     </span>
    </p>
   </div>
   <div class='ocr_carea' id='block_1_24' title="bbox 402 2160 1965 2234">
    <p class='ocr_par' dir='ltr' id='par_1_24' title="bbox 402 2160 1965 2234">
     <span class='ocr_line' id='line_1_24' title="bbox 402 2160 1965 2234; baseline 0.001 -20"><span class='ocrx_word' id='word_1_162' title='bbox 541 2161 715 2215; x_wconf 88' lang='lat' dir='ltr'><strong>sorori</strong></span> <span class='ocrx_word' id='word_1_163' title='bbox 838 2161 905 2215; x_wconf 89' lang='lat' dir='ltr'><strong>ad</strong></span> <span class='ocrx_word' id='word_1_164' title='bbox 926 2160 1246 2232; x_wconf 75' lang='lat' dir='ltr'><strong>omnobium]</strong></span> <span class='ocrx_word' id='word_1_165' title='bbox 1275 2160 1444 2216; x_wconf 66' lang='lat' dir='ltr'><strong>bGaIe</strong></span> <span class='ocrx_word' id='word_1_166' title='bbox 1468 2161 1619 2234; x_wconf 72' lang='grc' dir='ltr'><strong>[ϐοά.</strong></span> <span class='ocrx_word' id='word_1_167' title='bbox 1653 2160 1792 2226; x_wconf 75' lang='lat' dir='ltr'><strong>Sal.,</strong></span> <span class='ocrx_word' id='word_1_168' title='bbox 1817 2160 1965 2232; x_wconf 86' lang='lat' dir='ltr'><strong>Cale]</strong></span> 
     </span>
    </p>
   </div>
   <div class='ocr_carea' id='block_1_25' title="bbox 398 2250 1964 2323">
    <p class='ocr_par' dir='ltr' id='par_1_25' title="bbox 398 2250 1964 2323">
     <span class='ocr_line' id='line_1_25' title="bbox 398 2250 1964 2323; baseline 0 -20"><span class='ocrx_word' id='word_1_169' title='bbox 398 2251 611 2305; x_wconf 84' lang='lat' dir='ltr'><strong>obviam</strong></span> <span class='ocrx_word' id='word_1_170' title='bbox 638 2250 976 2318; x_wconf 79' lang='lat' dir='ltr'><strong>Angilberto;</strong></span> <span class='ocrx_word' id='word_1_171' title='bbox 1006 2250 1098 2305; x_wconf 91' lang='lat' dir='ltr'><strong>sed</strong></span> <span class='ocrx_word' id='word_1_172' title='bbox 1140 2251 1325 2320; x_wconf 81' lang='lat' dir='ltr'><strong>ignem</strong></span> <span class='ocrx_word' id='word_1_173' title='bbox 1355 2252 1529 2306; x_wconf 87' lang='lat' dir='ltr'><strong>adhuc</strong></span> <span class='ocrx_word' id='word_1_174' title='bbox 1552 2253 1765 2320; x_wconf 86' lang='lat' dir='ltr'><strong>quando</strong></span> <span class='ocrx_word' id='word_1_175' title='bbox 1790 2251 1964 2323; x_wconf 80' lang='lat' dir='ltr'><strong>[Pez.,</strong></span> 
     </span>
    </p>
   </div>
   <div class='ocr_carea' id='block_1_26' title="bbox 400 2340 1966 2415">
    <p class='ocr_par' dir='ltr' id='par_1_26' title="bbox 400 2340 1966 2415">
     <span class='ocr_line' id='line_1_26' title="bbox 400 2340 1966 2415; baseline 0.002 -21"><span class='ocrx_word' id='word_1_176' title='bbox 400 2340 687 2412; x_wconf 87' lang='lat' dir='ltr'><strong>quomodo]</strong></span> <span class='ocrx_word' id='word_1_177' title='bbox 711 2342 813 2394; x_wconf 91' lang='lat' dir='ltr'><strong>hoc</strong></span> <span class='ocrx_word' id='word_1_178' title='bbox 834 2342 950 2396; x_wconf 78' lang='lat' dir='ltr'><strong>fieri</strong></span> <span class='ocrx_word' id='word_1_179' title='bbox 979 2342 1190 2397; x_wconf 87' lang='lat' dir='ltr'><strong>debeat.</strong></span> <span class='ocrx_word' id='word_1_180' title='bbox 1234 2342 1290 2397; x_wconf 90' lang='lat' dir='ltr'><strong>Si</strong></span> <span class='ocrx_word' id='word_1_181' title='bbox 1336 2352 1460 2397; x_wconf 86' lang='lat' dir='ltr'><strong>ante</strong></span> <span class='ocrx_word' id='word_1_182' title='bbox 1486 2344 1627 2413; x_wconf 88' lang='lat' dir='ltr'><strong>regis</strong></span> <span class='ocrx_word' id='word_1_183' title='bbox 1658 2343 1966 2415; x_wconf 75' lang='lat' dir='ltr'><strong>[adventura</strong></span> 
     </span>
    </p>
   </div>
   <div class='ocr_carea' id='block_1_27' title="bbox 400 2431 1967 2503">
    <p class='ocr_par' dir='ltr' id='par_1_27' title="bbox 400 2431 1967 2503">
     <span class='ocr_line' id='line_1_27' title="bbox 400 2431 1967 2503; baseline 0.001 -16"><span class='ocrx_word' id='word_1_184' title='bbox 400 2434 503 2487; x_wconf 92' lang='lat' dir='ltr'><strong>hoc</strong></span> <span class='ocrx_word' id='word_1_185' title='bbox 529 2431 654 2503; x_wconf 90' lang='lat' dir='ltr'><strong>erit]</strong></span> <span class='ocrx_word' id='word_1_186' title='bbox 705 2432 1032 2495; x_wconf 88' lang='lat' dir='ltr'><strong>condictum,</strong></span> <span class='ocrx_word' id='word_1_187' title='bbox 1066 2441 1191 2487; x_wconf 90' lang='lat' dir='ltr'><strong>tunc</strong></span> <span class='ocrx_word' id='word_1_188' title='bbox 1232 2435 1416 2489; x_wconf 85' lang='lat' dir='ltr'><strong>venies</strong></span> <span class='ocrx_word' id='word_1_189' title='bbox 1445 2435 1602 2490; x_wconf 91' lang='lat' dir='ltr'><strong>nobis</strong></span> <span class='ocrx_word' id='word_1_190' title='bbox 1632 2435 1842 2490; x_wconf 82' lang='lat' dir='ltr'><strong>obviam</strong></span> <span class='ocrx_word' id='word_1_191' title='bbox 1899 2436 1967 2489; x_wconf 90' lang='lat' dir='ltr'><strong>ad</strong></span> 
     </span>
    </p>
   </div>
   <div class='ocr_carea' id='block_1_28' title="bbox 402 2521 1967 2596">
    <p class='ocr_par' dir='ltr' id='par_1_28' title="bbox 402 2521 1967 2596">
     <span class='ocr_line' id='line_1_28' title="bbox 402 2521 1967 2596; baseline 0 -19"><span class='ocrx_word' id='word_1_192' title='bbox 402 2536 422 2561; x_wconf 69' lang='grc' dir='ltr'><em>ε</em></span> <span class='ocrx_word' id='word_1_193' title='bbox 443 2524 717 2577; x_wconf 80' lang='lat' dir='ltr'><strong>Cnisacam</strong></span> <span class='ocrx_word' id='word_1_194' title='bbox 744 2522 914 2577; x_wconf 89' lang='lat' dir='ltr'><strong>sancti</strong></span> <span class='ocrx_word' id='word_1_195' title='bbox 942 2521 1197 2591; x_wconf 87' lang='lat' dir='ltr'><strong>Stephani</strong></span> <span class='ocrx_word' id='word_1_196' title='bbox 1226 2524 1418 2577; x_wconf 88' lang='lat' dir='ltr'><strong>cellam</strong></span> <span class='ocrx_word' id='word_1_197' title='bbox 1455 2534 1511 2579; x_wconf 91' lang='lat' dir='ltr'><strong>et</strong></span> <span class='ocrx_word' id='word_1_198' title='bbox 1551 2524 1700 2596; x_wconf 67' lang='grc' dir='ltr'><strong>[Ρη.</strong></span> <span class='ocrx_word' id='word_1_199' title='bbox 1721 2563 1737 2588; x_wconf 86' lang='grc'><em>,</em></span> <span class='ocrx_word' id='word_1_200' title='bbox 1762 2523 1866 2594; x_wconf 91' lang='lat' dir='ltr'><strong>vel]</strong></span> <span class='ocrx_word' id='word_1_201' title='bbox 1898 2522 1967 2577; x_wconf 92' lang='lat' dir='ltr'><strong>ad</strong></span> 
     </span>
    </p>
   </div>
   <div class='ocr_carea' id='block_1_29' title="bbox 398 2611 1967 2684">
    <p class='ocr_par' dir='ltr' id='par_1_29' title="bbox 398 2611 1967 2684">
     <span class='ocr_line' id='line_1_29' title="bbox 398 2611 1967 2684; baseline -0.001 -17"><span class='ocrx_word' id='word_1_202' title='bbox 398 2612 448 2684; x_wconf 75' lang='grc' dir='ltr'><strong>[ιι</strong></span> <span class='ocrx_word' id='word_1_203' title='bbox 472 2614 790 2669; x_wconf 75' lang='lat' dir='ltr'><strong>Noviantum</strong></span> <span class='ocrx_word' id='word_1_204' title='bbox 816 2611 1116 2683; x_wconf 87' lang='lat' dir='ltr'><strong>Curtulum]</strong></span> <span class='ocrx_word' id='word_1_205' title='bbox 1141 2621 1400 2665; x_wconf 89' lang='lat' dir='ltr'><strong>nostrum.</strong></span> <span class='ocrx_word' id='word_1_206' title='bbox 1430 2611 1536 2666; x_wconf 88' lang='lat' dir='ltr'><strong>Sed</strong></span> <span class='ocrx_word' id='word_1_207' title='bbox 1564 2612 1757 2666; x_wconf 91' lang='lat' dir='ltr'><strong>festina</strong></span> <span class='ocrx_word' id='word_1_208' title='bbox 1772 2613 1967 2666; x_wconf 87' lang='lat' dir='ltr'><strong>reseri-</strong></span> 
     </span>
    </p>
   </div>
   <div class='ocr_carea' id='block_1_30' title="bbox 397 2700 1963 2772">
    <p class='ocr_par' dir='ltr' id='par_1_30' title="bbox 397 2700 1963 2772">
     <span class='ocr_line' id='line_1_30' title="bbox 397 2700 1963 2772; baseline -0.001 -15"><span class='ocrx_word' id='word_1_209' title='bbox 397 2705 526 2757; x_wconf 78' lang='lat' dir='ltr'><strong>berc</strong></span> <span class='ocrx_word' id='word_1_210' title='bbox 551 2704 703 2765; x_wconf 90' lang='lat' dir='ltr'><strong>mihi,</strong></span> <span class='ocrx_word' id='word_1_211' title='bbox 730 2712 987 2771; x_wconf 89' lang='lat' dir='ltr'><strong>quantum</strong></span> <span class='ocrx_word' id='word_1_212' title='bbox 1014 2702 1130 2757; x_wconf 82' lang='lat' dir='ltr'><strong>fieri</strong></span> <span class='ocrx_word' id='word_1_213' title='bbox 1174 2710 1349 2770; x_wconf 87' lang='lat' dir='ltr'><strong>potest</strong></span> <span class='ocrx_word' id='word_1_214' title='bbox 1381 2700 1533 2772; x_wconf 88' lang='lat' dir='ltr'><strong>[Cod.</strong></span> <span class='ocrx_word' id='word_1_215' title='bbox 1565 2701 1706 2766; x_wconf 63' lang='grc' dir='ltr'><strong>δοίη</strong></span> <span class='ocrx_word' id='word_1_216' title='bbox 1732 2701 1963 2771; x_wconf 89' lang='lat' dir='ltr'><strong>posses],</strong></span> 
     </span>
    </p>
   </div>
   <div class='ocr_carea' id='block_1_31' title="bbox 400 2786 1968 2858">
    <p class='ocr_par' dir='ltr' id='par_1_31' title="bbox 400 2786 1968 2858">
     <span class='ocr_line' id='line_1_31' title="bbox 400 2786 1968 2858; baseline -0.002 -15"><span class='ocrx_word' id='word_1_217' title='bbox 400 2799 608 2858; x_wconf 86' lang='lat' dir='ltr'><strong>tempus</strong></span> <span class='ocrx_word' id='word_1_218' title='bbox 634 2789 929 2841; x_wconf 87' lang='lat' dir='ltr'><strong>mansionis</strong></span> <span class='ocrx_word' id='word_1_219' title='bbox 976 2798 1081 2841; x_wconf 65' lang='lat' dir='ltr'><strong>tua:</strong></span> <span class='ocrx_word' id='word_1_220' title='bbox 1125 2788 1265 2856; x_wconf 91' lang='lat' dir='ltr'><strong>apud</strong></span> <span class='ocrx_word' id='word_1_221' title='bbox 1296 2795 1543 2842; x_wconf 87' lang='lat' dir='ltr'><strong>sanctum</strong></span> <span class='ocrx_word' id='word_1_222' title='bbox 1565 2786 1883 2852; x_wconf 78' lang='lat' dir='ltr'><strong>Amandum,</strong></span> <span class='ocrx_word' id='word_1_223' title='bbox 1914 2795 1968 2842; x_wconf 89' lang='lat' dir='ltr'><strong>et</strong></span> 
     </span>
    </p>
   </div>
   <div class='ocr_carea' id='block_1_32' title="bbox 397 2877 1966 2950">
    <p class='ocr_par' dir='ltr' id='par_1_32' title="bbox 397 2877 1966 2950">
     <span class='ocr_line' id='line_1_32' title="bbox 397 2877 1966 2950; baseline 0 -17"><span class='ocrx_word' id='word_1_224' title='bbox 397 2879 524 2950; x_wconf 88' lang='lat' dir='ltr'><strong>quid</strong></span> <span class='ocrx_word' id='word_1_225' title='bbox 553 2890 575 2917; x_wconf 73' lang='grc' dir='ltr'><em>ε</em></span> <span class='ocrx_word' id='word_1_226' title='bbox 606 2878 869 2933; x_wconf 87' lang='lat' dir='ltr'><strong>Leidrado</strong></span> <span class='ocrx_word' id='word_1_227' title='bbox 906 2877 1058 2949; x_wconf 86' lang='lat' dir='ltr'><strong>[Cod.</strong></span> <span class='ocrx_word' id='word_1_228' title='bbox 1108 2878 1253 2941; x_wconf 87' lang='lat' dir='ltr'><strong>Sal.,</strong></span> <span class='ocrx_word' id='word_1_229' title='bbox 1303 2879 1588 2950; x_wconf 87' lang='lat' dir='ltr'><strong>Laidrado]</strong></span> <span class='ocrx_word' id='word_1_230' title='bbox 1645 2880 1966 2934; x_wconf 88' lang='lat' dir='ltr'><strong>demandarc</strong></span> 
     </span>
    </p>
   </div>
   <div class='ocr_carea' id='block_1_33' title="bbox 398 2966 1962 3037">
    <p class='ocr_par' dir='ltr' id='par_1_33' title="bbox 398 2966 1962 3037">
     <span class='ocr_line' id='line_1_33' title="bbox 398 2966 1962 3037; baseline -0.001 -16"><span class='ocrx_word' id='word_1_231' title='bbox 398 2970 549 3023; x_wconf 85' lang='lat' dir='ltr'><strong>velis.</strong></span> <span class='ocrx_word' id='word_1_232' title='bbox 580 2969 680 3023; x_wconf 75' lang='lat' dir='ltr'><strong>Vix</strong></span> <span class='ocrx_word' id='word_1_233' title='bbox 711 2968 860 3031; x_wconf 85' lang='lat' dir='ltr'><strong>vivit,</strong></span> <span class='ocrx_word' id='word_1_234' title='bbox 890 2968 935 3021; x_wconf 89' lang='lat' dir='ltr'><strong>si</strong></span> <span class='ocrx_word' id='word_1_235' title='bbox 957 2966 1121 3021; x_wconf 80' lang='lat' dir='ltr'><strong>facies</strong></span> <span class='ocrx_word' id='word_1_236' title='bbox 1145 2975 1357 3020; x_wconf 88' lang='lat' dir='ltr'><strong>nostras</strong></span> <span class='ocrx_word' id='word_1_237' title='bbox 1380 2983 1486 3019; x_wconf 92' lang='lat' dir='ltr'><strong>non</strong></span> <span class='ocrx_word' id='word_1_238' title='bbox 1509 2968 1707 3022; x_wconf 86' lang='lat' dir='ltr'><strong>videbit</strong></span> <span class='ocrx_word' id='word_1_239' title='bbox 1739 2969 1962 3037; x_wconf 88' lang='lat' dir='ltr'><strong>pariter.</strong></span> 
     </span>
    </p>
   </div>
   <div class='ocr_carea' id='block_1_34' title="bbox 400 3054 1964 3119">
    <p class='ocr_par' dir='ltr' id='par_1_34' title="bbox 400 3054 1964 3119">
     <span class='ocr_line' id='line_1_34' title="bbox 400 3054 1964 3119; baseline -0.003 -6"><span class='ocrx_word' id='word_1_240' title='bbox 400 3059 524 3115; x_wconf 77' lang='lat' dir='ltr'><strong>l-‘uit</strong></span> <span class='ocrx_word' id='word_1_241' title='bbox 555 3059 697 3113; x_wconf 89' lang='lat' dir='ltr'><strong>enim</strong></span> <span class='ocrx_word' id='word_1_242' title='bbox 747 3066 861 3112; x_wconf 90' lang='lat' dir='ltr'><strong>toto</strong></span> <span class='ocrx_word' id='word_1_243' title='bbox 916 3071 1056 3110; x_wconf 89' lang='lat' dir='ltr'><strong>anno</strong></span> <span class='ocrx_word' id='word_1_244' title='bbox 1107 3054 1350 3109; x_wconf 79' lang='lat' dir='ltr'><strong>infirmus</strong></span> <span class='ocrx_word' id='word_1_245' title='bbox 1379 3056 1569 3119; x_wconf 88' lang='lat' dir='ltr'><strong>valde,</strong></span> <span class='ocrx_word' id='word_1_246' title='bbox 1618 3063 1674 3109; x_wconf 93' lang='lat' dir='ltr'><strong>et</strong></span> <span class='ocrx_word' id='word_1_247' title='bbox 1708 3056 1964 3110; x_wconf 89' lang='lat' dir='ltr'><strong>dissoluta</strong></span> 
     </span>
    </p>
   </div>
   <div class='ocr_carea' id='block_1_35' title="bbox 278 3145 1968 3218">
    <p class='ocr_par' dir='ltr' id='par_1_35' title="bbox 278 3145 1968 3218">
     <span class='ocr_line' id='line_1_35' title="bbox 278 3145 1968 3218; baseline -0.002 -14"><span class='ocrx_word' id='word_1_248' title='bbox 278 3160 291 3165; x_wconf 80' lang='lat'><em>‘</em></span> <span class='ocrx_word' id='word_1_249' title='bbox 399 3150 577 3203; x_wconf 78' lang='lat' dir='ltr'><strong>anima</strong></span> <span class='ocrx_word' id='word_1_250' title='bbox 604 3164 699 3203; x_wconf 90' lang='lat' dir='ltr'><strong>sua</strong></span> <span class='ocrx_word' id='word_1_251' title='bbox 731 3146 884 3218; x_wconf 79' lang='grc' dir='ltr'><strong>[ϐοά.</strong></span> <span class='ocrx_word' id='word_1_252' title='bbox 916 3145 1029 3201; x_wconf 85' lang='lat' dir='ltr'><strong>Sal.</strong></span> <span class='ocrx_word' id='word_1_253' title='bbox 1050 3187 1064 3209; x_wconf 93' lang='lat'><strong>,</strong></span> <span class='ocrx_word' id='word_1_254' title='bbox 1098 3146 1286 3200; x_wconf 70' lang='lat' dir='ltr'><strong>animm</strong></span> <span class='ocrx_word' id='word_1_255' title='bbox 1308 3146 1441 3218; x_wconf 72' lang='lat' dir='ltr'><strong>sum]</strong></span> <span class='ocrx_word' id='word_1_256' title='bbox 1480 3145 1764 3200; x_wconf 89' lang='lat' dir='ltr'><strong>consiliare</strong></span> <span class='ocrx_word' id='word_1_257' title='bbox 1787 3146 1968 3200; x_wconf 88' lang='lat' dir='ltr'><strong>nobis-</strong></span> 
     </span>
    </p>
   </div>
   <div class='ocr_carea' id='block_1_36' title="bbox 400 3238 1968 3308">
    <p class='ocr_par' dir='ltr' id='par_1_36' title="bbox 400 3238 1968 3308">
     <span class='ocr_line' id='line_1_36' title="bbox 400 3238 1968 3308; baseline -0.003 -13"><span class='ocrx_word' id='word_1_258' title='bbox 400 3257 523 3295; x_wconf 89' lang='lat' dir='ltr'><strong>cum</strong></span> <span class='ocrx_word' id='word_1_259' title='bbox 574 3241 739 3308; x_wconf 93' lang='lat' dir='ltr'><strong>cupit.</strong></span> <span class='ocrx_word' id='word_1_260' title='bbox 798 3238 957 3290; x_wconf 77' lang='lat' dir='ltr'><strong>Multa</strong></span> <span class='ocrx_word' id='word_1_261' title='bbox 991 3239 1148 3300; x_wconf 91' lang='lat' dir='ltr'><strong>bona,</strong></span> <span class='ocrx_word' id='word_1_262' title='bbox 1182 3238 1351 3306; x_wconf 80' lang='lat' dir='ltr'><strong>gloria</strong></span> <span class='ocrx_word' id='word_1_263' title='bbox 1399 3240 1537 3292; x_wconf 86' lang='lat' dir='ltr'><strong>Deo!</strong></span> <span class='ocrx_word' id='word_1_264' title='bbox 1571 3238 1732 3293; x_wconf 81' lang='lat' dir='ltr'><strong>habet</strong></span> <span class='ocrx_word' id='word_1_265' title='bbox 1763 3238 1817 3293; x_wconf 90' lang='lat' dir='ltr'><strong>in</strong></span> <span class='ocrx_word' id='word_1_266' title='bbox 1864 3238 1968 3292; x_wconf 85' lang='lat' dir='ltr'><strong>illis</strong></span> 
     </span>
    </p>
   </div>
   <div class='ocr_carea' id='block_1_37' title="bbox 400 3327 1967 3398">
    <p class='ocr_par' dir='ltr' id='par_1_37' title="bbox 400 3327 1967 3398">
     <span class='ocr_line' id='line_1_37' title="bbox 400 3327 1967 3398; baseline -0.001 -16"><span class='ocrx_word' id='word_1_267' title='bbox 400 3330 639 3398; x_wconf 86' lang='lat' dir='ltr'><strong>partibus</strong></span> <span class='ocrx_word' id='word_1_268' title='bbox 661 3327 825 3381; x_wconf 88' lang='lat' dir='ltr'><strong>facta.</strong></span> <span class='ocrx_word' id='word_1_269' title='bbox 848 3327 1065 3379; x_wconf 90' lang='lat' dir='ltr'><strong>Dubitat</strong></span> <span class='ocrx_word' id='word_1_270' title='bbox 1091 3341 1215 3379; x_wconf 89' lang='lat' dir='ltr'><strong>vero</strong></span> <span class='ocrx_word' id='word_1_271' title='bbox 1235 3342 1301 3379; x_wconf 88' lang='lat' dir='ltr'><strong>an</strong></span> <span class='ocrx_word' id='word_1_272' title='bbox 1334 3328 1521 3382; x_wconf 90' lang='lat' dir='ltr'><strong>melius</strong></span> <span class='ocrx_word' id='word_1_273' title='bbox 1548 3330 1617 3383; x_wconf 91' lang='lat' dir='ltr'><strong>sit</strong></span> <span class='ocrx_word' id='word_1_274' title='bbox 1645 3330 1888 3384; x_wconf 88' lang='lat' dir='ltr'><strong>laborare</strong></span> <span class='ocrx_word' id='word_1_275' title='bbox 1912 3329 1967 3381; x_wconf 91' lang='lat' dir='ltr'><strong>in</strong></span> 
     </span>
    </p>
   </div>
   <div class='ocr_carea' id='block_1_38' title="bbox 401 3417 1968 3490">
    <p class='ocr_par' dir='ltr' id='par_1_38' title="bbox 401 3417 1968 3490">
     <span class='ocr_line' id='line_1_38' title="bbox 401 3417 1968 3490; baseline 0.001 -17"><span class='ocrx_word' id='word_1_276' title='bbox 401 3418 795 3490; x_wconf 63' lang='lat' dir='ltr'><strong>praedicationis</strong></span> <span class='ocrx_word' id='word_1_277' title='bbox 823 3417 1138 3479; x_wconf 90' lang='lat' dir='ltr'><strong>ministerio,</strong></span> <span class='ocrx_word' id='word_1_278' title='bbox 1181 3417 1264 3471; x_wconf 89' lang='lat' dir='ltr'><strong>vel</strong></span> <span class='ocrx_word' id='word_1_279' title='bbox 1290 3418 1526 3486; x_wconf 87' lang='lat' dir='ltr'><strong>quietam</strong></span> <span class='ocrx_word' id='word_1_280' title='bbox 1546 3420 1743 3474; x_wconf 91' lang='lat' dir='ltr'><strong>ducere</strong></span> <span class='ocrx_word' id='word_1_281' title='bbox 1767 3421 1968 3474; x_wconf 81' lang='lat' dir='ltr'><strong>vitam?</strong></span> 
     </span>
    </p>
   </div>
   <div class='ocr_carea' id='block_1_39' title="bbox 402 3509 1968 3579">
    <p class='ocr_par' dir='ltr' id='par_1_39' title="bbox 402 3509 1968 3579">
     <span class='ocr_line' id='line_1_39' title="bbox 402 3509 1968 3579; baseline -0.001 -14"><span class='ocrx_word' id='word_1_282' title='bbox 402 3510 507 3565; x_wconf 85' lang='lat' dir='ltr'><strong>Sed</strong></span> <span class='ocrx_word' id='word_1_283' title='bbox 536 3511 734 3565; x_wconf 87' lang='lat' dir='ltr'><strong>certius</strong></span> <span class='ocrx_word' id='word_1_284' title='bbox 761 3510 828 3563; x_wconf 90' lang='lat' dir='ltr'><strong>ab</strong></span> <span class='ocrx_word' id='word_1_285' title='bbox 850 3509 940 3564; x_wconf 93' lang='lat' dir='ltr'><strong>illo</strong></span> <span class='ocrx_word' id='word_1_286' title='bbox 971 3509 1105 3579; x_wconf 90' lang='lat' dir='ltr'><strong>ipso,</strong></span> <span class='ocrx_word' id='word_1_287' title='bbox 1134 3510 1474 3579; x_wconf 85' lang='lat' dir='ltr'><strong>permittente</strong></span> <span class='ocrx_word' id='word_1_288' title='bbox 1503 3510 1633 3574; x_wconf 89' lang='lat' dir='ltr'><strong>Deo,</strong></span> <span class='ocrx_word' id='word_1_289' title='bbox 1679 3513 1793 3565; x_wconf 66' lang='lat' dir='ltr'><strong>haec</strong></span> <span class='ocrx_word' id='word_1_290' title='bbox 1817 3512 1968 3564; x_wconf 93' lang='lat' dir='ltr'><strong>audi-</strong></span> 
     </span>
    </p>
   </div>
   <div class='ocr_carea' id='block_1_40' title="bbox 403 3599 1969 3669">
    <p class='ocr_par' dir='ltr' id='par_1_40' title="bbox 403 3599 1969 3669">
     <span class='ocr_line' id='line_1_40' title="bbox 403 3599 1969 3669; baseline 0 -14"><span class='ocrx_word' id='word_1_291' title='bbox 403 3603 507 3655; x_wconf 85' lang='lat' dir='ltr'><strong>turi</strong></span> <span class='ocrx_word' id='word_1_292' title='bbox 537 3602 759 3655; x_wconf 90' lang='lat' dir='ltr'><strong>erimus.</strong></span> <span class='ocrx_word' id='word_1_293' title='bbox 792 3599 1034 3653; x_wconf 76' lang='lat' dir='ltr'><strong>Mandavi</strong></span> <span class='ocrx_word' id='word_1_294' title='bbox 1065 3615 1161 3669; x_wconf 90' lang='lat' dir='ltr'><strong>per</strong></span> <span class='ocrx_word' id='word_1_295' title='bbox 1194 3600 1401 3654; x_wconf 87' lang='lat' dir='ltr'><strong>litteras</strong></span> <span class='ocrx_word' id='word_1_296' title='bbox 1424 3602 1586 3654; x_wconf 90' lang='lat' dir='ltr'><strong>etiam</strong></span> <span class='ocrx_word' id='word_1_297' title='bbox 1608 3641 1621 3662; x_wconf 93' lang='lat'><strong>,</strong></span> <span class='ocrx_word' id='word_1_298' title='bbox 1674 3609 1729 3654; x_wconf 91' lang='lat' dir='ltr'><strong>et</strong></span> <span class='ocrx_word' id='word_1_299' title='bbox 1774 3602 1969 3669; x_wconf 69' lang='lat' dir='ltr'><strong>saepius</strong></span> 
     </span>
    </p>
   </div>
   <div class='ocr_carea' id='block_1_41' title="bbox 402 3688 1962 3762">
    <p class='ocr_par' dir='ltr' id='par_1_41' title="bbox 402 3688 1962 3762">
     <span class='ocr_line' id='line_1_41' title="bbox 402 3688 1962 3762; baseline -0.001 -20"><span class='ocrx_word' id='word_1_300' title='bbox 402 3692 522 3744; x_wconf 87' lang='lat' dir='ltr'><strong>viva</strong></span> <span class='ocrx_word' id='word_1_301' title='bbox 561 3704 689 3745; x_wconf 89' lang='lat' dir='ltr'><strong>voce</strong></span> <span class='ocrx_word' id='word_1_302' title='bbox 712 3730 726 3753; x_wconf 91' lang='lat'><strong>,</strong></span> <span class='ocrx_word' id='word_1_303' title='bbox 787 3688 1043 3744; x_wconf 83' lang='lat' dir='ltr'><strong>fratribus</strong></span> <span class='ocrx_word' id='word_1_304' title='bbox 1074 3689 1093 3727; x_wconf 71' lang='grc' dir='ltr'><strong>ί</strong></span> <span class='ocrx_word' id='word_1_305' title='bbox 1128 3692 1297 3743; x_wconf 82' lang='lat' dir='ltr'><strong>sancti</strong></span> <span class='ocrx_word' id='word_1_306' title='bbox 1342 3690 1579 3744; x_wconf 85' lang='lat' dir='ltr'><strong>Servazii</strong></span> <span class='ocrx_word' id='word_1_307' title='bbox 1632 3689 1785 3762; x_wconf 74' lang='grc' dir='ltr'><strong>[ϐοά.</strong></span> <span class='ocrx_word' id='word_1_308' title='bbox 1817 3690 1962 3755; x_wconf 87' lang='lat' dir='ltr'><strong>Sal.,</strong></span> 
     </span>
    </p>
   </div>
   <div class='ocr_carea' id='block_1_42' title="bbox 405 3778 1821 3848">
    <p class='ocr_par' dir='ltr' id='par_1_42' title="bbox 405 3778 1821 3848">
     <span class='ocr_line' id='line_1_42' title="bbox 405 3778 1821 3848; baseline 0 -15"><span class='ocrx_word' id='word_1_309' title='bbox 405 3778 661 3848; x_wconf 84' lang='lat' dir='ltr'><strong>Servasii]</strong></span> <span class='ocrx_word' id='word_1_310' title='bbox 694 3789 794 3833; x_wconf 74' lang='lat' dir='ltr'><strong>tua:</strong></span> <span class='ocrx_word' id='word_1_311' title='bbox 818 3780 1019 3832; x_wconf 74' lang='lat' dir='ltr'><strong>servile</strong></span> <span class='ocrx_word' id='word_1_312' title='bbox 1044 3780 1372 3843; x_wconf 88' lang='lat' dir='ltr'><strong>auctoritati,</strong></span> <span class='ocrx_word' id='word_1_313' title='bbox 1416 3781 1555 3834; x_wconf 90' lang='lat' dir='ltr'><strong>sicut</strong></span> <span class='ocrx_word' id='word_1_314' title='bbox 1589 3790 1645 3835; x_wconf 90' lang='lat' dir='ltr'><strong>et</strong></span> <span class='ocrx_word' id='word_1_315' title='bbox 1670 3781 1821 3835; x_wconf 89' lang='lat' dir='ltr'><strong>mihi.</strong></span> 
     </span>
    </p>
   </div>
   <div class='ocr_carea' id='block_1_43' title="bbox 390 3869 1969 3943">
    <p class='ocr_par' dir='ltr' id='par_1_43' title="bbox 390 3869 1969 3943">
     <span class='ocr_line' id='line_1_43' title="bbox 390 3869 1969 3943; baseline 0.001 -20"><span class='ocrx_word' id='word_1_316' title='bbox 390 3940 395 3943; x_wconf 14' lang='grc' dir='ltr'><strong>μ</strong></span> <span class='ocrx_word' id='word_1_317' title='bbox 472 3870 631 3924; x_wconf 87' lang='lat' dir='ltr'><strong>Plura</strong></span> <span class='ocrx_word' id='word_1_318' title='bbox 669 3869 766 3922; x_wconf 92' lang='lat' dir='ltr'><strong>tibi</strong></span> <span class='ocrx_word' id='word_1_319' title='bbox 818 3869 1108 3922; x_wconf 86' lang='lat' dir='ltr'><strong>scriberem</strong></span> <span class='ocrx_word' id='word_1_320' title='bbox 1156 3869 1222 3921; x_wconf 92' lang='lat' dir='ltr'><strong>de</strong></span> <span class='ocrx_word' id='word_1_321' title='bbox 1265 3878 1446 3923; x_wconf 90' lang='lat' dir='ltr'><strong>sancta</strong></span> <span class='ocrx_word' id='word_1_322' title='bbox 1473 3871 1867 3937; x_wconf 64' lang='lat' dir='ltr'><strong>praedicationis</strong></span> <span class='ocrx_word' id='word_1_323' title='bbox 1894 3872 1969 3925; x_wconf 90' lang='lat' dir='ltr'><strong>in-</strong></span> 
     </span>
    </p>
   </div>
   <div class='ocr_carea' id='block_1_44' title="bbox 405 3948 1966 4029">
    <p class='ocr_par' dir='ltr' id='par_1_44' title="bbox 405 3948 1966 4029">
     <span class='ocr_line' id='line_1_44' title="bbox 405 3948 1966 4029; baseline -0.002 -12"><span class='ocrx_word' id='word_1_324' title='bbox 405 3963 618 4022; x_wconf 88' lang='lat' dir='ltr'><strong>stantia,</strong></span> <span class='ocrx_word' id='word_1_325' title='bbox 649 3970 704 4014; x_wconf 92' lang='lat' dir='ltr'><strong>et</strong></span> <span class='ocrx_word' id='word_1_326' title='bbox 727 3960 792 4013; x_wconf 90' lang='lat' dir='ltr'><strong>de</strong></span> <span class='ocrx_word' id='word_1_327' title='bbox 815 3960 1095 4013; x_wconf 82' lang='lat' dir='ltr'><strong>honestate</strong></span> <span class='ocrx_word' id='word_1_328' title='bbox 1121 3974 1327 4012; x_wconf 92' lang='lat' dir='ltr'><strong>morum</strong></span> <span class='ocrx_word' id='word_1_329' title='bbox 1366 3959 1507 4013; x_wconf 91' lang='lat' dir='ltr'><strong>inter</strong></span> <span class='ocrx_word' id='word_1_330' title='bbox 1536 3948 1771 4029; x_wconf 76' lang='lat' dir='ltr'><strong>paganos</strong></span> <span class='ocrx_word' id='word_1_331' title='bbox 1796 3978 1809 4024; x_wconf 89' lang='lat'><strong>;</strong></span> <span class='ocrx_word' id='word_1_332' title='bbox 1842 3962 1966 4029; x_wconf 87' lang='lat' dir='ltr'><strong>quia</strong></span> 
     </span>
    </p>
   </div>
   <div class='ocr_carea' id='block_1_45' title="bbox 404 4048 1969 4119">
    <p class='ocr_par' dir='ltr' id='par_1_45' title="bbox 404 4048 1969 4119">
     <span class='ocr_line' id='line_1_45' title="bbox 404 4048 1969 4119; baseline -0.002 -12"><span class='ocrx_word' id='word_1_333' title='bbox 404 4050 825 4108; x_wconf 88' lang='lat' dir='ltr'><strong>conversationis</strong></span> <span class='ocrx_word' id='word_1_334' title='bbox 852 4049 1083 4119; x_wconf 72' lang='lat' dir='ltr'><strong>dignitas</strong></span> <span class='ocrx_word' id='word_1_335' title='bbox 1109 4048 1242 4102; x_wconf 89' lang='lat' dir='ltr'><strong>solet</strong></span> <span class='ocrx_word' id='word_1_336' title='bbox 1262 4063 1356 4102; x_wconf 87' lang='lat' dir='ltr'><strong>eos</strong></span> <span class='ocrx_word' id='word_1_337' title='bbox 1384 4048 1597 4102; x_wconf 91' lang='lat' dir='ltr'><strong>erudire</strong></span> <span class='ocrx_word' id='word_1_338' title='bbox 1632 4050 1685 4103; x_wconf 90' lang='lat' dir='ltr'><strong>in</strong></span> <span class='ocrx_word' id='word_1_339' title='bbox 1710 4050 1969 4117; x_wconf 73' lang='lat' dir='ltr'><strong>praedica-</strong></span> 
     </span>
    </p>
   </div>
   <div class='ocr_carea' id='block_1_46' title="bbox 406 4137 1969 4214">
    <p class='ocr_par' dir='ltr' id='par_1_46' title="bbox 406 4137 1969 4214">
     <span class='ocr_line' id='line_1_46' title="bbox 406 4137 1969 4214; baseline 0 -19"><span class='ocrx_word' id='word_1_340' title='bbox 406 4143 613 4197; x_wconf 90' lang='lat' dir='ltr'><strong>toribus</strong></span> <span class='ocrx_word' id='word_1_341' title='bbox 643 4140 773 4214; x_wconf 82' lang='grc' dir='ltr'><strong>[Αι.,</strong></span> <span class='ocrx_word' id='word_1_342' title='bbox 802 4137 1308 4209; x_wconf 65' lang='lat' dir='ltr'><strong>praedicationibus],</strong></span> <span class='ocrx_word' id='word_1_343' title='bbox 1349 4140 1488 4194; x_wconf 89' lang='lat' dir='ltr'><strong>sicut</strong></span> <span class='ocrx_word' id='word_1_344' title='bbox 1514 4141 1799 4195; x_wconf 89' lang='lat' dir='ltr'><strong>verborum</strong></span> <span class='ocrx_word' id='word_1_345' title='bbox 1827 4143 1969 4195; x_wconf 88' lang='lat' dir='ltr'><strong>veri-</strong></span> 
     </span>
    </p>
   </div>
   <div class='ocr_carea' id='block_1_47' title="bbox 407 4311 1963 4392">
    <p class='ocr_par' dir='ltr' id='par_1_47' title="bbox 407 4311 1963 4392">
     <span class='ocr_line' id='line_1_47' title="bbox 407 4311 1963 4392; baseline -0.003 -22"><span class='ocrx_word' id='word_1_346' title='bbox 407 4315 849 4392; x_wconf 66' lang='lat' dir='ltr'><strong>regigromiserat</strong></span> <span class='ocrx_word' id='word_1_347' title='bbox 886 4311 1097 4392; x_wconf 65' lang='lat' dir='ltr'><strong>defecit,</strong></span> <span class='ocrx_word' id='word_1_348' title='bbox 1134 4319 1193 4364; x_wconf 93' lang='lat' dir='ltr'><strong>ut</strong></span> <span class='ocrx_word' id='word_1_349' title='bbox 1217 4312 1825 4392; x_wconf 38' lang='lat' dir='ltr'><strong>annalisttentestan-tur.</strong></span> <span class='ocrx_word' id='word_1_350' title='bbox 1862 4313 1963 4366; x_wconf 78' lang='lat' dir='ltr'><strong>Ar-</strong></span> 
     </span>
    </p>
   </div>
   <div class='ocr_carea' id='block_1_48' title="bbox 408 4381 1961 4451">
    <p class='ocr_par' dir='ltr' id='par_1_48' title="bbox 408 4381 1961 4451">
     <span class='ocr_line' id='line_1_48' title="bbox 408 4381 1961 4451; baseline -0.003 -13"><span class='ocrx_word' id='word_1_351' title='bbox 408 4381 574 4439; x_wconf 68' lang='lat' dir='ltr'><strong>ndtiis’</strong></span> <span class='ocrx_word' id='word_1_352' title='bbox 589 4386 843 4437; x_wconf 88' lang='lat' dir='ltr'><strong>intererat</strong></span> <span class='ocrx_word' id='word_1_353' title='bbox 862 4381 1160 4451; x_wconf 88' lang='lat' dir='ltr'><strong>providere,</strong></span> <span class='ocrx_word' id='word_1_354' title='bbox 1198 4396 1264 4433; x_wconf 91' lang='lat' dir='ltr'><strong>ne</strong></span> <span class='ocrx_word' id='word_1_355' title='bbox 1301 4382 1481 4451; x_wconf 87' lang='lat' dir='ltr'><strong>simul</strong></span> <span class='ocrx_word' id='word_1_356' title='bbox 1508 4381 1661 4451; x_wconf 72' lang='lat' dir='ltr'><strong>fidem</strong></span> <span class='ocrx_word' id='word_1_357' title='bbox 1702 4382 1810 4435; x_wconf 85' lang='lat' dir='ltr'><strong>Deo</strong></span> <span class='ocrx_word' id='word_1_358' title='bbox 1835 4398 1961 4449; x_wconf 86' lang='lat' dir='ltr'><strong>pro-</strong></span> 
     </span>
    </p>
   </div>
   <div class='ocr_carea' id='block_1_49' title="bbox 408 4449 1962 4518">
    <p class='ocr_par' dir='ltr' id='par_1_49' title="bbox 408 4449 1962 4518">
     <span class='ocr_line' id='line_1_49' title="bbox 408 4449 1962 4518; baseline -0.003 -10"><span class='ocrx_word' id='word_1_359' title='bbox 408 4455 627 4508; x_wconf 89' lang='lat' dir='ltr'><strong>missam</strong></span> <span class='ocrx_word' id='word_1_360' title='bbox 653 4449 961 4515; x_wconf 76' lang='lat' dir='ltr'><strong>desereret;</strong></span> <span class='ocrx_word' id='word_1_361' title='bbox 998 4465 1117 4518; x_wconf 72' lang='lat' dir='ltr'><strong>qua:</strong></span> <span class='ocrx_word' id='word_1_362' title='bbox 1147 4464 1233 4502; x_wconf 89' lang='lat' dir='ltr'><strong>res</strong></span> <span class='ocrx_word' id='word_1_363' title='bbox 1260 4451 1421 4504; x_wconf 87' lang='lat' dir='ltr'><strong>etiam</strong></span> <span class='ocrx_word' id='word_1_364' title='bbox 1458 4449 1738 4503; x_wconf 82' lang='lat' dir='ltr'><strong>Alcuinum</strong></span> <span class='ocrx_word' id='word_1_365' title='bbox 1760 4451 1962 4505; x_wconf 90' lang='lat' dir='ltr'><strong>sollici-</strong></span> 
     </span>
    </p>
   </div>
   <div class='ocr_carea' id='block_1_50' title="bbox 408 4524 756 4579">
    <p class='ocr_par' dir='ltr' id='par_1_50' title="bbox 408 4524 756 4579">
     <span class='ocr_line' id='line_1_50' title="bbox 408 4524 756 4579; baseline -0.014 0"><span class='ocrx_word' id='word_1_366' title='bbox 408 4534 518 4579; x_wconf 89' lang='lat' dir='ltr'><strong>tqu</strong></span> <span class='ocrx_word' id='word_1_367' title='bbox 552 4524 756 4577; x_wconf 88' lang='lat' dir='ltr'><strong>habuit.</strong></span> 
     </span>
    </p>
   </div>
   <div class='ocr_carea' id='block_1_51' title="bbox 478 4586 1961 4658">
    <p class='ocr_par' dir='ltr' id='par_1_51' title="bbox 478 4586 1961 4658">
     <span class='ocr_line' id='line_1_51' title="bbox 478 4586 1961 4658; baseline -0.002 -13"><span class='ocrx_word' id='word_1_368' title='bbox 478 4607 503 4634; x_wconf 69' lang='grc' dir='ltr'>α</span> <span class='ocrx_word' id='word_1_369' title='bbox 545 4592 731 4658; x_wconf 82' lang='lat' dir='ltr'><strong>Regem</strong></span> <span class='ocrx_word' id='word_1_370' title='bbox 755 4591 1006 4645; x_wconf 78' lang='lat' dir='ltr'><strong>orationis</strong></span> <span class='ocrx_word' id='word_1_371' title='bbox 1029 4589 1198 4657; x_wconf 85' lang='lat' dir='ltr'><strong>gratia</strong></span> <span class='ocrx_word' id='word_1_372' title='bbox 1228 4588 1285 4643; x_wconf 89' lang='lat' dir='ltr'><strong>S.</strong></span> <span class='ocrx_word' id='word_1_373' title='bbox 1319 4586 1533 4658; x_wconf 76' lang='lat' dir='ltr'><strong>Martini</strong></span> <span class='ocrx_word' id='word_1_374' title='bbox 1563 4589 1768 4641; x_wconf 79' lang='lat' dir='ltr'><strong>visitare</strong></span> <span class='ocrx_word' id='word_1_375' title='bbox 1791 4600 1961 4658; x_wconf 83' lang='lat' dir='ltr'><strong>patro-</strong></span> 
     </span>
    </p>
   </div>
   <div class='ocr_carea' id='block_1_52' title="bbox 408 4657 1959 4728">
    <p class='ocr_par' dir='ltr' id='par_1_52' title="bbox 408 4657 1959 4728">
     <span class='ocr_line' id='line_1_52' title="bbox 408 4657 1959 4728; baseline -0.001 -13"><span class='ocrx_word' id='word_1_376' title='bbox 408 4665 564 4717; x_wconf 77' lang='lat' dir='ltr'><strong>rim‘a.</strong></span> <span class='ocrx_word' id='word_1_377' title='bbox 595 4657 724 4715; x_wconf 81' lang='lat' dir='ltr'><strong>Illuc</strong></span> <span class='ocrx_word' id='word_1_378' title='bbox 751 4677 847 4715; x_wconf 80' lang='lat' dir='ltr'><strong>rex</strong></span> <span class='ocrx_word' id='word_1_379' title='bbox 898 4660 1063 4714; x_wconf 91' lang='lat' dir='ltr'><strong>etiam</strong></span> <span class='ocrx_word' id='word_1_380' title='bbox 1093 4659 1238 4712; x_wconf 87' lang='lat' dir='ltr'><strong>venit</strong></span> <span class='ocrx_word' id='word_1_381' title='bbox 1266 4674 1405 4712; x_wconf 89' lang='lat' dir='ltr'><strong>anno</strong></span> <span class='ocrx_word' id='word_1_382' title='bbox 1452 4657 1554 4712; x_wconf 89' lang='lat'><strong>800</strong></span> <span class='ocrx_word' id='word_1_383' title='bbox 1585 4666 1709 4728; x_wconf 89' lang='lat' dir='ltr'><strong>post</strong></span> <span class='ocrx_word' id='word_1_384' title='bbox 1734 4657 1959 4713; x_wconf 84' lang='lat' dir='ltr'><strong>Pascha.</strong></span> 
     </span>
    </p>
   </div>
   <div class='ocr_carea' id='block_1_53' title="bbox 407 4728 1967 4811">
    <p class='ocr_par' dir='ltr' id='par_1_53' title="bbox 407 4728 1967 4811">
     <span class='ocr_line' id='line_1_53' title="bbox 407 4728 1967 4811; baseline -0.001 -26"><span class='ocrx_word' id='word_1_385' title='bbox 407 4732 870 4811; x_wconf 63' lang='lat' dir='ltr'><strong>Indepraesentem</strong></span> <span class='ocrx_word' id='word_1_386' title='bbox 906 4728 1183 4805; x_wconf 59' lang='lat' dir='ltr'><strong>epistolam</strong></span> <span class='ocrx_word' id='word_1_387' title='bbox 1207 4729 1273 4782; x_wconf 88' lang='lat' dir='ltr'><strong>ad</strong></span> <span class='ocrx_word' id='word_1_388' title='bbox 1303 4729 1445 4783; x_wconf 89' lang='lat' dir='ltr'><strong>hunc</strong></span> <span class='ocrx_word' id='word_1_389' title='bbox 1488 4744 1687 4783; x_wconf 87' lang='lat' dir='ltr'><strong>annum</strong></span> <span class='ocrx_word' id='word_1_390' title='bbox 1723 4739 1967 4799; x_wconf 89' lang='lat' dir='ltr'><strong>spectare</strong></span> 
     </span>
    </p>
   </div>
   <div class='ocr_carea' id='block_1_54' title="bbox 407 4815 651 4855">
    <p class='ocr_par' dir='ltr' id='par_1_54' title="bbox 407 4815 651 4855">
     <span class='ocr_line' id='line_1_54' title="bbox 407 4815 651 4855; baseline -0.012 0"><span class='ocrx_word' id='word_1_391' title='bbox 407 4815 524 4855; x_wconf 78' lang='lat' dir='ltr'><strong>COD]</strong></span> <span class='ocrx_word' id='word_1_392' title='bbox 531 4815 651 4854; x_wconf 79' lang='lat' dir='ltr'><strong>ICIO.</strong></span> 
     </span>
    </p>
   </div>
   <div class='ocr_carea' id='block_1_55' title="bbox 479 4814 1967 4924">
    <p class='ocr_par' dir='ltr' id='par_1_55' title="bbox 479 4814 1967 4924">
     <span class='ocr_line' id='line_1_55' title="bbox 479 4814 1967 4924; baseline 0.009 -15"><span class='ocrx_word' id='word_1_393' title='bbox 479 4814 693 4923; x_wconf 49' lang='lat'><strong>211321.43.</strong></span> <span class='ocrx_word' id='word_1_394' title='bbox 731 4868 933 4924; x_wconf 84' lang='lat' dir='ltr'><strong>Gallice</strong></span> <span class='ocrx_word' id='word_1_395' title='bbox 958 4864 1131 4920; x_wconf 86' lang='lat' dir='ltr'><strong>Chelle</strong></span> <span class='ocrx_word' id='word_1_396' title='bbox 1150 4862 1219 4916; x_wconf 89' lang='lat' dir='ltr'><strong>ad</strong></span> <span class='ocrx_word' id='word_1_397' title='bbox 1256 4881 1468 4921; x_wconf 88' lang='lat' dir='ltr'><strong>amnem</strong></span> <span class='ocrx_word' id='word_1_398' title='bbox 1500 4868 1683 4921; x_wconf 70' lang='lat' dir='ltr'><strong>Name</strong></span> <span class='ocrx_word' id='word_1_399' title='bbox 1733 4882 1967 4924; x_wconf 80' lang='lat' dir='ltr'><strong>quatuor</strong></span> 
     </span>
    </p>
   </div>
   <div class='ocr_carea' id='block_1_56' title="bbox 408 4934 1968 5007">
    <p class='ocr_par' dir='ltr' id='par_1_56' title="bbox 408 4934 1968 5007">
     <span class='ocr_line' id='line_1_56' title="bbox 408 4934 1968 5007; baseline -0.001 -14"><span class='ocrx_word' id='word_1_400' title='bbox 408 4938 724 4994; x_wconf 88' lang='lat' dir='ltr'><strong>milliaribus</strong></span> <span class='ocrx_word' id='word_1_401' title='bbox 743 4940 945 4993; x_wconf 87' lang='lat' dir='ltr'><strong>distans</strong></span> <span class='ocrx_word' id='word_1_402' title='bbox 961 4934 1199 4989; x_wconf 87' lang='lat' dir='ltr'><strong>Parisiis.</strong></span> <span class='ocrx_word' id='word_1_403' title='bbox 1227 4935 1347 4989; x_wconf 82' lang='lat' dir='ltr'><strong>Vid.</strong></span> <span class='ocrx_word' id='word_1_404' title='bbox 1370 4937 1526 5006; x_wconf 90' lang='lat' dir='ltr'><strong>epist.</strong></span> <span class='ocrx_word' id='word_1_405' title='bbox 1550 4938 1617 4991; x_wconf 90' lang='lat' dir='ltr'><strong>ad</strong></span> <span class='ocrx_word' id='word_1_406' title='bbox 1637 4934 1853 5007; x_wconf 85' lang='lat' dir='ltr'><strong>Cyslam</strong></span> <span class='ocrx_word' id='word_1_407' title='bbox 1880 4955 1968 4992; x_wconf 87' lang='lat' dir='ltr'><strong>so—</strong></span> 
     </span>
    </p>
   </div>
   <div class='ocr_carea' id='block_1_57' title="bbox 410 5008 1567 5078">
    <p class='ocr_par' dir='ltr' id='par_1_57' title="bbox 410 5008 1567 5078">
     <span class='ocr_line' id='line_1_57' title="bbox 410 5008 1567 5078; baseline 0.009 -19"><span class='ocrx_word' id='word_1_408' title='bbox 410 5024 586 5062; x_wconf 86' lang='lat' dir='ltr'><strong>rorem</strong></span> <span class='ocrx_word' id='word_1_409' title='bbox 614 5008 790 5078; x_wconf 77' lang='lat' dir='ltr'><strong>Caroli</strong></span> <span class='ocrx_word' id='word_1_410' title='bbox 818 5008 1012 5078; x_wconf 77' lang='lat' dir='ltr'><strong>Magni.</strong></span> <span class='ocrx_word' id='word_1_411' title='bbox 1059 5077 1062 5078; x_wconf 16' lang='grc' dir='ltr'><em>ν</em></span> <span class='ocrx_word' id='word_1_412' title='bbox 1365 5074 1395 5078; x_wconf 31' lang='lat'><strong>_‘</strong></span> <span class='ocrx_word' id='word_1_413' title='bbox 1549 5020 1567 5078; x_wconf 92' lang='lat'><strong>_&#39;</strong></span> 
     </span>
    </p>
   </div>
   <div class='ocr_carea' id='block_1_58' title="bbox 458 5073 1961 5157">
    <p class='ocr_par' dir='ltr' id='par_1_58' title="bbox 458 5073 1961 5157">
     <span class='ocr_line' id='line_1_58' title="bbox 458 5073 1961 5157; baseline -0.002 -28"><span class='ocrx_word' id='word_1_414' title='bbox 458 5088 507 5157; x_wconf 39' lang='grc' dir='ltr'><strong>βξ</strong></span> <span class='ocrx_word' id='word_1_415' title='bbox 543 5073 929 5157; x_wconf 44' lang='grc' dir='ltr'><strong>Αόοϐοἱε-ᾳξαῃῐ</strong></span> <span class='ocrx_word' id='word_1_416' title='bbox 950 5078 1009 5133; x_wconf 86' lang='lat' dir='ltr'><strong>S.</strong></span> <span class='ocrx_word' id='word_1_417' title='bbox 1039 5077 1291 5157; x_wconf 50' lang='lat' dir='ltr'><strong>Stephani:</strong></span> <span class='ocrx_word' id='word_1_418' title='bbox 1299 5074 1502 5128; x_wconf 84' lang='lat' dir='ltr'><strong>cellam.</strong></span> <span class='ocrx_word' id='word_1_419' title='bbox 1538 5073 1741 5130; x_wconf 86' lang='lat' dir='ltr'><strong>Gallice</strong></span> <span class='ocrx_word' id='word_1_420' title='bbox 1754 5074 1961 5145; x_wconf 79' lang='lat' dir='ltr'><strong>Choisy.</strong></span> 
     </span>
    </p>
   </div>
   <div class='ocr_carea' id='block_1_59' title="bbox 409 5145 1781 5254">
    <p class='ocr_par' dir='ltr' id='par_1_59' title="bbox 409 5145 1781 5254">
     <span class='ocr_line' id='line_1_59' title="bbox 409 5145 1781 5254; baseline -0.003 -55"><span class='ocrx_word' id='word_1_421' title='bbox 409 5145 718 5254; x_wconf 59' lang='lat' dir='ltr'><strong>Vid..egist.</strong></span> <span class='ocrx_word' id='word_1_422' title='bbox 759 5146 833 5228; x_wconf 49' lang='grc'>52</span> <span class='ocrx_word' id='word_1_423' title='bbox 854 5148 1015 5215; x_wconf 89' lang='lat' dir='ltr'><strong>(nunc</strong></span> <span class='ocrx_word' id='word_1_424' title='bbox 1035 5145 1146 5217; x_wconf 67' lang='lat'><strong>65),</strong></span> <span class='ocrx_word' id='word_1_425' title='bbox 1169 5147 1233 5200; x_wconf 90' lang='lat' dir='ltr'><strong>ad</strong></span> <span class='ocrx_word' id='word_1_426' title='bbox 1262 5146 1554 5199; x_wconf 79' lang='lat' dir='ltr'><strong>Arnonem.</strong></span> <span class='ocrx_word' id='word_1_427' title='bbox 1768 5216 1781 5227; x_wconf 41' lang='lat'>.</span> 
     </span>
     <span class='ocr_line' id='line_1_60' title="bbox 482 5214 1780 5254; baseline 0 0"><span class='ocrx_word' id='word_1_428' title='bbox 482 5218 516 5254; x_wconf 76' lang='grc' dir='ltr'><strong>ι</strong></span> <span class='ocrx_word' id='word_1_429' title='bbox 650 5214 677 5254; x_wconf 73' lang='grc' dir='ltr'>ἁ</span> <span class='ocrx_word' id='word_1_430' title='bbox 707 5214 1013 5254; x_wconf 69' lang='grc' dir='ltr'><strong>Νηηηηιη...</strong></span> <span class='ocrx_word' id='word_1_431' title='bbox 1036 5215 1326 5254; x_wconf 62' lang='grc' dir='ltr'><strong>[τηνικιηηι</strong></span> <span class='ocrx_word' id='word_1_432' title='bbox 1362 5214 1416 5254; x_wconf 85' lang='grc' dir='ltr'><strong>ιη</strong></span> <span class='ocrx_word' id='word_1_433' title='bbox 1444 5216 1558 5254; x_wconf 27' lang='grc' dir='ltr'><strong>ρηιικ</strong></span> <span class='ocrx_word' id='word_1_434' title='bbox 1586 5214 1780 5254; x_wconf 62' lang='lat' dir='ltr'><strong>nonad.</strong></span> 
     </span>
    </p>
   </div>
   <div class='ocr_carea' id='block_1_60' title="bbox 408 5214 1968 5353">
    <p class='ocr_par' dir='ltr' id='par_1_60' title="bbox 408 5214 1968 5353">
     <span class='ocr_line' id='line_1_61' title="bbox 481 5214 1968 5285; baseline -0.003 -15"><span class='ocrx_word' id='word_1_435' title='bbox 481 5214 677 5285; x_wconf 62' lang='lat'><strong>1294</strong></span> <span class='ocrx_word' id='word_1_436' title='bbox 699 5214 1016 5271; x_wconf 76' lang='lat' dir='ltr'><strong>Noviantum</strong></span> <span class='ocrx_word' id='word_1_437' title='bbox 1036 5214 1329 5271; x_wconf 69' lang='lat' dir='ltr'><strong>Curiatium.</strong></span> <span class='ocrx_word' id='word_1_438' title='bbox 1361 5214 1416 5267; x_wconf 86' lang='lat' dir='ltr'><strong>In</strong></span> <span class='ocrx_word' id='word_1_439' title='bbox 1444 5216 1561 5268; x_wconf 88' lang='lat' dir='ltr'><strong>cod.</strong></span> <span class='ocrx_word' id='word_1_440' title='bbox 1586 5214 1968 5269; x_wconf 88' lang='lat' dir='ltr'><strong>Benedictohu-</strong></span> 
     </span>
     <span class='ocr_line' id='line_1_62' title="bbox 408 5281 1968 5353; baseline 0.001 -16"><span class='ocrx_word' id='word_1_441' title='bbox 408 5299 542 5339; x_wconf 91' lang='lat' dir='ltr'><strong>rano</strong></span> <span class='ocrx_word' id='word_1_442' title='bbox 554 5300 654 5339; x_wconf 83' lang='lat' dir='ltr'><strong>vox</strong></span> <span class='ocrx_word' id='word_1_443' title='bbox 674 5283 990 5353; x_wconf 75' lang='lat' dir='ltr'><strong>Noviuntum</strong></span> <span class='ocrx_word' id='word_1_444' title='bbox 1016 5288 1183 5348; x_wconf 89' lang='lat' dir='ltr'><strong>deest,</strong></span> <span class='ocrx_word' id='word_1_445' title='bbox 1211 5298 1368 5353; x_wconf 78' lang='lat' dir='ltr'><strong>quam</strong></span> <span class='ocrx_word' id='word_1_446' title='bbox 1384 5282 1667 5353; x_wconf 81' lang='lat' dir='ltr'><strong>Hansizius</strong></span> <span class='ocrx_word' id='word_1_447' title='bbox 1678 5300 1742 5337; x_wconf 78' lang='lat' dir='ltr'><strong>ex</strong></span> <span class='ocrx_word' id='word_1_448' title='bbox 1758 5281 1968 5352; x_wconf 86' lang='lat' dir='ltr'><strong>conjec-</strong></span> 
     </span>
    </p>
   </div>
   <div class='ocr_carea' id='block_1_61' title="bbox 410 5351 1963 5423">
    <p class='ocr_par' dir='ltr' id='par_1_61' title="bbox 410 5351 1963 5423">
     <span class='ocr_line' id='line_1_63' title="bbox 410 5351 1963 5423; baseline 0.001 -17"><span class='ocrx_word' id='word_1_449' title='bbox 410 5362 533 5423; x_wconf 82' lang='lat' dir='ltr'><strong>tura</strong></span> <span class='ocrx_word' id='word_1_450' title='bbox 552 5352 799 5423; x_wconf 84' lang='lat' dir='ltr'><strong>supplere</strong></span> <span class='ocrx_word' id='word_1_451' title='bbox 825 5354 1012 5408; x_wconf 90' lang='lat' dir='ltr'><strong>volens</strong></span> <span class='ocrx_word' id='word_1_452' title='bbox 1039 5351 1312 5410; x_wconf 77' lang='lat' dir='ltr'><strong>substituit</strong></span> <span class='ocrx_word' id='word_1_453' title='bbox 1338 5351 1570 5423; x_wconf 66' lang='lat' dir='ltr'><strong>Baralln.</strong></span> <span class='ocrx_word' id='word_1_454' title='bbox 1588 5352 1694 5408; x_wconf 89' lang='lat' dir='ltr'><strong>Sed</strong></span> <span class='ocrx_word' id='word_1_455' title='bbox 1716 5355 1836 5407; x_wconf 86' lang='lat' dir='ltr'><strong>eod.</strong></span> <span class='ocrx_word' id='word_1_456' title='bbox 1863 5361 1963 5407; x_wconf 82' lang='lat' dir='ltr'><strong>ms.</strong></span> 
     </span>
    </p>
   </div>
   <div class='ocr_carea' id='block_1_62' title="bbox 410 5421 1965 5506">
    <p class='ocr_par' dir='ltr' id='par_1_62' title="bbox 410 5421 1965 5506">
     <span class='ocr_line' id='line_1_64' title="bbox 410 5421 1965 5506; baseline -0.001 -28"><span class='ocrx_word' id='word_1_457' title='bbox 410 5421 1232 5506; x_wconf 46' lang='lat' dir='ltr'><strong>Salisb._conje.cturam__evertit.</strong></span> <span class='ocrx_word' id='word_1_458' title='bbox 1249 5424 1342 5478; x_wconf 86' lang='lat' dir='ltr'><strong>Est</strong></span> <span class='ocrx_word' id='word_1_459' title='bbox 1363 5436 1488 5475; x_wconf 90' lang='lat' dir='ltr'><strong>vero</strong></span> <span class='ocrx_word' id='word_1_460' title='bbox 1512 5421 1852 5506; x_wconf 43' lang='lat' dir='ltr'><strong>lVopialuum,</strong></span> <span class='ocrx_word' id='word_1_461' title='bbox 1874 5438 1965 5504; x_wconf 83' lang='lat' dir='ltr'><strong>seu</strong></span> 
     </span>
    </p>
   </div>
   <div class='ocr_carea' id='block_1_63' title="bbox 411 5491 1967 5641">
    <p class='ocr_par' dir='ltr' id='par_1_63' title="bbox 411 5491 1967 5641">
     <span class='ocr_line' id='line_1_65' title="bbox 411 5491 1966 5563; baseline 0.001 -18"><span class='ocrx_word' id='word_1_462' title='bbox 411 5494 543 5547; x_wconf 89' lang='lat' dir='ltr'><strong>utin</strong></span> <span class='ocrx_word' id='word_1_463' title='bbox 568 5491 753 5547; x_wconf 84' lang='lat' dir='ltr'><strong>charta</strong></span> <span class='ocrx_word' id='word_1_464' title='bbox 774 5492 951 5547; x_wconf 84' lang='lat' dir='ltr'><strong>Caroli</strong></span> <span class='ocrx_word' id='word_1_465' title='bbox 983 5492 1176 5562; x_wconf 80' lang='lat' dir='ltr'><strong>Magni,</strong></span> <span class='ocrx_word' id='word_1_466' title='bbox 1208 5509 1303 5563; x_wconf 88' lang='lat' dir='ltr'><strong>pro</strong></span> <span class='ocrx_word' id='word_1_467' title='bbox 1324 5492 1645 5546; x_wconf 86' lang='lat' dir='ltr'><strong>monasterio</strong></span> <span class='ocrx_word' id='word_1_468' title='bbox 1669 5491 1966 5546; x_wconf 80' lang='lat' dir='ltr'><strong>Turonensi</strong></span> 
     </span>
     <span class='ocr_line' id='line_1_66' title="bbox 412 5562 1967 5641; baseline 0.002 -30"><span class='ocrx_word' id='word_1_469' title='bbox 412 5576 551 5641; x_wconf 72' lang='lat' dir='ltr'><strong>anno</strong></span> <span class='ocrx_word' id='word_1_470' title='bbox 581 5562 683 5641; x_wconf 81' lang='lat'><strong>77_0</strong></span> <span class='ocrx_word' id='word_1_471' title='bbox 706 5563 851 5625; x_wconf 84' lang='lat' dir='ltr'><strong>data,</strong></span> <span class='ocrx_word' id='word_1_472' title='bbox 878 5563 1504 5641; x_wconf 47' lang='lat' dir='ltr'><strong>nominaturnh&#39;oviemus</strong></span> <span class='ocrx_word' id='word_1_473' title='bbox 1531 5562 1652 5641; x_wconf 79' lang='lat' dir='ltr'><strong>villa</strong></span> <span class='ocrx_word' id='word_1_474' title='bbox 1677 5576 1842 5641; x_wconf 70' lang='lat' dir='ltr'><strong>prope</strong></span> <span class='ocrx_word' id='word_1_475' title='bbox 1870 5562 1967 5615; x_wconf 84' lang='lat' dir='ltr'><strong>Pa-</strong></span> 
     </span>
    </p>
   </div>
   <div class='ocr_carea' id='block_1_64' title="bbox 412 5631 1963 5688">
    <p class='ocr_par' dir='ltr' id='par_1_64' title="bbox 412 5631 1963 5688">
     <span class='ocr_line' id='line_1_67' title="bbox 412 5631 1963 5688; baseline 0.001 -4"><span class='ocrx_word' id='word_1_476' title='bbox 412 5631 570 5688; x_wconf 87' lang='lat' dir='ltr'><strong>rlsios</strong></span> <span class='ocrx_word' id='word_1_477' title='bbox 596 5632 663 5688; x_wconf 87' lang='lat' dir='ltr'><strong>ad</strong></span> <span class='ocrx_word' id='word_1_478' title='bbox 684 5647 892 5687; x_wconf 84' lang='lat' dir='ltr'><strong>amnem</strong></span> <span class='ocrx_word' id='word_1_479' title='bbox 934 5632 1132 5686; x_wconf 72' lang='lat' dir='ltr'><strong>Mamc.</strong></span> <span class='ocrx_word' id='word_1_480' title='bbox 1163 5632 1279 5687; x_wconf 67' lang='grc' dir='ltr'><strong>νεά.</strong></span> <span class='ocrx_word' id='word_1_481' title='bbox 1328 5631 1561 5688; x_wconf 80' lang='lat' dir='ltr'><strong>Martcnc</strong></span> <span class='ocrx_word' id='word_1_482' title='bbox 1602 5631 1819 5687; x_wconf 80' lang='lat' dir='ltr'><strong>Collcct.</strong></span> <span class='ocrx_word' id='word_1_483' title='bbox 1854 5648 1963 5685; x_wconf 81' lang='lat' dir='ltr'><strong>ant-</strong></span> 
     </span>
    </p>
   </div>
   <div class='ocr_carea' id='block_1_65' title="bbox 2064 452 3624 529">
    <p class='ocr_par' dir='ltr' id='par_1_65' title="bbox 2064 452 3624 529">
     <span class='ocr_line' id='line_1_68' title="bbox 2064 452 3624 529; baseline 0.009 -25"><span class='ocrx_word' id='word_1_484' title='bbox 2064 452 2257 506; x_wconf 85' lang='lat' dir='ltr'><strong>melius</strong></span> <span class='ocrx_word' id='word_1_485' title='bbox 2283 453 2399 508; x_wconf 60' lang='lat' dir='ltr'><strong>haec</strong></span> <span class='ocrx_word' id='word_1_486' title='bbox 2420 455 2767 526; x_wconf 88' lang='lat' dir='ltr'><strong>eolloquendo</strong></span> <span class='ocrx_word' id='word_1_487' title='bbox 2785 459 2969 526; x_wconf 90' lang='lat' dir='ltr'><strong>putavi</strong></span> <span class='ocrx_word' id='word_1_488' title='bbox 2997 459 3254 523; x_wconf 88' lang='lat' dir='ltr'><strong>conferre,</strong></span> <span class='ocrx_word' id='word_1_489' title='bbox 3300 475 3461 529; x_wconf 91' lang='lat' dir='ltr'><strong>quam</strong></span> <span class='ocrx_word' id='word_1_490' title='bbox 3486 462 3624 517; x_wconf 85' lang='lat' dir='ltr'><strong>scri—</strong></span> 
     </span>
    </p>
   </div>
   <div class='ocr_carea' id='block_1_66' title="bbox 2062 542 3626 614">
    <p class='ocr_par' dir='ltr' id='par_1_66' title="bbox 2062 542 3626 614">
     <span class='ocr_line' id='line_1_69' title="bbox 2062 542 3626 614; baseline 0.005 -19"><span class='ocrx_word' id='word_1_491' title='bbox 2062 542 2239 596; x_wconf 90' lang='lat' dir='ltr'><strong>bendo</strong></span> <span class='ocrx_word' id='word_1_492' title='bbox 2257 543 2611 599; x_wconf 82' lang='lat' dir='ltr'><strong>innotescere.</strong></span> <span class='ocrx_word' id='word_1_493' title='bbox 2635 544 2746 600; x_wconf 81' lang='lat' dir='ltr'><strong>Nec</strong></span> <span class='ocrx_word' id='word_1_494' title='bbox 2768 545 3029 614; x_wconf 87' lang='lat' dir='ltr'><strong>maiorem</strong></span> <span class='ocrx_word' id='word_1_495' title='bbox 3057 548 3304 602; x_wconf 84' lang='lat' dir='ltr'><strong>ardorem</strong></span> <span class='ocrx_word' id='word_1_496' title='bbox 3330 548 3494 602; x_wconf 88' lang='lat' dir='ltr'><strong>habet</strong></span> <span class='ocrx_word' id='word_1_497' title='bbox 3516 550 3626 602; x_wconf 79' lang='lat' dir='ltr'><strong>ani-</strong></span> 
     </span>
    </p>
   </div>
   <div class='ocr_carea' id='block_1_67' title="bbox 2064 634 3627 706">
    <p class='ocr_par' dir='ltr' id='par_1_67' title="bbox 2064 634 3627 706">
     <span class='ocr_line' id='line_1_70' title="bbox 2064 634 3627 706; baseline 0.005 -23"><span class='ocrx_word' id='word_1_498' title='bbox 2064 645 2185 683; x_wconf 89' lang='lat' dir='ltr'><strong>mus</strong></span> <span class='ocrx_word' id='word_1_499' title='bbox 2210 641 2416 696; x_wconf 87' lang='lat' dir='ltr'><strong>vester,</strong></span> <span class='ocrx_word' id='word_1_500' title='bbox 2444 648 2605 701; x_wconf 88' lang='lat' dir='ltr'><strong>quam</strong></span> <span class='ocrx_word' id='word_1_501' title='bbox 2633 648 2785 688; x_wconf 90' lang='lat' dir='ltr'><strong>meus</strong></span> <span class='ocrx_word' id='word_1_502' title='bbox 2804 634 3052 704; x_wconf 89' lang='lat' dir='ltr'><strong>colloquii</strong></span> <span class='ocrx_word' id='word_1_503' title='bbox 3076 636 3262 691; x_wconf 86' lang='lat' dir='ltr'><strong>nostri.</strong></span> <span class='ocrx_word' id='word_1_504' title='bbox 3310 636 3435 691; x_wconf 80' lang='lat' dir='ltr'><strong>ideo</strong></span> <span class='ocrx_word' id='word_1_505' title='bbox 3473 652 3627 706; x_wconf 80' lang='lat' dir='ltr'><strong>roge-</strong></span> 
     </span>
    </p>
   </div>
   <div class='ocr_carea' id='block_1_68' title="bbox 2067 716 3629 784">
    <p class='ocr_par' dir='ltr' id='par_1_68' title="bbox 2067 716 3629 784">
     <span class='ocr_line' id='line_1_71' title="bbox 2067 716 3629 784; baseline 0.007 -17"><span class='ocrx_word' id='word_1_506' title='bbox 2067 730 2187 769; x_wconf 91' lang='lat' dir='ltr'><strong>mus</strong></span> <span class='ocrx_word' id='word_1_507' title='bbox 2212 716 2305 770; x_wconf 89' lang='lat' dir='ltr'><strong>Dei</strong></span> <span class='ocrx_word' id='word_1_508' title='bbox 2327 718 2685 784; x_wconf 86' lang='lat' dir='ltr'><strong>clementiam,</strong></span> <span class='ocrx_word' id='word_1_509' title='bbox 2718 728 2778 774; x_wconf 91' lang='lat' dir='ltr'><strong>ut</strong></span> <span class='ocrx_word' id='word_1_510' title='bbox 2805 722 3064 776; x_wconf 87' lang='lat' dir='ltr'><strong>concedat</strong></span> <span class='ocrx_word' id='word_1_511' title='bbox 3090 724 3245 778; x_wconf 91' lang='lat' dir='ltr'><strong>nobis</strong></span> <span class='ocrx_word' id='word_1_512' title='bbox 3269 724 3323 777; x_wconf 89' lang='lat' dir='ltr'><strong>in</strong></span> <span class='ocrx_word' id='word_1_513' title='bbox 3343 739 3437 778; x_wconf 87' lang='lat' dir='ltr'><strong>sua</strong></span> <span class='ocrx_word' id='word_1_514' title='bbox 3461 724 3629 778; x_wconf 80' lang='lat' dir='ltr'><strong>mise-</strong></span> 
     </span>
    </p>
   </div>
   <div class='ocr_carea' id='block_1_69' title="bbox 2066 805 3627 880">
    <p class='ocr_par' dir='ltr' id='par_1_69' title="bbox 2066 805 3627 880">
     <span class='ocr_line' id='line_1_72' title="bbox 2066 805 3627 880; baseline 0.006 -23"><span class='ocrx_word' id='word_1_515' title='bbox 2066 805 2317 868; x_wconf 75' lang='lat' dir='ltr'><strong>ricordia,</strong></span> <span class='ocrx_word' id='word_1_516' title='bbox 2368 816 2424 860; x_wconf 92' lang='lat' dir='ltr'><strong>et</strong></span> <span class='ocrx_word' id='word_1_517' title='bbox 2449 809 2503 861; x_wconf 92' lang='lat' dir='ltr'><strong>in</strong></span> <span class='ocrx_word' id='word_1_518' title='bbox 2544 818 2729 864; x_wconf 87' lang='lat' dir='ltr'><strong>nostra</strong></span> <span class='ocrx_word' id='word_1_519' title='bbox 2761 812 3114 880; x_wconf 79' lang='lat' dir='ltr'><strong>prosperitate</strong></span> <span class='ocrx_word' id='word_1_520' title='bbox 3140 813 3324 868; x_wconf 88' lang='lat' dir='ltr'><strong>videre</strong></span> <span class='ocrx_word' id='word_1_521' title='bbox 3376 829 3472 869; x_wconf 85' lang='lat' dir='ltr'><strong>nos</strong></span> <span class='ocrx_word' id='word_1_522' title='bbox 3516 813 3627 868; x_wconf 90' lang='lat' dir='ltr'><strong>cito</strong></span> 
     </span>
    </p>
   </div>
   <div class='ocr_carea' id='block_1_70' title="bbox 2064 894 3629 959">
    <p class='ocr_par' dir='ltr' id='par_1_70' title="bbox 2064 894 3629 959">
     <span class='ocr_line' id='line_1_73' title="bbox 2064 894 3629 959; baseline 0.006 -11"><span class='ocrx_word' id='word_1_523' title='bbox 2064 894 2203 950; x_wconf 88' lang='lat' dir='ltr'><strong>facie</strong></span> <span class='ocrx_word' id='word_1_524' title='bbox 2224 896 2291 949; x_wconf 90' lang='lat' dir='ltr'><strong>ad</strong></span> <span class='ocrx_word' id='word_1_525' title='bbox 2317 896 2527 952; x_wconf 79' lang='lat' dir='ltr'><strong>faciem.</strong></span> <span class='ocrx_word' id='word_1_526' title='bbox 2560 899 2743 954; x_wconf 85' lang='lat' dir='ltr'><strong>Gratia</strong></span> <span class='ocrx_word' id='word_1_527' title='bbox 2778 902 2988 956; x_wconf 88' lang='lat' dir='ltr'><strong>Domini</strong></span> <span class='ocrx_word' id='word_1_528' title='bbox 3012 904 3181 957; x_wconf 88' lang='lat' dir='ltr'><strong>nostri</strong></span> <span class='ocrx_word' id='word_1_529' title='bbox 3199 901 3325 957; x_wconf 81' lang='lat' dir='ltr'><strong>Jesu</strong></span> <span class='ocrx_word' id='word_1_530' title='bbox 3354 903 3552 959; x_wconf 85' lang='lat' dir='ltr'><strong>Christi</strong></span> <span class='ocrx_word' id='word_1_531' title='bbox 3574 911 3629 957; x_wconf 86' lang='lat' dir='ltr'><strong>te</strong></span> 
     </span>
    </p>
   </div>
   <div class='ocr_carea' id='block_1_71' title="bbox 2066 987 3627 1060">
    <p class='ocr_par' dir='ltr' id='par_1_71' title="bbox 2066 987 3627 1060">
     <span class='ocr_line' id='line_1_74' title="bbox 2066 987 3627 1060; baseline 0.003 -21"><span class='ocrx_word' id='word_1_532' title='bbox 2066 988 2119 1039; x_wconf 90' lang='lat' dir='ltr'><strong>in</strong></span> <span class='ocrx_word' id='word_1_533' title='bbox 2132 987 2278 1040; x_wconf 92' lang='lat' dir='ltr'><strong>omni</strong></span> <span class='ocrx_word' id='word_1_534' title='bbox 2297 987 2536 1041; x_wconf 88' lang='lat' dir='ltr'><strong>bonitate</strong></span> <span class='ocrx_word' id='word_1_535' title='bbox 2556 989 2818 1055; x_wconf 82' lang='lat' dir='ltr'><strong>prolicere</strong></span> <span class='ocrx_word' id='word_1_536' title='bbox 2838 990 3019 1055; x_wconf 88' lang='lat' dir='ltr'><strong>faciat,</strong></span> <span class='ocrx_word' id='word_1_537' title='bbox 3041 990 3114 1045; x_wconf 80' lang='lat' dir='ltr'><strong>fili</strong></span> <span class='ocrx_word' id='word_1_538' title='bbox 3131 991 3445 1045; x_wconf 82' lang='lat' dir='ltr'><strong>eharissime</strong></span> <span class='ocrx_word' id='word_1_539' title='bbox 3472 990 3627 1060; x_wconf 82' lang='lat' dir='ltr'><strong>(Cod.</strong></span> 
     </span>
    </p>
   </div>
   <div class='ocr_carea' id='block_1_72' title="bbox 2068 1076 3211 1152">
    <p class='ocr_par' dir='ltr' id='par_1_72' title="bbox 2068 1076 3211 1152">
     <span class='ocr_line' id='line_1_75' title="bbox 2068 1076 3211 1152; baseline 0.002 -23"><span class='ocrx_word' id='word_1_540' title='bbox 2068 1076 2238 1140; x_wconf 73' lang='grc' dir='ltr'><strong>Μοὺ..</strong></span> <span class='ocrx_word' id='word_1_541' title='bbox 2271 1078 2701 1131; x_wconf 88' lang='lat' dir='ltr'><strong>reverentissime</strong></span> <span class='ocrx_word' id='word_1_542' title='bbox 2726 1079 2929 1149; x_wconf 88' lang='lat' dir='ltr'><strong>pater)!</strong></span> <span class='ocrx_word' id='word_1_543' title='bbox 2973 1079 3211 1152; x_wconf 69' lang='lat' dir='ltr'><strong>[Amem]</strong></span> 
     </span>
    </p>
   </div>
   <div class='ocr_carea' id='block_1_73' title="bbox 2563 1211 3115 1269">
    <p class='ocr_par' dir='ltr' id='par_1_73' title="bbox 2563 1211 3115 1269">
     <span class='ocr_line' id='line_1_76' title="bbox 2563 1211 3115 1269; baseline 0 -2"><span class='ocrx_word' id='word_1_544' title='bbox 2563 1216 2589 1252; x_wconf 75' lang='grc' dir='ltr'><em>ε</em></span> <span class='ocrx_word' id='word_1_545' title='bbox 2618 1211 2949 1268; x_wconf 80' lang='lat' dir='ltr'><strong>EPlSTOLA</strong></span> <span class='ocrx_word' id='word_1_546' title='bbox 2984 1212 3115 1269; x_wconf 78' lang='lat' dir='ltr'><strong>CIV.</strong></span> 
     </span>
    </p>
   </div>
   <div class='ocr_carea' id='block_1_74' title="bbox 2661 1339 3032 1378">
    <p class='ocr_par' dir='ltr' id='par_1_74' title="bbox 2661 1339 3032 1378">
     <span class='ocr_line' id='line_1_77' title="bbox 2661 1339 3032 1378; baseline 0 -2"><span class='ocrx_word' id='word_1_547' title='bbox 2661 1340 2729 1376; x_wconf 72' lang='lat' dir='ltr'><strong>AD</strong></span> <span class='ocrx_word' id='word_1_548' title='bbox 2764 1339 3032 1378; x_wconf 69' lang='lat' dir='ltr'><strong>AINONEI.</strong></span> 
     </span>
    </p>
   </div>
   <div class='ocr_carea' id='block_1_75' title="bbox 2612 1410 3075 1483">
    <p class='ocr_par' dir='ltr' id='par_1_75' title="bbox 2612 1410 3075 1483">
     <span class='ocr_line' id='line_1_78' title="bbox 2612 1410 3075 1483; baseline 0.006 -21"><span class='ocrx_word' id='word_1_549' title='bbox 2612 1410 2789 1478; x_wconf 78' lang='lat' dir='ltr'><strong>(Anno</strong></span> <span class='ocrx_word' id='word_1_550' title='bbox 2824 1411 3075 1483; x_wconf 90' lang='lat' dir='ltr'><strong>incerto.)</strong></span> 
     </span>
    </p>
   </div>
   <div class='ocr_carea' id='block_1_76' title="bbox 2066 1529 3630 1601">
    <p class='ocr_par' dir='ltr' id='par_1_76' title="bbox 2066 1529 3630 1601">
     <span class='ocr_line' id='line_1_79' title="bbox 2066 1529 3630 1601; baseline 0.002 -19"><span class='ocrx_word' id='word_1_551' title='bbox 2066 1529 2222 1601; x_wconf 77' lang='lat' dir='ltr'><strong>Dolet</strong></span> <span class='ocrx_word' id='word_1_552' title='bbox 2257 1530 2318 1582; x_wconf 85' lang='lat' dir='ltr'><strong>ob</strong></span> <span class='ocrx_word' id='word_1_553' title='bbox 2362 1530 2559 1597; x_wconf 77' lang='lat' dir='ltr'><strong>frustra</strong></span> <span class='ocrx_word' id='word_1_554' title='bbox 2602 1539 2948 1601; x_wconf 73' lang='lat' dir='ltr'><strong>exspectatam</strong></span> <span class='ocrx_word' id='word_1_555' title='bbox 2992 1531 3217 1601; x_wconf 71' lang='lat' dir='ltr'><strong>Antonia</strong></span> <span class='ocrx_word' id='word_1_556' title='bbox 3260 1534 3630 1601; x_wconf 64' lang='lat' dir='ltr'><strong>precantium;</strong></span> 
     </span>
    </p>
   </div>
   <div class='ocr_carea' id='block_1_77' title="bbox 2136 1598 3627 1681">
    <p class='ocr_par' dir='ltr' id='par_1_77' title="bbox 2136 1598 3627 1681">
     <span class='ocr_line' id='line_1_80' title="bbox 2136 1598 3627 1681; baseline 0.001 -30"><span class='ocrx_word' id='word_1_557' title='bbox 2136 1598 2366 1681; x_wconf 61' lang='lat' dir='ltr'><strong>dolorem</strong></span> <span class='ocrx_word' id='word_1_558' title='bbox 2390 1616 2505 1681; x_wconf 67' lang='lat' dir='ltr'><strong>vero</strong></span> <span class='ocrx_word' id='word_1_559' title='bbox 2527 1598 2727 1679; x_wconf 77' lang='lat' dir='ltr'><strong>mitigat</strong></span> <span class='ocrx_word' id='word_1_560' title='bbox 2752 1600 2990 1681; x_wconf 61' lang='lat' dir='ltr'><strong>suspiriis</strong></span> <span class='ocrx_word' id='word_1_561' title='bbox 3015 1599 3085 1652; x_wconf 77' lang='lat' dir='ltr'><strong>ad</strong></span> <span class='ocrx_word' id='word_1_562' title='bbox 3104 1598 3328 1681; x_wconf 58' lang='lat' dir='ltr'><strong>patriam</strong></span> <span class='ocrx_word' id='word_1_563' title='bbox 3356 1600 3627 1653; x_wconf 61' lang='lat' dir='ltr'><strong>calescens.</strong></span> 
     </span>
    </p>
   </div>
   <div class='ocr_carea' id='block_1_78' title="bbox 1994 1668 3312 1752">
    <p class='ocr_par' dir='ltr' id='par_1_78' title="bbox 1994 1668 3312 1752">
     <span class='ocr_line' id='line_1_81' title="bbox 1994 1668 3312 1752; baseline 0 -31"><span class='ocrx_word' id='word_1_564' title='bbox 1994 1692 2043 1752; x_wconf 64' lang='grc' dir='ltr'><strong><em>Β</em></strong></span> <span class='ocrx_word' id='word_1_565' title='bbox 2140 1668 2362 1721; x_wconf 69' lang='lat' dir='ltr'><strong>Munera</strong></span> <span class='ocrx_word' id='word_1_566' title='bbox 2388 1670 2456 1721; x_wconf 82' lang='lat' dir='ltr'><strong>ad</strong></span> <span class='ocrx_word' id='word_1_567' title='bbox 2484 1686 2537 1722; x_wconf 83' lang='lat' dir='ltr'><strong>se</strong></span> <span class='ocrx_word' id='word_1_568' title='bbox 2564 1668 2722 1722; x_wconf 75' lang='lat' dir='ltr'><strong>missa</strong></span> <span class='ocrx_word' id='word_1_569' title='bbox 2748 1668 2866 1722; x_wconf 70' lang='lat' dir='ltr'><strong>ueto</strong></span> <span class='ocrx_word' id='word_1_570' title='bbox 2903 1670 3077 1722; x_wconf 77' lang='lat' dir='ltr'><strong>animo</strong></span> <span class='ocrx_word' id='word_1_571' title='bbox 3106 1668 3312 1739; x_wconf 74' lang='lat' dir='ltr'><strong>occipit.</strong></span> 
     </span>
    </p>
   </div>
   <div class='ocr_carea' id='block_1_79' title="bbox 2136 1777 3632 1850">
    <p class='ocr_par' dir='ltr' id='par_1_79' title="bbox 2136 1777 3632 1850">
     <span class='ocr_line' id='line_1_82' title="bbox 2136 1777 3632 1850; baseline 0.001 -20"><span class='ocrx_word' id='word_1_572' title='bbox 2136 1777 2467 1831; x_wconf 73' lang='lat' dir='ltr'><strong>Dulcissima:</strong></span> <span class='ocrx_word' id='word_1_573' title='bbox 2530 1777 2836 1831; x_wconf 87' lang='lat' dir='ltr'><strong>dilectionis</strong></span> <span class='ocrx_word' id='word_1_574' title='bbox 2890 1778 3038 1833; x_wconf 87' lang='lat' dir='ltr'><strong>Patri</strong></span> <span class='ocrx_word' id='word_1_575' title='bbox 3096 1777 3325 1850; x_wconf 71' lang='lat' dir='ltr'><strong>[Aquilae</strong></span> <span class='ocrx_word' id='word_1_576' title='bbox 3380 1777 3632 1847; x_wconf 83' lang='lat' dir='ltr'><strong>antistiti]</strong></span> 
     </span>
    </p>
   </div>
   <div class='ocr_carea' id='block_1_80' title="bbox 2068 1867 3632 1938">
    <p class='ocr_par' dir='ltr' id='par_1_80' title="bbox 2068 1867 3632 1938">
     <span class='ocr_line' id='line_1_83' title="bbox 2068 1867 3632 1938; baseline 0.002 -17"><span class='ocrx_word' id='word_1_577' title='bbox 2068 1869 2463 1921; x_wconf 89' lang='lat' dir='ltr'><strong>transmarinus</strong></span> <span class='ocrx_word' id='word_1_578' title='bbox 2512 1867 2729 1938; x_wconf 87' lang='lat' dir='ltr'><strong>Cygnus</strong></span> <span class='ocrx_word' id='word_1_579' title='bbox 2771 1870 2827 1923; x_wconf 91' lang='lat' dir='ltr'><strong>in</strong></span> <span class='ocrx_word' id='word_1_580' title='bbox 2874 1878 3075 1924; x_wconf 61' lang='lat' dir='ltr'><strong>sancta;</strong></span> <span class='ocrx_word' id='word_1_581' title='bbox 3126 1870 3405 1924; x_wconf 89' lang='lat' dir='ltr'><strong>charitatis</strong></span> <span class='ocrx_word' id='word_1_582' title='bbox 3445 1870 3632 1937; x_wconf 87' lang='lat' dir='ltr'><strong>pennis</strong></span> 
     </span>
    </p>
   </div>
   <div class='ocr_carea' id='block_1_81' title="bbox 2065 1958 2719 2028">
    <p class='ocr_par' dir='ltr' id='par_1_81' title="bbox 2065 1958 2719 2028">
     <span class='ocr_line' id='line_1_84' title="bbox 2065 1958 2719 2028; baseline 0.005 -16"><span class='ocrx_word' id='word_1_583' title='bbox 2065 1968 2374 2028; x_wconf 89' lang='lat' dir='ltr'><strong>perpetuam</strong></span> <span class='ocrx_word' id='word_1_584' title='bbox 2401 1958 2654 2012; x_wconf 89' lang='lat' dir='ltr'><strong>salutem.</strong></span> <span class='ocrx_word' id='word_1_585' title='bbox 2714 2006 2719 2015; x_wconf 90' lang='lat'><strong>.</strong></span> 
     </span>
    </p>
   </div>
   <div class='ocr_carea' id='block_1_82' title="bbox 2138 2052 3632 2154">
    <p class='ocr_par' dir='ltr' id='par_1_82' title="bbox 2138 2052 3632 2154">
     <span class='ocr_line' id='line_1_85' title="bbox 2138 2052 3632 2154; baseline -0.005 -27"><span class='ocrx_word' id='word_1_586' title='bbox 2138 2073 2383 2142; x_wconf 81' lang='lat' dir='ltr'><strong>Spectavi</strong></span> <span class='ocrx_word' id='word_1_587' title='bbox 2403 2052 2579 2154; x_wconf 53' lang='lat' dir='ltr'><strong>&quot;[Leg.</strong></span> <span class='ocrx_word' id='word_1_588' title='bbox 2626 2071 2979 2142; x_wconf 77' lang='lat' dir='ltr'><strong>exspectavi],</strong></span> <span class='ocrx_word' id='word_1_589' title='bbox 3008 2068 3235 2140; x_wconf 83' lang='lat' dir='ltr'><strong>speravi,</strong></span> <span class='ocrx_word' id='word_1_590' title='bbox 3264 2066 3512 2137; x_wconf 88' lang='lat' dir='ltr'><strong>optabam</strong></span> <span class='ocrx_word' id='word_1_591' title='bbox 3540 2084 3553 2119; x_wconf 91' lang='lat'><strong>:</strong></span> <span class='ocrx_word' id='word_1_592' title='bbox 3579 2074 3632 2119; x_wconf 85' lang='lat' dir='ltr'><strong>et</strong></span> 
     </span>
    </p>
   </div>
   <div class='ocr_carea' id='block_1_83' title="bbox 2066 2155 3629 2232">
    <p class='ocr_par' dir='ltr' id='par_1_83' title="bbox 2066 2155 3629 2232">
     <span class='ocr_line' id='line_1_86' title="bbox 2066 2155 3629 2232; baseline -0.006 -15"><span class='ocrx_word' id='word_1_593' title='bbox 2066 2163 2222 2217; x_wconf 85' lang='lat' dir='ltr'><strong>ecce!</strong></span> <span class='ocrx_word' id='word_1_594' title='bbox 2260 2176 2418 2231; x_wconf 89' lang='lat' dir='ltr'><strong>quem</strong></span> <span class='ocrx_word' id='word_1_595' title='bbox 2457 2161 2711 2232; x_wconf 88' lang='lat' dir='ltr'><strong>spectavi,</strong></span> <span class='ocrx_word' id='word_1_596' title='bbox 2753 2176 2861 2215; x_wconf 90' lang='lat' dir='ltr'><strong>non</strong></span> <span class='ocrx_word' id='word_1_597' title='bbox 2890 2160 3149 2214; x_wconf 85' lang='lat' dir='ltr'><strong>venit:et</strong></span> <span class='ocrx_word' id='word_1_598' title='bbox 3192 2171 3352 2227; x_wconf 88' lang='lat' dir='ltr'><strong>quem</strong></span> <span class='ocrx_word' id='word_1_599' title='bbox 3398 2155 3629 2225; x_wconf 88' lang='lat' dir='ltr'><strong>speravi,</strong></span> 
     </span>
    </p>
   </div>
   <div class='ocr_carea' id='block_1_84' title="bbox 2067 2245 3629 2320">
    <p class='ocr_par' dir='ltr' id='par_1_84' title="bbox 2067 2245 3629 2320">
     <span class='ocr_line' id='line_1_87' title="bbox 2067 2245 3629 2320; baseline -0.008 -13"><span class='ocrx_word' id='word_1_600' title='bbox 2067 2269 2175 2307; x_wconf 88' lang='lat' dir='ltr'><strong>non</strong></span> <span class='ocrx_word' id='word_1_601' title='bbox 2217 2252 2552 2307; x_wconf 90' lang='lat' dir='ltr'><strong>consideravi</strong></span> <span class='ocrx_word' id='word_1_602' title='bbox 2582 2269 2593 2305; x_wconf 96' lang='lat'>:</span> <span class='ocrx_word' id='word_1_603' title='bbox 2623 2267 2781 2320; x_wconf 87' lang='lat' dir='ltr'><strong>quem</strong></span> <span class='ocrx_word' id='word_1_604' title='bbox 2829 2249 3099 2319; x_wconf 88' lang='lat' dir='ltr'><strong>optabam,</strong></span> <span class='ocrx_word' id='word_1_605' title='bbox 3142 2264 3247 2301; x_wconf 91' lang='lat' dir='ltr'><strong>non</strong></span> <span class='ocrx_word' id='word_1_606' title='bbox 3282 2245 3629 2315; x_wconf 84' lang='lat' dir='ltr'><strong>accipiebam.</strong></span> 
     </span>
    </p>
   </div>
   <div class='ocr_carea' id='block_1_85' title="bbox 2068 2335 3633 2410">
    <p class='ocr_par' dir='ltr' id='par_1_85' title="bbox 2068 2335 3633 2410">
     <span class='ocr_line' id='line_1_88' title="bbox 2068 2335 3633 2410; baseline -0.005 -13"><span class='ocrx_word' id='word_1_607' title='bbox 2068 2344 2345 2397; x_wconf 84' lang='lat' dir='ltr'><strong>Frustrata</strong></span> <span class='ocrx_word' id='word_1_608' title='bbox 2376 2352 2460 2397; x_wconf 89' lang='lat' dir='ltr'><strong>est</strong></span> <span class='ocrx_word' id='word_1_609' title='bbox 2488 2342 2837 2410; x_wconf 73' lang='lat' dir='ltr'><strong>exspectatio,</strong></span> <span class='ocrx_word' id='word_1_610' title='bbox 2870 2349 3125 2395; x_wconf 89' lang='lat' dir='ltr'><strong>evacuata</strong></span> <span class='ocrx_word' id='word_1_611' title='bbox 3151 2348 3235 2393; x_wconf 89' lang='lat' dir='ltr'><strong>est</strong></span> <span class='ocrx_word' id='word_1_612' title='bbox 3261 2353 3402 2406; x_wconf 89' lang='lat' dir='ltr'><strong>spes.</strong></span> <span class='ocrx_word' id='word_1_613' title='bbox 3437 2335 3504 2390; x_wconf 85' lang='lat' dir='ltr'><strong>Et</strong></span> <span class='ocrx_word' id='word_1_614' title='bbox 3532 2336 3633 2389; x_wconf 85' lang='lat' dir='ltr'><strong>uti-</strong></span> 
     </span>
    </p>
   </div>
   <div class='ocr_carea' id='block_1_86' title="bbox 2068 2428 3632 2505">
    <p class='ocr_par' dir='ltr' id='par_1_86' title="bbox 2068 2428 3632 2505">
     <span class='ocr_line' id='line_1_89' title="bbox 2068 2428 3632 2505; baseline -0.006 -17"><span class='ocrx_word' id='word_1_615' title='bbox 2068 2451 2191 2489; x_wconf 88' lang='lat' dir='ltr'><strong>nam</strong></span> <span class='ocrx_word' id='word_1_616' title='bbox 2234 2448 2333 2505; x_wconf 92' lang='lat' dir='ltr'><strong>pro</strong></span> <span class='ocrx_word' id='word_1_617' title='bbox 2371 2448 2465 2501; x_wconf 89' lang='lat' dir='ltr'><strong>spe</strong></span> <span class='ocrx_word' id='word_1_618' title='bbox 2510 2441 2655 2487; x_wconf 90' lang='lat' dir='ltr'><strong>esset</strong></span> <span class='ocrx_word' id='word_1_619' title='bbox 2700 2432 3013 2501; x_wconf 64' lang='lat' dir='ltr'><strong>presentia!</strong></span> <span class='ocrx_word' id='word_1_620' title='bbox 3050 2445 3194 2484; x_wconf 91' lang='lat' dir='ltr'><strong>nunc</strong></span> <span class='ocrx_word' id='word_1_621' title='bbox 3237 2438 3380 2483; x_wconf 89' lang='lat' dir='ltr'><strong>esset</strong></span> <span class='ocrx_word' id='word_1_622' title='bbox 3420 2428 3632 2497; x_wconf 78' lang='lat' dir='ltr'><strong>plenum</strong></span> 
     </span>
    </p>
   </div>
   <div class='ocr_carea' id='block_1_87' title="bbox 2067 2519 3632 2594">
    <p class='ocr_par' dir='ltr' id='par_1_87' title="bbox 2067 2519 3632 2594">
     <span class='ocr_line' id='line_1_90' title="bbox 2067 2519 3632 2594; baseline -0.004 -17"><span class='ocrx_word' id='word_1_623' title='bbox 2067 2526 2339 2594; x_wconf 78' lang='lat' dir='ltr'><strong>gaudium.</strong></span> <span class='ocrx_word' id='word_1_624' title='bbox 2390 2524 2515 2587; x_wconf 87' lang='lat' dir='ltr'><strong>Sed,</strong></span> <span class='ocrx_word' id='word_1_625' title='bbox 2564 2524 2700 2592; x_wconf 77' lang='lat' dir='ltr'><strong>prob</strong></span> <span class='ocrx_word' id='word_1_626' title='bbox 2741 2522 2921 2577; x_wconf 90' lang='lat' dir='ltr'><strong>dolor!</strong></span> <span class='ocrx_word' id='word_1_627' title='bbox 2952 2537 3049 2591; x_wconf 91' lang='lat' dir='ltr'><strong>pro</strong></span> <span class='ocrx_word' id='word_1_628' title='bbox 3085 2528 3391 2590; x_wconf 71' lang='lat' dir='ltr'><strong>exspectata</strong></span> <span class='ocrx_word' id='word_1_629' title='bbox 3432 2519 3632 2579; x_wconf 75' lang='lat' dir='ltr'><strong>laetitia,</strong></span> 
     </span>
    </p>
   </div>
   <div class='ocr_carea' id='block_1_88' title="bbox 2068 2610 3637 2684">
    <p class='ocr_par' dir='ltr' id='par_1_88' title="bbox 2068 2610 3637 2684">
     <span class='ocr_line' id='line_1_91' title="bbox 2068 2610 3637 2684; baseline -0.001 -16"><span class='ocrx_word' id='word_1_630' title='bbox 2068 2616 2285 2669; x_wconf 87' lang='lat' dir='ltr'><strong>tristitia</strong></span> <span class='ocrx_word' id='word_1_631' title='bbox 2326 2616 2601 2684; x_wconf 85' lang='lat' dir='ltr'><strong>inopinata</strong></span> <span class='ocrx_word' id='word_1_632' title='bbox 2650 2614 2939 2684; x_wconf 88' lang='lat' dir='ltr'><strong>subrepsit.</strong></span> <span class='ocrx_word' id='word_1_633' title='bbox 2989 2613 3278 2668; x_wconf 86' lang='lat' dir='ltr'><strong>lnfelicitas</strong></span> <span class='ocrx_word' id='word_1_634' title='bbox 3322 2627 3440 2666; x_wconf 91' lang='lat' dir='ltr'><strong>mea</strong></span> <span class='ocrx_word' id='word_1_635' title='bbox 3482 2610 3637 2667; x_wconf 85' lang='lat' dir='ltr'><strong>vobis</strong></span> 
     </span>
    </p>
   </div>
   <div class='ocr_carea' id='block_1_89' title="bbox 2068 2699 3631 2774">
    <p class='ocr_par' dir='ltr' id='par_1_89' title="bbox 2068 2699 3631 2774">
     <span class='ocr_line' id='line_1_92' title="bbox 2068 2699 3631 2774; baseline -0.002 -17"><span class='ocrx_word' id='word_1_636' title='bbox 2068 2702 2221 2774; x_wconf 85' lang='lat' dir='ltr'><strong>[Cod.</strong></span> <span class='ocrx_word' id='word_1_637' title='bbox 2251 2702 2393 2766; x_wconf 86' lang='lat' dir='ltr'><strong>Sal.,</strong></span> <span class='ocrx_word' id='word_1_638' title='bbox 2426 2701 2605 2772; x_wconf 90' lang='lat' dir='ltr'><strong>nobis]</strong></span> <span class='ocrx_word' id='word_1_639' title='bbox 2643 2702 2785 2755; x_wconf 85' lang='lat' dir='ltr'><strong>viam</strong></span> <span class='ocrx_word' id='word_1_640' title='bbox 2826 2702 3093 2755; x_wconf 77' lang='lat' dir='ltr'><strong>obstruxit</strong></span> <span class='ocrx_word' id='word_1_641' title='bbox 3120 2701 3384 2762; x_wconf 90' lang='lat' dir='ltr'><strong>veniendi,</strong></span> <span class='ocrx_word' id='word_1_642' title='bbox 3422 2710 3477 2754; x_wconf 90' lang='lat' dir='ltr'><strong>et</strong></span> <span class='ocrx_word' id='word_1_643' title='bbox 3500 2699 3631 2754; x_wconf 82' lang='lat' dir='ltr'><strong>mihi</strong></span> 
     </span>
    </p>
   </div>
   <div class='ocr_carea' id='block_1_90' title="bbox 2067 2790 3635 2860">
    <p class='ocr_par' dir='ltr' id='par_1_90' title="bbox 2067 2790 3635 2860">
     <span class='ocr_line' id='line_1_93' title="bbox 2067 2790 3635 2860; baseline -0.003 -11"><span class='ocrx_word' id='word_1_644' title='bbox 2067 2796 2390 2849; x_wconf 84' lang='lat' dir='ltr'><strong>hilaritatem</strong></span> <span class='ocrx_word' id='word_1_645' title='bbox 2456 2794 2677 2847; x_wconf 88' lang='lat' dir='ltr'><strong>abstulit</strong></span> <span class='ocrx_word' id='word_1_646' title='bbox 2729 2793 3014 2860; x_wconf 84' lang='lat' dir='ltr'><strong>gaudendi.</strong></span> <span class='ocrx_word' id='word_1_647' title='bbox 3067 2792 3204 2857; x_wconf 83' lang='lat' dir='ltr'><strong>Quid</strong></span> <span class='ocrx_word' id='word_1_648' title='bbox 3256 2790 3421 2857; x_wconf 89' lang='lat' dir='ltr'><strong>facies</strong></span> <span class='ocrx_word' id='word_1_649' title='bbox 3476 2791 3635 2845; x_wconf 90' lang='lat' dir='ltr'><strong>modo</strong></span> 
     </span>
    </p>
   </div>
   <div class='ocr_carea' id='block_1_91' title="bbox 2066 2880 3633 2949">
    <p class='ocr_par' dir='ltr' id='par_1_91' title="bbox 2066 2880 3633 2949">
     <span class='ocr_line' id='line_1_94' title="bbox 2066 2880 3633 2949; baseline -0.004 -10"><span class='ocrx_word' id='word_1_650' title='bbox 2066 2900 2219 2940; x_wconf 89' lang='lat' dir='ltr'><strong>mens</strong></span> <span class='ocrx_word' id='word_1_651' title='bbox 2259 2885 2522 2940; x_wconf 90' lang='lat' dir='ltr'><strong>cbaritate</strong></span> <span class='ocrx_word' id='word_1_652' title='bbox 2574 2883 2895 2937; x_wconf 84' lang='lat' dir='ltr'><strong>vulnerata?</strong></span> <span class='ocrx_word' id='word_1_653' title='bbox 2934 2891 3086 2936; x_wconf 87' lang='lat' dir='ltr'><strong>estne</strong></span> <span class='ocrx_word' id='word_1_654' title='bbox 3128 2881 3343 2949; x_wconf 90' lang='lat' dir='ltr'><strong>aliquod</strong></span> <span class='ocrx_word' id='word_1_655' title='bbox 3386 2880 3633 2934; x_wconf 89' lang='lat' dir='ltr'><strong>solatium</strong></span> 
     </span>
    </p>
   </div>
   <div class='ocr_carea' id='block_1_92' title="bbox 2068 2970 3637 3044">
    <p class='ocr_par' dir='ltr' id='par_1_92' title="bbox 2068 2970 3637 3044">
     <span class='ocr_line' id='line_1_95' title="bbox 2068 2970 3637 3044; baseline -0.006 -15"><span class='ocrx_word' id='word_1_656' title='bbox 2068 2975 2210 3044; x_wconf 90' lang='lat' dir='ltr'><strong>quod</strong></span> <span class='ocrx_word' id='word_1_657' title='bbox 2234 2983 2441 3028; x_wconf 86' lang='lat' dir='ltr'><strong>tantum</strong></span> <span class='ocrx_word' id='word_1_658' title='bbox 2468 2973 2661 3027; x_wconf 75' lang='lat' dir='ltr'><strong>vulnus</strong></span> <span class='ocrx_word' id='word_1_659' title='bbox 2699 2972 2783 3025; x_wconf 92' lang='lat' dir='ltr'><strong>vel</strong></span> <span class='ocrx_word' id='word_1_660' title='bbox 2826 2972 3041 3041; x_wconf 89' lang='lat' dir='ltr'><strong>aliquod</strong></span> <span class='ocrx_word' id='word_1_661' title='bbox 3078 2970 3378 3026; x_wconf 88' lang='lat' dir='ltr'><strong>refocillare</strong></span> <span class='ocrx_word' id='word_1_662' title='bbox 3421 2971 3637 3024; x_wconf 74' lang='lat' dir='ltr'><strong>valeat?</strong></span> 
     </span>
    </p>
   </div>
   <div class='ocr_carea' id='block_1_93' title="bbox 2067 3061 3637 3135">
    <p class='ocr_par' dir='ltr' id='par_1_93' title="bbox 2067 3061 3637 3135">
     <span class='ocr_line' id='line_1_96' title="bbox 2067 3061 3637 3135; baseline -0.003 -15"><span class='ocrx_word' id='word_1_663' title='bbox 2067 3068 2149 3120; x_wconf 78' lang='lat' dir='ltr'><strong>An</strong></span> <span class='ocrx_word' id='word_1_664' title='bbox 2179 3082 2328 3135; x_wconf 87' lang='lat' dir='ltr'><strong>spem</strong></span> <span class='ocrx_word' id='word_1_665' title='bbox 2354 3066 2507 3134; x_wconf 88' lang='lat' dir='ltr'><strong>quasi</strong></span> <span class='ocrx_word' id='word_1_666' title='bbox 2536 3063 2728 3118; x_wconf 90' lang='lat' dir='ltr'><strong>falsum</strong></span> <span class='ocrx_word' id='word_1_667' title='bbox 2765 3063 2981 3117; x_wconf 90' lang='lat' dir='ltr'><strong>omnino</strong></span> <span class='ocrx_word' id='word_1_668' title='bbox 3020 3078 3050 3115; x_wconf 91' lang='lat' dir='ltr'><strong>a</strong></span> <span class='ocrx_word' id='word_1_669' title='bbox 3092 3070 3145 3114; x_wconf 92' lang='lat' dir='ltr'><strong>te</strong></span> <span class='ocrx_word' id='word_1_670' title='bbox 3191 3061 3403 3130; x_wconf 86' lang='lat' dir='ltr'><strong>repellis</strong></span> <span class='ocrx_word' id='word_1_671' title='bbox 3447 3075 3637 3115; x_wconf 90' lang='lat' dir='ltr'><strong>conso-</strong></span> 
     </span>
    </p>
   </div>
   <div class='ocr_carea' id='block_1_94' title="bbox 2067 3153 3636 3221">
    <p class='ocr_par' dir='ltr' id='par_1_94' title="bbox 2067 3153 3636 3221">
     <span class='ocr_line' id='line_1_97' title="bbox 2067 3153 3636 3221; baseline -0.004 -10"><span class='ocrx_word' id='word_1_672' title='bbox 2067 3157 2336 3211; x_wconf 89' lang='lat' dir='ltr'><strong>latorem?</strong></span> <span class='ocrx_word' id='word_1_673' title='bbox 2390 3156 2473 3209; x_wconf 76' lang='lat' dir='ltr'><strong>An</strong></span> <span class='ocrx_word' id='word_1_674' title='bbox 2526 3157 2668 3209; x_wconf 88' lang='lat' dir='ltr'><strong>inter</strong></span> <span class='ocrx_word' id='word_1_675' title='bbox 2732 3156 2982 3208; x_wconf 88' lang='lat' dir='ltr'><strong>tenebras</strong></span> <span class='ocrx_word' id='word_1_676' title='bbox 3027 3162 3133 3208; x_wconf 75' lang='lat' dir='ltr'><strong>tua:</strong></span> <span class='ocrx_word' id='word_1_677' title='bbox 3174 3153 3436 3217; x_wconf 74' lang='lat' dir='ltr'><strong>miserim,</strong></span> <span class='ocrx_word' id='word_1_678' title='bbox 3485 3153 3636 3221; x_wconf 88' lang='lat' dir='ltr'><strong>quasi</strong></span> 
     </span>
    </p>
   </div>
   <div class='ocr_carea' id='block_1_95' title="bbox 2068 3244 3636 3312">
    <p class='ocr_par' dir='ltr' id='par_1_95' title="bbox 2068 3244 3636 3312">
     <span class='ocr_line' id='line_1_98' title="bbox 2068 3244 3636 3312; baseline -0.003 -11"><span class='ocrx_word' id='word_1_679' title='bbox 2068 3246 2355 3301; x_wconf 89' lang='lat' dir='ltr'><strong>scintillam</strong></span> <span class='ocrx_word' id='word_1_680' title='bbox 2395 3245 2672 3312; x_wconf 87' lang='lat' dir='ltr'><strong>cujusdam</strong></span> <span class='ocrx_word' id='word_1_681' title='bbox 2722 3244 2960 3298; x_wconf 87' lang='lat' dir='ltr'><strong>ardentis</strong></span> <span class='ocrx_word' id='word_1_682' title='bbox 3010 3244 3255 3306; x_wconf 69' lang='lat' dir='ltr'><strong>ﬂammae,</strong></span> <span class='ocrx_word' id='word_1_683' title='bbox 3307 3244 3499 3297; x_wconf 90' lang='lat' dir='ltr'><strong>iterum</strong></span> <span class='ocrx_word' id='word_1_684' title='bbox 3539 3244 3636 3297; x_wconf 90' lang='lat' dir='ltr'><strong>tibi</strong></span> 
     </span>
    </p>
   </div>
   <div class='ocr_carea' id='block_1_96' title="bbox 2068 3334 3631 3391">
    <p class='ocr_par' dir='ltr' id='par_1_96' title="bbox 2068 3334 3631 3391">
     <span class='ocr_line' id='line_1_99' title="bbox 2068 3334 3631 3391; baseline -0.003 0"><span class='ocrx_word' id='word_1_685' title='bbox 2068 3337 2211 3391; x_wconf 90' lang='lat' dir='ltr'><strong>illam</strong></span> <span class='ocrx_word' id='word_1_686' title='bbox 2243 3338 2510 3391; x_wconf 88' lang='lat' dir='ltr'><strong>assumis?</strong></span> <span class='ocrx_word' id='word_1_687' title='bbox 2537 3337 2703 3391; x_wconf 84' lang='lat' dir='ltr'><strong>Ecce!</strong></span> <span class='ocrx_word' id='word_1_688' title='bbox 2735 3334 2946 3389; x_wconf 82' lang='lat' dir='ltr'><strong>ﬂamma</strong></span> <span class='ocrx_word' id='word_1_689' title='bbox 2979 3335 3261 3389; x_wconf 87' lang='lat' dir='ltr'><strong>charitatis</strong></span> <span class='ocrx_word' id='word_1_690' title='bbox 3290 3343 3459 3389; x_wconf 92' lang='lat' dir='ltr'><strong>totum</strong></span> <span class='ocrx_word' id='word_1_691' title='bbox 3486 3336 3631 3387; x_wconf 79' lang='lat' dir='ltr'><strong>inar-</strong></span> 
     </span>
    </p>
   </div>
   <div class='ocr_carea' id='block_1_97' title="bbox 2067 3422 3639 3493">
    <p class='ocr_par' dir='ltr' id='par_1_97' title="bbox 2067 3422 3639 3493">
     <span class='ocr_line' id='line_1_100' title="bbox 2067 3422 3639 3493; baseline -0.002 -14"><span class='ocrx_word' id='word_1_692' title='bbox 2067 3426 2239 3479; x_wconf 90' lang='lat' dir='ltr'><strong>descit</strong></span> <span class='ocrx_word' id='word_1_693' title='bbox 2278 3435 2484 3493; x_wconf 89' lang='lat' dir='ltr'><strong>pectus,</strong></span> <span class='ocrx_word' id='word_1_694' title='bbox 2532 3426 2617 3478; x_wconf 92' lang='lat' dir='ltr'><strong>cui</strong></span> <span class='ocrx_word' id='word_1_695' title='bbox 2643 3427 2687 3480; x_wconf 89' lang='lat' dir='ltr'><strong>si</strong></span> <span class='ocrx_word' id='word_1_696' title='bbox 2713 3439 2835 3493; x_wconf 90' lang='lat' dir='ltr'><strong>spes</strong></span> <span class='ocrx_word' id='word_1_697' title='bbox 2868 3423 3074 3492; x_wconf 79' lang='lat' dir='ltr'><strong>collega</strong></span> <span class='ocrx_word' id='word_1_698' title='bbox 3121 3425 3368 3487; x_wconf 87' lang='lat' dir='ltr'><strong>accessit,</strong></span> <span class='ocrx_word' id='word_1_699' title='bbox 3415 3422 3639 3477; x_wconf 85' lang='lat' dir='ltr'><strong>feliciter</strong></span> 
     </span>
    </p>
   </div>
   <div class='ocr_carea' id='block_1_98' title="bbox 2067 3508 3638 3580">
    <p class='ocr_par' dir='ltr' id='par_1_98' title="bbox 2067 3508 3638 3580">
     <span class='ocr_line' id='line_1_101' title="bbox 2067 3508 3638 3580; baseline -0.003 -13"><span class='ocrx_word' id='word_1_700' title='bbox 2067 3516 2240 3578; x_wconf 90' lang='lat' dir='ltr'><strong>ardet,</strong></span> <span class='ocrx_word' id='word_1_701' title='bbox 2276 3514 2322 3567; x_wconf 93' lang='lat' dir='ltr'><strong>si</strong></span> <span class='ocrx_word' id='word_1_702' title='bbox 2347 3515 2613 3567; x_wconf 85' lang='lat' dir='ltr'><strong>veraciter</strong></span> <span class='ocrx_word' id='word_1_703' title='bbox 2639 3515 2712 3567; x_wconf 92' lang='lat' dir='ltr'><strong>illi</strong></span> <span class='ocrx_word' id='word_1_704' title='bbox 2753 3514 2931 3567; x_wconf 89' lang='lat' dir='ltr'><strong>evenit</strong></span> <span class='ocrx_word' id='word_1_705' title='bbox 2973 3513 3115 3580; x_wconf 91' lang='lat' dir='ltr'><strong>quod</strong></span> <span class='ocrx_word' id='word_1_706' title='bbox 3160 3520 3328 3579; x_wconf 90' lang='lat' dir='ltr'><strong>optat.</strong></span> <span class='ocrx_word' id='word_1_707' title='bbox 3372 3511 3514 3564; x_wconf 88' lang='lat' dir='ltr'><strong>Bona</strong></span> <span class='ocrx_word' id='word_1_708' title='bbox 3556 3508 3638 3563; x_wconf 78' lang='lat' dir='ltr'><strong>est</strong></span> 
     </span>
    </p>
   </div>
   <div class='ocr_carea' id='block_1_99' title="bbox 2067 3600 3638 3672">
    <p class='ocr_par' dir='ltr' id='par_1_99' title="bbox 2067 3600 3638 3672">
     <span class='ocr_line' id='line_1_102' title="bbox 2067 3600 3638 3672; baseline -0.004 -13"><span class='ocrx_word' id='word_1_709' title='bbox 2067 3607 2209 3659; x_wconf 91' lang='lat' dir='ltr'><strong>enim</strong></span> <span class='ocrx_word' id='word_1_710' title='bbox 2250 3618 2373 3672; x_wconf 89' lang='lat' dir='ltr'><strong>spes</strong></span> <span class='ocrx_word' id='word_1_711' title='bbox 2412 3604 2467 3656; x_wconf 93' lang='lat' dir='ltr'><strong>in</strong></span> <span class='ocrx_word' id='word_1_712' title='bbox 2510 3604 2771 3665; x_wconf 87' lang='lat' dir='ltr'><strong>absentia,</strong></span> <span class='ocrx_word' id='word_1_713' title='bbox 2800 3602 2894 3655; x_wconf 90' lang='lat' dir='ltr'><strong>sed</strong></span> <span class='ocrx_word' id='word_1_714' title='bbox 2922 3601 3113 3653; x_wconf 87' lang='lat' dir='ltr'><strong>melius</strong></span> <span class='ocrx_word' id='word_1_715' title='bbox 3138 3609 3221 3653; x_wconf 89' lang='lat' dir='ltr'><strong>est</strong></span> <span class='ocrx_word' id='word_1_716' title='bbox 3247 3614 3401 3652; x_wconf 89' lang='lat' dir='ltr'><strong>amor</strong></span> <span class='ocrx_word' id='word_1_717' title='bbox 3424 3600 3477 3653; x_wconf 91' lang='lat' dir='ltr'><strong>in</strong></span> <span class='ocrx_word' id='word_1_718' title='bbox 3504 3615 3638 3667; x_wconf 76' lang='lat' dir='ltr'><strong>pne-</strong></span> 
     </span>
    </p>
   </div>
   <div class='ocr_carea' id='block_1_100' title="bbox 2067 3688 3635 3760">
    <p class='ocr_par' dir='ltr' id='par_1_100' title="bbox 2067 3688 3635 3760">
     <span class='ocr_line' id='line_1_103' title="bbox 2067 3688 3635 3760; baseline -0.004 -12"><span class='ocrx_word' id='word_1_719' title='bbox 2067 3694 2261 3749; x_wconf 89' lang='lat' dir='ltr'><strong>sentia.</strong></span> <span class='ocrx_word' id='word_1_720' title='bbox 2292 3692 2424 3745; x_wconf 86' lang='lat' dir='ltr'><strong>Nam</strong></span> <span class='ocrx_word' id='word_1_721' title='bbox 2450 3706 2571 3760; x_wconf 89' lang='lat' dir='ltr'><strong>spes</strong></span> <span class='ocrx_word' id='word_1_722' title='bbox 2601 3700 2783 3745; x_wconf 90' lang='lat' dir='ltr'><strong>nostra</strong></span> <span class='ocrx_word' id='word_1_723' title='bbox 2828 3689 2980 3759; x_wconf 88' lang='lat' dir='ltr'><strong>quasi</strong></span> <span class='ocrx_word' id='word_1_724' title='bbox 3022 3690 3257 3743; x_wconf 88' lang='lat' dir='ltr'><strong>anchora</strong></span> <span class='ocrx_word' id='word_1_725' title='bbox 3296 3688 3363 3741; x_wconf 90' lang='lat' dir='ltr'><strong>ad</strong></span> <span class='ocrx_word' id='word_1_726' title='bbox 3404 3688 3635 3742; x_wconf 76' lang='lat' dir='ltr'><strong>cmlestis</strong></span> 
     </span>
    </p>
   </div>
   <div class='ocr_carea' id='block_1_101' title="bbox 2068 3775 3635 3852">
    <p class='ocr_par' dir='ltr' id='par_1_101' title="bbox 2068 3775 3635 3852">
     <span class='ocr_line' id='line_1_104' title="bbox 2068 3775 3635 3852; baseline -0.006 -12"><span class='ocrx_word' id='word_1_727' title='bbox 2068 3802 2168 3840; x_wconf 88' lang='lat' dir='ltr'><strong>nos</strong></span> <span class='ocrx_word' id='word_1_728' title='bbox 2195 3786 2363 3839; x_wconf 85' lang='lat' dir='ltr'><strong>trahit</strong></span> <span class='ocrx_word' id='word_1_729' title='bbox 2383 3784 2570 3852; x_wconf 75' lang='lat' dir='ltr'><strong>patria:</strong></span> <span class='ocrx_word' id='word_1_730' title='bbox 2598 3782 2921 3836; x_wconf 85' lang='lat' dir='ltr'><strong>soliditatem</strong></span> <span class='ocrx_word' id='word_1_731' title='bbox 2950 3777 3136 3850; x_wconf 86' lang='lat' dir='ltr'><strong>(Hebr.</strong></span> <span class='ocrx_word' id='word_1_732' title='bbox 3167 3794 3241 3843; x_wconf 85' lang='lat' dir='ltr'><strong>vt,</strong></span> <span class='ocrx_word' id='word_1_733' title='bbox 3274 3778 3357 3842; x_wconf 88' lang='lat' dir='ltr'><strong>l8,</strong></span> <span class='ocrx_word' id='word_1_734' title='bbox 3389 3775 3477 3845; x_wconf 83' lang='lat' dir='ltr'><strong>l9)</strong></span> <span class='ocrx_word' id='word_1_735' title='bbox 3504 3794 3516 3828; x_wconf 90' lang='lat'>:</span> <span class='ocrx_word' id='word_1_736' title='bbox 3542 3777 3635 3830; x_wconf 89' lang='lat' dir='ltr'><strong>sed</strong></span> 
     </span>
    </p>
   </div>
   <div class='ocr_carea' id='block_1_102' title="bbox 2044 3860 3715 3945">
    <p class='ocr_par' dir='ltr' id='par_1_102' title="bbox 2044 3860 3715 3945">
     <span class='ocr_line' id='line_1_105' title="bbox 2044 3860 3715 3945; baseline -0.007 -15"><span class='ocrx_word' id='word_1_737' title='bbox 2044 3860 2045 3863; x_wconf 8' lang='grc' dir='ltr'><strong>η</strong></span> <span class='ocrx_word' id='word_1_738' title='bbox 2070 3885 2197 3929; x_wconf 89' lang='lat' dir='ltr'><strong>tunc</strong></span> <span class='ocrx_word' id='word_1_739' title='bbox 2219 3876 2324 3929; x_wconf 89' lang='lat' dir='ltr'><strong>erit</strong></span> <span class='ocrx_word' id='word_1_740' title='bbox 2348 3874 2586 3945; x_wconf 89' lang='lat' dir='ltr'><strong>perfecta</strong></span> <span class='ocrx_word' id='word_1_741' title='bbox 2611 3872 2859 3935; x_wconf 87' lang='lat' dir='ltr'><strong>felicitas,</strong></span> <span class='ocrx_word' id='word_1_742' title='bbox 2887 3886 3008 3925; x_wconf 94' lang='lat' dir='ltr'><strong>cum</strong></span> <span class='ocrx_word' id='word_1_743' title='bbox 3030 3869 3185 3939; x_wconf 89' lang='lat' dir='ltr'><strong>plena</strong></span> <span class='ocrx_word' id='word_1_744' title='bbox 3209 3869 3313 3922; x_wconf 86' lang='lat' dir='ltr'><strong>erit</strong></span> <span class='ocrx_word' id='word_1_745' title='bbox 3337 3868 3475 3922; x_wconf 86' lang='lat' dir='ltr'><strong>visio</strong></span> <span class='ocrx_word' id='word_1_746' title='bbox 3497 3881 3639 3920; x_wconf 87' lang='lat' dir='ltr'><strong>amo-</strong></span> <span class='ocrx_word' id='word_1_747' title='bbox 3712 3870 3715 3873; x_wconf 61' lang='lat'><em>‘</em></span> 
     </span>
    </p>
   </div>
   <div class='ocr_carea' id='block_1_103' title="bbox 2070 3962 3639 4032">
    <p class='ocr_par' dir='ltr' id='par_1_103' title="bbox 2070 3962 3639 4032">
     <span class='ocr_line' id='line_1_106' title="bbox 2070 3962 3639 4032; baseline -0.004 -13"><span class='ocrx_word' id='word_1_748' title='bbox 2070 3967 2165 4030; x_wconf 90' lang='lat' dir='ltr'><strong>ris,</strong></span> <span class='ocrx_word' id='word_1_749' title='bbox 2196 3976 2250 4021; x_wconf 88' lang='lat' dir='ltr'><strong>et</strong></span> <span class='ocrx_word' id='word_1_750' title='bbox 2272 3965 2538 4019; x_wconf 87' lang='lat' dir='ltr'><strong>videbitur</strong></span> <span class='ocrx_word' id='word_1_751' title='bbox 2561 3965 2705 4017; x_wconf 88' lang='lat' dir='ltr'><strong>Deus</strong></span> <span class='ocrx_word' id='word_1_752' title='bbox 2730 3965 2782 4016; x_wconf 89' lang='lat' dir='ltr'><strong>in</strong></span> <span class='ocrx_word' id='word_1_753' title='bbox 2809 3964 2980 4032; x_wconf 90' lang='lat' dir='ltr'><strong>gloria</strong></span> <span class='ocrx_word' id='word_1_754' title='bbox 3001 3978 3118 4026; x_wconf 90' lang='lat' dir='ltr'><strong>sua,</strong></span> <span class='ocrx_word' id='word_1_755' title='bbox 3146 3962 3237 4029; x_wconf 83' lang='lat' dir='ltr'><strong>qui</strong></span> <span class='ocrx_word' id='word_1_756' title='bbox 3264 3976 3409 4015; x_wconf 88' lang='lat' dir='ltr'><strong>nunc</strong></span> <span class='ocrx_word' id='word_1_757' title='bbox 3430 3968 3639 4014; x_wconf 86' lang='lat' dir='ltr'><strong>amatur</strong></span> 
     </span>
    </p>
   </div>
   <div class='ocr_carea' id='block_1_104' title="bbox 2071 4050 3635 4125">
    <p class='ocr_par' dir='ltr' id='par_1_104' title="bbox 2071 4050 3635 4125">
     <span class='ocr_line' id='line_1_107' title="bbox 2071 4050 3635 4125; baseline -0.004 -16"><span class='ocrx_word' id='word_1_758' title='bbox 2071 4056 2123 4109; x_wconf 93' lang='lat' dir='ltr'><strong>in</strong></span> <span class='ocrx_word' id='word_1_759' title='bbox 2153 4063 2370 4125; x_wconf 88' lang='lat' dir='ltr'><strong>pectore</strong></span> <span class='ocrx_word' id='word_1_760' title='bbox 2412 4063 2597 4108; x_wconf 89' lang='lat' dir='ltr'><strong>nostro</strong></span> <span class='ocrx_word' id='word_1_761' title='bbox 2624 4054 2678 4124; x_wconf 91' lang='grc'><strong>(1</strong></span> <span class='ocrx_word' id='word_1_762' title='bbox 2705 4052 2827 4107; x_wconf 88' lang='lat' dir='ltr'><strong>Cor.</strong></span> <span class='ocrx_word' id='word_1_763' title='bbox 2853 4069 2971 4116; x_wconf 79' lang='grc' dir='ltr'>ιιιι,</span> <span class='ocrx_word' id='word_1_764' title='bbox 3002 4052 3111 4123; x_wconf 76' lang='lat' dir='ltr'><strong>l2).</strong></span> <span class='ocrx_word' id='word_1_765' title='bbox 3150 4050 3256 4106; x_wconf 88' lang='lat' dir='ltr'><strong>Sed</strong></span> <span class='ocrx_word' id='word_1_766' title='bbox 3298 4050 3455 4119; x_wconf 86' lang='lat' dir='ltr'><strong>hujus</strong></span> <span class='ocrx_word' id='word_1_767' title='bbox 3491 4050 3635 4104; x_wconf 76' lang='lat' dir='ltr'><strong>exilii</strong></span> 
     </span>
    </p>
   </div>
   <div class='ocr_carea' id='block_1_105' title="bbox 2067 4141 3633 4216">
    <p class='ocr_par' dir='ltr' id='par_1_105' title="bbox 2067 4141 3633 4216">
     <span class='ocr_line' id='line_1_108' title="bbox 2067 4141 3633 4216; baseline -0.005 -16"><span class='ocrx_word' id='word_1_768' title='bbox 2067 4145 2427 4216; x_wconf 85' lang='lat' dir='ltr'><strong>peregrinatio</strong></span> <span class='ocrx_word' id='word_1_769' title='bbox 2450 4145 2717 4213; x_wconf 89' lang='lat' dir='ltr'><strong>patienter</strong></span> <span class='ocrx_word' id='word_1_770' title='bbox 2757 4141 2982 4208; x_wconf 86' lang='lat' dir='ltr'><strong>feratur,</strong></span> <span class='ocrx_word' id='word_1_771' title='bbox 3023 4143 3194 4197; x_wconf 90' lang='lat' dir='ltr'><strong>donec</strong></span> <span class='ocrx_word' id='word_1_772' title='bbox 3225 4150 3409 4209; x_wconf 89' lang='lat' dir='ltr'><strong>optata</strong></span> <span class='ocrx_word' id='word_1_773' title='bbox 3438 4141 3633 4195; x_wconf 88' lang='lat' dir='ltr'><strong>beatis-</strong></span> 
     </span>
    </p>
   </div>
   <div class='ocr_carea' id='block_1_106' title="bbox 2067 4316 3635 4402">
    <p class='ocr_par' dir='ltr' id='par_1_106' title="bbox 2067 4316 3635 4402">
     <span class='ocr_line' id='line_1_109' title="bbox 2067 4316 3635 4402; baseline -0.005 -27"><span class='ocrx_word' id='word_1_774' title='bbox 2067 4322 2219 4402; x_wconf 78' lang='lat' dir='ltr'><strong>pliss.</strong></span> <span class='ocrx_word' id='word_1_775' title='bbox 2248 4329 2378 4402; x_wconf 66' lang='lat' dir='ltr'><strong>toni.</strong></span> <span class='ocrx_word' id='word_1_776' title='bbox 2408 4322 2450 4383; x_wconf 90' lang='lat' dir='ltr'><strong>l,</strong></span> <span class='ocrx_word' id='word_1_777' title='bbox 2476 4320 2693 4383; x_wconf 75' lang='lat'><strong>001.35;</strong></span> <span class='ocrx_word' id='word_1_778' title='bbox 2722 4319 3049 4382; x_wconf 73' lang='lat' dir='ltr'><strong>Martiniere,</strong></span> <span class='ocrx_word' id='word_1_779' title='bbox 3075 4317 3256 4373; x_wconf 67' lang='lat' dir='ltr'><strong>Gram!</strong></span> <span class='ocrx_word' id='word_1_780' title='bbox 3280 4316 3635 4369; x_wconf 81' lang='lat' dir='ltr'><strong>Dictionnaire</strong></span> 
     </span>
    </p>
   </div>
   <div class='ocr_carea' id='block_1_107' title="bbox 2065 4392 3637 4533">
    <p class='ocr_par' dir='ltr' id='par_1_107' title="bbox 2065 4392 3637 4533">
     <span class='ocr_line' id='line_1_110' title="bbox 2065 4392 3331 4460; baseline 0.003 -18"><span class='ocrx_word' id='word_1_781' title='bbox 2065 4392 2461 4460; x_wconf 77' lang='lat' dir='ltr'><strong>géographique.</strong></span> <span class='ocrx_word' id='word_1_782' title='bbox 2882 4450 2883 4453; x_wconf 23' lang='grc' dir='ltr'><strong>η</strong></span> <span class='ocrx_word' id='word_1_783' title='bbox 3326 4398 3331 4401; x_wconf 80' lang='grc'><em>’</em></span> 
     </span>
     <span class='ocr_line' id='line_1_111' title="bbox 2065 4452 3637 4533; baseline -0.002 -24"><span class='ocrx_word' id='word_1_784' title='bbox 2065 4528 2104 4533; x_wconf 89' lang='lat'><strong><em>_</em></strong></span> <span class='ocrx_word' id='word_1_785' title='bbox 2138 4457 2477 4533; x_wconf 39' lang='grc' dir='ltr'><strong>ξε-Ιιείιινᾳάοἱ</strong></span> <span class='ocrx_word' id='word_1_786' title='bbox 2501 4456 2600 4522; x_wconf 85' lang='lat' dir='ltr'><strong>Qui</strong></span> <span class='ocrx_word' id='word_1_787' title='bbox 2632 4454 2967 4533; x_wconf 81' lang='lat' dir='ltr'><strong>anno_priori</strong></span> <span class='ocrx_word' id='word_1_788' title='bbox 2990 4468 3065 4533; x_wconf 81' lang='lat' dir='ltr'><strong>ex</strong></span> <span class='ocrx_word' id='word_1_789' title='bbox 3100 4452 3367 4533; x_wconf 64' lang='lat' dir='ltr'><strong>Hispaniae</strong></span> <span class='ocrx_word' id='word_1_790' title='bbox 3393 4454 3637 4533; x_wconf 78' lang='lat' dir='ltr'><strong>partibus</strong></span> 
     </span>
    </p>
   </div>
   <div class='ocr_carea' id='block_1_108' title="bbox 2064 4523 3635 4595">
    <p class='ocr_par' dir='ltr' id='par_1_108' title="bbox 2064 4523 3635 4595">
     <span class='ocr_line' id='line_1_112' title="bbox 2064 4523 3635 4595; baseline -0.003 -14"><span class='ocrx_word' id='word_1_791' title='bbox 2064 4527 2294 4581; x_wconf 87' lang='lat' dir='ltr'><strong>Felicem</strong></span> <span class='ocrx_word' id='word_1_792' title='bbox 2342 4525 2734 4595; x_wconf 82' lang='lat' dir='ltr'><strong>Aquisgranum</strong></span> <span class='ocrx_word' id='word_1_793' title='bbox 2752 4526 3077 4595; x_wconf 80' lang='lat' dir='ltr'><strong>deduxerat,</strong></span> <span class='ocrx_word' id='word_1_794' title='bbox 3108 4523 3267 4595; x_wconf 82' lang='lat' dir='ltr'><strong>paulo</strong></span> <span class='ocrx_word' id='word_1_795' title='bbox 3292 4532 3412 4589; x_wconf 87' lang='lat' dir='ltr'><strong>post</strong></span> <span class='ocrx_word' id='word_1_796' title='bbox 3439 4523 3635 4577; x_wconf 87' lang='lat' dir='ltr'><strong>iterum</strong></span> 
     </span>
    </p>
   </div>
   <div class='ocr_carea' id='block_1_109' title="bbox 2065 4592 3637 4659">
    <p class='ocr_par' dir='ltr' id='par_1_109' title="bbox 2065 4592 3637 4659">
     <span class='ocr_line' id='line_1_113' title="bbox 2065 4592 3637 4659; baseline -0.004 -8"><span class='ocrx_word' id='word_1_797' title='bbox 2065 4598 2190 4651; x_wconf 91' lang='lat' dir='ltr'><strong>illuc</strong></span> <span class='ocrx_word' id='word_1_798' title='bbox 2228 4592 2793 4659; x_wconf 50' lang='lat' dir='ltr'><strong>abiturusfsauitatis</strong></span> <span class='ocrx_word' id='word_1_799' title='bbox 2830 4603 3006 4647; x_wconf 85' lang='lat' dir='ltr'><strong>tamen</strong></span> <span class='ocrx_word' id='word_1_800' title='bbox 3033 4592 3284 4646; x_wconf 71' lang='lat' dir='ltr'><strong>curanda:</strong></span> <span class='ocrx_word' id='word_1_801' title='bbox 3309 4608 3469 4645; x_wconf 88' lang='lat' dir='ltr'><strong>causa</strong></span> <span class='ocrx_word' id='word_1_802' title='bbox 3495 4610 3637 4646; x_wconf 90' lang='lat' dir='ltr'><strong>nune</strong></span> 
     </span>
    </p>
   </div>
   <div class='ocr_carea' id='block_1_110' title="bbox 2065 4661 3639 4731">
    <p class='ocr_par' dir='ltr' id='par_1_110' title="bbox 2065 4661 3639 4731">
     <span class='ocr_line' id='line_1_114' title="bbox 2065 4661 3639 4731; baseline -0.004 -10"><span class='ocrx_word' id='word_1_803' title='bbox 2065 4666 2295 4721; x_wconf 89' lang='lat' dir='ltr'><strong>Turonis</strong></span> <span class='ocrx_word' id='word_1_804' title='bbox 2346 4667 2657 4720; x_wconf 87' lang='lat' dir='ltr'><strong>morabatur</strong></span> <span class='ocrx_word' id='word_1_805' title='bbox 2704 4680 2823 4718; x_wconf 85' lang='lat' dir='ltr'><strong>cum</strong></span> <span class='ocrx_word' id='word_1_806' title='bbox 2867 4664 3055 4718; x_wconf 90' lang='lat' dir='ltr'><strong>eodem</strong></span> <span class='ocrx_word' id='word_1_807' title='bbox 3081 4661 3258 4716; x_wconf 79' lang='lat' dir='ltr'><strong>Felice</strong></span> <span class='ocrx_word' id='word_1_808' title='bbox 3299 4677 3467 4731; x_wconf 90' lang='lat' dir='ltr'><strong>nuper</strong></span> <span class='ocrx_word' id='word_1_809' title='bbox 3511 4679 3639 4715; x_wconf 91' lang='lat' dir='ltr'><strong>con-</strong></span> 
     </span>
    </p>
   </div>
   <div class='ocr_carea' id='block_1_111' title="bbox 2066 4732 3159 4805">
    <p class='ocr_par' dir='ltr' id='par_1_111' title="bbox 2066 4732 3159 4805">
     <span class='ocr_line' id='line_1_115' title="bbox 2066 4732 3159 4805; baseline -0.006 -15"><span class='ocrx_word' id='word_1_810' title='bbox 2066 4752 2243 4792; x_wconf 87' lang='lat' dir='ltr'><strong>verso.</strong></span> <span class='ocrx_word' id='word_1_811' title='bbox 2284 4734 2403 4791; x_wconf 75' lang='lat' dir='ltr'><strong>Vid.</strong></span> <span class='ocrx_word' id='word_1_812' title='bbox 2430 4736 2585 4805; x_wconf 79' lang='lat' dir='ltr'><strong>epist.</strong></span> <span class='ocrx_word' id='word_1_813' title='bbox 2610 4735 2679 4805; x_wconf 71' lang='lat'><strong>9‘2</strong></span> <span class='ocrx_word' id='word_1_814' title='bbox 2706 4734 2871 4805; x_wconf 83' lang='lat' dir='ltr'><strong>[nunc</strong></span> <span class='ocrx_word' id='word_1_815' title='bbox 2900 4732 3044 4805; x_wconf 49' lang='lat'><strong>198].</strong></span> <span class='ocrx_word' id='word_1_816' title='bbox 3142 4794 3159 4802; x_wconf 26' lang='grc' dir='ltr'>ς</span> 
     </span>
    </p>
   </div>
   <div class='ocr_carea' id='block_1_112' title="bbox 2142 4800 3633 4859">
    <p class='ocr_par' dir='ltr' id='par_1_112' title="bbox 2142 4800 3633 4859">
     <span class='ocr_line' id='line_1_116' title="bbox 2142 4800 3633 4859; baseline -0.004 -1"><span class='ocrx_word' id='word_1_817' title='bbox 2142 4806 2160 4844; x_wconf 73' lang='grc' dir='ltr'>ί</span> <span class='ocrx_word' id='word_1_818' title='bbox 2196 4800 2475 4859; x_wconf 69' lang='lat' dir='ltr'><strong>Fratribus</strong></span> <span class='ocrx_word' id='word_1_819' title='bbox 2502 4804 2561 4859; x_wconf 92' lang='lat' dir='ltr'><strong>S.</strong></span> <span class='ocrx_word' id='word_1_820' title='bbox 2604 4800 2857 4857; x_wconf 77' lang='lat' dir='ltr'><strong>Serimzii.</strong></span> <span class='ocrx_word' id='word_1_821' title='bbox 2907 4800 3282 4856; x_wconf 68' lang='lat' dir='ltr'><strong>Monasterium</strong></span> <span class='ocrx_word' id='word_1_822' title='bbox 3327 4802 3428 4854; x_wconf 89' lang='lat' dir='ltr'><strong>hoc</strong></span> <span class='ocrx_word' id='word_1_823' title='bbox 3469 4800 3633 4852; x_wconf 84' lang='lat' dir='ltr'><strong>situm</strong></span> 
     </span>
    </p>
   </div>
   <div class='ocr_carea' id='block_1_113' title="bbox 2066 4868 3631 4941">
    <p class='ocr_par' dir='ltr' id='par_1_113' title="bbox 2066 4868 3631 4941">
     <span class='ocr_line' id='line_1_117' title="bbox 2066 4868 3631 4941; baseline -0.008 -10"><span class='ocrx_word' id='word_1_824' title='bbox 2066 4876 2388 4941; x_wconf 80' lang='lat' dir='ltr'><strong>estTrajecti</strong></span> <span class='ocrx_word' id='word_1_825' title='bbox 2412 4873 2479 4925; x_wconf 88' lang='lat' dir='ltr'><strong>ad</strong></span> <span class='ocrx_word' id='word_1_826' title='bbox 2507 4874 2707 4927; x_wconf 83' lang='lat' dir='ltr'><strong>Mosam</strong></span> <span class='ocrx_word' id='word_1_827' title='bbox 2731 4868 3631 4941; x_wconf 72' lang='lat' dir='ltr'><strong>(Maestriclit).olimmonachorum,</strong></span> 
     </span>
    </p>
   </div>
   <div class='ocr_carea' id='block_1_114' title="bbox 2066 4941 2885 4999">
    <p class='ocr_par' dir='ltr' id='par_1_114' title="bbox 2066 4941 2885 4999">
     <span class='ocr_line' id='line_1_118' title="bbox 2066 4941 2885 4999; baseline -0.007 0"><span class='ocrx_word' id='word_1_828' title='bbox 2066 4961 2207 4999; x_wconf 90' lang='lat' dir='ltr'><strong>nunc</strong></span> <span class='ocrx_word' id='word_1_829' title='bbox 2222 4944 2624 4997; x_wconf 71' lang='lat' dir='ltr'><strong>canonicoruzn.</strong></span> <span class='ocrx_word' id='word_1_830' title='bbox 2659 4941 2885 4995; x_wconf 53' lang='lat' dir='ltr'><strong>Mamre.</strong></span> 
     </span>
    </p>
   </div>
   <div class='ocr_carea' id='block_1_115' title="bbox 2138 5004 3635 5082">
    <p class='ocr_par' dir='ltr' id='par_1_115' title="bbox 2138 5004 3635 5082">
     <span class='ocr_line' id='line_1_119' title="bbox 2138 5004 3635 5082; baseline -0.006 -14"><span class='ocrx_word' id='word_1_831' title='bbox 2138 5013 2293 5082; x_wconf 78' lang='lat'><strong>130</strong></span> <span class='ocrx_word' id='word_1_832' title='bbox 2321 5014 2345 5052; x_wconf 76' lang='grc' dir='ltr'><em>ε</em></span> <span class='ocrx_word' id='word_1_833' title='bbox 2365 5012 2507 5065; x_wconf 87' lang='lat' dir='ltr'><strong>Edit.</strong></span> <span class='ocrx_word' id='word_1_834' title='bbox 2532 5011 2730 5066; x_wconf 81' lang='lat' dir='ltr'><strong>Mabill.</strong></span> <span class='ocrx_word' id='word_1_835' title='bbox 2768 5012 2830 5063; x_wconf 77' lang='lat' dir='ltr'><strong>l7</strong></span> <span class='ocrx_word' id='word_1_836' title='bbox 2858 5012 3085 5082; x_wconf 78' lang='lat' dir='ltr'><strong>(Froben</strong></span> <span class='ocrx_word' id='word_1_837' title='bbox 3114 5010 3266 5082; x_wconf 73' lang='lat' dir='ltr'><strong>epist.</strong></span> <span class='ocrx_word' id='word_1_838' title='bbox 3298 5005 3407 5075; x_wconf 87' lang='lat'><strong>88).</strong></span> <span class='ocrx_word' id='word_1_839' title='bbox 3432 5004 3635 5082; x_wconf 75' lang='lat' dir='ltr'><strong>Qua:_i_n</strong></span> 
     </span>
    </p>
   </div>
   <div class='ocr_carea' id='block_1_116' title="bbox 2064 5074 3630 5151">
    <p class='ocr_par' dir='ltr' id='par_1_116' title="bbox 2064 5074 3630 5151">
     <span class='ocr_line' id='line_1_120' title="bbox 2064 5074 3630 5151; baseline -0.005 -16"><span class='ocrx_word' id='word_1_840' title='bbox 2064 5074 2418 5136; x_wconf 36' lang='lat' dir='ltr'><strong>edi—Libram&quot;.</strong></span> <span class='ocrx_word' id='word_1_841' title='bbox 2442 5082 2799 5151; x_wconf 58' lang='lat' dir='ltr'><strong>praetermissa</strong></span> <span class='ocrx_word' id='word_1_842' title='bbox 2821 5074 3062 5151; x_wconf 59' lang='lat' dir='ltr'><strong>suutJiic</strong></span> <span class='ocrx_word' id='word_1_843' title='bbox 3075 5074 3380 5151; x_wconf 81' lang='lat' dir='ltr'><strong>supplemus</strong></span> <span class='ocrx_word' id='word_1_844' title='bbox 3392 5090 3457 5129; x_wconf 74' lang='lat' dir='ltr'><strong>ex</strong></span> <span class='ocrx_word' id='word_1_845' title='bbox 3476 5074 3630 5129; x_wconf 67' lang='lat' dir='ltr'><strong>mild.</strong></span> 
     </span>
    </p>
   </div>
   <div class='ocr_carea' id='block_1_117' title="bbox 2066 5146 3633 5215">
    <p class='ocr_par' dir='ltr' id='par_1_117' title="bbox 2066 5146 3633 5215">
     <span class='ocr_line' id='line_1_121' title="bbox 2066 5146 3633 5215; baseline -0.005 -10"><span class='ocrx_word' id='word_1_846' title='bbox 2066 5168 2197 5207; x_wconf 89' lang='lat' dir='ltr'><strong>mss.</strong></span> <span class='ocrx_word' id='word_1_847' title='bbox 2233 5146 2530 5207; x_wconf 42' lang='lat' dir='ltr'><strong>Salisbfet</strong></span> <span class='ocrx_word' id='word_1_848' title='bbox 2573 5151 2630 5204; x_wconf 91' lang='lat' dir='ltr'><strong>S.</strong></span> <span class='ocrx_word' id='word_1_849' title='bbox 2666 5148 3003 5202; x_wconf 86' lang='lat' dir='ltr'><strong>Emmerami.</strong></span> <span class='ocrx_word' id='word_1_850' title='bbox 3032 5146 3111 5198; x_wconf 87' lang='lat' dir='ltr'><strong>Ad</strong></span> <span class='ocrx_word' id='word_1_851' title='bbox 3141 5161 3300 5215; x_wconf 91' lang='lat' dir='ltr'><strong>quem</strong></span> <span class='ocrx_word' id='word_1_852' title='bbox 3323 5160 3518 5215; x_wconf 86' lang='lat' dir='ltr'><strong>annum</strong></span> <span class='ocrx_word' id='word_1_853' title='bbox 3546 5159 3633 5215; x_wconf 81' lang='lat' dir='ltr'><strong>re-</strong></span> 
     </span>
    </p>
   </div>
   <div class='ocr_carea' id='block_1_118' title="bbox 2067 5213 3633 5286">
    <p class='ocr_par' dir='ltr' id='par_1_118' title="bbox 2067 5213 3633 5286">
     <span class='ocr_line' id='line_1_122' title="bbox 2067 5213 3633 5286; baseline -0.006 -11"><span class='ocrx_word' id='word_1_854' title='bbox 2067 5221 2285 5277; x_wconf 89' lang='lat' dir='ltr'><strong>ferenda</strong></span> <span class='ocrx_word' id='word_1_855' title='bbox 2334 5223 2405 5276; x_wconf 88' lang='lat' dir='ltr'><strong>sit</strong></span> <span class='ocrx_word' id='word_1_856' title='bbox 2446 5222 2559 5274; x_wconf 69' lang='lat' dir='ltr'><strong>hmc</strong></span> <span class='ocrx_word' id='word_1_857' title='bbox 2606 5217 2851 5286; x_wconf 80' lang='lat' dir='ltr'><strong>epistola,</strong></span> <span class='ocrx_word' id='word_1_858' title='bbox 2902 5213 3197 5286; x_wconf 50' lang='lat' dir='ltr'><strong>incertum}</strong></span> <span class='ocrx_word' id='word_1_859' title='bbox 3250 5213 3448 5286; x_wconf 60' lang='lat' dir='ltr'><strong>sapius</strong></span> <span class='ocrx_word' id='word_1_860' title='bbox 3491 5213 3633 5286; x_wconf 72' lang='lat' dir='ltr'><strong>enim</strong></span> 
     </span>
    </p>
   </div>
   <div class='ocr_carea' id='block_1_119' title="bbox 2066 5281 3637 5359">
    <p class='ocr_par' dir='ltr' id='par_1_119' title="bbox 2066 5281 3637 5359">
     <span class='ocr_line' id='line_1_123' title="bbox 2066 5281 3637 5359; baseline -0.004 -16"><span class='ocrx_word' id='word_1_861' title='bbox 2066 5291 2325 5347; x_wconf 83' lang='lat' dir='ltr'><strong>Alcuinus</strong></span> <span class='ocrx_word' id='word_1_862' title='bbox 2352 5304 2501 5359; x_wconf 89' lang='lat' dir='ltr'><strong>spem</strong></span> <span class='ocrx_word' id='word_1_863' title='bbox 2534 5303 2598 5359; x_wconf 73' lang='lat' dir='ltr'><strong>ac</strong></span> <span class='ocrx_word' id='word_1_864' title='bbox 2620 5281 2939 5359; x_wconf 85' lang='lat' dir='ltr'><strong>desiderium</strong></span> <span class='ocrx_word' id='word_1_865' title='bbox 2966 5282 3404 5359; x_wconf 78' lang='lat' dir='ltr'><strong>habuit_Arnonis</strong></span> <span class='ocrx_word' id='word_1_866' title='bbox 3424 5281 3637 5359; x_wconf 76' lang='lat' dir='ltr'><strong>fruendi</strong></span> 
     </span>
    </p>
   </div>
   <div class='ocr_carea' id='block_1_120' title="bbox 2066 5352 3635 5436">
    <p class='ocr_par' dir='ltr' id='par_1_120' title="bbox 2066 5352 3635 5436">
     <span class='ocr_line' id='line_1_124' title="bbox 2066 5352 3635 5436; baseline -0.006 -21"><span class='ocrx_word' id='word_1_867' title='bbox 2066 5352 2514 5436; x_wconf 46' lang='lat' dir='ltr'><strong>pnesentiaL&#39;Ego</strong></span> <span class='ocrx_word' id='word_1_868' title='bbox 2541 5356 2686 5436; x_wconf 77' lang='lat' dir='ltr'><strong>illam</strong></span> <span class='ocrx_word' id='word_1_869' title='bbox 2709 5352 3334 5436; x_wconf 57' lang='lat' dir='ltr'><strong>praecedentisubjunxi,</strong></span> <span class='ocrx_word' id='word_1_870' title='bbox 3363 5352 3448 5436; x_wconf 80' lang='lat' dir='ltr'><strong>cui</strong></span> <span class='ocrx_word' id='word_1_871' title='bbox 3472 5352 3635 5405; x_wconf 90' lang='lat' dir='ltr'><strong>etiam</strong></span> 
     </span>
    </p>
   </div>
   <div class='ocr_carea' id='block_1_121' title="bbox 2068 5424 3637 5499">
    <p class='ocr_par' dir='ltr' id='par_1_121' title="bbox 2068 5424 3637 5499">
     <span class='ocr_line' id='line_1_125' title="bbox 2068 5424 3637 5499; baseline -0.008 -14"><span class='ocrx_word' id='word_1_872' title='bbox 2068 5424 2630 5499; x_wconf 13' lang='lat' dir='ltr'><strong>congruit.‘Desiderio</strong></span> <span class='ocrx_word' id='word_1_873' title='bbox 2650 5434 2827 5499; x_wconf 70' lang='lat' dir='ltr'><strong>tamen</strong></span> <span class='ocrx_word' id='word_1_874' title='bbox 2850 5424 2992 5499; x_wconf 73' lang='lat' dir='ltr'><strong>illius</strong></span> <span class='ocrx_word' id='word_1_875' title='bbox 3011 5424 3080 5478; x_wconf 86' lang='lat' dir='ltr'><strong>ab</strong></span> <span class='ocrx_word' id='word_1_876' title='bbox 3098 5424 3330 5482; x_wconf 82' lang='lat' dir='ltr'><strong>Arnone,</strong></span> <span class='ocrx_word' id='word_1_877' title='bbox 3352 5430 3637 5499; x_wconf 74' lang='lat' dir='ltr'><strong>antequam</strong></span> 
     </span>
    </p>
   </div>
   <div class='ocr_carea' id='block_1_122' title="bbox 2068 5490 3635 5560">
    <p class='ocr_par' dir='ltr' id='par_1_122' title="bbox 2068 5490 3635 5560">
     <span class='ocr_line' id='line_1_126' title="bbox 2068 5490 3635 5560; baseline -0.006 -7"><span class='ocrx_word' id='word_1_878' title='bbox 2068 5516 2098 5553; x_wconf 92' lang='lat' dir='ltr'><strong>e</strong></span> <span class='ocrx_word' id='word_1_879' title='bbox 2121 5490 2292 5553; x_wconf 72' lang='lat' dir='ltr'><strong>Gallia</strong></span> <span class='ocrx_word' id='word_1_880' title='bbox 2303 5496 2495 5558; x_wconf 87' lang='lat' dir='ltr'><strong>abiret,</strong></span> <span class='ocrx_word' id='word_1_881' title='bbox 2518 5494 2850 5550; x_wconf 84' lang='lat' dir='ltr'><strong>satisfactum</strong></span> <span class='ocrx_word' id='word_1_882' title='bbox 2870 5493 3049 5557; x_wconf 88' lang='lat' dir='ltr'><strong>fuisse,</strong></span> <span class='ocrx_word' id='word_1_883' title='bbox 3064 5508 3131 5547; x_wconf 82' lang='lat' dir='ltr'><strong>cx</strong></span> <span class='ocrx_word' id='word_1_884' title='bbox 3151 5491 3395 5560; x_wconf 85' lang='lat' dir='ltr'><strong>sequenti</strong></span> <span class='ocrx_word' id='word_1_885' title='bbox 3412 5490 3635 5560; x_wconf 86' lang='lat' dir='ltr'><strong>epistola</strong></span> 
     </span>
    </p>
   </div>
   <div class='ocr_carea' id='block_1_123' title="bbox 2068 5564 2691 5637">
    <p class='ocr_par' dir='ltr' id='par_1_123' title="bbox 2068 5564 2691 5637">
     <span class='ocr_line' id='line_1_127' title="bbox 2068 5564 2691 5637; baseline -0.008 -17"><span class='ocrx_word' id='word_1_886' title='bbox 2068 5568 2244 5637; x_wconf 81' lang='lat' dir='ltr'><strong>colligi</strong></span> <span class='ocrx_word' id='word_1_887' title='bbox 2280 5581 2435 5635; x_wconf 73' lang='lat' dir='ltr'><strong>posse</strong></span> <span class='ocrx_word' id='word_1_888' title='bbox 2464 5564 2691 5619; x_wconf 85' lang='lat' dir='ltr'><strong>videtur.</strong></span> 
     </span>
    </p>
   </div>
  </div>
