4238 6196
487 334 588 392 391

1913 343 2270 400 EPISTOLA‘J
2281 386 2293 398 .

3607 357 3712 408 εἷ’ἔέ

489 456 692 504 nostra.
722 447 811 516 qui
838 447 1247 502 clementissima
1273 463 1402 503 voce
1425 447 1669 505 omnibus
1697 451 1795 505 sub
1816 451 2048 520 pondere
2075 458 2122 510 Α
2152 451 2402 504 misertus
2444 448 2625 514 fueris,
2658 451 2939 518 miserere,
2959 450 3203 514 Domine,
3226 465 3482 509 creatura:
3510 467 3626 521 tum,
3659 471 3716 512 ut

487 535 769 605 cujuslibet
829 536 1029 591 laboris
1081 537 1413 606 gementibus
1476 541 1759 604 mandasti,
1810 543 1992 596 dicens
2033 560 2045 593 :

497 624 672 678 Venite
698 626 765 677 ad
793 642 892 690 me,
929 642 1099 678 omnes
1126 627 1214 693 qui
1254 625 1499 680 laboratis
1523 638 1571 681 et
1600 631 1795 681 onerati
1831 631 1971 692 estis,
2001 638 2049 683 et

488 730 576 782 ego
621 714 845 779 reﬁciam
876 731 959 766 ros
1006 713 1216 780 (Matth.
1249 731 1322 778 χι,
1350 715 1461 781 28).
1511 716 1646 782 Quid
1693 721 1793 772 hac
1822 721 2049 788 promis-

487 804 632 856 sione
668 803 992 870 jucundius?
1035 807 1167 871 Quid
1216 807 1312 861 hae
1342 823 1433 876 spe
1467 809 1713 863 beatius?
1756 809 1945 862 Veniat
1981 811 2048 863 ad

485 895 829 947 eumomuis
874 898 1048 949 anima
1097 914 1347 961 intercus,
1400 913 1557 952 omne
1599 913 1692 951 cor
1735 899 2042 960 contritum,

484 982 710 1038 fundens
738 984 1001 1052 lacrymas
1027 987 1077 1038 in
1122 996 1406 1056 conspectu
1439 987 1817 1041 misericordia
1864 987 2039 1049 illius;

482 1086 654 1140 neque
682 1071 970 1128 abscondat
1015 1076 1230 1128 vulnera
1259 1092 1354 1129 sua
1397 1075 1624 1137 medico,
1653 1075 1741 1142 qui
1773 1076 1883 1127 ait:
1933 1075 2043 1143 Ego

480 1162 732 1226 occidam,
771 1174 816 1216 et
856 1166 1015 1217 vivere
1039 1166 1266 1232 faciam:
1306 1169 1607 1235 percutiam,
1638 1177 1685 1219 et
1713 1183 1804 1235 ego
1849 1168 2044 1220 sonabo

479 1247 653 1307 (Deut.
685 1265 855 1305 xuii.
880 1252 990 1323 39).
1041 1252 1293 1322 Flagellat
1337 1256 1485 1307 miris
1515 1255 1701 1316 modis,
1749 1263 1806 1307 ot
1835 1257 2044 1309 erudiat

479 1334 637 1400 ﬁlios,
671 1353 769 1406 pro
811 1355 1037 1409 quorum
1085 1343 1252 1396 salute
1299 1345 1447 1395 unico
1477 1358 1579 1395 non
1625 1345 1846 1411 pepercit
1876 1343 2037 1397 Filio.

479 1425 608 1491 Quis
646 1440 825 1484 contra
868 1448 982 1494 nos,
1025 1433 1068 1484 si
1109 1433 1247 1485 Deus
1291 1451 1383 1502 pro
1414 1434 1555 1486 nobis
1596 1433 1770 1501 (liam.
1803 1449 1916 1497 vm,
1949 1435 2037 1497 32,

475 1516 601 1587 5t)?
635 1517 765 1583 Quis
807 1521 1106 1584 contristat,
1136 1522 1180 1574 si
1212 1521 1348 1575 Deus
1380 1522 1652 1576 ketiﬁcat?
1688 1520 1842 1586 Nolo,
1873 1539 1901 1575 a
1933 1522 2040 1577 Deo

471 1607 682 1661 dicatur
729 1607 860 1661 tibi:
893 1600 937 1662 Ο
980 1610 1188 1662 anima!
1239 1612 1362 1679 quid
1409 1611 1617 1680 gemis?
1663 1611 1789 1678 quid
1834 1612 2040 1681 plangis

466 1694 663 1762 judicia
691 1697 846 1749 mea?
873 1697 980 1766 Ego
1007 1698 1146 1759 dedi,
1174 1713 1272 1767 ego
1300 1699 1489 1751 abstuli
1520 1698 1659 1765 (Job.
1695 1715 1732 1759 ι.
1763 1700 1874 1768 2|).
1900 1700 2036 1765 Quid

472 1787 638 1840 habes
678 1789 876 1855 absque
924 1801 1009 1840 me
1039 1787 1089 1856 (ι
1122 1787 1239 1839 Cor.
1273 1803 1343 1850 ιν,
1370 1787 1459 1856 7)?
1503 1787 1612 1842 Cur
1649 1789 1740 1842 tibi
1769 1789 2030 1856 displicet,
2068 1771 2110 1829 Β

470 1877 610 1942 quod
639 1877 765 1930 mihi
794 1864 1002 1945 placet?
1041 1879 1249 1939 Omnia,
1281 1894 1398 1946 qua:
1432 1879 1613 1939 habes,
1647 1895 1761 1932 mea
1795 1890 1919 1934 sunt
1940 1882 2035 1935 be-

470 1965 677 2029 neﬁcia,
707 1981 812 2019 non
860 1973 948 2018 tua
979 1968 1214 2034 propria.
1255 1967 1327 2020 Te
1366 1969 1534 2036 ipsam
1579 1984 1729 2037 para,
1762 1980 1820 2023 ut
1866 1973 2036 2038 possis

467 2055 732 2122 particeps
755 2068 872 2107 esse
899 2055 1239 2110 beatitudinis
1266 2070 1414 2109 meai.
1441 2055 1665 2125 Propter
1691 2068 1740 2112 te
1760 2060 2031 2123 descendi,

465 2150 524 2193 ct
545 2143 802 2210 patiebar,
834 2157 952 2210 quae
977 2143 1148 2212 legisti
1178 2142 1228 2195 in
1259 2143 1451 2196 litteris
1492 2146 1642 2207 meis,
1690 2155 1747 2198 ut
1777 2146 1869 2200 tibi
1899 2163 2034 2216 pra:-

463 2245 647 2296 parem
676 2233 1002 2286 mansionem
1029 2234 1080 2285 in
1111 2233 1266 2287 domo
1292 2232 1466 2287 Patris
1498 2236 1619 2289 mei.
1653 2237 1768 2291 Noli
1797 2240 2030 2303 tardare,

375 2333 378 2336 '
465 2336 618 2401 soror
660 2336 792 2382 nica,
824 2337 1014 2389 sponsa
1045 2337 1182 2382 mea,
1221 2338 1398 2392 surge,
1439 2341 1680 2393 propera,
1723 2337 1776 2380 et
1803 2331 1924 2382 veni
1963 2330 2030 2383 ad

462 2410 645 2476 epulas
670 2410 852 2478 gloria:
873 2426 1002 2463 mem
1036 2411 1052 2477 (
1082 2408 1232 2462 Cant.
1265 2427 1325 2473 ιι,
1354 2411 1461 2480 10).
1494 2413 1674 2483 Magna
1703 2425 1846 2478 sunt,
1872 2419 2026 2470 beata

462 2506 605 2560 sunt,
655 2499 1088 2566 incomparabilia
1130 2508 1252 2552 sunt
1297 2517 1414 2568 qua:
1460 2506 1752 2571 praxparavi
1799 2507 1915 2559 tibi.
1964 2507 2028 2562 Et

462 2587 703 2655 quamvis
729 2603 927 2656 magna.
946 2589 1071 2651 sint,
1115 2589 1219 2640 noli
1250 2597 1303 2641 tu
1333 2599 1508 2644 tamen
1538 2603 1786 2654 :estuare,
1819 2595 1900 2649 vel
1931 2597 2026 2650 du-

459 2677 631 2734 bitare
654 2678 719 2730 de
746 2679 935 2746 pretio.
988 2678 1224 2748 Regnum
1255 2689 1403 2734 tttum
1436 2691 1635 2736 tantum
1665 2686 1821 2749 valet,
1852 2703 2020 2754 quan-

460 2773 571 2818 tum
603 2774 655 2818 tu
683 2757 769 2818 es;
798 2767 870 2819 Te
913 2769 1081 2834 ipsam
1109 2768 1194 2831 da,
1226 2777 1278 2823 et
1302 2770 1519 2825 habebis
1550 2772 1694 2826 illud.
1722 2774 1833 2828 Rex
1860 2765 2020 2830 teter-

459 2871 559 2908 nus
579 2857 905 2924 concupiscit
929 2858 1157 2925 speciem
1187 2865 1350 2911 tuam.
1386 2860 1498 2915 Non
1526 2863 1595 2915 sit
1633 2863 1684 2916 in
1714 2873 1763 2916 te
1793 2881 1920 2936 ruga
1941 2867 2020 2920 vel

459 2945 664 2997 macula
695 2945 903 3012 (Ep/ws.
938 2961 987 3007 ν,
1018 2945 1127 3013 27').
1177 2946 1233 2998 Si
1277 2947 1404 3014 quid
1433 2949 1667 3017 pulveris
1693 2966 1758 3004 ex
1805 2962 2017 3009 terrena

455 3034 782 3089 habitatione
808 3037 1093 3090 adhaeserit
1120 3037 1233 3098 tibi,
1285 3038 1534 3107 lacrymis
1561 3039 1692 3100 lava,
1723 3051 1780 3095 ut
1808 3052 1858 3096 te
1900 3059 2020 3112 spe-

453 3127 676 3188 ciosam,
721 3127 1000 3194 pulchram
1045 3137 1096 3179 et
1123 3128 1521 3185 desiderabilem
1569 3133 1820 3197 inveniat,
1847 3137 1936 3203 qui
1967 3146 2020 3190 te

448 3215 833 3290 concupiscit._
852 3215 966 3268 Noli
1008 3217 1071 3269 dc
1101 3217 1317 3273 alterius
1362 3220 1709 3290 ingemiscere
1749 3222 2018 3289 felicitate,

453 3319 572 3372 qua:
602 3305 846 3372 spinosos
888 3305 1056 3357 ﬁnivit
1105 3306 1331 3386 labores,
1362 3317 1416 3360 et
1445 3311 1636 3364 volavit
1685 3314 1748 3365 ad
1778 3330 1898 3368 eum
1929 3318 2018 3383 qui

352 3435 356 3441 .
453 3389 579 3445 fecit
601 3392 762 3445 illam.
793 3393 936 3446 Talis
964 3403 1063 3456 est,
1095 3405 1210 3462 post
1254 3399 1566 3451 sententiam
1594 3403 1776 3468 prima:
1805 3403 2020 3457 damna-

452 3482 633 3546 tionis,
689 3482 1277 3554 conditio'fragilitatis
1329 3497 1543 3543 nostra}.
1605 3490 1902 3553 Nascimur,
1963 3505 2018 3547 ut

452 3575 745 3628 moriamur
769 3593 783 3639 ;
816 3577 1091 3641 morimur,
1120 3588 1177 3631 ut
1205 3579 1461 3632 vivamus.
1494 3579 1738 3648 Nunquid
1769 3599 1871 3635 non
1900 3583 2018 3637 feli-

449 3663 565 3716 cior
593 3673 676 3717 est
703 3666 821 3718 vita:
847 3667 1116 3734 ingressus
1145 3684 1302 3735 quam
1351 3670 1580 3722 mortis?
1622 3670 1812 3723 Fertur
1835 3686 2019 3741 quem-

451 3752 572 3805 dam
595 3753 948 3820 respondisse,
972 3756 1094 3809 dum
1118 3759 1181 3810 de
1205 3758 1293 3810 ﬁlii
1319 3760 1399 3810 sui
1422 3760 1794 3813 consolabatur
1817 3773 2006 3819 morte:

452 3840 690 3893 Sciebam
732 3858 831 3905 me,
864 3845 1052 3911 inquit,
1081 3847 1347 3898 mortalem
1382 3849 1633 3914 genuisse.
1681 3849 1790 3902 Cur
1814 3852 2018 3919 plangis

451 3929 591 3997 quod
635 3930 805 3983 vitare
851 3945 953 3983 non
1011 3934 1339 3998 possumus?
1385 3934 1534 4000 Saepe
1577 3935 1728 3988 dolor
1779 3944 2016 4004 tempore

450 4019 744 4081 sanabitur,
772 4020 860 4087 qui
892 4020 1098 4094 ratione
1127 4036 1230 4073 non
1261 4023 1472 4088 poterit.
1522 4022 1791 4077 Mittamus
1821 4040 2012 4078 munu—

450 4106 596 4160 scula
618 4107 896 4161 cbaritatis
921 4115 1046 4175 post
1075 4108 1265 4161 charos
1296 4119 1525 4162 nostros.
1568 4109 1866 4166 Oﬂ‘eramus
1895 4127 2012 4166 mu-

448 4208 550 4248 nus
577 4194 764 4247 salutis
792 4204 987 4248 nostra:
1012 4210 1107 4262 pro
1146 4195 1266 4249 illis.
1299 4196 1662 4252 'Misereamur
1695 4201 1924 4265 miseris,
1955 4209 2014 4254 ut

449 4285 766 4337 misereatur
793 4284 896 4336 illis
922 4283 1079 4337 Deus.
1111 4284 1258 4349 Quod
1287 4301 1382 4353 pro
1411 4287 1513 4341 illis
1553 4289 1605 4342 in
1635 4289 1736 4342 ﬁde
1765 4289 2010 4354 facimus,

447 4371 660 4439 proﬁcit
685 4379 740 4424 et
766 4372 936 4425 nobis.

518 4462 740 4515 Domine
776 4461 930 4524 Deus,
965 4460 1087 4516 Jesu
1119 4463 1258 4515 mitis
1285 4471 1338 4516 et
1381 4465 1704 4527 misericors,
1755 4467 2010 4521 miserere

450 4550 589 4606 illius
618 4566 780 4620 quam
809 4553 1067 4606 abstulisti
1096 4568 1123 4605 a
1157 4553 1323 4606 nobis.
1359 4554 1560 4608 Exaudi
1589 4571 1684 4609 nos
1707 4569 1803 4624 per
1843 4557 2012 4610 medi-

447 4643 622 4696 cinam
667 4643 944 4696 vulnerum
994 4653 1298 4711 nostrorum
1348 4644 1548 4716 [Forte,
1597 4648 1853 4720 tuorum],
1898 4665 2015 4718 quae

446 4731 696 4799 pependit
739 4732 790 4781 in
828 4730 990 4798 ligno.
1035 4741 1089 4785 et
1123 4734 1309 4787 sedens
1335 4735 1400 4786 ad
1443 4736 1718 4790 dexteram
1759 4746 1904 4791 tuam
1933 4740 2014 4791 in-

446 4815 676 4887 terpellat
697 4831 792 4887 pro
821 4819 966 4871 nobis
988 4815 1162 4888 (Rom.
1194 4833 1307 4884 vui,
1329 4821 1443 4891 34).
1477 4823 1600 4878 Scio
1623 4826 1837 4894 quidem
1862 4829 2012 4882 mise-

449 4908 734 4964 ricordiam
778 4916 946 4972 tuam,
988 4909 1077 4978 qui
1107 4910 1188 4964 vis
1230 4925 1409 4964 omnes
1433 4911 1665 4966 homines
1704 4915 1871 4969 salvos
1899 4913 2007 4984 ﬁeri

447 4995 501 5066 (1
527 4996 660 5051 Tim.
690 5008 751 5063 tt,
771 4999 846 5068 4).
877 4998 1093 5055 Dimitte
1120 5001 1192 5055 illi
1222 5001 1400 5056 debita
1440 5017 1535 5057 sua
1561 5003 1777 5074 (Matth.
1803 5023 1875 5070 vi,
1903 5009 2017 5080 l2),

447 5100 777 5156 quacunque
814 5090 1082 5143 moti-uit
1124 5098 1243 5159 post
1292 5104 1485 5160 aquam
1529 5092 1739 5149 salutis.
1774 5096 2011 5161 Dimitte.

448 5173 670 5229 Domine
697 5177 710 5229 l
741 5175 986 5232 dimitte!
1018 5180 1381 5248 deprecamur.
1415 5179 1491 5235 Ne
1524 5182 1693 5237 intres
1724 5200 1843 5239 cum
1876 5202 1938 5240 ea
1963 5189 2015 5241 in

443 5261 736 5331 judicium!
787 5264 1144 5335 smreultet
1181 5271 1534 5324 misericordia
1561 5273 1615 5324 in
1655 5274 1860 5340 judicio
1900 5277 2016 5345 (1η-

450 5353 560 5408 τοι.
605 5368 668 5418 n,
714 5353 826 5424 i5).
876 5352 1008 5436 Nam
1058 5356 1266 5436 eloquia
1316 5366 1404 5411 tua
1453 5373 1578 5413 vera
1631 5371 1778 5424 sunt,
1821 5365 2017 5432 quibus

449 5441 737 5510 missu
758 5429 1190 5499 misericordibus
1202 5445 1621 5501 misericordiam
1637 5429 1856 5516 (κακία.
1869 5468 1916 5513 ν,
1938 5453 2010 5521 ·ι);

452 5529 588 5596 quod
615 5537 676 5584 ut
717 5538 917 5593 essent,
966 5531 1184 5585 dedistis
1226 5535 1324 5587 eis.
1374 5533 1473 5598 Qui
1524 5536 1882 5599 misereberis,
1930 5544 2014 5594 cui

522 5651 547 5677 ι
576 5638 991 5712 Εόἰικρυειτεοῑ.
1025 5640 1114 5703 2‘2,
1146 5656 1208 5692 ex
1238 5655 1336 5693 ms.
1372 5643 1625 5709 (Froben.
1657 5645 1770 5712 9|.)

2155 540 2332 594 laudet
2360 550 2410 595 te
2448 551 2693 595 creatura
2741 550 2850 605 tua,
2879 551 2933 595 et
2969 553 3146 597 cantet
3182 547 3574 602 misericordias
3602 558 3718 604 tuas

2150 629 2200 682 in
2229 640 2486 685 :eternum
2515 650 2526 683 :
2557 633 2621 684 Et
2645 634 2840 693 anima,
2872 649 2990 700 quzc
3030 635 3394 703 supervictura
3425 638 3546 699 erit.
3571 653 3712 691 sem-

2149 733 2241 784 per
2269 721 2408 772 dicat
2432 739 2443 771 :
2474 721 2720 772 Laudabo
2750 721 2913 773 Deum
2939 739 3106 773 meum
3130 724 3181 775 in
3208 725 3308 776 rita
3335 740 3466 786 mea,
3491 725 3710 792 psallam

2147 804 2253 857 Deo
2284 823 2414 867 meo,
2443 808 2673 874 quandin
2706 822 2791 858 ero
2823 807 2993 875 (Psal.
3025 822 3176 869 CXLV,
3215 807 3286 875 i).

2217 917 2440 985 Semper
2472 919 2524 971 in
2550 928 2806 972 :eternum
2839 920 3002 982 vivat,
3033 919 3257 974 feliciter
3283 932 3429 989 opto,

2285 1006 2417 1059 Filia
2447 1006 2608 1059 chara
2637 1007 2784 1065 mihi,
2817 1008 2904 1068 sit,
2939 1023 3084 1075 rogo,
3118 1010 3277 1061 chara
3302 1009 3428 1063 Deo.

2627 1130 2650 1156 ι
2695 1115 3020 1169 ΕΡ18Το1.Α
3068 1117 3218 1171 (IVII.

2653 1201 2717 1238 an
2755 1202 2967 1239 nouae:
3010 1203 3201 1259 ascen.

2410 1269 2771 1325 Consolatoria
2798 1291 2890 1340 pro
2916 1284 3077 1325 morte
3106 1274 3441 1344 Liudgatda'.

2212 1363 2435 1428 Domino
2461 1364 2794 1416 desiderabili
2824 1373 2875 1417 et
2904 1380 3027 1417 vere
3057 1342 3362 1419 beatissimo
3405 1367 3568 1422 David
3601 1369 3710 1437 regi

2141 1448 2362 1503 Flaccus
2393 1450 2613 1503 Albinus
2639 1451 2883 1503 salutem.

2211 1537 2343 1589 Dum
2370 1547 2560 1590 vestrae
2587 1538 2838 1604 potentia:
2867 1537 3149 1606 gloriosam
3179 1539 3574 1604 sublimitatem,
3603 1558 3705 1596 non

2139 1628 2391 1696 peritura:
2416 1626 2678 1681 Chaldaris
2701 1628 2926 1680 ﬂammis
2946 1627 3260 1693 Jerusalem,
3288 1631 3553 1697 imperare
3576 1634 3704 1692 scio,

2141 1717 2232 1770 sed
2261 1728 2532 1785 perpetua:
2562 1717 2708 1785 pacis
2734 1718 3002 1770 civitatem
3025 1720 3257 1784 pretioso
3283 1722 3539 1788 sanguine
3561 1721 3710 1774 Chriv

2139 1808 2205 1860 sti
2237 1816 2594 1862 constructam
2627 1822 2810 1876 regere
2853 1817 3012 1876 atque
3042 1809 3360 1874 gubelnare,
3394 1809 3544 1876 cujus
3574 1810 3704 1878 lapi-

2135 1895 2229 1949 des
2259 1896 2362 1948 vivi
2390 1897 2455 1948 de
2480 1896 2755 1948 eharitatis
2783 1896 2982 1964 glutine
3025 1895 3369 1965 colliguntur,
3395 1906 3448 1949 et
3472 1899 3710 1952 cmlcstis

2133 1985 2342 2039 aedilicii
2398 1985 2734 2038 altitudinem
2789 2000 2853 2038 ex
2907 1984 3132 2039 diversis
3179 1986 3432 2038 virtutum
3483 1989 3707 2055 gemmis

2133 2075 2270 2127 muri
2298 2086 2642 2142 consurgunt.
2672 2074 2744 2128 De
2773 2090 2888 2140 qua‘
2907 2073 3183 2127 Psalmista
3209 2075 3281 2127 ait
3307 2090 3320 2126 :
3372 2075 3551 2144 Diligil
3592 2075 3701 2130 Do-

2131 2167 2301 2217 minus
2331 2173 2506 2233 ponas
2554 2163 2701 2226 Sion,
2739 2180 2892 2232 super
2938 2163 3110 2214 omnia
3157 2163 3492 2216 tabernacula
3539 2165 3703 2218 Jacol:

2131 2253 2354 2321 (Psalm.
2382 2269 2594 2316 uuvt,
2626 2251 2702 2317 2).
2736 2252 2800 2304 Et
2829 2251 2952 2304 alibi
2983 2270 2994 2301 :
3030 2251 3177 2303 Mons
3206 2250 3333 2303 Sion
3357 2252 3517 2304 latera
3545 2255 3702 2320 Aqui-

2125 2342 2486 2404 lonis,ciritas
2528 2342 2659 2409 regis
2704 2341 2878 2408 magni
2927 2338 3150 2408 (Psalm.
3203 2355 3364 2400 XLVII,
3419 2341 3495 2407 3).
3550 2341 3699 2395 Unde

2127 2447 2246 2500 ego,
2297 2432 2516 2483 minima
2571 2432 2813 2498 quaedam
2869 2427 3026 2498 hujus
3073 2429 3308 2483 civitatis
3357 2432 3549 2497 portio.
3602 2433 3702 2485 sub

2129 2521 2358 2589 tegmine
2385 2520 2599 2588 pietatis
2638 2529 2821 2572 reslrtc
2849 2520 3195 2580 constitutus,
3221 2519 3285 2570 ad
3317 2518 3698 2588 jucunditatem

2126 2611 2289 2663 animi
2319 2611 2481 2663 vestri
2525 2611 2700 2662 debita
2745 2611 3001 2662 servitute
3029 2610 3225 2676 smpius
3273 2608 3535 2663 litterul.-.s
3570 2611 3698 2664 diri-

2124 2715 2249 2767 gere
2275 2701 2462 2753 studeo
2486 2717 2501 2763 ;
2543 2699 2766 2753 olliciale
2793 2700 3089 2752 devotionis
3116 2708 3311 2754 nostra:
3341 2687 3551 2763 munus,
3594 2717 3699 2756 non

2124 2789 2487 2842 necessarium
2536 2787 2872 2840 abundantia:
2911 2798 3140 2852 vestrm;
3191 2790 3411 2856 cupiers
3440 2791 3699 2844 vulnerati

2123 2881 2285 2934 animi
2310 2879 2549 2939 maerori,
2573 2893 2670 2945 per
2691 2888 2878 2930 vestra:
2898 2877 3276 2931 consolationis
3298 2879 3697 2946 benignitatem,

2123 2970 2358 3025 mederi:
2393 2970 2514 3038 quia
2544 2969 2736 3037 sacpius
2763 2948 2981 3037 probavi
3027 2968 3343 3021 familiarem
3392 2977 3698 3035 mansuetu-

2121 3057 2300 3114 dinem
2326 3058 2666 3113 sublimitatis
2693 3059 2904 3121 νέειν-ἀι,
2936 3056 3212 3110 humilium
3249 3056 3523 3110 doloribus
3551 3073 3696 3127 com-

2119 3149 2248 3217 pati.
2272 3148 2406 3202 Nam
2429 3157 2483 3202 et
2514 3147 2625 3218 ipse
2672 3139 2944 3210 Dominus,
2979 3146 3141 3202 totius
3168 3146 3286 3200 fons
3313 3147 3699 3201 consolatiOnis

2118 3248 2172 3292 et
2206 3239 2395 3293 salutis
2423 3253 2544 3293 cum
2577 3235 2824 3290 ﬂentibus
2851 3235 3000 3290 flevit
3029 3239 3280 3298 amicum,
3322 3252 3479 3303 quem
3527 3239 3697 3293 susci-

2120 3338 2329 3383 taturus
2384 3329 2528 3384 venit
2578 3327 2757 3396 (Joan.
2808 3342 2882 3390 si,
2936 3328 3024 3392 53,
3067 3325 3177 3397 35).
3228 3326 3454 3382 aliorum
3501 3329 3694 3393 dolori,

2111 3418 2259 3485 juxta
2291 3419 2639 3473 humanitatis
2668 3418 2936 3480 aﬁ'ectum,
2965 3434 3275 3486 compassus
3314 3420 3505 3486 magis,
3533 3435 3692 3498 quam

2117 3509 2274 3562 amici
2301 3517 2525 3561 mortem
2563 3509 2768 3575 lugens,
2815 3509 3068 3569 maxime,
3112 3509 3234 3575 quia
3280 3507 3523 3562 eumdem
3562 3503 3691 3561 liora

2116 3597 2378 3649 victurum
2410 3597 2743 3664 prtesciebat.
2792 3596 2910 3650 Filii
2962 3597 3123 3650 Israel
3161 3595 3374 3663 Moysen
3421 3598 3690 3665 lugebant,

2116 3685 2208 3740 sed
2241 3685 2290 3737 in
2319 3685 2478 3752 Lege,
2503 3701 2606 3738 non
2633 3685 2682 3737 in
2708 3685 2996 3753 Evangelia
3020 3683 3196 3755 (Deut.
3235 3700 3416 3747 xxxiv,
3448 3685 3522 3752 8).
3563 3684 3685 3739 Ideo

2115 3774 2289 3837 Jesus,
2336 3782 2552 3844 propter
2601 3784 2994 3828 sacramentum
3040 3774 3292 3836 nominis,
3341 3789 3445 3827 non
3498 3773 3689 3844 legitur

2117 3866 2365 3935 lacrymis
2386 3866 2564 3935 populi
2605 3877 2917 3935 prosecutus
2941 3880 3060 3919 esse
3089 3883 3102 3929 ;
3135 3867 3226 3944 sed
3268 3865 3419 3934 quasi
3453 3868 3691 3919 victurus

2115 3953 2309 4006 iterum
2335 3960 2454 4019 post
2492 3961 2736 4006 mortem.
2777 3953 2833 4005 In
2860 3953 3080 4006 exordio
3128 3952 3371 4027 Judicum
3413 3954 3564 4022 juxta
3605 3955 3688 4008 bi-

2114 4040 2293 4093 storiae
2323 4040 2582 4104 ordinem,
2613 4049 3022 4108 reprazsentatus
3048 4042 3222 4095 luctus
3247 4043 3503 4110 sapientis
3530 4043 3689 4097 unius
3720 4097 3722 4103 ,

2114 4137 2194 4182 est
2221 4129 2365 4193 diei;
2417 4129 2562 4198 impii
2598 4138 2774 4182 autem
2817 4145 3005 4184 omnes
3047 4131 3160 4184 dies
3187 4132 3308 4184 vitae
3342 4145 3469 4185 sum.
3519 4130 3685 4199 Sepa-

2115 4219 2250 4272 ratio
2279 4219 2520 4287 quaedam
2566 4217 2943 4273 familiaritatis
2997 4221 3260 4284 humanae,
3314 4237 3416 4274 non
3464 4223 3691 4290 perditio

2113 4306 2382 4375 plangitur
2413 4308 2464 4360 in
2497 4308 2754 4377 sapiente.
2787 4306 2842 4361 in
2870 4308 3033 4376 impio
3066 4319 3263 4362 aeterna
3294 4309 3521 4377 perditio
3545 4309 3689 4362 luctu

2043 4413 2094 4470 υ
2112 4397 2482 4462 prosequenda
2508 4405 2590 4448 est
2619 4404 2890 4465 perpetuo.
2925 4396 3081 4449 Venit
3127 4409 3254 4450 vero
3281 4405 3431 4464 pater
3456 4395 3509 4449 in
3559 4396 3689 4460 ﬁlio,

2115 4483 2368 4550 magister
2409 4484 2461 4536 in
2506 4485 2786 4553 discipulo,
2817 4484 3019 4538 amicus
3065 4485 3123 4537 in‘
3147 4486 3341 4549 amico,
3388 4485 3432 4538 si
3480 4489 3691 4539 marum

2114 4569 2347 4640 dignitas
2393 4583 2447 4627 et
2493 4575 2769 4644 sapientia
2827 4575 3076 4628 nobilitas
3126 4583 3406 4643 permanet
3441 4579 3443 4581 ’
3473 4575 3527 4627 in
3596 4589 3694 4644 po-

2115 4664 2293 4717 steris.

2183 4748 2325 4816 Quid
2371 4754 2416 4806 si
2466 4754 2519 4807 iu
2575 4753 2844 4807 miseriam
2893 4755 3139 4807 humanae
3193 4750 3514 4806 conditionis
3558 4767 3694 4807 mea:

2116 4840 2257 4894 illius
2289 4845 2548 4896 moriatur
2571 4841 2715 4894 ant!
2722 4850 2924 4909 patrem
2964 4841 3017 4893 in
3058 4839 3187 4893 flore
3224 4840 3564 4907 iuventutis?
3589 4839 3693 4895 tol-

2115 4929 2243 4983 lltur
2263 4929 2459 4998 justus,
2489 4944 2555 4983 ne
2583 4929 2780 4982 malitia
2821 4929 3132 4982 immutetur
3157 4945 3252 4984 cor
3287 4930 3403 4996 ejus
3429 4927 3579 4998 (Sep.
3610 4943 3684 4994 tv,

2121 5016 2224 5086 Η).
2247 5015 2457 5069 Judicia
2481 5016 2689 5069 Domini
2712 5017 2926 5084 abyssus
2949 5027 3066 5070 sunt
3084 5019 3246 5069 mufta
3270 5016 3492 5084 (Psalm.
3521 5032 3684 5081 xxxv,

2115 5108 2190 5177 7).
2223 5109 2304 5162 Nil
2347 5110 2460 5163 sine
2494 5122 2654 5162 causa
2698 5108 2802 5159 erit
2848 5109 2901 5160 in
2932 5108 3146 5169 arundo,
3179 5121 3277 5160 nec
3321 5121 3460 5161 unus
3505 5123 3689 5171 passer

2115 5202 2270 5257 cadet
2298 5201 2351 5254 in
2382 5201 2625 5270 laqueum
2667 5198 2888 5267 aucupis
2926 5200 3040 5252 sine
3069 5197 3228 5251 Patre
3265 5208 3469 5262 nostro,
3499 5199 3587 5265 qui
3626 5199 3680 5252 in

2115 5291 2265 5345 caelis
2288 5297 2370 5345 est
2393 5307 2407 5353 ;
2437 5303 2536 5342 non
2566 5285 2784 5357 capillus
2805 5287 2868 5340 de
2891 5289 3056 5356 capite
3082 5288 3213 5355 perit
3242 5287 3454 5356 (lattli.
3496 5302 3550 5349 ι,
3573 5288 3642 5340 29
3667 5305 3682 5349 ;

2114 5384 2229 5433 Act.
2269 5394 2439 5439 um,
2476 5376 2588 5445 δι).
2637 5374 2753 5429 No‘u
2797 5378 2940 5429 enim
2997 5376 3151 5430 nobis
3194 5378 3396 5446 luctum
3447 5376 3686 5430 incutere

2114 5467 2290 5527 debet,
2324 5478 2444 5521 eum
2481 5461 2732 5533 quislibet
2769 5465 2963 5516 charos
2987 5470 3168 5516 noster
3196 5480 3222 5516 a
3260 5462 3687 5534 peregrinatione

2113 5552 2286 5618 pergit
2332 5552 2398 5604 ad
2445 5551 2688 5617 patriam,
2740 5568 2766 5604 a
2815 5552 3165 5605 morientibus
3212 5552 3279 5604 ad
3326 5551 3585 5613 viventes,
3620 5552 3686 5603 ab
