4238 6192
593 405 697 460 523

1466 399 1525 453 Β.
1568 399 1626 453 F.
1668 398 1888 453 ALBINI
1928 399 2055 453 SI-IIS
2099 397 2371 451 ALCIIINI
2407 396 2683 453 OI'El’iI'M
2723 394 2897 452 PARS
2934 394 2971 453 I.

3632 422 3637 427 '
3716 399 3820 457 524

594 510 781 565 exsilio
806 509 871 562 ad
895 522 1137 578 regnum.
1178 506 1481 561 Consolatio
1508 517 1691 562 nostra
1731 508 1863 561 ﬁant
1889 510 2049 562 verba
2075 525 2161 562 ve-
2188 514 2235 568 Λ
2264 506 2410 561 tione
2458 508 2776 562 sacrificium
2805 508 2975 562 laudis
3003 507 3287 562 olIiramus
3315 551 3327 574 ,
3371 512 3419 563 in
3464 528 3567 580 quo
3598 513 3819 566 saluti-in

596 598 806 653 ritatis:
839 596 944 662 Qui
972 596 1132 650 credit
1157 596 1211 649 in
1239 612 1337 658 me,
1367 598 1412 649 si
1435 606 1669 649 mortuus
1692 596 1868 665 fuerit,
1907 598 2051 650 vivet.
2096 597 2159 649 Et

597 689 782 751 omnis,
827 686 913 756 qui
966 686 1083 739 vivit
1125 694 1172 738 et
1218 685 1377 738 credit
1424 687 1479 739 in
1522 702 1625 749 me,
1676 702 1778 739 non
1818 688 2066 739 morietur
2106 688 2161 739 in

596 788 843 831 internum
875 775 1053 846 (Joan.
1081 790 1155 836 xi,
1179 773 1265 836 25,
1296 772 1407 845 26).
1435 774 1663 829 Proinde
1693 774 1941 835 sciamus,
1972 776 2163 828 charos

596 874 807 921 nostros
834 866 889 919 in
914 866 1165 935 operibus
1192 859 1471 919 charitatis
1504 865 1793 919 morientes
1828 865 1937 918 Deo
1962 866 2158 926 vivere,

594 964 650 1009 et
673 954 865 1009 saeculo
901 954 1056 1007 mori.
1088 952 1189 1018 Qui
1216 953 1468 1020 operibus
1508 952 1888 1006 misericordiae
1928 952 2161 1020 quotidie

596 1046 811 1100 Christo
834 1060 955 1100 cum
979 1044 1232 1112 Apostolo
1255 1044 1437 1098 dicunt
1474 1062 1485 1095 :
1515 1042 1677 1113 Cupio
1730 1043 1939 1097 dissolvi
1974 1053 2020 1096 et
2056 1060 2163 1096 esse

595 1149 713 1185 cum
738 1131 942 1187 Christo
969 1131 1130 1199 (Phil.
1164 1148 1204 1195 I,
1232 1131 1344 1199 ‘23).
1392 1131 1620 1186 Felicius
1648 1132 1794 1186 vadit
1836 1133 1925 1201 qui
1965 1133 2164 1191 amicos

598 1223 851 1291 relinquit
892 1221 1202 1290 superstites
1240 1220 1361 1284 sibi,
1405 1235 1563 1288 quam
1608 1220 1699 1289 qui
1745 1230 2015 1289 superstes
2061 1222 2163 1274 erit

598 1314 801 1367 amicis.
837 1312 978 1366 Mors
1006 1311 1129 1365 boni
1156 1311 1387 1365 hominis
1412 1310 1656 1379 migratio
1678 1318 1761 1363 est
1791 1311 1857 1363 ad
1888 1310 2161 1362 meliorem

596 1402 779 1464 vitam,
826 1400 1095 1471 quee‘hon
1129 1407 1211 1452 est
1251 1398 1565 1467 plangenda,
1612 1398 1701 1453 sed
1747 1400 2161 1469 congratulanda

596 1492 775 1562 (Joan.
805 1508 856 1555 v,
892 1490 1004 1560 24).

666 1579 933 1633 Laetemur
978 1578 1030 1630 in
1079 1576 1935 1646 miserationibusﬁedemptoris
1968 1580 2157 1635 nostri.

595 1668 863 1722 Abraham
897 1676 1021 1721 ante
1066 1666 1265 1721 Christi
1297 1626 1583 1721 adventuin
1613 1626 1997 1737 apudrinferos
2040 1670 2157 1723 fuit.

594 1757 722 1811 Post
764 1756 964 1811 Christi
1019 1758 1322 1825 passionem
1376 1757 1514 1809 latro
1564 1756 1617 1809 in
1667 1758 1935 1824 paradiso.
1996 1758 2163 1813 Morte

594 1842 791 1895 Christi
836 1855 981 1894 mors
1020 1848 1227 1893 mortua
1263 1849 1360 1901 est,
1410 1839 1652 1894 flammea
1694 1842 1944 1910 romphea
1983 1851 2162 1896 custos
2194 1838 2238 1896 Β

594 1929 823 1997 paradisi
853 1925 1107 1997 sanguine
1134 1928 1332 1982 Christi
1360 1929 1641 1998 exstincta.
1667 1926 1733 1981 Et
1762 1931 1947 1984 beatus
1975 1931 2162 1985 Petrus

596 2019 755 2073 homo
778 2028 1021 2071 terrenus
1062 2027 1246 2085 portas
1275 2019 1465 2086 aperit,
1508 2033 1645 2085 quas
1669 2020 1934 2071 aethereus
1959 2019 2163 2073 Cheru-

594 2108 703 2160 bim
728 2106 954 2159 clausit:
989 2106 1055 2158 Et
1081 2106 1146 2158 de
1188 2096 1297 2158 rete
1348 2106 1672 2174 piscatorum
1720 2122 1910 2160 manus
1940 2115 2161 2174 repente

594 2196 660 2249 ad
690 2195 865 2249 claves
908 2194 1177 2247 transtulit
1228 2195 1381 2264 133
1426 2195 1575 2262 regni
1610 2194 1886 2248 caelorum.
1934 2194 1992 2249 In
2028 2194 2162 2249 Che-

599 2285 753 2338 rubin
786 2283 1065 2336 multitudo
1094 2283 1369 2347 scienlite;
1416 2288 1507 2337 sed
1534 2283 1588 2335 in
1630 2283 1845 2337 Christo
1880 2284 2161 2337 multitudo

595 2372 972 2425 miserationis.
1002 2370 1137 2426 Olim
1157 2371 1211 2423 in
1232 2369 1410 2424 Judiea
1434 2379 1590 2423 notus
1612 2372 1976 2424 tantummodo
2000 2371 2160 2433 Deus,

595 2461 689 2514 sed
715 2475 855 2513 nunc
876 2460 1123 2513 omnibus
1145 2460 1391 2528 gentibus
1415 2473 1515 2511 vox
1547 2474 1650 2511 una
1678 2468 1760 2511 est
1785 2456 2047 2521 Christus,
2072 2459 2161 2527 qui

594 2565 692 2603 nos
732 2549 797 2603 de
825 2549 993 2620 servis
1033 2546 1159 2602 fecit
1197 2549 1417 2611 amicos,
1448 2556 1501 2601 et
1536 2549 1601 2601 de
1638 2547 1875 2616 profugis
1901 2547 2163 2601 convertit

594 2639 648 2691 in
692 2637 847 2690 ﬁlios.
888 2637 1141 2689 Naturam
1174 2636 1515 2689 mortalitatis
1563 2643 1756 2691 nostra:
1787 2638 2077 2704 assumpsit
2107 2638 2159 2688 in

594 2727 817 2794 gloriam
868 2726 1163 2781 divinitatis
1205 2742 1332 2779 suaa.
1382 2726 1439 2778 In
1477 2727 1578 2779 hoc
1611 2726 1817 2780 laetetur
1853 2742 2019 2796 genus
2066 2727 2164 2780 hu-

596 2832 833 2880 manum,
869 2816 1043 2869 sciens
1067 2814 1370 2883 fragilitatis
1402 2824 1595 2868 nostrae
1619 2823 1866 2868 naturam
1892 2832 2050 2883 super
2078 2831 2169 2867 an.

596 2907 791 2976 gelicos
815 2905 1097 2959 exaltatam
1124 2906 1335 2966 choros,
1368 2903 1627 2971 majestati
1650 2913 1882 2972 paterna:
1907 2906 2086 2975 gloriae
2110 2906 2161 2958 in

595 2997 900 3050 caelestibus
940 2994 1232 3048 considere.
1282 2994 1409 3059 Qum
1456 2995 1686 3047 conditio
1730 2992 2066 3047 mortalitatis
2096 2993 2163 3046 ti-

599 3096 746 3141 mens
789 3085 1032 3155 humana:
1082 3081 1268 3153 [Locus
1312 3082 1604 3151 corruptus]
1650 3085 1971 3136 conturbare
2002 3084 2160 3137 debes

598 3181 717 3239 post
764 3179 964 3224 tantam
1017 3182 1220 3225 natura:
1270 3179 1374 3223 tua:
1421 3172 1678 3239 gloriam?
1729 3171 2029 3242 Eqnalitas
2064 3174 2158 3227 tibi

600 3261 897 3313 certissima
949 3268 1071 3324 est;
1125 3269 1331 3313 tantum
1388 3260 1617 3328 tegmine
1670 3262 1946 3316 charitatis
2004 3263 2161 3316 indue

598 3352 808 3419 pennis,
838 3359 895 3403 ut
917 3351 1095 3405 volare
1124 3350 1306 3414 facias,
1335 3367 1438 3419 quo
1470 3352 1717 3406 Christus
1744 3355 2000 3407 ascendit.
2045 3353 2161 3409 Noli

600 3440 893 3510 angustiari
920 3442 984 3494 de
1010 3450 1180 3495 morte
1221 3441 1523 3497 cbarorum.
1557 3442 1649 3495 sed
1674 3442 1943 3510 congaude
1969 3442 2162 3496 laetitizc

602 3530 832 3584 illorum.

667 3618 914 3673 Christus
946 3631 1003 3671 se
1042 3617 1211 3685 ipsum
1238 3631 1333 3685 pro
1356 3626 1407 3670 te
1439 3617 1653 3671 tradidit
1686 3617 1736 3671 in
1773 3627 2019 3673 mortem.
2051 3618 2157 3673 Cur

496 3724 501 3729 '
600 3709 851 3780 lacrymis
878 3709 986 3763 tuis
1012 3709 1335 3763 contradicis
1363 3709 1597 3773 Christo,
1620 3725 1807 3779 rapere
1827 3712 2017 3767 charos
2041 3721 2160 3767 tuos

602 3798 667 3850 de
693 3805 864 3851 morte
887 3796 953 3849 ad
983 3798 1146 3849 vitam
1175 3837 1190 3860 ,
1235 3798 1300 3850 de
1328 3798 1509 3852 labore
1536 3800 1603 3852 ad
1632 3800 1905 3866 requiem?
1933 3798 2161 3857 Felicior

601 3890 686 3937 est
713 3884 764 3935 in
794 3885 933 3937 bono
963 3885 1074 3937 dies
1100 3884 1279 3937 exitus
1310 3899 1470 3951 quam
1514 3884 1823 3939 nativitatis.
1851 3886 1944 3941 Ille
1972 3898 2053 3941 est
2078 3904 2159 3941 re-

603 3972 745 4041 quiei
778 3972 1005 4035 initium,
1035 3972 1133 4025 iste
1164 3970 1379 4027 laboris.
1411 3973 1501 4027 Ille
1535 3974 1732 4028 laetitia:
1762 3975 2032 4042 introitus,
2062 3978 2158 4032 iste

608 4062 827 4115 doloris.
856 4060 1135 4114 Nascimur
1163 4070 1219 4115 ut
1246 4064 1534 4116 moriamur
1558 4106 1572 4127 ,
1604 4066 1860 4119 morimur
1888 4076 1945 4119 ut
1971 4069 2158 4125 melius

603 4151 861 4204 vivamus.
904 4152 1001 4203 Via
1037 4161 1118 4205 est
1154 4152 1267 4206 hac
1294 4154 1400 4206 vita
1441 4156 1781 4223 pergentibus
1809 4159 1874 4211 ad
1912 4162 2153 4226 patriam.

608 4237 665 4291 Si
689 4253 873 4305 aspera
898 4249 997 4301 est,
1027 4239 1070 4291 si
1096 4248 1241 4291 arcta
1270 4250 1371 4303 est,
1403 4243 1935 4311 virilitengradicnda
1974 4258 2073 4301 est.
2101 4249 2155 4301 Si

605 4324 780 4391 plana,
810 4325 854 4377 si
884 4339 1163 4393 prospera,
1193 4334 1347 4380 caute
1372 4330 1635 4382 currenda
1674 4341 1773 4396 est,
1814 4334 1937 4400 quia
1964 4336 2158 4389 multos

2263 597 2416 649 nobis
2454 598 2829 665 sempiternam
2871 613 2967 666 per
3011 597 3333 666 Proplictam
3365 615 3526 655 suum
3555 602 3817 670 promisit,

2262 686 2445 741 dicens
2500 685 2876 754 :Sacriﬁcium
2930 687 3100 741 laudis
3148 688 3503 757 houori/icarit
3541 707 3665 753 me;
3714 691 3821 742 illic

2244 778 2357 828 iter
2384 786 2477 838 est,
2528 792 2627 845 quo
2657 777 2874 829 ostendit
2901 777 3128 831 salutare
3156 780 3248 832 Dei
3279 780 3499 847 (Psalm.
3534 796 3679 841 XLIX,
3706 778 3818 846 9.3).
3880 819 3883 822 ι

2262 868 2386 921 llam
2404 876 2479 921 est
2507 869 2744 935 angelica
2769 868 3089 935 iucunditas,
3119 882 3424 925 sanctorum
3455 872 3657 933 laetitia,
3696 886 3817 924 con-

2262 958 2452 1012 solatio
2477 966 2677 1009 nostra.
2710 956 2849 1009 Nihil
2892 959 3033 1009 enim
3064 959 3204 1013 aliud
3230 961 3463 1014 cmlestis
3484 959 3777 1014 Jerusalem
3807 999 3821 1020 ,

2263 1060 2379 1113 qua:
2406 1046 2540 1097 vivis
2573 1044 2869 1098 aediﬁcatur
2899 1047 3159 1114 lapidibus
3186 1088 3200 1111 ,
3248 1050 3359 1116 agit
3387 1050 3439 1102 in
3466 1051 3637 1117 patria
3686 1064 3778 1102 sua
3805 1089 3819 1108 ,

2263 1135 2470 1188 dicente
2492 1144 2543 1187 et
2573 1136 2872 1201 suspirantc
2896 1151 2958 1188 ex
2990 1147 3168 1190 nostra
3209 1153 3337 1191 voce
3359 1138 3774 1207 Psalmographo
3807 1154 3821 1189 :

2265 1224 2414 1276 Beati
2452 1226 2539 1293 qui
2582 1225 2817 1276 habitant
2848 1227 2901 1276 in
2938 1226 3088 1278 domo
3122 1237 3210 1279 tua
3237 1227 3458 1298 (Psalm.
3489 1243 3716 1291 cxxxut,
3744 1226 3821 1295 5).

2267 1313 2333 1366 Et
2360 1314 2509 1379 quasi
2536 1315 2654 1381 quis
2685 1315 2981 1381 quiesisset,
3029 1330 3145 1382 qua:
3186 1326 3325 1370 esset
3373 1317 3458 1370 illa
3510 1308 3781 1369 beatitudo
3806 1354 3823 1378 ,

2263 1402 2506 1456 habitare
2525 1404 2575 1455 in
2597 1404 2753 1456 domo
2769 1403 3009 1457 Domini?
3032 1407 3304 1474 respondit
3328 1422 3340 1458 :
3370 1407 3435 1458 In
3462 1405 3705 1459 swculum
3727 1420 3823 1457 sm-

2266 1493 2368 1544 culi
2393 1492 2675 1546 laudabunt
2711 1504 2777 1546 te.
2821 1494 2940 1546 Ilaec
2978 1495 3094 1549 laus
3135 1496 3254 1550 sine
3300 1495 3538 1560 fastidio,
3583 1497 3697 1549 sine
3734 1496 3823 1550 dc-

2264 1582 2404 1636 fectu
2434 1584 2574 1647 erit;
2604 1584 2717 1637 sine
2744 1585 2846 1637 fine
2884 1585 3051 1638 dulcis
3088 1585 3144 1638 fit
3179 1587 3229 1638 in
3260 1586 3417 1640 corde
3442 1594 3496 1639 et
3520 1600 3613 1639 ore
3632 1599 3827 1643 canens

2266 1675 2417 1727 tium.
2449 1675 2572 1729 Ilzec
2613 1677 2823 1744 quoties
2864 1678 3069 1746 agimus
3105 1677 3159 1730 in
3187 1679 3368 1742 terris,
3398 1677 3686 1747 angelicam
3709 1676 3828 1729 imi-
3898 1726 3899 1729 η

2266 1770 2443 1816 tamur
2470 1764 2653 1817 vitam.
2688 1764 2809 1818 Ilie'c
2846 1766 3081 1820 suavitas
3125 1782 3312 1820 omnes
3360 1767 3538 1821 saeculi
3581 1766 3825 1819 ινίδιίιὶ,;ε

2264 1854 2479 1920 expellit
2540 1855 2606 1909 ab
2658 1856 2830 1909 anima
2864 1897 2878 1920 ,
2930 1872 3117 1911 omnes
3163 1873 3418 1911 maerores
3483 1859 3708 1925 mitigat.
3756 1850 3824 1909 Et

2264 1951 2462 2009 quanto
2488 1944 2609 2010 quis
2632 1945 2888 1998 donorum
2910 1944 3002 1999 Dei
3032 1945 3215 2012 majori
3254 1947 3421 2000 utitur
3453 1947 3775 2019 abundantia
3808 1985 3823 2007 ,

2265 2041 2411 2084 tanto
2434 2032 2601 2097 magis
2621 2048 2679 2084 se
2697 2032 2990 2104 debitorem
3014 2036 3289 2089 mediatori
3310 2038 3545 2089 omnium
3564 2037 3821 2089 bonorqu

2262 2135 2380 2187 qutc
2408 2121 2660 2187 possidet,
2685 2131 2960 2188 agnoscat.

2334 2231 2389 2282 Si
2416 2231 2575 2298 igitur
2596 2229 2797 2296 justum
2841 2233 3052 2286 videtur
3086 2232 3285 2287 homini
3315 2233 3596 2301 cujuslibet
3622 2232 3823 2287 beneli-

2264 2321 2330 2374 cii
2364 2320 2443 2373 vel
2466 2320 2623 2372 ollicii
2657 2321 2875 2374 reddere
2916 2330 3115 2389 grates,
3146 2332 3346 2391 quanto
3377 2324 3542 2392 magis
3572 2324 3678 2376 Deo
3704 2338 3824 2392 gra-

2263 2410 2455 2461 Iiarum
2468 2409 2719 2461 “actiones
2752 2410 2968 2478 agendae
2994 2413 3160 2469 sunt?
3194 2413 3291 2477 Qui
3316 2413 3490 2466 omnia
3518 2412 3677 2473 dedit,
3704 2428 3823 2480 qua:

2264 2498 2314 2550 in
2345 2498 2444 2551 hoc
2471 2497 2666 2551 saeculo
2694 2498 2829 2551 bona
2863 2500 3126 2565 videntur,
3158 2503 3246 2569 qui
3274 2502 3451 2554 omnia
3481 2503 3699 2555 daturus
3741 2511 3824 2554 est

2260 2591 2419 2650 bona,
2460 2605 2577 2657 quae
2623 2590 2915 2647 desiderari
2967 2594 3057 2647 vcl‘
3080 2596 3262 2649 haberi
3298 2594 3365 2649 in
3406 2596 3585 2651 futuro
3624 2598 3819 2657 saiculn

2262 2694 2482 2750 possunt
2521 2700 2535 2736 :
2568 2686 2653 2739 ubi
2692 2686 2803 2754 ipse
2842 2688 2980 2739 Deus
3015 2687 3115 2738 erit
3140 2688 3316 2739 omnia
3348 2688 3399 2740 in
3435 2690 3700 2749 omnibus,
3731 2689 3818 2756 qui

2264 2778 2671 2846 nuncSingulis
2719 2778 3009 2831 secundum
3051 2793 3354 2831 mensuram
3410 2795 3521 2832 suae
3569 2781 3821 2833 bonitatis

2262 2865 2531 2919 distribuit
2563 2866 2775 2934 (Ep/tes.
2805 2881 2878 2928 tv,
2903 2866 2977 2933 7).
3026 2865 3173 2919 Tunc
3203 2867 3305 2920 erit
3350 2868 3525 2921 omnis
3562 2869 3769 2923 bonitas
3803 2908 3820 2933 ,

2260 2957 2435 3009 omnis
2473 2956 2768 3020 beatitudo,
2798 2956 2971 3009 omnis
2996 2955 3306 3010 sufﬁcientia
3342 2958 3391 3011 in
3431 2958 3695 3011 omnibus.
3741 2957 3819 3011 Ad

2262 3044 2417 3112 hujus
2444 3060 2568 3098 vero
2596 3061 2815 3098 summie
2862 3046 3207 3099 beatitudinis
3235 3056 3287 3098 et
3322 3046 3674 3101 indelicientis
3710 3048 3822 3116 glo-

2187 3146 2232 3207 ρ
2264 3135 2353 3186 rire
2382 3144 2501 3201 post
2530 3135 2737 3189 labores
2778 3135 2934 3204 hujus
2976 3136 3099 3187 vite
3142 3134 3450 3189 felicitatem
3494 3137 3632 3191 Deus
3666 3136 3820 3190 Jesus

2263 3230 2313 3272 te
2342 3223 2617 3288 pervenire
2639 3221 2819 3284 faciat,
2846 3223 3057 3275 domine
3081 3224 3566 3280 desiderantissime
3595 3235 3648 3281 et
3674 3227 3818 3279 omni

2262 3314 2461 3368 honore
2483 3315 2813 3383 dignissime.

2365 3427 2587 3481 Tribuat
2616 3429 2827 3483 divitias
2853 3445 3007 3483 veras
3027 3430 3141 3492 tibi,
3170 3416 3334 3483 David
3364 3443 3571 3494 amate,

2432 3515 2563 3570 Cum
2595 3518 2794 3571 sanctis
2818 3519 3019 3587 pariter
3041 3518 3288 3573 Christus
3316 3522 3368 3574 in
3400 3537 3522 3576 arce
3550 3522 3675 3591 poli.

2653 3649 2809 3720 134
2835 3662 2861 3690 ιι
2900 3649 3228 3706 EPISTOLA
3263 3652 3436 3707 CVIII.

2848 3761 2924 3813 An
2964 3777 3225 3815 ARNONEII.

2869 3876 3041 3943 (Anno
3065 3877 3211 3949 800.)

2230 4037 2237 4046 _
2265 3978 2517 4057 Hortatur
2546 3983 2688 4057 illuni
2728 3986 2782 4037 iit
2829 3986 3044 4041 Leonem
3071 4007 3255 4057 papam
3283 4003 3459 4047 contra
3490 3997 3815 4050 adrersarios

2326 4053 2588 4134 defendat.
2634 4052 2852 4134 "annos
2902 4058 2972 4134 ab.
3009 4052 3324 4134 subjectione
3341 4062 3616 4134 defecisse,
3648 4074 3693 4119 et
3725 4084 3818 4134 pn—

2327 4137 2487 4202 ggnas
2536 4129 2687 4173 tiores
2723 4122 3231 4202 littoraﬁquitimim
3270 4122 3515 4202 infestare
3562 4122 3813 4202 queritur.

2332 4189 2613 4267 Novanius
2635 4189 3463 4267 congregationemjnonacliorum
3489 4189 3669 4267 fecisse
3695 4214 3818 4253 nar—

2328 4256 2930 4336 rataﬁlnimohltemedio
2970 4273 3015 4336 et
3049 4256 3568 4336 “Paulinoepiscopis
3596 4269 3814 4323 salutem

2328 4324 2473 4376 dicit.
2503 4325 2578 4377 De
2610 4325 2852 4394 Elipunto
2888 4338 2933 4379 et
2962 4328 3136 4383 Felice
3163 4324 3399 4399 qumdain
3424 4324 3647 4390 nu'ntiat.

524 4466 527 4467 ν
606 4414 767 4518 habeat
791 4413 1145 4518 insidiatores.
1175 4414 1330 4517 Novit
1348 4417 1535 4518 itaque
1562 4422 1890 4489 providentia
1918 4425 2041 4489 Dei,
2069 4428 2154 4481 cui
2186 4461 2235 4518 ο
2329 4431 2552 4486 Domino
2597 4434 2903 4489 beatissimo
2944 4446 2997 4491 et
3027 4440 3215 4494 merito
3242 4454 3510 4513 perpetua:
3539 4448 3817 4501 charitatis

604 4503 819 4571 prodest
859 4504 1011 4574 longa
1039 4506 1397 4575 peregrinatio
1422 4508 1577 4576 hujus
1608 4511 1705 4567 viae
1727 4553 1740 4575 ,
1772 4513 1854 4566 cui
1900 4517 2156 4583 optimum

604 4606 687 4647 est
709 4596 815 4650 cito
840 4596 995 4665 hujus
1020 4600 1455 4667 peregrinationis
1483 4601 1692 4656 labores
1712 4604 1880 4657 linire.
1912 4606 2159 4661 Placeant

607 4685 759 4739 nobis
781 4686 978 4751 judicia
1002 4687 1115 4739 Dei.
1143 4686 1325 4740 Justus
1344 4699 1415 4740 est
1442 4690 1691 4744 Dominus
1721 4704 1767 4745 et
1798 4706 1933 4747 recta
1954 4696 2159 4763 judicia

605 4775 718 4844 ejus
773 4773 995 4845 (Psalm.
1049 4792 1234 4840 cxvm,
1286 4776 1427 4846 137).
1466 4779 1556 4831 Illa
1587 4795 1735 4833 mens
1774 4784 2001 4836 maxime
2052 4785 2159 4838 Deo

604 4864 798 4932 placet,
826 4864 911 4917 cui
939 4865 1117 4918 omnia
1144 4866 1236 4919 Dei
1273 4867 1549 4933 placabilia
1581 4869 1809 4936 placent.
1838 4870 2155 4938 Laudemus,

606 4970 845 5008 amemus
878 4961 931 5007 et
976 4968 1209 5016 oremus,
1238 4964 1297 5007 ut
1325 4971 1532 5025 semper
1559 4959 1651 5011 ﬁat
1679 4959 1920 5013 voluntas
1956 4961 2069 5028 eius
2106 4964 2158 5016 in

606 5040 778 5103 nobis,
809 5042 893 5093 cui
931 5055 1142 5109 semper
1182 5041 1320 5093 bona
1357 5044 1602 5109 placent;
1648 5054 1700 5099 et
1748 5048 1877 5101 nihil
1929 5051 2027 5103 nisi
2066 5066 2159 5119 per

604 5141 723 5178 cum
749 5128 868 5179 boni
895 5144 1177 5197 possumus
1199 5130 1415 5195 habere,
1445 5134 1717 5202 perlicere.
1744 5136 1797 5188 Si
1836 5138 2030 5191 bonum
2055 5148 2158 5205 est,

605 5216 647 5267 si
679 5216 903 5269 amabile
927 5226 1006 5271 est
1034 5220 1174 5287 quod
1199 5220 1483 5285 habemus,
1510 5224 1599 5277 ille
1635 5226 1905 5293 prmstavit
1933 5227 2159 5297 [praesti—

608 5300 691 5371 tit]
722 5303 894 5355 nobis.
924 5304 1001 5355 Illi
1026 5306 1221 5371 gratias
1249 5320 1488 5373 agamus,
1520 5309 1593 5363 illi
1624 5320 1731 5364 tota
1768 5314 1961 5366 mentis
1988 5315 2159 5369 inten-

609 5486 620 5497 _
680 5431 704 5457 ι
729 5418 871 5497 Edit.
889 5420 1277 5497 Mabill.19iubi
1304 5426 1425 5497 plus
1439 5427 1654 5497 dimidio
1667 5435 1907 5487 mutilata
1930 5445 1984 5489 et
2024 5440 2158 5494 alias

608 5486 915 5567 imperfecta
938 5499 1039 5543 est.
1073 5486 1320 5567 (Froben:
1490 5496 1749 5567 lntegram

607 5555 728 5636 cod.
756 5555 945 5636 Salisb_.
971 5573 1035 5612 ex
1063 5555 1169 5636 quo
1191 5555 1454 5632 descripta
1481 5555 1743 5636 suntvquze
1763 5555 2153 5631 ansulis—coiit}:

610 5630 817 5704 nentur:
847 5624 969 5704 Inde
990 5624 1111 5680 vero
1132 5630 1243 5704 jam
1265 5624 1472 5686 constat
1496 5650 1611 5688 eam
1639 5624 1740 5690 non
1764 5641 1828 5692 ad
1844 5624 2156 5699 Ilicbbodii-

612 5706 729 5744 nem
773 5691 1143 5749 Trevirensein
1164 5702 1499 5772 episcopum,
1548 5713 1606 5757 ut
1642 5717 1761 5774 post
1796 5691 2151 5767 iidiiiiib‘iiiﬁii.

2260 4522 2357 4575 alis
2387 4522 3050 4599 ainplectendoIAquilai]
3098 4533 3345 4602 episcopo
3399 4537 3614 4591 humilis
3656 4538 3811 4591 levita

2243 4609 2561 4682 —[Alcuinus]
2592 4614 2837 4667 salutem.

2328 4700 2639 4754 Dulcissima
2677 4703 2972 4757 litterarum
3000 4719 3291 4763 vestrarum
3344 4713 3568 4769 lectione
3608 4727 3663 4771 et
3690 4734 3814 4773 sua-

2259 4786 2475 4839 vissima
2511 4790 2885 4857 prosperitatis
2930 4803 3120 4850 vestne
3165 4800 3429 4866 legatione
3478 4804 3807 4869 Lctilicatus,

2258 4874 2408 4941 quasi
2448 4876 2586 4929 inter
2634 4877 2859 4933 febrium
2910 4885 3126 4940 ardores
3167 4888 3498 4959 refrigerium
3548 4896 3810 4961 quoddam

2258 4962 2385 5015 mihi
2414 4963 2735 5031 advenisset,
2766 4978 2821 5022 et
2868 4972 3260 5029 canicularilius
3305 4980 3552 5033 decoctus
3582 4974 3811 5036 ﬂammis

2258 5066 2377 5103 rore
2406 5052 2739 5108 salutationis
2767 5066 2957 5110 vestrae
2979 5059 3321 5128 refecillatus,
3352 5074 3493 5119 totus
3521 5053 3574 5119 in
3602 5082 3693 5135 spe
3718 5084 3807 5121 ro-

2258 5139 2475 5193 boratus
2523 5147 2865 5212 assurgcbam
2897 5151 3114 5205 audiens
3153 5154 3291 5220 quod
3339 5170 3548 5225 semper
3593 5162 3805 5227 optavi,

2258 5228 2434 5297 legens
2460 5231 2509 5282 in
2541 5231 2735 5288 litteris
2764 5238 2903 5304 quod
2931 5256 3141 5310 semper
3168 5244 3482 5311 desideravi,
3506 5251 3808 5318 apostolicae

2256 5318 2589 5375 auctoritatis
2616 5324 2838 5379 salutem
2867 5337 2921 5382 et
2945 5334 3295 5391 constantiam
3320 5338 3588 5406 religionis
3609 5350 3806 5395 sanctas

2254 5456 2435 5545 Callim
2454 5461 2750 5545 Litterariie
2769 5468 2997 5545 scriptor
3016 5476 3142 5545 tom.
3170 5472 3255 5537 IV’,
3278 5491 3395 5545 pag.
3422 5477 3543 5543 329,
3563 5478 3806 5535 autuma-

2254 5533 2357 5589 vit;
2390 5545 2502 5605 nec
2517 5533 2581 5586 ad
2606 5533 3316 5605 PaulinumAquileienseui,
3346 5533 3405 5599 iit
3428 5547 3494 5599 cl.
3525 5533 3806 5605 Madrisius

2254 5610 2371 5681 pag.
2400 5599 2507 5681 A251
2544 5602 2804 5681 optabat;
2862 5599 3061 5662 sed'ad
3112 5599 3353 5679 Aquilam
3398 5630 3490 5671 seu
3526 5599 3804 5676 massa;

2254 5668 2502 5733 scriptam
2540 5668 2720 5723 fuisse.
