4238 6228
428 389 529 444 3:25

1854 375 2224 430 EPISTULA-1.

3558 373 3656 425 526

384 559 388 563 .
429 510 478 561 iu
507 522 589 564 eo,
614 515 771 569 quem
794 512 814 538 ει
849 498 1209 551 confessorem
1257 497 1457 550 Christi
1489 494 1763 547 nominare
1802 474 1866 543 iet
1908 506 1997 540 ve-
2026 491 2072 545 Α
2102 497 2155 537 et
2186 497 2241 537 ut
2270 487 2477 567 illorum
2525 486 2644 537 talis
2674 487 2776 536 vita
2830 495 2989 538 (‘\\l‘i,
3047 494 3100 535 ut
3148 486 3437 550 potuissent
3475 498 3659 537 eoutta

426 592 601 646 nerari
636 590 883 642 omnibus
932 588 1132 641 Christi
1178 586 1432 639 Ecclesiis
1461 598 1669 652 aequum
1716 581 1992 639 arbitrar;

426 696 580 749 ciuus
608 678 946 747 praesentiam
977 692 1137 744 super
1158 690 1348 731 oumes
1372 676 1503 727 alios
1529 673 1687 739 hujus
1707 671 1828 723 vilic
1854 670 1998 721 viros

426 767 787 819 desiderarem
808 804 819 823 ,
856 765 897 817 si
937 764 1037 815 mei
1067 762 1364 829 corpusculi
1409 760 1655 813 valctmlo
1682 775 1764 810 me
1798 759 1997 807 sineret

424 858 700 923 perlicere.
753 853 928 922 [Quod
957 852 1188 905 maxima
1222 851 1384 903 animi
1414 850 1707 915 ‘cupiditate
1734 845 1821 896 diu
1860 844 1995 895 desi—
2024 894 2027 895 ,

423 945 693 1001 derabam,
732 943 782 994 in
815 949 1021 994 tantum
1052 950 1109 992 ut
1138 951 1240 993 tuze
1266 956 1389 993 vere
1422 939 1593 991 fateor
1623 938 1773 998 lidei;
1809 938 1851 989 si
1876 935 1996 987 talis

426 1048 576 1085 meus
615 1031 877 1098 potuisset
916 1030 1054 1096 apud
1107 1029 1264 1095 hujus
1308 1029 1682 1081 auctoritatem
1726 1024 1997 1093 profectus

424 1121 539 1172 ﬁcri
574 1119 829 1172 Ecclesiis
857 1116 1052 1170 Christi
1097 1118 1270 1185 qualis
1312 1104 1426 1168 mea
1478 1116 1695 1182 optabat
1742 1115 1951 1167 devotio
1981 1154 1994 1175 ,

426 1226 532 1278 ιιι-ω
546 1210 796 1262 onmibus
816 1207 994 1260 sa'euli
1014 1207 1220 1259 deliciis
1243 1215 1294 1273 et
1314 1206 1605 1267 honoribus
1622 1204 1737 1269 ejus
1759 1219 1996 1272 pnesm-

426 1300 513 1350 tia:
538 1306 718 1351 astare
741 1309 1129 1364 progronerem;
1155 1295 1196 1346 si
1224 1293 1466 1345 ﬁauunas
1488 1294 1651 1346 animi
1680 1294 1759 1345 sui
1790 1293 1998 1358 mitiga-

424 1404 483 1442 re
519 1387 649 1440 mihi
690 1386 954 1439 indultum
999 1396 1169 1446 esset,
1208 1394 1259 1436 et
1292 1384 1484 1437 litteris
1521 1386 1619 1437 sub
1664 1383 1779 1449 ejus
1828 1384 1995 1435 sancti

421 1477 657 1531 nominis
686 1476 1002 1529 auctoritate
1028 1490 1124 1542 per
1144 1476 1381 1527 diversas
1408 1475 1584 1527 mundi
1617 1474 1879 1541 regiones,
1908 1489 1997 1542 po-

423 1568 595 1637 pulos,
631 1566 938 1634 parochias,
966 1564 1209 1617 civitates
1248 1574 1301 1616 et
1330 1564 1632 1631 provincias
1661 1564 1861 1615 hortari
1890 1579 1901 1623 ;
1946 1570 1998 1613 et

426 1654 707 1728 catholica:
737 1654 857 1706 ﬁdei
888 1653 1125 1705 rationes
1148 1654 1392 1720 pluribus
1411 1666 1677 1721 exponere
1705 1653 1946 1719 person'es
1981 1668 1993 1712 ;

424 1755 479 1799 et
509 1745 813 1813 religiosam
864 1743 1280 1796 admonitionem
1313 1783 1326 1803 ,
1372 1743 1523 1811 juxta
1559 1741 1997 1795 consuetudinem

2101 576 2259 628 talem
2286 564 2653 629 auctoritatem
2692 585 2851 626 stare.
2889 574 3107 640 Insuper
3132 584 3183 624 et
3211 575 3259 626 in
3289 574 3404 628 aliis
3426 575 3661 640 legebam

2101 666 2396 717 eanonibus
2421 705 2434 727 ,
2475 657 2877 732 “apostolicam
2930 663 3108 713 sedem
3155 662 3486 728 judirial'iuiu
3524 678 3662 719 esse,

2102 770 2204 805 non
2227 754 2589 821 jmlieaudam.
2619 753 2739 804 lla-c
2766 752 2941 803 oiuuia
2978 760 3027 801 et
3062 753 3228 803 nutlto
3257 751 3403 816 plura
3450 752 3533 803 his
3573 769 3637 802 co
3700 760 3709 765 ‘

2100 847 2263 911 gitavi
2292 860 2386 912 per
2411 844 2665 912 epistolas
2689 859 2835 894 meas
2857 844 3180 893 demaudare
3208 842 3279 893 illi
3312 851 3530 908 propter
3554 841 3669 907 ejus

2100 934 2411 987 catholicam
2437 933 2777 985 charitatem.
2807 933 2936 995 Quis
2980 940 3151 997 potest
3186 931 3433 983 inunuuis
3460 947 3576 982 esse
3614 934 3666 983 iu

2102 1024 2336 1075 Ecclesia
2368 1023 2563 1076 Christi
2596 1034 2801 1090 pastor,
2833 1023 2876 1073 si
2910 1023 2993 1073 ille
3017 1040 3042 1071 a
3076 1022 3507 1074 uialel‘actoriluis
3537 1022 3667 1088 deji-

2100 1110 2255 1169 citur,
2286 1113 2375 1179 qui
2408 1120 2565 1178 caput
2609 1120 2691 1162 est
2731 1110 3091 1161 Ecclesiarum
3144 1111 3339 1162 tlhristi
3364 1112 3384 1159 ’ἔ
3416 1110 3524 1160 Suo
3572 1109 3669 1159 llo—

2100 1204 2246 1253 mino
2270 1202 2453 1261 stabit,
2503 1209 2591 1252 aut
2626 1201 2796 1251 cadet.
2833 1200 3001 1250 Stabit
3042 1216 3174 1257 rem,
3206 1209 3385 1265 potens
3417 1208 3487 1249 est
3536 1200 3669 1248 enim

2102 1294 2354 1345 Dominus
2379 1303 2601 1344 statuere
2633 1292 2775 1342 illaut
2805 1290 2979 1355 (llam.
3009 1290 3220 1367 χιι-πί).

2173 1385 2251 1437 Τιι
2283 1399 2437 1441 vero,
2487 1383 2558 1435 ﬁli
2608 1383 2946 1443 charissime,
2982 1382 3051 1433 lili
3097 1391 3338 1431 votorum
3390 1396 3627 1433 meorum
3660 1422 3671 1439 .

2105 1472 2200 1543 [ﬁli
2234 1472 2485 1524 Ecclesia-
2509 1470 2707 1523 Christi
2743 1470 2793 1521 iu
2822 1471 2945 1521 ovili
2979 1470 3117 1520 inter
3142 1486 3269 1520 oves
3292 1478 3503 1520 sanctas
3536 1470 3676 1521 Iilills

2103 1562 2390 1622 enutritus,
2418 1560 2483 1613 ad
2515 1574 2674 1627 quem
2705 1560 2940 1611 omnium
2988 1568 3262 1625 pastorum
3307 1568 3488 1624 pastor
3520 1559 3675 1609 tertio

2100 1648 2235 1701 dixit
2265 1649 2442 1718 (Joan.
2472 1664 2583 1710 xxi,
2617 1647 2809 1710 13,16,
2849 1648 2930 1713 Π)
2967 1662 2979 1697 :
3024 1646 3186 1697 Pasce
3228 1664 3339 1698 ores
3390 1647 3573 1714 meas].
3603 1648 3675 1697 la-

2103 1742 2229 1793 bora
2257 1756 2352 1807 pro
2380 1740 2571 1807 capitis
2603 1740 2675 1790 tui
2708 1738 2897 1799 salute,
2932 1756 3026 1805 pro
3050 1740 3239 1790 Summi
3274 1739 3505 1805 pastoris
3533 1740 3677 1789 ineo—

422 1847 733 1895 sanctorum
784 1834 1025 1896 Patrum,
1060 1834 1321 1886 chartulis
1368 1834 1600 1887 indicere
1636 1833 1994 1886 currentibus.
2034 1839 2075 1894 Β
2105 1832 2365 1891 lumitate,
2394 1846 2490 1898 pro
2517 1840 2715 1881 sanctae
2741 1830 2883 1882 sedis
2908 1846 2991 1880 am
3014 1831 3247 1888 toritate,
3279 1845 3375 1895 pro
3405 1831 3678 1881 ('allmlim'

426 1924 553 1988 Sed,
576 1934 633 1979 ut
674 1924 851 1987 video,
885 1924 1017 1976 meis
1054 1924 1153 1977 hoc
1181 1924 1594 1991 impedientibus
1622 1922 1853 1990 peccatis
1881 1922 1997 1973 ﬁeri

422 2017 651 2070 necdum
708 2014 905 2083 poterit
962 2022 1180 2083 pr0pter
1236 2014 1579 2082 fragilitatem
1650 2012 1998 2081 corpusculi,

424 2106 608 2160 multis
663 2104 1029 2158 molestiarum
1084 2104 1369 2157 sarcinulis
1405 2103 1731 2170 subgravati.
1780 2088 2002 2169 Insuper

424 2200 524 2253 nec
552 2196 640 2251 ille
672 2196 871 2263 aliquid
916 2195 1045 2247 mihi
1076 2193 1266 2247 exinde
1296 2194 1586 2256 mandavit,
1636 2194 1688 2245 in
1732 2192 1883 2259 cujus
1907 2206 2001 2260 po-

422 2294 618 2339 testate
638 2285 793 2353 juxta
818 2284 997 2339 seaculi
1027 2285 1338 2352 dignitatem
1370 2286 1472 2336 hoc
1502 2284 1731 2335 maxime
1764 2282 1878 2334 ﬁeri
1912 2283 2001 2334 de-

422 2376 540 2428 buit
563 2380 585 2426 :'
602 2390 700 2443 per
740 2374 875 2426 alios
902 2388 1030 2427 vero
1061 2374 1190 2425 mihi
1229 2372 1456 2424 ﬁrmiter
1481 2372 1580 2424 hoc
1616 2371 1907 2432 mandavit,
1942 2376 2001 2422 ut

425 2463 539 2515 ﬁeri
568 2462 857 2524 voluisset;
893 2462 920 2499 δ
943 2476 1039 2528 per
1060 2477 1116 2514 se
1136 2470 1313 2513 autem
1344 2461 1474 2513 nihil
1499 2460 1620 2512 inde
1650 2457 1782 2512 dixit

494 2550 736 2618 intelligo
770 2565 983 2618 quoque
1007 2550 1204 2603 multos
1232 2565 1351 2604 esse
1384 2552 1724 2604 :emulatores
1760 2550 1996 2619 ejusdem

424 2642 667 2712 pncdicti
706 2642 891 2694 domui
916 2641 1218 2709 apostolici,
1243 2642 1507 2709 deponere
1545 2658 1665 2695 eum
1699 2652 2002 2710 (ιιιωτριιιιις

424 2731 647 2785 subdola
690 2731 1033 2799 suggestione
1054 2774 1065 2793 ,
1096 2742 1115 2767 ο
1148 2731 1373 2784 crimina
1399 2731 1643 2784 adulterii
1678 2731 1757 2784 vel
1784 2732 2002 2800 perjurii

424 2822 501 2874 illi
534 2822 807 2889 imponere
835 2832 1138 2891 quaerentes
1166 2863 1178 2886 ,
1230 2833 1284 2877 et
1328 2834 1452 2877 tunc
1484 2822 1683 2894 [Fort.,
1709 2825 1788 2895 ut]
1818 2842 1999 2879 saera-

427 2919 608 2977 inento
645 2912 946 2980 gravissimi
978 2911 1327 2978 jurisjurandi
1376 2914 1441 2967 ab
1502 2914 1585 2967 his
1635 2928 1693 2967 se
1749 2925 2003 2984 purgaret

425 3000 743 3053 criminibus
761 3000 1075 3053 ordinantes
1099 3014 1111 3051 :
1139 3002 1215 3053 sic
1238 3002 1461 3054 consilio
1488 3013 1695 3056 secreto
1718 3005 2003 3059 suadentes

433 3096 491 3140 ut
538 3087 837 3155 deponeret
876 3088 991 3141 sine
1022 3087 1334 3155 juramento
1356 3090 1750 3157 pontiﬁcatum,
1774 3102 1828 3144 et
1852 3094 2001 3160 quic-

2106 1922 2225 1974 ﬁdei
2248 1922 2572 1989 integritate,
2596 1935 2660 1972 ne
2687 1920 2881 1987 lupinis
2910 1921 3175 1971 morsibus
3202 1931 3471 1987 pastorum
3503 1932 3682 1988 ptislm'

2104 2022 2303 2080 pateat.
2334 2013 2443 2081 Ego
2472 2028 2598 2065 vero
2626 2012 2841 2079 Optim:e
2868 2021 3057 2061 vestra-
3086 2011 3301 2077 pietatis
3342 2012 3678 2063 devotionem

2105 2103 2357 2172 lacrymis
2397 2118 2715 2171 prosequor,
2749 2104 3085 2154 orationibus
3130 2118 3386 2169 assequor
3419 2145 3430 2160 .
3474 2104 3680 2156 litiera-

2107 2208 2222 2245 τιτιιί
2253 2190 2520 2259 sull'ragiis
2549 2206 2867 2258 consequor.
2887 2193 3088 2244 Cautus
3104 2200 3218 2241 esto
3234 2194 3315 2242 cui
3340 2193 3681 2245 commendes

2106 2284 2326 2336 consilia
2358 2294 2468 2343 tua,
2494 2283 2744 2350 providus
2775 2284 2824 2335 in
2859 2284 3156 2349 responsis.
3190 2298 3343 2335 verax
3370 2284 3419 2334 in
3450 2282 3676 2348 illliit'iis,

2106 2374 2367 2426 sollicitus
2395 2375 2698 2426 discernere
2725 2413 2737 2435 ,
2774 2373 2901 2440 quid
2948 2373 3029 2425 cui
3085 2374 3359 2423 conveniat
3392 2413 3404 2435 ,
3437 2383 3484 2422 et
3526 2372 3679 2439 135

2108 2463 2212 2515 noli
2238 2463 2478 2515 oblivisci
2512 2472 2720 2529 patrem
2749 2463 2919 2521 senio,
2950 2462 3114 2513 lilium
3158 2464 3379 2519 meritis,
3415 2461 3431 2490 '
3457 2471 3676 2514 trairem

2107 2551 2391 2604 charitate.
2434 2551 2660 2603 \‘euiatf
2706 2549 2885 2602 veniat
2929 2542 3096 2617 [.llab.
3141 2548 3501 2617 venit-Ilieuim
3530 2551 3677 2606 ilics,

2107 2640 2231 2691 dum
2263 2640 2309 2691 ei
2354 2639 2613 2707 placuerit
2656 2638 2746 2705 qui
2781 2651 2968 2690 omnes
2992 2637 3253 2705 disposuit
3294 2639 3433 2695 dies.
3468 2637 3679 2704 quando

2108 2732 2263 2785 liceat
2292 2741 2503 2799 optatos
2529 2714 2806 2801 amplexus
2836 2730 2973 2797 patri
3007 2738 3060 2779 et
3098 2730 3204 2781 lilio
3234 2731 3556 2797 conjungere
3580 2771 3594 2789 ,
3627 2740 3680 2779 et

2107 2823 2310 2876 mutuis
2338 2822 2544 2888 seipsos
2571 2820 2851 2871 exhortari
2882 2818 3255 2871 collationibus
3283 2819 3452 2887 [Idem
3488 2836 3679 2871 conso-

2109 2913 2439 2983 Iatiouihus].

2178 3003 2379 3075 [Tertia
2429 3020 2586 3057 causa
2635 3014 2688 3056 tu
2719 3007 2742 3041 ε
2787 3003 2928 3057 fuisti
2982 3005 3186 3057 itineris
3222 3005 3343 3056 mei.
3376 3006 3549 3057 l‘riuta
3583 3006 3680 3055 fuit

2110 3096 2468 3150 Eeclcsiarum
2504 3095 2732 3155 Christi;
2760 3093 2990 3146 secunda
3038 3094 3215 3145 donmi
3250 3096 3408 3157 regis,
3458 3096 3579 3160 quia
3616 3096 3678 3145 .iu

432 3190 539 3231 tam
570 3178 624 3231 in
649 3179 888 3247 quolibet
915 3181 1243 3234 monasterio
1273 3190 1452 3249 ageret
1480 3182 1664 3245 vitam,
1697 3182 1839 3251 quod
1884 3199 1999 3236 om-
2028 3156 2075 3219 ε
2107 3186 2358 3253 laerymis
2378 3186 2402 3222 ὴ
2430 3186 2730 3251 laerymans
2752 3183 2928 3235 dimisi
2956 3198 3096 3243 enin,
3122 3183 3341 3249 cupiens
3368 3193 3680 3248 perpetuam

431 3270 555 3321 nino
578 3269 693 3321 ﬁeri
716 3284 819 3322 non
842 3270 1020 3333 debet,
1049 3286 1148 3324 nec
1174 3272 1259 3324 ille
1285 3273 1397 3341 ipse
1423 3275 1745 3336 consentire,
1780 3290 1838 3327 se
1864 3290 1999 3342 quo-

429 3359 558 3415 libet
581 3370 919 3415 sacramento
938 3358 1327 3429 censtringere,
1346 3372 1436 3415 aut
1465 3368 1643 3418 sedem
1669 3381 1819 3418 suam
1852 3367 2003 3418 amit-

426 3461 562 3502 tere.
582 3449 985 3517 Responderem
1010 3467 1105 3520 pro
1122 3453 1271 3515 eo,»si
1298 3469 1361 3505 ex
1386 3453 1551 3507 latere
1563 3454 1676 3522 ejus
1693 3456 1961 3508 stetissent
1983 3474 1993 3508 :

427 3536 530 3601 Qui
552 3538 663 3590 sine
686 3547 997 3605 peccatoeat
1028 3550 1270 3603 vestrum,
1292 3542 1487 3608 primus
1516 3542 1567 3595 in
1598 3541 1743 3594 illum
1774 3542 1997 3611 lapidem

426 3626 597 3678 mittat
626 3624 813 3695 (Joan.
834 3642 953 3689 \‘tlt,
986 3627 1061 3697 7).

498 3715 712 3770 Memini
745 3733 829 3770 me
858 3717 1053 3787 legisse
1073 3720 1365 3787 quondam,
1390 3720 1433 3774 si
1461 3721 1560 3773 rite
1588 3721 1861 3784 recordor,
1890 3721 1913 3759 ιι
1944 3722 1997 3774 ἰιι

426 3804 735 3858 (Ianonibus
786 3806 928 3859 beati
966 3806 1209 3862 Silvestri
1242 3850 1254 3871 ,
1310 3826 1413 3862 non
1453 3812 1630 3864 minus
1668 3811 1735 3864 7‘2
1770 3811 1999 3865 testibus

426 3892 734 3957 pontiﬁcem
763 3896 1120 3949 accusandum
1152 3913 1293 3960 eSse,
1328 3909 1379 3952 et
1411 3901 1612 3968 judicio
1638 3903 1949 3969 pnesentari
1980 3918 1991 3929 ·

548 4044 904 4113 Confessorem
924 4044 1135 4120 Christi.
1158 4047 1676 4120 Nimirum_Lconem
1701 4051 1764 4103 Ill
1783 4067 1995 4120 papam,

430 4124 487 4167 ut
515 4106 917 4183 ipsecontextus
932 4116 1169 4183 epistola:
1188 4106 1537 4171 demonstrat.
1562 4106 2000 4174 Confessor'veio

430 4132 487 4167 ιιι
515 4132 962 4183 ipseconteste
1002 4132 1169 4169 moue
1188 4132 1537 4171 demonstrat.
1562 4132 1851 4174 uontessor
1872 4138 2000 4174 vero

428 4184 642 4246 dicitur,
674 4184 797 4266 quia
826 4200 924 4254 pro
959 4132 1174 4266 (ξιιμ-ὶδιᾳ
1203 4189 1629 4266 persecutionem
1661 4198 1715 4244 et
1736 4199 2000 4243 tormenta

426 4268 615 4326 passus
668 4261 780 4326 est_,
832 4256 1079 4326 quamvis
1134 4256 1323 4308 deinde
1381 4258 1719 4326 tranquillam
1774 4267 2000 4313 mortem

425 4322 640 4396 obierat.
668 4339 699 4396 ἰ
732 4322 1027 4396 Confessio,
1061 4325 1233 4391 inquit
1283 4335 1501 4396 sanctus
1521 4322 1829 4396 Cyprianus
1876 4329 1995 4383 libr.

426 4390 493 4464 de
517 4389 867 4457 Simplicitate
891 4388 1103 4443 Prarlat.
1128 4388 1405 4464 exordium
1430 4404 1511 4449 est
1532 4388 1712 4464 gloria:
1730 4437 1742 4457 ,
1768 4414 1871 4449 nou
1895 4413 2001 4449 me-

2108 3275 2304 3328 lmtitiae
2329 3274 2469 3326 illius
2495 3274 2809 3325 memoriam
2840 3272 3029 3323 anima:
3057 3288 3186 3322 mea:
3219 3271 3543 3331 inscribere;
3574 3280 3681 3323 ter-

2108 3366 2175 3417 tia
2229 3364 2590 3418 dulcissimam
2636 3362 2918 3415 charitatis
2966 3370 3067 3412 tua:
3122 3360 3299 3411 videre
3336 3359 3555 3421 faciem;
3588 3360 3682 3413 sed

2102 3455 2405 3523 prohibitus
2452 3468 2567 3505 smn
2613 3467 2783 3519 usque
2813 3452 2989 3504 adlmc
3024 3459 3081 3502 ut
3114 3451 3283 3509 ﬁeret,
3336 3451 3477 3517 quod
3528 3448 3681 3505 valde

2102 3542 2280 3607 optavi
2308 3550 2365 3594 ut
2393 3541 2561 3593 ﬁeret.
2588 3540 2703 3592 Erit
2733 3540 2908 3608 itaque
2936 3556 3032 3608 per
3071 3547 3279 3592 vestras
3320 3549 3533 3592 sanctas
3552 3542 3681 3589 'ora-

2104 3631 2295 3692 tiones,
2342 3632 2465 3684 dum
2509 3631 2555 3683 ei
2588 3629 2867 3697 placuerit,
2908 3631 3022 3680 sine
3077 3643 3181 3695 quo
3228 3629 3357 3681 nihil
3393 3630 3515 3680 boui
3565 3630 3681 3680 ﬁeri

2101 3719 2316 3785 poterit.
2354 3721 2365 3757 ί
2407 3718 2640 3784 Epistola
2674 3732 2801 3769 vero
2824 3717 2969 3784 prior
3004 3732 3120 3783 qua:
3148 3717 3213 3769 ad
3242 3732 3337 3768 uos
3377 3719 3475 3768 sub
3500 3725 3679 3769 vestro

2103 3810 2316 3861 nomine
2342 3810 2607 3877 pervenit,
2660 3808 3023 3875 querimonias
3070 3806 3326 3875 quasdam
3370 3808 3570 3861 habens
3615 3808 3679 3859 de

2103 3900 2340 3959 moribus
2369 3899 2661 3966 apostolici,
2690 3909 2745 3951 et
2776 3900 2839 3951 de
2862 3899 3098 3966 periculo
3128 3912 3217 3952 tuo
3237 3899 3374 3967 apud
3398 3915 3517 3952 eum
3551 3900 3673 3966 pro—

2102 4053 2180 4131 ad.
2196 4054 2470 4132 supposita
2496 4053 2563 4105 ab
2589 4052 2787 4104 Isidore
2821 4051 3115 4105 Mercatore
3163 4052 3401 4105 referunt
3438 4052 3675 4104 moderni

2106 4130 2301 4173 critici.
2824 4172 2831 4173 ,
3562 4154 3587 4170 χ

2177 4202 2198 4227 ο
2223 4189 2568 4258 Apostolicam
2611 4191 2847 4242 sedem...
2880 4206 2979 4241 non
2999 4190 3366 4258 judicaudam.
3415 4188 3489 4240 Ex
3520 4204 3676 4256 syno-

2106 4260 2194 4336 do,
2219 4261 2318 4336 abs
2338 4260 2520 4321 dubio,
2568 4259 2995 4336 Sinuessanain
3023 4274 3181 4336 causa
3210 4258 3516 4336 Illarcelliui
3544 4274 3675 4336 pon—

2106 4328 2263 4381 tiﬁcis
2306 4338 2491 4381 coacta
2535 4344 2676 4382 anno
2700 4328 2802 4383 505
2847 4328 3055 4383 Aleuini
3092 4328 3369 4381 consilium
3408 4327 3673 4394 archiepi-

2105 4398 2249 4465 scopi
2272 4407 2323 4449 et
2353 4398 2609 4465 episcopi,
2642 4399 2779 4451 inter
2803 4413 2937 4465 quos
2966 4398 3109 4450 Arno
3140 4398 3326 4455 fuerat,
3363 4395 3529 4447 secuti
3554 4409 3675 4461 pro-

426 4458 586 4536 ritnm
612 4472 860 4521 coronae;
894 4474 999 4512 non
1041 4459 1251 4528 perﬁcit
1280 4462 1513 4525 laudem,
1535 4458 1650 4517 ἐεά
1700 4465 1875 4517 initiat
1907 4466 1989 4518 di-‘
2022 4476 2076 4536 υ
2104 4458 2415 4536 nuntiarunt
2444 4458 2889 4536 :_1>setlém
2920 4466 3263 4536 apostolicam
3288 4503 3302 4524 ,
3350 4478 3494 4536 que
3516 4458 3677 4531 caput

428 4527 706 4593 gnitatem.
742 4546 763 4577 ο

496 4596 521 4634 ιι
562 4595 664 4647 Per
688 4612 741 4648 se
769 4606 940 4649 autent
971 4597 1099 4649 nihil
1134 4598 1253 4651 inde
1277 4598 1426 4651 dixit.
1459 4600 1533 4652 Ex
1576 4600 1677 4653 hoc
1704 4600 1821 4653 loco
1842 4600 1991 4655 colli-

424 4679 512 4731 go,
543 4665 685 4732 quod
715 4665 969 4739 A_lc‘uinus
989 4668 1267 4739 epistolam
1296 4670 1457 4739 regis,
1488 4684 1591 4737 qua
1619 4670 1689 4721 illi
1735 4689 1751 4719 ι
1800 4672 1996 4739 impro—

426 4743 596 4799 perat,
623 4734 763 4800 quod
801 4734 944 4787 l'umo
969 4737 1237 4790 sordentia
1266 4734 1606 4791 Τιιιῖοιιοίιιιιι
1636 4749 1773 4793 tecta
1796 4734 1997 4792 auiatis

429 4802 788 4877 Romanorum
813 4803 1028 4877 arcibus
1069 4816 1423 4877 pneppueret,
1467 4828 1484 4859 ι
1521 4809 1645 4860 dum
1678 4819 1995 4877 pnesentem

426 4870 708 4931 scriberet,
732 4870 966 4922 nondum
992 4870 1279 4939 acceperit.

498 4950 519 4976 ο
561 4940 917 5000 (loncordant,
946 4955 1064 5008 qua:
1103 4941 1264 4994 refert
1299 4944 1608 4999 Anastasius
1645 4946 1894 4999 Biblioth.
1946 4948 1996 4998 in

429 5008 563 5083 Vita
594 5008 788 5060 Leonis
920 5011 1001 5063 his
1045 5011 1222 5063 verbis
1254 5029 1263 5062 :
1299 5012 1432 5064 Dum
1475 5014 1526 5065 in
1576 5030 1769 5083 magno
1799 5017 1999 5068 honore

428 5076 564 5143 apud
590 5091 773 5153 seper
811 5078 1139 5153 aiiquantum
1172 5088 1379 5153 tempus
1418 5076 1854 5153 eum_(Lcoucm)
1890 5086 2000 5153 ipse

428 5098 564 5143 apuu
590 5098 773 5155 seper
811 5098 1139 5146 auquantum
1172 5098 1379 5201 ιιειιιῗιιδ
1418 5098 1538 5135 cum
1575 5098 1854 5151 (Leonem)
1890 5101 1997 5153 ipse

428 5158 805 5223 serenissmius
831 5162 923 5223 rex
945 5149 1246 5223 habuisset,
1325 5164 1401 5201 :ec
1430 5151 1633 5223 praefati
1660 5153 1857 5221 iniqui.
1880 5193 1891 5204 .
1912 5192 1925 5203 .
1946 5193 1957 5204 .
1982 5192 1997 5205 .

430 5211 597 5290 moliti
619 5220 760 5264 sunt.
892 5216 1018 5290 falsa
1037 5287 1045 5290 _
1064 5217 1319 5271 adversus
1346 5211 1742 5273 sanctissimum
1757 5211 1771 5221 ’
1788 5222 2001 5289 pontiﬁ—

429 5295 544 5359 cem
587 5286 865 5349 imponere
896 5286 1229 5359 crimina,_et
1259 5297 1377 5355 post
1409 5302 1529 5340 eum
1586 5292 1651 5341 ad
1686 5286 1999 5358 prmilictum

429 5355 640 5429 mittere
670 5365 869 5431 regem,
895 5355 1033 5431 quod
1054 5357 1279 5431 probare
1304 5372 1637 5424 nequaquam
1668 5355 1997 5431 potuissent;

430 5421 561 5491 quia
580 5433 677 5486 per
695 5421 987 5491 insidiaset
1015 5421 1316 5491 iniquitates
1358 5421 1562 5487 eorum,
1609 5421 1735 5479 talia
1784 5444 1880 5480 nec
1924 5421 1998 5480 di;

432 5488 619 5608 ιοιξὲιιίιι
646 5498 886 5541 Sanctam
916 5488 1209 5545 Eeclesiam
1250 5495 1530 5547 humili-are
1558 5496 1797 5548 volentes
1826 5496 2001 5563 profe-

435 5569 489 5606 re
530 5564 593 5606 an
625 5594 640 5608 .
674 5577 689 5591 ·
852 5590 855 5591 ν

435 5564 640 5608 rebant.
674 5577 689 5591 ·
852 5590 855 5591 ν

494 5624 646 5693 I37
659 5625 685 5663 ἀ
703 5624 768 5677 1η
785 5624 1077 5699 Curionibus
1093 5629 1223 5681 beati
1240 5630 1491 5684 εἰᾶσθαι-ἱ.
1510 5633 1563 5683 In
1579 5631 1791 5699 Synodo
1811 5632 2002 5684 Roma-

435 5704 519 5751 na,
542 5707 689 5759 puto,
735 5696 834 5748 sub
868 5696 1124 5749 Silvestre
1144 5714 1276 5766 papa
1336 5702 1498 5768 (Zujus
1527 5696 1699 5753 tanien
1729 5702 1998 5755 decretum

2098 4543 2179 4586 est
2201 4534 2436 4585 omnium
2462 4532 2555 4584 Dei
2582 4531 2965 4595 Ecclesiarum,
2991 4534 3233 4600 judicare
3263 4547 3365 4584 non
3394 4531 3669 4583 audemus.

2099 4602 2230 4654 Nam
2272 4602 2339 4653 ab
2370 4602 2481 4669 ipsa
2522 4618 2618 4655 nos
2654 4618 2840 4655 omnes
2881 4611 2934 4655 et
2962 4604 3163 4656 vicario
3208 4617 3304 4654 suo
3333 4601 3669 4667 judicamur;

2098 4672 2210 4750 ipsa
2266 4679 2441 4723 autem
2484 4673 2761 4750 aui-emine
2802 4672 3102 4750 judicatur,
3148 4671 3594 4750 quemadmodum
3622 4681 3677 4721 et

2098 4740 2349 4807 antiquus
2372 4754 2486 4794 mos
2518 4740 2637 4803 l'uit,
2665 4752 2767 4794 etc.
2804 4762 2820 4790 ι
2853 4741 3038 4793 Auast.
3067 4742 3101 4792 l.
3131 4740 3223 4792 cit.
3258 4740 3444 4807 Deliis
3474 4740 3669 4807 aciliu-

2094 4805 2323 4875 jusmodi
2370 4810 2662 4862 eanonibus
2688 4810 2905 4861 consule
2940 4808 3152 4860 Petrum
3202 4808 3266 4859 de
3306 4805 3482 4859 Marca
3530 4806 3670 4857 (ἰυιι-

2100 4878 2246 4929 cord.
2283 4877 2501 4932 Sacerd.
2534 4879 2623 4930 lib.
2653 4895 2703 4940 ι,
2740 4893 2855 4944 cap.
2892 4877 2944 4927 ll
2981 4884 3035 4925 et
3061 4876 3211 4927 alios.

2177 4946 2194 4983 ί
2225 4946 2464 4998 Fratrem
2500 4947 2770 4997 charitate.
2804 4945 2919 4996 Vid.
2951 4945 3106 5011 epist.
3135 4944 3200 4996 76
3224 4944 3385 5011 (nunc
3408 4944 3518 5005 9|).

2176 5017 2199 5053 ε
2234 5014 2425 5067 Fuisti.
2473 5014 2775 5082 Legendum
2820 5013 3019 5073 forsan,
3052 5014 3269 5079 fuisses;
3317 5013 3551 5082 itineris,
3608 5014 3674 5063 ad

2102 5084 2243 5152 quod
2297 5081 2565 5151 superius,
2593 5084 2802 5135 dixerat
2851 5098 2908 5135 se
2953 5093 3199 5134 vocatum
3248 5095 3340 5134 seu
3387 5081 3671 5132 invitatum

2103 5152 2285 5205 fuisse.
2376 5208 2379 5211 _

2173 5221 2198 5258 δ
2220 5221 2535 5286 Lacrymans
2563 5220 2736 5271 dimisi
2765 5236 2899 5272 eum.
2929 5220 3124 5288 Regem
3147 5218 3399 5272 nimirum
3423 5221 3668 5275 Turonis.

2105 5304 2209 5357 quo
2259 5300 2501 5341 sanctum
2532 5288 2814 5341 Martinutn
2844 5297 3193 5343 veneraturus
3239 5288 3341 5341 hoc
3388 5304 3527 5340 anno
3570 5288 3674 5338 800

2106 5368 2352 5413 venerat,
2397 5358 2697 5409 abeuntem.

2182 5428 2193 5464 ί
2248 5424 2477 5491 Epistula
2506 5426 2667 5491 prior.
2713 5425 2834 5477 llaec
2876 5425 3105 5478 Arnonis
3135 5427 3201 5479 ad
3238 5424 3517 5477 Alcuinum
3555 5423 3639 5489 epi

2105 5494 2263 5553 stola,
2295 5492 2516 5543 crimina
2541 5492 2623 5543 illa
2654 5493 2815 5545 Leoni
2842 5495 2903 5546 111
2929 5510 3076 5560 papa:
3108 5494 3238 5547 falso
3265 5493 3507 5558 imposita
3540 5506 3638 5542 con

2013 5578 2023 5591 ι
2108 5564 2282 5615 tinens
2318 5562 2385 5611 ab
2425 5561 2539 5627 ipso
2577 5561 2829 5623 Alcuino,
2882 5559 2949 5615 ne
3007 5564 3127 5615 inde
3176 5560 3481 5627 scandalum
3532 5559 3670 5623 apud

2108 5632 2326 5748 ignarosl
2353 5629 2792 5747 Olririputuisset,
2823 5632 2927 5699 igni
2970 5633 3160 5685 tradita
3193 5640 3291 5687 est,
3323 5636 3374 5678 ut
3402 5626 3513 5693 ipse
3544 5643 3671 5678 con-

2109 5708 2286 5748 textus
2334 5706 2490 5748 laici.

2109 5708 2286 5751 textus
2314 5706 2490 5748 habet.
