4238 6192
484 331 583 384 529

1900 337 2268 394 1⁸29181⁵0ιῶ.

3589 342 3690 396 830

480 440 691 509 quentia
706 455 800 494 sua
820 442 937 495 etin
960 440 1174 517 floribus
1192 442 1501 506 dictionum,
1518 446 1638 498 etin
1662 446 1781 499 fidei
1806 448 2031 509 ratione,
2062 451 2109 507 Α
2136 446 2383 513 subjiciat
2408 456 2592 516 gentes
2617 465 2629 511 ;
2667 457 2723 502 et
2765 448 3082 502 suavissimo
3111 461 3219 500 sua:
3243 446 3541 503 dilectionis
3560 450 3688 523 jugn

478 533 533 580 et
556 526 609 579 in
640 527 1063 581 testimoniorum
1088 528 1425 594 auctoritate,
1456 531 1529 584 ita
1554 540 1613 584 ut
1634 531 1766 585 nihil
1794 533 1879 586 his
1906 533 2030 587 addi

476 613 543 667 de
580 614 959 682 quaestionibus
1005 629 1173 683 nuper
1215 615 1411 671 habitis
1447 618 1585 671 inter
1630 634 1726 673 nos
1754 629 1808 674 et
1849 630 2032 689 partes

476 702 771 759 Felicianas
790 720 924 773 opus
952 719 1069 759 esse
1097 706 1418 760 arbitrabar.
1450 709 1517 761 Et
1543 708 1671 763 felix
1695 720 1777 765 est
1793 711 2028 766 Ecclesia

474 792 803 862 populusque
848 793 1205 858 Christianus,
1234 797 1467 863 Quandiu
1514 796 1657 869 [cum
1688 800 1880 853 domno
1906 815 2029 869 rege

474 878 579 951 vel]
617 896 780 934 unum
809 880 966 936 talem
990 880 1209 935 habebit
1233 882 1566 938 defensorem
1590 885 1708 940 fidei
1733 888 2024 941 catholicas.

471 967 603 1039 [Sed
619 968 792 1024 adhuc
821 978 1058 1027 remanet
1080 969 1279 1039 aliquid
1305 971 1623 1027 faciendum.
1657 974 1790 1028 Nam
1812 977 2027 1044 quidam

474 1060 761 1128 Elipandus
793 1047 1059 1115 Toletanze
1102 1062 1350 1127 civitatis,
1383 1066 1595 1121 nomine
1642 1082 1745 1121 non
1774 1068 2030 1137 dignitate

469 1148 771 1217 episcopus,
801 1148 855 1201 in
894 1148 1143 1202 damnata
1170 1152 1409 1219 synodali
1455 1155 1772 1208 auctoritate
1811 1165 1866 1209 et
1899 1172 2027 1225 apo-

470 1235 659 1290 stolica
678 1250 905 1290 censura
934 1237 1125 1291 hmresi
1153 1249 1448 1307 permanet.
1484 1241 1633 1297 Sciat
1680 1252 1858 1299 tamen
1894 1245 2027 1299 dile-

468 1323 576 1377 ctio
601 1330 801 1387 vestra,
828 1324 969 1391 quod
996 1325 1136 1378 filius
1164 1336 1346 1380 noster
1370 1341 1393 1369 ι
1428 1329 1721 1384 Laidradus
1744 1333 2027 1401 episcopus

471 1410 637 1464 frater
679 1418 872 1473 vester,
905 1428 1153 1482 magnum
1196 1415 1490 1483 profectum
1539 1420 1590 1472 in
1621 1419 1723 1472 illis
1763 1422 2024 1488 partibus,

468 1499 577 1552 Deo
604 1499 853 1563 donante,
896 1502 1005 1569 egit
1048 1504 1391 1574 quotidieque
1444 1509 1571 1577 agit.
1603 1508 1673 1563 Ut
1717 1511 1846 1564 mihi
1896 1527 2025 1566 vere

469 1588 722 1643 dixerunt
740 1605 807 1644 ex
831 1591 935 1646 illis
974 1592 1215 1662 partibus
1262 1597 1361 1650 viri
1402 1598 1633 1669 religiosi
1682 1608 1737 1654 et
1784 1616 2020 1666 veraces,

468 1693 639 1748 usque
669 1679 857 1750 viginti
899 1681 1065 1735 millia
1093 1686 1335 1739 conversi
1382 1695 1506 1740 sunt
1553 1690 1692 1745 inter
1720 1692 2020 1761 episcopos,

2133 536 2187 588 in
2207 534 2508 589 Christiana
2540 535 2642 591 ﬁde
2672 536 3029 591 ferocissimos
3068 536 3315 603 subjiciat
3358 538 3593 604 animos,
3632 552 3696 595 ut

2135 621 2295 692 138
2322 624 2466 678 solus
2497 625 2635 678 Deus
2679 634 2734 677 et
2764 623 3019 678 Dominus
3060 634 3237 677 noster
3269 622 3425 681 .lesus
3449 625 3696 682 Christus

2131 714 2399 779 credatur,
2437 716 2669 774 colatur,
2721 724 2878 784 atque
2904 724 3131 769 ametur.
3167 718 3356 771 Vestra
3397 718 3691 773 clarissima

2131 801 2390 873 [potestas
2416 814 2473 859 et
2498 805 2856 877 sanctissima]
2887 806 3131 858 voluntas
3158 807 3209 859 in
3239 807 3339 860 hoc
3368 809 3510 861 omni
3546 807 3693 861 labo-
3734 886 3737 890 ι

2130 902 2213 946 ret
2249 896 2421 948 studio
2440 936 2454 958 ,
2487 904 2545 962 ut
2567 895 2765 949 Christi
2794 911 2987 949 nomen
3014 896 3358 960 clariﬁcetur,
3389 909 3443 952 et
3462 899 3579 969 ejus
3609 900 3691 953 di-

2129 981 2250 1033 vina
2284 991 2517 1050 potestas
2540 999 2637 1052 per
2662 983 2985 1037 fortitudinis
3012 994 3201 1039 vestrm
3231 986 3529 1055 triumphos
3552 986 3688 1041 mul~

2130 1070 2201 1123 tis
2224 1078 2488 1125 terrarum
2520 1075 2697 1142 regnis
2720 1075 3020 1129 innotescat
3051 1094 3063 1127 :
3099 1085 3363 1145 quatenus
3392 1093 3495 1131 non
3519 1078 3688 1132 solum

2130 1161 2437 1229 magnitudo
2481 1165 2765 1231 potestatis
2803 1172 2852 1217 te
2882 1179 3060 1234 regem
3102 1165 3378 1231 ostendat,
3408 1168 3501 1221 sed
3526 1168 3689 1222 etiam

2130 1250 2381 1303 instantia
2424 1252 2718 1306 seminandi
2747 1255 2893 1308 verbi
2924 1255 3107 1336 Dei.in
3138 1256 3294 1310 laude
3322 1258 3554 1313 nominis
3592 1258 3693 1311 Do-

2136 1340 2265 1393 mini
2308 1342 2476 1396 nostri
2506 1340 2629 1395 Jesu
2660 1341 2858 1397 Christi
2898 1345 3299 1413 praedicatorem
3326 1345 3537 1401 efficiat.
3571 1347 3694 1403 Ideo

2127 1426 2305 1479 divina
2333 1435 2385 1481 te
2404 1429 2575 1497 gratia
2606 1431 2689 1483 his
2716 1431 2923 1485 duobus
2948 1432 3259 1488 mirabiliter
3286 1433 3485 1489 ditavit
3502 1450 3688 1490 mune—

2126 1515 2293 1576 ribus,
2328 1516 2379 1569 id
2405 1526 2490 1571 est
2510 1558 2524 1581 ,
2553 1528 2778 1574 terrena:
2809 1518 3075 1574 felicitatis
3099 1522 3324 1590 imperio
3351 1532 3406 1585 et
3431 1526 3688 1593 spiritalis

2127 1603 2397 1670 sapientia
2436 1603 2734 1668 latitudine,
2765 1614 2823 1658 ut
2849 1606 2901 1659 in
2942 1615 3168 1676 utroque
3214 1606 3487 1677 proficias,
3520 1613 3689 1666 donec

2129 1690 2194 1743 ad
2226 1698 2439 1746 mternte
2469 1693 2820 1747 beatitudinis
2850 1697 3129 1763 pervenias
3148 1680 3492 1753 ‘felicitatem.
3532 1700 3697 1755 Parce

467 1767 789 1831 sacerdotes,
837 1770 1144 1834 monachos,
1177 1773 1455 1853 populum,
1481 1776 1627 1831 viros
1673 1787 1728 1831 et
1775 1777 2021 1845 feminas,
2058 1774 2320 1849 Bpopulo
2342 1779 2480 1854 [tuo]
2507 1781 2831 1849 Christiano,
2861 1795 2915 1839 et
2941 1786 3208 1841 Ecclesias
3226 1786 3425 1844 Christi
3448 1791 3696 1856 defende,

464 1853 776 1936 plangentes
799 1857 1082 1925 pristinum
1122 1875 1358 1915 errorem
1394 1849 1804 1935 gaudentesque,
1846 1870 2023 1936 quoti-

464 1931 551 1996 die
599 1942 709 1997 Deo
737 1952 953 2013 agentes
991 1948 1191 2015 gratias
1220 1948 1272 2001 in
1302 1931 1569 2020 agnitione
1596 1931 1837 2009 veritatis
1863 1931 1920 2010 et
1970 1956 2023 2009 in

466 2030 729 2087 catholica
756 2032 876 2087 fidei
926 2033 1198 2091 firmitate.
1250 2037 1325 2107 De
1374 2038 1489 2106 ipso
1520 2039 1694 2096 Felice
1714 2041 1825 2109 jam
1875 2045 2025 2113 prius

466 2132 559 2190 per
583 2121 789 2177 litteras
814 2130 1042 2185 nostras,
1076 2124 1157 2179 vel
1179 2127 1348 2195 magis
1375 2128 1596 2183 aliorum
1620 2131 1898 2195 relatione,
1925 2150 2024 2189 au-

467 2212 592 2266 disti
620 2212 749 2282 quid
766 2221 972 2282 gestum
1000 2212 1117 2278 fuit,
1145 2223 1201 2269 et
1226 2218 1383 2271 modo
1398 2217 1498 2272 fuit
1520 2221 1586 2274 ad
1606 2220 1860 2277 Sanctum
1883 2224 2023 2277 Mar-

360 2322 367 2327 -
468 2299 635 2353 tinum
674 2302 811 2371 apud
848 2302 1126 2369 prmfatum
1155 2304 1182 2343 δ
1222 2304 1386 2365 filium
1418 2312 1687 2376 nostrum;
1716 2321 1770 2367 et
1797 2315 2021 2368 multum

466 2396 611 2442 amat
631 2402 737 2453 me,
769 2391 1247 2460 totumqueodium
1279 2394 1417 2463 quod
1459 2396 1644 2451 habuit
1690 2399 1743 2453 in
1791 2416 1877 2455 mc
1902 2417 2021 2468 ver-

366 2506 371 2511 ι
466 2491 582 2529 sum
631 2484 716 2530 est
761 2478 814 2531 in
864 2478 1144 2533 cbaritatis
1204 2481 1580 2557 dulcedinem]
1636 2486 1786 2553 Quod
1824 2493 2018 2560 rogasti

469 2562 767 2618 litterarum
793 2573 1098 2619 nostrarum
1144 2570 1282 2624 serie
1328 2574 1520 2641 szepius
1564 2583 1708 2630 tuam
1753 2579 2020 2647 appellare

465 2654 822 2717 sanctitatem,
874 2657 1027 2710 testis
1077 2666 1159 2711 est
1198 2660 1335 2716 Deus
1385 2665 1564 2723 cordis
1606 2668 1710 2721 mei
1762 2677 2018 2737 quantum

467 2743 569 2797 hoc
592 2745 854 2810 desidero,
887 2756 944 2800 ut
969 2749 1161 2816 szepius
1200 2750 1291 2805 fiat
1336 2755 1622 2810 secundum
1654 2761 2018 2827 Opportunita~

468 2840 571 2887 tem
595 2836 848 2904 temporis
872 2844 926 2891 et
948 2840 1235 2907 portitoris,
1260 2851 1449 2911 optans
1467 2853 1527 2899 ut
1554 2862 1636 2901 me
1664 2848 1862 2904 habeas
1889 2866 2021 2919 pm

466 2932 667 2978 sentem
693 2923 746 2977 in
767 2924 961 2978 litteris
981 2928 1114 2981 meis
1150 2937 1210 2981 nt
1238 2931 1368 2985 nihil
1397 2935 1551 2988 nobis
1578 2935 1717 2991 desit
1756 2938 1808 2992 in
1836 2941 2017 2995 chari-

466 3014 588 3068 tatis
606 3017 977 3072 communione
1004 3026 1195 3089 prater
1225 3020 1499 3077 oculorum
1527 3030 1881 3093 praesentiam.
1911 3031 2019 3088 Sed

462 3102 551 3158 his
584 3104 749 3159 multo
780 3107 947 3173 major
973 3117 1055 3163 est
1082 3118 1137 3163 et
1155 3112 1341 3166 melior
1368 3123 1622 3184 perpetua
1646 3128 1843 3174 sancta:
1888 3123 2017 3177 cha-
2045 3095 2090 3157 ο

462 3191 641 3249 litatis
666 3197 947 3263 praesentia
976 3198 1029 3251 in
1064 3200 1279 3256 Christo
1305 3201 1429 3257 Jesu
1453 3205 1693 3263 'Domino
1713 3221 1914 3266 nostra).

920 3296 943 3346 ἒ
984 3308 1377 3367 EPISTOLA
1424 3315 1573 3369 CIX.

974 3392 1039 3431 ΑΙ)
1079 3396 1288 3433 [δοκκωι
1327 3397 1518 3437 κεῡεκ.

816 3445 987 3513 (Anno
1024 3448 1157 3512 800,
1183 3466 1364 3505 mense
1392 3454 1673 3526 Augusto.)

425 3521 431 3533 ’
468 3525 755 3604 Respondet
786 3531 962 3585 Caroli
982 3537 1208 3604 epistolae
1236 3521 1520 3596 nuntiantis
1550 3521 1815 3600 victoriam
1844 3551 1907 3603 de
1928 3554 2022 3604 Ita-

533 3597 698 3651 stibus
730 3616 747 3652 :
778 3610 835 3685 et
863 3597 1147 3685 mirabilem
1174 3610 1446 3685 sanitatem
1487 3597 1689 3666 Leonis
1700 3597 2019 3685 pbb'mi'iié-

535 3681 745 3720 manum
772 3670 870 3723 iter
894 3676 1131 3741 prosequi
1154 3678 1337 3729 renuit.

536 3754 759 3810 Domino
782 3759 1123 3817 dilectissimo
1143 3776 1300 3834 atque
1324 3771 1465 3823 omni
1490 3773 1689 3827 honore
1713 3775 2021 3845 dignissimo

465 3838 630 3933 David
670 3847 779 3915 regi
823 3846 1042 3903 Flaccus
1088 3860 1373 3911 veteranus
1418 3860 1570 3913 mites
1607 3838 1915 3933 perpetuam
1967 3838 2017 3922 in

466 3928 680 3985 Christo
709 3935 951 3990 salutem.
1124 3956 1135 3965 ⁴
1329 3938 1337 3947 ’

532 4020 762 4078 Litteras
800 4031 1165 4097 prosperitatis
1201 4044 1392 4090 vestra:
1415 4046 1471 4093 et
1503 4042 1879 4101 consolationis
1918 4062 2015 4102 no-

465 4118 621 4173 strze,
668 4128 861 4185 magno
893 4132 1072 4172 amore
1113 4131 1167 4175 et
1206 4114 1364 4194 digno
1411 4126 1590 4185 favore
1634 4136 1960 4205 suscepimus
2000 4158 2011 4190 :

462 4198 554 4253 Dei
600 4200 974 4272 omnipotentis
1003 4209 1338 4296 clementiam
1383 4198 1901 4296 collaudantes,-qui
1923 4244 2017 4285 vos

418 4322 427 4329 -
462 4288 747 4360 fidelesque
767 4303 975 4351 vestros
1001 4294 1272 4372 prosperis
1293 4294 1626 4368 successibus
1651 4288 1846 4385 pollere
1868 4318 2010 4384 fecit,

2124 1877 2182 1922 ut
2222 1868 2520 1927 benedictio
2560 1874 2775 1942 superni
2806 1875 2946 1944 regis
2974 1882 3026 1929 te
3067 1875 3258 1931 fortem
3288 1878 3484 1935 efficiat
3529 1896 3692 1953 Super

2122 1975 2374 2029 paganos.
2422 1961 2640 2033 Legitur
2667 1966 2952 2032 quemdam
3000 1976 3240 2021 veterum
3266 1968 3465 2025 dixisse
3504 1983 3661 2041 poeta

2123 2067 2264 2116 rum,
2289 2068 2412 2108 cum
2438 2054 2506 2108 de
2546 2054 2703 2109 laude
2744 2058 3123 2127 imperatorum
3166 2058 3391 2115 Romani
3420 2064 3602 2133 regni,
3644 2066 3688 2119 si

2121 2143 2223 2197 rite
2268 2144 2560 2207 recordor,
2609 2146 2921 2211 cecinisset,
2959 2148 3148 2217 quales
3179 2164 3297 2205 esse
3341 2152 3671 2219 debuissent,

2120 2231 2304 2287 dicens

2272 2352 2485 2402 Parcere
2508 2353 2759 2416 subjectis,
2778 2361 2832 2405 et
2842 2356 3093 2407 debellare
3112 2361 3368 2421 superbos.

2118 2446 2285 2515 Quem
2310 2453 2629 2507 versiculum
2654 2454 2841 2509 beatus
2867 2456 3194 2526 Augustinus
3224 2460 3280 2515 in
3319 2461 3457 2516 libro
3490 2463 3565 2517 De
3595 2464 3683 2520 Cio

2116 2540 2282 2594 vitate
2306 2541 2399 2595 Dei
2430 2542 2593 2599 multa
2624 2542 2778 2597 laude
2812 2548 3077 2613 exposuit,
3109 2552 3355 2618 quamvis
3389 2554 3562 2620 magis
3588 2570 3687 2609 no.

2117 2629 2201 2683 bis
2221 2631 2597 2686 attendendum
2622 2633 2691 2687 sit
2711 2634 3042 2704 Evangelicis
3061 2639 3358 2708 praeceptis,
3384 2655 3543 2711 quam
3572 2642 3689 2697 Vir.

2117 2720 2323 2789 giliaeis
2349 2722 2609 2777 versibus.
2639 2722 2773 2777 Nam
2808 2731 2863 2778 et
2892 2726 3006 2794 ipsa
3037 2726 3251 2781 Veritas
3275 2729 3350 2782 ait
3378 2747 3391 2782 :
3421 2730 3571 2787 Beati
3594 2734 3691 2786 uti.

2117 2808 2429 2872 sericordes,
2453 2810 2699 2879 quoniam
2738 2812 2838 2879 ipsi
2875 2812 3287 2867 misericordiam
3315 2827 3691 2887 consequentur

2119 2896 2329 2968 (Matth.
2372 2914 2425 2962 v,
2463 2899 2537 2967 7).
2587 2899 2652 2953 Et
2697 2900 2864 2955 alibi:
2894 2900 3072 2956 Estote
3108 2905 3465 2961 misericordes
3492 2948 3507 2971 ,
3555 2909 3686 2961 sicut

2118 2995 2165 3040 et
2195 2985 2355 3040 Pater
2381 2998 2541 3044 vester
2569 2990 2860 3045 misericors
2885 3000 2957 3044 est
2998 2992 3149 3061 (Luc.
3194 3011 3267 3057 vr,
3294 2997 3404 3067 36).

2189 3076 2339 3144 Quod
2364 3094 2491 3134 vero
2530 3080 2683 3135 nobis
2709 3090 2901 3137 vestrae
2926 3084 3182 3141 bonitatis
3212 3087 3263 3141 in
3290 3087 3503 3144 Christo
3549 3106 3675 3159 pro-

2125 3163 2245 3219 bata
2278 3167 2519 3223 voluntas
2553 3172 2620 3225 de
2643 3174 2918 3240 apostolici
2946 3180 3177 3245 pastoris
3210 3192 3232 3218 ο
3265 3182 3492 3237 mirabili
3539 3185 3681 3239 sani-

2054 3332 2059 3336 ς
2126 3261 2233 3309 tate
2254 3256 2572 3312 demandare
2596 3261 2822 3325 curavit,
2853 3263 3007 3318 decet
3032 3268 3175 3320 enim
3195 3283 3407 3323 omnem
3432 3271 3681 3339 populna:

2122 3340 2487 3399 Christianum
2531 3346 2583 3401 in
2626 3347 2727 3401 hac
2778 3348 3060 3405 clementia
3102 3353 3297 3410 divinae
3342 3359 3684 3425 protectionis

2121 3431 2369 3499 gaudere,
2408 3442 2463 3488 et
2486 3433 2700 3491 laudare
2731 3454 2922 3493 nomen
2961 3443 3133 3496 sancti
3161 3442 3311 3512 [Cod.
3355 3442 3471 3499 Vat.
3498 3486 3513 3511 ,
3556 3458 3649 3503 san
3670 3477 3683 3486 -

2121 3520 2287 3592 ctUm]
2327 3522 2419 3598 Dei
2447 3525 2639 3589 nostri,
2669 3528 2759 3595 qui
2790 3543 3061 3599 nunquam
3090 3530 3289 3586 deserit
3311 3544 3590 3602 sperantes
3626 3540 3678 3590 in

2120 3626 2197 3674 se,
2226 3613 2317 3681 qui
2338 3614 2526 3682 impias
2564 3619 2889 3684 compescuit
2925 3634 3113 3674 manus
3140 3636 3169 3674 a
3197 3637 3362 3690 pravo
3389 3625 3677 3681 voluntatis

2119 3699 2329 3766 effectu,
2373 3703 2609 3759 volentes
2652 3707 2867 3760 ementis
2894 3710 3161 3764 mentibus
3189 3710 3366 3767 lumen
3405 3729 3558 3769 suum
3584 3732 3677 3771 es-

2121 3790 2382 3859 tinguere,
2434 3801 2488 3845 et
2534 3794 2736 3862 seipsos
2767 3795 2930 3865 impio
2971 3799 3193 3854 consilio
3218 3805 3434 3872 proprio
3471 3807 3681 3877 privare

2118 3882 2313 3950 capite.
2354 3880 2621 3952 Quidquid
2671 3900 2799 3939 vero
2840 3889 2904 3942 de
2932 3889 3034 3943 illis
3062 3894 3321 3959 agendum
3358 3895 3427 3949 sit
3456 3936 3470 3960 ,
3506 3907 3677 3953 vestra

2118 3969 2428 4024 cautissima
2469 3972 2817 4027 considerare
2845 3976 3004 4032 habet
3027 3980 3309 4048 sapientia,
3338 3998 3456 4055 quae
3483 3987 3679 4057 optime

2116 4056 2285 4119 novit,
2331 4058 2458 4127 quid
2503 4061 2588 4113 cui
2621 4063 2905 4119 conveniat
2931 4080 3201 4133 personae,
3249 4073 3455 4141 etquid
3481 4056 3565 4129 cui
3607 4077 3680 4131 sit

2115 4142 2257 4198 facto
2285 4148 2711 4212 retribuendum;
2763 4151 2845 4206 vel
2887 4156 3152 4222 quomodo
3202 4158 3287 4213 ille
3330 4161 3450 4231 pius
3478 4174 3672 4234 pastor,

2115 4235 2288 4289 divina
2318 4237 2385 4290 ab
2409 4237 2742 4293 inimicorum
2772 4244 3017 4299 manibus
3037 4246 3295 4303 liberatus
3322 4258 3671 4320 protectione,

2116 4338 2333 4379 securus
2356 4326 2410 4380 in
2433 4342 2526 4382 sua
2554 4329 2676 4383 sede
2706 4329 2813 4384 Deo
2835 4330 3049 4389 Christo
3071 4337 3343 4396 deservire
3371 4343 3563 4400 valeat.

460 4388 515 4433 et
532 4380 797 4491 inimicas
831 4387 910 4439 sui
936 4392 1168 4491 nominis
1210 4404 1401 4452 vestrte
1436 4380 1685 4467 potentiae
1712 4406 1738 4445 ἀ
1780 4410 2012 4467 subdidit
2043 4426 2089 4483 ι)
2180 4414 2332 4480 Quod
2361 4432 2486 4471 vero
2505 4428 2694 4474 vestra:
2721 4420 3065 4491 benignitatis
3094 4428 3283 4485 litteras
3321 4432 3514 4489 Flacco
3544 4442 3669 4491 taci~

461 4469 699 4536 pedibus.
733 4472 843 4526 Hoc
864 4478 1000 4529 enim
1029 4478 1185 4545 faciat
1207 4482 1366 4548 Deus,
1391 4496 1440 4539 et
1476 4491 1570 4543 hoc
1596 4494 1753 4545 addat
1779 4494 1797 4564 (
1828 4497 1857 4549 1
1880 4498 2003 4568 Reg.

460 4575 540 4622 nr,
574 4560 682 4629 f7),
717 4572 775 4617 ut
800 4566 1067 4636 triumpho
1099 4575 1319 4627 terroris
1343 4578 1507 4632 vestri
1534 4560 1795 4638 inimicas
1817 4560 2009 4656 ubique

460 4701 560 4780 ._:
587 4682 1643 4780 ίίὲσέἶέεὲείδῐαθίάτῆᾂυτη.ροξὲεηηυπη
1690 4711 1790 4765 799
1836 4714 2009 4771 Felice

455 4772 1005 4850 jamueomeirsonnon
1028 4769 1246 4850 rediisse
1363 4774 1665 4850 ilispanjam
1692 4821 1704 4842 ,
1737 4769 2009 4840 contendit

460 4929 545 4948 νυ.
576 4929 681 4951 πυ
721 4929 939 4962 ιαιιιιυι,
974 4929 1028 4953 ιιι
1056 4929 1120 4957 cx
1161 4929 1259 4961 HOC
1308 4929 1423 4966 IOCO
1452 4929 1789 4971 manttestum
1817 4930 1918 4983 ρει,
1954 4932 2007 4975 et

460 4966 804 5085 Ergagrarmlius
830 4972 1237 5028 monstrabimus
1261 4979 1310 5029 in
1342 4979 1556 5034 Dissert.
1591 4986 1654 5035 de
1684 4985 1879 5043 Haeres.
1906 4991 2003 5043 Fe-

548 5047 646 5086 ana
654 5072 667 5083 .

528 5120 556 5158 b
588 5118 780 5174 Filium
805 5138 1054 5191 nostrum,
1081 5146 1268 5203 nempe
1291 5134 1626 5196 Laidradum.

530 5220 561 5291 ῗν
587 5208 727 5263 Em"
758 5210 1112 5291 Querceeﬁi
1140 5220 1317 5291 (ἷξόίεα
1350 5222 1398 5276 7-
1431 5223 1584 5284 Nunc
1607 5233 1799 5290 alicubi
1823 5251 2001 5291 emen-

460 5274 673 5373 dataﬁex
702 5274 818 5333 cod.
848 5297 957 5350 reg.
984 5274 1151 5342 vane.
1178 5289 1244 5343 69
1284 5274 1849 5373 (spargare;

523 5364 821 5463 tisse
848 5371 1343 5463 satisﬁed“
1371 5397 1519 5463 ,εηηο
1567 5390 1727 5463 priori
1760 5364 1863 5447 γάρ
1906 5411 2001 5463 per

460 5432 619 5529 flium
651 5449 803 5529 sutum
848 5432 1119 5517 Pippinum
1164 5457 1217 5529 et
1258 5432 1530 5527 praefectos
1568 5432 1994 5529 Bﬁéi'uéfaiuiﬁ',

459 5502 994 5594 Bellum‘ﬂunnjcum
1043 5502 1357 5594 complevit;
1389 5502 1543 5594 est}:

462 5570 993 5663 nti-Caroiielagni
1042 5570 1318 5639 Britannos
1345 5570 1666 5647 ἐίςωαι-ἀηοὲ
1692 5570 1913 5663 άὸιᾙιῗῖί,
1945 5570 1996 5656 ἓέ

460 5637 709 5691 adversus
748 5637 1037 5699 SaraeEnos
1065 5664 1171 5701 rem
1200 5637 1663 5728 prospeireﬁgessit:

833 5733 1102 5799 PATROL.
1148 5739 1212 5798 C.

2113 4503 2380 4557 turnitatis
2398 4506 2605 4576 culpam
2632 4509 2898 4579 ingerunt,
2922 4530 3077 4583 quem
3096 4516 3296 4588 [Forte,
3324 4518 3470 4591 eum]
3493 4521 3671 4580 fervor

2118 4590 2135 4627 ί
2169 4594 2365 4647 mensis
2392 4595 2612 4665 Augusti
2658 4601 2924 4667 desidem,
2972 4620 3074 4660 non
3115 4608 3399 4663 voluntatis
3428 4590 3663 4669 efficacia

2256 4722 2500 4809 annales,
2536 4730 2691 4800 vulgo
2732 4737 2946 4804 ascripti
2978 4738 3279 4806 Eginbardo
3302 4742 3467 4809 ipsius
3492 4744 3665 4799 Caroli

2112 4790 2280 4861 Magni
2306 4795 2532 4848 notario.

2181 4862 2732 4951 agitabilisaaitate.
2765 4871 3018 4951 Dub-itam
3060 4876 3238 4951 aliqui,
3278 4895 3342 4951 an
3370 4879 3477 4935 Leo
3515 4896 3663 4951 pont.

2105 4928 2273 5013 oculis
2290 4939 2346 4982 et
2374 4931 2550 5013 lingua
2576 4938 2787 5003 penitus
2813 4943 3030 4997 orbatus
3062 4928 3661 5013 ruéhi'a'siéiﬁsf‘sé'd

2104 4996 2374 5083 oculorum
2406 4996 2475 5083 et:
2503 4996 2694 5083 lingute
2737 4996 3035 5083 usumcum
3064 4996 3661 5083 pros—pe—ra‘valetud‘in;

2104 5068 2636 5161 ipsumam-adfine
2675 5078 2946 5161 .miraculo
3010 5068 3311 5161 recepisse,
3339 5068 3659 5161 conveniam

2102 5132 2255 5217 plane
2292 5132 3060 5217 illius-temporis;scriptores:
3076 5132 3661 5212 Vidi'ihaiiisih'é'ﬁil

2103 5199 2287 5291 Elicit].
2306 5205 2543 5291 iniYita
2574 5199 2815 5291 Leonis:
2837 5199 3651 5291 Knnales

2100 5265 2265 5356 i>oet~a
2306 5270 2628 5356 Salomonis;
2682 5265 3652 5356 Thebanis}?AE'QEt'iZBZB'éi?,'iii.I

2096 5337 2443 5421 tir.’C:_i‘r'm..6
2466 5342 2531 5421 ad
2553 5337 2797 5421 carnium
2830 5337 3372 5421 Μδέςηυῶίᾷῖέῖξίὲἶ

2175 5405 2220 5493 (Α
2240 5406 2429 5493 dfeii‘s'is
2478 5415 2714 5493 Augusti.
2762 5405 2984 5493 Carol‘us
3018 5405 3241 5480 (itéh's'é
3272 5405 3518 5493 “Avia-gusto
3570 5435 3649 5484 ll;-

2097 5474 2737 5556 ebooantemctguutiacum
2781 5474 3017 5553 veniens,
3048 5474 3147 5545 iter
3184 5498 3235 5547 in
3276 5474 3479 5550 Italiam
3522 5517 3649 5553 con-

2098 5543 2246 5627 anti.
2271 5564 2287 5591 ι
2324 5543 2495 5627 inquit
2534 5553 2791 5627 annalista
2837 5543 3490 5619 Loiséliaihiis'é'd'éﬁﬁlir—n
3521 5543 3643 5627 gata.

2096 5611 2315 5688 ideoque
2344 5611 2408 5665 eo
2435 5632 2615 5693 rnennse
2653 5622 2890 5693 ejusdem
2922 5611 3275 5683 anniril‘ittver—a—s
3297 5611 3541 5685 villas-ai;
3560 5611 3645 5688 .31:

2099 5686 2250 5729 cumo
2279 5686 2497 5747 accepit.
2534 5686 2662 5755 Pagi
2686 5686 2781 5743 hoc
2806 5711 2961 5753 anno,
2990 5710 3135 5747 num.
3167 5698 3215 5747 8.

3217 5786 3275 5840 fl
