4238 6198
534 245 629 301 551

531 357 741 428 pigrum
764 330 953 423 iciticit.
980 350 1056 404 De
1086 352 1264 419 pueris
1287 363 1412 402 vero
1435 348 1658 411 nostris,
1688 360 1820 414 quos
1861 345 2084 414 pedibus
2113 348 2159 403 Α

534 443 773 514 paternis
780 442 1003 497 Romam
1021 452 1242 508 pergere
1257 437 1516 506 praecipis,
1533 436 1689 489 velim
1704 436 1839 489 scire
1850 434 2079 502 quando,

535 534 618 591 vel
655 534 775 597 ubi,
812 531 895 586 vel
918 529 1110 599 quibus
1145 528 1523 585 comitantibus
1551 535 1743 581 vestrae
1773 524 2082 580 beatitudini

536 634 817 677 occurrere
850 619 1092 672 debeant.
1120 616 1194 670 De
1233 614 1504 682 quibusin
1529 621 1720 668 vestrae
1759 612 2085 669 excellentiae

538 707 727 764 litteris
749 707 1001 774 scriptum
1030 703 1326 758 invenimus
1357 718 1371 754 :
1407 719 1427 752 ι
1458 700 1556 775 Qui
1596 710 1667 765 te,
1706 701 1902 770 inquis,
1930 700 2081 768 quie-

541 803 743 858 scente,
764 808 860 863 pro
885 801 934 846 te
956 800 1043 845 tua
1068 804 1290 845 munera
1316 789 1450 842 inire
1471 788 1659 842 valent.
1698 808 1716 840 ι
1746 789 1939 847 Fateor
1962 788 2084 855 qui-

452 936 455 941 ,
542 887 683 949 dem,
707 885 857 938 vobis
871 883 1178 950 iubentibus
1197 886 1250 933 et
1269 878 1593 947 iuvantibus,
1617 878 1815 932 laboris
1841 878 1944 932 mei
1964 891 2085 947 pos-

542 980 667 1028 sunt
694 973 826 1025 inire
864 970 1131 1025 sudorem.
1164 966 1379 1021 Munera
1415 981 1541 1021 vero
1567 981 1681 1020 mea
1725 966 1828 1020 illis
1860 967 2085 1021 necdum

538 1060 790 1121 concedo,
814 1072 933 1127 quae
950 1066 1128 1111 vestra
1148 1054 1451 1124 frequenter
1473 1053 1717 1122 largitate
1743 1056 1981 1122 accipere
2002 1068 2088 1107 so-

542 1150 735 1204 lebam.
767 1147 899 1201 Nam
924 1153 977 1200 et
1005 1145 1229 1213 Moyses,
1260 1158 1415 1211 quem
1447 1144 1599 1199 nobis
1627 1143 1775 1211 quasi
1810 1144 1875 1196 ad
1903 1156 2087 1197 exem-

540 1239 681 1309 plum
704 1236 1012 1306 proponitis,
1042 1247 1218 1303 pugna
1246 1240 1458 1300 peracta
1479 1240 1534 1285 et
1556 1231 1855 1285 Amalecitis
1876 1230 2083 1301 fugatis,

538 1330 767 1397 przedam
797 1328 1065 1382 reductam
1090 1324 1201 1392 ipse
1223 1321 1413 1391 pepulo
1437 1321 1706 1376 distribuit
1732 1321 1925 1392 (Exod.
1954 1314 2083 1384 xm,

543 1417 652 1487 {3).
678 1416 744 1471 Et
770 1414 955 1477 David,
987 1412 1139 1482 Syria
1158 1424 1253 1478 per
1272 1407 1404 1462 Joab
1429 1409 1722 1479 principem
1744 1409 1946 1463 militiae
1966 1410 2090 1464 sub—

534 1503 699 1571 jecta,
728 1517 917 1561 aurum
944 1508 999 1554 et
1018 1512 1254 1569 gemmas
1276 1498 1685 1566 pretiosissimas
1709 1498 1774 1551 ad
1799 1497 1976 1564 templi
2000 1497 2092 1551 de-

542 1592 739 1646 dicavit
762 1598 1007 1645 ornatum
1042 1590 1127 1663 (II
1164 1589 1291 1661 Reg.
1321 1606 1436 1650 vm,
1476 1587 1583 1656 ll).
1615 1586 1719 1642 Sed
1742 1594 1798 1639 et
1814 1585 2089 1638 Ammoni-

1399 239 1453 292 B.
1500 239 1556 292 F.
1600 239 1814 291 ALBINI
1852 237 1978 292 SEU
2017 233 2285 289 ALCUINI
2332 231 2605 285 OPERUM
2647 230 2818 299 PAllS
2857 230 2892 281 I.

3619 221 3722 277 53?.

2694 340 2717 376 ιι
2744 334 3063 390 EPISTOLA
3100 333 3208 389 CX.

2479 441 2795 481 manant-ts
2820 440 2885 478 ετ
2918 438 3182 478 κοκλειιος
3204 435 3435 478 (ἱστίη-π.

2782 524 2954 596 (Anno
2978 520 3126 590 800.)

2182 631 2425 686 Eri-orem
2441 633 2838 701 Adoptianorum
2855 632 3005 701 capit,
3020 626 3167 701 quem
3180 627 3431 701 singulari
3445 613 3616 679 libello
3636 643 3727 695 per

2252 701 2453 753 beatum
2476 698 2805 753 Benedictum
2828 700 3001 760 misso,
3027 716 3078 750 se
3092 699 3206 765 jam
3233 698 3500 764 refutasse,
3521 706 3565 747 et
3594 712 3726 747 mmo

2250 769 2439 837 majori
2465 784 2614 837 apeie
2638 785 2669 820 a
2693 784 2745 820 se
2768 767 3094 834 refutandum
3118 769 3207 818 ait.

2250 876 2475 929 Albinus
2499 874 2714 929 humilis
2744 874 2943 927 Christi
2976 871 3199 925 famulus
3226 880 3277 923 et
3302 872 3540 926 serviens
3560 870 3727 922 sancti

2185 964 2428 1027 Martini,
2457 966 2703 1019 omnibus
2739 963 3039 1026 abbatibus,
3088 960 3339 1015 fratribus
3374 969 3427 1014 et
3468 960 3609 1022 ﬁliis,
3637 958 3729 1027 qui

2184 1063 2311 1107 sunt
2335 1063 2355 1091 ε
2378 1051 2582 1108 Gotblte
2598 1053 2838 1120 partibus
2858 1051 2912 1104 in
2933 1050 3141 1104 Christo
3161 1037 3732 1111 charissinris,:rternt

2185 1142 2527 1206 beatitudinis
2551 1140 2790 1194 salutem.

2252 1230 2497 1299 Acceptis
2538 1228 2856 1284 dulcissimis
2899 1236 3089 1281 vestra:
3146 1224 3485 1281 beatitudinis
3520 1225 3729 1286 litteris,

2186 1317 2342 1372 simul
2385 1326 2439 1371 et
2486 1317 2815 1373 suavissimis
2861 1315 3185 1382 nimiumque
3231 1314 3381 1368 nobis
3419 1313 3735 1368 necessariis

2188 1415 2488 1462 sanctarum
2533 1406 2834 1461 orationum
2888 1413 3185 1459 vestrarum
3231 1404 3565 1464 muneribus,
3611 1418 3733 1456 enni

2188 1495 2331 1549 omni
2359 1496 2551 1564 gaudio
2576 1503 2628 1549 et
2668 1495 2859 1548 mentis
2901 1494 3195 1557 alacritate,
3221 1501 3273 1547 et
3318 1507 3562 1561 magnam
3611 1505 3735 1544 vere

2190 1587 2390 1640 habens
2425 1584 2668 1638 ﬁduciam
2696 1600 2792 1653 per
2828 1591 3033 1637 vestras
3058 1582 3440 1637 sacratissimas
3482 1581 3736 1633 interces—

544 1690 718 1733 tarum
757 1680 899 1748 regis
940 1654 1179 1733 diadema
1221 1654 1435 1749 proprio
1480 1654 1734 1745 imposuit
1750 1674 1930 1742 capiti,
1970 1673 2090 1728 licet
2121 1654 2163 1713 Β
2189 1674 2365 1729 siones
2390 1674 2456 1728 ad
2495 1671 2673 1727 Iesum
2715 1674 2807 1727 Dei
2838 1674 3045 1737 Filium,
3079 1674 3166 1741 qui
3213 1688 3308 1740 pro
3341 1672 3520 1727 mundi
3565 1672 3738 1727 salute

541 1766 671 1820 Joab
694 1766 905 1822 labores
928 1766 1267 1821 sustinuisset
1292 1764 1492 1819 militiae
1523 1762 1608 1834 (II
1631 1761 1756 1831 Reg.
1789 1777 1883 1822 xu,
1908 1759 2017 1830 30).

612 1857 717 1911 Sed
746 1865 798 1911 et
821 1857 885 1910 de
922 1857 1053 1915 hoc.
1082 1856 1222 1924 quod
1249 1854 1377 1907 mihi
1426 1855 1783 1920 improperare
1808 1849 2051 1905 voluistis
2072 1891 2087 1914 ,

456 1948 461 1949 ⁷
546 1962 629 1998 me
657 1946 802 1999 fumo
825 1943 1095 1998 sordentia
1132 1943 1461 1996 Turonorum
1492 1948 1629 1995 tecta
1665 1940 1867 1993 auratis
1892 1937 2089 1991 Roma-

546 2046 734 2084 norum
760 2032 971 2085 arcibus
997 2044 1326 2099 praeponere,
1354 2028 1467 2083 scio
1494 2036 1726 2081 vestram
1752 2026 2093 2095 lcgisse'pru-

545 2120 774 2172 dentiam
794 2118 1183 2188 Salomonicum
1208 2116 1331 2169 illud
1354 2116 1579 2186 elogium
1608 2134 1620 2166 :
1649 2114 1834 2167 Melius
1855 2114 1993 2183 (est).
2016 2114 2094 2167 in-

544 2207 679 2274 quit,
699 2207 869 2259 sedere
892 2206 945 2258 in
967 2204 1161 2274 angulo
1175 2204 1419 2268 demotis,
1434 2218 1591 2272 quam
1612 2218 1725 2255 cum
1754 2202 1964 2255 muliere
1985 2202 2092 2255 liti-

545 2296 689 2362 giosa
716 2295 771 2346 in
792 2293 941 2346 domo
954 2291 1207 2345 communi
1224 2290 1611 2362 (Prov.xxt,9).
1627 2289 1711 2354 Et,
1737 2297 1793 2343 ut
1818 2304 1937 2344 cum
1964 2304 2095 2359 pace

548 2382 714 2435 «licam
724 2381 909 2451 ,magis
922 2379 1116 2435 ferrum
1132 2388 1286 2435 nocet
1298 2380 1486 2443 oculis,
1499 2395 1657 2455 quam
1672 2377 2097 2433 fumus.’l‘uronis

547 2469 688 2522 cnim
725 2467 944 2522 fumosis
972 2468 1127 2549 tectis
1150 2474 1418 2531 contenta,
1450 2466 1560 2519 Deo
1587 2466 1815 2531 donante
1833 2506 1847 2531 ,
1886 2480 1981 2535 per
2007 2480 2097 2518 ve-

551 2568 675 2612 stra:
697 2558 951 2612 bonitatis
971 2544 1357 2625 providentiam
1380 2555 1433 2609 in
1459 2568 1591 2623 pace
1610 2561 1903 2622 permanet.
1930 2552 2094 2606 Roma

554 2661 685 2700 vero
730 2661 847 2715 quae
889 2644 1120 2699 fraterna
1165 2644 1431 2699 discordia
1476 2643 1681 2697 initiata
1725 2649 1843 2704 est,
1880 2641 2095 2694 insitum

551 2738 894 2791 dissensionis
930 2749 1184 2789 venenum
1216 2736 1486 2802 hucusque
1529 2740 1710 2788 tenere
1738 2746 1843 2791 non
1871 2738 2047 2785 cessat
2079 2742 2095 2781 :

554 2839 848 2897 vestraeque
876 2828 1187 2881 venerandae
1206 2827 1476 2898 dignitatis
1506 2826 1791 2895 potentiam
1811 2865 1826 2889 ,
1853 2826 1921 2878 ad
1942 2822 2099 2891 hujus

556 2920 719 2986 pestis
745 2920 1178 2985 compescendam
1207 2917 1512 2984 perniciem,
1543 2930 1573 2969 e
1601 2915 1840 2969 dulcibus
1870 2914 2094 2968 Germa-

2192 1763 2350 1816 homo
2371 1762 2614 1831 dignatus
2641 1770 2722 1815 est
2750 1761 2900 1815 ﬁeri:
2934 1762 3005 1815 ita
3036 1772 3092 1814 ut
3116 1762 3203 1829 qui
3242 1760 3383 1815 Deus
3417 1761 3741 1815 azternaliter

2190 1866 2255 1905 ex
2283 1850 2441 1905 Patre
2477 1858 2632 1903 natus
2654 1858 2762 1912 Bst,
2800 1852 3163 1919 temporalitcr
3192 1859 3496 1905 nasceretur
3531 1866 3595 1905 ex
3631 1852 3740 1905 vir—

2148 1988 2151 1991 ,
2194 1942 2332 2010 gine,
2361 1950 2415 1993 et
2444 1939 2581 1994 idem
2606 1948 2745 1993 esset
2782 1940 2941 1993 homo
2966 1941 3052 2008 qui
3080 1948 3131 1992 et
3160 1940 3325 2003 Deus;
3354 1948 3408 1993 et
3436 1940 3573 1993 idem
3604 1940 3741 1993 Deus

2197 2031 2285 2097 qui
2307 2038 2363 2083 ct
2389 2030 2574 2094 homo;
2603 2038 2657 2083 et
2680 2044 2785 2083 non
2808 2036 2947 2083 esset
2970 2028 3073 2081 ulla
3097 2029 3364 2096 separatio
3393 2042 3632 2095 persona:
3658 2027 3740 2081 vel

2196 2119 2449 2185 ﬁlictatis,
2492 2135 2559 2174 ne
2582 2128 2760 2174 essent
2786 2119 2889 2172 duo
2913 2118 3051 2181 Filii,
3082 2132 3216 2171 unus
3248 2118 3496 2186 proprius
3522 2126 3576 2171 et
3608 2110 3743 2171 alter

2191 2209 2504 2275 adoptivus;
2535 2216 2625 2260 aut
2668 2209 2771 2261 duo
2806 2207 2920 2270 Dii,
2966 2221 3102 2259 unus
3131 2221 3289 2261 verus
3334 2206 3566 2259 Deus'et
3608 2206 3743 2258 alter

2196 2297 2577 2363 nuncupativns
2602 2296 2782 2363 :-quod
2823 2295 3037 2349 omnino
3066 2295 3280 2363 impium
3322 2304 3404 2347 est
3436 2295 3654 2348 credere
3688 2301 3743 2346 et

2194 2385 2499 2454 prredicare.
2531 2383 2665 2449 Quia
2693 2384 2784 2438 Dei
2829 2383 2995 2437 Filius
3038 2382 3090 2434 in
3122 2383 3444 2451 proprietate
3482 2397 3740 2453 personae,

2194 2483 2247 2526 et
2289 2473 2406 2526 Filii
2438 2473 2708 2542 dignitatis
2747 2471 2986 2525 adunivit
3027 2471 3127 2523 sibi
3172 2470 3466 2531 hominem,
3503 2479 3561 2523 nt
3603 2474 3742 2523 esset

2197 2577 2330 2616 unus
2352 2562 2611 2625 Christus,
2638 2570 2691 2615 et
2718 2577 2856 2614 unus
2877 2560 3037 2621 Deus,
3062 2568 3116 2612 et
3140 2574 3275 2611 unus
3311 2558 3402 2611 Dei
3443 2557 3629 2619 Filius,
3663 2567 3751 2609 to-

2197 2660 2282 2707 tus
2306 2652 2357 2705 in
2378 2652 2506 2713 suis,
2535 2660 2589 2705 et
2616 2660 2757 2705 totus
2786 2651 2839 2704 in
2868 2650 3081 2711 nostris,
3108 2646 3372 2716 perfectus
3395 2648 3445 2700 in
3471 2648 3745 2702 divinitate

2196 2750 2249 2794 ct
2286 2740 2549 2808 perfectus
2575 2740 2627 2793 in
2657 2739 3001 2792 humanitate.
3029 2736 3177 2801 Quod
3206 2736 3383 2789 multis
3426 2736 3743 2789 testimoniis
3772 2800 3773 2803 η

2196 2829 2510 2898 evangelicis
2542 2837 2595 2883 et
2636 2828 2955 2896 apostolicis,
2982 2827 3064 2880 vel
3094 2828 3252 2880 etiam
3300 2834 3600 2880 sanctorum
3632 2825 3737 2879 Pa-

2200 2927 2337 2971 trum
2380 2918 2751 2973 traditionibus
2799 2917 3370 2985 comprobaripotest;
3410 2917 3545 2968 sicut
3592 2916 3644 2968 in
3676 2916 3740 2967 li-

555 3006 654 3059 nire
691 3005 901 3059 sedibus
926 3003 1172 3058 festinare
1211 3002 1493 3071 compellit.
1535 3000 1640 3055 Nos
1684 3017 1811 3056 vero
1858 3001 2107 3071 lacrymis
2132 2993 2175 3053 C
2205 3008 2343 3061 bello
2363 3022 2428 3060 ex
2456 3016 2605 3074 parte
2631 3007 2825 3061 factum
2853 3015 2954 3069 est,
2981 3003 3135 3072 quem
3170 3005 3458 3058 direximus
3485 3020 3577 3072 per
3616 3006 3745 3058 bea-

554 3093 864 3154 absentiam,
896 3100 948 3165 et
970 3091 1215 3159 precibus
1240 3091 1342 3144 iter
1366 3076 1598 3144 vestrum
1628 3089 1891 3144 continuis
1918 3103 2101 3157 prosc-

557 3182 790 3250 quimur,
832 3179 1063 3233 divinam
1090 3178 1358 3233 humiliter
1388 3179 1725 3247 obsecrantes
1747 3168 2098 3238 clementiam,

556 3278 817 3337 quatenus
858 3282 954 3321 vos
988 3276 1299 3335 vestrosque
1338 3267 1524 3330 simul,
1556 3282 1677 3320 cum
1699 3267 1841 3320 omni
1888 3283 2105 3336 prospe-

555 3358 898 3409 ritate’sanos
922 3355 1111 3419 ducat,
1142 3361 1198 3410 et
1229 3356 1448 3409 reducat
1473 3356 1780 3425 gaudentes.
1815 3356 1969 3430 139
2000 3358 2101 3410 Ve.

554 3453 677 3497 stre:
696 3458 824 3498 vero
847 3443 1061 3511 pietatis
1080 3443 1268 3499 littera:
1291 3445 1588 3499 nullatenus
1607 3448 1879 3500 consentio
1900 3455 1958 3499 ut
1974 3448 2105 3499 obli-

554 3532 827 3586 viscantur
859 3532 959 3587 mei
984 3550 998 3585 :
1033 3532 1125 3587 sed
1155 3534 1343 3602 sarpius
1369 3535 1583 3589 veniant
1625 3534 1676 3587 in
1706 3535 1893 3602 spiritu
1919 3550 2104 3589 conso—

554 3618 788 3682 lationis,
811 3628 871 3671 ut
892 3618 1215 3684 osctdentu'r,
1243 3620 1433 3674 iterum
1462 3621 1757 3690 iterumque
1784 3622 2099 3692 relegantur,

555 3714 613 3758 et
659 3705 713 3758 in
761 3706 1228 3789 cordislthesauro
1273 3707 1845 3775 perpetua'dulcedine
1890 3724 2105 3763 conser-

557 3799 771 3844 ventur.

696 3900 953 3971 Tempora
976 3905 1227 3957 concedat
1254 3901 1495 3958 Christus
1527 3904 1694 3959 felicia
1724 3910 1868 3977 regni

766 3989 931 4057 llujus
951 4000 1004 4046 et
1031 3992 1233 4061 mtcrni,
1263 3990 1425 4045 David
1444 4004 1682 4058 amateﬁ
1709 3996 1822 4047 tibi.

1280 4188 1407 4201 .-

630 4348 867 4423 s_C_r_rteri
894 4366 1059 4423 remus
1086 4348 1279 4420 (inquit
1303 4349 1403 4423 hoc
1424 4349 1539 4405 loco
1559 4352 1891 4423 Basnagius),
1920 4358 2100 4408 desunt

558 4418 614 4490 in
652 4418 887 4490 Editioue
916 4418 1353 4490 Quercetaua,‘in
1393 4435 1495 4490 qua
1532 4421 1635 4490 duo
1675 4418 1873 4490 tantum
1911 4424 2104 4490 priores

562 4487 932 4556 describuntur.
960 4486 1070 4539 Non
1111 4487 1343 4556 advertit
1360 4486 1440 4539 vir
1464 4488 1717 4543 eruditus.
1745 4486 1973 4556 reliquos
1994 4506 2107 4543 ver-

565 4569 655 4626 sus
688 4569 718 4604 a
754 4553 1078 4626 Quercctano
1112 4555 1280 4606 editos
1304 4554 1484 4626 tuisse
1528 4557 1592 4626 ad
1640 4557 1835 4609 calcem
1858 4553 2105 4626 cpistola:

564 4622 645 4679 12.
677 4636 813 4691 nunc
855 4621 936 4691 96,
965 4620 1029 4672 ad
1055 4620 1215 4687 Quam
1244 4623 1405 4673 etiam
1435 4624 1619 4691 magis,
1662 4639 1817 4690 quam
1847 4620 1917 4678 ad
1950 4628 2105 4682 istam

562 4690 824 4756 pertinere
853 4689 1119 4749 videntur;
1148 4691 1285 4755 quod
1318 4691 1387 4741 ibi
1415 4689 1598 4758 agatur
1625 4689 1690 4745 de
1725 4694 1893 4749 reditu
1918 4695 2106 4749 Leonis
2146 4720 2149 4721 ν

568 4759 632 4810 ad
658 4760 859 4827 urbem,
885 4758 972 4824 qui
1002 4773 1139 4809 anno
1164 4760 1322 4824 priori
1353 4761 1589 4827 contigit.

637 4826 838 4902 l:llanc
862 4830 1014 4902 epist.
1067 4827 1309 4902 llaluaius
1338 4826 1513 4902 edidit
1548 4830 1638 4902 lib.
1667 4846 1702 4902 λ
1742 4830 1955 4902 Bliscell.
1974 4846 2101 4902 pag.

638 4846 661 4865 ν
694 4846 838 4879 nunc
862 4846 1014 4893 (‘plSL
1070 4846 1309 4878 DJIUZIUS
1338 4846 1501 4879 ουιαη
1548 4846 1638 4880 HD.
1685 4846 1700 4883 1
1742 4846 1955 4883 DIISCCH.
2022 4850 2032 4884 ἶ

569 4895 853 4971 ὄπι-μιμῇ
882 4894 1442 4971 illam‘descripsimus.
1458 4896 1647 4971 (Apud
1666 4888 1891 4971 Froben.
1925 4846 2032 4971 (iis).

637 4973 657 5001 ε
680 4964 879 5036 Gothiae
893 4963 1351 5036 partibusﬁothia
1378 4963 1481 5036 alio
1511 4967 1720 5036 nomine
1747 4967 1907 5019 etiam
1936 4963 2107 5036 Septi—

567 5032 1033 5100 manniavocatur.
1063 5030 1207 5083 Felix
1246 5031 1595 5100 Urgellitanus
1619 5035 1897 5100 episcopus
1928 5054 1945 5084 ‹
1974 5030 2106 5090 mul-

568 5100 635 5150 tis
665 5098 801 5163 apud
836 5099 1246 5164 Septimanniam
1285 5098 1589 5166 pestiferum
1616 5098 1859 5159 haustum
1893 5104 2111 5159 haeresis

564 5166 977 5231 Adomianorum
1005 5168 1321 5233 propinavit,
1354 5186 1373 5217 ι
1405 5174 1463 5221 ut
1488 5171 1669 5222 scribit
1689 5169 1849 5227 Jonas
1870 5171 2109 5233 Aureliae

571 5230 745 5287 uensis
791 5234 878 5288 lib.
927 5250 937 5286 l
978 5230 1041 5287 de
1065 5230 1199 5286 Cult.
1246 5238 1404 5304 lmag.
1454 5236 1704 5291 adversus
1728 5238 1911 5293 Claud.
1946 5230 2117 5295 Τέων]

572 5306 696 5365 Qum
727 5318 808 5355 res
834 5303 1110 5357 Alcuinum
1143 5303 1422 5357 sollicitum
1452 5306 1655 5368 habuit,
1689 5324 1753 5361 nc
1794 5309 1881 5364 illo
1908 5325 2108 5365 veneno

575 5374 887 5425 monasteria
908 5388 936 5447 ᾳ
959 5373 1111 5447 beato
1130 5371 1405 5447 Benedicto
1422 5376 1705 5429 Aniancnsi
1731 5392 1895 5447 nuper
1917 5383 2106 5445 partim

568 5448 763 5499 erecta,
789 5442 977 5505 partim
1006 5439 1285 5491 reformata
1318 5440 1671 5495 inﬁcerentur.

641 5509 663 5543 ά
700 5507 759 5557 In
805 5508 1078 5559 libello...
1112 5524 1255 5571 quem
1282 5509 1560 5581 diruimus
1586 5530 1671 5576 per
1713 5515 1912 5566 beatum
1952 5517 2108 5569 Bene-

2124 4308 2176 4365 D

2203 3106 2314 3149 tum
2334 3095 2367 3136 ἀ
2382 3096 2741 3159 Benedictum,
2768 3096 2917 3149 vobis
2943 3095 3188 3147 solatium
3214 3102 3266 3145 et
3292 3094 3745 3147 confirmationem

2204 3183 2323 3238 lidci
2367 3185 2659 3238 catholicas.
2705 3184 2807 3237 Sed
2839 3184 2891 3236 in
2937 3184 3176 3237 manibus
3208 3193 3233 3222 ο
3258 3182 3427 3249 majus
3460 3183 3615 3236 modo
3653 3183 3746 3234 ha-

2202 3275 2386 3329 bemus
2412 3288 2544 3342 opus
2570 3282 2785 3342 propter
2809 3274 2939 3327 alias
2959 3288 3163 3334 causas,
3192 3287 3309 3339 quze
3335 3273 3385 3323 in
3413 3271 3586 3323 libello
3618 3269 3639 3309 τ
3661 3285 3747 3322 νε-

2203 3363 2419 3415 nerandi
2450 3362 2641 3415 Felicis
2666 3416 2667 3419 η
2690 3362 2941 3429 legimus;
2969 3371 3024 3415 et
3050 3362 3197 3414 illum
3241 3360 3445 3413 volente
3473 3360 3578 3412 Deo
3600 3360 3749 3412 vobis

2200 3450 2493 3519 dirigimus,
2520 3459 2794 3518 postquam
2822 3449 2988 3504 lectus
3010 3461 3063 3504 et
3090 3450 3462 3518 comprobatus
3492 3448 3653 3501 fuerit
3680 3449 3748 3501 ab

2201 3539 2460 3607 episcopis
2510 3522 2707 3591 nostris
2752 3546 2807 3591 et
2840 3540 2862 3577 ε
2889 3539 3080 3592 domno
3124 3551 3265 3607 rege.
3320 3535 3534 3589 [nterim
3576 3542 3748 3587 vestra

2203 3626 2471 3680 Sanctitas
2497 3642 2593 3680 nos
2617 3626 2827 3694 adjuvet
2865 3627 3062 3682 sanctis
3095 3624 3421 3679 orationibus
3448 3624 3655 3685 vestris,
3692 3630 3751 3674 ut

2203 3712 2456 3766 Dominus
2489 3712 2629 3766 Deus
2656 3714 2858 3780 aperiat
2888 3713 3041 3769 nobis
3067 3712 3385 3782 agnitionem
3416 3710 3674 3771 veritatis,
3698 3717 3752 3763 et

2202 3802 2448 3856 ﬁduciam
2476 3804 2865 3871 prredicationis
2889 3814 2941 3858 et
2976 3804 3328 3873 constantiam
3362 3803 3414 3855 in
3445 3801 3545 3854 llde
3569 3800 3750 3853 catho-

2202 3890 2321 3945 lica.
2346 3888 2560 3943 Multum
2580 3893 2712 3945 enim
2734 3891 2861 3945 valet
2884 3894 3171 3961 deprecatio
3187 3892 3321 3961 justi
3344 3889 3543 3960 (Iacob.
3562 3904 3616 3952 v,
3639 3888 3748 3957 l6),

2201 3986 2398 4049 quanto
2424 3981 2591 4049 magis
2616 3974 2671 4035 et
2692 3980 3061 4049 plurimorum.
3702 3993 3707 3999 '

2273 4070 2428 4141 ιω
2456 4069 2575 4123 Haec
2618 4072 2823 4124 novitas
2864 4087 3052 4126 vocum
3081 4074 3135 4125 in
3161 4071 3453 4141 adoptione,
3486 4084 3751 4139 nuncupa—

2200 4160 2336 4211 tione
2371 4157 2597 4222 Christi,
2627 4158 2840 4212 omnino
2886 4160 3125 4215 ﬁdelibus
3152 4161 3397 4214 omnibus
3440 4160 3749 4214 detestanda

2202 4258 2301 4311 est,
2335 4257 2387 4301 et
2425 4264 2742 4317 magnopere
2775 4251 3004 4305 cavenda
3051 4252 3161 4305 hmc
3207 4252 3397 4305 divisio
3440 4251 3495 4303 in
3538 4248 3750 4303 Christo

2208 4377 2595 4447 dictunquﬂunc
2619 4378 2895 4441 Libellum,
2922 4381 3010 4446 qui
3043 4380 3315 4447 hucusque
3344 4379 3514 4436 latuit,
3535 4376 3743 4447 eixrcod.

2207 4444 2309 4496 290
2339 4445 2463 4498 bibl.
2490 4448 2649 4513 palat.
2694 4443 2958 4501 Vaticante
2991 4443 3125 4500 infra
3151 4443 3392 4503 dabimus
3422 4455 3542 4500 ante
3564 4446 3750 4497 Libros

2207 4528 2279 4564 vit
2312 4513 2561 4565 adversus
2603 4515 2848 4568 Felicem.
2891 4518 3017 4569 Vide
3052 4514 3476 4568 dissertationem
3516 4524 3749 4565 nostram
3792 4536 3798 4541 ·

2207 4582 2271 4634 de
2303 4582 2489 4649 haeresi
2533 4584 2967 4649 Adoptianorum.
3002 4584 3164 4637 Porro
3192 4584 3505 4637 Benedictus
3542 4590 3623 4635 est
3658 4584 3751 4633 ab-

2208 4650 2301 4700 bas
2344 4648 2663 4703 Anianensis
2690 4654 3018 4715 monasterii,
3053 4654 3189 4719 quod
3234 4662 3391 4720 caput
3420 4662 3500 4706 est
3530 4650 3749 4702 aliorum

2210 4720 2645 4787 monasteriorum
2682 4720 3052 4787 Septimanniic
3082 4736 3175 4775 seu
3202 4720 3425 4781 Gothiae,
3457 4734 3573 4785 qua:
3611 4731 3751 4769 nunc

2208 4782 2521 4858 Languedoc‘
2536 4788 2740 4858 aGallis
2753 4782 3069 4858 appellatur,
3088 4805 3313 4856 quocum
3335 4782 3557 4841 Alcu'tno
3581 4788 3749 4838 amica

2208 4845 2527 4907 consuetudd
2556 4856 2671 4909 fuit.
2794 4845 2809 4856 ’
2830 4845 2845 4858 ⁵
3060 4845 3067 4851 ’
3106 4845 3121 4856 ⁵
3373 4883 3376 4885 .

2282 4933 2303 4958 ε
2334 4922 2505 4992 Majas
2530 4942 2672 4992 opus.
2707 4925 2919 4977 Scilicet
2953 4925 3113 4980 li-bros
3144 4942 3214 4978 vn
3251 4926 3501 4976 adversus
3523 4921 3749 4974 Felicem

2214 4990 2614 5095 Urgellitanum.
3560 5002 3595 5029 δ

2348 5056 2631 5095 γουσι-ηοεήῖ
2666 5058 2847 5095 pan/ni:-
2901 5062 3020 5095 "mn
3058 5060 3388 5095 nnninnnnlin
3435 5060 3590 5095 oruini

2348 5056 2631 5127 venerandi
2660 5058 2867 5115 Felicis.
2900 5062 3023 5115 Haec
3058 5060 3388 5127 compellatio
3430 5060 3594 5115 amici
3638 5067 3748 5118 est,

2211 5140 2312 5178 non
2342 5125 2649 5199 adversarii.
2681 5128 2911 5196 Epistola
2942 5131 3100 5198 igitur
3136 5125 3367 5199 praesens
3392 5129 3587 5199 scripta
3633 5137 3706 5178 est
3732 5166 3743 5199 ε

2210 5194 2485 5260 postquam
2516 5195 2657 5248 Felix
2686 5194 2750 5263 ab
2771 5194 2991 5251 Alcuino
3017 5199 3068 5250 in
3094 5194 3316 5250 concilio
3338 5194 3747 5263 Aquisgranensi

2212 5264 2483 5340 anno“???
2510 5267 2782 5340 convictus
2822 5268 2948 5340 fuit.
2976 5274 3030 5319 et
3062 5280 3179 5340 cum
3214 5267 3303 5340 illo
3329 5267 3379 5315 in
3407 5265 3627 5340 gratiam
3670 5277 3758 5313 re—

2212 5328 2325 5382 diit.
2351 5332 2505 5401 _V_'ide.
2535 5350 2651 5399 quae
2682 5336 2909 5388 diximus
2935 5335 2985 5385 in
3016 5335 3227 5401 prmi-uta
3258 5328 3644 5401 dissertatione.

2287 5402 2310 5437 ⁸
2341 5398 2413 5469 Et
2432 5395 2616 5453 domno
2645 5417 2773 5467 rege.
2810 5403 2936 5457 Vide
2960 5395 3235 5469 epistolam
3264 5404 3324 5453 ad
3352 5400 3598 5453 Czirolum
3642 5395 3752 5449 Ma-

2216 5482 2370 5530 gnum
2398 5467 2569 5525 Libris
2598 5484 2666 5524 vlt
2699 5480 2878 5523 contra
2912 5467 3137 5524 Felicem
3162 5470 3444 5539 put-lixam.
