4226 6210
348 337 449 388 335

1751 330 2098 385 EPISTULA-1
2109 370 2120 382 .

3427 336 3525 387 534

349 418 563 495 Domino
591 448 790 494 nostro.
824 440 1032 494 Scimus
1058 442 1187 495 duas
1216 450 1430 493 naturas
1466 440 1726 507 perfectas
1767 454 1883 493 esse
1912 444 1955 499 Α
1986 438 2107 489 dam
2152 452 2216 488 ex
2264 436 2501 505 apostolo
2552 439 2876 505 proditorem
2934 440 3147 493 factum.
3193 440 3529 499 Curislderate

347 534 399 587 in
426 533 655 596 Christo,
683 542 735 586 et
771 546 929 585 unam
952 547 1230 602 personam
1256 550 1268 584 :
1300 531 1575 584 mortalem
1614 531 1884 585 immorta-

344 624 547 693 lemque
566 622 812 676 eumdem
831 636 968 676 esse.
991 620 1139 676 Sicut
1163 622 1318 675 homo
1345 618 1581 673 mortalis
1603 626 1684 672 est
1704 633 1881 679 carne,

345 712 659 770 immortalis
698 712 903 775 anima;
955 720 1133 765 tamen
1165 726 1302 763 unus
1343 717 1427 763 est
1462 709 1640 770 homo,
1685 717 1740 761 et
1781 720 1883 758 una

342 817 584 871 persona,
611 811 665 856 et
702 817 840 855 unus
866 800 1033 856 Filius
1059 800 1227 869 patris
1248 800 1331 854 sui
1359 806 1502 851 totus
1546 797 1810 866 proprius,
1834 804 1889 850 et

301 928 309 933 -
343 896 505 951 dividi
527 911 630 951 non
649 905 840 965 potest,
854 896 995 965 quod
1009 896 1079 949 sit
1099 895 1291 963 partim
1308 894 1692 963 nuncupativus
1706 892 1883 954 homo,

340 996 395 1041 et
415 986 609 1055 partim
630 1002 787 1040 verus
810 987 968 1039 homo
992 1004 1003 1035 :
1028 986 1099 1038 ita
1124 993 1178 1037 et
1197 983 1463 1045 Christus.
1485 983 1606 1036 licet
1632 982 1702 1035 sit
1726 993 1885 1034 carne
1930 1016 1939 1029 ,

345 1077 601 1140 merulis,
630 1087 683 1131 et
710 1076 985 1131 divinitate
1013 1076 1346 1137 immortalis,
1376 1083 1549 1128 tamen
1575 1088 1711 1126 unus
1733 1070 1887 1125 Jesus

342 1167 583 1222 Christus
599 1176 656 1221 et
684 1183 821 1221 unus
843 1168 935 1221 Dei
965 1167 1160 1231 Filius;
1187 1167 1321 1222 sicut
1344 1167 1451 1221 dixi
1478 1166 1743 1222 hominem
1769 1176 1887 1218 esse

342 1272 502 1310 unum
546 1257 731 1321 ﬁlium,
768 1258 890 1312 licet
916 1274 1084 1312 carne
1100 1259 1168 1311 sit
1197 1258 1455 1321 mortalis,
1492 1265 1547 1310 et
1586 1257 1760 1309 anima
1788 1256 1887 1308 im-

341 1344 578 1411 mortalis
601 1359 616 1397 :
641 1354 697 1398 et
724 1346 1025 1400 nullatenus
1050 1360 1185 1399 unus
1226 1345 1410 1409 Filius,
1440 1360 1543 1399 uno
1570 1344 1745 1407 Patre,
1787 1358 1882 1412 po-

343 1439 444 1487 test
479 1447 596 1488 esse
632 1442 934 1503 utrumque,
955 1443 1010 1487 et
1042 1434 1285 1503 proprius
1327 1444 1382 1487 et
1410 1434 1705 1501 adeptivus.
1748 1432 1811 1485 Et
1840 1432 1882 1485 si

341 1529 422 1574 est
449 1536 587 1575 unus
613 1521 780 1575 Filius
819 1522 956 1575 Deus
985 1521 1230 1576 Christus
1268 1522 1317 1575 in
1343 1536 1448 1574 una
1488 1535 1734 1590 persona,
1769 1536 1886 1574 om—

340 1607 466 1661 nino
489 1616 581 1661 aut
603 1618 745 1663 totus
773 1617 854 1663 est
880 1610 1146 1679 proprius,
1176 1619 1267 1663 aut
1292 1619 1435 1663 totus
1460 1611 1757 1677 adoptivus.
1781 1608 1884 1663 Sed

1986 526 2201 579 Saulum
2231 539 2296 577 ex
2322 536 2658 593 persecutore
2698 530 3097 594 prmdicatorem
3132 529 3395 584 effectum.
3427 532 3529 584 Me-

1986 622 2218 667 mentote
2247 612 2505 667 Malchum
2535 616 2879 678 monachum,
2922 616 3073 683 cujus
3100 618 3375 673 historiam
3406 621 3531 675 bea-

1984 709 2069 755 tus
2098 702 2447 772 Hieronymus
2475 720 2615 759 nunc
2637 705 2801 760 edidit
2823 699 3061 776 epistola,
3088 712 3351 777 quomodo
3379 714 3527 780 quasi

1982 792 2195 859 pietatis
2219 792 2411 846 intuitu
2434 808 2678 862 egressus
2701 803 2786 847 est
2808 810 2838 848 a
2864 797 3203 861 monasterio,
3228 799 3534 868 relinquens

1983 892 2187 948 patrem
2217 896 2391 947 suum,
2418 891 2471 937 et
2508 884 2562 936 in
2603 884 2785 953 quales
2812 886 3051 954 pervenit
3090 898 3272 955 postea
3310 889 3532 944 tribula-

1985 970 2177 1035 tiones,
2224 972 2307 1025 vel
2350 973 2580 1040 qualiter
2624 973 2826 1043 planxit
2871 978 3185 1031 monachum
3233 980 3285 1033 in
3329 994 3528 1037 eremo.

1985 1073 2140 1124 quem
2180 1060 2405 1126 perdidit
2448 1062 2501 1114 in
2539 1064 2877 1116 monasterio.
2909 1063 3051 1119 Raro
3076 1066 3316 1122 diabolus
3352 1079 3532 1137 aperta

1984 1148 2155 1202 fronte
2183 1158 2381 1217 pugnat
2406 1161 2589 1208 contra
2633 1167 2815 1204 servos
2847 1152 2959 1215 Dei,
2987 1156 3079 1209 sed
3109 1157 3209 1209 sub
3235 1158 3402 1226 figura
3426 1158 3535 1227 pie-

1985 1240 2130 1301 tatis,
2167 1240 2317 1308 quasi
2350 1240 2567 1307 majoris
2596 1242 2662 1295 sit
2704 1243 2945 1305 utilitatis
2983 1245 3133 1298 exire
3160 1246 3225 1300 de
3268 1256 3533 1302 monaste-

1985 1330 2066 1384 rio
2094 1344 2251 1398 quam
2278 1346 2610 1399 permanere.
2638 1331 2765 1387 Ovis
2794 1349 2911 1401 qua:
2939 1337 3003 1389 de
3028 1336 3150 1389 ovili
3182 1338 3453 1405 egreditur
3480 1348 3533 1390 et

1984 1436 2013 1473 a
2042 1432 2253 1491 pastore
2289 1426 2517 1488 recedit,
2562 1425 2666 1495 lupi
2714 1437 2855 1495 patet
2901 1431 3183 1484 morsibus.
3228 1432 3411 1487 Melius
3454 1445 3538 1487 est

1984 1527 2088 1565 non
2113 1527 2325 1575 vovere,
2350 1529 2508 1581 quam
2535 1524 2651 1569 vota
2676 1531 2779 1569 non
2806 1517 3043 1584 implere.
3066 1519 3202 1573 Dicit
3228 1519 3531 1589 Scriptura:

1995 1598 2174 1653 γοιεεῖε
2193 1610 2239 1652 et
2270 1602 2462 1655 reddite
2484 1603 2701 1655 Domino
2727 1604 2829 1657 Deo
2854 1617 3013 1660 vestro
3043 1608 3211 1676 (Paul.
3231 1626 3391 1671 uxr,
3425 1610 3530 1678 12).

341 1696 525 1750 melius
552 1706 660 1758 est,
705 1708 761 1751 ut
802 1707 1017 1767 propter
1046 1698 1187 1751 illam
1231 1699 1596 1752 excellentiam
1640 1707 1951 1767 naturam-_
1988 1688 2158 1741 Ver“
2187 1698 2267 1742 εει
2297 1690 2433 1745 De!“
2477 1691 2529 1743 in
2556 1692 2994 1761 Ρτοωίδδῖοηίὺυε
3032 1695 3392 1762 beatitudinis,
3420 1714 3537 1766 dum

339 1783 511 1853 μσς..
536 1764 1001 1851 excellentem—vel
1028 1786 1249 1857 naturae]
1297 1788 1387 1856 Dei
1422 1786 1605 1849 Filius,
1632 1790 1720 1855 qui
1765 1802 1886 1855 pro-
1922 1764 1961 1820 Β
1988 1778 2008 1830 (Ξ

1867 1817 1886 1827 -
1922 1764 1961 1820 Β
1988 1778 2326 1846 diligentibus
2350 1796 2406 1833 se
2435 1782 2699 1849 promittit
2727 1783 2927 1851 (Iacob.
2950 1801 2989 1847 ι,
3016 1786 3125 1855 12).
3168 1787 3234 1840 Et
3259 1803 3380 1842 vere
3403 1764 3536 1843 (ﬁcis

339 1872 486 1939 prius
506 1882 560 1927 et
587 1882 818 1928 aternus
842 1882 945 1938 est,
972 1874 1043 1927 sit
1066 1874 1368 1929 humanitas
1394 1883 1657 1943 assumpta
1685 1876 1736 1928 in
1766 1890 1884 1944 pro-

338 1959 616 2026 prietatem
646 1960 794 2025 Filii,
828 1976 987 2031 quam
1024 1970 1239 2032 propter
1272 1962 1648 2016 humanitatem
1679 1962 1770 2017 Dei
1802 1963 1885 2016 Fi-

342 2048 439 2101 lius
460 2056 690 2104 aeternus
719 2050 1023 2104 humilietur
1046 2051 1098 2103 in
1130 2049 1483 2117 adoptionem.
1513 2048 1741 2103 Omnino
1769 2064 1887 2119 pro-

341 2136 487 2209 prius
508 2136 646 2191 ﬁlius
664 2147 718 2192 et
736 2139 1014 2207 adoptivus
1032 2153 1167 2193 unus
1187 2152 1305 2193 esse
1326 2154 1429 2192 non
1451 2148 1621 2207 potest
1642 2139 1707 2193 ad
1727 2155 1887 2195 unum

339 2233 564 2293 patrem,
590 2227 661 2285 ad
684 2229 814 2282 duos
837 2237 1013 2282 autem
1042 2234 1233 2296 potest.

412 2317 534 2373 llzec
559 2319 953 2374 considerantes
980 2318 1301 2386 diligentius,
1327 2328 1379 2372 et
1402 2319 1578 2373 animo
1603 2328 1776 2372 tenete
1798 2318 1887 2373 ﬁr-

339 2407 515 2472 miter,
541 2416 594 2462 et
619 2418 922 2462 constanter
945 2409 1228 2478 prmdicate
1252 2424 1414 2463 unum
1437 2409 1629 2467 Filium
1650 2418 1705 2463 et
1726 2425 1885 2462 unum

341 2495 526 2562 Deum,
572 2498 814 2551 eumdem
860 2499 1129 2567 proprium
1175 2506 1229 2553 et
1269 2488 1451 2552 verum
1492 2496 1889 2566 perfectumque

341 2601 491 2650 esse;
520 2588 641 2655 quia
688 2589 861 2641 omnis
892 2589 1084 2641 veritas
1128 2589 1178 2641 in
1224 2588 1436 2643 Christo
1470 2598 1556 2642 est
1590 2598 1648 2643 et
1685 2589 1887 2642 nullum

338 2676 675 2744 ﬁgmentum,
719 2682 771 2729 et
815 2684 921 2728 tota
954 2676 1216 2744 plenitudo
1246 2678 1523 2731 divinitatis
1562 2678 1788 2746 (Coloss.
1818 2695 1881 2740 ιι,

338 2763 415 2832 9),
440 2771 493 2816 et
519 2763 660 2837 nulla
692 2765 973 2819 minoratio
1000 2781 1097 2819 nec
1123 2766 1375 2831 defectio;
1404 2782 1427 2806 ι
1457 2783 1554 2821 nec
1581 2782 1722 2831 eum,
1752 2770 1887 2823 sicut

338 2850 394 2903 in
427 2850 606 2905 libello
627 2851 831 2920 praefati
874 2852 1061 2907 Felicis
1096 2854 1289 2908 lectum
1318 2865 1419 2918 est,
1451 2856 1711 2923 baptismo
1742 2856 1885 2909 indi—

334 2939 532 3013 guisse,
569 2940 662 2996 sed
688 2955 807 2995 mox
837 2942 951 2994 sine
989 2952 1207 3010 peccato
1248 2951 1303 2996 et
1344 2944 1486 2995 omni
1517 2943 1633 2997 labe
1662 2944 1885 3012 peccati,

337 3027 541 3098 Spiritu
569 3036 751 3090 sancto
793 3038 1102 3097 conceptum
1130 3044 1247 3084 esse
1288 3029 1450 3083 Deum
1482 3044 1675 3106 verum
1699 3040 1753 3085 et
1785 3032 1883 3085 ho-

334 3095 532 3172 minem
577 3133 779 3172 verum.
828 3120 893 3174 Et
922 3095 971 3172 si
1014 3122 1165 3173 beata
1208 3121 1355 3190 virgo
1396 3096 1666 3189 proprium
1715 3122 1883 3190 potuit
1911 3095 1956 3153 Ο

334 3223 591 3277 generare
617 3210 715 3262 sibi
763 3209 943 3273 lilium,
978 3211 1071 3277 qui
1110 3209 1207 3263 fuit
1232 3226 1296 3264 ex
1328 3221 1527 3265 aeterno
1572 3212 1665 3266 Dei
1694 3213 1879 3276 Filius,

334 3297 600 3365 quomodo
645 3312 749 3352 non
792 3300 960 3367 potuit
991 3300 1129 3353 Deus
1176 3294 1351 3353 Pater
1378 3301 1573 3355 habere
1618 3302 1882 3356 hominem

336 3388 541 3461 Filium
561 3389 857 3457 proprium,
882 3390 972 3458 qui
1013 3405 1079 3445 ex
1109 3398 1343 3459 tempore
1376 3402 1532 3446 natus
1558 3402 1637 3447 est
1674 3408 1741 3448 ex
1775 3395 1882 3447 vir-

336 3475 490 3543 gine?
518 3475 662 3532 Unus
684 3478 899 3531 omnino
924 3486 1006 3532 est
1030 3479 1081 3531 in
1109 3487 1328 3547 utraque
1357 3488 1565 3545 natura,
1592 3482 1659 3536 ad
1683 3490 1883 3536 utrum-

335 3580 440 3635 que
481 3575 774 3637 parentem,
801 3568 1043 3623 Christus
1065 3579 1119 3621 et
1144 3569 1309 3623 Filius
1344 3571 1433 3624 Dei
1464 3572 1727 3638 proprius.
1758 3558 1884 3637 Qua

337 3656 516 3710 omnia
544 3656 768 3725 plenius,
801 3658 1091 3726 opitulante
1117 3659 1304 3712 eodem
1338 3659 1463 3721 Deo.
1486 3645 1568 3713 ide
1602 3674 1707 3727 quo
1731 3661 1885 3715 nobis

336 3758 516 3801 sermo
535 3754 636 3809 est,
659 3745 848 3803 lecturi
871 3747 1021 3801 eritis
1048 3747 1309 3801 in-eodem
1332 3748 1525 3811 libello,
1551 3764 1705 3816 quem
1729 3750 1884 3805 modo

338 3832 395 3887 in
425 3834 667 3890 manibus
706 3835 984 3891 habemus.
1035 3837 1259 3891 Tantum
1296 3838 1349 3891 in
1390 3837 1507 3890 ﬁdei
1540 3838 1789 3892 ﬁrmitate
1830 3846 1885 3890 et

340 3921 417 3976 nil
462 3922 763 3977 btesitantes
784 3920 1020 3993 [Supple,
1052 3924 1281 3995 manete]
1308 3940 1319 3975 :
1349 3927 1469 3993 quia
1515 3926 1622 3977 sine
1647 3926 1751 3991 ﬁde
1781 3925 1881 3976 im—

336 4009 574 4078 possibile
615 4019 688 4063 est
730 4010 929 4080 placere
972 4010 1105 4076 Deo,
1150 4020 1207 4063 ut
1246 4011 1529 4081 Apostolus
1572 4013 1645 4064 ait
1686 4010 1878 4081 (Hebr.

339 4116 414 4165 ιι.
442 4100 519 4170 6).
992 4106 997 4115 ‘

404 4188 729 4257 Charitatem
758 4188 1041 4245 fraternam
1081 4191 1460 4246 instantissime
1488 4191 1628 4245 inter
1654 4206 1744 4245 vos
1772 4206 1889 4247 sera

337 4283 481 4340 vate,
520 4284 578 4330 et
608 4278 864 4334 unitatem
913 4280 966 4333 in
1011 4280 1155 4333 omni
1199 4279 1457 4335 catholica
1499 4290 1654 4349 pace,
1687 4290 1742 4333 et
1782 4278 1883 4333 ﬁde

335 4371 482 4419 recta
502 4372 557 4416 et
578 4358 872 4421 humilitate
891 4381 995 4420 non
1022 4366 1161 4439 fleta.
1186 4367 1251 4421 Et
1268 4366 1620 4423 obedientiam
1649 4377 1880 4422 vestram

337 4453 628 4508 semiudum
674 4455 1001 4524 propositum
1048 4455 1304 4525 regularis
1348 4456 1468 4509 vitae
1520 4456 1664 4509 enini
1710 4457 1884 4509 studio

337 4552 566 4609 servate,
594 4551 646 4596 et
682 4544 901 4598 stabiles
933 4553 1102 4598 estote
1143 4544 1193 4597 in
1238 4545 1365 4598 locis
1396 4546 1602 4607 vestris,
1647 4546 1733 4597 ubi
1763 4560 1882 4599 vos-

336 4634 592 4701 metipsos
636 4635 853 4699 dedistis
886 4636 1021 4698 Deo;
1048 4644 1104 4699 et
1142 4635 1305 4689 nolite
1333 4636 1578 4689 deserere
1622 4645 1885 4689 monaste-

339 4721 416 4773 ria
464 4728 657 4783 vestra,
683 4728 737 4773 et
779 4722 958 4789 vagari
988 4737 1081 4789 per
1108 4724 1289 4781 saeculi
1339 4725 1617 4777 vanitates.
1657 4723 1887 4793 Tempus

338 4806 479 4861 enim
511 4806 666 4873 hujus
708 4809 828 4863 vitm
854 4810 1014 4863 breve
1054 4817 1149 4863 est
1164 4810 1238 4884 _(I
1265 4809 1383 4864 Cor.
1410 4796 1738 4880 vix,129),et
1784 4829 1885 4865 non

337 4906 455 4952 sunt
480 4897 747 4966 condigna:
776 4898 1039 4966 passiones
1080 4898 1232 4966 hujus
1258 4899 1431 4952 seculi
1456 4899 1522 4951 ad
1559 4911 1885 4968 superantu-

341 4999 452 5061 ram
475 4983 694 5059 gloriam
724 4983 896 5055 (Rom.
921 5001 1036 5049 vttl,
1070 4985 1173 5055 l8).
1214 4985 1331 5039 Non
1366 4986 1521 5039 debet
1551 4995 1737 5039 vestrm
1765 4988 1885 5039 bea-

342 5072 553 5139 titudini
585 5072 780 5129 Christi
805 5073 991 5143 jugum
1015 5074 1203 5129 durum
1252 5075 1413 5128 videri
1457 5075 1537 5128 vel
1580 5090 1881 5136 onerosum,

342 5162 433 5213 sed
460 5160 574 5215 leve
599 5168 652 5215 et
677 5177 855 5225 suave,
882 5164 1015 5216 sicut
1049 5162 1160 5231 ipse
1185 5164 1287 5227 ait;
1324 5165 1515 5232 Jugum
1546 5166 1677 5216 enim
1722 5180 1885 5215 meum

340 5266 489 5310 suae
521 5260 627 5315 est,
656 5260 702 5305 et
744 5269 870 5317 anus
917 5270 1084 5307 meum
1128 5252 1229 5306 leve
1277 5264 1349 5306 est
1400 5254 1621 5323 (Matth.
1652 5267 1739 5313 tt.
1773 5255 1883 5321 50).

344 5338 452 5393 Non
476 5341 573 5409 qui
613 5342 842 5410 ceperit,
868 5344 963 5397 sed
987 5345 1077 5413 qui
1119 5344 1556 5411 perseveraverit,
1584 5356 1760 5399 servus
1786 5344 1890 5411 erit

345 5425 549 5500 (Nam.
569 5442 628 5495 ι,
653 5429 753 5495 22;
784 5432 1141 5503 et‘xxrv,'l3).
1170 5430 1432 5486 Revocate
1453 5431 1521 5487 ad
1551 5442 1778 5489 mentem
1804 5430 1889 5487 Ju-

410 5595 436 5653 ε
463 5582 572 5637 Nec
608 5599 799 5653 eum...
830 5582 1080 5653 baptismo
1107 5583 1403 5653 indiguisse.
1456 5582 1607 5641 Hunc
1649 5604 1886 5642 errm'em

344 5652 528 5704 refutat
556 5652 808 5705 Alcuinus
838 5651 995 5705 Libro
1032 5668 1065 5703 ιι
1096 5651 1346 5706 adversus
1374 5658 1631 5708 eumdem.

1988 1866 2203 1937 [Sensus
2242 1868 2533 1941 corruptus]
2570 1886 2583 1923 :
2620 1870 2819 1927 Reddet
2853 1876 3112 1942 promissa
3140 1878 3400 1931 veritatis.
3433 1878 3538 1933 Me—

1986 1965 2218 2011 mentote
2246 1956 2554 2026 Apostolnm
2582 1959 2872 2014 dicentem:
2902 1960 3134 2027 Fratres,
3155 1967 3362 2019 stabiles
3383 1976 3539 2021 estote

1984 2051 2029 2091 et
2061 2042 2341 2097 immobiles
2390 2043 2453 2113 (1
2496 2043 2616 2099 Cor.
2645 2063 2731 2111 xv,
2756 2048 2867 2119 58).
2902 2050 2967 2103 Et
2996 2051 3225 2107 iterum:
3262 2052 3363 2118 Qui
3402 2064 3536 2115 stat.

1984 2133 2178 2197 videat,
2226 2151 2286 2186 ne
2338 2136 2488 2188 cadat
2538 2135 2589 2203 (I
2630 2135 2751 2191 Cor.
2797 2155 2856 2199 ι,
2891 2140 2997 2209 li).
3050 2140 3238 2197 Stabat
3284 2142 3538 2207 Joannes,

1983 2224 2193 2291 quando
2218 2224 2487 2278 Christum
2524 2227 2793 2282 cernebat.
2822 2229 2961 2295 Ideo,
2992 2229 3187 2286 fratres
3215 2233 3536 2297 citatissimi,

1984 2312 2186 2381 vigilate
2208 2322 2254 2366 et
2281 2323 2411 2367 state
2435 2316 2488 2367 in
2515 2315 2635 2382 ﬁde,
2671 2317 2887 2371 viriliter
2910 2320 3043 2388 agite
3065 2319 3117 2390 (1
3139 2320 3258 2374 Cor.
3290 2338 3395 2385 va,
3430 2325 3537 2391 13).

1982 2408 2037 2453 et
2064 2401 2391 2456 oonfortetur
2420 2418 2512 2457 cor
2550 2413 2785 2477 vestrum
2821 2407 2873 2460 in
2901 2408 3047 2461 omni
3092 2423 3253 2477 opere
3285 2411 3442 2465 bona
3477 2412 3539 2466 Et

1984 2490 2259 2546 Psalmista
2285 2508 2299 2545 :
2337 2486 2589 2564 Exspecta
2617 2495 2915 2559 Dominum,
2946 2499 3163 2552 viriliter
3191 2516 3301 2569 age,
3330 2502 3536 2568 confor-

1983 2591 2117 2635 tetur
2138 2598 2229 2633 cor
2256 2592 2422 2647 tuum,
2448 2594 2496 2636 et
2522 2586 2716 2637 sustine
2743 2584 3019 2639 Dominum
3043 2585 3217 2655 (Psal.
3247 2602 3393 2652 xm,
3429 2590 3535 2658 ιι).

1988 2669 2137 2740 ιιι
2162 2668 2296 2736 Quid
2322 2679 2404 2723 est
2436 2682 2669 2740 exspecta
2699 2672 2998 2741 meinuiu,
3022 2676 3127 2729 nisi
3152 2678 3329 2731 stabili
3358 2687 3539 2732 tuente

1983 2765 2248 2826 exspecta,
2274 2759 2440 2814 donec
2466 2761 2558 2815 tibi
2595 2762 2771 2815 veniat
2797 2762 2911 2817 dies
2938 2766 3412 2820 remunerationis?
3434 2766 3540 2821 Fac

1982 2845 2161 2913 omnia
2205 2861 2367 2915 opera
2416 2848 2661 2911 viriliter,
2702 2860 2756 2903 et
2800 2850 3125 2907 confortetur
3171 2867 3263 2907 cor
3294 2862 3441 2909 tuum
3487 2855 3537 2910 in

1980 2935 2340 3004 permanendo
2386 2938 2527 3005 quod
2578 2940 2816 3008 cepisti,
2867 2950 2921 2993 et
2972 2942 3175 2997 sustine
3230 2944 3537 3008 Dominum,

1984 3025 2239 3094 quidquid
2278 3026 2332 3080 in
2374 3036 2428 3082 te
2479 3027 2837 3085 tribulationis
2878 3031 2960 3085 vel
3012 3032 3209 3088 laboris
3247 3036 3536 3105 permittit,

1985 3118 2184 3170 sustine
2214 3118 2457 3171 viriliter.
2490 3119 2669 3174 Mulae
2702 3131 2822 3175 sunt
2859 3122 3214 3177 tribulatione
3240 3124 3534 3193 justorum,

1984 3215 2032 3256 et
2068 3204 2132 3257 de
2161 3206 2242 3259 his
2272 3206 2506 3261 liberabit
2538 3226 2623 3264 eos
2660 3209 2908 3265 Dominus
2963 3210 3133 3281 (Psal.
3181 3228 3383 3277 sum,
3420 3214 3532 3282 90).

1984 3294 2167 3349 Nullus
2196 3297 2342 3351 lator
2383 3300 2581 3352 amanti
2611 3299 2775 3353 Deum
2803 3300 2967 3356 durus
3006 3301 3263 3367 videatur,
3288 3304 3412 3373 quia
3451 3304 3537 3358 ille

1983 3395 2065 3441 est
2110 3397 2476 3442 remuneratur
2515 3388 2703 3453 ﬁdelis,
2728 3390 2817 3459 qui
2854 3400 2937 3444 est
2982 3391 3267 3445 auxiliator
3295 3393 3533 3453 idoneus.

1984 3475 2072 3543 qui
2117 3490 2383 3542 nunquam
2436 3476 2634 3530 deserit
2675 3486 2951 3547 sperantes
2993 3478 3047 3531 in
3079 3494 3153 3532 se.
3205 3479 3537 3548 Respondeat

1982 3560 2140 3615 homo
2167 3562 2609 3631 .suggestiooihns
2651 3564 2843 3619 diaboli
2880 3580 2894 3618 :
2944 3565 3199 3621 Dominus
3248 3568 3532 3623 auxiliator

1984 3646 2109 3699 miti
2140 3655 2244 3710 e‘st,
2268 3664 2369 3705 non
2398 3651 2583 3702 timebo
2625 3652 2749 3717 quid
2789 3652 2941 3718 faciet
2965 3646 3116 3705 homo
3159 3651 3327 3719 (Ptol.
3358 3668 3533 3717 cum,

1982 3735 2056 3804 6),
2084 3737 2135 3791 id
2158 3745 2260 3800 est,
2290 3738 2517 3793 carnalis
2545 3739 2840 3795 delectatio.
2891 3741 3019 3799 ltem
3046 3758 3058 3793 :
3088 3741 3352 3797 Declinate
3380 3762 3413 3796 a
3454 3762 3536 3799 me

1981 3826 2211 3896 maligni,
2235 3838 2280 3882 et
2322 3831 2590 3883 scrutabor
2612 3832 2859 3886 mandata
2896 3832 2989 3887 Dei
3010 3834 3108 3888 nui
3134 3832 3303 3904 (Psal.
3346 3850 3531 3898 cum,

1986 3918 2123 3987 115).
2146 3918 2213 3977 Et
2239 3920 2427 3974 iterum
2458 3938 2469 3973 :
2500 3919 2764 3977 Auxilium
2794 3939 2960 3976 ineunt
2982 3940 3017 3979 α
3043 3923 3282 3988 Domino,
3307 3928 3393 3995 qui
3412 3925 3533 3994 fecit

1982 4003 2161 4057 calum
2189 4015 2234 4057 et
2262 4015 2472 4059 terram
2502 4006 2753 4061 Dominus
2772 4006 3035 4107 caught
3067 4011 3331 4065 introitum
3354 4022 3399 4064 et
3425 4014 3532 4065 exi-

1981 4100 2088 4143 tum
2114 4107 2372 4145 servorum
2406 4109 2615 4146 suorum
2643 4111 2704 4149 ea:
2730 4086 2835 4159 hae.
2854 4086 3000 4151 ὐῖῗηε
3029 4106 3075 4151 et
3103 4115 3261 4173 usque
3289 4101 3342 4153 in
3372 4116 3532 4155 secu-

1980 4181 2086 4233 lam
2132 4181 2301 4251 (Ptol.
2325 4196 2448 4245 cxx.
2474 4183 2528 4249 ε,
2560 4185 2635 4255 ε).
2668 4184 2809 4250 Ηεεε,
2842 4187 3378 4257 charissimifratree,
3415 4190 3530 4246 feli-

1980 4270 2112 4326 citer
2138 4272 2313 4340 legite,
2336 4282 2389 4326 et
2419 4272 2643 4329 ﬁdeliter
2668 4274 2897 4344 implete,
2917 4286 2974 4330 et
2996 4276 3252 4336 Dominus
3278 4281 3416 4339 Deus
3438 4296 3527 4337 vos

1985 4362 2197 4430 adjuvet
2220 4372 2272 4415 et
2294 4361 2553 4429 proﬁcere
2580 4362 2738 4421 iaciat
2762 4366 2815 4419 in
2840 4366 2985 4441 omni
3014 4368 3179 4433 bono;
3208 4377 3261 4422 et
3281 4370 3532 4445 exaudiat

1983 4450 2250 4505 orationes
2294 4458 2499 4504 vestras
2519 4465 2620 4519 pro
2648 4448 2915 4517 omnibus,
2941 4463 2996 4509 et
3021 4470 3119 4524 pro
3148 4472 3230 4510 me
3262 4456 3400 4513 ﬁdeli
3441 4473 3531 4515 ve—

1983 4550 2094 4595 stro
2139 4540 2407 4610 adiutore,
2449 4551 2504 4596 et
2548 4543 2811 4608 Dominus
2847 4544 2986 4599 Deus
3022 4548 3283 4601 custodiat
3332 4562 3425 4603 vos
3474 4549 3529 4605 in

1984 4642 2177 4685 :eterna
2208 4646 2334 4698 pace
2358 4641 2410 4685 ot
2439 4633 2697 4687 charitate
2730 4632 2979 4704 perfecta,
3012 4636 3109 4689 viri
3137 4635 3327 4692 fratres
3354 4649 3419 4692 et
3434 4639 3530 4694 ﬁlii

1986 4720 2299 4776 chari‘ssimi.
2852 4780 2855 4783 _

2476 4808 2503 4847 δ
2541 4807 2863 4864 EPISTOLA
2898 4808 3030 4864 CXI.

2439 4914 2497 4949 ΚΒ
2538 4914 2769 4952 Πυτιεε
2806 4915 2857 4954 IN
2896 4916 3106 4955 οοτιιιλ.

2541 4986 2714 5055 (Anno
2744 4988 2989 5059 incerto.)

1991 5072 2241 5153 Hortatur
2269 5076 2335 5127 ad
2367 5077 2727 5153 ptenitentiam,
2760 5062 2826 5153 ad
2850 5079 3351 5153 observantiamrvita'
3377 5100 3526 5153 regu-

2081 5144 2228 5219 laris,
2257 5155 2302 5196 et
2328 5145 2394 5195 ad
2425 5144 2775 5212 fortitudinem
2799 5148 2851 5197 in
2873 5157 3046 5198 exorta
3074 5151 3420 5203 tribulatione.

2055 5254 2414 5310 Sanctissimis
2437 5255 2492 5307 in
2515 5253 2710 5309 Christi
2736 5256 2995 5311 charitate
3019 5257 3290 5321 fratribus,
3313 5261 3526 5329 Deoque

1989 5350 2039 5401 in
2062 5348 2285 5402 diversis
2307 5342 2512 5417 Gothia:
2544 5338 2793 5419 partibus.
2807 5348 3033 5421 ﬁdeliter
3058 5350 3408 5421 servientibus
3430 5356 3525 5410 hu-

1988 5437 2127 5493 milis
2149 5428 2308 5493 levlta
2328 5431 2581 5495 Alcuinus
2602 5434 2847 5493 salutem.

2057 5596 2081 5633 ι»
2118 5572 2526 5657 malignam.
2558 5588 2623 5647 99
2655 5606 2717 5648 ex
2743 5611 2841 5649 ms.
2872 5596 3042 5666 (Apud
3069 5598 3297 5651 ιτιηδρη.
3328 5599 3435 5666 95).
