  <div class='ocr_page' id='page_1' title='image "/cluster/home/n/w/nwhite01/storage/ocr_20150623/100/uva.x000827058/175.png"; bbox 0 0 4238 6192; ppageno 0'>
   <div class='ocr_carea' id='block_1_1' title="bbox 602 266 771 342">
    <p class='ocr_par' dir='ltr' id='par_1_1' title="bbox 602 266 771 342">
     <span class='ocr_line' id='line_1_1' title="bbox 602 266 771 342; baseline -0.006 -1"><span class='ocrx_word' id='word_1_1' title='bbox 602 287 709 342; x_wconf 66' lang='lat' dir='ltr'><strong>sas</strong></span> <span class='ocrx_word' id='word_1_2' title='bbox 764 266 771 274; x_wconf 78' lang='grc'><em>’</em></span> 
     </span>
    </p>
   </div>
   <div class='ocr_carea' id='block_1_2' title="bbox 1436 282 2927 341">
    <p class='ocr_par' dir='ltr' id='par_1_2' title="bbox 1436 282 2927 341">
     <span class='ocr_line' id='line_1_2' title="bbox 1436 282 2927 341; baseline -0.003 -2"><span class='ocrx_word' id='word_1_3' title='bbox 1436 287 1490 340; x_wconf 85' lang='grc' dir='ltr'><strong>Β.</strong></span> <span class='ocrx_word' id='word_1_4' title='bbox 1535 288 1591 340; x_wconf 76' lang='grc' dir='ltr'><strong>ΐ.</strong></span> <span class='ocrx_word' id='word_1_5' title='bbox 1634 287 1850 341; x_wconf 70' lang='lat' dir='ltr'><strong>ALBINI</strong></span> <span class='ocrx_word' id='word_1_6' title='bbox 1892 287 2020 341; x_wconf 67' lang='grc' dir='ltr'><strong>διςυ</strong></span> <span class='ocrx_word' id='word_1_7' title='bbox 2061 285 2330 341; x_wconf 66' lang='grc' dir='ltr'><strong>Αἰιίζυιέέι</strong></span> <span class='ocrx_word' id='word_1_8' title='bbox 2365 284 2640 339; x_wconf 71' lang='lat' dir='ltr'><strong>OPERUM</strong></span> <span class='ocrx_word' id='word_1_9' title='bbox 2677 282 2852 338; x_wconf 72' lang='lat' dir='ltr'><strong>PARS</strong></span> <span class='ocrx_word' id='word_1_10' title='bbox 2889 283 2927 336; x_wconf 86' lang='grc' dir='ltr'>Ι.</span> 
     </span>
    </p>
   </div>
   <div class='ocr_carea' id='block_1_3' title="bbox 3701 289 3805 343">
    <p class='ocr_par' dir='ltr' id='par_1_3' title="bbox 3701 289 3805 343">
     <span class='ocr_line' id='line_1_3' title="bbox 3701 289 3805 343; baseline 0 -2"><span class='ocrx_word' id='word_1_11' title='bbox 3701 289 3805 343; x_wconf 73' lang='grc'><strong>356</strong></span> 
     </span>
    </p>
   </div>
   <div class='ocr_carea' id='block_1_4' title="bbox 670 394 3806 471">
    <p class='ocr_par' dir='ltr' id='par_1_4' title="bbox 670 394 3806 471">
     <span class='ocr_line' id='line_1_4' title="bbox 670 394 3806 471; baseline 0.001 -18"><span class='ocrx_word' id='word_1_12' title='bbox 670 399 914 471; x_wconf 75' lang='lat' dir='ltr'><strong>Legimus</strong></span> <span class='ocrx_word' id='word_1_13' title='bbox 941 399 1219 454; x_wconf 87' lang='lat' dir='ltr'><strong>Dominum</strong></span> <span class='ocrx_word' id='word_1_14' title='bbox 1254 398 1525 468; x_wconf 79' lang='lat' dir='ltr'><strong>discipulis</strong></span> <span class='ocrx_word' id='word_1_15' title='bbox 1548 400 1861 469; x_wconf 67' lang='lat' dir='ltr'><strong>praecepisse</strong></span> <span class='ocrx_word' id='word_1_16' title='bbox 1887 405 1944 451; x_wconf 89' lang='lat' dir='ltr'><strong>ut</strong></span> <span class='ocrx_word' id='word_1_17' title='bbox 1972 397 2151 452; x_wconf 90' lang='lat' dir='ltr'><strong>turbas</strong></span> <span class='ocrx_word' id='word_1_18' title='bbox 2182 402 2225 453; x_wconf 79' lang='grc' dir='ltr'><strong>Α</strong></span> <span class='ocrx_word' id='word_1_19' title='bbox 2321 397 2431 467; x_wconf 81' lang='lat' dir='ltr'><strong>Ego</strong></span> <span class='ocrx_word' id='word_1_20' title='bbox 2476 412 2603 451; x_wconf 88' lang='lat' dir='ltr'><strong>vero</strong></span> <span class='ocrx_word' id='word_1_21' title='bbox 2651 394 2837 451; x_wconf 67' lang='lat' dir='ltr'><strong>muli</strong></span> <span class='ocrx_word' id='word_1_22' title='bbox 2886 396 3285 466; x_wconf 72' lang='lat' dir='ltr'><strong>tempestatibus</strong></span> <span class='ocrx_word' id='word_1_23' title='bbox 3342 399 3606 465; x_wconf 85' lang='lat' dir='ltr'><strong>turbatus,</strong></span> <span class='ocrx_word' id='word_1_24' title='bbox 3650 406 3806 457; x_wconf 76' lang='lat' dir='ltr'><strong>Cassa</strong></span> 
     </span>
    </p>
   </div>
   <div class='ocr_carea' id='block_1_5' title="bbox 601 489 2153 571">
    <p class='ocr_par' dir='ltr' id='par_1_5' title="bbox 601 489 2153 571">
     <span class='ocr_line' id='line_1_5' title="bbox 601 489 2153 571; baseline -0.001 -25"><span class='ocrx_word' id='word_1_25' title='bbox 601 506 696 560; x_wconf 82' lang='lat' dir='ltr'><strong>per</strong></span> <span class='ocrx_word' id='word_1_26' title='bbox 720 489 1067 545; x_wconf 84' lang='lat' dir='ltr'><strong>contubernia</strong></span> <span class='ocrx_word' id='word_1_27' title='bbox 1115 489 1447 545; x_wconf 67' lang='lat' dir='ltr'><strong>discumbere</strong></span> <span class='ocrx_word' id='word_1_28' title='bbox 1468 489 1731 552; x_wconf 76' lang='lat' dir='ltr'><strong>fecissent,</strong></span> <span class='ocrx_word' id='word_1_29' title='bbox 1757 490 2153 571; x_wconf 76' lang='lat' dir='ltr'><strong>quinquagenos</strong></span> 
     </span>
    </p>
   </div>
   <div class='ocr_carea' id='block_1_6' title="bbox 602 579 2153 650">
    <p class='ocr_par' dir='ltr' id='par_1_6' title="bbox 602 579 2153 650">
     <span class='ocr_line' id='line_1_6' title="bbox 602 579 2153 650; baseline 0 -16"><span class='ocrx_word' id='word_1_30' title='bbox 602 589 655 635; x_wconf 89' lang='lat' dir='ltr'><strong>et</strong></span> <span class='ocrx_word' id='word_1_31' title='bbox 666 580 1094 650; x_wconf 87' lang='lat' dir='ltr'><strong>quinquagenos;</strong></span> <span class='ocrx_word' id='word_1_32' title='bbox 1115 593 1249 647; x_wconf 88' lang='lat' dir='ltr'><strong>quos</strong></span> <span class='ocrx_word' id='word_1_33' title='bbox 1260 593 1447 633; x_wconf 88' lang='lat' dir='ltr'><strong>omnes</strong></span> <span class='ocrx_word' id='word_1_34' title='bbox 1458 580 1614 635; x_wconf 90' lang='lat' dir='ltr'><strong>unius</strong></span> <span class='ocrx_word' id='word_1_35' title='bbox 1625 579 1779 648; x_wconf 87' lang='lat' dir='ltr'><strong>panis</strong></span> <span class='ocrx_word' id='word_1_36' title='bbox 1793 579 2059 634; x_wconf 69' lang='lat' dir='ltr'><strong>soliditate</strong></span> <span class='ocrx_word' id='word_1_37' title='bbox 2074 592 2153 633; x_wconf 85' lang='lat' dir='ltr'><strong>re-</strong></span> 
     </span>
    </p>
   </div>
   <div class='ocr_carea' id='block_1_7' title="bbox 604 668 2149 739">
    <p class='ocr_par' dir='ltr' id='par_1_7' title="bbox 604 668 2149 739">
     <span class='ocr_line' id='line_1_7' title="bbox 604 668 2149 739; baseline -0.001 -16"><span class='ocrx_word' id='word_1_38' title='bbox 604 668 688 725; x_wconf 84' lang='lat' dir='ltr'><strong>fici</strong></span> <span class='ocrx_word' id='word_1_39' title='bbox 707 669 919 723; x_wconf 82' lang='lat' dir='ltr'><strong>volebat</strong></span> <span class='ocrx_word' id='word_1_40' title='bbox 942 668 1091 739; x_wconf 75' lang='lat' dir='ltr'><strong>(Luc.</strong></span> <span class='ocrx_word' id='word_1_41' title='bbox 1118 683 1191 732; x_wconf 85' lang='lat' dir='ltr'><strong>ix,</strong></span> <span class='ocrx_word' id='word_1_42' title='bbox 1224 668 1328 739; x_wconf 66' lang='grc'><strong>14).</strong></span> <span class='ocrx_word' id='word_1_43' title='bbox 1360 668 1854 739; x_wconf 84' lang='lat' dir='ltr'><strong>Quinquagenarius</strong></span> <span class='ocrx_word' id='word_1_44' title='bbox 1880 669 2149 730; x_wconf 81' lang='lat' dir='ltr'><strong>numerus&quot;,</strong></span> 
     </span>
    </p>
   </div>
   <div class='ocr_carea' id='block_1_8' title="bbox 604 756 2153 828">
    <p class='ocr_par' dir='ltr' id='par_1_8' title="bbox 604 756 2153 828">
     <span class='ocr_line' id='line_1_8' title="bbox 604 756 2153 828; baseline -0.001 -16"><span class='ocrx_word' id='word_1_45' title='bbox 604 759 656 812; x_wconf 92' lang='lat' dir='ltr'><strong>in</strong></span> <span class='ocrx_word' id='word_1_46' title='bbox 671 773 778 828; x_wconf 87' lang='lat' dir='ltr'><strong>quo</strong></span> <span class='ocrx_word' id='word_1_47' title='bbox 794 758 879 813; x_wconf 86' lang='lat' dir='ltr'><strong>lex</strong></span> <span class='ocrx_word' id='word_1_48' title='bbox 894 759 1016 811; x_wconf 90' lang='lat' dir='ltr'><strong>data</strong></span> <span class='ocrx_word' id='word_1_49' title='bbox 1035 764 1135 820; x_wconf 88' lang='lat' dir='ltr'><strong>est,</strong></span> <span class='ocrx_word' id='word_1_50' title='bbox 1156 757 1267 826; x_wconf 88' lang='lat' dir='ltr'><strong>ipse</strong></span> <span class='ocrx_word' id='word_1_51' title='bbox 1294 756 1528 826; x_wconf 86' lang='lat' dir='ltr'><strong>Spiritus</strong></span> <span class='ocrx_word' id='word_1_52' title='bbox 1546 757 1840 811; x_wconf 86' lang='lat' dir='ltr'><strong>Paraclitus</strong></span> <span class='ocrx_word' id='word_1_53' title='bbox 1856 771 1885 809; x_wconf 91' lang='lat' dir='ltr'><strong>a</strong></span> <span class='ocrx_word' id='word_1_54' title='bbox 1914 757 2070 811; x_wconf 82' lang='lat' dir='ltr'><strong>Patre</strong></span> <span class='ocrx_word' id='word_1_55' title='bbox 2100 765 2153 811; x_wconf 90' lang='lat' dir='ltr'><strong>et</strong></span> 
     </span>
    </p>
   </div>
   <div class='ocr_carea' id='block_1_9' title="bbox 605 836 2161 919">
    <p class='ocr_par' dir='ltr' id='par_1_9' title="bbox 605 836 2161 919">
     <span class='ocr_line' id='line_1_9' title="bbox 605 836 2161 919; baseline -0.003 -14"><span class='ocrx_word' id='word_1_56' title='bbox 605 851 739 906; x_wconf 73' lang='lat' dir='ltr'><strong>Filio</strong></span> <span class='ocrx_word' id='word_1_57' title='bbox 761 836 977 915; x_wconf 67' lang='lat' dir='ltr'><strong>missus,</strong></span> <span class='ocrx_word' id='word_1_58' title='bbox 1004 851 1094 919; x_wconf 87' lang='lat' dir='ltr'><strong>qui</strong></span> <span class='ocrx_word' id='word_1_59' title='bbox 1109 850 1161 903; x_wconf 91' lang='lat' dir='ltr'><strong>in</strong></span> <span class='ocrx_word' id='word_1_60' title='bbox 1182 857 1392 905; x_wconf 79' lang='lat' dir='ltr'><strong>centum</strong></span> <span class='ocrx_word' id='word_1_61' title='bbox 1414 848 1599 917; x_wconf 87' lang='lat' dir='ltr'><strong>viginti</strong></span> <span class='ocrx_word' id='word_1_62' title='bbox 1620 848 1834 903; x_wconf 86' lang='lat' dir='ltr'><strong>nomina</strong></span> <span class='ocrx_word' id='word_1_63' title='bbox 1860 848 2161 910; x_wconf 69' lang='lat' dir='ltr'><strong>descendit,</strong></span> 
     </span>
    </p>
   </div>
   <div class='ocr_carea' id='block_1_10' title="bbox 604 935 2152 1010">
    <p class='ocr_par' dir='ltr' id='par_1_10' title="bbox 604 935 2152 1010">
     <span class='ocr_line' id='line_1_10' title="bbox 604 935 2152 1010; baseline -0.003 -16"><span class='ocrx_word' id='word_1_64' title='bbox 604 940 968 995; x_wconf 75' lang='lat' dir='ltr'><strong>reinissionem</strong></span> <span class='ocrx_word' id='word_1_65' title='bbox 997 947 1335 1008; x_wconf 87' lang='lat' dir='ltr'><strong>peccatorum</strong></span> <span class='ocrx_word' id='word_1_66' title='bbox 1354 936 1663 1007; x_wconf 69' lang='lat' dir='ltr'><strong>significat:</strong></span> <span class='ocrx_word' id='word_1_67' title='bbox 1700 952 1860 1005; x_wconf 91' lang='lat' dir='ltr'><strong>quam</strong></span> <span class='ocrx_word' id='word_1_68' title='bbox 1882 951 2068 1010; x_wconf 88' lang='lat' dir='ltr'><strong>omnes</strong></span> <span class='ocrx_word' id='word_1_69' title='bbox 2088 935 2152 988; x_wconf 87' lang='lat' dir='ltr'><strong>fi-</strong></span> 
     </span>
    </p>
   </div>
   <div class='ocr_carea' id='block_1_11' title="bbox 602 1026 2155 1098">
    <p class='ocr_par' dir='ltr' id='par_1_11' title="bbox 602 1026 2155 1098">
     <span class='ocr_line' id='line_1_11' title="bbox 602 1026 2155 1098; baseline -0.003 -13"><span class='ocrx_word' id='word_1_70' title='bbox 602 1030 750 1085; x_wconf 82' lang='lat' dir='ltr'><strong>deles</strong></span> <span class='ocrx_word' id='word_1_71' title='bbox 771 1031 839 1083; x_wconf 86' lang='lat' dir='ltr'><strong>.in</strong></span> <span class='ocrx_word' id='word_1_72' title='bbox 863 1030 1029 1098; x_wconf 82' lang='lat' dir='ltr'><strong>ipsius</strong></span> <span class='ocrx_word' id='word_1_73' title='bbox 1045 1029 1214 1083; x_wconf 82' lang='lat' dir='ltr'><strong>sancti</strong></span> <span class='ocrx_word' id='word_1_74' title='bbox 1236 1027 1466 1097; x_wconf 83' lang='lat' dir='ltr'><strong>Spiritus</strong></span> <span class='ocrx_word' id='word_1_75' title='bbox 1489 1027 1658 1097; x_wconf 88' lang='lat' dir='ltr'><strong>gratia</strong></span> <span class='ocrx_word' id='word_1_76' title='bbox 1678 1026 1960 1095; x_wconf 85' lang='lat' dir='ltr'><strong>accipiunt,</strong></span> <span class='ocrx_word' id='word_1_77' title='bbox 1982 1026 2155 1095; x_wconf 90' lang='lat' dir='ltr'><strong>primo</strong></span> 
     </span>
    </p>
   </div>
   <div class='ocr_carea' id='block_1_12' title="bbox 588 1108 2156 1185">
    <p class='ocr_par' dir='ltr' id='par_1_12' title="bbox 588 1108 2156 1185">
     <span class='ocr_line' id='line_1_12' title="bbox 588 1108 2156 1185; baseline -0.001 -16"><span class='ocrx_word' id='word_1_78' title='bbox 588 1108 658 1171; x_wconf 86' lang='lat' dir='ltr'><strong>in</strong></span> <span class='ocrx_word' id='word_1_79' title='bbox 688 1124 1022 1177; x_wconf 82' lang='lat' dir='ltr'><strong>sacramento</strong></span> <span class='ocrx_word' id='word_1_80' title='bbox 1058 1114 1425 1185; x_wconf 80' lang='lat' dir='ltr'><strong>baptismatis;</strong></span> <span class='ocrx_word' id='word_1_81' title='bbox 1477 1114 1709 1169; x_wconf 88' lang='lat' dir='ltr'><strong>secundo</strong></span> <span class='ocrx_word' id='word_1_82' title='bbox 1749 1113 1802 1167; x_wconf 92' lang='lat' dir='ltr'><strong>in</strong></span> <span class='ocrx_word' id='word_1_83' title='bbox 1830 1114 2156 1182; x_wconf 67' lang='lat' dir='ltr'><strong>paenitentiae</strong></span> 
     </span>
    </p>
   </div>
   <div class='ocr_carea' id='block_1_13' title="bbox 606 1199 2154 1273">
    <p class='ocr_par' dir='ltr' id='par_1_13' title="bbox 606 1199 2154 1273">
     <span class='ocr_line' id='line_1_13' title="bbox 606 1199 2154 1273; baseline -0.002 -16"><span class='ocrx_word' id='word_1_84' title='bbox 606 1204 874 1273; x_wconf 86' lang='lat' dir='ltr'><strong>lacrymis,</strong></span> <span class='ocrx_word' id='word_1_85' title='bbox 898 1204 1089 1273; x_wconf 83' lang='lat' dir='ltr'><strong>quibus</strong></span> <span class='ocrx_word' id='word_1_86' title='bbox 1112 1202 1289 1261; x_wconf 85' lang='lat' dir='ltr'><strong>anima</strong></span> <span class='ocrx_word' id='word_1_87' title='bbox 1311 1199 1581 1270; x_wconf 78' lang='lat' dir='ltr'><strong>peccatrix</strong></span> <span class='ocrx_word' id='word_1_88' title='bbox 1607 1200 1782 1254; x_wconf 85' lang='lat' dir='ltr'><strong>abluta</strong></span> <span class='ocrx_word' id='word_1_89' title='bbox 1810 1201 1876 1255; x_wconf 91' lang='lat' dir='ltr'><strong>ad</strong></span> <span class='ocrx_word' id='word_1_90' title='bbox 1900 1200 2154 1254; x_wconf 82' lang='lat' dir='ltr'><strong>visionem</strong></span> 
     </span>
    </p>
   </div>
   <div class='ocr_carea' id='block_1_14' title="bbox 606 1291 2158 1361">
    <p class='ocr_par' dir='ltr' id='par_1_14' title="bbox 606 1291 2158 1361">
     <span class='ocr_line' id='line_1_14' title="bbox 606 1291 2158 1361; baseline -0.001 -13"><span class='ocrx_word' id='word_1_91' title='bbox 606 1295 697 1348; x_wconf 85' lang='lat' dir='ltr'><strong>Dei</strong></span> <span class='ocrx_word' id='word_1_92' title='bbox 719 1293 1011 1348; x_wconf 86' lang='lat' dir='ltr'><strong>Salvatoris</strong></span> <span class='ocrx_word' id='word_1_93' title='bbox 1035 1291 1315 1361; x_wconf 76' lang='lat' dir='ltr'><strong>pervenire</strong></span> <span class='ocrx_word' id='word_1_94' title='bbox 1342 1292 1664 1356; x_wconf 87' lang='lat' dir='ltr'><strong>merebitur;</strong></span> <span class='ocrx_word' id='word_1_95' title='bbox 1690 1291 1897 1346; x_wconf 89' lang='lat' dir='ltr'><strong>dicente</strong></span> <span class='ocrx_word' id='word_1_96' title='bbox 1926 1293 2037 1361; x_wconf 87' lang='lat' dir='ltr'><strong>ipsa</strong></span> <span class='ocrx_word' id='word_1_97' title='bbox 2056 1293 2158 1346; x_wconf 80' lang='lat' dir='ltr'><strong>Ve—</strong></span> 
     </span>
    </p>
   </div>
   <div class='ocr_carea' id='block_1_15' title="bbox 606 1380 2158 1450">
    <p class='ocr_par' dir='ltr' id='par_1_15' title="bbox 606 1380 2158 1450">
     <span class='ocr_line' id='line_1_15' title="bbox 606 1380 2158 1450; baseline -0.003 -11"><span class='ocrx_word' id='word_1_98' title='bbox 606 1385 764 1439; x_wconf 77' lang='lat' dir='ltr'><strong>ritate</strong></span> <span class='ocrx_word' id='word_1_99' title='bbox 791 1401 806 1436; x_wconf 86' lang='lat'><strong>:</strong></span> <span class='ocrx_word' id='word_1_100' title='bbox 837 1382 987 1436; x_wconf 80' lang='lat' dir='ltr'><strong>Beati</strong></span> <span class='ocrx_word' id='word_1_101' title='bbox 1011 1382 1203 1435; x_wconf 70' lang='lat' dir='ltr'><strong>mundo</strong></span> <span class='ocrx_word' id='word_1_102' title='bbox 1226 1381 1402 1446; x_wconf 81' lang='lat' dir='ltr'><strong>corde,</strong></span> <span class='ocrx_word' id='word_1_103' title='bbox 1429 1382 1673 1450; x_wconf 65' lang='lat' dir='ltr'><strong>quoniam</strong></span> <span class='ocrx_word' id='word_1_104' title='bbox 1701 1382 1798 1450; x_wconf 88' lang='lat' dir='ltr'><strong>ipsi</strong></span> <span class='ocrx_word' id='word_1_105' title='bbox 1824 1380 1986 1434; x_wconf 80' lang='lat' dir='ltr'><strong>Deum</strong></span> <span class='ocrx_word' id='word_1_106' title='bbox 2021 1381 2158 1434; x_wconf 74' lang='lat' dir='ltr'><strong>ride-</strong></span> 
     </span>
    </p>
   </div>
   <div class='ocr_carea' id='block_1_16' title="bbox 608 1471 2159 1549">
    <p class='ocr_par' dir='ltr' id='par_1_16' title="bbox 608 1471 2159 1549">
     <span class='ocr_line' id='line_1_16' title="bbox 608 1471 2159 1549; baseline -0.003 -20"><span class='ocrx_word' id='word_1_107' title='bbox 608 1478 729 1529; x_wconf 74' lang='lat' dir='ltr'><strong>bunt</strong></span> <span class='ocrx_word' id='word_1_108' title='bbox 750 1472 962 1549; x_wconf 53' lang='lat' dir='ltr'><strong>(ﬂuuii.</strong></span> <span class='ocrx_word' id='word_1_109' title='bbox 994 1489 1047 1536; x_wconf 86' lang='lat' dir='ltr'><strong>v,</strong></span> <span class='ocrx_word' id='word_1_110' title='bbox 1074 1472 1149 1541; x_wconf 90' lang='grc'><strong>8).</strong></span> <span class='ocrx_word' id='word_1_111' title='bbox 1178 1471 1309 1527; x_wconf 85' lang='lat' dir='ltr'><strong>Ecce</strong></span> <span class='ocrx_word' id='word_1_112' title='bbox 1332 1488 1466 1525; x_wconf 86' lang='lat' dir='ltr'><strong>nunc</strong></span> <span class='ocrx_word' id='word_1_113' title='bbox 1486 1480 1683 1542; x_wconf 79' lang='lat' dir='ltr'><strong>tempus</strong></span> <span class='ocrx_word' id='word_1_114' title='bbox 1702 1471 2028 1549; x_wconf 82' lang='lat' dir='ltr'><strong>acceptab.le,</strong></span> <span class='ocrx_word' id='word_1_115' title='bbox 2046 1488 2159 1525; x_wconf 84' lang='lat' dir='ltr'><strong>ecce</strong></span> 
     </span>
    </p>
   </div>
   <div class='ocr_carea' id='block_1_17' title="bbox 608 1545 2159 1633">
    <p class='ocr_par' dir='ltr' id='par_1_17' title="bbox 608 1545 2159 1633">
     <span class='ocr_line' id='line_1_17' title="bbox 608 1545 2159 1633; baseline -0.004 -14"><span class='ocrx_word' id='word_1_116' title='bbox 608 1545 865 1619; x_wconf 68' lang='lat' dir='ltr'><strong>mdia</strong></span> <span class='ocrx_word' id='word_1_117' title='bbox 889 1561 1169 1633; x_wconf 80' lang='lat' dir='ltr'><strong>salutis(II</strong></span> <span class='ocrx_word' id='word_1_118' title='bbox 1183 1562 1301 1616; x_wconf 83' lang='lat' dir='ltr'><strong>Cor.</strong></span> <span class='ocrx_word' id='word_1_119' title='bbox 1319 1577 1395 1626; x_wconf 78' lang='lat' dir='ltr'><strong>v1,</strong></span> <span class='ocrx_word' id='word_1_120' title='bbox 1409 1560 1483 1632; x_wconf 76' lang='lat'><strong>2).</strong></span> <span class='ocrx_word' id='word_1_121' title='bbox 1502 1545 1807 1615; x_wconf 69' lang='lat' dir='ltr'><strong>lfundemas</strong></span> <span class='ocrx_word' id='word_1_122' title='bbox 1823 1578 1914 1615; x_wconf 84' lang='lat' dir='ltr'><strong>nos</strong></span> <span class='ocrx_word' id='word_1_123' title='bbox 1936 1562 1998 1614; x_wconf 78' lang='lat' dir='ltr'><strong>ab</strong></span> <span class='ocrx_word' id='word_1_124' title='bbox 2022 1553 2159 1614; x_wconf 79' lang='lat' dir='ltr'><strong>omni</strong></span> 
     </span>
    </p>
   </div>
   <div class='ocr_carea' id='block_1_18' title="bbox 2254 483 3807 555">
    <p class='ocr_par' dir='ltr' id='par_1_18' title="bbox 2254 483 3807 555">
     <span class='ocr_line' id='line_1_18' title="bbox 2254 483 3807 555; baseline 0.003 -19"><span class='ocrx_word' id='word_1_125' title='bbox 2254 483 2433 539; x_wconf 89' lang='lat' dir='ltr'><strong>multis</strong></span> <span class='ocrx_word' id='word_1_126' title='bbox 2457 485 2509 539; x_wconf 92' lang='lat' dir='ltr'><strong>in</strong></span> <span class='ocrx_word' id='word_1_127' title='bbox 2538 484 2669 540; x_wconf 87' lang='lat' dir='ltr'><strong>locis</strong></span> <span class='ocrx_word' id='word_1_128' title='bbox 2690 484 2871 538; x_wconf 86' lang='lat' dir='ltr'><strong>labore</strong></span> <span class='ocrx_word' id='word_1_129' title='bbox 2897 484 3181 549; x_wconf 85' lang='lat' dir='ltr'><strong>desudavi;</strong></span> <span class='ocrx_word' id='word_1_130' title='bbox 3210 484 3482 544; x_wconf 83' lang='lat' dir='ltr'><strong>sedmodo</strong></span> <span class='ocrx_word' id='word_1_131' title='bbox 3502 487 3654 555; x_wconf 86' lang='lat' dir='ltr'><strong>quasi</strong></span> <span class='ocrx_word' id='word_1_132' title='bbox 3674 502 3807 541; x_wconf 78' lang='lat' dir='ltr'><strong>nau-</strong></span> 
     </span>
    </p>
   </div>
   <div class='ocr_carea' id='block_1_19' title="bbox 2252 572 3802 649">
    <p class='ocr_par' dir='ltr' id='par_1_19' title="bbox 2252 572 3802 649">
     <span class='ocr_line' id='line_1_19' title="bbox 2252 572 3802 649; baseline 0.002 -22"><span class='ocrx_word' id='word_1_133' title='bbox 2252 572 2451 644; x_wconf 86' lang='lat' dir='ltr'><strong>fragus,</strong></span> <span class='ocrx_word' id='word_1_134' title='bbox 2479 574 2589 629; x_wconf 84' lang='lat' dir='ltr'><strong>Deo</strong></span> <span class='ocrx_word' id='word_1_135' title='bbox 2612 574 2918 639; x_wconf 82' lang='lat' dir='ltr'><strong>miserante,</strong></span> <span class='ocrx_word' id='word_1_136' title='bbox 2949 575 3016 629; x_wconf 87' lang='lat' dir='ltr'><strong>ad</strong></span> <span class='ocrx_word' id='word_1_137' title='bbox 3055 583 3267 645; x_wconf 90' lang='lat' dir='ltr'><strong>portum</strong></span> <span class='ocrx_word' id='word_1_138' title='bbox 3293 575 3532 649; x_wconf 74' lang='lat' dir='ltr'><strong>deiectus</strong></span> <span class='ocrx_word' id='word_1_139' title='bbox 3563 577 3760 648; x_wconf 82' lang='lat' dir='ltr'><strong>quietis</strong></span> <span class='ocrx_word' id='word_1_140' title='bbox 3789 597 3802 630; x_wconf 91' lang='lat'><strong>:</strong></span> 
     </span>
    </p>
   </div>
   <div class='ocr_carea' id='block_1_20' title="bbox 2252 659 3802 734">
    <p class='ocr_par' dir='ltr' id='par_1_20' title="bbox 2252 659 3802 734">
     <span class='ocr_line' id='line_1_20' title="bbox 2252 659 3802 734; baseline 0.003 -21"><span class='ocrx_word' id='word_1_141' title='bbox 2252 660 2306 714; x_wconf 89' lang='lat' dir='ltr'><strong>in</strong></span> <span class='ocrx_word' id='word_1_142' title='bbox 2325 674 2432 729; x_wconf 87' lang='lat' dir='ltr'><strong>quo</strong></span> <span class='ocrx_word' id='word_1_143' title='bbox 2457 676 2542 714; x_wconf 92' lang='lat' dir='ltr'><strong>me</strong></span> <span class='ocrx_word' id='word_1_144' title='bbox 2568 660 2763 719; x_wconf 87' lang='lat' dir='ltr'><strong>fessum</strong></span> <span class='ocrx_word' id='word_1_145' title='bbox 2787 669 2842 714; x_wconf 90' lang='lat' dir='ltr'><strong>et</strong></span> <span class='ocrx_word' id='word_1_146' title='bbox 2864 659 3201 715; x_wconf 87' lang='lat' dir='ltr'><strong>vulneratum</strong></span> <span class='ocrx_word' id='word_1_147' title='bbox 3220 661 3505 731; x_wconf 89' lang='lat' dir='ltr'><strong>jacentem,</strong></span> <span class='ocrx_word' id='word_1_148' title='bbox 3526 664 3802 734; x_wconf 83' lang='lat' dir='ltr'><strong>deprecor.</strong></span> 
     </span>
    </p>
   </div>
   <div class='ocr_carea' id='block_1_21' title="bbox 2252 750 3807 823">
    <p class='ocr_par' dir='ltr' id='par_1_21' title="bbox 2252 750 3807 823">
     <span class='ocr_line' id='line_1_21' title="bbox 2252 750 3807 823; baseline 0.003 -20"><span class='ocrx_word' id='word_1_149' title='bbox 2252 759 2555 823; x_wconf 84' lang='lat' dir='ltr'><strong>sanctarum</strong></span> <span class='ocrx_word' id='word_1_150' title='bbox 2578 750 2888 823; x_wconf 76' lang='lat' dir='ltr'><strong>assiduitate</strong></span> <span class='ocrx_word' id='word_1_151' title='bbox 2915 751 3217 805; x_wconf 76' lang='lat' dir='ltr'><strong>oratibnum</strong></span> <span class='ocrx_word' id='word_1_152' title='bbox 3242 759 3472 807; x_wconf 83' lang='lat' dir='ltr'><strong>vestram</strong></span> <span class='ocrx_word' id='word_1_153' title='bbox 3492 751 3807 808; x_wconf 82' lang='lat' dir='ltr'><strong>unanimita-</strong></span> 
     </span>
    </p>
   </div>
   <div class='ocr_carea' id='block_1_22' title="bbox 2252 819 3804 909">
    <p class='ocr_par' dir='ltr' id='par_1_22' title="bbox 2252 819 3804 909">
     <span class='ocr_line' id='line_1_22' title="bbox 2252 819 3804 909; baseline 0.006 -19"><span class='ocrx_word' id='word_1_154' title='bbox 2252 819 2360 891; x_wconf 75' lang='lat' dir='ltr'><strong>teni</strong></span> <span class='ocrx_word' id='word_1_155' title='bbox 2412 838 2677 903; x_wconf 81' lang='lat' dir='ltr'><strong>auxiliari,</strong></span> <span class='ocrx_word' id='word_1_156' title='bbox 2726 847 2784 892; x_wconf 89' lang='lat' dir='ltr'><strong>ut</strong></span> <span class='ocrx_word' id='word_1_157' title='bbox 2814 822 3144 909; x_wconf 85' lang='lat' dir='ltr'><strong>quandoque</strong></span> <span class='ocrx_word' id='word_1_158' title='bbox 3172 842 3238 894; x_wconf 90' lang='lat' dir='ltr'><strong>ad</strong></span> <span class='ocrx_word' id='word_1_159' title='bbox 3267 841 3508 898; x_wconf 84' lang='lat' dir='ltr'><strong>florentia</strong></span> <span class='ocrx_word' id='word_1_160' title='bbox 3548 844 3804 899; x_wconf 84' lang='lat' dir='ltr'><strong>virtutum</strong></span> 
     </span>
    </p>
   </div>
   <div class='ocr_carea' id='block_1_23' title="bbox 2253 918 3807 997">
    <p class='ocr_par' dir='ltr' id='par_1_23' title="bbox 2253 918 3807 997">
     <span class='ocr_line' id='line_1_23' title="bbox 2253 918 3807 997; baseline 0.005 -17"><span class='ocrx_word' id='word_1_161' title='bbox 2253 942 2378 981; x_wconf 88' lang='lat' dir='ltr'><strong>rura</strong></span> <span class='ocrx_word' id='word_1_162' title='bbox 2403 928 2683 997; x_wconf 84' lang='lat' dir='ltr'><strong>pervenire</strong></span> <span class='ocrx_word' id='word_1_163' title='bbox 2711 918 2939 993; x_wconf 89' lang='lat' dir='ltr'><strong>merear,</strong></span> <span class='ocrx_word' id='word_1_164' title='bbox 2988 937 3044 984; x_wconf 88' lang='lat' dir='ltr'><strong>et</strong></span> <span class='ocrx_word' id='word_1_165' title='bbox 3075 930 3214 984; x_wconf 90' lang='lat' dir='ltr'><strong>bona</strong></span> <span class='ocrx_word' id='word_1_166' title='bbox 3253 934 3541 987; x_wconf 81' lang='lat' dir='ltr'><strong>securitate</strong></span> <span class='ocrx_word' id='word_1_167' title='bbox 3591 932 3664 988; x_wconf 89' lang='lat' dir='ltr'><strong>illi</strong></span> <span class='ocrx_word' id='word_1_168' title='bbox 3706 932 3807 988; x_wconf 80' lang='lat' dir='ltr'><strong>soli</strong></span> 
     </span>
    </p>
   </div>
   <div class='ocr_carea' id='block_1_24' title="bbox 2250 1015 3808 1094">
    <p class='ocr_par' dir='ltr' id='par_1_24' title="bbox 2250 1015 3808 1094">
     <span class='ocr_line' id='line_1_24' title="bbox 2250 1015 3808 1094; baseline 0.004 -24"><span class='ocrx_word' id='word_1_169' title='bbox 2250 1016 2475 1081; x_wconf 75' lang='lat' dir='ltr'><strong>servire,</strong></span> <span class='ocrx_word' id='word_1_170' title='bbox 2510 1017 2575 1071; x_wconf 79' lang='lat' dir='ltr'><strong>in&#39;</strong></span> <span class='ocrx_word' id='word_1_171' title='bbox 2591 1027 2698 1086; x_wconf 85' lang='lat' dir='ltr'><strong>quo</strong></span> <span class='ocrx_word' id='word_1_172' title='bbox 2724 1015 2836 1071; x_wconf 90' lang='lat' dir='ltr'><strong>solo</strong></span> <span class='ocrx_word' id='word_1_173' title='bbox 2862 1026 2945 1073; x_wconf 91' lang='lat' dir='ltr'><strong>est</strong></span> <span class='ocrx_word' id='word_1_174' title='bbox 2971 1018 3135 1073; x_wconf 89' lang='lat' dir='ltr'><strong>totius</strong></span> <span class='ocrx_word' id='word_1_175' title='bbox 3160 1033 3282 1089; x_wconf 86' lang='lat' dir='ltr'><strong>spes</strong></span> <span class='ocrx_word' id='word_1_176' title='bbox 3306 1020 3492 1076; x_wconf 87' lang='lat' dir='ltr'><strong>salutis</strong></span> <span class='ocrx_word' id='word_1_177' title='bbox 3509 1062 3523 1087; x_wconf 92' lang='lat'><strong>,</strong></span> <span class='ocrx_word' id='word_1_178' title='bbox 3550 1022 3673 1077; x_wconf 76' lang='lat' dir='ltr'><strong>sine</strong></span> <span class='ocrx_word' id='word_1_179' title='bbox 3700 1038 3808 1094; x_wconf 87' lang='lat' dir='ltr'><strong>quo</strong></span> 
     </span>
    </p>
   </div>
   <div class='ocr_carea' id='block_1_25' title="bbox 2253 1096 3804 1184">
    <p class='ocr_par' dir='ltr' id='par_1_25' title="bbox 2253 1096 3804 1184">
     <span class='ocr_line' id='line_1_25' title="bbox 2253 1096 3804 1184; baseline 0.005 -24"><span class='ocrx_word' id='word_1_180' title='bbox 2253 1121 2353 1161; x_wconf 89' lang='lat' dir='ltr'><strong>nec</strong></span> <span class='ocrx_word' id='word_1_181' title='bbox 2395 1106 2595 1161; x_wconf 84' lang='lat' dir='ltr'><strong>cadens</strong></span> <span class='ocrx_word' id='word_1_182' title='bbox 2631 1122 2936 1178; x_wconf 77' lang='lat' dir='ltr'><strong>resurgere,</strong></span> <span class='ocrx_word' id='word_1_183' title='bbox 2963 1096 3074 1163; x_wconf 83' lang='lat' dir='ltr'><strong>nec</strong></span> <span class='ocrx_word' id='word_1_184' title='bbox 3090 1108 3235 1164; x_wconf 82' lang='lat' dir='ltr'><strong>bene</strong></span> <span class='ocrx_word' id='word_1_185' title='bbox 3255 1119 3405 1165; x_wconf 86' lang='lat' dir='ltr'><strong>stans</strong></span> <span class='ocrx_word' id='word_1_186' title='bbox 3446 1111 3602 1166; x_wconf 85' lang='lat' dir='ltr'><strong>firmo</strong></span> <span class='ocrx_word' id='word_1_187' title='bbox 3637 1112 3804 1184; x_wconf 87' lang='lat' dir='ltr'><strong>gradu</strong></span> 
     </span>
    </p>
   </div>
   <div class='ocr_carea' id='block_1_26' title="bbox 2254 1195 2635 1264">
    <p class='ocr_par' dir='ltr' id='par_1_26' title="bbox 2254 1195 2635 1264">
     <span class='ocr_line' id='line_1_26' title="bbox 2254 1195 2635 1264; baseline 0.005 -16"><span class='ocrx_word' id='word_1_188' title='bbox 2254 1203 2397 1250; x_wconf 82' lang='lat' dir='ltr'><strong>stare</strong></span> <span class='ocrx_word' id='word_1_189' title='bbox 2423 1195 2635 1264; x_wconf 70' lang='lat' dir='ltr'><strong>poterit.</strong></span> 
     </span>
    </p>
   </div>
   <div class='ocr_carea' id='block_1_27' title="bbox 2325 1282 3808 1357">
    <p class='ocr_par' dir='ltr' id='par_1_27' title="bbox 2325 1282 3808 1357">
     <span class='ocr_line' id='line_1_27' title="bbox 2325 1282 3808 1357; baseline 0.011 -23"><span class='ocrx_word' id='word_1_190' title='bbox 2325 1282 2438 1338; x_wconf 77' lang='lat' dir='ltr'><strong>Misi</strong></span> <span class='ocrx_word' id='word_1_191' title='bbox 2471 1284 2778 1339; x_wconf 89' lang='lat' dir='ltr'><strong>munuscula</strong></span> <span class='ocrx_word' id='word_1_192' title='bbox 2814 1300 2977 1354; x_wconf 88' lang='lat' dir='ltr'><strong>parva</strong></span> <span class='ocrx_word' id='word_1_193' title='bbox 3017 1286 3288 1343; x_wconf 84' lang='lat' dir='ltr'><strong>dilectioni</strong></span> <span class='ocrx_word' id='word_1_194' title='bbox 3316 1299 3524 1357; x_wconf 66' lang='lat' dir='ltr'><strong>vestrae,</strong></span> <span class='ocrx_word' id='word_1_195' title='bbox 3566 1292 3657 1348; x_wconf 86' lang='lat' dir='ltr'><strong>sed</strong></span> <span class='ocrx_word' id='word_1_196' title='bbox 3698 1292 3808 1349; x_wconf 82' lang='lat' dir='ltr'><strong>Deo</strong></span> 
     </span>
    </p>
   </div>
   <div class='ocr_carea' id='block_1_28' title="bbox 2256 1375 3807 1455">
    <p class='ocr_par' dir='ltr' id='par_1_28' title="bbox 2256 1375 3807 1455">
     <span class='ocr_line' id='line_1_28' title="bbox 2256 1375 3807 1455; baseline 0.01 -30"><span class='ocrx_word' id='word_1_197' title='bbox 2256 1380 2406 1436; x_wconf 84' lang='lat' dir='ltr'><strong>teste,</strong></span> <span class='ocrx_word' id='word_1_198' title='bbox 2443 1386 2547 1430; x_wconf 86' lang='lat' dir='ltr'><strong>non</strong></span> <span class='ocrx_word' id='word_1_199' title='bbox 2576 1388 2737 1442; x_wconf 85' lang='lat' dir='ltr'><strong>parva</strong></span> <span class='ocrx_word' id='word_1_200' title='bbox 2765 1375 3044 1441; x_wconf 88' lang='lat' dir='ltr'><strong>charitate,</strong></span> <span class='ocrx_word' id='word_1_201' title='bbox 3079 1387 3332 1455; x_wconf 81' lang='lat' dir='ltr'><strong>quantum</strong></span> <span class='ocrx_word' id='word_1_202' title='bbox 3369 1381 3422 1434; x_wconf 90' lang='lat' dir='ltr'><strong>in</strong></span> <span class='ocrx_word' id='word_1_203' title='bbox 3448 1389 3661 1452; x_wconf 84' lang='lat' dir='ltr'><strong>pectore</strong></span> <span class='ocrx_word' id='word_1_204' title='bbox 3684 1392 3807 1451; x_wconf 83' lang='lat' dir='ltr'><strong>pec-</strong></span> 
     </span>
    </p>
   </div>
   <div class='ocr_carea' id='block_1_29' title="bbox 2210 1460 3806 1532">
    <p class='ocr_par' dir='ltr' id='par_1_29' title="bbox 2210 1460 3806 1532">
     <span class='ocr_line' id='line_1_29' title="bbox 2210 1460 3806 1532; baseline 0.006 -17"><span class='ocrx_word' id='word_1_205' title='bbox 2210 1522 2224 1530; x_wconf 48' lang='grc'><em>,</em></span> <span class='ocrx_word' id='word_1_206' title='bbox 2255 1462 2452 1515; x_wconf 87' lang='lat' dir='ltr'><strong>catoris</strong></span> <span class='ocrx_word' id='word_1_207' title='bbox 2471 1462 2586 1532; x_wconf 85' lang='lat' dir='ltr'><strong>ejus</strong></span> <span class='ocrx_word' id='word_1_208' title='bbox 2605 1462 2866 1532; x_wconf 80' lang='lat' dir='ltr'><strong>igniculus</strong></span> <span class='ocrx_word' id='word_1_209' title='bbox 2884 1464 3171 1520; x_wconf 84' lang='lat' dir='ltr'><strong>scintillare</strong></span> <span class='ocrx_word' id='word_1_210' title='bbox 3198 1460 3354 1523; x_wconf 82' lang='lat' dir='ltr'><strong>valet.</strong></span> <span class='ocrx_word' id='word_1_211' title='bbox 3382 1468 3579 1524; x_wconf 82' lang='lat' dir='ltr'><strong>Tamen</strong></span> <span class='ocrx_word' id='word_1_212' title='bbox 3601 1470 3647 1524; x_wconf 89' lang='lat' dir='ltr'><strong>si</strong></span> <span class='ocrx_word' id='word_1_213' title='bbox 3663 1469 3806 1525; x_wconf 85' lang='lat' dir='ltr'><strong>Deus</strong></span> 
     </span>
    </p>
   </div>
   <div class='ocr_carea' id='block_1_30' title="bbox 2257 1550 3808 1617">
    <p class='ocr_par' dir='ltr' id='par_1_30' title="bbox 2257 1550 3808 1617">
     <span class='ocr_line' id='line_1_30' title="bbox 2257 1550 3808 1617; baseline 0.007 -12"><span class='ocrx_word' id='word_1_214' title='bbox 2257 1552 2675 1617; x_wconf 62' lang='lat' dir='ltr'><strong>milii&#39;vubiscum</strong></span> <span class='ocrx_word' id='word_1_215' title='bbox 2702 1552 2755 1606; x_wconf 86' lang='lat' dir='ltr'><strong>in</strong></span> <span class='ocrx_word' id='word_1_216' title='bbox 2780 1555 3061 1610; x_wconf 82' lang='lat' dir='ltr'><strong>sanctitate</strong></span> <span class='ocrx_word' id='word_1_217' title='bbox 3084 1550 3203 1611; x_wconf 74' lang='lat' dir='ltr'><strong>vita:</strong></span> <span class='ocrx_word' id='word_1_218' title='bbox 3229 1566 3374 1616; x_wconf 83' lang='lat' dir='ltr'><strong>stare</strong></span> <span class='ocrx_word' id='word_1_219' title='bbox 3393 1560 3617 1615; x_wconf 79' lang='lat' dir='ltr'><strong>necdum</strong></span> <span class='ocrx_word' id='word_1_220' title='bbox 3639 1560 3808 1615; x_wconf 85' lang='lat' dir='ltr'><strong>dedis-</strong></span> 
     </span>
    </p>
   </div>
   <div class='ocr_carea' id='block_1_31' title="bbox 606 1643 3809 1735">
    <p class='ocr_par' dir='ltr' id='par_1_31' title="bbox 606 1643 3809 1735">
     <span class='ocr_line' id='line_1_31' title="bbox 606 1643 3809 1735; baseline -0.004 -26"><span class='ocrx_word' id='word_1_221' title='bbox 606 1656 989 1729; x_wconf 71' lang='lat' dir='ltr'><strong>inq’ainamnto</strong></span> <span class='ocrx_word' id='word_1_222' title='bbox 1032 1654 1202 1707; x_wconf 87' lang='lat' dir='ltr'><strong>carnis</strong></span> <span class='ocrx_word' id='word_1_223' title='bbox 1227 1664 1275 1707; x_wconf 88' lang='lat' dir='ltr'><strong>et</strong></span> <span class='ocrx_word' id='word_1_224' title='bbox 1312 1654 1543 1723; x_wconf 70' lang='lat' dir='ltr'><strong>spiritus,</strong></span> <span class='ocrx_word' id='word_1_225' title='bbox 1578 1652 1894 1721; x_wconf 76' lang='lat' dir='ltr'><strong>perﬁcientes</strong></span> <span class='ocrx_word' id='word_1_226' title='bbox 1938 1650 2161 1705; x_wconf 86' lang='lat' dir='ltr'><strong>salutem</strong></span> <span class='ocrx_word' id='word_1_227' title='bbox 2190 1718 2228 1735; x_wconf 68' lang='lat'><strong><em>_</em></strong></span> <span class='ocrx_word' id='word_1_228' title='bbox 2258 1649 2381 1735; x_wconf 79' lang='lat' dir='ltr'><strong>set.__</strong></span> <span class='ocrx_word' id='word_1_229' title='bbox 2406 1650 2581 1695; x_wconf 68' lang='lat' dir='ltr'><strong>tamen</strong></span> <span class='ocrx_word' id='word_1_230' title='bbox 2602 1643 2862 1735; x_wconf 61' lang='lat' dir='ltr'><strong>piissima</strong></span> <span class='ocrx_word' id='word_1_231' title='bbox 2887 1644 3027 1735; x_wconf 81' lang='lat' dir='ltr'><strong>illius</strong></span> <span class='ocrx_word' id='word_1_232' title='bbox 3069 1645 3237 1716; x_wconf 74' lang='lat' dir='ltr'><strong>gratia</strong></span> <span class='ocrx_word' id='word_1_233' title='bbox 3256 1655 3505 1735; x_wconf 39' lang='lat' dir='ltr'><strong>instram</strong></span> <span class='ocrx_word' id='word_1_234' title='bbox 3547 1651 3809 1706; x_wconf 63' lang='lat' dir='ltr'><strong>veraciter</strong></span> 
     </span>
    </p>
   </div>
   <div class='ocr_carea' id='block_1_32' title="bbox 609 1718 3805 1814">
    <p class='ocr_par' dir='ltr' id='par_1_32' title="bbox 609 1718 3805 1814">
     <span class='ocr_line' id='line_1_32' title="bbox 609 1718 3805 1814; baseline 0.003 -30"><span class='ocrx_word' id='word_1_235' title='bbox 609 1718 907 1803; x_wconf 58' lang='grc' dir='ltr'><strong>πηήηαηω</strong></span> <span class='ocrx_word' id='word_1_236' title='bbox 932 1718 1475 1814; x_wconf 49' lang='grc' dir='ltr'><strong>βοειηι-υιηυίσον,</strong></span> <span class='ocrx_word' id='word_1_237' title='bbox 1493 1718 1814 1810; x_wconf 22' lang='lat' dir='ltr'><strong>malum</strong></span> <span class='ocrx_word' id='word_1_238' title='bbox 1840 1756 1967 1796; x_wconf 67' lang='grc' dir='ltr'><strong>γεω</strong></span> <span class='ocrx_word' id='word_1_239' title='bbox 1987 1743 2156 1796; x_wconf 61' lang='lat' dir='ltr'><strong>scim.</strong></span> <span class='ocrx_word' id='word_1_240' title='bbox 2190 1718 2230 1777; x_wconf 85' lang='grc' dir='ltr'><strong>Β</strong></span> <span class='ocrx_word' id='word_1_241' title='bbox 2256 1720 2416 1782; x_wconf 80' lang='lat' dir='ltr'><strong>corde</strong></span> <span class='ocrx_word' id='word_1_242' title='bbox 2448 1742 2567 1783; x_wconf 88' lang='lat' dir='ltr'><strong>meo</strong></span> <span class='ocrx_word' id='word_1_243' title='bbox 2597 1727 2790 1785; x_wconf 80' lang='lat' dir='ltr'><strong>infudit</strong></span> <span class='ocrx_word' id='word_1_244' title='bbox 2817 1731 3152 1796; x_wconf 83' lang='lat' dir='ltr'><strong>charitatem,</strong></span> <span class='ocrx_word' id='word_1_245' title='bbox 3180 1728 3370 1804; x_wconf 81' lang='lat' dir='ltr'><strong>opians</strong></span> <span class='ocrx_word' id='word_1_246' title='bbox 3398 1742 3560 1805; x_wconf 80' lang='lat' dir='ltr'><strong>atque</strong></span> <span class='ocrx_word' id='word_1_247' title='bbox 3587 1735 3805 1793; x_wconf 88' lang='lat' dir='ltr'><strong>humili-</strong></span> 
     </span>
    </p>
   </div>
   <div class='ocr_carea' id='block_1_33' title="bbox 610 1827 2155 1903">
    <p class='ocr_par' dir='ltr' id='par_1_33' title="bbox 610 1827 2155 1903">
     <span class='ocr_line' id='line_1_33' title="bbox 610 1827 2155 1903; baseline -0.004 -14"><span class='ocrx_word' id='word_1_248' title='bbox 610 1848 691 1891; x_wconf 85' lang='lat' dir='ltr'><strong>tes</strong></span> <span class='ocrx_word' id='word_1_249' title='bbox 730 1843 785 1890; x_wconf 89' lang='lat' dir='ltr'><strong>et</strong></span> <span class='ocrx_word' id='word_1_250' title='bbox 817 1833 1023 1903; x_wconf 80' lang='lat' dir='ltr'><strong>optime</strong></span> <span class='ocrx_word' id='word_1_251' title='bbox 1069 1831 1438 1901; x_wconf 83' lang='lat' dir='ltr'><strong>intelligentes,</strong></span> <span class='ocrx_word' id='word_1_252' title='bbox 1482 1827 1779 1885; x_wconf 81' lang='lat' dir='ltr'><strong>charissimi</strong></span> <span class='ocrx_word' id='word_1_253' title='bbox 1828 1831 2041 1895; x_wconf 72' lang='lat' dir='ltr'><strong>fratres,</strong></span> <span class='ocrx_word' id='word_1_254' title='bbox 2083 1831 2155 1884; x_wconf 90' lang='lat' dir='ltr'><strong>nil</strong></span> 
     </span>
    </p>
   </div>
   <div class='ocr_carea' id='block_1_34' title="bbox 610 1917 2156 1989">
    <p class='ocr_par' dir='ltr' id='par_1_34' title="bbox 610 1917 2156 1989">
     <span class='ocr_line' id='line_1_34' title="bbox 610 1917 2156 1989; baseline 0 -17"><span class='ocrx_word' id='word_1_255' title='bbox 610 1920 879 1975; x_wconf 77' lang='lat' dir='ltr'><strong>sordidum</strong></span> <span class='ocrx_word' id='word_1_256' title='bbox 896 1920 956 1973; x_wconf 87' lang='lat' dir='ltr'><strong>in</strong></span> <span class='ocrx_word' id='word_1_257' title='bbox 987 1926 1163 1973; x_wconf 86' lang='lat' dir='ltr'><strong>vestra</strong></span> <span class='ocrx_word' id='word_1_258' title='bbox 1197 1917 1351 1989; x_wconf 65' lang='grc'>162</span> <span class='ocrx_word' id='word_1_259' title='bbox 1366 1922 1651 1985; x_wconf 82' lang='lat' dir='ltr'><strong>‘remaneat</strong></span> <span class='ocrx_word' id='word_1_260' title='bbox 1677 1919 2019 1981; x_wconf 87' lang='lat' dir='ltr'><strong>conscientia,</strong></span> <span class='ocrx_word' id='word_1_261' title='bbox 2048 1919 2156 1972; x_wconf 88' lang='lat' dir='ltr'><strong>sive</strong></span> 
     </span>
    </p>
   </div>
   <div class='ocr_carea' id='block_1_35' title="bbox 611 2007 2156 2078">
    <p class='ocr_par' dir='ltr' id='par_1_35' title="bbox 611 2007 2156 2078">
     <span class='ocr_line' id='line_1_35' title="bbox 611 2007 2156 2078; baseline -0.001 -17"><span class='ocrx_word' id='word_1_262' title='bbox 611 2010 678 2063; x_wconf 91' lang='lat' dir='ltr'><strong>de</strong></span> <span class='ocrx_word' id='word_1_263' title='bbox 699 2009 878 2063; x_wconf 81' lang='lat' dir='ltr'><strong>carnis</strong></span> <span class='ocrx_word' id='word_1_264' title='bbox 901 2007 1185 2078; x_wconf 74' lang='lat' dir='ltr'><strong>fragilitate</strong></span> <span class='ocrx_word' id='word_1_265' title='bbox 1231 2016 1582 2071; x_wconf 89' lang='lat' dir='ltr'><strong>contractum,</strong></span> <span class='ocrx_word' id='word_1_266' title='bbox 1610 2007 1725 2061; x_wconf 85' lang='lat' dir='ltr'><strong>sive</strong></span> <span class='ocrx_word' id='word_1_267' title='bbox 1748 2008 1815 2062; x_wconf 89' lang='lat' dir='ltr'><strong>de</strong></span> <span class='ocrx_word' id='word_1_268' title='bbox 1838 2008 2055 2077; x_wconf 84' lang='lat' dir='ltr'><strong>spiritus</strong></span> <span class='ocrx_word' id='word_1_269' title='bbox 2080 2009 2156 2062; x_wconf 84' lang='lat' dir='ltr'><strong>in-</strong></span> 
     </span>
    </p>
   </div>
   <div class='ocr_carea' id='block_1_36' title="bbox 611 2095 2158 2166">
    <p class='ocr_par' dir='ltr' id='par_1_36' title="bbox 611 2095 2158 2166">
     <span class='ocr_line' id='line_1_36' title="bbox 611 2095 2158 2166; baseline -0.001 -16"><span class='ocrx_word' id='word_1_270' title='bbox 611 2095 919 2165; x_wconf 86' lang='lat' dir='ltr'><strong>quietudine</strong></span> <span class='ocrx_word' id='word_1_271' title='bbox 957 2095 1230 2158; x_wconf 89' lang='lat' dir='ltr'><strong>infectum,</strong></span> <span class='ocrx_word' id='word_1_272' title='bbox 1259 2103 1319 2148; x_wconf 90' lang='lat' dir='ltr'><strong>ut</strong></span> <span class='ocrx_word' id='word_1_273' title='bbox 1361 2095 1573 2166; x_wconf 88' lang='lat' dir='ltr'><strong>dignam</strong></span> <span class='ocrx_word' id='word_1_274' title='bbox 1610 2097 1663 2149; x_wconf 91' lang='lat' dir='ltr'><strong>in</strong></span> <span class='ocrx_word' id='word_1_275' title='bbox 1688 2095 1936 2150; x_wconf 80' lang='lat' dir='ltr'><strong>cordibus</strong></span> <span class='ocrx_word' id='word_1_276' title='bbox 1964 2097 2158 2151; x_wconf 81' lang='lat' dir='ltr'><strong>vestris</strong></span> 
     </span>
    </p>
   </div>
   <div class='ocr_carea' id='block_1_37' title="bbox 612 2172 2157 2256">
    <p class='ocr_par' dir='ltr' id='par_1_37' title="bbox 612 2172 2157 2256">
     <span class='ocr_line' id='line_1_37' title="bbox 612 2172 2157 2256; baseline -0.003 -16"><span class='ocrx_word' id='word_1_277' title='bbox 612 2185 841 2256; x_wconf 83' lang='lat' dir='ltr'><strong>Spiritus</strong></span> <span class='ocrx_word' id='word_1_278' title='bbox 867 2172 1082 2239; x_wconf 75' lang='lat' dir='ltr'><strong>sanctus</strong></span> <span class='ocrx_word' id='word_1_279' title='bbox 1121 2184 1221 2238; x_wconf 87' lang='lat' dir='ltr'><strong>sibi</strong></span> <span class='ocrx_word' id='word_1_280' title='bbox 1247 2185 1485 2239; x_wconf 83' lang='lat' dir='ltr'><strong>inveniat</strong></span> <span class='ocrx_word' id='word_1_281' title='bbox 1510 2184 1909 2239; x_wconf 89' lang='lat' dir='ltr'><strong>habitationem.</strong></span> <span class='ocrx_word' id='word_1_282' title='bbox 1954 2183 2157 2237; x_wconf 83' lang='lat' dir='ltr'><strong>Nullam</strong></span> 
     </span>
    </p>
   </div>
   <div class='ocr_carea' id='block_1_38' title="bbox 611 2273 2160 2347">
    <p class='ocr_par' dir='ltr' id='par_1_38' title="bbox 611 2273 2160 2347">
     <span class='ocr_line' id='line_1_38' title="bbox 611 2273 2160 2347; baseline -0.002 -18"><span class='ocrx_word' id='word_1_283' title='bbox 611 2274 871 2345; x_wconf 83' lang='lat' dir='ltr'><strong>malignus</strong></span> <span class='ocrx_word' id='word_1_284' title='bbox 892 2274 1059 2328; x_wconf 81' lang='lat' dir='ltr'><strong>hostis</strong></span> <span class='ocrx_word' id='word_1_285' title='bbox 1083 2273 1135 2327; x_wconf 91' lang='lat' dir='ltr'><strong>in</strong></span> <span class='ocrx_word' id='word_1_286' title='bbox 1160 2282 1334 2331; x_wconf 83' lang='lat' dir='ltr'><strong>vestra</strong></span> <span class='ocrx_word' id='word_1_287' title='bbox 1356 2274 1491 2347; x_wconf 82' lang='lat' dir='ltr'><strong>bona</strong></span> <span class='ocrx_word' id='word_1_288' title='bbox 1507 2275 1909 2327; x_wconf 84' lang='lat' dir='ltr'><strong>conversatione</strong></span> <span class='ocrx_word' id='word_1_289' title='bbox 1926 2274 2160 2327; x_wconf 73' lang='lat' dir='ltr'><strong>inveniat</strong></span> 
     </span>
    </p>
   </div>
   <div class='ocr_carea' id='block_1_39' title="bbox 610 2360 2156 2432">
    <p class='ocr_par' dir='ltr' id='par_1_39' title="bbox 610 2360 2156 2432">
     <span class='ocr_line' id='line_1_39' title="bbox 610 2360 2156 2432; baseline -0.001 -17"><span class='ocrx_word' id='word_1_290' title='bbox 610 2374 719 2415; x_wconf 76' lang='lat' dir='ltr'><strong>sine</strong></span> <span class='ocrx_word' id='word_1_291' title='bbox 745 2360 959 2414; x_wconf 66' lang='lat' dir='ltr'><strong>malitiae</strong></span> <span class='ocrx_word' id='word_1_292' title='bbox 981 2370 1206 2431; x_wconf 83' lang='lat' dir='ltr'><strong>partem,</strong></span> <span class='ocrx_word' id='word_1_293' title='bbox 1223 2362 1335 2415; x_wconf 77' lang='lat' dir='ltr'><strong>&#39;nec</strong></span> <span class='ocrx_word' id='word_1_294' title='bbox 1359 2360 1561 2414; x_wconf 82' lang='lat' dir='ltr'><strong>aditu&#39;m</strong></span> <span class='ocrx_word' id='word_1_295' title='bbox 1587 2376 1745 2430; x_wconf 86' lang='lat' dir='ltr'><strong>quem</strong></span> <span class='ocrx_word' id='word_1_296' title='bbox 1770 2362 1980 2432; x_wconf 73' lang='lat' dir='ltr'><strong>quaerit,</strong></span> <span class='ocrx_word' id='word_1_297' title='bbox 2003 2374 2156 2432; x_wconf 85' lang='lat' dir='ltr'><strong>repe-</strong></span> 
     </span>
    </p>
   </div>
   <div class='ocr_carea' id='block_1_40' title="bbox 614 2442 2160 2513">
    <p class='ocr_par' dir='ltr' id='par_1_40' title="bbox 614 2442 2160 2513">
     <span class='ocr_line' id='line_1_40' title="bbox 614 2442 2160 2513; baseline 0.001 -10"><span class='ocrx_word' id='word_1_298' title='bbox 614 2449 715 2503; x_wconf 89' lang='lat' dir='ltr'><strong>riat</strong></span> <span class='ocrx_word' id='word_1_299' title='bbox 758 2449 950 2503; x_wconf 82' lang='lat' dir='ltr'><strong>vestris</strong></span> <span class='ocrx_word' id='word_1_300' title='bbox 988 2450 1043 2502; x_wconf 88' lang='lat' dir='ltr'><strong>in</strong></span> <span class='ocrx_word' id='word_1_301' title='bbox 1068 2448 1349 2513; x_wconf 85' lang='lat' dir='ltr'><strong>cordibus;</strong></span> <span class='ocrx_word' id='word_1_302' title='bbox 1380 2449 1473 2504; x_wconf 83' lang='lat' dir='ltr'><strong>sed</strong></span> <span class='ocrx_word' id='word_1_303' title='bbox 1501 2442 1653 2506; x_wconf 78' lang='lat' dir='ltr'><strong>omni</strong></span> <span class='ocrx_word' id='word_1_304' title='bbox 1684 2452 1919 2504; x_wconf 90' lang='lat' dir='ltr'><strong>custodia</strong></span> <span class='ocrx_word' id='word_1_305' title='bbox 1958 2453 2160 2505; x_wconf 89' lang='lat' dir='ltr'><strong>animas</strong></span> 
     </span>
    </p>
   </div>
   <div class='ocr_carea' id='block_1_41' title="bbox 612 2535 2162 2603">
    <p class='ocr_par' dir='ltr' id='par_1_41' title="bbox 612 2535 2162 2603">
     <span class='ocr_line' id='line_1_41' title="bbox 612 2535 2162 2603; baseline 0.002 -12"><span class='ocrx_word' id='word_1_306' title='bbox 612 2535 1148 2591; x_wconf 74' lang='lat' dir='ltr'><strong>vestras&#39;conlirmate</strong></span> <span class='ocrx_word' id='word_1_307' title='bbox 1179 2538 1235 2589; x_wconf 89' lang='lat' dir='ltr'><strong>in</strong></span> <span class='ocrx_word' id='word_1_308' title='bbox 1260 2538 1538 2591; x_wconf 83' lang='lat' dir='ltr'><strong>charitatis</strong></span> <span class='ocrx_word' id='word_1_309' title='bbox 1564 2539 1874 2603; x_wconf 88' lang='lat' dir='ltr'><strong>munimine,</strong></span> <span class='ocrx_word' id='word_1_310' title='bbox 1913 2540 1965 2593; x_wconf 90' lang='lat' dir='ltr'><strong>in</strong></span> <span class='ocrx_word' id='word_1_311' title='bbox 1994 2541 2162 2594; x_wconf 81' lang='lat' dir='ltr'><strong>tutela</strong></span> 
     </span>
    </p>
   </div>
   <div class='ocr_carea' id='block_1_42' title="bbox 612 2625 2161 2707">
    <p class='ocr_par' dir='ltr' id='par_1_42' title="bbox 612 2625 2161 2707">
     <span class='ocr_line' id='line_1_42' title="bbox 612 2625 2161 2707; baseline 0.003 -26"><span class='ocrx_word' id='word_1_312' title='bbox 612 2625 1034 2689; x_wconf 72' lang='lat' dir='ltr'><strong>obedientize,‘in</strong></span> <span class='ocrx_word' id='word_1_313' title='bbox 1060 2640 1215 2681; x_wconf 75' lang='lat' dir='ltr'><strong>mum</strong></span> <span class='ocrx_word' id='word_1_314' title='bbox 1239 2627 1573 2707; x_wconf 79' lang='lat' dir='ltr'><strong>humilitatis,</strong></span> <span class='ocrx_word' id='word_1_315' title='bbox 1615 2630 1671 2682; x_wconf 89' lang='lat' dir='ltr'><strong>in</strong></span> <span class='ocrx_word' id='word_1_316' title='bbox 1697 2631 1957 2685; x_wconf 86' lang='lat' dir='ltr'><strong>castitatis</strong></span> <span class='ocrx_word' id='word_1_317' title='bbox 1981 2632 2161 2686; x_wconf 85' lang='lat' dir='ltr'><strong>obser-</strong></span> 
     </span>
    </p>
   </div>
   <div class='ocr_carea' id='block_1_43' title="bbox 521 2715 2161 2791">
    <p class='ocr_par' dir='ltr' id='par_1_43' title="bbox 521 2715 2161 2791">
     <span class='ocr_line' id='line_1_43' title="bbox 521 2715 2161 2791; baseline 0.004 -21"><span class='ocrx_word' id='word_1_318' title='bbox 521 2766 525 2770; x_wconf 85' lang='lat'><strong>.</strong></span> <span class='ocrx_word' id='word_1_319' title='bbox 613 2715 844 2780; x_wconf 79' lang='lat' dir='ltr'><strong>vatione,</strong></span> <span class='ocrx_word' id='word_1_320' title='bbox 874 2716 926 2769; x_wconf 88' lang='lat' dir='ltr'><strong>in</strong></span> <span class='ocrx_word' id='word_1_321' title='bbox 956 2718 1329 2785; x_wconf 63' lang='lat' dir='ltr'><strong>sanctaa‘pacis</strong></span> <span class='ocrx_word' id='word_1_322' title='bbox 1363 2718 1755 2788; x_wconf 84' lang='lat' dir='ltr'><strong>conjunctione.</strong></span> <span class='ocrx_word' id='word_1_323' title='bbox 1787 2720 2024 2775; x_wconf 76' lang='lat' dir='ltr'><strong>Virilitér</strong></span> <span class='ocrx_word' id='word_1_324' title='bbox 2066 2732 2161 2791; x_wconf 83' lang='lat' dir='ltr'><strong>pu-</strong></span> 
     </span>
    </p>
   </div>
   <div class='ocr_carea' id='block_1_44' title="bbox 615 2808 2175 2878">
    <p class='ocr_par' dir='ltr' id='par_1_44' title="bbox 615 2808 2175 2878">
     <span class='ocr_line' id='line_1_44' title="bbox 615 2808 2175 2878; baseline 0.005 -18"><span class='ocrx_word' id='word_1_325' title='bbox 615 2816 773 2876; x_wconf 78' lang='lat' dir='ltr'><strong>gnate</strong></span> <span class='ocrx_word' id='word_1_326' title='bbox 797 2815 981 2861; x_wconf 86' lang='lat' dir='ltr'><strong>centra</strong></span> <span class='ocrx_word' id='word_1_327' title='bbox 1004 2808 1278 2878; x_wconf 85' lang='lat' dir='ltr'><strong>antiquum</strong></span> <span class='ocrx_word' id='word_1_328' title='bbox 1304 2810 1533 2875; x_wconf 77' lang='lat' dir='ltr'><strong>hostem,</strong></span> <span class='ocrx_word' id='word_1_329' title='bbox 1563 2818 1616 2865; x_wconf 92' lang='lat' dir='ltr'><strong>et</strong></span> <span class='ocrx_word' id='word_1_330' title='bbox 1657 2813 2024 2867; x_wconf 89' lang='lat' dir='ltr'><strong>communibus</strong></span> <span class='ocrx_word' id='word_1_331' title='bbox 2047 2812 2175 2867; x_wconf 49' lang='lat' dir='ltr'><strong>ma;</strong></span> 
     </span>
    </p>
   </div>
   <div class='ocr_carea' id='block_1_45' title="bbox 616 2896 2161 2973">
    <p class='ocr_par' dir='ltr' id='par_1_45' title="bbox 616 2896 2161 2973">
     <span class='ocr_line' id='line_1_45' title="bbox 616 2896 2161 2973; baseline 0.002 -20"><span class='ocrx_word' id='word_1_332' title='bbox 616 2901 769 2955; x_wconf 80' lang='lat' dir='ltr'><strong>nibus</strong></span> <span class='ocrx_word' id='word_1_333' title='bbox 800 2901 1074 2955; x_wconf 58' lang='lat' dir='ltr'><strong>debellato</strong></span> <span class='ocrx_word' id='word_1_334' title='bbox 1121 2917 1263 2968; x_wconf 89' lang='lat' dir='ltr'><strong>eum,</strong></span> <span class='ocrx_word' id='word_1_335' title='bbox 1311 2901 1401 2970; x_wconf 90' lang='lat' dir='ltr'><strong>qui</strong></span> <span class='ocrx_word' id='word_1_336' title='bbox 1447 2905 1653 2973; x_wconf 80' lang='lat' dir='ltr'><strong>rugiens</strong></span> <span class='ocrx_word' id='word_1_337' title='bbox 1697 2905 1899 2969; x_wconf 80' lang='lat' dir='ltr'><strong>circuit,</strong></span> <span class='ocrx_word' id='word_1_338' title='bbox 1930 2896 2161 2973; x_wconf 62' lang='lat' dir='ltr'><strong>quaerens</strong></span> 
     </span>
    </p>
   </div>
   <div class='ocr_carea' id='block_1_46' title="bbox 615 2980 2163 3060">
    <p class='ocr_par' dir='ltr' id='par_1_46' title="bbox 615 2980 2163 3060">
     <span class='ocr_line' id='line_1_46' title="bbox 615 2980 2163 3060; baseline 0.003 -20"><span class='ocrx_word' id='word_1_339' title='bbox 615 3004 762 3057; x_wconf 72' lang='lat' dir='ltr'><strong>quem</strong></span> <span class='ocrx_word' id='word_1_340' title='bbox 780 2989 981 3043; x_wconf 79' lang='lat' dir='ltr'><strong>devoret</strong></span> <span class='ocrx_word' id='word_1_341' title='bbox 1000 2989 1052 3059; x_wconf 79' lang='grc'><strong>(1</strong></span> <span class='ocrx_word' id='word_1_342' title='bbox 1071 2980 1209 3042; x_wconf 80' lang='lat' dir='ltr'><strong>Petr.</strong></span> <span class='ocrx_word' id='word_1_343' title='bbox 1236 3005 1290 3051; x_wconf 88' lang='lat' dir='ltr'><strong>v,</strong></span> <span class='ocrx_word' id='word_1_344' title='bbox 1308 2992 1382 3060; x_wconf 87' lang='lat'><strong>8).</strong></span> <span class='ocrx_word' id='word_1_345' title='bbox 1398 2990 1611 3046; x_wconf 84' lang='lat' dir='ltr'><strong>Portate</strong></span> <span class='ocrx_word' id='word_1_346' title='bbox 1638 2991 1689 3046; x_wconf 89' lang='lat' dir='ltr'><strong>in</strong></span> <span class='ocrx_word' id='word_1_347' title='bbox 1716 2990 1977 3047; x_wconf 85' lang='lat' dir='ltr'><strong>frontibus</strong></span> <span class='ocrx_word' id='word_1_348' title='bbox 2000 2993 2163 3047; x_wconf 74' lang='lat' dir='ltr'><strong>vexil-</strong></span> 
     </span>
    </p>
   </div>
   <div class='ocr_carea' id='block_1_47' title="bbox 618 3079 2163 3149">
    <p class='ocr_par' dir='ltr' id='par_1_47' title="bbox 618 3079 2163 3149">
     <span class='ocr_line' id='line_1_47' title="bbox 618 3079 2163 3149; baseline 0.005 -19"><span class='ocrx_word' id='word_1_349' title='bbox 618 3079 722 3131; x_wconf 88' lang='lat' dir='ltr'><strong>lum</strong></span> <span class='ocrx_word' id='word_1_350' title='bbox 752 3080 945 3143; x_wconf 84' lang='lat' dir='ltr'><strong>crucis,</strong></span> <span class='ocrx_word' id='word_1_351' title='bbox 978 3081 1106 3134; x_wconf 86' lang='lat' dir='ltr'><strong>etin</strong></span> <span class='ocrx_word' id='word_1_352' title='bbox 1133 3081 1382 3135; x_wconf 85' lang='lat' dir='ltr'><strong>cordibus</strong></span> <span class='ocrx_word' id='word_1_353' title='bbox 1407 3082 1683 3137; x_wconf 86' lang='lat' dir='ltr'><strong>charitatis</strong></span> <span class='ocrx_word' id='word_1_354' title='bbox 1723 3084 2077 3149; x_wconf 88' lang='lat' dir='ltr'><strong>munimenta,</strong></span> <span class='ocrx_word' id='word_1_355' title='bbox 2108 3094 2163 3138; x_wconf 91' lang='lat' dir='ltr'><strong>et</strong></span> 
     </span>
    </p>
   </div>
   <div class='ocr_carea' id='block_1_48' title="bbox 618 3167 2165 3243">
    <p class='ocr_par' dir='ltr' id='par_1_48' title="bbox 618 3167 2165 3243">
     <span class='ocr_line' id='line_1_48' title="bbox 618 3167 2165 3243; baseline 0.005 -22"><span class='ocrx_word' id='word_1_356' title='bbox 618 3167 889 3227; x_wconf 69' lang='lat' dir='ltr'><strong>catholicae</strong></span> <span class='ocrx_word' id='word_1_357' title='bbox 912 3167 1039 3223; x_wconf 75' lang='lat' dir='ltr'><strong>fidei</strong></span> <span class='ocrx_word' id='word_1_358' title='bbox 1068 3168 1476 3227; x_wconf 75' lang='lat' dir='ltr'><strong>firmamentum.</strong></span> <span class='ocrx_word' id='word_1_359' title='bbox 1506 3171 1609 3241; x_wconf 90' lang='lat' dir='ltr'><strong>Spe</strong></span> <span class='ocrx_word' id='word_1_360' title='bbox 1640 3171 1792 3226; x_wconf 80' lang='lat' dir='ltr'><strong>ﬁrma</strong></span> <span class='ocrx_word' id='word_1_361' title='bbox 1816 3174 2165 3243; x_wconf 81' lang='lat' dir='ltr'><strong>vosmetipsos</strong></span> 
     </span>
    </p>
   </div>
   <div class='ocr_carea' id='block_1_49' title="bbox 617 3255 2162 3323">
    <p class='ocr_par' dir='ltr' id='par_1_49' title="bbox 617 3255 2162 3323">
     <span class='ocr_line' id='line_1_49' title="bbox 617 3255 2162 3323; baseline 0.005 -18"><span class='ocrx_word' id='word_1_362' title='bbox 617 3255 804 3323; x_wconf 82' lang='lat' dir='ltr'><strong>erigite</strong></span> <span class='ocrx_word' id='word_1_363' title='bbox 844 3256 909 3307; x_wconf 89' lang='lat' dir='ltr'><strong>ad</strong></span> <span class='ocrx_word' id='word_1_364' title='bbox 938 3255 1122 3320; x_wconf 84' lang='lat' dir='ltr'><strong>Deum,</strong></span> <span class='ocrx_word' id='word_1_365' title='bbox 1153 3264 1209 3311; x_wconf 89' lang='lat' dir='ltr'><strong>et</strong></span> <span class='ocrx_word' id='word_1_366' title='bbox 1235 3257 1365 3310; x_wconf 86' lang='lat' dir='ltr'><strong>nihil</strong></span> <span class='ocrx_word' id='word_1_367' title='bbox 1392 3264 1577 3312; x_wconf 84' lang='lat' dir='ltr'><strong>contra</strong></span> <span class='ocrx_word' id='word_1_368' title='bbox 1599 3269 1831 3311; x_wconf 82' lang='lat' dir='ltr'><strong>vestram</strong></span> <span class='ocrx_word' id='word_1_369' title='bbox 1866 3260 2009 3313; x_wconf 88' lang='lat' dir='ltr'><strong>valet</strong></span> <span class='ocrx_word' id='word_1_370' title='bbox 2034 3275 2162 3313; x_wconf 89' lang='lat' dir='ltr'><strong>una-</strong></span> 
     </span>
    </p>
   </div>
   <div class='ocr_carea' id='block_1_50' title="bbox 623 3344 2163 3421">
    <p class='ocr_par' dir='ltr' id='par_1_50' title="bbox 623 3344 2163 3421">
     <span class='ocr_line' id='line_1_50' title="bbox 623 3344 2163 3421; baseline 0.007 -27"><span class='ocrx_word' id='word_1_371' title='bbox 623 3344 912 3398; x_wconf 84' lang='lat' dir='ltr'><strong>nimitatem</strong></span> <span class='ocrx_word' id='word_1_372' title='bbox 959 3346 1102 3399; x_wconf 82' lang='lat' dir='ltr'><strong>illius</strong></span> <span class='ocrx_word' id='word_1_373' title='bbox 1148 3347 1395 3401; x_wconf 72' lang='lat' dir='ltr'><strong>insidiésa</strong></span> <span class='ocrx_word' id='word_1_374' title='bbox 1445 3348 1723 3406; x_wconf 84' lang='lat' dir='ltr'><strong>calliditas.</strong></span> <span class='ocrx_word' id='word_1_375' title='bbox 1776 3350 1940 3421; x_wconf 75' lang='lat' dir='ltr'><strong>Magis</strong></span> <span class='ocrx_word' id='word_1_376' title='bbox 1984 3351 2163 3405; x_wconf 90' lang='lat' dir='ltr'><strong>humili</strong></span> 
     </span>
    </p>
   </div>
   <div class='ocr_carea' id='block_1_51' title="bbox 624 3434 2162 3508">
    <p class='ocr_par' dir='ltr' id='par_1_51' title="bbox 624 3434 2162 3508">
     <span class='ocr_line' id='line_1_51' title="bbox 624 3434 2162 3508; baseline 0.005 -23"><span class='ocrx_word' id='word_1_377' title='bbox 624 3442 799 3485; x_wconf 86' lang='lat' dir='ltr'><strong>mente</strong></span> <span class='ocrx_word' id='word_1_378' title='bbox 827 3434 1125 3487; x_wconf 86' lang='lat' dir='ltr'><strong>senioribus</strong></span> <span class='ocrx_word' id='word_1_379' title='bbox 1150 3437 1339 3489; x_wconf 81' lang='lat' dir='ltr'><strong>vestris</strong></span> <span class='ocrx_word' id='word_1_380' title='bbox 1376 3436 1592 3490; x_wconf 88' lang='lat' dir='ltr'><strong>obedire</strong></span> <span class='ocrx_word' id='word_1_381' title='bbox 1615 3440 1806 3507; x_wconf 89' lang='lat' dir='ltr'><strong>parati,</strong></span> <span class='ocrx_word' id='word_1_382' title='bbox 1833 3452 1990 3508; x_wconf 90' lang='lat' dir='ltr'><strong>quam</strong></span> <span class='ocrx_word' id='word_1_383' title='bbox 2016 3456 2162 3495; x_wconf 85' lang='lat' dir='ltr'><strong>mur-</strong></span> 
     </span>
    </p>
   </div>
   <div class='ocr_carea' id='block_1_52' title="bbox 624 3524 2161 3605">
    <p class='ocr_par' dir='ltr' id='par_1_52' title="bbox 624 3524 2161 3605">
     <span class='ocr_line' id='line_1_52' title="bbox 624 3524 2161 3605; baseline 0.008 -32"><span class='ocrx_word' id='word_1_384' title='bbox 624 3524 931 3577; x_wconf 81' lang='lat' dir='ltr'><strong>murationis</strong></span> <span class='ocrx_word' id='word_1_385' title='bbox 961 3526 1087 3578; x_wconf 81' lang='lat' dir='ltr'><strong>vitio</strong></span> <span class='ocrx_word' id='word_1_386' title='bbox 1115 3525 1420 3596; x_wconf 85' lang='lat' dir='ltr'><strong>dijudicare,</strong></span> <span class='ocrx_word' id='word_1_387' title='bbox 1453 3528 1705 3597; x_wconf 86' lang='lat' dir='ltr'><strong>quidquid</strong></span> <span class='ocrx_word' id='word_1_388' title='bbox 1730 3531 1880 3605; x_wconf 80' lang='lat' dir='ltr'><strong>vobis</strong></span> <span class='ocrx_word' id='word_1_389' title='bbox 1922 3532 2161 3603; x_wconf 81' lang='lat' dir='ltr'><strong>injunga-</strong></span> 
     </span>
    </p>
   </div>
   <div class='ocr_carea' id='block_1_53' title="bbox 628 3608 2125 3685">
    <p class='ocr_par' dir='ltr' id='par_1_53' title="bbox 628 3608 2125 3685">
     <span class='ocr_line' id='line_1_53' title="bbox 628 3608 2125 3685; baseline 0.005 -18"><span class='ocrx_word' id='word_1_390' title='bbox 628 3623 713 3667; x_wconf 86' lang='lat' dir='ltr'><strong>tur</strong></span> <span class='ocrx_word' id='word_1_391' title='bbox 748 3618 941 3685; x_wconf 80' lang='lat' dir='ltr'><strong>aperis.</strong></span> <span class='ocrx_word' id='word_1_392' title='bbox 2099 3608 2125 3613; x_wconf 29' lang='grc' dir='ltr'><strong>Μ</strong></span> 
     </span>
    </p>
   </div>
   <div class='ocr_carea' id='block_1_54' title="bbox 694 3692 2165 3780">
    <p class='ocr_par' dir='ltr' id='par_1_54' title="bbox 694 3692 2165 3780">
     <span class='ocr_line' id='line_1_54' title="bbox 694 3692 2165 3780; baseline 0.004 -23"><span class='ocrx_word' id='word_1_393' title='bbox 694 3705 922 3759; x_wconf 80' lang='lat' dir='ltr'><strong>Vovistis</strong></span> <span class='ocrx_word' id='word_1_394' title='bbox 968 3722 1061 3760; x_wconf 85' lang='lat' dir='ltr'><strong>vos</strong></span> <span class='ocrx_word' id='word_1_395' title='bbox 1098 3707 1203 3760; x_wconf 88' lang='lat' dir='ltr'><strong>Deo</strong></span> <span class='ocrx_word' id='word_1_396' title='bbox 1228 3706 1449 3771; x_wconf 69' lang='lat' dir='ltr'><strong>service,</strong></span> <span class='ocrx_word' id='word_1_397' title='bbox 1476 3710 1815 3778; x_wconf 83' lang='lat' dir='ltr'><strong>paternisque</strong></span> <span class='ocrx_word' id='word_1_398' title='bbox 1842 3692 1952 3780; x_wconf 81' lang='lat' dir='ltr'><strong>regi</strong></span> <span class='ocrx_word' id='word_1_399' title='bbox 1996 3716 2165 3765; x_wconf 85' lang='lat' dir='ltr'><strong>consi-</strong></span> 
     </span>
    </p>
   </div>
   <div class='ocr_carea' id='block_1_55' title="bbox 625 3784 2165 3866">
    <p class='ocr_par' dir='ltr' id='par_1_55' title="bbox 625 3784 2165 3866">
     <span class='ocr_line' id='line_1_55' title="bbox 625 3784 2165 3866; baseline 0.005 -19"><span class='ocrx_word' id='word_1_400' title='bbox 625 3796 725 3849; x_wconf 85' lang='lat' dir='ltr'><strong>liis.</strong></span> <span class='ocrx_word' id='word_1_401' title='bbox 759 3794 929 3849; x_wconf 86' lang='lat' dir='ltr'><strong>Nolite</strong></span> <span class='ocrx_word' id='word_1_402' title='bbox 968 3796 1312 3866; x_wconf 75' lang='lat' dir='ltr'><strong>vosmctipsos</strong></span> <span class='ocrx_word' id='word_1_403' title='bbox 1347 3784 1511 3866; x_wconf 80' lang='lat' dir='ltr'><strong>super</strong></span> <span class='ocrx_word' id='word_1_404' title='bbox 1540 3806 1775 3853; x_wconf 80' lang='lat' dir='ltr'><strong>rectores</strong></span> <span class='ocrx_word' id='word_1_405' title='bbox 1802 3798 2036 3854; x_wconf 77' lang='lat' dir='ltr'><strong>exaltare</strong></span> <span class='ocrx_word' id='word_1_406' title='bbox 2077 3817 2165 3855; x_wconf 88' lang='lat' dir='ltr'><strong>ve-</strong></span> 
     </span>
    </p>
   </div>
   <div class='ocr_carea' id='block_1_56' title="bbox 623 3888 2167 3956">
    <p class='ocr_par' dir='ltr' id='par_1_56' title="bbox 623 3888 2167 3956">
     <span class='ocr_line' id='line_1_56' title="bbox 623 3888 2167 3956; baseline 0.003 -15"><span class='ocrx_word' id='word_1_407' title='bbox 623 3897 780 3951; x_wconf 86' lang='lat' dir='ltr'><strong>stros,</strong></span> <span class='ocrx_word' id='word_1_408' title='bbox 811 3902 907 3942; x_wconf 90' lang='lat' dir='ltr'><strong>nec</strong></span> <span class='ocrx_word' id='word_1_409' title='bbox 927 3903 1107 3943; x_wconf 91' lang='lat' dir='ltr'><strong>eorum</strong></span> <span class='ocrx_word' id='word_1_410' title='bbox 1128 3888 1366 3956; x_wconf 86' lang='lat' dir='ltr'><strong>judicare</strong></span> <span class='ocrx_word' id='word_1_411' title='bbox 1395 3898 1507 3943; x_wconf 90' lang='lat' dir='ltr'><strong>acta</strong></span> <span class='ocrx_word' id='word_1_412' title='bbox 1535 3889 1615 3942; x_wconf 86' lang='lat' dir='ltr'><strong>vel</strong></span> <span class='ocrx_word' id='word_1_413' title='bbox 1641 3891 1881 3956; x_wconf 89' lang='lat' dir='ltr'><strong>consilia;</strong></span> <span class='ocrx_word' id='word_1_414' title='bbox 1925 3892 2014 3947; x_wconf 90' lang='lat' dir='ltr'><strong>sed</strong></span> <span class='ocrx_word' id='word_1_415' title='bbox 2043 3906 2167 3946; x_wconf 89' lang='lat' dir='ltr'><strong>con-</strong></span> 
     </span>
    </p>
   </div>
   <div class='ocr_carea' id='block_1_57' title="bbox 627 3968 2165 4051">
    <p class='ocr_par' dir='ltr' id='par_1_57' title="bbox 627 3968 2165 4051">
     <span class='ocr_line' id='line_1_57' title="bbox 627 3968 2165 4051; baseline 0.004 -22"><span class='ocrx_word' id='word_1_416' title='bbox 627 3980 769 4031; x_wconf 53' lang='lat' dir='ltr'><strong>tenti.</strong></span> <span class='ocrx_word' id='word_1_417' title='bbox 810 3978 1171 4033; x_wconf 84' lang='lat' dir='ltr'><strong>tantummodo</strong></span> <span class='ocrx_word' id='word_1_418' title='bbox 1222 3986 1389 4049; x_wconf 86' lang='lat' dir='ltr'><strong>estote</strong></span> <span class='ocrx_word' id='word_1_419' title='bbox 1434 3992 1617 4033; x_wconf 89' lang='lat' dir='ltr'><strong>eorum</strong></span> <span class='ocrx_word' id='word_1_420' title='bbox 1640 3968 1870 4047; x_wconf 80' lang='lat' dir='ltr'><strong>judicio,</strong></span> <span class='ocrx_word' id='word_1_421' title='bbox 1913 3982 2165 4051; x_wconf 87' lang='lat' dir='ltr'><strong>quidquid</strong></span> 
     </span>
    </p>
   </div>
   <div class='ocr_carea' id='block_1_58' title="bbox 626 4050 2167 4136">
    <p class='ocr_par' dir='ltr' id='par_1_58' title="bbox 626 4050 2167 4136">
     <span class='ocr_line' id='line_1_58' title="bbox 626 4050 2167 4136; baseline 0.003 -20"><span class='ocrx_word' id='word_1_422' title='bbox 626 4065 812 4133; x_wconf 77' lang='lat' dir='ltr'><strong>agatis,</strong></span> <span class='ocrx_word' id='word_1_423' title='bbox 834 4065 1195 4135; x_wconf 85' lang='lat' dir='ltr'><strong>regularisque</strong></span> <span class='ocrx_word' id='word_1_424' title='bbox 1216 4050 1333 4121; x_wconf 54' lang='lat' dir='ltr'><strong>vitae</strong></span> <span class='ocrx_word' id='word_1_425' title='bbox 1350 4056 1643 4136; x_wconf 57' lang='lat' dir='ltr'><strong>praceptis,</strong></span> <span class='ocrx_word' id='word_1_426' title='bbox 1661 4067 1711 4120; x_wconf 89' lang='lat' dir='ltr'><strong>in</strong></span> <span class='ocrx_word' id='word_1_427' title='bbox 1735 4068 1924 4136; x_wconf 89' lang='lat' dir='ltr'><strong>quibus</strong></span> <span class='ocrx_word' id='word_1_428' title='bbox 1940 4050 2167 4123; x_wconf 82' lang='lat' dir='ltr'><strong>maxime</strong></span> 
     </span>
    </p>
   </div>
   <div class='ocr_carea' id='block_1_59' title="bbox 628 4146 2165 4223">
    <p class='ocr_par' dir='ltr' id='par_1_59' title="bbox 628 4146 2165 4223">
     <span class='ocr_line' id='line_1_59' title="bbox 628 4146 2165 4223; baseline 0.002 -17"><span class='ocrx_word' id='word_1_429' title='bbox 628 4152 899 4206; x_wconf 73' lang='lat' dir='ltr'><strong>humilitas</strong></span> <span class='ocrx_word' id='word_1_430' title='bbox 925 4153 1200 4207; x_wconf 84' lang='lat' dir='ltr'><strong>obediendi</strong></span> <span class='ocrx_word' id='word_1_431' title='bbox 1226 4168 1346 4207; x_wconf 90' lang='lat' dir='ltr'><strong>cum</strong></span> <span class='ocrx_word' id='word_1_432' title='bbox 1378 4148 1641 4223; x_wconf 7' lang='lat' dir='ltr'><strong>gebat-irate</strong></span> <span class='ocrx_word' id='word_1_433' title='bbox 1666 4146 1988 4223; x_wconf 64' lang='lat' dir='ltr'><strong>praecipitur.</strong></span> <span class='ocrx_word' id='word_1_434' title='bbox 2014 4155 2165 4209; x_wconf 73' lang='lat' dir='ltr'><strong>Horae</strong></span> 
     </span>
    </p>
   </div>
   <div class='ocr_carea' id='block_1_60' title="bbox 628 4242 2166 4297">
    <p class='ocr_par' dir='ltr' id='par_1_60' title="bbox 628 4242 2166 4297">
     <span class='ocr_line' id='line_1_60' title="bbox 628 4242 2166 4297; baseline 0.003 -5"><span class='ocrx_word' id='word_1_435' title='bbox 628 4252 755 4293; x_wconf 89' lang='lat' dir='ltr'><strong>vero</strong></span> <span class='ocrx_word' id='word_1_436' title='bbox 778 4247 964 4293; x_wconf 69' lang='lat' dir='ltr'><strong>vestra:</strong></span> <span class='ocrx_word' id='word_1_437' title='bbox 993 4253 1173 4293; x_wconf 90' lang='lat' dir='ltr'><strong>omnes</strong></span> <span class='ocrx_word' id='word_1_438' title='bbox 1199 4242 1472 4294; x_wconf 88' lang='lat' dir='ltr'><strong>animabus</strong></span> <span class='ocrx_word' id='word_1_439' title='bbox 1496 4242 1687 4295; x_wconf 89' lang='lat' dir='ltr'><strong>vestris</strong></span> <span class='ocrx_word' id='word_1_440' title='bbox 1716 4244 1871 4297; x_wconf 90' lang='lat' dir='ltr'><strong>utiles</strong></span> <span class='ocrx_word' id='word_1_441' title='bbox 1902 4245 2166 4297; x_wconf 82' lang='lat' dir='ltr'><strong>invenian-</strong></span> 
     </span>
    </p>
   </div>
   <div class='ocr_carea' id='block_1_61' title="bbox 630 4326 2243 4418">
    <p class='ocr_par' dir='ltr' id='par_1_61' title="bbox 630 4326 2243 4418">
     <span class='ocr_line' id='line_1_61' title="bbox 630 4326 2243 4418; baseline 0.001 -33"><span class='ocrx_word' id='word_1_442' title='bbox 630 4342 735 4395; x_wconf 91' lang='lat' dir='ltr'><strong>tur,</strong></span> <span class='ocrx_word' id='word_1_443' title='bbox 760 4330 843 4383; x_wconf 84' lang='lat' dir='ltr'><strong>vel</strong></span> <span class='ocrx_word' id='word_1_444' title='bbox 888 4332 938 4383; x_wconf 90' lang='lat' dir='ltr'><strong>in</strong></span> <span class='ocrx_word' id='word_1_445' title='bbox 968 4326 1127 4400; x_wconf 80' lang='lat' dir='ltr'><strong>Opere</strong></span> <span class='ocrx_word' id='word_1_446' title='bbox 1171 4346 1418 4385; x_wconf 88' lang='lat' dir='ltr'><strong>manuum</strong></span> <span class='ocrx_word' id='word_1_447' title='bbox 1440 4372 1453 4394; x_wconf 89' lang='lat'><strong>,</strong></span> <span class='ocrx_word' id='word_1_448' title='bbox 1492 4332 1575 4385; x_wconf 83' lang='lat' dir='ltr'><strong>vel</strong></span> <span class='ocrx_word' id='word_1_449' title='bbox 1606 4332 1657 4385; x_wconf 88' lang='lat' dir='ltr'><strong>in</strong></span> <span class='ocrx_word' id='word_1_450' title='bbox 1698 4333 1936 4387; x_wconf 84' lang='lat' dir='ltr'><strong>lectionis</strong></span> <span class='ocrx_word' id='word_1_451' title='bbox 1970 4334 2161 4397; x_wconf 88' lang='lat' dir='ltr'><strong>studio,</strong></span> <span class='ocrx_word' id='word_1_452' title='bbox 2194 4361 2243 4418; x_wconf 70' lang='grc' dir='ltr'>υ</span> 
     </span>
    </p>
   </div>
   <div class='ocr_carea' id='block_1_62' title="bbox 632 4408 2164 4490">
    <p class='ocr_par' dir='ltr' id='par_1_62' title="bbox 632 4408 2164 4490">
     <span class='ocr_line' id='line_1_62' title="bbox 632 4408 2164 4490; baseline 0.004 -19"><span class='ocrx_word' id='word_1_453' title='bbox 632 4420 712 4473; x_wconf 87' lang='lat' dir='ltr'><strong>vel</strong></span> <span class='ocrx_word' id='word_1_454' title='bbox 738 4423 787 4473; x_wconf 90' lang='lat' dir='ltr'><strong>in</strong></span> <span class='ocrx_word' id='word_1_455' title='bbox 812 4408 1065 4474; x_wconf 77' lang='lat' dir='ltr'><strong>Orationis</strong></span> <span class='ocrx_word' id='word_1_456' title='bbox 1092 4420 1282 4490; x_wconf 86' lang='lat' dir='ltr'><strong>gratia.</strong></span> <span class='ocrx_word' id='word_1_457' title='bbox 1306 4420 1436 4476; x_wconf 88' lang='lat' dir='ltr'><strong>Oret</strong></span> <span class='ocrx_word' id='word_1_458' title='bbox 1469 4424 1742 4490; x_wconf 84' lang='lat' dir='ltr'><strong>operarius</strong></span> <span class='ocrx_word' id='word_1_459' title='bbox 1769 4424 1945 4485; x_wconf 88' lang='lat' dir='ltr'><strong>corde,</strong></span> <span class='ocrx_word' id='word_1_460' title='bbox 1969 4432 2027 4477; x_wconf 87' lang='lat' dir='ltr'><strong>ut</strong></span> <span class='ocrx_word' id='word_1_461' title='bbox 2065 4422 2164 4477; x_wconf 90' lang='lat' dir='ltr'><strong>du-</strong></span> 
     </span>
    </p>
   </div>
   <div class='ocr_carea' id='block_1_63' title="bbox 633 4507 2169 4577">
    <p class='ocr_par' dir='ltr' id='par_1_63' title="bbox 633 4507 2169 4577">
     <span class='ocr_line' id='line_1_63' title="bbox 633 4507 2169 4577; baseline 0.003 -18"><span class='ocrx_word' id='word_1_462' title='bbox 633 4508 755 4575; x_wconf 85' lang='lat' dir='ltr'><strong>plici</strong></span> <span class='ocrx_word' id='word_1_463' title='bbox 784 4507 1027 4561; x_wconf 85' lang='lat' dir='ltr'><strong>mercede</strong></span> <span class='ocrx_word' id='word_1_464' title='bbox 1076 4509 1263 4577; x_wconf 83' lang='lat' dir='ltr'><strong>dignus</strong></span> <span class='ocrx_word' id='word_1_465' title='bbox 1312 4511 1591 4561; x_wconf 85' lang='lat' dir='ltr'><strong>habeatur.</strong></span> <span class='ocrx_word' id='word_1_466' title='bbox 1647 4509 1900 4565; x_wconf 85' lang='lat' dir='ltr'><strong>Similiter</strong></span> <span class='ocrx_word' id='word_1_467' title='bbox 1940 4512 1993 4563; x_wconf 91' lang='lat' dir='ltr'><strong>in</strong></span> <span class='ocrx_word' id='word_1_468' title='bbox 2040 4510 2169 4564; x_wconf 83' lang='lat' dir='ltr'><strong>refe-</strong></span> 
     </span>
    </p>
   </div>
   <div class='ocr_carea' id='block_1_64' title="bbox 632 4594 2173 4678">
    <p class='ocr_par' dir='ltr' id='par_1_64' title="bbox 632 4594 2173 4678">
     <span class='ocr_line' id='line_1_64' title="bbox 632 4594 2173 4678; baseline 0.001 -27"><span class='ocrx_word' id='word_1_469' title='bbox 632 4595 806 4652; x_wconf 78' lang='lat' dir='ltr'><strong>ctione</strong></span> <span class='ocrx_word' id='word_1_470' title='bbox 830 4598 1065 4665; x_wconf 87' lang='lat' dir='ltr'><strong>corporis</strong></span> <span class='ocrx_word' id='word_1_471' title='bbox 1088 4598 1259 4648; x_wconf 86' lang='lat' dir='ltr'><strong>anima</strong></span> <span class='ocrx_word' id='word_1_472' title='bbox 1286 4594 1553 4651; x_wconf 83' lang='lat' dir='ltr'><strong>reiiciatur</strong></span> <span class='ocrx_word' id='word_1_473' title='bbox 1577 4598 1629 4650; x_wconf 91' lang='lat' dir='ltr'><strong>in</strong></span> <span class='ocrx_word' id='word_1_474' title='bbox 1654 4598 1941 4667; x_wconf 80' lang='lat' dir='ltr'><strong>gratiarum</strong></span> <span class='ocrx_word' id='word_1_475' title='bbox 1967 4602 2173 4678; x_wconf 70' lang='lat' dir='ltr'><strong>actione</strong></span> 
     </span>
    </p>
   </div>
   <div class='ocr_carea' id='block_1_65' title="bbox 634 4684 2172 4756">
    <p class='ocr_par' dir='ltr' id='par_1_65' title="bbox 634 4684 2172 4756">
     <span class='ocr_line' id='line_1_65' title="bbox 634 4684 2172 4756; baseline 0.001 -17"><span class='ocrx_word' id='word_1_476' title='bbox 634 4687 769 4749; x_wconf 85' lang='lat' dir='ltr'><strong>Deo;</strong></span> <span class='ocrx_word' id='word_1_477' title='bbox 797 4685 877 4739; x_wconf 90' lang='lat' dir='ltr'><strong>vel</strong></span> <span class='ocrx_word' id='word_1_478' title='bbox 919 4687 961 4739; x_wconf 88' lang='lat' dir='ltr'><strong>si</strong></span> <span class='ocrx_word' id='word_1_479' title='bbox 992 4700 1181 4753; x_wconf 89' lang='lat' dir='ltr'><strong>corpus</strong></span> <span class='ocrx_word' id='word_1_480' title='bbox 1225 4684 1403 4737; x_wconf 88' lang='lat' dir='ltr'><strong>labore</strong></span> <span class='ocrx_word' id='word_1_481' title='bbox 1431 4684 1706 4751; x_wconf 81' lang='lat' dir='ltr'><strong>aﬂiciatur,</strong></span> <span class='ocrx_word' id='word_1_482' title='bbox 1748 4700 1896 4740; x_wconf 87' lang='lat' dir='ltr'><strong>meus</strong></span> <span class='ocrx_word' id='word_1_483' title='bbox 1923 4701 2172 4756; x_wconf 87' lang='lat' dir='ltr'><strong>compun-</strong></span> 
     </span>
    </p>
   </div>
   <div class='ocr_carea' id='block_1_66' title="bbox 634 4776 2170 4831">
    <p class='ocr_par' dir='ltr' id='par_1_66' title="bbox 634 4776 2170 4831">
     <span class='ocr_line' id='line_1_66' title="bbox 634 4776 2170 4831; baseline -0.001 0"><span class='ocrx_word' id='word_1_484' title='bbox 634 4779 806 4831; x_wconf 87' lang='lat' dir='ltr'><strong>ctione</strong></span> <span class='ocrx_word' id='word_1_485' title='bbox 853 4776 1209 4830; x_wconf 81' lang='lat' dir='ltr'><strong>coaﬂrtnetur.</strong></span> <span class='ocrx_word' id='word_1_486' title='bbox 1264 4776 1352 4829; x_wconf 89' lang='lat' dir='ltr'><strong>Sic</strong></span> <span class='ocrx_word' id='word_1_487' title='bbox 1386 4790 1510 4829; x_wconf 90' lang='lat' dir='ltr'><strong>vero</strong></span> <span class='ocrx_word' id='word_1_488' title='bbox 1551 4785 1812 4829; x_wconf 86' lang='lat' dir='ltr'><strong>armatum</strong></span> <span class='ocrx_word' id='word_1_489' title='bbox 1859 4779 2170 4831; x_wconf 82' lang='lat' dir='ltr'><strong>monachum</strong></span> 
     </span>
    </p>
   </div>
   <div class='ocr_carea' id='block_1_67' title="bbox 636 4862 2189 4935">
    <p class='ocr_par' dir='ltr' id='par_1_67' title="bbox 636 4862 2189 4935">
     <span class='ocr_line' id='line_1_67' title="bbox 636 4862 2189 4935; baseline -0.001 -16"><span class='ocrx_word' id='word_1_490' title='bbox 636 4866 825 4933; x_wconf 79' lang='lat' dir='ltr'><strong>duplici</strong></span> <span class='ocrx_word' id='word_1_491' title='bbox 872 4864 1139 4932; x_wconf 65' lang='lat' dir='ltr'><strong>suffragio,</strong></span> <span class='ocrx_word' id='word_1_492' title='bbox 1173 4862 1245 4914; x_wconf 87' lang='lat' dir='ltr'><strong>nil</strong></span> <span class='ocrx_word' id='word_1_493' title='bbox 1289 4866 1526 4933; x_wconf 79' lang='lat' dir='ltr'><strong>antiquus</strong></span> <span class='ocrx_word' id='word_1_494' title='bbox 1554 4866 1711 4917; x_wconf 76' lang='lat' dir='ltr'><strong>hostis</strong></span> <span class='ocrx_word' id='word_1_495' title='bbox 1750 4880 1939 4921; x_wconf 86' lang='lat' dir='ltr'><strong>nocere</strong></span> <span class='ocrx_word' id='word_1_496' title='bbox 1980 4869 2189 4935; x_wconf 72' lang='lat' dir='ltr'><strong>pmo’rit‘</strong></span> 
     </span>
    </p>
   </div>
   <div class='ocr_carea' id='block_1_68' title="bbox 639 4954 2173 5025">
    <p class='ocr_par' dir='ltr' id='par_1_68' title="bbox 639 4954 2173 5025">
     <span class='ocr_line' id='line_1_68' title="bbox 639 4954 2173 5025; baseline 0.003 -18"><span class='ocrx_word' id='word_1_497' title='bbox 639 4958 813 5025; x_wconf 67' lang='lat' dir='ltr'><strong>(Apoc.</strong></span> <span class='ocrx_word' id='word_1_498' title='bbox 860 4971 956 5017; x_wconf 85' lang='lat' dir='ltr'><strong>xu,</strong></span> <span class='ocrx_word' id='word_1_499' title='bbox 1001 4957 1076 5023; x_wconf 86' lang='lat'><strong>9),</strong></span> <span class='ocrx_word' id='word_1_500' title='bbox 1109 4956 1198 5023; x_wconf 90' lang='lat' dir='ltr'><strong>qui</strong></span> <span class='ocrx_word' id='word_1_501' title='bbox 1241 4954 1430 5021; x_wconf 67' lang='lat' dir='ltr'><strong>quaerit</strong></span> <span class='ocrx_word' id='word_1_502' title='bbox 1464 4970 1557 5023; x_wconf 87' lang='lat' dir='ltr'><strong>per</strong></span> <span class='ocrx_word' id='word_1_503' title='bbox 1604 4958 1933 5023; x_wconf 86' lang='lat' dir='ltr'><strong>vagationem</strong></span> <span class='ocrx_word' id='word_1_504' title='bbox 1984 4960 2173 5011; x_wconf 86' lang='lat' dir='ltr'><strong>mentis</strong></span> 
     </span>
    </p>
   </div>
   <div class='ocr_carea' id='block_1_69' title="bbox 641 5044 1530 5101">
    <p class='ocr_par' dir='ltr' id='par_1_69' title="bbox 641 5044 1530 5101">
     <span class='ocr_line' id='line_1_69' title="bbox 641 5044 1530 5101; baseline -0.002 -2"><span class='ocrx_word' id='word_1_505' title='bbox 641 5044 934 5100; x_wconf 78' lang='lat' dir='ltr'><strong>mercedem</strong></span> <span class='ocrx_word' id='word_1_506' title='bbox 963 5048 1199 5101; x_wconf 86' lang='lat' dir='ltr'><strong>minuere</strong></span> <span class='ocrx_word' id='word_1_507' title='bbox 1228 5046 1530 5100; x_wconf 88' lang='lat' dir='ltr'><strong>laborantis.</strong></span> 
     </span>
    </p>
   </div>
   <div class='ocr_carea' id='block_1_70' title="bbox 709 5193 2172 5259">
    <p class='ocr_par' dir='ltr' id='par_1_70' title="bbox 709 5193 2172 5259">
     <span class='ocr_line' id='line_1_70' title="bbox 709 5193 2172 5259; baseline -0.003 -10"><span class='ocrx_word' id='word_1_508' title='bbox 709 5211 734 5237; x_wconf 79' lang='grc' dir='ltr'>ι</span> <span class='ocrx_word' id='word_1_509' title='bbox 777 5196 971 5249; x_wconf 72' lang='lat' dir='ltr'><strong>Nuntio</strong></span> <span class='ocrx_word' id='word_1_510' title='bbox 994 5196 1353 5249; x_wconf 71' lang='lat' dir='ltr'><strong>tribulationis.</strong></span> <span class='ocrx_word' id='word_1_511' title='bbox 1392 5193 1643 5259; x_wconf 63' lang='lat' dir='ltr'><strong>Quasnam</strong></span> <span class='ocrx_word' id='word_1_512' title='bbox 1668 5194 1825 5246; x_wconf 80' lang='lat' dir='ltr'><strong>fuerit</strong></span> <span class='ocrx_word' id='word_1_513' title='bbox 1869 5194 1981 5246; x_wconf 66' lang='lat' dir='ltr'><strong>haec</strong></span> <span class='ocrx_word' id='word_1_514' title='bbox 2008 5194 2172 5247; x_wconf 76' lang='lat' dir='ltr'><strong>tribu-</strong></span> 
     </span>
    </p>
   </div>
   <div class='ocr_carea' id='block_1_71' title="bbox 642 5261 2174 5333">
    <p class='ocr_par' dir='ltr' id='par_1_71' title="bbox 642 5261 2174 5333">
     <span class='ocr_line' id='line_1_71' title="bbox 642 5261 2174 5333; baseline -0.001 -15"><span class='ocrx_word' id='word_1_515' title='bbox 642 5266 809 5333; x_wconf 24' lang='lat' dir='ltr'><strong>latio,‘</strong></span> <span class='ocrx_word' id='word_1_516' title='bbox 834 5279 937 5333; x_wconf 70' lang='lat' dir='ltr'><strong>nos</strong></span> <span class='ocrx_word' id='word_1_517' title='bbox 967 5264 1115 5331; x_wconf 87' lang='lat' dir='ltr'><strong>fugit.</strong></span> <span class='ocrx_word' id='word_1_518' title='bbox 1160 5262 1495 5333; x_wconf 67' lang='lat' dir='ltr'><strong>Egiuliardus</strong></span> <span class='ocrx_word' id='word_1_519' title='bbox 1547 5263 1619 5333; x_wconf 74' lang='lat' dir='ltr'><strong>in.</strong></span> <span class='ocrx_word' id='word_1_520' title='bbox 1651 5261 1940 5333; x_wconf 73' lang='lat' dir='ltr'><strong>Annalibus</strong></span> <span class='ocrx_word' id='word_1_521' title='bbox 1991 5263 2055 5316; x_wconf 87' lang='lat' dir='ltr'><strong>ad</strong></span> <span class='ocrx_word' id='word_1_522' title='bbox 2084 5280 2174 5317; x_wconf 78' lang='lat' dir='ltr'><strong>au—</strong></span> 
     </span>
    </p>
   </div>
   <div class='ocr_carea' id='block_1_72' title="bbox 644 5328 2175 5400">
    <p class='ocr_par' dir='ltr' id='par_1_72' title="bbox 644 5328 2175 5400">
     <span class='ocr_line' id='line_1_72' title="bbox 644 5328 2175 5400; baseline -0.003 -13"><span class='ocrx_word' id='word_1_523' title='bbox 644 5328 889 5400; x_wconf 70' lang='grc' dir='ltr'><strong>ηυωῖθῦ</strong></span> <span class='ocrx_word' id='word_1_524' title='bbox 910 5328 1228 5389; x_wconf 54' lang='lat' dir='ltr'><strong>Saracenos</strong></span> <span class='ocrx_word' id='word_1_525' title='bbox 1254 5336 1433 5384; x_wconf 80' lang='lat' dir='ltr'><strong>nan-at</strong></span> <span class='ocrx_word' id='word_1_526' title='bbox 1464 5328 1878 5399; x_wconf 82' lang='lat' dir='ltr'><strong>Septimanniam</strong></span> <span class='ocrx_word' id='word_1_527' title='bbox 1905 5332 2175 5400; x_wconf 58' lang='lat' dir='ltr'><strong>ingressos</strong></span> 
     </span>
    </p>
   </div>
   <div class='ocr_carea' id='block_1_73' title="bbox 643 5398 2175 5477">
    <p class='ocr_par' dir='ltr' id='par_1_73' title="bbox 643 5398 2175 5477">
     <span class='ocr_line' id='line_1_73' title="bbox 643 5398 2175 5477; baseline -0.002 -21"><span class='ocrx_word' id='word_1_528' title='bbox 643 5419 761 5456; x_wconf 90' lang='lat' dir='ltr'><strong>cum</strong></span> <span class='ocrx_word' id='word_1_529' title='bbox 1056 5411 1337 5477; x_wconf 53' lang='lat' dir='ltr'><strong>pum,</strong></span> <span class='ocrx_word' id='word_1_530' title='bbox 1376 5398 1709 5477; x_wconf 56' lang='lat' dir='ltr'><strong>victoresque</strong></span> <span class='ocrx_word' id='word_1_531' title='bbox 1764 5398 2019 5477; x_wconf 66' lang='lat' dir='ltr'><strong>rediisse;</strong></span> <span class='ocrx_word' id='word_1_532' title='bbox 2055 5401 2175 5477; x_wconf 73' lang='lat' dir='ltr'><strong>inde</strong></span> 
     </span>
    </p>
   </div>
   <div class='ocr_carea' id='block_1_74' title="bbox 645 5466 2175 5537">
    <p class='ocr_par' dir='ltr' id='par_1_74' title="bbox 645 5466 2175 5537">
     <span class='ocr_line' id='line_1_74' title="bbox 645 5466 2175 5537; baseline -0.001 -16"><span class='ocrx_word' id='word_1_533' title='bbox 645 5487 769 5524; x_wconf 85' lang='lat' dir='ltr'><strong>vero</strong></span> <span class='ocrx_word' id='word_1_534' title='bbox 797 5466 1297 5525; x_wconf 28' lang='lat' dir='ltr'><strong>nionacbis‘GOthize</strong></span> <span class='ocrx_word' id='word_1_535' title='bbox 1343 5482 1433 5521; x_wconf 86' lang='lat' dir='ltr'><strong>seu</strong></span> <span class='ocrx_word' id='word_1_536' title='bbox 1492 5466 2175 5537; x_wconf 20' lang='lat' dir='ltr'><strong>Septimanniagpericuluni</strong></span> 
     </span>
    </p>
   </div>
   <div class='ocr_carea' id='block_1_75' title="bbox 646 5532 2179 5604">
    <p class='ocr_par' dir='ltr' id='par_1_75' title="bbox 646 5532 2179 5604">
     <span class='ocr_line' id='line_1_75' title="bbox 646 5532 2179 5604; baseline -0.003 -11"><span class='ocrx_word' id='word_1_537' title='bbox 646 5539 937 5601; x_wconf 82' lang='lat' dir='ltr'><strong>imminere,</strong></span> <span class='ocrx_word' id='word_1_538' title='bbox 976 5553 1039 5593; x_wconf 81' lang='lat' dir='ltr'><strong>ac</strong></span> <span class='ocrx_word' id='word_1_539' title='bbox 1071 5538 1338 5591; x_wconf 57' lang='lat' dir='ltr'><strong>trilnlﬂio</strong></span> <span class='ocrx_word' id='word_1_540' title='bbox 1366 5532 1578 5589; x_wconf 83' lang='lat' dir='ltr'><strong>evenire</strong></span> <span class='ocrx_word' id='word_1_541' title='bbox 1621 5537 1807 5601; x_wconf 82' lang='lat' dir='ltr'><strong>potuit.</strong></span> <span class='ocrx_word' id='word_1_542' title='bbox 1856 5532 2020 5604; x_wconf 68' lang='lat' dir='ltr'><strong>Igitur</strong></span> <span class='ocrx_word' id='word_1_543' title='bbox 2043 5538 2179 5589; x_wconf 80' lang='lat' dir='ltr'><strong>hanc</strong></span> 
     </span>
    </p>
   </div>
   <div class='ocr_carea' id='block_1_76' title="bbox 642 5604 2178 5677">
    <p class='ocr_par' dir='ltr' id='par_1_76' title="bbox 642 5604 2178 5677">
     <span class='ocr_line' id='line_1_76' title="bbox 642 5604 2178 5677; baseline -0.003 -16"><span class='ocrx_word' id='word_1_544' title='bbox 642 5609 918 5677; x_wconf 79' lang='lat' dir='ltr'><strong>epistolam</strong></span> <span class='ocrx_word' id='word_1_545' title='bbox 945 5609 1045 5661; x_wconf 79' lang='lat' dir='ltr'><strong>hoc</strong></span> <span class='ocrx_word' id='word_1_546' title='bbox 1076 5612 1211 5659; x_wconf 78' lang='lat' dir='ltr'><strong>anno</strong></span> <span class='ocrx_word' id='word_1_547' title='bbox 1254 5608 1501 5675; x_wconf 79' lang='lat' dir='ltr'><strong>scriptam</strong></span> <span class='ocrx_word' id='word_1_548' title='bbox 1546 5622 1677 5665; x_wconf 86' lang='lat' dir='ltr'><strong>esse,</strong></span> <span class='ocrx_word' id='word_1_549' title='bbox 1711 5619 1833 5658; x_wconf 83' lang='lat' dir='ltr'><strong>vero</strong></span> <span class='ocrx_word' id='word_1_550' title='bbox 1878 5604 2045 5657; x_wconf 85' lang='lat' dir='ltr'><strong>simile</strong></span> <span class='ocrx_word' id='word_1_551' title='bbox 2068 5610 2178 5662; x_wconf 79' lang='lat' dir='ltr'><strong>cni-</strong></span> 
     </span>
    </p>
   </div>
   <div class='ocr_carea' id='block_1_77' title="bbox 2259 1818 3807 1892">
    <p class='ocr_par' dir='ltr' id='par_1_77' title="bbox 2259 1818 3807 1892">
     <span class='ocr_line' id='line_1_77' title="bbox 2259 1818 3807 1892; baseline 0.007 -21"><span class='ocrx_word' id='word_1_552' title='bbox 2259 1826 2339 1871; x_wconf 79' lang='lat' dir='ltr'><strong>ter</strong></span> <span class='ocrx_word' id='word_1_553' title='bbox 2378 1818 2686 1887; x_wconf 87' lang='lat' dir='ltr'><strong>deprecans,</strong></span> <span class='ocrx_word' id='word_1_554' title='bbox 2734 1831 2997 1889; x_wconf 86' lang='lat' dir='ltr'><strong>quatenus</strong></span> <span class='ocrx_word' id='word_1_555' title='bbox 3047 1838 3143 1892; x_wconf 86' lang='lat' dir='ltr'><strong>per</strong></span> <span class='ocrx_word' id='word_1_556' title='bbox 3191 1832 3396 1880; x_wconf 84' lang='lat' dir='ltr'><strong>vestras</strong></span> <span class='ocrx_word' id='word_1_557' title='bbox 3439 1827 3807 1882; x_wconf 82' lang='lat' dir='ltr'><strong>sanctissimas</strong></span> 
     </span>
    </p>
   </div>
   <div class='ocr_carea' id='block_1_78' title="bbox 2256 1908 3807 1985">
    <p class='ocr_par' dir='ltr' id='par_1_78' title="bbox 2256 1908 3807 1985">
     <span class='ocr_line' id='line_1_78' title="bbox 2256 1908 3807 1985; baseline 0.008 -25"><span class='ocrx_word' id='word_1_558' title='bbox 2256 1908 2525 1961; x_wconf 79' lang='lat' dir='ltr'><strong>orationes</strong></span> <span class='ocrx_word' id='word_1_559' title='bbox 2570 1923 2764 1963; x_wconf 86' lang='lat' dir='ltr'><strong>munus</strong></span> <span class='ocrx_word' id='word_1_560' title='bbox 2808 1910 3094 1966; x_wconf 88' lang='lat' dir='ltr'><strong>voluntatis</strong></span> <span class='ocrx_word' id='word_1_561' title='bbox 3146 1927 3281 1968; x_wconf 74' lang='lat' dir='ltr'><strong>mete</strong></span> <span class='ocrx_word' id='word_1_562' title='bbox 3318 1914 3427 1970; x_wconf 88' lang='lat' dir='ltr'><strong>Deo</strong></span> <span class='ocrx_word' id='word_1_563' title='bbox 3476 1917 3807 1985; x_wconf 80' lang='lat' dir='ltr'><strong>acceptabile</strong></span> 
     </span>
    </p>
   </div>
   <div class='ocr_carea' id='block_1_79' title="bbox 2256 1998 3805 2075">
    <p class='ocr_par' dir='ltr' id='par_1_79' title="bbox 2256 1998 3805 2075">
     <span class='ocr_line' id='line_1_79' title="bbox 2256 1998 3805 2075; baseline 0.006 -24"><span class='ocrx_word' id='word_1_564' title='bbox 2256 2012 2391 2061; x_wconf 86' lang='lat' dir='ltr'><strong>esse,</strong></span> <span class='ocrx_word' id='word_1_565' title='bbox 2423 1998 2640 2066; x_wconf 82' lang='lat' dir='ltr'><strong>ejusque</strong></span> <span class='ocrx_word' id='word_1_566' title='bbox 2664 1998 2860 2053; x_wconf 91' lang='lat' dir='ltr'><strong>donum</strong></span> <span class='ocrx_word' id='word_1_567' title='bbox 2901 2000 2956 2053; x_wconf 92' lang='lat' dir='ltr'><strong>in</strong></span> <span class='ocrx_word' id='word_1_568' title='bbox 2985 2000 3159 2055; x_wconf 88' lang='lat' dir='ltr'><strong>anima</strong></span> <span class='ocrx_word' id='word_1_569' title='bbox 3188 2018 3302 2057; x_wconf 89' lang='lat' dir='ltr'><strong>mea</strong></span> <span class='ocrx_word' id='word_1_570' title='bbox 3328 2005 3581 2075; x_wconf 79' lang='lat' dir='ltr'><strong>,recipere</strong></span> <span class='ocrx_word' id='word_1_571' title='bbox 3618 2004 3805 2073; x_wconf 83' lang='lat' dir='ltr'><strong>digne-</strong></span> 
     </span>
    </p>
   </div>
   <div class='ocr_carea' id='block_1_80' title="bbox 2258 2086 3805 2166">
    <p class='ocr_par' dir='ltr' id='par_1_80' title="bbox 2258 2086 3805 2166">
     <span class='ocr_line' id='line_1_80' title="bbox 2258 2086 3805 2166; baseline 0.008 -28"><span class='ocrx_word' id='word_1_572' title='bbox 2258 2095 2365 2149; x_wconf 84' lang='lat' dir='ltr'><strong>tur,</strong></span> <span class='ocrx_word' id='word_1_573' title='bbox 2396 2089 2483 2155; x_wconf 91' lang='lat' dir='ltr'><strong>qui</strong></span> <span class='ocrx_word' id='word_1_574' title='bbox 2512 2090 2737 2158; x_wconf 80' lang='lat' dir='ltr'><strong>gratiam</strong></span> <span class='ocrx_word' id='word_1_575' title='bbox 2770 2105 2866 2159; x_wconf 91' lang='lat' dir='ltr'><strong>pro</strong></span> <span class='ocrx_word' id='word_1_576' title='bbox 2895 2091 3065 2162; x_wconf 87' lang='lat' dir='ltr'><strong>gratia</strong></span> <span class='ocrx_word' id='word_1_577' title='bbox 3091 2094 3216 2147; x_wconf 85' lang='lat' dir='ltr'><strong>dare</strong></span> <span class='ocrx_word' id='word_1_578' title='bbox 3244 2086 3407 2159; x_wconf 79' lang='lat' dir='ltr'><strong>solet;</strong></span> <span class='ocrx_word' id='word_1_579' title='bbox 3437 2095 3502 2150; x_wconf 90' lang='lat' dir='ltr'><strong>de</strong></span> <span class='ocrx_word' id='word_1_580' title='bbox 3524 2094 3677 2165; x_wconf 88' lang='lat' dir='ltr'><strong>cujus</strong></span> <span class='ocrx_word' id='word_1_581' title='bbox 3694 2096 3805 2166; x_wconf 55' lang='lat' dir='ltr'><strong>ple.</strong></span> 
     </span>
    </p>
   </div>
   <div class='ocr_carea' id='block_1_81' title="bbox 2258 2174 3801 2248">
    <p class='ocr_par' dir='ltr' id='par_1_81' title="bbox 2258 2174 3801 2248">
     <span class='ocr_line' id='line_1_81' title="bbox 2258 2174 3801 2248; baseline 0.008 -23"><span class='ocrx_word' id='word_1_582' title='bbox 2258 2174 2493 2227; x_wconf 87' lang='lat' dir='ltr'><strong>nitudine</strong></span> <span class='ocrx_word' id='word_1_583' title='bbox 2521 2178 2838 2245; x_wconf 75' lang='lat' dir='ltr'><strong>accepimus,</strong></span> <span class='ocrx_word' id='word_1_584' title='bbox 2866 2179 3117 2248; x_wconf 81' lang='lat' dir='ltr'><strong>quidquid</strong></span> <span class='ocrx_word' id='word_1_585' title='bbox 3159 2181 3280 2236; x_wconf 87' lang='lat' dir='ltr'><strong>boni</strong></span> <span class='ocrx_word' id='word_1_586' title='bbox 3313 2183 3509 2238; x_wconf 82' lang='lat' dir='ltr'><strong>habere</strong></span> <span class='ocrx_word' id='word_1_587' title='bbox 3538 2186 3801 2240; x_wconf 86' lang='lat' dir='ltr'><strong>videmur.</strong></span> 
     </span>
    </p>
   </div>
   <div class='ocr_carea' id='block_1_82' title="bbox 2257 2260 3804 2339">
    <p class='ocr_par' dir='ltr' id='par_1_82' title="bbox 2257 2260 3804 2339">
     <span class='ocr_line' id='line_1_82' title="bbox 2257 2260 3804 2339; baseline 0.01 -25"><span class='ocrx_word' id='word_1_588' title='bbox 2257 2260 2400 2315; x_wconf 86' lang='lat' dir='ltr'><strong>illius</strong></span> <span class='ocrx_word' id='word_1_589' title='bbox 2440 2264 2511 2315; x_wconf 89' lang='lat' dir='ltr'><strong>sit</strong></span> <span class='ocrx_word' id='word_1_590' title='bbox 2552 2279 2757 2333; x_wconf 86' lang='lat' dir='ltr'><strong>semper</strong></span> <span class='ocrx_word' id='word_1_591' title='bbox 2786 2268 3018 2323; x_wconf 86' lang='lat' dir='ltr'><strong>cbaritas</strong></span> <span class='ocrx_word' id='word_1_592' title='bbox 3043 2269 3095 2322; x_wconf 91' lang='lat' dir='ltr'><strong>in</strong></span> <span class='ocrx_word' id='word_1_593' title='bbox 3126 2272 3306 2336; x_wconf 85' lang='lat' dir='ltr'><strong>corde,</strong></span> <span class='ocrx_word' id='word_1_594' title='bbox 3350 2270 3466 2326; x_wconf 86' lang='lat' dir='ltr'><strong>laus</strong></span> <span class='ocrx_word' id='word_1_595' title='bbox 3504 2272 3557 2328; x_wconf 91' lang='lat' dir='ltr'><strong>in</strong></span> <span class='ocrx_word' id='word_1_596' title='bbox 3591 2289 3704 2339; x_wconf 91' lang='lat' dir='ltr'><strong>ore,</strong></span> <span class='ocrx_word' id='word_1_597' title='bbox 3747 2284 3804 2329; x_wconf 87' lang='lat' dir='ltr'><strong>et</strong></span> 
     </span>
    </p>
   </div>
   <div class='ocr_carea' id='block_1_83' title="bbox 2258 2348 3675 2424">
    <p class='ocr_par' dir='ltr' id='par_1_83' title="bbox 2258 2348 3675 2424">
     <span class='ocr_line' id='line_1_83' title="bbox 2258 2348 3675 2424; baseline 0.008 -20"><span class='ocrx_word' id='word_1_598' title='bbox 2258 2365 2415 2418; x_wconf 86' lang='lat' dir='ltr'><strong>opere</strong></span> <span class='ocrx_word' id='word_1_599' title='bbox 2438 2350 2585 2406; x_wconf 73' lang='lat' dir='ltr'><strong>bono‘</strong></span> <span class='ocrx_word' id='word_1_600' title='bbox 2600 2353 2805 2423; x_wconf 80' lang='lat' dir='ltr'><strong>signum</strong></span> <span class='ocrx_word' id='word_1_601' title='bbox 2834 2355 3082 2424; x_wconf 75' lang='lat' dir='ltr'><strong>perfecta:</strong></span> <span class='ocrx_word' id='word_1_602' title='bbox 3109 2357 3422 2416; x_wconf 88' lang='lat' dir='ltr'><strong>dilectionis.</strong></span> <span class='ocrx_word' id='word_1_603' title='bbox 3672 2348 3675 2353; x_wconf 56' lang='grc'><em>’</em></span> 
     </span>
    </p>
   </div>
   <div class='ocr_carea' id='block_1_84' title="bbox 2329 2439 3801 2519">
    <p class='ocr_par' dir='ltr' id='par_1_84' title="bbox 2329 2439 3801 2519">
     <span class='ocr_line' id='line_1_84' title="bbox 2329 2439 3801 2519; baseline 0.012 -28"><span class='ocrx_word' id='word_1_604' title='bbox 2329 2439 2556 2493; x_wconf 87' lang='lat' dir='ltr'><strong>Plurima</strong></span> <span class='ocrx_word' id='word_1_605' title='bbox 2609 2452 2798 2497; x_wconf 68' lang='lat' dir='ltr'><strong>vestras</strong></span> <span class='ocrx_word' id='word_1_606' title='bbox 2844 2446 3155 2500; x_wconf 88' lang='lat' dir='ltr'><strong>beatitudini</strong></span> <span class='ocrx_word' id='word_1_607' title='bbox 3206 2450 3439 2505; x_wconf 87' lang='lat' dir='ltr'><strong>scribere</strong></span> <span class='ocrx_word' id='word_1_608' title='bbox 3486 2450 3801 2519; x_wconf 79' lang='lat' dir='ltr'><strong>desideravi,</strong></span> 
     </span>
    </p>
   </div>
   <div class='ocr_carea' id='block_1_85' title="bbox 2251 2527 3803 2610">
    <p class='ocr_par' dir='ltr' id='par_1_85' title="bbox 2251 2527 3803 2610">
     <span class='ocr_line' id='line_1_85' title="bbox 2251 2527 3803 2610; baseline 0.011 -31"><span class='ocrx_word' id='word_1_609' title='bbox 2251 2527 2350 2580; x_wconf 82' lang='lat' dir='ltr'><strong>sed</strong></span> <span class='ocrx_word' id='word_1_610' title='bbox 2372 2540 2397 2567; x_wconf 80' lang='grc' dir='ltr'>ι</span> <span class='ocrx_word' id='word_1_611' title='bbox 2433 2530 2618 2583; x_wconf 89' lang='lat' dir='ltr'><strong>nuntio</strong></span> <span class='ocrx_word' id='word_1_612' title='bbox 2665 2531 3015 2587; x_wconf 85' lang='lat' dir='ltr'><strong>tribulationis</strong></span> <span class='ocrx_word' id='word_1_613' title='bbox 3057 2542 3446 2601; x_wconf 75' lang='lat' dir='ltr'><strong>consternatus,</strong></span> <span class='ocrx_word' id='word_1_614' title='bbox 3487 2538 3600 2594; x_wconf 62' lang='lat' dir='ltr'><strong>huic</strong></span> <span class='ocrx_word' id='word_1_615' title='bbox 3634 2555 3803 2610; x_wconf 62' lang='lat' dir='ltr'><strong>pandi</strong></span> 
     </span>
    </p>
   </div>
   <div class='ocr_carea' id='block_1_86' title="bbox 2260 2614 3807 2702">
    <p class='ocr_par' dir='ltr' id='par_1_86' title="bbox 2260 2614 3807 2702">
     <span class='ocr_line' id='line_1_86' title="bbox 2260 2614 3807 2702; baseline 0.012 -34"><span class='ocrx_word' id='word_1_616' title='bbox 2260 2614 2471 2669; x_wconf 84' lang='lat' dir='ltr'><strong>dictavi.</strong></span> <span class='ocrx_word' id='word_1_617' title='bbox 2508 2617 2563 2671; x_wconf 87' lang='lat' dir='ltr'><strong>in</strong></span> <span class='ocrx_word' id='word_1_618' title='bbox 2592 2633 2694 2688; x_wconf 88' lang='lat' dir='ltr'><strong>qua</strong></span> <span class='ocrx_word' id='word_1_619' title='bbox 2724 2634 2850 2674; x_wconf 88' lang='lat' dir='ltr'><strong>vero</strong></span> <span class='ocrx_word' id='word_1_620' title='bbox 2879 2622 3228 2689; x_wconf 89' lang='lat' dir='ltr'><strong>tribulatione,</strong></span> <span class='ocrx_word' id='word_1_621' title='bbox 3262 2641 3353 2680; x_wconf 88' lang='lat' dir='ltr'><strong>vos</strong></span> <span class='ocrx_word' id='word_1_622' title='bbox 3396 2627 3621 2683; x_wconf 85' lang='lat' dir='ltr'><strong>viriliter</strong></span> <span class='ocrx_word' id='word_1_623' title='bbox 3646 2645 3807 2702; x_wconf 84' lang='lat' dir='ltr'><strong>agerc</strong></span> 
     </span>
    </p>
   </div>
   <div class='ocr_carea' id='block_1_87' title="bbox 2259 2704 3803 2787">
    <p class='ocr_par' dir='ltr' id='par_1_87' title="bbox 2259 2704 3803 2787">
     <span class='ocr_line' id='line_1_87' title="bbox 2259 2704 3803 2787; baseline 0.012 -31"><span class='ocrx_word' id='word_1_624' title='bbox 2259 2713 2313 2757; x_wconf 89' lang='lat' dir='ltr'><strong>et</strong></span> <span class='ocrx_word' id='word_1_625' title='bbox 2336 2704 2597 2760; x_wconf 77' lang='lat' dir='ltr'><strong>constanti</strong></span> <span class='ocrx_word' id='word_1_626' title='bbox 2625 2722 2743 2763; x_wconf 89' lang='lat' dir='ltr'><strong>esse</strong></span> <span class='ocrx_word' id='word_1_627' title='bbox 2769 2711 2946 2765; x_wconf 87' lang='lat' dir='ltr'><strong>animo</strong></span> <span class='ocrx_word' id='word_1_628' title='bbox 2974 2713 3218 2778; x_wconf 89' lang='lat' dir='ltr'><strong>obsecro,</strong></span> <span class='ocrx_word' id='word_1_629' title='bbox 3252 2716 3479 2771; x_wconf 88' lang='lat' dir='ltr'><strong>scientes</strong></span> <span class='ocrx_word' id='word_1_630' title='bbox 3499 2718 3639 2787; x_wconf 88' lang='lat' dir='ltr'><strong>quod</strong></span> <span class='ocrx_word' id='word_1_631' title='bbox 3664 2720 3803 2775; x_wconf 87' lang='lat' dir='ltr'><strong>Deus</strong></span> 
     </span>
    </p>
   </div>
   <div class='ocr_carea' id='block_1_88' title="bbox 2262 2796 3803 2879">
    <p class='ocr_par' dir='ltr' id='par_1_88' title="bbox 2262 2796 3803 2879">
     <span class='ocr_line' id='line_1_88' title="bbox 2262 2796 3803 2879; baseline 0.012 -34"><span class='ocrx_word' id='word_1_632' title='bbox 2262 2807 2527 2879; x_wconf 83' lang='lat' dir='ltr'><strong>nunquam</strong></span> <span class='ocrx_word' id='word_1_633' title='bbox 2562 2796 2759 2851; x_wconf 88' lang='lat' dir='ltr'><strong>deserit</strong></span> <span class='ocrx_word' id='word_1_634' title='bbox 2805 2811 3062 2869; x_wconf 79' lang='lat' dir='ltr'><strong>sperantes</strong></span> <span class='ocrx_word' id='word_1_635' title='bbox 3103 2804 3157 2856; x_wconf 85' lang='lat' dir='ltr'><strong>in</strong></span> <span class='ocrx_word' id='word_1_636' title='bbox 3209 2821 3263 2858; x_wconf 81' lang='lat' dir='ltr'><strong>se</strong></span> <span class='ocrx_word' id='word_1_637' title='bbox 3315 2804 3483 2873; x_wconf 85' lang='lat' dir='ltr'><strong>(Psal.</strong></span> <span class='ocrx_word' id='word_1_638' title='bbox 3530 2824 3663 2871; x_wconf 81' lang='lat' dir='ltr'><strong>xvii,</strong></span> <span class='ocrx_word' id='word_1_639' title='bbox 3693 2809 3803 2879; x_wconf 77' lang='lat' dir='ltr'><strong>3i).</strong></span> 
     </span>
    </p>
   </div>
   <div class='ocr_carea' id='block_1_89' title="bbox 2260 2878 3805 2961">
    <p class='ocr_par' dir='ltr' id='par_1_89' title="bbox 2260 2878 3805 2961">
     <span class='ocr_line' id='line_1_89' title="bbox 2260 2878 3805 2961; baseline 0.014 -30"><span class='ocrx_word' id='word_1_640' title='bbox 2260 2878 2325 2932; x_wconf 83' lang='lat' dir='ltr'><strong>Et</strong></span> <span class='ocrx_word' id='word_1_641' title='bbox 2368 2881 2411 2933; x_wconf 84' lang='lat' dir='ltr'><strong>si</strong></span> <span class='ocrx_word' id='word_1_642' title='bbox 2447 2882 2681 2950; x_wconf 89' lang='lat' dir='ltr'><strong>qualibet</strong></span> <span class='ocrx_word' id='word_1_643' title='bbox 2724 2887 3074 2944; x_wconf 81' lang='lat' dir='ltr'><strong>tribulatione</strong></span> <span class='ocrx_word' id='word_1_644' title='bbox 3112 2901 3350 2961; x_wconf 84' lang='lat' dir='ltr'><strong>cogente,</strong></span> <span class='ocrx_word' id='word_1_645' title='bbox 3399 2893 3570 2949; x_wconf 87' lang='lat' dir='ltr'><strong>locum</strong></span> <span class='ocrx_word' id='word_1_646' title='bbox 3598 2878 3805 2952; x_wconf 84' lang='lat' dir='ltr'><strong>mutare</strong></span> 
     </span>
    </p>
   </div>
   <div class='ocr_carea' id='block_1_90' title="bbox 2261 2973 3805 3049">
    <p class='ocr_par' dir='ltr' id='par_1_90' title="bbox 2261 2973 3805 3049">
     <span class='ocr_line' id='line_1_90' title="bbox 2261 2973 3805 3049; baseline 0.014 -29"><span class='ocrx_word' id='word_1_647' title='bbox 2261 2983 2475 3024; x_wconf 73' lang='lat' dir='ltr'><strong>necesse</strong></span> <span class='ocrx_word' id='word_1_648' title='bbox 2499 2973 2585 3033; x_wconf 89' lang='lat' dir='ltr'><strong>sit,</strong></span> <span class='ocrx_word' id='word_1_649' title='bbox 2616 2990 2885 3043; x_wconf 88' lang='lat' dir='ltr'><strong>nunquam</strong></span> <span class='ocrx_word' id='word_1_650' title='bbox 2931 2980 3188 3049; x_wconf 84' lang='lat' dir='ltr'><strong>regularis</strong></span> <span class='ocrx_word' id='word_1_651' title='bbox 3212 2984 3334 3036; x_wconf 74' lang='lat' dir='ltr'><strong>vita:</strong></span> <span class='ocrx_word' id='word_1_652' title='bbox 3358 2983 3660 3042; x_wconf 87' lang='lat' dir='ltr'><strong>observatio</strong></span> <span class='ocrx_word' id='word_1_653' title='bbox 3686 3003 3805 3042; x_wconf 83' lang='lat' dir='ltr'><strong>niu-</strong></span> 
     </span>
    </p>
   </div>
   <div class='ocr_carea' id='block_1_91' title="bbox 2190 3048 3805 3146">
    <p class='ocr_par' dir='ltr' id='par_1_91' title="bbox 2190 3048 3805 3146">
     <span class='ocr_line' id='line_1_91' title="bbox 2190 3048 3805 3146; baseline 0.015 -37"><span class='ocrx_word' id='word_1_654' title='bbox 2190 3048 2233 3107; x_wconf 89' lang='lat' dir='ltr'><strong>C</strong></span> <span class='ocrx_word' id='word_1_655' title='bbox 2266 3068 2430 3125; x_wconf 87' lang='lat' dir='ltr'><strong>tetur;</strong></span> <span class='ocrx_word' id='word_1_656' title='bbox 2468 3077 2565 3116; x_wconf 87' lang='lat' dir='ltr'><strong>nec</strong></span> <span class='ocrx_word' id='word_1_657' title='bbox 2592 3064 2860 3121; x_wconf 88' lang='lat' dir='ltr'><strong>tribulatio</strong></span> <span class='ocrx_word' id='word_1_658' title='bbox 2887 3048 3127 3137; x_wconf 86' lang='lat' dir='ltr'><strong>corporis</strong></span> <span class='ocrx_word' id='word_1_659' title='bbox 3159 3073 3319 3125; x_wconf 88' lang='lat' dir='ltr'><strong>animi</strong></span> <span class='ocrx_word' id='word_1_660' title='bbox 3349 3073 3532 3146; x_wconf 85' lang='lat' dir='ltr'><strong>fatiget</strong></span> <span class='ocrx_word' id='word_1_661' title='bbox 3557 3065 3805 3132; x_wconf 48' lang='lat' dir='ltr'><strong>constanQ</strong></span> 
     </span>
    </p>
   </div>
   <div class='ocr_carea' id='block_1_92' title="bbox 2266 3148 3808 3231">
    <p class='ocr_par' dir='ltr' id='par_1_92' title="bbox 2266 3148 3808 3231">
     <span class='ocr_line' id='line_1_92' title="bbox 2266 3148 3808 3231; baseline 0.015 -32"><span class='ocrx_word' id='word_1_662' title='bbox 2266 3148 2411 3201; x_wconf 90' lang='lat' dir='ltr'><strong>tiam.</strong></span> <span class='ocrx_word' id='word_1_663' title='bbox 2447 3148 2557 3203; x_wconf 76' lang='lat' dir='ltr'><strong>Nox</strong></span> <span class='ocrx_word' id='word_1_664' title='bbox 2594 3160 2644 3204; x_wconf 88' lang='lat' dir='ltr'><strong>et</strong></span> <span class='ocrx_word' id='word_1_665' title='bbox 2674 3153 2785 3207; x_wconf 88' lang='lat' dir='ltr'><strong>dics</strong></span> <span class='ocrx_word' id='word_1_666' title='bbox 2828 3156 2970 3210; x_wconf 89' lang='lat' dir='ltr'><strong>vices</strong></span> <span class='ocrx_word' id='word_1_667' title='bbox 2998 3173 3121 3212; x_wconf 88' lang='lat' dir='ltr'><strong>suas</strong></span> <span class='ocrx_word' id='word_1_668' title='bbox 3162 3174 3438 3231; x_wconf 84' lang='lat' dir='ltr'><strong>peragunt.</strong></span> <span class='ocrx_word' id='word_1_669' title='bbox 3482 3163 3642 3220; x_wconf 81' lang='lat' dir='ltr'><strong>Maris</strong></span> <span class='ocrx_word' id='word_1_670' title='bbox 3679 3175 3808 3221; x_wconf 79' lang='lat' dir='ltr'><strong>tetu-</strong></span> 
     </span>
    </p>
   </div>
   <div class='ocr_carea' id='block_1_93' title="bbox 2263 3245 3819 3329">
    <p class='ocr_par' dir='ltr' id='par_1_93' title="bbox 2263 3245 3819 3329">
     <span class='ocr_line' id='line_1_93' title="bbox 2263 3245 3819 3329; baseline 0.015 -37"><span class='ocrx_word' id='word_1_671' title='bbox 2263 3251 2442 3309; x_wconf 79' lang='lat' dir='ltr'><strong>pestas</strong></span> <span class='ocrx_word' id='word_1_672' title='bbox 2483 3245 2783 3300; x_wconf 85' lang='lat' dir='ltr'><strong>serenitatis</strong></span> <span class='ocrx_word' id='word_1_673' title='bbox 2822 3250 3202 3318; x_wconf 85' lang='lat' dir='ltr'><strong>tranquillitate</strong></span> <span class='ocrx_word' id='word_1_674' title='bbox 3227 3255 3521 3324; x_wconf 80' lang='lat' dir='ltr'><strong>mitigatur.</strong></span> <span class='ocrx_word' id='word_1_675' title='bbox 3550 3255 3659 3312; x_wconf 87' lang='lat' dir='ltr'><strong>Nec</strong></span> <span class='ocrx_word' id='word_1_676' title='bbox 3684 3274 3819 3329; x_wconf 48' lang='grc' dir='ltr'><strong>ρει-υ⁵</strong></span> 
     </span>
    </p>
   </div>
   <div class='ocr_carea' id='block_1_94' title="bbox 2265 3336 3806 3407">
    <p class='ocr_par' dir='ltr' id='par_1_94' title="bbox 2265 3336 3806 3407">
     <span class='ocr_line' id='line_1_94' title="bbox 2265 3336 3806 3407; baseline 0.014 -24"><span class='ocrx_word' id='word_1_677' title='bbox 2265 3341 2417 3399; x_wconf 88' lang='lat' dir='ltr'><strong>petua</strong></span> <span class='ocrx_word' id='word_1_678' title='bbox 2451 3336 2777 3403; x_wconf 83' lang='lat' dir='ltr'><strong>prosperitas</strong></span> <span class='ocrx_word' id='word_1_679' title='bbox 2822 3338 2874 3391; x_wconf 84' lang='lat' dir='ltr'><strong>in</strong></span> <span class='ocrx_word' id='word_1_680' title='bbox 2919 3340 3019 3393; x_wconf 87' lang='lat' dir='ltr'><strong>hoc</strong></span> <span class='ocrx_word' id='word_1_681' title='bbox 3058 3344 3304 3407; x_wconf 64' lang='lat' dir='ltr'><strong>praesenti</strong></span> <span class='ocrx_word' id='word_1_682' title='bbox 3350 3344 3541 3401; x_wconf 65' lang='lat' dir='ltr'><strong>sasculo</strong></span> <span class='ocrx_word' id='word_1_683' title='bbox 3582 3348 3806 3404; x_wconf 86' lang='lat' dir='ltr'><strong>inveniri</strong></span> 
     </span>
    </p>
   </div>
   <div class='ocr_carea' id='block_1_95' title="bbox 2264 3416 3867 3496">
    <p class='ocr_par' dir='ltr' id='par_1_95' title="bbox 2264 3416 3867 3496">
     <span class='ocr_line' id='line_1_95' title="bbox 2264 3416 3867 3496; baseline 0.014 -24"><span class='ocrx_word' id='word_1_684' title='bbox 2264 3416 2422 3483; x_wconf 74' lang='lat' dir='ltr'><strong>vaiet,</strong></span> <span class='ocrx_word' id='word_1_685' title='bbox 2460 3424 2581 3490; x_wconf 90' lang='lat' dir='ltr'><strong>quia</strong></span> <span class='ocrx_word' id='word_1_686' title='bbox 2621 3425 2673 3477; x_wconf 91' lang='lat' dir='ltr'><strong>in</strong></span> <span class='ocrx_word' id='word_1_687' title='bbox 2714 3427 2901 3483; x_wconf 79' lang='lat' dir='ltr'><strong>exsilio</strong></span> <span class='ocrx_word' id='word_1_688' title='bbox 2946 3445 3147 3496; x_wconf 90' lang='lat' dir='ltr'><strong>sumus,</strong></span> <span class='ocrx_word' id='word_1_689' title='bbox 3196 3443 3248 3485; x_wconf 90' lang='lat' dir='ltr'><strong>et</strong></span> <span class='ocrx_word' id='word_1_690' title='bbox 3279 3436 3345 3486; x_wconf 86' lang='lat' dir='ltr'><strong>ad</strong></span> <span class='ocrx_word' id='word_1_691' title='bbox 3389 3436 3612 3491; x_wconf 84' lang='lat' dir='ltr'><strong>laborem</strong></span> <span class='ocrx_word' id='word_1_692' title='bbox 3642 3442 3808 3495; x_wconf 71' lang='lat' dir='ltr'><strong>nasri-</strong></span> <span class='ocrx_word' id='word_1_693' title='bbox 3860 3453 3867 3457; x_wconf 81' lang='lat'><strong><em>‘</em></strong></span> 
     </span>
    </p>
   </div>
   <div class='ocr_carea' id='block_1_96' title="bbox 2262 3511 3807 3589">
    <p class='ocr_par' dir='ltr' id='par_1_96' title="bbox 2262 3511 3807 3589">
     <span class='ocr_line' id='line_1_96' title="bbox 2262 3511 3807 3589; baseline 0.016 -29"><span class='ocrx_word' id='word_1_694' title='bbox 2262 3525 2378 3561; x_wconf 80' lang='lat' dir='ltr'><strong>mur</strong></span> <span class='ocrx_word' id='word_1_695' title='bbox 2405 3511 2541 3577; x_wconf 83' lang='lat' dir='ltr'><strong>(Job.</strong></span> <span class='ocrx_word' id='word_1_696' title='bbox 2575 3528 2625 3575; x_wconf 86' lang='lat' dir='ltr'><strong>v,</strong></span> <span class='ocrx_word' id='word_1_697' title='bbox 2651 3513 2725 3584; x_wconf 89' lang='lat'><strong>7).</strong></span> <span class='ocrx_word' id='word_1_698' title='bbox 2759 3514 2822 3568; x_wconf 81' lang='lat' dir='ltr'><strong>Et</strong></span> <span class='ocrx_word' id='word_1_699' title='bbox 2847 3517 2981 3571; x_wconf 87' lang='lat' dir='ltr'><strong>sicut</strong></span> <span class='ocrx_word' id='word_1_700' title='bbox 3006 3518 3206 3589; x_wconf 85' lang='lat' dir='ltr'><strong>ﬂagella</strong></span> <span class='ocrx_word' id='word_1_701' title='bbox 3232 3521 3460 3580; x_wconf 89' lang='lat' dir='ltr'><strong>infantes</strong></span> <span class='ocrx_word' id='word_1_702' title='bbox 3478 3528 3807 3584; x_wconf 74' lang='lat' dir='ltr'><strong>erudiniitaol</strong></span> 
     </span>
    </p>
   </div>
   <div class='ocr_carea' id='block_1_97' title="bbox 2264 3596 3809 3684">
    <p class='ocr_par' dir='ltr' id='par_1_97' title="bbox 2264 3596 3809 3684">
     <span class='ocr_line' id='line_1_97' title="bbox 2264 3596 3809 3684; baseline 0.014 -35"><span class='ocrx_word' id='word_1_703' title='bbox 2264 3596 2568 3651; x_wconf 89' lang='lat' dir='ltr'><strong>discendum</strong></span> <span class='ocrx_word' id='word_1_704' title='bbox 2593 3603 2862 3684; x_wconf 62' lang='lat' dir='ltr'><strong>sapientiae</strong></span> <span class='ocrx_word' id='word_1_705' title='bbox 2884 3605 3060 3667; x_wconf 90' lang='lat' dir='ltr'><strong>decus,</strong></span> <span class='ocrx_word' id='word_1_706' title='bbox 3086 3609 3169 3661; x_wconf 86' lang='lat' dir='ltr'><strong>vel</strong></span> <span class='ocrx_word' id='word_1_707' title='bbox 3197 3610 3349 3664; x_wconf 87' lang='lat' dir='ltr'><strong>bonis</strong></span> <span class='ocrx_word' id='word_1_708' title='bbox 3370 3628 3677 3670; x_wconf 90' lang='lat' dir='ltr'><strong>assuescere</strong></span> <span class='ocrx_word' id='word_1_709' title='bbox 3696 3633 3809 3671; x_wconf 72' lang='grc' dir='ltr'><strong>πηο-</strong></span> 
     </span>
    </p>
   </div>
   <div class='ocr_carea' id='block_1_98' title="bbox 2266 3686 3810 3757">
    <p class='ocr_par' dir='ltr' id='par_1_98' title="bbox 2266 3686 3810 3757">
     <span class='ocr_line' id='line_1_98' title="bbox 2266 3686 3810 3757; baseline 0.012 -20"><span class='ocrx_word' id='word_1_710' title='bbox 2266 3686 2429 3741; x_wconf 88' lang='lat' dir='ltr'><strong>ribus.</strong></span> <span class='ocrx_word' id='word_1_711' title='bbox 2478 3688 2549 3740; x_wconf 87' lang='lat' dir='ltr'><strong>ita</strong></span> <span class='ocrx_word' id='word_1_712' title='bbox 2572 3698 2626 3742; x_wconf 92' lang='lat' dir='ltr'><strong>et</strong></span> <span class='ocrx_word' id='word_1_713' title='bbox 2648 3704 2743 3743; x_wconf 89' lang='lat' dir='ltr'><strong>nos</strong></span> <span class='ocrx_word' id='word_1_714' title='bbox 2770 3691 3038 3748; x_wconf 90' lang='lat' dir='ltr'><strong>laboribus</strong></span> <span class='ocrx_word' id='word_1_715' title='bbox 3075 3706 3128 3749; x_wconf 91' lang='lat' dir='ltr'><strong>et</strong></span> <span class='ocrx_word' id='word_1_716' title='bbox 3169 3697 3438 3753; x_wconf 88' lang='lat' dir='ltr'><strong>doloribus</strong></span> <span class='ocrx_word' id='word_1_717' title='bbox 3464 3701 3810 3757; x_wconf 87' lang='lat' dir='ltr'><strong>admonemur</strong></span> 
     </span>
    </p>
   </div>
   <div class='ocr_carea' id='block_1_99' title="bbox 2265 3776 3809 3859">
    <p class='ocr_par' dir='ltr' id='par_1_99' title="bbox 2265 3776 3809 3859">
     <span class='ocr_line' id='line_1_99' title="bbox 2265 3776 3809 3859; baseline 0.013 -35"><span class='ocrx_word' id='word_1_718' title='bbox 2265 3776 2329 3826; x_wconf 89' lang='lat' dir='ltr'><strong>ad</strong></span> <span class='ocrx_word' id='word_1_719' title='bbox 2374 3784 2635 3843; x_wconf 71' lang='lat' dir='ltr'><strong>perpetua:</strong></span> <span class='ocrx_word' id='word_1_720' title='bbox 2681 3778 3023 3835; x_wconf 86' lang='lat' dir='ltr'><strong>beatitudinis</strong></span> <span class='ocrx_word' id='word_1_721' title='bbox 3068 3799 3355 3853; x_wconf 77' lang='lat' dir='ltr'><strong>pmperare</strong></span> <span class='ocrx_word' id='word_1_722' title='bbox 3400 3788 3649 3855; x_wconf 88' lang='lat' dir='ltr'><strong>quietem,</strong></span> <span class='ocrx_word' id='word_1_723' title='bbox 3692 3802 3809 3859; x_wconf 69' lang='lat' dir='ltr'><strong>qua:</strong></span> 
     </span>
    </p>
   </div>
   <div class='ocr_carea' id='block_1_100' title="bbox 2264 3862 3810 3936">
    <p class='ocr_par' dir='ltr' id='par_1_100' title="bbox 2264 3862 3810 3936">
     <span class='ocr_line' id='line_1_100' title="bbox 2264 3862 3810 3936; baseline 0.013 -23"><span class='ocrx_word' id='word_1_724' title='bbox 2264 3862 2403 3915; x_wconf 89' lang='lat' dir='ltr'><strong>nullo</strong></span> <span class='ocrx_word' id='word_1_725' title='bbox 2446 3862 2625 3917; x_wconf 82' lang='lat' dir='ltr'><strong>dolore</strong></span> <span class='ocrx_word' id='word_1_726' title='bbox 2654 3866 2733 3919; x_wconf 89' lang='lat' dir='ltr'><strong>vel</strong></span> <span class='ocrx_word' id='word_1_727' title='bbox 2774 3867 2952 3923; x_wconf 86' lang='lat' dir='ltr'><strong>labore</strong></span> <span class='ocrx_word' id='word_1_728' title='bbox 2978 3870 3229 3936; x_wconf 79' lang='lat' dir='ltr'><strong>fuscatur,</strong></span> <span class='ocrx_word' id='word_1_729' title='bbox 3263 3875 3405 3928; x_wconf 90' lang='lat' dir='ltr'><strong>nullo</strong></span> <span class='ocrx_word' id='word_1_730' title='bbox 3435 3876 3537 3931; x_wconf 80' lang='lat' dir='ltr'><strong>line</strong></span> <span class='ocrx_word' id='word_1_731' title='bbox 3559 3880 3810 3932; x_wconf 83' lang='lat' dir='ltr'><strong>termina—</strong></span> 
     </span>
    </p>
   </div>
   <div class='ocr_carea' id='block_1_101' title="bbox 2266 3954 3810 4037">
    <p class='ocr_par' dir='ltr' id='par_1_101' title="bbox 2266 3954 3810 4037">
     <span class='ocr_line' id='line_1_101' title="bbox 2266 3954 3810 4037; baseline 0.011 -34"><span class='ocrx_word' id='word_1_732' title='bbox 2266 3960 2367 4011; x_wconf 89' lang='lat' dir='ltr'><strong>tur,</strong></span> <span class='ocrx_word' id='word_1_733' title='bbox 2411 3954 2501 4005; x_wconf 83' lang='lat' dir='ltr'><strong>scd</strong></span> <span class='ocrx_word' id='word_1_734' title='bbox 2540 3964 2790 4021; x_wconf 82' lang='lat' dir='ltr'><strong>perpetua</strong></span> <span class='ocrx_word' id='word_1_735' title='bbox 2827 3958 3255 4024; x_wconf 82' lang='lat' dir='ltr'><strong>jucunditate&#39;et</strong></span> <span class='ocrx_word' id='word_1_736' title='bbox 3306 3962 3559 4019; x_wconf 84' lang='lat' dir='ltr'><strong>felicitate</strong></span> <span class='ocrx_word' id='word_1_737' title='bbox 3605 3968 3810 4037; x_wconf 80' lang='lat' dir='ltr'><strong>stabilis</strong></span> 
     </span>
    </p>
   </div>
   <div class='ocr_carea' id='block_1_102' title="bbox 2263 4042 3811 4121">
    <p class='ocr_par' dir='ltr' id='par_1_102' title="bbox 2263 4042 3811 4121">
     <span class='ocr_line' id='line_1_102' title="bbox 2263 4042 3811 4121; baseline 0.012 -29"><span class='ocrx_word' id='word_1_738' title='bbox 2263 4050 2535 4109; x_wconf 87' lang='lat' dir='ltr'><strong>permanet</strong></span> <span class='ocrx_word' id='word_1_739' title='bbox 2564 4042 2613 4093; x_wconf 91' lang='lat' dir='ltr'><strong>in</strong></span> <span class='ocrx_word' id='word_1_740' title='bbox 2642 4052 2912 4101; x_wconf 75' lang='lat' dir='ltr'><strong>aztemum.</strong></span> <span class='ocrx_word' id='word_1_741' title='bbox 2946 4048 3025 4102; x_wconf 79' lang='lat' dir='ltr'><strong>Ad</strong></span> <span class='ocrx_word' id='word_1_742' title='bbox 3052 4050 3189 4105; x_wconf 89' lang='lat' dir='ltr'><strong>hanc</strong></span> <span class='ocrx_word' id='word_1_743' title='bbox 3218 4053 3609 4121; x_wconf 84' lang='lat' dir='ltr'><strong>adipiscendam</strong></span> <span class='ocrx_word' id='word_1_744' title='bbox 3636 4056 3811 4111; x_wconf 87' lang='lat' dir='ltr'><strong>nullus</strong></span> 
     </span>
    </p>
   </div>
   <div class='ocr_carea' id='block_1_103' title="bbox 2265 4122 3807 4217">
    <p class='ocr_par' dir='ltr' id='par_1_103' title="bbox 2265 4122 3807 4217">
     <span class='ocr_line' id='line_1_103' title="bbox 2265 4122 3807 4217; baseline 0.012 -36"><span class='ocrx_word' id='word_1_745' title='bbox 2265 4122 2494 4184; x_wconf 88' lang='lat' dir='ltr'><strong>vestram</strong></span> <span class='ocrx_word' id='word_1_746' title='bbox 2521 4141 2760 4187; x_wconf 80' lang='lat' dir='ltr'><strong>sanctam</strong></span> <span class='ocrx_word' id='word_1_747' title='bbox 2789 4136 3132 4191; x_wconf 80' lang='lat' dir='ltr'><strong>intentionem</strong></span> <span class='ocrx_word' id='word_1_748' title='bbox 3159 4140 3427 4195; x_wconf 87' lang='lat' dir='ltr'><strong>deterreat</strong></span> <span class='ocrx_word' id='word_1_749' title='bbox 3460 4141 3612 4197; x_wconf 90' lang='lat' dir='ltr'><strong>labor</strong></span> <span class='ocrx_word' id='word_1_750' title='bbox 3654 4141 3807 4217; x_wconf 62' lang='grc' dir='ltr'><strong>ιω</strong></span> 
     </span>
    </p>
   </div>
   <div class='ocr_carea' id='block_1_104' title="bbox 2266 4220 3809 4297">
    <p class='ocr_par' dir='ltr' id='par_1_104' title="bbox 2266 4220 3809 4297">
     <span class='ocr_line' id='line_1_104' title="bbox 2266 4220 3809 4297; baseline 0.012 -27"><span class='ocrx_word' id='word_1_751' title='bbox 2266 4220 2422 4272; x_wconf 66' lang='lat' dir='ltr'><strong>nulla:</strong></span> <span class='ocrx_word' id='word_1_752' title='bbox 2459 4222 2613 4287; x_wconf 80' lang='lat' dir='ltr'><strong>hujus</strong></span> <span class='ocrx_word' id='word_1_753' title='bbox 2645 4223 2821 4276; x_wconf 61' lang='lat' dir='ltr'><strong>saeculi</strong></span> <span class='ocrx_word' id='word_1_754' title='bbox 2875 4226 3139 4283; x_wconf 65' lang='lat' dir='ltr'><strong>blanditia:</strong></span> <span class='ocrx_word' id='word_1_755' title='bbox 3187 4233 3491 4297; x_wconf 81' lang='lat' dir='ltr'><strong>retraham;</strong></span> <span class='ocrx_word' id='word_1_756' title='bbox 3551 4234 3641 4287; x_wconf 89' lang='lat' dir='ltr'><strong>sed</strong></span> <span class='ocrx_word' id='word_1_757' title='bbox 3686 4228 3809 4289; x_wconf 78' lang='lat' dir='ltr'><strong>foiti</strong></span> 
     </span>
    </p>
   </div>
   <div class='ocr_carea' id='block_1_105' title="bbox 2266 4307 3809 4390">
    <p class='ocr_par' dir='ltr' id='par_1_105' title="bbox 2266 4307 3809 4390">
     <span class='ocr_line' id='line_1_105' title="bbox 2266 4307 3809 4390; baseline 0.013 -35"><span class='ocrx_word' id='word_1_758' title='bbox 2266 4307 2459 4369; x_wconf 86' lang='lat' dir='ltr'><strong>animo,</strong></span> <span class='ocrx_word' id='word_1_759' title='bbox 2490 4307 2678 4363; x_wconf 87' lang='lat' dir='ltr'><strong>fratres</strong></span> <span class='ocrx_word' id='word_1_760' title='bbox 2705 4311 3025 4379; x_wconf 82' lang='lat' dir='ltr'><strong>charissitni,</strong></span> <span class='ocrx_word' id='word_1_761' title='bbox 3054 4324 3243 4381; x_wconf 81' lang='lat' dir='ltr'><strong>estote,</strong></span> <span class='ocrx_word' id='word_1_762' title='bbox 3272 4321 3325 4372; x_wconf 85' lang='lat' dir='ltr'><strong>in</strong></span> <span class='ocrx_word' id='word_1_763' title='bbox 3353 4323 3493 4373; x_wconf 78' lang='lat' dir='ltr'><strong>omni</strong></span> <span class='ocrx_word' id='word_1_764' title='bbox 3516 4337 3662 4390; x_wconf 76' lang='lat' dir='ltr'><strong>opere</strong></span> <span class='ocrx_word' id='word_1_765' title='bbox 3678 4322 3809 4375; x_wconf 72' lang='lat' dir='ltr'><strong>bona</strong></span> 
     </span>
    </p>
   </div>
   <div class='ocr_carea' id='block_1_106' title="bbox 2267 4393 3809 4477">
    <p class='ocr_par' dir='ltr' id='par_1_106' title="bbox 2267 4393 3809 4477">
     <span class='ocr_line' id='line_1_106' title="bbox 2267 4393 3809 4477; baseline 0.012 -33"><span class='ocrx_word' id='word_1_766' title='bbox 2267 4393 2486 4453; x_wconf 76' lang='lat' dir='ltr'><strong>stabiies,</strong></span> <span class='ocrx_word' id='word_1_767' title='bbox 2511 4398 2741 4463; x_wconf 82' lang='lat' dir='ltr'><strong>scientes,</strong></span> <span class='ocrx_word' id='word_1_768' title='bbox 2766 4401 2902 4468; x_wconf 81' lang='lat' dir='ltr'><strong>quod</strong></span> <span class='ocrx_word' id='word_1_769' title='bbox 2916 4402 3061 4455; x_wconf 75' lang='lat' dir='ltr'><strong>labor</strong></span> <span class='ocrx_word' id='word_1_770' title='bbox 3081 4415 3239 4459; x_wconf 74' lang='lat' dir='ltr'><strong>vester</strong></span> <span class='ocrx_word' id='word_1_771' title='bbox 3258 4424 3359 4459; x_wconf 73' lang='lat' dir='ltr'><strong>non</strong></span> <span class='ocrx_word' id='word_1_772' title='bbox 3387 4417 3459 4460; x_wconf 79' lang='lat' dir='ltr'><strong>est</strong></span> <span class='ocrx_word' id='word_1_773' title='bbox 3482 4410 3650 4461; x_wconf 76' lang='lat' dir='ltr'><strong>inanis</strong></span> <span class='ocrx_word' id='word_1_774' title='bbox 3671 4412 3809 4477; x_wconf 73' lang='lat' dir='ltr'><strong>apud</strong></span> 
     </span>
    </p>
   </div>
   <div class='ocr_carea' id='block_1_107' title="bbox 2268 4483 3814 4567">
    <p class='ocr_par' dir='ltr' id='par_1_107' title="bbox 2268 4483 3814 4567">
     <span class='ocr_line' id='line_1_107' title="bbox 2268 4483 3814 4567; baseline 0.01 -32"><span class='ocrx_word' id='word_1_775' title='bbox 2268 4483 2430 4537; x_wconf 77' lang='lat' dir='ltr'><strong>Deum</strong></span> <span class='ocrx_word' id='word_1_776' title='bbox 2460 4484 2509 4553; x_wconf 85' lang='grc' dir='ltr'><strong>(Ι</strong></span> <span class='ocrx_word' id='word_1_777' title='bbox 2543 4485 2661 4540; x_wconf 84' lang='lat' dir='ltr'><strong>Cor.</strong></span> <span class='ocrx_word' id='word_1_778' title='bbox 2688 4504 2775 4553; x_wconf 87' lang='lat' dir='ltr'><strong>xv,</strong></span> <span class='ocrx_word' id='word_1_779' title='bbox 2806 4484 2912 4558; x_wconf 80' lang='lat'><strong>58),</strong></span> <span class='ocrx_word' id='word_1_780' title='bbox 2940 4502 2993 4545; x_wconf 92' lang='lat' dir='ltr'><strong>et</strong></span> <span class='ocrx_word' id='word_1_781' title='bbox 3022 4496 3109 4561; x_wconf 90' lang='lat' dir='ltr'><strong>qui</strong></span> <span class='ocrx_word' id='word_1_782' title='bbox 3138 4496 3257 4561; x_wconf 89' lang='lat' dir='ltr'><strong>plus</strong></span> <span class='ocrx_word' id='word_1_783' title='bbox 3280 4496 3497 4557; x_wconf 82' lang='lat' dir='ltr'><strong>laborat,</strong></span> <span class='ocrx_word' id='word_1_784' title='bbox 3529 4499 3646 4567; x_wconf 90' lang='lat' dir='ltr'><strong>plus</strong></span> <span class='ocrx_word' id='word_1_785' title='bbox 3672 4516 3814 4551; x_wconf 81' lang='lat' dir='ltr'><strong>mer-</strong></span> 
     </span>
    </p>
   </div>
   <div class='ocr_carea' id='block_1_108' title="bbox 2269 4573 3813 4649">
    <p class='ocr_par' dir='ltr' id='par_1_108' title="bbox 2269 4573 3813 4649">
     <span class='ocr_line' id='line_1_108' title="bbox 2269 4573 3813 4649; baseline 0.011 -24"><span class='ocrx_word' id='word_1_786' title='bbox 2269 4573 2411 4627; x_wconf 87' lang='lat' dir='ltr'><strong>cedis</strong></span> <span class='ocrx_word' id='word_1_787' title='bbox 2436 4578 2675 4643; x_wconf 73' lang='lat' dir='ltr'><strong>acu&#39;piet.</strong></span> <span class='ocrx_word' id='word_1_788' title='bbox 2705 4578 2955 4632; x_wconf 79' lang='lat' dir='ltr'><strong>Dominus</strong></span> <span class='ocrx_word' id='word_1_789' title='bbox 2979 4580 3133 4644; x_wconf 89' lang='lat' dir='ltr'><strong>Deus,</strong></span> <span class='ocrx_word' id='word_1_790' title='bbox 3171 4584 3258 4649; x_wconf 87' lang='lat' dir='ltr'><strong>qui</strong></span> <span class='ocrx_word' id='word_1_791' title='bbox 3286 4600 3377 4637; x_wconf 88' lang='lat' dir='ltr'><strong>vos</strong></span> <span class='ocrx_word' id='word_1_792' title='bbox 3404 4587 3457 4641; x_wconf 88' lang='lat' dir='ltr'><strong>in</strong></span> <span class='ocrx_word' id='word_1_793' title='bbox 3484 4586 3638 4640; x_wconf 89' lang='lat' dir='ltr'><strong>unius</strong></span> <span class='ocrx_word' id='word_1_794' title='bbox 3658 4587 3813 4642; x_wconf 80' lang='lat' dir='ltr'><strong>ovilis</strong></span> 
     </span>
    </p>
   </div>
   <div class='ocr_carea' id='block_1_109' title="bbox 2270 4664 3807 4737">
    <p class='ocr_par' dir='ltr' id='par_1_109' title="bbox 2270 4664 3807 4737">
     <span class='ocr_line' id='line_1_109' title="bbox 2270 4664 3807 4737; baseline 0.009 -22"><span class='ocrx_word' id='word_1_795' title='bbox 2270 4664 2525 4717; x_wconf 86' lang='lat' dir='ltr'><strong>charitate</strong></span> <span class='ocrx_word' id='word_1_796' title='bbox 2571 4670 2940 4737; x_wconf 86' lang='lat' dir='ltr'><strong>congregavit,</strong></span> <span class='ocrx_word' id='word_1_797' title='bbox 2990 4680 3185 4726; x_wconf 76' lang='lat' dir='ltr'><strong>:eterna</strong></span> <span class='ocrx_word' id='word_1_798' title='bbox 3250 4674 3614 4730; x_wconf 88' lang='lat' dir='ltr'><strong>benedictione</strong></span> <span class='ocrx_word' id='word_1_799' title='bbox 3671 4678 3807 4731; x_wconf 84' lang='lat' dir='ltr'><strong>intra</strong></span> 
     </span>
    </p>
   </div>
   <div class='ocr_carea' id='block_1_110' title="bbox 2272 4756 3810 4824">
    <p class='ocr_par' dir='ltr' id='par_1_110' title="bbox 2272 4756 3810 4824">
     <span class='ocr_line' id='line_1_110' title="bbox 2272 4756 3810 4824; baseline 0.009 -18"><span class='ocrx_word' id='word_1_800' title='bbox 2272 4757 2463 4808; x_wconf 68' lang='lat' dir='ltr'><strong>mre-nia</strong></span> <span class='ocrx_word' id='word_1_801' title='bbox 2494 4758 2762 4812; x_wconf 57' lang='lat' dir='ltr'><strong>catholica</strong></span> <span class='ocrx_word' id='word_1_802' title='bbox 2797 4756 2934 4824; x_wconf 81' lang='lat' dir='ltr'><strong>ﬁdei,</strong></span> <span class='ocrx_word' id='word_1_803' title='bbox 2972 4772 3022 4821; x_wconf 86' lang='lat' dir='ltr'><strong>et</strong></span> <span class='ocrx_word' id='word_1_804' title='bbox 3056 4771 3249 4817; x_wconf 69' lang='lat' dir='ltr'><strong>sanetae</strong></span> <span class='ocrx_word' id='word_1_805' title='bbox 3287 4764 3564 4818; x_wconf 86' lang='lat' dir='ltr'><strong>charitatis</strong></span> <span class='ocrx_word' id='word_1_806' title='bbox 3601 4766 3810 4820; x_wconf 80' lang='lat' dir='ltr'><strong>divitias</strong></span> 
     </span>
    </p>
   </div>
   <div class='ocr_carea' id='block_1_111' title="bbox 2274 4845 3810 4920">
    <p class='ocr_par' dir='ltr' id='par_1_111' title="bbox 2274 4845 3810 4920">
     <span class='ocr_line' id='line_1_111' title="bbox 2274 4845 3810 4920; baseline 0.01 -26"><span class='ocrx_word' id='word_1_807' title='bbox 2274 4845 2323 4895; x_wconf 88' lang='lat' dir='ltr'><strong>in</strong></span> <span class='ocrx_word' id='word_1_808' title='bbox 2361 4845 2512 4899; x_wconf 87' lang='lat' dir='ltr'><strong>bonis</strong></span> <span class='ocrx_word' id='word_1_809' title='bbox 2539 4850 2786 4916; x_wconf 89' lang='lat' dir='ltr'><strong>operibus</strong></span> <span class='ocrx_word' id='word_1_810' title='bbox 2813 4851 3085 4917; x_wconf 81' lang='lat' dir='ltr'><strong>adjuvare,</strong></span> <span class='ocrx_word' id='word_1_811' title='bbox 3121 4852 3599 4920; x_wconf 87' lang='lat' dir='ltr'><strong>perpetualiterque</strong></span> <span class='ocrx_word' id='word_1_812' title='bbox 3638 4861 3810 4909; x_wconf 90' lang='lat' dir='ltr'><strong>custo-</strong></span> 
     </span>
    </p>
   </div>
   <div class='ocr_carea' id='block_1_112' title="bbox 2273 4936 3812 5005">
    <p class='ocr_par' dir='ltr' id='par_1_112' title="bbox 2273 4936 3812 5005">
     <span class='ocr_line' id='line_1_112' title="bbox 2273 4936 3812 5005; baseline 0.007 -17"><span class='ocrx_word' id='word_1_813' title='bbox 2273 4936 2385 4989; x_wconf 85' lang='lat' dir='ltr'><strong>dire</strong></span> <span class='ocrx_word' id='word_1_814' title='bbox 2414 4938 2671 5005; x_wconf 84' lang='lat' dir='ltr'><strong>dignetur,</strong></span> <span class='ocrx_word' id='word_1_815' title='bbox 2706 4940 2914 4993; x_wconf 77' lang='lat' dir='ltr'><strong>Domini</strong></span> <span class='ocrx_word' id='word_1_816' title='bbox 2938 4949 3134 5005; x_wconf 89' lang='lat' dir='ltr'><strong>patres,</strong></span> <span class='ocrx_word' id='word_1_817' title='bbox 3165 4940 3357 4996; x_wconf 85' lang='lat' dir='ltr'><strong>fratres</strong></span> <span class='ocrx_word' id='word_1_818' title='bbox 3390 4952 3444 4997; x_wconf 91' lang='lat' dir='ltr'><strong>et</strong></span> <span class='ocrx_word' id='word_1_819' title='bbox 3468 4943 3561 4996; x_wconf 84' lang='lat' dir='ltr'><strong>lilii</strong></span> <span class='ocrx_word' id='word_1_820' title='bbox 3606 4942 3812 4999; x_wconf 79' lang='lat' dir='ltr'><strong>deside-</strong></span> 
     </span>
    </p>
   </div>
   <div class='ocr_carea' id='block_1_113' title="bbox 2279 5028 3689 5096">
    <p class='ocr_par' dir='ltr' id='par_1_113' title="bbox 2279 5028 3689 5096">
     <span class='ocr_line' id='line_1_113' title="bbox 2279 5028 3689 5096; baseline 0.006 -19"><span class='ocrx_word' id='word_1_821' title='bbox 2279 5028 2591 5089; x_wconf 75' lang='lat' dir='ltr'><strong>rantissimi;</strong></span> <span class='ocrx_word' id='word_1_822' title='bbox 2610 5039 2765 5096; x_wconf 88' lang='lat' dir='ltr'><strong>atque</strong></span> <span class='ocrx_word' id='word_1_823' title='bbox 2792 5030 2893 5082; x_wconf 84' lang='lat' dir='ltr'><strong>mei</strong></span> <span class='ocrx_word' id='word_1_824' title='bbox 2920 5031 3079 5082; x_wconf 87' lang='lat' dir='ltr'><strong>animi</strong></span> <span class='ocrx_word' id='word_1_825' title='bbox 3103 5033 3359 5085; x_wconf 81' lang='lat' dir='ltr'><strong>cbaritate</strong></span> <span class='ocrx_word' id='word_1_826' title='bbox 3381 5031 3689 5087; x_wconf 76' lang='lat' dir='ltr'><strong>dulcissimi.</strong></span> 
     </span>
    </p>
   </div>
   <div class='ocr_carea' id='block_1_114' title="bbox 2275 5194 3813 5275">
    <p class='ocr_par' dir='ltr' id='par_1_114' title="bbox 2275 5194 3813 5275">
     <span class='ocr_line' id='line_1_114' title="bbox 2275 5194 3813 5275; baseline 0.007 -27"><span class='ocrx_word' id='word_1_827' title='bbox 2275 5194 2433 5275; x_wconf 70' lang='lat' dir='ltr'><strong>quam</strong></span> <span class='ocrx_word' id='word_1_828' title='bbox 2455 5200 2634 5275; x_wconf 57' lang='lat' dir='ltr'><strong>videri</strong></span> <span class='ocrx_word' id='word_1_829' title='bbox 2877 5204 2945 5255; x_wconf 80' lang='lat' dir='ltr'><strong>At</strong></span> <span class='ocrx_word' id='word_1_830' title='bbox 2969 5206 3106 5256; x_wconf 81' lang='lat' dir='ltr'><strong>enim</strong></span> <span class='ocrx_word' id='word_1_831' title='bbox 3129 5221 3190 5275; x_wconf 79' lang='lat' dir='ltr'><strong>eo</strong></span> <span class='ocrx_word' id='word_1_832' title='bbox 3226 5220 3361 5259; x_wconf 83' lang='lat' dir='ltr'><strong>anno</strong></span> <span class='ocrx_word' id='word_1_833' title='bbox 3384 5224 3486 5259; x_wconf 89' lang='lat' dir='ltr'><strong>non</strong></span> <span class='ocrx_word' id='word_1_834' title='bbox 3512 5208 3577 5259; x_wconf 75' lang='lat' dir='ltr'><strong>ad</strong></span> <span class='ocrx_word' id='word_1_835' title='bbox 3605 5219 3813 5275; x_wconf 82' lang='lat' dir='ltr'><strong>portum</strong></span> 
     </span>
    </p>
   </div>
   <div class='ocr_carea' id='block_1_115' title="bbox 2276 5267 3813 5337">
    <p class='ocr_par' dir='ltr' id='par_1_115' title="bbox 2276 5267 3813 5337">
     <span class='ocr_line' id='line_1_115' title="bbox 2276 5267 3813 5337; baseline 0.007 -19"><span class='ocrx_word' id='word_1_836' title='bbox 2276 5267 2466 5333; x_wconf 76' lang='lat' dir='ltr'><strong>quietis</strong></span> <span class='ocrx_word' id='word_1_837' title='bbox 2490 5267 2742 5322; x_wconf 72' lang='lat' dir='ltr'><strong>Alcuinus</strong></span> <span class='ocrx_word' id='word_1_838' title='bbox 2769 5270 3021 5336; x_wconf 71' lang='lat' dir='ltr'><strong>deiectus,</strong></span> <span class='ocrx_word' id='word_1_839' title='bbox 3065 5274 3154 5329; x_wconf 84' lang='lat' dir='ltr'><strong>sed</strong></span> <span class='ocrx_word' id='word_1_840' title='bbox 3185 5274 3249 5326; x_wconf 88' lang='lat' dir='ltr'><strong>ad</strong></span> <span class='ocrx_word' id='word_1_841' title='bbox 3275 5291 3441 5329; x_wconf 83' lang='lat' dir='ltr'><strong>novos</strong></span> <span class='ocrx_word' id='word_1_842' title='bbox 3489 5267 3694 5337; x_wconf 63' lang='lat' dir='ltr'><strong>laboras</strong></span> <span class='ocrx_word' id='word_1_843' title='bbox 3727 5291 3813 5328; x_wconf 79' lang='lat' dir='ltr'><strong>vo-</strong></span> 
     </span>
    </p>
   </div>
   <div class='ocr_carea' id='block_1_116' title="bbox 2278 5337 3811 5403">
    <p class='ocr_par' dir='ltr' id='par_1_116' title="bbox 2278 5337 3811 5403">
     <span class='ocr_line' id='line_1_116' title="bbox 2278 5337 3811 5403; baseline 0.008 -18"><span class='ocrx_word' id='word_1_844' title='bbox 2278 5344 2424 5389; x_wconf 82' lang='lat' dir='ltr'><strong>catus</strong></span> <span class='ocrx_word' id='word_1_845' title='bbox 2446 5347 2563 5403; x_wconf 15' lang='lat' dir='ltr'><strong>gest.</strong></span> <span class='ocrx_word' id='word_1_846' title='bbox 2619 5337 2785 5403; x_wconf 84' lang='lat' dir='ltr'><strong>Quam</strong></span> <span class='ocrx_word' id='word_1_847' title='bbox 2836 5340 2904 5393; x_wconf 88' lang='lat' dir='ltr'><strong>ob</strong></span> <span class='ocrx_word' id='word_1_848' title='bbox 2930 5355 3145 5393; x_wconf 84' lang='lat' dir='ltr'><strong>causam</strong></span> <span class='ocrx_word' id='word_1_849' title='bbox 3177 5343 3466 5396; x_wconf 85' lang='lat' dir='ltr'><strong>consultius</strong></span> <span class='ocrx_word' id='word_1_850' title='bbox 3496 5344 3665 5397; x_wconf 75' lang='lat' dir='ltr'><strong>visum</strong></span> <span class='ocrx_word' id='word_1_851' title='bbox 3696 5344 3811 5403; x_wconf 79' lang='lat' dir='ltr'><strong>fuit,</strong></span> 
     </span>
    </p>
   </div>
   <div class='ocr_carea' id='block_1_117' title="bbox 2279 5400 3808 5480">
    <p class='ocr_par' dir='ltr' id='par_1_117' title="bbox 2279 5400 3808 5480">
     <span class='ocr_line' id='line_1_117' title="bbox 2279 5400 3808 5480; baseline 0.009 -28"><span class='ocrx_word' id='word_1_852' title='bbox 2279 5400 2547 5480; x_wconf 76' lang='lat' dir='ltr'><strong>epistolam</strong></span> <span class='ocrx_word' id='word_1_853' title='bbox 2582 5400 2889 5480; x_wconf 53' lang='lat' dir='ltr'><strong>praisentem</strong></span> <span class='ocrx_word' id='word_1_854' title='bbox 2924 5408 3063 5480; x_wconf 70' lang='lat' dir='ltr'><strong>milio</strong></span> <span class='ocrx_word' id='word_1_855' title='bbox 3085 5419 3230 5464; x_wconf 88' lang='lat' dir='ltr'><strong>certo</strong></span> <span class='ocrx_word' id='word_1_856' title='bbox 3256 5427 3393 5465; x_wconf 86' lang='lat' dir='ltr'><strong>anno</strong></span> <span class='ocrx_word' id='word_1_857' title='bbox 3420 5410 3646 5480; x_wconf 57' lang='lat' dir='ltr'><strong>affigere,</strong></span> <span class='ocrx_word' id='word_1_858' title='bbox 3670 5400 3808 5478; x_wconf 44' lang='lat' dir='ltr'><strong>prin;</strong></span> 
     </span>
    </p>
   </div>
   <div class='ocr_carea' id='block_1_118' title="bbox 2280 5472 3812 5549">
    <p class='ocr_par' dir='ltr' id='par_1_118' title="bbox 2280 5472 3812 5549">
     <span class='ocr_line' id='line_1_118' title="bbox 2280 5472 3812 5549; baseline 0.01 -30"><span class='ocrx_word' id='word_1_859' title='bbox 2280 5472 2423 5549; x_wconf 74' lang='lat' dir='ltr'><strong>ribus</strong></span> <span class='ocrx_word' id='word_1_860' title='bbox 2460 5484 2634 5527; x_wconf 87' lang='lat' dir='ltr'><strong>tamen</strong></span> <span class='ocrx_word' id='word_1_861' title='bbox 2678 5475 2817 5549; x_wconf 76' lang='lat' dir='ltr'><strong>illam</strong></span> <span class='ocrx_word' id='word_1_862' title='bbox 2869 5476 3201 5549; x_wconf 77' lang='lat' dir='ltr'><strong>conjungere.</strong></span> <span class='ocrx_word' id='word_1_863' title='bbox 3228 5472 3527 5535; x_wconf 65' lang='lat' dir='ltr'><strong>consultum</strong></span> <span class='ocrx_word' id='word_1_864' title='bbox 3572 5472 3718 5545; x_wconf 50' lang='lat' dir='ltr'><strong>dus&#39;i,</strong></span> <span class='ocrx_word' id='word_1_865' title='bbox 3749 5483 3812 5534; x_wconf 72' lang='lat' dir='ltr'><strong>ad</strong></span> 
     </span>
    </p>
   </div>
   <div class='ocr_carea' id='block_1_119' title="bbox 2277 5541 2757 5599">
    <p class='ocr_par' dir='ltr' id='par_1_119' title="bbox 2277 5541 2757 5599">
     <span class='ocr_line' id='line_1_119' title="bbox 2277 5541 2757 5599; baseline 0.002 -7"><span class='ocrx_word' id='word_1_866' title='bbox 2277 5541 2485 5595; x_wconf 68' lang='lat' dir='ltr'><strong>eosdem</strong></span> <span class='ocrx_word' id='word_1_867' title='bbox 2506 5543 2757 5599; x_wconf 62' lang='lat' dir='ltr'><strong>exaratis.</strong></span> 
     </span>
    </p>
   </div>
  </div>
