4238 6190
405 370 510 441 tm

900 522 925 550 ι
953 506 1283 563 EPISTULA
1311 505 1464 561 CXll.

652 618 717 655 AD
744 615 982 654 IIATIL‘S
1002 615 1051 653 IN
1093 610 1371 652 ριιονικοιι
1416 610 1720 650 εοτηοιιυι.

956 686 1133 758 (Anno
1168 684 1417 753 incerto.)

407 778 656 837 Errorem
704 779 896 848 refutat
932 792 1108 848 eorum
1132 775 1222 848 qui
1258 771 1437 848 nolunt
1468 772 1822 848 sacerdotibus
1851 789 1967 848 pec-

440 860 560 905 cata
583 842 855 918 conﬁteri;
891 854 938 899 et
979 842 1317 912 confessionis
1344 842 1690 897 necessitatem
1723 844 1931 895 astruit.

440 950 447 955 ’
478 959 849 1018 Dilectissimis
871 957 1002 1012 viris
1021 955 1281 1011 fratribus
1307 960 1368 1009 et
1394 955 1635 1024 patribus
1664 954 1716 1008 in
1750 955 1969 1024 provin-

408 1053 488 1106 cia
522 1052 550 1091 δ
577 1050 899 1112 Gothorum,
940 1047 1158 1102 humilis
1186 1046 1437 1101 Ecclesiae
1481 1045 1678 1100 Christi
1707 1062 1965 1103 vernacu-

407 1144 489 1197 lus
518 1140 742 1197 Albinus
762 1140 1020 1195 diaconus
1048 1137 1298 1193 salutem.
1500 1136 1501 1139 “

474 1232 714 1288 Plurima
755 1222 951 1287 vestra:
996 1230 1304 1297 sagacitatis
1339 1239 1395 1287 et
1418 1229 1689 1300 religionis
1738 1229 1853 1284 laus
1874 1244 1969 1282 no—

405 1324 533 1378 stris
556 1323 752 1392 sa'pius
797 1321 1034 1377 insonuit
1076 1320 1317 1385 auribus,
1342 1334 1432 1374 seu
1473 1328 1693 1389 propter
1713 1320 1967 1373 sacratis-

402 1414 594 1469 simum
623 1400 1007 1469 monachorum
1057 1412 1244 1474 vitam,
1272 1425 1365 1465 seu
1404 1417 1625 1479 propter
1664 1408 1967 1477 religiosam

404 1504 663 1561 laicornm
685 1504 1145 1561 conversationem
1170 1520 1183 1554 :
1218 1502 1344 1556 dum
1372 1500 1447 1556 illi
1478 1500 1546 1555 ab
1566 1500 1710 1555 omni
1740 1500 1965 1571 strepitu

403 1595 679 1652 mularis
722 1592 1104 1663 inquietudinis
1138 1590 1253 1646 soli'
1288 1591 1396 1647 Deo
1420 1605 1610 1645 vacare
1642 1590 1966 1654 desiderant,

402 1695 459 1743 et
480 1687 569 1744 isti
602 1686 746 1760 inter
768 1683 1066 1738 mundanas
1091 1682 1470 1752 occupationes
1514 1680 1870 1750 castissimam
1893 1682 1968 1734 vi-

404 1786 514 1832 tam
575 1774 877 1831 rationabili
933 1773 1361 1830 consideratione
1435 1774 1629 1843 degere
1696 1773 1964 1827 dicuntur.

404 1866 567 1939 [Quid
603 1866 705 1921 hac
761 1864 1013 1919 fraterna:
1060 1863 1339 1919 charitatis
1385 1862 1750 1918 vicissitudine
1778 1861 1969 1930 jucun—

372 2024 378 2029 ἡ
402 1957 563 2011 dius?
586 1956 607 2030 ]
641 1956 720 2010 illi
760 1955 1086 2026 quotidianis
1109 1969 1237 2007 suos
1260 1953 1590 2007 contribules
1636 1952 1969 2005 Orationibus

402 2045 655 2116 adjuvare
678 2062 785 2101 non
815 2039 1113 2101 desistunt:
1144 2044 1231 2099 isti
1264 2044 1650 2099 intercessores
1680 2058 1806 2098 suos
1833 2058 1969 2112 prae-

400 2139 570 2194 sentis
595 2138 717 2191 vita:
763 2136 967 2191 solatiis
995 2142 1298 2190 sustentare
1343 2134 1578 2204 gestiunt
1608 2151 1621 2187 :
1656 2133 1796 2202 quod
1823 2134 1969 2201 quis-

399 2246 505 2300 que
528 2230 755 2301 gratiam
798 2227 1184 2284 benedictionis
1208 2226 1309 2303 sibi
1333 2239 1365 2278 a
1394 2225 1505 2279 Deo
1532 2225 1711 2286 datam
1739 2224 1791 2277 in
1810 2224 1969 2279 alter-

402 2330 583 2373 utrum
621 2317 889 2373 refundat.
943 2316 1093 2372 Unde
1115 2324 1168 2369 et
1196 2330 1293 2371 nos
1337 2321 1527 2369 vestra:
1552 2314 1765 2383 pietatis
1787 2327 1968 2369 exem-

363 2413 507 2481 'plis
543 2411 736 2474 edocti,
777 2410 946 2463 nostri
996 2408 1191 2478 navigii
1249 2422 1464 2462 cursum
1509 2406 1841 2461 orationibus
1872 2419 1965 2459 ve-

401 2512 526 2557 straa
566 2500 866 2556 sanctitatis
901 2499 969 2553 ad
1015 2509 1228 2569 portum
1262 2506 1530 2568 perpetua:
1580 2496 1775 2565 quietis
1809 2496 1966 2565 dirigi

441 2606 702 2647 recamur.

441 2609 702 2647 recamur.

400 2609 435 2661 ρ
472 2679 577 2736 Nos
602 2694 815 2749 quoque
855 2686 1040 2733 mutuo
1085 2663 1366 2733 charitatis
1392 2676 1567 2731 officio
1616 2686 1807 2730 vestra:
1842 2690 1964 2728 san-

398 2771 571 2826 ctitati
599 2766 953 2839 aliquantulas
988 2766 1090 2837 pia:
1132 2764 1511 2821 admonitionis
1543 2762 1809 2817 litterulas
1835 2761 1965 2815 diri-

399 2878 528 2933 gere
560 2862 887 2924 curavimus,
944 2867 1164 2930 propter
1222 2856 1481 2925 quasdam
1529 2853 1959 2914 consuetudines,

399 2968 519 3021 quae
564 2952 762 3007 vestris
800 2950 1055 3005 inoluisse
1100 2947 1344 3003 feruntur
1396 2945 1721 3017 regionibus.
1761 2942 1964 2998 Dicitur

399 3058 528 3098 vero
552 3042 822 3098 neminem
847 3056 914 3096 ex
958 3040 1107 3095 laicis
1159 3054 1310 3093 suam
1358 3037 1494 3093 velle
1525 3047 1546 3074 ε
1576 3034 1963 3091 confessionem

400 3132 769 3189 sacerdotibus
802 3130 955 3193 dare,
1002 3144 1135 3197 quos
1161 3142 1192 3180 a
1235 3127 1343 3180 Deo
1372 3126 1587 3179 Christo
1611 3141 1732 3179 cum
1764 3126 1963 3179 sanctis

399 3222 653 3293 apostolis
700 3219 897 3291 ligandi
933 3217 1276 3286 solvendique
1331 3224 1651 3285 potestatem
1693 3216 1963 3285 accepisse

398 3294 668 3368 credimus
729 3308 943 3382 (Matth.
974 3324 1088 3372 xvi,
1122 3308 1203 3371 l9,
1240 3316 1289 3360 et
1315 3321 1467 3370 mu,
1500 3303 1606 3375 18).
1645 3303 1781 3371 Quid
1811 3304 1965 3359 solvit

399 3401 748 3459 sacerdotalis
812 3408 1092 3469 potestas,
1138 3399 1182 3453 si
1239 3397 1445 3452 vincula
1499 3413 1605 3452 non
1662 3396 1966 3451 considerat

400 3492 589 3563 ligati?
624 3490 921 3545 Cessabunt
964 3502 1124 3557 opera
1151 3487 1361 3549 medici,
1393 3486 1445 3540 si
1472 3486 1692 3541 vulnera
1746 3501 1850 3540 non
1880 3501 1965 3541 os-

400 3587 627 3641 tendunt
652 3583 808 3657 [ϐοά.
836 3582 979 3647 Sal.,
1014 3581 1391 3654 ostenduntur]
1421 3582 1633 3653 aegroti.
1665 3581 1719 3636 Si
1744 3582 1963 3636 vulnera

394 3676 643 3749 corporis
664 3674 897 3751 carnalis
936 3675 1126 3730 medici
1157 3689 1347 3729 manus
1372 3682 1708 3743 exspectant,
1764 3683 1965 3740 quanto

397 3768 567 3839 magis
592 3765 812 3820 vulnera
841 3764 1033 3818 animae
1066 3762 1319 3833 spiritalis
1356 3760 1545 3835 medici
1582 3760 1768 3813 solatia
1798 3761 1963 3829 depo-

396 3858 599 3915 scunt?
628 3856 736 3910 Deo
762 3855 925 3919 vis,.o
954 3854 1136 3917 homo,
1166 3851 1622 3921 confiteri,quem
1661 3849 1847 3904 nolens
1876 3864 1963 3903 vo-

398 3949 512 4004 lens
561 3948 728 4001 latere
778 3960 885 4000 non
936 3944 1186 4013 poteris:
1218 3942 1471 3996 Ecclesiae
1524 3940 1746 4005 Christi,
1776 3941 1829 3993 in
1857 3955 1961 4009 qua

396 4038 655 4108 peccasti,
683 4034 998 4090 satisfacere
1030 4034 1275 4104 negligis.
1305 4032 1415 4089 Cur
1458 4033 1569 4101 ipse
1612 4032 1859 4090 Christus
1888 4034 1962 4088 lc.

394 4144 641 4201 prosum,
662 4140 820 4197 quem
867 4124 1161 4188 mandavit,
1217 4122 1584 4178 sacerdotibus
1610 4138 1668 4177 se
1687 4122 1849 4192 jussit
1876 4140 1961 4178 os-

398 4219 617 4277 tendere
653 4215 867 4289 (κειται.
898 4231 1015 4279 vin,
1041 4211 1146 4284 4)?
1194 4211 1305 4268 Cur
1345 4211 1604 4267 Lazarum
1654 4214 1962 4283 quatriduu-

396 4328 522 4367 num
552 4308 926 4365 resuscitatum
950 4303 1084 4360 alios
1112 4303 1319 4359 solvere
1330 4302 1494 4371 jussit
1517 4304 1698 4375 (Joan.
1731 4322 1803 4369 χι,
1829 4306 1962 4375 44)?

395 4400 644 4470 Nunquid
670 4386 776 4453 non
810 4396 1158 4451 fa’sciamenta
1209 4393 1405 4449 mortui
1454 4395 1639 4449 eodem
1671 4396 1832 4450 verbo
1858 4395 1960 4449 sol-

1813 380 2189 439 El‘lSTOLE.

2000 508 2044 562 Α
2074 500 2271 565 homini
2309 498 2548 555 confiteri
2580 499 2854 555 voluisses.
2893 500 3165 570 Superbia;
3193 502 3293 556 hoc
3325 520 3490 572 genus
3514 522 3633 561 csse

3528 392 3633 446 338

2074 589 2284 645 videtur
2307 590 2635 645 sacerdotem
2655 587 2889 655 judicem
2923 591 3208 657 deSpicere.

2075 700 2231 774 ια
2259 700 2316 756 Si
2346 700 2500 766 ,dicis
2529 720 2540 753 :
2579 701 2779 754 Bonum
2824 712 2898 754 est
2950 700 3181 769 conﬁteri
3212 701 3433 766 Domino
3463 705 3635 764 (Psaf.

2072 807 2172 853 xm,
2213 789 2269 861 ‘2)
2301 806 2315 844 :
2348 792 2441 846 sed
2471 791 2667 845 bonum
2711 800 2793 845 est
2824 790 2980 858 hujus
3020 791 3369 847 confessionis
3394 805 3444 849 te
3474 796 3638 850 halm-

2072 899 2129 936 re
2154 890 2367 937 testem.
2426 883 2575 937 Licet
2602 882 2628 922 ει
2670 899 2774 937 non
2814 897 3027 952 semper
3072 884 3337 939 confeSsio
3373 888 3637 955 poeniten-

2071 977 2198 1029 tiam
2225 974 2509 1044 significet,
2534 973 2634 1029 sed
2654 973 2946 1043 sepissime
2995 972 3229 1037 laudem,
3283 985 3342 1029 ut
3384 979 3435 1031 in
3466 969 3661 1033 Eva'n?

2070 1065 2206 1135 gelio
2232 1066 2343 1134 ipsa
2372 1065 2580 1119 Veritas
2611 1065 2743 1119 dixit
2770 1083 2782 1118 :
2813 1053 3074 1133 Conﬁteor
3099 1066 3211 1128 tibi,
3242 1066 3402 1120 Pater
3438 1070 3549 1122 celi
3589 1081 3637 1123 et

2068 1164 2259 1229 ιρι-ναι(
2271 1158 2456 1212 Matth.
2484 1174 2557 1219 XI,
2582 1156 2696 1225 25),
2730 1158 2783 1212 id
2825 1166 2929 1223 est,
2960 1158 3119 1212 laudo
3150 1169 3218 1222 te,
3248 1158 3409 1216 Pater
3438 1163 3555 1217 caeli
3584 1175 3636 1218 et

2071 1262 2247 1306 terra.
2297 1252 2365 1306 Et
2400 1252 2453 1305 in
2478 1251 2729 1322 Symbolo
2776 1250 3013 1307 dicitur:
3051 1252 3313 1322 Conﬁteor
3348 1273 3508 1310 unum
3551 1258 3637 1311 ba-

2067 1345 2256 1411 ptisma
2291 1354 2346 1398 et
2391 1354 2603 1408 caetera,
2653 1359 2773 1414 qua:
2819 1354 3114 1415 sequuntur
3159 1347 3223 1400 ad
3274 1347 3413 1402 idem
3470 1351 3638 1419 reSpi-

2070 1435 2265 1489 cientia
2302 1436 2521 1489 verbum
2549 1450 2564 1488 :
2593 1436 2736 1505 quod
2763 1437 3005 1499 verbum,
3055 1438 3106 1491 id
3144 1446 3243 1502 est,
3286 1439 3554 1507 conﬁteor,
3582 1440 3638 1494 lu

2070 1521 2169 1576 hoc
2193 1520 2308 1576 loco
2351 1521 2743 1578 confessionem
2798 1524 2939 1587 fidei,
2969 1540 3073 1579 non
3117 1530 3455 1595 peccatorum
3499 1527 3639 1583 desi-

2070 1616 2217 1676 gnat.
2253 1606 2541 1661 Erubescis
2571 1606 2773 1662 homini
2807 1608 2858 1660 in
2889 1608 3116 1664 salutem
3148 1618 3295 1665 tuam
3336 1614 3637 1679 ostendere,

2069 1695 2208 1765 quod
2230 1712 2334 1750 non
2355 1697 2631 1752 erubescis
2652 1712 2774 1753 cum
2796 1698 3012 1752 homine
3036 1700 3087 1753 in
3114 1701 3466 1768 perditionem
3491 1710 3635 1757 tuam

2071 1787 2421 1855 perpetrare?
2448 1787 2708 1843 Ancillam
2737 1795 2882 1842 tuam
2916 1789 3212 1858 iniquitatis
3238 1798 3343 1845 tute
3364 1794 3633 1848 consciam

2072 1878 2150 1931 vis
2200 1878 2427 1942 habere,
2469 1886 2527 1933 et
2568 1879 2899 1934 sacerdotem
2943 1877 3143 1934 Christi
3193 1881 3640 1938 reconciliationis

2070 1976 2173 2022 tum
2209 1984 2315 2022 non
2357 1969 2441 2023 vis
2468 1970 2667 2023 habere
2706 1968 3003 2038 adjutorcm
3026 1971 3049 2023 ἲ
3075 1970 3177 2026 Per
3217 1971 3490 2027 inimicum
3521 1988 3640 2028 cor-

2068 2058 2243 2122 ruisti,
2271 2068 2455 2113 etnon
2513 2060 2594 2115 vis
2642 2074 2739 2129 per
2782 2061 3012 2115 amicum
3059 2062 3377 2133 resurgere?
3412 2062 3633 2119 Multum

2065 2144 2330 2201 offendisti
2360 2147 2643 2202 Dominum
2687 2155 2861 2212 tuum,
2904 2158 2957 2203 et
2980 2148 3140 2203 alium
3190 2166 3294 2205 non
3338 2152 3416 2206 vis
3443 2152 3639 2207 habere

2068 2238 2546 2300 reconciliatorcm,
2576 2238 2677 2292 nisi
2702 2248 2753 2292 te
2799 2239 3019 2309 ipsum?
3047 2238 3286 2297 Confidis
3318 2258 3414 2312 per
3441 2243 3638 2297 oratio-

2067 2340 2162 2380 nes
2199 2336 2320 2381 tuas
2357 2325 2593 2382 salvari?
2644 2328 2865 2397 Spernis
2913 2328 3260 2399 apostolicum
3310 2342 3633 2402 prteccptum

2067 2415 2292 2472 dicentis
2317 2433 2330 2471 :
2357 2416 2517 2472 Orate
2534 2436 2629 2490 pro
2654 2421 2888 2483 inritent,
2918 2432 2972 2473 ut
2992 2419 3259 2474 salvemini
3276 2438 3291 2483 ;
3322 2432 3377 2477 et
3401 2423 3595 2477 iterum
3620 2446 3629 2475 :

2068 2516 2094 2543 θ
2136 2504 2198 2560 Si
2228 2507 2343 2576 quis
2390 2516 2626 2575 peccator
2652 2516 2748 2572 est,
2786 2517 2895 2561 oret
2938 2523 3031 2577 pro
3060 2524 3119 2562 eo
3155 2508 3418 2573 sacerdos,
3451 2520 3505 2563 ut
3532 2512 3639 2562 saf-

2069 2604 2230 2649 retur.
2280 2594 2416 2667 Quid
2444 2596 2511 2651 ad
2547 2598 2661 2651 δίης
2709 2597 2915 2663 dicitis,
2946 2613 3067 2669 qua:
3092 2599 3144 2653 in
3187 2601 3382 2659 eadem
3412 2600 3634 2670 cpistola

2070 2686 2354 2763 leguntur:
2397 2685 2728 2755 Conﬁtemini
2754 2686 3058 2743 alterutrum
3078 2698 3291 2761 peccata
3320 2700 3487 2743 uestra
3516 2688 3631 2760 (Ja-

2065 2776 2178 2829 cob.
2209 2792 2261 2839 v,
2292 2775 2374 2839 η,
2400 2776 2484 2840 15,
2508 2776 2618 2846 l6),
2657 2785 2715 2836 ut
2736 2777 3015 2835 deleantur
3035 2778 3227 2833 delicta
3252 2779 3475 2834 vestra?
3497 2778 3634 2847 Quid

2065 2873 2164 2929 est,
2220 2864 2362 2940 quod
2415 2865 2590 2917 dixit:
2635 2864 2989 2919 alterutrum?
3041 2866 3143 2920 nisi
3193 2867 3354 2922 homo
3407 2868 3631 2930 homini,

2067 2970 2195 3015 reus
2217 2954 2404 3024 judici,
2433 2946 2666 3025 aegrotus
2695 2955 2947 3010 medico?
2973 2955 3088 3026 ipsa
3122 2970 3335 3025 quoque
3360 2955 3632 3027 Sapientia

2064 3062 2161 3119 per
2208 3046 2547 3102 Salomonem
2593 3045 2770 3101 dixit:
2818 3044 2921 3111 Qui
2963 3047 3228 3101 abscondit
3267 3048 3461 3102 scelera
3513 3066 3630 3113 sua,

2068 3157 2171 3194 non
2201 3140 2455 3210 dirigetur
2504 3136 2691 3209 ~(Prov.
2721 3153 2913 3202 xxvm,
2955 3137 3085 3210 l3);
3119 3138 3171 3194 id
3218 3147 3322 3202 est,
3358 3154 3469 3201 non
3503 3140 3634 3203 diri-

2068 3238 2222 3299 getur
2245 3231 2297 3283 in
2325 3231 2467 3284 viam
2494 3218 2705 3313 salutis,
2726 3230 2825 3298 qui
2862 3237 3085 3298 peccata
3110 3221 3205 3285 sua
3234 3230 3414 3312 celare
3436 3214 3631 3307 studet.

2136 3339 2385 3409 Nunquid
2407 3338 2518 3395 Deo
2543 3339 2800 3396 abscondi
2824 3350 3049 3409 possunt
3070 3341 3273 3399 scelera
3305 3350 3516 3413 nostra,
3544 3343 3633 3413 qui

2064 3431 2245 3487 omnia
2290 3430 2455 3493 videt,
2511 3430 2661 3486 novit
2683 3437 2737 3510 et
2778 3430 3089 3491 considerat
3108 3430 3133 3484 Υ
3155 3430 3237 3510 ᾼδ
3264 3430 3487 3503 homine
3513 3446 3633 3501 pos-

2064 3535 2251 3576 sumus
2284 3519 2625 3578 abscondere.
2650 3504 3035 3597 quaragimus,
3070 3504 3256 3581 etnon
3286 3518 3417 3597 nec;
3446 3517 3633 3589 Nonne

2065 3610 2231 3664 David
2256 3617 2524 3677 praisente
2563 3594 3121 3686 Nathan‘propheta,
3147 3609 3239 3684 qui
3282 3623 3341 3666 se
3366 3594 3634 3679 arguebat

2063 3711 2160 3763 pro
2184 3704 2404 3764 peccato
2424 3710 2523 3749 suo
2545 3694 2717 3749 dixit:
2745 3685 2964 3769 Peccavi
2993 3695 3213 3753 Domino
3235 3694 3324 3767 (If
3374 3687 3499 3769 Reg.
3526 3688 3627 3763 tu.

2064 3784 2196 3855 15)?
2225 3784 2362 3840 Ecce
2390 3792 2569 3839 tantus
2596 3785 2680 3838 vir
2706 3792 2893 3840 testem
2929 3782 3286 3841 confessionis
3327 3801 3437 3843 suae
3463 3786 3632 3843 voluit

2064 3876 2261 3929 habere
2309 3875 2646 3944 prophetam.
2713 3874 2781 3929 Et
2804 3873 2929 3943 quia
2990 3889 3097 3929 non
3133 3876 3349 3931 erubuit
3388 3877 3629 3932 confiteri

2064 3965 2205 4035 quod
2237 3964 2401 4034 impie
2449 3966 2635 4035 gessit,
2681 3964 2862 4020 statim
2915 3964 3327 4039 audivit:Ecce
3374 3965 3629 4022 Domiqu

2062 4053 2327 4107 transtulit
2361 4064 2629 4123 peccatum
2672 4062 2839 4108 tuum.
2879 4046 3416 4131 Homini-patefecit
3441 4057 3633 4122 vulnus

2063 4158 2237 4208 suum,
2268 4153 2326 4199 et
2360 4159 2392 4197 a
2420 4142 2530 4198 Deo
2555 4143 2677 4197 11ιοί
2706 4142 2999 4199 remedium
3044 4145 3291 4216 accepita
3325 4143 3460 4213 Nam
3488 4154 3541 4199 et
3576 4148 3628 4199 in

2062 4235 2302 4295 Levitico
2359 4235 2675 4307 saepissime,
2729 4224 2955 4289 Domino
2988 4220 3310 4301 mandante,
3380 4244 3631 4305 peccator

2061 4328 2130 4382 ad
2162 4326 2496 4381 sacerdotem
2521 4326 2755 4381 mittitur
2777 4340 2897 4381 cum
2932 4325 3168 4391 victima,
3214 4322 3375 4395 quam
3399 4321 3628 4380 offerens

2062 4417 2171 4470 Deo
2196 4426 2313 4471 oret
2334 4430 2433 4484 pro
2453 4426 2549 4481 eo,
2570 4423 2624 4469 et
2669 4414 2971 4470 dimittatur
3002 4414 3051 4469 ei
3099 4412 3241 4487 (Leo.
3266 4428 3319 4478 ν,
3350 4411 3459 4485 l2).
3500 4412 3627 4483 Quae

395 4507 520 4549 vere
546 4496 777 4561 poterat,
801 4502 909 4557 quo
928 4494 1207 4571 mortuum
1232 4486 1355 4539 vice
1382 4485 1645 4541 redditum
1679 4485 1745 4541 de
1784 4487 1960 4555 sepul-

2060 4515 2186 4559 sunt
2220 4514 2416 4559 nostra:
2445 4505 2675 4558 victima:
2699 4519 2797 4574 pro
2824 4506 3078 4571 peccatis,
3113 4485 3156 4557 Va
3189 4504 3345 4559 nobis
3382 4504 3629 4558 commis-

393 4600 487 4639 cro
514 4560 726 4651 prodire
782 4576 988 4647 jussit?
1034 4574 1144 4629 Cur
1196 4560 1546 4642 interrogavit
1595 4592 1764 4631 cmcos
1798 4580 1864 4632 ad
1900 4592 1957 4631 se

393 4675 707 4737 clamantes,
740 4670 866 4742 quid
895 4667 1169 4722 voluissent
1197 4666 1408 4733 (Matth.
1442 4682 1531 4729 xx,
1554 4666 1643 4737 52)
1666 4669 1688 4719 ?
1714 4666 1796 4721 An
1819 4668 1960 4739 igno-

395 4781 516 4822 rare
535 4761 715 4819 cordis
752 4776 939 4816 eorum
975 4758 1299 4832 voluntatem
1356 4756 1544 4825 potuit,
1575 4756 1664 4825 qui
1718 4766 1958 4826 optatum

393 4856 573 4910 lumen
600 4853 771 4908 oculis
800 4851 1010 4905 illorum
1038 4844 1260 4904 reddere
1289 4848 1495 4901 valuit?
1532 4847 1693 4901 Forte
1720 4849 1764 4903 si
1793 4849 1958 4904 Deum

395 4946 590 5009 latere,
610 4943 751 4999 sicut
772 4941 1039 4995 hominem
1066 4941 1349 5019 patuisses,
1392 4954 1489 4993 nec
1519 4939 1626 4993 Deo
1655 4940 1775 5008 plus
1797 4956 1957 5009 quam

465 5112 492 5142 ι
526 5098 668 5155 Edit.
716 5094 964 5162 Quercet.
1014 5090 1121 5162 ’11)Δ
1154 5089 1347 5162 Canis.
1390 5087 1460 5142 36
1506 5088 1780 5162 (Froben.
1807 5090 1954 5162 9G);

397 5169 677 5226 emendata
705 5158 772 5221 οἱ
796 5162 916 5219 cod.
948 5176 1048 5215 ms.
1079 5160 1305 5221 Salisb.,
1332 5158 1383 5225 in
1422 5172 1529 5226 quo
1568 5158 1709 5211 hunc
1746 5158 1956 5213 titulum

398 5238 595 5303 habet;
627 5234 822 5291 Contra
860 5248 946 5287 eos
975 5230 1062 5301 qui
1101 5229 1281 5283 nolunt
1307 5227 1658 5281 sacerdotibus
1686 5227 1812 5283 dare
1837 5245 1958 5283 con—

422 5321 692 5361 cauam.
964 5358 979 5370 1

398 5308 831 5435 (“ramos-um.
860 5358 1107 5427 Canisius
1142 5370 1280 5434 hanc
1319 5384 1503 5423 vocem
1541 5368 1593 5421 in
1631 5384 1732 5423 ms.
1773 5384 1958 5423 corru-

396 5454 542 5521 ptam
569 5442 913 5521 existimans,
941 5442 1043 5521 legi
1068 5438 1179 5493 vult
1208 5438 1523 5521 Scotorum...
1691 5440 1832 5493 nulla
1862 5449 1959 5521 ἐπεὶ

401 5507 536 5569 ratio
574 5527 678 5567 ms.
718 5507 1048 5580 corrigendi,
1094 5516 1464 5580 cumvconstet
1492 5507 1777 5580 Alcuinum
1824 5510 1957 5566 alias

398 5585 560 5664 etiam
583 5580 837 5664 epistolas
862 5577 927 5649 ad
956 5580 1247 5633 monachos
1270 5578 1475 5632 Gothiae
1516 5592 1606 5630 seu
1650 5577 1953 5646 Septiman-

400 5654 501 5711 τάκ
523 5650 819 5721 scripsisse.

469 5736 491 5764 ε
530 5716 931 5788 ϐοηῖἐεείυηεηι.
977 5716 1378 5788 Egregimnest
1420 5720 1519 5769 hoc
1565 5718 1766 5787 ,λιθιιίῃί
1808 5720 1955 5771 testi-

402 5787 758 5860 moniumpro
798 5788 1128 5844 confessione
1169 5787 1451 5840 anriculari
1486 5796 1666 5840 contra
1710 5790 1947 5842 moderui

2060 4594 2167 4656 sis,
2192 4594 2293 4646 nisi
2352 4590 2619 4647 confessio
2678 4599 3019 4660 peccatorum
3064 4593 3417 4646 nostrorum?
3454 4592 3625 4660 Quam

2060 4698 2191 4752 pure
2221 4683 2330 4737 Deo
2356 4696 2451 4752 per
2496 4682 2828 4737 sacerdotem
2879 4680 3071 4737 offerre
3118 4682 3408 4748 delxutus;
3442 4695 3627 4754 quate-

2061 4788 2161 4827 nus
2198 4772 2529 4828 oratiouibus
2586 4771 2745 4835 illius,
2792 4779 2988 4827 nostne
3034 4771 3383 4829 confessionis
3427 4776 3627 4830 oblatio

2062 4861 2171 4917 Deo
2192 4862 2533 4933 acceptabilis
2566 4862 2677 4926 fiat,
2708 4870 2762 4917 et
2792 4863 3159 4917 remissionem
3199 4850 3367 4917 abeo
3395 4865 3623 4933 accipia-

2061 4970 2199 5017 mus,
2226 4954 2309 5006 cui
2330 4962 2403 5005 est
2428 4951 2745 5018 sacriﬁcium
2785 4951 2999 5019 spiritus
3044 4950 3438 5009 contnbulatus,
3467 4960 3513 5002 et
3534 4966 3625 5005 cor

2059 5105 2219 5158 etiam
2247 5102 2507 5172 temporis
2531 5102 2831 5163 hazreticos,
2864 5103 2954 5172 qui
2984 5104 3081 5157 soli
3113 5104 3221 5157 Deo
3249 5110 3463 5171 peccata
3494 5118 3619 5157 con-

2059 5173 2197 5253 fiteri
2225 5171 2482 5255 sufficere
2496 5180 2759 5255 asserunt.
2796 5172 2870 5255 Pe
2898 5174 2998 5255 hac
3020 5189 3078 5227 re
3093 5172 3353 5255 Aletrinas
3371 5171 3619 5255 alibi-sa:—

2058 5242 2205 5366 plius,
2234 5252 2290 5296 ut
2322 5243 2372 5296 in
2402 5242 2639 5312 epistolis
2671 5242 2765 5303 i3,
2796 5243 2865 5297 39
2892 5244 3065 5312 (nunc.
3086 5240 3179 5303 id,
3206 5240 3295 5311 44)
3314 5281 3329 5306 ,
3356 5250 3459 5296 etc.
3494 5242 3613 5296 \"ul.

2112 5313 2255 5366 alnll.
2285 5312 2441 5366 Praef.
2475 5313 2539 5365 ad
2568 5319 2697 5366 nart.
2734 5328 2751 5365 ι
2781 5311 2915 5366 Suec.
2950 5308 3255 5366 nt.Bened..
3283 5326 3403 5366 nan.
3432 5311 3483 5364 9.

2112 5326 2255 5366 antu.
2288 5326 2441 5366 μηδι.
2475 5326 2539 5365 aa
2567 5326 2697 5381 part.
2734 5328 2751 5365 ι
2781 5326 2915 5366 διες.
2950 5326 3255 5381 "anienem,
3278 5326 3316 5380 p

3249 5110 3463 5171 peccata
3494 5118 3620 5157 con-

2126 5382 2149 5422 δ
2198 5383 2314 5437 Non
2341 5397 2540 5449 semper
2560 5379 2813 5449 confessio
2841 5379 3189 5449 ptznitcntiarn
3216 5379 3496 5449 significat.
3544 5379 3616 5435 De

2057 5454 2157 5506 hoc
2202 5451 2471 5520 eleganter
2518 5448 2762 5520 S.-Aug.
2812 5448 2972 5503 serm.
3026 5448 3092 5511 8,
3139 5449 3205 5503 de
3256 5448 3412 5502 Verb.
3458 5448 3613 5503 Dom.

2056 5524 2317 5573 (lutatus.

2076 5535 2387 5655 finis
2412 5599 2649 5654 peccator
2673 5599 2745 5641 est
2771 5598 3006 5641 rostrum.
3041 5586 3168 5640 Illud
3196 5588 3253 5640 S.
3280 5572 3460 5642 δυρόδί
3485 5608 3498 5639 ;
3531 5589 3617 5641 1n-

2053 5660 2293 5725 ﬁrmntnr
2323 5656 2439 5723 quis
2476 5657 2530 5709 iu
2558 5658 2723 5717 robii,
2758 5666 2860 5709 eto.
2885 5700 2896 5716 ,
2932 5655 2996 5709 ad
3035 5655 3272 5709 animum
3314 5668 3615 5724 peccaturis

2055 5724 2515 5779 at-cmumodatitio
2548 5742 2700 5780 sensu
2734 5725 2891 5778 refert
2924 5727 3209 5795 eleganter.
3242 5727 3419 5779 Cum
3478 5752 3483 5757 ~
