4238 6184
634 313 736 371 339

1458 312 1517 366 Β.
1557 312 1616 366 F.
1657 312 1877 369 ALBlNl
1926 314 2054 370 SEU
2092 309 2362 373 Αιευιὶίι
2399 309 2676 368 OPERUM
2715 311 2888 367 PARS
2925 309 2966 366 l.

3738 314 3845 371 3‘0,

633 426 911 486 contritum
948 433 994 477 et
1030 422 1359 478 bunuliafum
1404 442 1509 479 non
1548 429 1741 496 spernit
1792 427 1962 498 (Paul.
1994 444 2045 487 ι..
2077 427 2182 498 19).
2214 428 2261 485 Λ
2289 434 2337 476 et
2366 440 2538 479 coram
2569 436 2615 479 te
2642 425 2661 496 (
2688 426 2809 479 Luc.
2840 441 2934 489 xv,
2966 425 3031 480 18
3054 393 3094 496 )’.
3140 426 3251 499 Sed
3287 428 3447 483 semel
3489 429 3748 484 sacerdoti
3788 432 3845 485 in

702 516 948 570 Christus
989 529 1087 583 pro
1118 516 1319 569 nostris
1360 514 1649 574 sceleribus
1693 520 1761 572 ab
1793 518 2024 579 inimicis
2047 518 2187 588 judi~

633 606 743 661 cari
771 605 820 658 in
847 606 987 659 hunc
1012 605 1266 659 mundum
1293 606 1455 670 venit,
1486 615 1544 661 ut
1588 621 1685 662 nos
1712 608 2001 665 redimeret
2020 608 2187 663 adia-

633 696 737 749 boti
768 695 1025 751 servitute
1056 713 1068 748 :
1104 704 1158 749 et
1179 712 1276 751 nos
1304 696 1653 765 dedignamur
1681 712 1717 765 ει,
1747 698 1947 751 sanctis
1982 697 2075 757 Dei
2103 711 2187 752 sa-

633 784 934 840 cerdotibus
952 782 1204 850 judicari,
1233 791 1292 839 ut
1331 784 1616 840 liberemur
1644 800 1675 853 λ
1696 784 1924 841 vinculis
1944 780 2188 851 peccato-

633 891 749 929 rum
788 874 1136 929 nostrorum?
1186 875 1277 934 ille
1328 877 1530 944 absque
1573 875 1717 930 omni
1750 883 1986 944 peccato,
2018 874 2188 930 homi-

554 986 555 989 η
631 979 759 1017 num
782 964 1049 1025 assistere,
1073 952 1135 1018 et
1159 965 1261 1018 hoc
1296 964 1601 1032 impiorum,
1615 960 1817 1031 judicio
1847 981 1951 1019 non
1976 964 2180 1039 renuit;

635 1061 690 1105 et
726 1068 824 1106 nos
856 1068 975 1107 cum
1007 1053 1191 1108 multis
1216 1054 1450 1124 peccatis
1479 1054 1750 1109 hominum
1772 1053 1990 1123 judicia,
2014 1055 2187 1108 ethoc

633 1149 960 1205 sanctorum,
1000 1142 1181 1195 subire
1224 1141 1655 1197 contemnimus?
1702 1142 1884 1197 Nonne
1910 1143 1980 1195 'in
2035 1156 2188 1196 sacro

631 1232 952 1298 baptismate
981 1231 1347 1286 sacerdotibus
1370 1230 1569 1286 Christi
1596 1239 1794 1285 noStra:
1834 1232 1953 1285 fidei
1981 1230 2190 1287 confes-

632 1322 833 1377 sionem
864 1330 919 1377 et
942 1323 1455 1381 ain-enuntiationem
1495 1322 1709 1379 Satanas
1754 1322 1881 1376 dare
1912 1323 2182 1384 debemus,

631 1419 688 1464 et
712 1410 789 1465 sic
817 1411 1127 1465 sacerdotali
1153 1411 1469 1473 ministerio,
1500 1410 1676 1465 divina
1716 1419 1966 1479 operante
1991 1410 2186 1480 gratia,

633 1500 702 1562 ab
728 1502 975 1559 omnibus
1005 1501 1145 1556 ablui
1181 1502 1460 1571 peccatis?
1488 1501 1596 1557 Cur
1617 1502 1776 1558 etiam
1801 1501 1925 1556 etin
1955 1501 2188 1556 secundo

634 1592 967 1661 pteuitentia:
988 1594 1331 1662 baptismate,
1365 1608 1461 1663 per
1503 1592 1889 1655 confessionem
1918 1593 2186 1647 humilita-

636 1681 705 1736 tis
731 1690 942 1737 nostraa.
969 1682 1036 1735 ab
1073 1676 1319 1737 omnibus
1361 1691 1481 1754 post
1501 1683 1729 1752 primum
1778 1682 2035 1752 baptisma
2064 1697 2185 1755 per-

2289 514 2569 579 prmsentia
2598 514 2787 568 divina:
2817 514 3029 583 pietatis
3060 515 3325 569 confessio
3353 515 3594 571 facienda
3624 518 3841 573 sufficit.

2289 599 2513 668 Semper
2546 610 2721 655 autem
2748 601 2973 657 Domino
3002 619 3123 658 cum
3153 604 3406 674 lacrymis
3431 612 3485 657 et
3512 605 3687 658 cordis
3718 622 3845 661 cono

2290 690 2504 745 tritione
2533 689 2833 747 faciendam
2858 704 2977 746 esse
3002 694 3348 747 arbitramur.
3382 692 3562 747 Omnis
3591 695 3728 747 enim
3755 695 3842 765 qui

2286 778 2421 836 male
2449 781 2553 848 agit
2571 819 2586 843 ,
2612 781 2718 833 oait
2744 780 2947 844 lucem,
2970 780 3147 836 etnon
3173 782 3306 837 venit
3334 782 3406 837 ad.
3430 772 3624 847 lucem,
3656 794 3711 837 ut
3740 803 3843 840 non

2286 880 2571 938 arguantur
2599 888 2750 941 opera
2776 872 2889 942 ejus
2911 888 2930 927 :
2954 873 3043 941 qui
3066 882 3239 925 autem
3280 873 3406 941 facit
3432 858 3691 933 veritatem
3712 917 3726 938 ,
3761 892 3843 929 re-

2287 960 2359 1011 uit
2388 960 2457 1011 ad
2484 959 2646 1021 lucem
2666 1000 2681 1023 ,
2723 970 2775 1013 ut
2806 954 3198 1032 manifestentur
3238 962 3365 1035 ejus.
3397 979 3583 1032 opera,
3624 964 3747 1033 quia
3768 944 3842 1020 in

2286 1048 2391 1101 Deo
2418 1040 2536 1102 sunt
2567 1050 2705 1118 facta
2737 1051 2933 1122 (Joan.
2962 1068 3024 1105 ιιι
3046 1091 3061 1114 ,
3087 1050 3189 1116 20,
3217 1051 3277 1105 ει
3303 1052 3348 1124 ).
3540 1050 3543 1053 ⁷
3712 1126 3715 1129 _

2357 1138 2462 1193 Vos
2490 1139 2672 1205 igitur,
2692 1141 2805 1193 ,viri
2835 1140 3065 1207 fratres,
3093 1141 3187 1196 filii
3218 1142 3352 1197 lucis
3378 1144 3509 1198 estis
3534 1154 3589 1218 et
3618 1159 3722 1207 non
3766 1153 3844 1200 te-

2286 1226 2569 1282 nebrarum
2596 1267 2612 1291 ,
2639 1228 2861 1297 populus
2888 1230 3241 1301 acquisitiouis
3267 1236 3322 1285 et
3346 1247 3451 1286 non
3488 1219 3801 1302 perditionis
3828 1253 3839 1287 :

2284 1335 2406 1387 gens
2434 1327 2614 1372 sancta
2646 1318 2665 1391 (
2688 1316 2715 1374 1
2740 1318 2885 1373 Petr.
2913 1336 2974 1385 ιι,
3004 1320 3037 1375 9
3059 1318 3120 1390 ),:
3148 1319 3347 1376 Christi
3377 1324 3632 1395 sanguine
3659 1325 3841 1393 acqui-

2285 1408 2405 1461 sita.
2439 1406 2711 1464 Ambutate
2737 1418 2792 1461 ut
2822 1398 3078 1478 ﬁlii'lueis
3094 1408 3159 1464 in
3178 1412 3326 1464 ωιιηὶ
3346 1403 3581 1466 bonitate
3609 1411 3628 1484 (
3650 1412 3840 1483 Ephes.

2284 1513 2335 1561 v,
2363 1497 2415 1562 8,
2439 1496 2530 1567 9),
2567 1507 2619 1551 et
2655 1490 2883 1578 pietate,
2918 1506 2972 1555 et
3009 1499 3279 1562 castitate,
3321 1490 3574 1582 exuentes
3609 1494 3842 1557 veterem

2284 1586 2550 1641 hominem
2590 1603 2711 1642 cum
2754 1589 2987 1657 peccatis
3028 1588 3171 1651 suis,
3207 1596 3262 1642 et
3303 1587 3583 1654 induentes
3614 1594 3837 1659 novum,

2284 1676 2373 1743 qui
2402 1676 2690 1734 secundum
2715 1673 2881 1741 Deum
2906 1683 3121 1735 creatus
3147 1685 3230 1738 est
3254 1675 3485 1748 (Coloss.
3509 1694 3602 1743 ιιι,
3625 1678 3694 1744 9,
3722 1680 3840 1750 10).

637 1770 791 1835 actis,
846 1770 1032 1825 eadem
1080 1769 1263 1825 divina
1305 1748 1591 1825 miserante
1638 1771 1828 1841 gratia,
1849 1748 2182 1825 sacerdotali
2211 1748 2257 1811 Β
2287 1765 2370 1819 Sit
2396 1767 2933 1849 conversatiojvestra
2963 1766 3196 1827 emlestis
3228 1773 3282 1820 et
3317 1781 3431 1821 non
3464 1763 3694 1843 terrena.
3752 1748 3843 1824 Di-

637 1858 883 1933 similiter
910 1859 1105 1914 auxilio
1134 1876 1237 1915 non
1264 1863 1514 1917 debemus
1539 1860 1739 1918 absolvi
1763 1861 2034 1930 peccatis?

706 1946 762 2007 Si
787 1957 1004 2015 peccata
1030 1949 1393 2004 sacerdotibus
1416 1964 1520 2004 non
1542 1958 1668 2003 sunt
1703 1950 1995 2019 prodenda,
2023 1963 2186 2018 quare

638 2033 693 2093 in
723 2049 749 2079 ι
788 2036 1216 2096 Sacramentario
1258 2042 1705 2096 reconciliationis
1757 2043 2029 2095 orationes
2056 2041 2187 2095 scri-

638 2134 743 2193 pta!
759 2138 883 2185 sunt
899 2129 923 2181 ?
956 2128 1228 2196 Quomodo
1256 2134 1505 2186 sacerdos
1536 2132 1856 2194 reconciliat,
1886 2146 2040 2201 quem
2064 2146 2186 2201 pec-

640 2229 764 2272 care
802 2231 907 2269 non
933 2218 1121 2271 novit?
1156 2217 1211 2272 Si
1236 2219 1488 2283 consiliis,
1509 2218 1663 2287 juxta
1690 2220 2045 2281 Salomonem,
2078 2229 2186 2271 tra-

640 2305 829 2359 ctanda
859 2315 983 2375 sunt
1008 2304 1144 2363 bella
1174 2308 1353 2378 (Prov.
1385 2326 1474 2372 xx,
1500 2309 1608 2387 18),
1637 2308 1776 2378 quali
1826 2310 2045 2363 audacia
2074 2309 2186 2364 sine

640 2394 860 2447 consilio
884 2396 1363 2463 ecclesiasticorum
1388 2398 1580 2451 ducum
1620 2413 1854 2467 pugnare
1875 2414 1972 2452 nos
2001 2399 2187 2453 adver-

640 2497 731 2537 sus
760 2482 1022 2537 diabolum
1050 2485 1399 2540 confidimus?
1425 2485 1555 2541 item
1590 2488 1774 2541 eodem
1804 2488 2027 2551 dicente,
2060 2488 2189 2558 legi-

642 2585 760 2624 mus
791 2589 803 2622 :
852 2570 1061 2635 Frater,
1109 2575 1197 2643 qui
1225 2574 1502 2642 adjuvatur
1530 2594 1562 2628 a
1597 2576 1779 2645 fratre,
1816 2579 1966 2647 quasi
2007 2578 2187 2631 civitas

644 2660 797 2727 ﬁrma
821 2671 898 2720 est
924 2660 1103 2731 (Prov.
1128 2680 1279 2727 mu,
1307 2664 1413 2733 l9).
1472 2664 1635 2729 Quem
1678 2667 1892 2735 adjuvat
1940 2666 2189 2721 sacerdos

640 2746 841 2803 Christi
865 2749 971 2803 dux
998 2751 1264 2806 exercitus
1292 2750 1386 2805 Dei
1412 2761 1468 2807 et
1495 2762 1670 2807 rector
1702 2762 1996 2808 castrorum
2026 2755 2188 2818 illius,

640 2836 683 2889 si
714 2836 889 2891 nullus
916 2838 982 2892 ab
1009 2854 1073 2914 eo
1100 2855 1208 2894 suae
1233 2840 1421 2895 salutis
1468 2842 1719 2901 auxilium
1744 2858 1939 2912 quiem.
2012 2845 2189 2913 digna-

596 2973 599 2976 .
640 2935 747 2991 tur,
792 2928 837 2982 si
862 2944 1016 2983 nemo
1046 2931 1252 2987 occulta
1284 2932 1554 2987 diabolica
1582 2933 1783 2989 fraudis
1808 2936 2027 2991 vulnera
2050 2936 2189 2990 illius

639 3017 939 3072 medicinaii
966 3020 1197 3075 dextera:
1225 3022 1497 3075 tractanda
1530 3024 1803 3081 ostendit?
1878 3024 1883 3025 “

630 3146 645 3155 κ
713 3104 867 3177 155
901 3107 1133 3163 inaniter
1156 3109 1338 3178 itaque
1363 3112 1533 3180 posita
1560 3123 1684 3169 sunt
1727 3114 1779 3167 in
1816 3112 2069 3169 Ecclesiis
2099 3132 2183 3170 re-

640 3195 833 3259 media,
848 3203 904 3249 et
919 3198 1155 3266 synodali
1183 3200 1498 3256 auctoritate
1520 3201 1712 3257 litteris
1734 3204 1981 3258 mandata
2001 3213 2185 3259 contra

639 3287 817 3342 omnia
845 3297 1181 3357 peccatorum
1204 3299 1505 3347 nostrorum
1531 3293 1744 3348 vulnera
1760 3332 1775 3357 ,
1799 3310 1916 3363 qum
1942 3294 2023 3350 vel
2049 3297 2186 3349 anti-

550 3406 553 3409 η
640 3377 731 3448 qui
758 3379 926 3433 hostis
952 3381 1181 3435 versutia
1199 3420 1214 3445 ,
1245 3382 1331 3436 vel
1354 3382 1667 3452 negligentia
1693 3385 2062 3439 mandatorum
2094 3385 2186 3439 Dei

640 3466 950 3535 spiritaliter
982 3474 1073 3522 aut
1108 3469 1393 3524 carnaliter
1426 3472 1579 3525 nobis
1610 3470 1956 3541 infliguntur;
1990 3474 2033 3527 si
2080 3488 2186 3527 non

642 3554 729 3609 bis
764 3555 855 3624 qui
889 3556 944 3609 in
979 3556 1215 3611 Ecclesia
1246 3557 1445 3613 Christi
1480 3562 1660 3615 statuti
1696 3570 1817 3615 sunt
1850 3564 1915 3617 ad
1952 3567 2187 3617 sanando

643 3644 855 3712 putrida
913 3646 1171 3701 scelerum
1226 3657 1527 3703 nostrorum
1580 3650 1795 3715 ulcera,
1860 3652 2181 3707 revelantur.

642 3729 807 3786 Corde
833 3735 968 3786 enim
995 3736 1248 3800 creditur,
1286 3738 1414 3793 dicit
1444 3738 1753 3808 Apostolus,
1792 3741 1861 3794 ad
1888 3742 2146 3812 justitiam
2167 3786 2181 3803 .

642 3836 732 3872 ore
772 3830 941 3873 autem
984 3823 1232 3891 confessio
1275 3826 1332 3892 ﬁt
1376 3818 1691 3881 art-salutem
1733 3829 1925 3898 (Rom.
1955 3847 1986 3883 x
2011 3871 2025 3893 ,
2057 3831 2183 3897 10).

643 3910 759 3964 Non
786 3911 953 3965 solum
983 3914 1257 3969 catholici:
1282 3915 1433 3978 fidei,
1464 3916 1554 3971 sed
1582 3920 1739 3971 etiam
1769 3931 1898 3989 pura
1942 3932 2186 3989 peccato-

644 4014 762 4052 rum
791 3998 1054 4055 confessio
1082 4000 1241 4073 [eum
1268 4006 1443 4059 cordis
1470 4010 1912 4079 compunczione]
1941 4011 2093 4064 nobis
2118 4014 2183 4065 ad

644 4088 865 4142 salutem
909 4089 1118 4158 prolicit
1162 4094 1812 4174 sempiternam,‘5iiccnte
1862 4099 2181 4169 Scriptura:

646 4176 740 4227 Dic
768 4179 911 4245 prior
933 4179 1214 4246 injustitias
1237 4190 1384 4247 tuas,
1411 4193 1467 4237 ut
1486 4186 1791 4253 justi/iuris
1815 4188 1979 4259 (Isai.
2012 4203 2142 4245 mn
2166 4234 2180 4253 ,

642 4263 711 4318 26
735 4267 772 4334 ).
802 4267 867 4321 Et
886 4267 1085 4321 iterum
1112 4286 1126 4320 :
1155 4269 1334 4325 Justus
1358 4272 1413 4325 in
1435 4276 1687 4344 principio
1710 4289 1976 4331 accusator
2000 4291 2073 4334 est
2102 4285 2183 4336 sui

2286 1848 2432 1926 ligite
2456 1854 2717 1933 justitiam
2736 1897 2751 1921 ,
2781 1865 2841 1913 et
2859 1857 2982 1911 odio
3012 1851 3203 1912 habete
3230 1854 3585 1926 iniquitatem.
3612 1856 3713 1928 Qui
3760 1864 3843 1911 sa-

2285 1961 2385 2000 nus
2413 1954 2494 1999 est
2513 1987 2535 2015 ,ο
2560 1932 2809 2022 defendat
2845 1962 2903 2001 se
2936 1946 3239 2008 sculofﬂdei
3258 1987 3271 2010 ,
3304 1961 3370 2002 ne
3394 1946 3719 2015 clandestina
3749 1946 3843 1999 an-

2287 2034 2417 2105 tiqui
2444 2037 2615 2092 hostis
2642 2038 2829 2107 sagitta
2856 2053 2978 2093 eum
3009 2038 3289 2091 vulnerare
3317 2029 3489 2093 valeat
3513 2038 3727 2109 (Ephes.
3754 2053 3838 2098 vr,

2286 2125 2410 2196 16).
2457 2125 2514 2181 Si
2555 2128 2674 2197 quis
2712 2142 2841 2183 vero,
2880 2136 3094 2203 propter
3132 2127 3469 2198 fragilitatem
3511 2128 3717 2192 carnis,
3756 2127 3840 2180 vel

2284 2227 2502 2285 propter
2558 2218 2928 2293 negligentiam
2976 2208 3467 2293 cireumspectionis
3508 2216 3837 2279 vulneratur,

2285 2307 2443 2360 citius
2484 2307 2549 2361 ad
2591 2307 2943 2361 confessionis
2982 2292 3299 2366 medicinam
3341 2314 3610 2375 naeurrat,
3640 2322 3705 2360 ne
3743 2322 3841 2375 per

2286 2397 2588 2451 illecebram
2632 2396 2783 2451 malte
2825 2397 3222 2451 consuetudinis
3261 2397 3347 2451 vix
3373 2398 3633 2453 eradicari
3665 2397 3835 2468 [ϐοά.

2288 2485 2423 2545 Sal.,
2458 2485 2772 2557 eradicare]
2810 2486 2988 2539 valeat
3018 2493 3312 2555 peccatum.
3353 2485 3486 2540 Tres
3520 2487 3661 2541 enim
3694 2502 3837 2541 mor-
3892 2507 3904 2519 ο

2286 2586 2405 2633 tuos
2451 2576 2731 2629 Dominum
2776 2576 2955 2630 Iesum
2996 2576 3267 2631 Christum
3308 2578 3607 2645 evangelica
3652 2586 3836 2631 narrat

2289 2665 2512 2723 historia
2554 2666 2879 2720 suscitasse:
2926 2666 3086 2720 filiam
3132 2666 3537 2736 archisynagogi
3580 2668 3632 2720 in
3676 2668 3835 2722 domo

2287 2754 2523 2824 (Mare,
2549 2770 2580 2807 v
2599 2794 2613 2817 ,
2638 2742 2705 2808 33
2727 2770 2833 2824 seq.
2858 2754 2876 2826 )
2899 2794 2913 2819 ,
2956 2754 3119 2808 [ilium
3147 2753 3318 2809 vidua:
3342 2764 3491 2809 extra
3518 2764 3727 2823 portam
3754 2757 3833 2810 ci—

2285 2846 2471 2898 vitatis
2502 2844 2519 2913 (
2544 2843 2670 2897 Luc.
2700 2860 2772 2897 vn
2794 2884 2807 2907 ,
2838 2844 2905 2899 12
2927 2861 3031 2914 seq.
3056 2843 3106 2917 ),
3137 2844 3398 2905 Lazarum
3426 2843 3832 2913 quatriduanum

2286 2933 2351 2991 de
2376 2941 2717 2987 monumento
2744 2932 2809 2987 ad
2836 2932 2998 2985 vitam
3028 2932 3237 2986 vocavit
3259 2930 3556 3003 (lcum-xu).
3582 2931 3683 2997 Qui
3712 2940 3836 2986 sunt

2290 3022 2346 3078 bi
2392 3030 2499 3077 tres
2534 3023 2761 3087 mortui,
2802 3023 2905 3077 nisi
2946 3023 3049 3081 tria
3090 3032 3284 3092 genera
3323 3023 3685 3090 peccantium,
3715 3030 3835 3091 qua:

2288 3114 2444 3167 modo
2482 3113 2718 3182 quotidie
2764 3113 2938 3167 divina
2985 3112 3357 3169 confitentibus
3402 3112 3661 3167 suscitare
3702 3113 3837 3167 solet

2285 3202 2487 3274 gratia?
2516 3199 2705 3255 Filiam
2729 3200 2951 3254 suscitat
2979 3201 3033 3253 in
3058 3202 3235 3262 domo,
3264 3201 3386 3255 dum
3413 3202 3833 3256 consentientem

2286 3292 2342 3346 in
2377 3292 2537 3345 corde
2581 3304 2830 3359 peccare,
2868 3299 3083 3345 revocat
3112 3307 3142 3344 a
3178 3289 3381 3359 peccati
3418 3282 3829 3365 perpetratione.

2284 3382 2477 3439 Filium
2508 3382 2678 3437 vidum
2706 3390 2857 3436 extra
2897 3382 3373 3452 portamcivitatis
3410 3384 3662 3447 suscitat,
3706 3383 3832 3436 dum

2284 3479 2591 3537 peccantem
2642 3468 2777 3525 foris
2820 3471 2876 3524 in
2918 3484 3078 3539 opere
3122 3471 3187 3525 ad
3228 3472 3553 3539 pamitentia:
3597 3473 3827 3539 mediea-

2285 3565 2461 3611 menta
2489 3544 2773 3629 cnnfugcre
2801 3537 2967 3612 facit;
2987 3537 3256 3612 Fetentem
3285 3574 3413 3614 vero
3446 3560 3505 3613 in
3540 3560 3680 3613 mala
3695 3537 3834 3627 ‘con-

2284 3647 2561 3703 suetudine
2592 3646 2828 3717 peccati,
2874 3648 2998 3701 dum
3040 3646 3300 3718 lacrymas
3335 3648 3658 3716 pmnitentim
3690 3648 3834 3704 elicit

2283 3752 2349 3790 ex
2389 3736 2577 3799 corde,
2622 3736 2875 3800 suscitat,
2914 3743 2969 3791 et
3002 3749 3067 3789 ex
3112 3736 3469 3791 ecclesiastica
3504 3738 3853 3792 auctoritate

2284 3826 2487 3882 solvere
2525 3841 2645 3880 eum
2668 3824 2847 3893 iubet,
2892 3832 2953 3879 ut
2988 3823 3179 3893 dignus
3216 3826 3287 3879 sit
3324 3816 3697 3880 communione
3730 3826 3861 3880 00-.

2250 3982 2257 3989 _
2284 3916 2441 3978 mini,
2471 3922 2524 3969 et
2547 3916 2811 3986 particeps
2837 3914 2974 3968 sacri
3002 3914 3185 3967 altaris
3209 3906 3484 3970 eliciatur.

2354 4002 2478 4058 Haec
2503 4005 2749 4074 cogitate,
2772 4003 3067 4059 charissimi
3093 4002 3303 4069 fratres,
3327 4012 3381 4057 et
3402 4004 3453 4057 in
3477 4003 3831 4075 qualicunque

2282 4096 2468 4149 barum
2506 4096 2665 4148 trium
2702 4094 2947 4169 mortium
2987 4108 3177 4165 genere
3216 4096 3259 4148 si
3298 4096 3419 4164 quis
3437 4095 3646 4163 jaceat,
3677 4097 3834 4151 citius

2282 4184 2350 4237 ad
2371 4182 2716 4248 confessionis
2742 4184 3108 4251 probatissima
3132 4184 3517 4237 medicamenta
3538 4184 3829 4254 confugiat,

2282 4271 2550 4328 salutifero
2574 4272 2898 4341 ptenitentiae
2926 4288 2983 4326 se
3008 4272 3190 4326 abluat
3217 4274 3565 4327 medicamine
3591 4291 3603 4325 :
3634 4282 3822 4336 utnon

646 4354 824 4423 (Prae.
854 4374 1011 4419 xvm,
1044 4357 1149 4429 17).
1180 4358 1236 4413 Si
1258 4358 1448 4426 justus,
1480 4373 1676 4431 quanto
1702 4367 1872 4435 magis
1899 4372 2180 4435 peccator?
2210 4387 2257 4446 υ
2280 4361 2345 4413 ad
2379 4354 2633 4427 judicium
2674 4360 3046 4423 damnationis,
3074 4359 3165 4414 sed
3193 4361 3258 4414 ad
3279 4361 3502 4414 salutem
3530 4362 3831 4416 sanctifica-

716 4443 770 4499 Si
798 4446 932 4501 forte
959 4448 1095 4501 dicis
1116 4463 1235 4501 cum
1265 4449 1538 4504 Psalmista
1566 4470 1578 4504 :
1612 4452 1729 4507 Dixi
1746 4495 1760 4519 ,
1783 4456 2060 4523 conﬁtebor
2084 4459 2181 4510 ad-
2213 4443 2240 4446 “
2282 4448 2442 4502 tionis
2476 4450 2830 4504 communicet
2866 4464 3087 4518 corpore
3112 4458 3165 4503 et
3193 4450 3685 4523 sanguine‘Domini
3727 4466 3823 4504 no-

646 4549 844 4587 cersunt
881 4552 957 4587 ἠε
983 4536 1294 4611 injustitiam
1342 4556 1505 4592 meam
1560 4541 1779 4596 Domino
1808 4544 1990 4614 (Psal.
2018 4560 2175 4609 xxxi,

646 4623 736 4690 5).
777 4623 843 4676 Ει
872 4639 972 4693 ego
999 4641 1117 4679 cum
1144 4628 1329 4680 eodem
1368 4627 1536 4682 dicam
1565 4648 1576 4681 :
1610 4630 1867 4695 Quoniam
1902 4636 2077 4695 tacui,
2100 4637 2181 4688 ita-

646 4719 984 4763 veteraverunt
1011 4727 1127 4763 ossa
1152 4730 1263 4766 mea
1289 4713 1449 4783 (Ibid.
1480 4733 1605 4769 rere.
1635 4719 1708 4787 5).
1742 4718 1808 4771 Et
1837 4720 2027 4773 iterum
2059 4738 2177 4792 cum

644 4801 745 4855 alio
766 4802 1047 4871 propheta:
1071 4801 1498 4873 Computruerunt
1510 4806 1745 4875 jumenta
1770 4810 1821 4862 in
1847 4820 2063 4864 stercore
2084 4825 2177 4865 suo

646 4890 808 4959 (Joel.
838 4908 893 4955 ι,
925 4891 1039 4961 Π).
1069 4892 1204 4956 Quid
1234 4903 1313 4948 est
1345 4895 1565 4967 (autem)
1591 4896 1827 4963 iumenta
1858 4900 1909 4953 in
1942 4910 2176 4956 stercore

644 4996 739 5034 suo
763 4991 1085 5050 putrescere,
1109 4982 1209 5036 nisi
1231 4985 1538 5041 criminosos
1565 5002 1798 5055 quosque
1821 4990 1876 5043 in
1903 4992 2177 5059 putredine

645 5079 976 5136 peccatorum
1012 5086 1229 5125 suorum
1265 5071 1482 5138 jacere?
1520 5074 1619 5140 Qui
1647 5086 1857 5144 peccat,
1878 5078 2019 5144 jacet
2044 5097 2058 5142 ;
2087 5083 2177 5148 qui

646 5154 1289 5231 confitetur,surgit[Cod.
1307 5159 1419 5215 Sal.
1448 5163 1665 5235 surget].
1692 5165 1789 5230 Qui
1814 5169 2174 5233 pomitentiam

644 5247 780 5315 agit.
828 5250 1108 5304 revertitur
1152 5252 1218 5307 ad
1265 5260 1470 5320 patrem
1512 5269 1692 5317 suum,
1744 5257 1881 5310 sicut
1926 5259 2177 5327 prodigus

646 5333 781 5389 (ilius
805 5334 855 5389 in
883 5333 1163 5403 Evangeiio
1187 5339 1378 5406 legitur
1404 5340 1628 5397 dixisse:
1660 5343 1901 5411 Surgam,
1928 5353 1974 5396 et
2000 5345 2081 5396 ibo
2106 5347 2172 5399 ad

644 5431 837 5486 patrem
881 5438 1046 5475 meum
1066 5462 1079 5487 ,
1109 5435 1155 5477 et
1180 5426 1346 5479 dicam
1374 5430 1421 5481 ei
1450 5445 1466 5480 :
1492 5430 1667 5497 pater!
1690 5433 1886 5497 peccari
1910 5432 1963 5485 in
1991 5431 2171 5486 citium

2283 4540 2379 4592 stri
2408 4537 2531 4594 Iesu
2560 4539 2779 4608 Christi.
2807 4540 3016 4593 Etcum
3043 4540 3330 4608 gratiarum
3370 4541 3592 4594 actione
3618 4552 3828 4607 semper

2285 4639 2631 4688 rememorate
2678 4632 2939 4699 quomodo
2981 4645 3075 4682 vos
3125 4630 3298 4682 divina
3348 4628 3713 4683 misericordia
3761 4628 3827 4682 de

2287 4729 2426 4774 terra
2458 4722 2795 4774 tenebrarum
2822 4727 2876 4772 et
2902 4716 3146 4786 frigoris,
3178 4718 3242 4771 de
3268 4719 3479 4785 regione
3516 4717 3826 4787 ignorantia

2276 4817 2331 4863 ct
2360 4809 2649 4877 iniquitatis
2669 4848 2682 4871 ,
2724 4807 2989 4860 transtulit
3028 4807 3078 4860 in
3108 4807 3222 4862 loca
3261 4808 3395 4863 lucis
3419 4816 3473 4861 et
3512 4808 3709 4862 laetitia!
3728 4848 3742 4871 ,
3772 4808 3825 4861 in

2277 4898 2616 4951 tabernacula
2642 4897 2972 4951 abundantia:
2995 4906 3049 4949 et
3066 4895 3285 4961 justitia:
3308 4914 3321 4948 :
3350 4906 3404 4950 ct
3427 4896 3586 4965 elegit
3608 4908 3702 4949 vos
3724 4896 3823 4948 sibi

2277 4989 2327 5041 in
2370 4987 2507 5042 filios
2546 4991 2740 5055 pietate
2787 4984 3041 5056 paterna;
3080 4993 3140 5038 ut
3177 4999 3273 5053 per
3312 5000 3410 5038 vos
3447 4998 3639 5040 nomen
3683 4983 3827 5037 illius

2277 5078 2552 5131 nuntietur
2576 5074 2919 5145 ingentibus.
2945 5074 3239 5143 Scauimini
3269 5074 3494 5142 yestigia
3518 5080 3823 5135 sanctorum

2279 5166 2513 5225 Patrum,
2532 5176 2585 5219 et
2610 5168 2772 5219 nolite
2801 5166 2849 5219 in
2873 5169 3147 5221 eatholiete
3177 5166 3297 5219 fidei
3324 5166 3631 5235 religionem
3657 5177 3824 5222 novas

2279 5258 2526 5311 inducere
2563 5266 2759 5312 sectas.
2798 5258 2991 5314 Cavete
3030 5258 3180 5309 vobis
3221 5272 3541 5318 venenesurn
3581 5255 3823 5309 erratica

2277 5344 2578 5399 infectionis
2606 5346 2921 5403 fermentum
2945 5361 2960 5397 :
2990 5346 3085 5405 sed
3108 5346 3161 5399 in
3190 5345 3495 5407 sinceritate
3520 5351 3575 5402 et
3600 5343 3825 5401 veritate

2276 5436 2649 5491 mundissimos
2674 5450 2839 5491 sacrsc
2870 5436 2987 5489 fidei
3016 5451 3179 5504 panes
3206 5435 3489 5491 comedim:
3527 5443 3581 5490 et
3608 5435 3785 5489 viuum
3803 5471 3823 5497 ,

718 5564 747 5595 ι
784 5552 1215 5632 Sacramentario.
1257 5557 1338 5611 An
1383 5558 1438 5615 S.
1487 5558 1721 5629 Gregorii
1767 5561 1937 5631 Magni
1998 5562 2485 5617 Sacramentarium
2522 5564 2790 5632 intelligit,
2857 5565 2907 5615 in
2973 5579 3074 5630 quo
3124 5561 3564 5617 reconciliationis
3623 5560 3823 5618 oratio-

648 5635 741 5677 nes
768 5624 1015 5674 exstant?
1042 5623 1220 5679 Carus.
