4226 6208
563 376 666 434 διδ

1421 373 1480 425 Β.
1514 375 1573 428 F.
1610 374 1835 459 ALBINI
1874 376 2000 431 SEU
2038 376 2311 432 ALCUINI
2348 379 2626 436 OPERUM
2663 383 2840 440 PARS
2875 383 2913 440 Ι.

3672 390 3774 445 3M

562 489 745 553 tetris,
781 496 839 541 ut
876 478 1114 550 :estimo,
1139 462 1402 555 exemptis
1429 486 1680 555 pertldize,
1709 488 1965 541 unitatem
1990 502 2114 541 san-
2143 492 2186 548 Α
2215 488 2465 545 Ecclesiis
2491 491 2710 547 Christi.
2744 494 2801 549 Si
2846 512 2907 550 ea
2936 496 3203 553 voluntate
3245 500 3405 555 vadas
3428 516 3533 569 qua
3559 503 3611 555 iu
3638 497 3777 561 litte-

564 586 668 634 etc
690 584 745 631 et
773 577 1049 632 catholica:
1092 576 1374 641 Ecclesize,
1412 584 1464 630 et
1503 576 1779 630 veritatem
1809 576 2122 632 universalis

569 668 692 725 ﬁdei
715 670 877 739 aliqui
906 670 1189 724 vulnerare
1217 670 1463 735 nitentes,
1495 670 1657 723 etiam
1683 679 1737 723 et
1765 670 2122 739 spurcissimis

569 773 810 813 errorum
840 756 1060 814 fascibus
1082 758 1443 826 limpidissima
1469 758 1842 813 ecclesiastica:
1880 756 1998 812 ﬁdei
2029 773 2123 828 po-

568 850 684 905 cula
714 850 975 915 inﬁciunt.
1005 859 1059 906 et
1084 851 1319 920 nuptiale
1355 852 1570 917 vinum,
1598 853 1738 921 quod
1777 852 2021 906 Christus
2056 868 2121 905 ex

570 954 707 1009 aqua
732 941 938 1011 Virgini
962 940 1117 997 latri
1144 940 1323 1013 (Joan.
1355 958 1415 1006 tt,
1442 943 1516 996 5ο
1534 941 1620 1011 9),
1650 941 1900 996 Ecclesia:
1921 942 2123 996 scilicet

566 1037 785 1094 sancte,
824 1030 1110 1086 salubriter
1152 1032 1444 1101 potandum
1494 1031 1785 1096 convertit,
1832 1031 2021 1086 iterum
2069 1032 2123 1084 in

566 1134 734 1188 aquas
776 1120 1017 1176 stultitia:
1043 1122 1282 1176 converti
1314 1129 1591 1176 conantur.
1624 1119 1729 1175 Sed
1770 1128 1920 1174 tuum
1950 1131 2064 1184 est,
2090 1136 2123 1174 ο

566 1219 748 1281 pastor
770 1212 938 1267 electe
962 1214 1159 1282 gregis,
1181 1223 1233 1268 et
1256 1222 1436 1268 custos
1457 1195 1732 1282 portarum
1754 1213 1984 1267 civitatis
2006 1214 2120 1278 Dei,

566 1303 658 1371 qui
681 1304 883 1357 clavem
914 1305 1149 1363 scientim
1176 1314 1390 1374 potente
1425 1305 1640 1358 dextera
1676 1311 1849 1366 tenes,
1882 1314 1936 1358 et
1964 1305 2119 1373 quiu-

564 1408 671 1462 que
692 1384 1305 1463 lapideslimpidissimos
1325 1394 1454 1448 lazva
1479 1394 1745 1457 recondis,
1762 1393 2125 1462 blaspheman-

563 1492 647 1537 tes
671 1484 965 1539 exercitum
988 1484 1080 1537 Dei
1103 1485 1330 1538 viventis
1353 1483 1646 1537 Philistreos
1668 1484 1720 1536 in
1744 1484 2123 1551 superbissimo

560 1573 773 1629 Goliath
789 1591 894 1629 uno
909 1576 1151 1629 veritatis
1168 1578 1275 1629 ictu
1295 1584 1435 1629 totos
1450 1583 1727 1629 conterere
1752 1575 1800 1645 (1
1822 1574 1945 1644 Reg.
1966 1574 2117 1643 xvii).

567 1663 816 1720 Nostrum
845 1675 925 1720 est
953 1665 1172 1721 elevatis
1199 1682 1321 1719 cum
1348 1664 1526 1735 Moyse
1558 1665 1803 1719 manibus
1827 1665 1878 1717 in
1905 1665 2118 1725 omium,

564 1754 878 1809 humilitatis
903 1756 1150 1823 precibus
1189 1764 1241 1809 te
1278 1754 1527 1822 adjuvare
1553 1752 1745 1824 (Exod.
1780 1769 1919 1815 xvu,
1954 1752 2121 1821 ti)'et

566 1855 808 1915 spectare
843 1862 963 1901 cum
1008 1848 1173 1901 David
1211 1848 1265 1901 in
1295 1838 1911 1901 munitissitna'civitatis
1948 1853 2118 1908 turre,

564 1935 732 1990 donec
758 1936 1058 2005 speculator
1084 1951 1149 1991 ex
1179 1937 1287 1993 alto
1314 1938 1561 1991 culminis
1588 1936 1809 2004 fastigio
1842 1936 2121 1991 clamitans

563 2026 719 2080 nobis
749 2034 893 2079 tuam
934 2027 1215 2081 annuntiet
1244 2027 1521 2082 victoriam
1553 2026 1649 2097 (11
1690 2025 1817 2095 Reg.
1857 2042 1987 2079 xvttt
2009 2066 2023 2089 ,
2052 2026 2122 2079 24

564 2114 717 2183 seq.).
751 2113 831 2167 Ad
866 2123 919 2167 te
941 2115 1177 2169 omnium
1221 2117 1485 2183 aspiciunt
1512 2116 1673 2179 oculi,
1710 2115 1909 2184 aliquid
1937 2114 2003 2169 de
2031 2124 2121 2168 tuo

565 2196 966 2258 alliuentissimo
992 2204 1203 2273 eloquio
1235 2206 1453 2261 caeleste
1494 2205 1857 2260 desiderantes
1899 2206 2119 2269 audire;

564 2304 621 2351 et
646 2295 1038 2352 ferventissimo
1063 2298 1337 2364 sapientia:
1364 2295 1493 2359 sole,
1521 2296 1889 2363 frigidissimos
1914 2295 2125 2363 grandi-

474 2392 479 2396 ’
568 2398 697 2437 num
735 2384 965 2453 lapides,
1014 2384 1106 2453 qui
1148 2384 1379 2437 culmina
1414 2384 1788 2452 sapientissimi
1827 2382 2125 2436 Salomonis

565 2473 726 2528 ferire
754 2488 867 2536 non,
882 2482 1255 2542 metuunt,per
1276 2482 1324 2526 te
1344 2474 1499 2527 citius
1523 2473 1714 2527 resolvi
1735 2481 2122 2545 exspectantes.

565 2558 645 2615 Tu
668 2575 797 2616 vero
824 2561 1035 2617 (lucerna
1073 2562 1261 2615 ardens
1289 2572 1335 2615 et
1366 2560 1540 2614 lucens
1566 2560 1744 2631 (Joan.
1775 2577 1827 2622 v,
1859 2559 1947 2630 55)
1973 2576 1986 2623 ;
2028 2574 2125 2612 nos

561 2651 615 2704 in
639 2659 727 2707 tua
754 2652 871 2706 luce
894 2652 1163 2706 exsultare
1188 2653 1510 2722 gaudemus,
1540 2659 1601 2703 ut
1632 2659 1683 2703 te
1712 2650 1922 2705 lucente
1947 2658 2001 2703 et
2031 2650 2125 2703 du-

559 2752 714 2798 cente
738 2744 807 2798 ad
830 2743 1034 2806 lumen,
1064 2744 1201 2813 quod
1231 2730 1491 2795 illuminat
1519 2757 1719 2795 omnem
1747 2741 2003 2793 hominem
2042 2756 2122 2793 ve—

564 2832 785 2885 nientem
818 2834 871 2885 in
916 2833 1053 2886 hunc
1099 2832 1348 2885 mundum
1402 2830 1594 2901 (Joan.
1642 2846 1691 2892 ι,
1735 2829 1835 2893 9),
1888 2828 2123 2897 ejusdem

561 2928 777 2975 ctenim
801 2918 933 2975 lucis
957 2921 1126 2990 gratia
1144 2919 1456 2987 radjuvante,
1496 2918 1775 2987 pervenire
1795 2932 2121 2973 mereamur.

994 3045 1035 3072 ιι
1076 3030 1405 3086 EPISTOLA
1442 3030 1600 3084 CXIV
1630 3030 1696 3081 b.-

866 3157 932 3195 AD
970 3154 1323 3194 BDILBARDL'I
1364 3154 1809 3192 ARCHIEPISCOPUI
1819 3178 1831 3189 .

1171 3246 1346 3318 (Anno
1376 3246 1524 3317 800.)

567 3336 771 3393 Laudat
800 3336 947 3391 illum
974 3338 1035 3391 ab
1058 3347 1357 3391 conventum
1379 3354 1494 3390 cum
1522 3335 1792 3406 Eanbaldo
1821 3353 1914 3406 pro
1934 3340 2127 3402 honore

633 3406 987 3461 Ecclesian
1007 3416 1054 3460 et
1074 3406 1200 3459 cieri
1225 3405 1898 3473 reformatione.Suadetut
1928 3408 2028 3460 cito
2058 3409 2125 3461 ad

631 3492 832 3545 gregem
850 3486 1060 3544 peracta
1090 3473 1342 3543 legatione
1363 3483 1679 3535 reuertatur;
1702 3475 1854 3527 mittit
1876 3475 2057 3527 sellam
2080 3486 2126 3529 et

641 3543 897 3597 ca6allum
918 3560 1091 3597 suum.

638 3649 987 3706 Sanctissimo
1010 3651 1156 3707 Patri
1186 3661 1238 3707 et
1268 3652 1321 3707 in
1352 3653 1606 3708 membris
1632 3652 1829 3708 Christi
1860 3654 2012 3709 valde
2040 3669 2129 3709 ve-

570 3739 806 3797 nerando
835 3741 1150 3799 [Edilhardo
1173 3744 1575 3814 archiepiscopo
1599 3743 1851 3799 Alcuinus
1877 3745 2131 3800 diaconus

570 3830 625 3883 In
651 3831 849 3887 Christi
877 3833 1140 3887 charitate
1170 3834 1415 3887 salutem.

639 3917 874 3972 Audiens
895 3918 1116 3974 salutem
1138 3927 1192 3974 et
1218 3922 1627 3991 prosperitatem
1648 3931 1902 3985 vestram,
1930 3931 1984 3976 et
2005 3937 2132 3977 oon-

570 4014 787 4061 ventum
814 4022 935 4061 cum
966 4006 1076 4061 tilio
1096 4024 1215 4063 meo
1237 4010 1473 4064 Enbaldo
1496 4009 1663 4082 [Leg.,
1680 4010 1973 4083 Eanbaldo]
1996 4011 2133 4066 Ebo-

572 4096 780 4152 racensi
824 4098 1105 4169 episeopo,
1158 4101 1288 4154 satis
1340 4101 1466 4154 mihi
1504 4102 1740 4170 placuit;
1796 4118 2019 4171 sperans
2066 4118 2133 4156 ex

566 4195 761 4241 vestra
783 4187 1083 4242 sanctitatis
1100 4188 1359 4259 colloquio
1371 4189 1729 4245 Ecclesiarum
1755 4192 1950 4259 Christi
1974 4193 2135 4246 hono-

574 4287 661 4329 res
682 4275 928 4339 exaltari,
965 4286 1019 4331 et
1038 4277 1145 4332 Deo
1166 4279 1219 4331 in
1250 4278 1327 4332 eis
1352 4280 1698 4333 servientium
1723 4279 1888 4333 vitam
1916 4280 2133 4348 corrigi,

573 4375 694 4431 qua:
722 4377 911 4431 magna
938 4378 1006 4417 ex
1027 4375 1181 4433 parte
1204 4367 1293 4419 diu
1321 4375 1571 4435 corrupta
1599 4368 1774 4430 viluit,
1802 4376 1857 4421 et
1878 4382 2013 4436 pene
2042 4368 2136 4420 lai-

575 4466 759 4507 corum
796 4452 1030 4505 vanitate
1056 4463 1328 4522 comquata
1356 4463 1457 4515 est,
1482 4455 1553 4506 ita
1578 4461 1636 4508 ut
1660 4461 1878 4508 tonsura
1904 4462 2135 4509 tantum-

578 4542 734 4595 modo
763 4540 995 4595 discreta
1018 4541 1261 4596 videatur
1288 4541 1442 4614 [Ms.,
1471 4542 1720 4616 videtur],
1749 4554 2000 4599 caeterum
2024 4560 2139 4599 mo—

574 4630 721 4683 ribus
751 4630 915 4683 multa
962 4645 1026 4684 ex
1054 4639 1210 4701 parte
1239 4632 1549 4697 consimilis,
1579 4647 1670 4687 seu
1709 4634 1763 4687 in
1789 4634 2137 4688 vestimento-

576 4732 696 4770 rum
723 4718 958 4773 vanitate
996 4728 1050 4773 et
1092 4722 1418 4787 arrogantia,
1458 4730 1512 4775 et
1557 4722 1917 4777 conviviorum
1952 4737 2138 4792 super-

575 4805 796 4871 fluitate,
828 4815 885 4860 et
925 4808 1046 4861 aliis
1079 4810 1238 4861 rebus
1265 4824 1385 4877 qua:
1424 4818 1600 4863 vestra
1630 4819 1814 4864 sancta
1872 4815 2140 4881 sagacitas

574 4897 775 4966 optime
824 4897 988 4951 novit.
1036 4895 1157 4951 Ideo
1201 4896 1346 4951 suasi
1392 4896 1511 4951 aliis
1559 4885 1856 4951 liiterarum
1902 4912 2139 4954 mearum

577 4986 819 5056 apicibus
846 4987 1118 5041 sanctitati
1145 4997 1355 5050 vestrm,
1383 5002 1700 5056 permanere
1732 4987 1785 5041 in
1812 4989 2007 5057 patria,
2045 5005 2141 5044 no-

578 5074 691 5129 lens
715 5075 891 5131 lumen
926 5075 1219 5130 Britannia:
1238 5078 1525 5146 exstingui,
1548 5093 1646 5132 nec
1681 5079 1861 5133 tubam
1900 5080 2142 5135 veritatis

578 5172 787 5229 tacere;
820 5166 912 5219 sed
940 5164 1259 5223 factumiiat
1283 5167 1429 5235 quod
1448 5162 1558 5222 Deo
1582 5167 1791 5237 placeat
1820 5180 1874 5225 et
1897 5172 2143 5241 proficiat

650 5326 677 5387 ξ
702 5313 931 5387 [νίψω.
961 5320 1114 5387 epist.
1148 5321 1268 5375 173.
2114 5354 2118 5358 ·
2166 5383 2169 5386 ἠ

648 5384 1149 5461 {Hujusfpistoke
1175 5389 1529 5461 fragmentum
1564 5391 1812 5461 superius
1836 5392 1955 5447 dedi
1981 5395 2138 5461 epist.

651 5400 678 5425 ν
706 5400 873 5456 rtujus
968 5400 1135 5442 istane
1175 5400 1529 5461 fragmentum
1564 5400 1812 5461 superius
1836 5400 1955 5447 dedi
1981 5400 2138 5461 epist.

580 5450 652 5537 92
677 5450 841 5537 (nunc
869 5400 980 5537 ἧς.
1005 5469 1073 5537 ex
1101 5456 1580 5537 lalmesburiensi,
1608 5476 1727 5537 qua;
1753 5461 2143 5537 nuncfeliciter

583 5522 795 5600 inventa
838 5522 1171 5600 estjntegra
1213 5525 1268 5581 in
1311 5530 1428 5600 eod.
1479 5522 1583 5587 ms.
1611 5522 1739 5585 bibl.
1792 5529 2138 5587 Harleiensis.

585 5588 716 5669 Vide
732 5607 852 5669 qua:
873 5594 1067 5669 ibidem
1080 5588 1485 5669 adnotavimus;
1511 5600 1599 5655 ubi
1628 5609 1805 5669 tamen
1834 5614 2005 5665 annus
2021 5616 2142 5658 eor-

588 5663 866 5735 rigeadus,
883 5671 937 5719 et
964 5664 1077 5721 haec
1102 5663 1329 5735 epistola
1356 5666 1422 5719 ad
1450 5682 1648 5723 annum
1694 5667 1799 5723 800
1844 5664 2140 5727 reducenda

590 5725 795 5783 Videtur
818 5725 887 5785 ob
910 5747 970 5787 ea
993 5749 1113 5805 qua:
1137 5725 1455 5789 adnotamus
1480 5735 1532 5790 in
1556 5737 1711 5807 epist.
1743 5736 1843 5792 H6
1870 5746 1925 5795 et
1946 5725 2065 5794 ll‘l.

2219 578 2295 647 ris
2323 579 2667 636 beatitudinis
2707 594 2812 639 ture
2855 584 3116 656 legebam,
3148 590 3346 658 optime
3391 589 3520 643 mihi
3568 589 3779 659 placere

2218 666 2411 733 fateor,
2432 671 2479 724 si
2498 679 2673 727 tamen
2699 673 2958 742 invenias,
2972 678 3063 746 qui
3084 686 3317 733 vestrum
3341 679 3539 734 bouum
3561 679 3779 749 impleat

2219 762 2561 818 desiderium.
2700 764 2709 775 '

2290 875 2594 939 Revertere.
2630 889 2918 945 revertere,
2946 882 3105 936 Pater
3126 893 3330 948 sancte,
3366 894 3582 954 peracta
3608 892 3780 954 pieta-

2221 964 2289 1018 tis
2314 963 2593 1033 legatione,
2622 968 2688 1021 ad
2718 983 2845 1022 oves
2881 971 3137 1038 perditas,
3169 986 3234 1025 ne
3269 988 3395 1042 grex
3429 972 3545 1027 sine
3567 980 3780 1041 pastore
3846 1018 3860 1025 -

2220 1069 2316 1123 per
2337 1057 2541 1125 spineta
2568 1059 2819 1130 vitiorum
2845 1066 3099 1115 corruens
3125 1069 3287 1127 erret,
3329 1062 3418 1130 qui
3451 1062 3540 1116 vix
3568 1071 3780 1133 pastore
3858 1107 3867 1117 ,

2220 1152 2479 1215 praesente
2497 1147 2700 1215 corrigi
2744 1148 2936 1217 potuit.
2978 1149 3129 1203 Sicut
3152 1151 3256 1204 duo
3285 1150 3424 1205 oculi
3455 1151 3507 1204 in
3534 1165 3780 1219 corpore,

2220 1233 2299 1288 sic
2321 1248 2417 1287 vos
2437 1233 2569 1287 duos
2595 1233 2744 1305 [Ms.,
2767 1235 2894 1308 duo]
2920 1252 3016 1306 per
3043 1238 3205 1293 totius
3234 1238 3522 1294 Britanniae
3542 1238 3779 1293 latitudi-

2221 1339 2341 1378 nem
2373 1323 2549 1378 lucere
2576 1326 2739 1379 credo
2776 1334 2935 1392 atque
2969 1337 3132 1397 opto:
3165 1329 3271 1383 noli
3317 1330 3559 1384 dextrum
3597 1330 3781 1400 patria:

2221 1414 2535 1468 subtrahere
2548 1414 2781 1468 oculum.
2811 1409 3075 1472 Memento
3096 1418 3458 1473 sanctissimos
3478 1429 3780 1475 antecesso-

2222 1519 2308 1556 res
2338 1513 2477 1567 tuos,
2512 1504 2699 1560 Patres
2740 1515 2795 1559 et
2841 1518 3087 1575 pastores
3124 1516 3354 1572 nostros,
3378 1506 3494 1577 qua
3526 1510 3783 1564 sollicitu-

2222 1590 2344 1642 dine
2389 1589 2764 1646 laboraverunt
2811 1592 2863 1646 in
2893 1596 3054 1661 verbo
3092 1591 3184 1648 Dei
3218 1604 3271 1649 et
3301 1596 3353 1648 in
3396 1594 3565 1650 salute
3605 1596 3784 1666 populi

2221 1676 2531 1743 Christiani,
2556 1689 2614 1733 ut
2638 1680 2847 1736 illorui'n
2876 1695 3103 1751 sequens
3127 1684 3349 1754 vestigia
3368 1700 3555 1740 eorum
3581 1700 3815 1757 merea-I

2224 1767 2298 1821 ris
2327 1769 2597 1822 consortio
2618 1768 2723 1823 frui
2750 1771 2801 1823 in
2826 1771 3027 1825 cmlesti
3056 1770 3243 1837 gloria.

2293 1878 2352 1934 Si
2377 1895 2502 1935 vero
2532 1881 2599 1935 ad
2622 1882 2873 1937 domuum
2903 1899 3081 1952 regem
3113 1886 3414 1955 pervenias,
3443 1887 3668 1941 admone
3695 1900 3787 1939 so-

2219 1968 2333 2022 cios
2373 1977 2512 2033 tuos,
2545 1970 2883 2040 maximeque
2912 1974 3155 2037 clericos,
3186 1984 3246 2029 ut
3283 1974 3573 2031 honoriﬁce
3615 1989 3674 2029 se
3699 1975 3769 2030 ob

2222 2068 2436 2113 servent
2461 2061 2513 2113 in
2537 2061 2681 2113 omni
2710 2061 2962 2133 religione
2982 2073 3184 2132 sancta,
3219 2067 3273 2119 in
3304 2066 3637 2120 vestimentis
3656 2074 3713 2119 ct
3734 2065 3787 2117 in

2222 2152 2407 2205 ordine
2434 2152 2813 2215 ecclesiastico,
2862 2162 2921 2207 ut
2966 2156 3126 2209 totius
3163 2157 3440 2220 bonitatis,
3484 2156 3789 2225 ubicunque

2222 2241 2405 2304 vadas,
2430 2256 2637 2311 semper
2658 2243 2929 2313 relinquas
2945 2247 3267 2316 exemplum.
3290 2247 3520 2303 Prohibe
3540 2263 3635 2302 eos
3655 2262 3791 2302 auro

2223 2330 2307 2385 vel
2335 2333 2520 2399 sericis
2565 2334 2641 2385 uti
2682 2335 3017 2390 vestimentis
3042 2348 3063 2374 ε
3107 2336 3160 2389 in
3186 2348 3473 2407 conspectu
3500 2338 3680 2392 domui
3707 2353 3789 2392 re-

2223 2421 2335 2492 gis;
2361 2423 2453 2475 sed
2477 2422 2663 2475 humili
2688 2423 2871 2476 habitu
2895 2424 3162 2487 incedant,
3191 2427 3480 2481 secundum
3508 2435 3790 2481 consuetu-

2224 2510 2402 2563 dinem
2451 2526 2725 2565 servorum
2774 2512 2895 2577 Dei;
2936 2522 2991 2567 et
3034 2529 3129 2582 per
3152 2515 3329 2569 omnia
3370 2516 3485 2571 loca
3510 2532 3631 2583 cum
3661 2531 3791 2584 pace

2222 2598 2387 2651 vadas
2421 2607 2477 2651 et
2504 2600 2905 2653 conversatione
2935 2601 3155 2656 honesta
3200 2604 3412 2674 cognito
3440 2605 3535 2659 tibi
3567 2619 3718 2659 more
3735 2617 3790 2658 et

2224 2692 2605 2745 consuetudine
2632 2692 2792 2762 hujus
2811 2695 3003 2761 gentis.

2268 2802 2411 2857 ,Misi
2440 2804 2556 2865 tibi,
2603 2804 2742 2858 sicut
2776 2804 3105 2860 demandasti
3141 2807 3290 2870 mihi,
3321 2807 3526 2870 sellam,
3561 2823 3662 2877 qua
3690 2820 3791 2878 ego

2225 2890 2541 2946 caballicare
2590 2892 2779 2969 solitus
2834 2908 2978 2958 sum,
3021 2895 3099 2948 sic
3147 2904 3409 2963 paratam,
3454 2898 3594 2951 sicut
3621 2897 3794 2952 solent

2224 2972 2573 3036 ecclesiarum
2604 2990 2847 3058 pastores
2888 2982 2941 3035 iu
2971 2983 3071 3037 hac
3104 2985 3320 3053 regione
3357 2985 3581 3050 habere;
3613 2986 3795 3040 cabal-

2226 3072 2338 3125 lum
2364 3086 2593 3140 quoque,
2622 3070 2712 3140 qui
2738 3080 2978 3140 portaret
2996 3073 3204 3134 sellam,
3225 3089 3422 3142 vosque
3446 3076 3797 3143 superseden-

2148 3140 2195 3203 (ἶ
2224 3172 2322 3223 tes,
2348 3160 2393 3214 si
2418 3160 2625 3241 placeat
2646 3161 2831 3229 pietati
2852 3168 3059 3216 vestrm.
3092 3162 3118 3201 ἀ
3148 3140 3377 3216 Puerum
3401 3140 3577 3217 meum
3598 3163 3793 3227 direxi,

2225 3256 2286 3300 nt
2311 3248 2481 3299 nostri
2524 3247 2816 3301 honoriﬁce
2845 3246 2940 3303 vos
2974 3249 3289 3318 suscipiant,
3319 3252 3611 3305 secundum
3651 3251 3794 3321 quod

2226 3335 2453 3388 habeam
2482 3334 2809 3401 facultatem,
2838 3343 2893 3390 et
2915 3345 3108 3392 vestra:
3133 3339 3432 3392 sanctitatis
3454 3337 3627 3406 iussio
3669 3338 3794 3403 ﬁat;

2225 3438 2325 3495 per
2346 3440 2505 3493 quem
2547 3433 2699 3493 potes
2743 3427 2872 3481 mihi
2918 3428 3240 3497 demandare
3289 3430 3480 3483 iterum
3513 3429 3706 3483 litteris
3731 3429 3798 3483 de

2228 3514 2420 3569 itinere
2462 3516 2662 3579 vestro,
2693 3524 2869 3570 utrum
2916 3518 2985 3571 ad
3016 3520 3259 3572 sanctum
3300 3519 3582 3573 Martinum
3612 3528 3795 3590 prote-
3820 3580 3837 3592 ,

2229 3612 2432 3658 ctorem
2461 3613 2701 3657 nostrum
2728 3612 2782 3659 et
2809 3606 3213 3661 intercessorem
3238 3617 3473 3662 vestrum
3500 3619 3675 3663 vestra
3704 3610 3800 3664 bo-

2231 3696 2371 3750 nitas
2405 3696 2457 3748 in
2506 3696 2821 3750 revertendo
2864 3697 3047 3751 venire
3088 3699 3301 3768 cogitet.
3344 3700 3663 3769 Prosperum
3693 3700 3799 3754 iter

2229 3785 2382 3839 vobis
2406 3784 2566 3839 faciat
2594 3786 2761 3848 Deus;
2792 3787 3082 3856 angeloque
3106 3789 3220 3855 ejus
3248 3791 3539 3843 comitante
3565 3788 3799 3859 Spiritus

2196 3905 2203 3912 -
2227 3884 2449 3928 sanctus
2470 3888 2725 3941 prospere
2747 3890 2844 3931 vos
2871 3877 3032 3929 ducat
3063 3885 3224 3945 atque
3243 3877 3496 3941 reducat;
3525 3886 3580 3931 et
3604 3878 3799 3931 multos

2232 3962 2395 4018 faciat
2412 3962 2639 4017 feliciter
2660 3979 2827 4017 annos
2853 3965 2906 4018 in
2936 3974 3116 4019 sancta
3139 3966 3395 4035 prolicere
3421 3967 3799 4036 prtedicatione

2216 4058 2299 4119 .ad
2323 4057 2545 4111 salutem
2571 4057 2877 4120 multorum;
2900 4066 2953 4111 et
2971 4068 3310 4128 augmentum
3332 4060 3594 4113 mercedis
3608 4068 3803 4113 vestrm

2235 4148 2288 4201 in
2338 4156 2536 4200 aeterna
2584 4146 2749 4215 gloria
2775 4187 2789 4209 ,
2844 4147 3146 4201 dulcissime
3205 4156 3260 4201 et
3312 4147 3801 4213 desiderantissime

2236 4236 2425 4290 Pater!
2486 4234 2508 4275 ’-
2980 4257 2985 4262 ’

2303 4347 2369 4402 ln'
2392 4347 2497 4402 fine
2543 4361 2673 4401 vero
2717 4347 2875 4413 hujus
2907 4348 3161 4402 chartula:
3197 4348 3452 4415 deprecor
3485 4346 3798 4400 charitatem

2236 4444 2471 4491 vestram
2507 4445 2565 4489 ut
2607 4436 2711 4490 mei
2741 4436 2971 4489 nominis
2991 4434 3233 4489 habeatis
3262 4435 3572 4489 memoriam
3597 4433 3647 4486 in
3676 4448 3802 4487 san-

2240 4529 2340 4583 etis
2358 4528 2689 4583 orationibus
2706 4528 2921 4591 vestris,
2946 4528 3085 4582 sicut
3105 4527 3296 4596 saepius
3320 4527 3499 4596 rogavi
3521 4534 3803 4593 vestraque

2237 4618 2482 4686 promisit
2525 4618 2983 4687 benignitasrsed
3029 4616 3185 4670 modo
3231 4618 3463 4671 maxime
3496 4617 3718 4691 obsecro
3742 4622 3803 4668 ut

2238 4704 2375 4773 apud
2421 4716 2634 4760 sanctos
2674 4706 2941 4774 apostolos
2977 4714 3029 4759 et
3071 4714 3335 4772 martyres
3354 4704 3551 4757 Christi
3575 4703 3678 4757 mei
3703 4701 3801 4755 ha-

2238 4791 2409 4846 beatis
2429 4794 2763 4854 memoriam,
2796 4794 2934 4846 sicut
2963 4792 3098 4862 apud
3127 4801 3367 4846 sanctum
3396 4790 3677 4845 Martinum
3706 4804 3797 4844 ve-

2240 4882 2333 4934 stri
2370 4881 2569 4934 habere
2602 4881 2755 4934 dulce
2779 4881 3056 4935 habemus.

2950 5119 3074 5133 ὑ-

2313 5350 2333 5377 ε
2373 5339 2538 5408 Hujus
2585 5339 2963 5397 admonitionis
3009 5340 3324 5396 Edilhardo
3364 5341 3519 5398 facta:
3561 5341 3805 5398 meminit

2242 5407 2831 5493 Malmesburiensii-tig.
2860 5410 3223 5493 iReg.n{\ngl.,
3244 5426 3364 5493 cap.
3390 5413 3453 5493 ιη
3474 5410 3624 5493 cujus
3640 5411 3805 5467 verba

2241 5477 2486 5585 superius
2512 5479 2673 5548 epist.
2704 5478 2773 5533 63
2799 5480 2961 5550 (nunc
2982 5477 3093 5560 i8),
3124 5477 3190 5561 in.
3212 5477 3365 5562 notis.
3380 5477 3679 5539 retulimus.

2368 5544 2594 5600 Puerum
2642 5564 2813 5601 meum
2860 5549 3046 5603 direxi.
3093 5546 3191 5613 Qllt
3232 5548 3550 5602 ﬁdit/nardo
3573 5547 3714 5613 apud
3741 5546 3801 5601 S.

2309 5564 2336 5585 ιι
2368 5564 2594 5600 meum
2642 5564 2813 5601 meum
2860 5564 3046 5603 aurea.
3093 5564 3191 5613 um
3232 5564 3550 5602 luminat-ao
3573 5564 3714 5618 apud
3741 5564 3801 5601 δ.

2240 5613 2496 5698 Judaeum
2514 5616 3274 5698 .ocrurrittihumquenibidem
3302 5616 3529 5686 benigne
3550 5616 3801 5698 suscepit.

2241 5690 2399 5753 prout
2423 5685 2609 5740 scribit
2629 5686 2683 5739 in
2700 5684 3016 5769 Epistolaad
3033 5684 3382 5749 Eanbaldum,
3405 5684 3521 5755 qum
3540 5684 3798 5755 sequitur.
