4226 6194
418 352 517 409 549

1794 324 2165 397 summa.

3509 342 3613 395 550

414 460 733 518 orationibus
762 458 996 526 adjuves,
1021 467 1088 512 ut
1114 458 1167 511 in
1200 474 1262 511 ea
1288 457 1588 525 proﬁciam,
1621 456 1806 518 donec,
1842 454 1953 507 Deo
1980 460 2023 512 A
2051 453 2272 522 periculi
2299 462 2378 505 est
2404 452 2646 506 homines
2673 451 2941 508 offendere
2967 469 3123 523 quam
3153 455 3337 510 Deum.
3373 454 3429 510 Si
3455 471 3613 511 omne

413 553 694 621 dirigente,
733 559 921 603 curstrs
946 548 1068 602 vitae
1102 546 1324 601 meze'ad
1352 546 1643 615 perfectum
1679 543 1955 612 perveniat

410 641 585 697 ﬁnem.
616 640 723 696 Nec
739 654 881 695 mea:
905 638 1150 708 partitati
1175 653 1306 706 opus
1330 646 1431 700 est,
1463 636 1693 705 syllabas
1718 632 1955 693 admoni-

410 731 568 787 tionis
592 729 939 798 multiplicare
960 728 1075 790 tibi,
1099 742 1218 783 cum
1242 728 1438 788 omnia,
1461 725 1636 779 divina
1665 724 1953 793 inspirante

407 821 595 885 gratia,
619 829 674 873 et
692 819 891 888 optime
918 828 1234 884 cognoscere
1254 824 1309 868 et
1328 815 1515 868 melius
1534 812 1787 882 perﬁcere
1808 820 1952 863 tuam

400 907 527 961 novi
560 906 992 960 sublimissimam
1025 903 1388 967 sanctitatem;
1427 913 1482 956 et
1518 916 1581 955 ne
1617 915 1700 954 me
1726 900 1950 953 tacitur-

403 996 584 1049 nitatis
616 1010 764 1048 reum
793 1008 911 1047 esse
935 992 1076 1061 juste
1108 992 1411 1053 denotares,
1440 989 1725 1044 secundum
1753 1002 1951 1056 oppor-

407 1084 679 1139 tunitatem
708 1082 983 1151 portitoris
1019 1082 1218 1151 aliquid
1258 1081 1350 1134 tibi
1387 1080 1621 1136 scribere
1649 1078 1951 1133 dulcissima

404 1187 489 1227 me
513 1173 676 1226 vestri
701 1172 929 1227 nominis
956 1157 1097 1241 c'o'git
1122 1172 1377 1226 cbaritas.

472 1263 606 1319 ’,ΜΘ
640 1279 767 1318 vero
805 1264 907 1317 iter
940 1270 1127 1333 agente
1164 1260 1229 1315 de
1265 1260 1459 1334 palatio
1495 1270 1646 1314 sexto
1676 1260 1791 1316 Kal.
1821 1258 1945 1321 Iul.,

404 1338 589 1421 quarta
637 1351 821 1405 leuuca
864 1348 1059 1421 [leuca]
1096 1362 1125 1401 ιι
1170 1359 1351 1402 sancto
1399 1348 1638 1400 Amando
1664 1347 1767 1398 hin
1800 1362 1950 1398 man-

402 1440 645 1495 siuncula
671 1424 840 1496 sancti
867 1438 1081 1493 Martini
1108 1430 1311 1492 invenit
1334 1437 1503 1491 ﬁdelis
1523 1446 1697 1490 vester
1722 1435 1951 1489 famulus

405 1529 726 1592 Dominicus,
756 1537 1007 1599 utrasque
1035 1526 1236 1580 habens
1262 1541 1447 1579 manus
1471 1541 1690 1578 munere
1720 1524 1951 1578 Charita-

404 1623 471 1675 tis
503 1602 775 1689 impletas;
820 1619 1092 1673 dexteram
1138 1613 1401 1669 melliﬂuis
1438 1614 1733 1669 dilectionis
1760 1623 1952 1668 vestra:

404 1712 619 1776 litteris;
662 1710 931 1766 sinistram
967 1706 1161 1777 duplici
1194 1721 1469 1761 munerum
1506 1698 1951 1778 specie'gratissi-
1998 1700 2006 1713 “

2057 540 2399 595 homicidium
2427 540 2628 610 legibus
2654 542 2972 607 vindicatur,
3003 543 3140 613 quid
3155 543 3496 611 judicandum
3529 554 3614 600 est

2054 631 2081 670 ά
2099 633 2162 686 de
2186 648 2250 686 eo
2272 632 2557 685 homicidio
2576 634 2716 700 quod
2739 634 2789 685 in
2815 635 2905 687 tali
2928 650 3173 703 persona,
3200 643 3253 688 et
3278 636 3332 689 in
3357 636 3446 689 tali
3474 635 3613 701 loco,

2054 732 2106 776 et
2130 724 2183 775 in
2208 722 2298 775 tali
2329 734 2581 790 tempore,
2611 731 2717 776 tam
2742 724 2901 792 impie
2924 726 3315 795 crudeliterque
3335 735 3611 795 peractum

2053 812 2174 867 est?
2206 812 2389 866 Timeo
2417 826 2482 865 ne
2508 827 2538 863 a
2566 814 2785 881 paganis
2811 815 3128 884 quandoque
3158 816 3473 881 vindicetur,
3503 818 3546 871 si
3577 832 3609 872 ι

2052 901 2372 975 Christianis
2415 902 2544 957 ultio
2592 918 2696 956 non
2742 904 2845 957 erit
2892 903 2982 956 tali
3029 905 3297 974 impietate
3325 906 3605 975 condigna.

2052 990 2166 1044 Non
2191 1005 2288 1059 ego
2308 998 2482 1044 tamen
2508 1001 2734 1045 mortem
2760 991 2981 1059 alicujus
3002 995 3219 1057 suadeo,
3241 994 3449 1051 dicente
3471 996 3606 1048 Deo:

2055 1078 2192 1131 Nolo
2228 1090 2441 1132 mortem
2478 1082 2791 1150 peccatoris;
2830 1082 2917 1134 sed
2956 1091 3009 1136 ut
3049 1092 3374 1137 convertatur
3402 1092 3448 1141 et
3482 1086 3612 1137 rirat

2053 1168 2266 1236 (Ezecli.
2297 1185 2485 1233 χχχιιι,
2520 1170 2636 1239 Η);
2671 1172 2762 1226 sed
2792 1180 2849 1224 ut
2880 1172 3104 1240 sapienti
3132 1172 3360 1228 consilio.
3378 1174 3612 1232 vindicta

2054 1256 2143 1309 ﬁat
2170 1272 2265 1325 per
2292 1258 2393 1310 alia
2420 1272 2697 1325 pinnarum
2729 1274 2952 1326 genera,
2985 1260 3070 1316 vel
3098 1271 3414 1327 perpetuum
3437 1260 3612 1319 exsilii

2051 1344 2429 1409 damnatione,
2479 1354 2538 1398 ut
2579 1360 2765 1399 omnes
2807 1355 3159 1416 agnoscantp
3186 1346 3355 1403 zelum
3400 1349 3610 1403 Domini

2050 1434 2317 1501 principes
2351 1435 2525 1504 populi
2552 1434 2842 1491 Christiani
2871 1436 3097 1503 habere,
3139 1447 3192 1491 et
3221 1440 3502 1493 sacerdotii
3532 1440 3613 1493 di-

2050 1528 2224 1594 gnitas
2265 1526 2517 1581 inviolata
2556 1536 2899 1595 permaneat,
2937 1538 2993 1583 et
3019 1530 3185 1583 libera
3217 1532 3285 1585 sit
3312 1546 3410 1585 vox
3442 1531 3610 1586 corri-

2051 1615 2244 1684 gentis,
2277 1625 2330 1669 et
2356 1618 2691 1671 contumacia
2716 1616 3070 1686 colloquentis
3100 1618 3300 1689 [Forte,
3320 1620 3612 1688 obloquen-

2055 1705 2143 1777 tis]
2194 1722 2470 1775 oppressa.
2526 1706 2848 1763 Estimatur
2886 1717 3127 1777 etuaque
3179 1709 3300 1783 (sic)
3350 1721 3405 1764 ut
3452 1712 3611 1781 citius

406 1814 565 1853 niam.
594 1797 702 1852 Nec
726 1812 811 1850 me
837 1811 986 1851 mora
1010 1795 1183 1848 tenuit
1211 1794 1491 1855 tarditatis,
1524 1793 1650 1862 quin
1682 1793 1857 1846 minus
1885 1808 1946 1846 ea
1982 1782 2025 1837 η
2055 1797 2269 1850 ﬁniatur
2294 1813 2455 1852 causa
2486 1813 2605 1854 cum
2645 1790 2969 1863 Saxonibus,
2999 1800 3043 1853 si
3075 1808 3250 1854 tamen
3304 1801 3357 1854 in
3390 1802 3609 1855 menda-

404 1889 513 1957 ipsa
541 1888 643 1950 die,
673 1886 843 1941 accito
872 1886 1107 1947 notario,
1151 1891 1207 1937 ut
1246 1892 1347 1937 tua:
1371 1882 1659 1936 venerabili
1690 1882 1949 1937 voluntati

403 1976 780 2039 satisfacerem,
818 1977 981 2037 hanc,
1017 1990 1177 2041 quam
1212 1973 1372 2051 modo
1403 1988 1560 2026 manu
1592 1980 1757 2033 tenes,
1792 1973 1951 2026 char-

403 2071 564 2123 tulam
594 2068 929 2122 conscribere
951 2067 1113 2135 jussi;
1165 2073 1224 2118 ut
1265 2066 1562 2119 certissime
1604 2078 1950 2133 cognosceres

340 2169 355 2174 ’
402 2168 593 2230 quanta
633 2158 761 2212 mihi
799 2166 883 2211 est
920 2155 1187 2211 festinatio
1216 2156 1375 2209 vestri
1404 2154 1651 2208 desiderii
1687 2160 1949 2224 przecepta

402 2251 684 2320 complere.
724 2249 939 2307 Deinde,
974 2236 1032 2301 ut
1058 2248 1195 2301 scias
1222 2255 1418 2316 quanta
1450 2244 1812 2300 misericordia
1840 2261 1950 2298 me-

401 2354 517 2392 cum
565 2353 595 2391 a
642 2336 751 2389 Deo
793 2334 1140 2403 omnipotenti
1186 2342 1397 2403 peracta
1441 2341 1563 2398 est;
1619 2349 1742 2387 nam
1792 2334 1950 2388 rebus

400 2430 663 2506 omnibus,
710 2443 827 2496 qua:
871 2428 1029 2480 habui
1071 2442 1167 2497 per
1206 2426 1319 2480 loca
1363 2427 1602 2489 diversa,
1628 2437 1653 2481 ρ
1680 2425 1947 2492 adjutores

401 2519 525 2574 mihi
550 2533 616 2573 ex
643 2518 777 2571 meis
801 2516 1028 2587 propriis
1054 2514 1172 2568 ﬁliis
1199 2514 1330 2583 elegi
1359 2521 1622 2568 annuente
1650 2530 1747 2583 per
1769 2514 1947 2567 omnia

399 2604 815 2676 suggestionibus
839 2603 971 2655 meis
996 2601 1207 2655 domino
1236 2615 1351 2655 meo
1377 2594 1564 2671 David.

465 2698 541 2753 Tu
568 2711 692 2753 vero
726 2696 972 2766 prudenti
1008 2695 1229 2749 consilio
1265 2693 1539 2748 considera
1575 2694 1666 2747 Dei
1704 2694 1975 2762 omnipo-’

399 2786 556 2840 tentis
581 2786 902 2839 voluntatem
937 2791 989 2837 et
1023 2782 1279 2835 honorem
1312 2780 1510 2836 sancta:
1535 2780 1944 2846 Dei‘Ecclesiaz,

400 2881 457 2926 ut
482 2874 666 2927 melior
691 2872 915 2942 eligatur
942 2872 994 2925 in
1030 2880 1188 2940 caput
1220 2870 1574 2925 Ecclesiarum
1604 2870 1805 2924 ordinis
1830 2886 1844 2933 ;
1893 2878 1949 2923 et

398 2980 499 3019 non
526 2964 639 3020 sine
662 2965 894 3019 vindicta
920 2964 1138 3033 impium
1163 2964 1332 3018 scelus
1360 2964 1694 3017 obmittatur.
1727 2964 1951 3018 Minoris

540 3126 547 3133 .
956 3112 969 3125 ⁸
1170 3108 1175 3133 1

466 3155 492 3185 ι
524 3140 606 3197 He
645 3157 761 3197 vero
786 3141 885 3210 iter
922 3149 1100 3210 agente
1126 3138 1189 3192 de
1205 3137 1429 3210 palatio.
1465 3138 1692 3210 ln‘notis
1720 3154 1945 3206 sequcn-

399 3213 539 3267 tibus
556 3211 739 3281 palam
760 3211 850 3271 ﬁet
872 3207 1010 3264 hanc
1033 3208 1305 3281 epistolam
1334 3222 1473 3281 anno
1491 3207 1594 3281 809
1622 3207 1786 3262 fuisse
1813 3211 1947 3281 seri-

488 3276 574 3346 mi
606 3281 694 3335 illo
714 3296 841 3335 vero
867 3295 1007 3333 anno
1026 3276 1246 3332 Carolus
1275 3293 1365 3330 rex
1394 3277 1532 3330 circa
1562 3276 1718 3331 ﬁnem
1749 3280 1947 3332 mensis

429 3352 555 3413 unii,
599 3349 810 3419 quando
836 3349 1089 3419 Alcuintis
1134 3363 1164 3401 e
1193 3346 1401 3419 palatio
1439 3362 1496 3419 se
1535 3362 1806 3419 reversum
1850 3348 1941 3419 ait,

396 3408 707 3488 Aquisgr'ani
726 3417 853 3488 fuit,
880 3431 986 3488 quo
1010 3408 1381 3488 Turonis’post
1398 3414 1948 3488 obitum_Liudgardi_s

397 3483 612 3560 regina},
649 3487 739 3560 qui
768 3483 991 3560 ubilioc
1018 3500 1158 3560 anno
1184 3484 1372 3560 pridie
1395 3483 1575 3537 Nonas
1602 3484 1744 3538 Junii
1774 3483 1948 3539 conti-

397 3552 496 3627 git',
527 3575 547 3607 ι
576 3552 1008 3627 ρει-’Δυνθιίιιιιοε
1033 3569 1096 3607 ac
1116 3552 1353 3627 Parisios
1382 3567 1678 3627 regressus,
1703 3569 1949 3627 reversus

396 3620 502 3690 Est,
527 3646 546 3677 ι
577 3620 733 3690 prout
768 3631 949 3676 narrat
976 3621 1233 3675 annalista
1260 3620 1607 3685 Loiselianus,
1637 3624 1721 3677 cui
1750 3623 1948 3677 Meten-

398 3694 472 3748 sis
495 3704 548 3748 et
575 3690 913 3759 Bertinianus
941 3708 1059 3746 cum
1091 3690 1395 3760 Eginhardo
1424 3690 1476 3742 in
1507 3692 1786 3760 annalibus
1815 3707 1943 3760 con-

398 3763 923 3830 sentiunt(Bouqnet,
950 3758 1518 3830 Scriptiliexlfranc.
1547 3759 1785 3830 t_om._V).
1812 3758 1947 3814 Hinc

398 3833 585 3902 colligo
631 3828 911 3902 Alcuinum
958 3830 1235 3902 Carolum,
1285 3828 1511 3882 Turonis
1554 3828 1945 3898 Aquisgranum

400 3897 716 4009 regréssum,
748 3900 1058 3953 comitatum
1084 3897 1264 3977 fuisse.

527 3968 585 4009 In
614 3966 971 4009 mnnniunmdn
1003 3976 1164 4009 :nnrh
1198 3966 1264 4009 Mt

520 3968 587 4021 In
614 3966 971 4020 mansiuncula
1002 3968 1166 4018 sancti
1193 3966 1426 4017 Martini.
1461 3966 1722 4019 Barallam
1768 3966 1945 4019 villam

434 4045 544 4100 uto,
570 4035 837 4104 intelligit,
866 4036 929 4088 de
954 4050 1057 4103 qua
1086 4034 1138 4086 in
1166 4034 1319 4104 e_pi_st.
1345 4033 1412 4104 66
1436 4034 1499 4087 ad
1527 4034 1794 4104 Arnonem
1822 4036 1947 4088 scri-

437 4107 479 4161 it
514 4123 526 4157 ε
569 4100 887 4174 οἱδροέὶεαιιι
923 4100 1081 4174 habeo
1128 4102 1193 4153 ad
1236 4101 1447 4154 Baralla
1496 4100 1670 4174 villam
1717 4113 1945 4155 nostram

396 4184 619 4245 quatuor
642 4168 730 4245 aut
757 4172 974 4245 quirth
1010 4172 1115 4245 dies
1150 4186 1428 4245 remanere,
1462 4168 1734 4245 Malorige
1765 4189 1796 4222 α
1826 4188 1948 4223 san—

398 4238 478 4298 cto
503 4243 759 4307 Amnndo,
791 4238 1053 4309 sed'quasi
1086 4240 1259 4306 quinto
1286 4238 1480 4292 decimo
1500 4238 1771 4309 milliaria.

469 4323 503 4381 ι,
529 4312 808 4382 Adjutores
833 4307 1045 4382 mihiea
1076 4311 1199 4382 meis
1234 4308 1451 4382 propriis
1475 4307 1765 4382 ﬁliisﬁlegi.
1794 4309 1945 4382 Celcf

399 4376 1203 4436 berrintus‘nosterMabillonius
1226 4377 1490 4446 quondam
1522 4377 1572 4428 in
1598 4376 1777 4446 Elogio
1806 4379 1943 4432 beati

1973 3101 2021 3164 Ο

2049 1885 2148 1940 ciis
2193 1888 2392 1941 veritas
2440 1886 2665 1941 inveniri
2712 1889 2957 1957 peteri't:
3010 1889 3225 1958 insuper
3269 1897 3322 1943 et
3367 1878 3611 1945 diabolus

2050 1977 2208 2029 habet
2258 1991 2498 2045 qumrere
2548 1992 2740 2033 causas
2788 1976 3145 2042 omnimddis,
3195 1986 3253 2030 ut
3294 1979 3610 2046 impediatur

2042 2064 2250 2133 iustitia
2272 2074 2325 2119 et
2346 2074 2541 2120 sancta:
2565 2066 2816 2121 Ecclesiae
2835 2068 3111 2135 proiectio.
3139 2067 3217 2139 En
3240 2069 3341 2128 erit
3364 2068 3450 2122 illa
3472 2070 3608 2133 dies,

2048 2164 2105 2208 ut
2144 2156 2302 2211 liccat
2349 2157 2477 2209 mihi
2525 2156 2884 2234 dulcissimam
2929 2164 3119 2211 vestrae
3162 2158 3373 2226 pietatis
3419 2156 3607 2215 faciem

2048 2246 2250 2309 videre,
2275 2253 2331 2321 et
2355 2246 2728 2300 suavissimum
2757 2246 2918 2303 vestri
2936 2247 3235 2319 alloquium
3262 2248 3465 2302 audire.

2117 2336 2249 2391 Cum
2282 2336 2300 2375 τ
2328 2336 2505 2392 Felice
2550 2338 2801 2393 haeretica
2837 2352 3085 2415 magnam
3122 2332 3516 2409 contentionem
3555 2337 3608 2419 in

2046 2428 2330 2494 praesentia
2360 2427 2559 2483 domini
2589 2427 2750 2499 regis,
2770 2434 2824 2480 et
2847 2436 3153 2493 sanctorum
3178 2424 3396 2480 Patrum
3422 2424 3609 2479 habui-

2048 2532 2185 2581 mus,
2226 2517 2317 2570 sed
2356 2515 2443 2570 ille
2470 2516 2558 2570 diu
2594 2516 2887 2573 obduratus
2914 2508 3109 2577 nullius
3136 2517 3400 2595 consentit
3430 2524 3610 2595 aucto-

2048 2608 2287 2671 ritatem;
2334 2606 2436 2663 nisi
2481 2606 2563 2661 sui
2608 2613 2839 2665 sectator
2881 2605 3192 2681 sententiae,
3228 2594 3506 2665 'mstirnans
3549 2618 3606 2663 se

2046 2696 2420 2768 sapientiorem
2449 2694 2698 2767 omnibus
2724 2682 2841 2767 esse
2880 2696 2933 2749 in
2969 2711 3055 2759 eo,
3094 2687 3235 2763 quad
3273 2693 3483 2771 stultior
3511 2682 3608 2748 fuit

2046 2784 2326 2852 omnibus;
2375 2785 2472 2844 sed
2511 2786 2688 2857 divina
2731 2782 3010 2843 clementia
3048 2785 3295 2839 visitante
3338 2773 3610 2843 coci'illius

2046 2874 2333 2929 novissime
2362 2873 2492 2929 falsa
2522 2873 2767 2948 opinione
2802 2889 2860 2928 se
2893 2874 3169 2928 seductum
3198 2872 3474 2929 confessus
3502 2882 3606 2937 est,
3636 2946 3639 2947 ν

2046 2972 2102 3019 et
2148 2960 2303 3017 ﬁdem
2352 2962 2665 3017 catholicam
2713 2978 2771 3018 se
2821 2963 3045 3019 ﬁrmiter
3093 2971 3273 3018 tenere
3321 2948 3604 3021 fatebatur.

2048 3132 2188 3215 anno
2211 3157 2308 3215 per
2334 3142 2535 3215 legatos
2557 3143 2735 3215 Caroli
2762 3138 2901 3215 regis
2930 3144 3188 3215 agebatur
3212 3142 3277 3215 de
3308 3159 3445 3215 novo
3470 3159 3605 3215 pon-

2045 3212 2187 3282 tiﬁce
2214 3210 2475 3282 eligendo,
2506 3213 2647 3282 quod
2675 3210 2931 3282 illcuinus
2959 3210 3209 3267 dissuasit
3240 3214 3292 3265 in
3319 3210 3601 3282 epistIllS

2047 3280 2132 3345 (ad
2154 3280 2444 3401 Arnonem?
2472 3280 2564 3334 sed
2591 3281 2656 3333 de
2685 3280 2862 3338 Leone
2908 3282 2963 3333 in
2996 3296 3094 3334 sua
3120 3282 3247 3338 sede
3265 3280 3604 3338 stabilienda.

2047 3348 2213 3401 Nemo
2234 3364 2361 3401 vero
2390 3350 2525 3401 aius
2552 3350 2834 3401 enisconus
2863 3360 3191 3401 memoratur
3220 3353 3287 3401 ab
3312 3352 3604 3401 historicis.

2046 3348 2213 3418 Nemo
2234 3364 2361 3403 vero
2390 3348 2525 3405 alius
2552 3350 2834 3418 episcopus
2863 3360 3191 3406 memoratur
3220 3353 3287 3405 ab
3312 3352 3605 3416 historicis,

2046 3419 2135 3488 qui
2166 3417 2253 3473 illo
2277 3432 2416 3471 anno
2460 3427 2550 3471 aut
2587 3417 2755 3487 priori
2800 3420 3092 3488 crudeliter
3121 3419 3309 3474 fuisset
3353 3421 3603 3488 interem-
3660 3461 3665 3466 .

2045 3487 2184 3556 ptus.
2232 3488 2384 3540 Anne
2399 3501 2539 3556 ivero
2567 3488 2677 3541 hzec
2706 3488 2867 3541 verba
2894 3487 3101 3556 {llcuini
3136 3489 3201 3541 de
3230 3501 3359 3541 nece
3387 3487 3609 3544 Joannis

2044 3554 2359 3624 patriarchae
2380 3555 2690 3617 Gradensis,
2714 3570 2868 3622 quem
2894 3554 3126 3609 Joannes
3152 3556 3259 3611 dux
3282 3557 3603 3619 Venetorum

2044 3640 2139 3695 per
2168 3623 2512 3695 ﬁliumgsuum
2542 3624 2938 3695 Mauritiumex
2968 3624 3227 3695 altissima
3249 3628 3384 3679 turri
3412 3628 3607 3695 praeci-

2045 3692 2205 3763 pitem
2238 3693 2349 3764 dari
2386 3692 2529 3755 fecit,
2571 3694 2911 3764 intelligenda
2943 3695 3099 3747 sunt?
3130 3693 3238 3764 sed
3261 3692 3606 3750 hanc—necem

2046 3761 2185 3814 anno
2228 3761 2332 3815 802
2370 3770 2461 3815 aut
2498 3762 2716 3815 omnino
2747 3761 2997 3828 'sequenti
3045 3761 3333 3829 contigisse
3378 3778 3609 3817 concors

2047 3831 2423 3885 historicorum
2452 3831 2711 3883 sententia
2737 3838 2836 3892 est,
2870 3830 2936 3882 de
2962 3834 3063 3893 qua
3093 3830 3199 3882 vid.
3231 3830 3442 3884 dissert.
3475 3831 3507 3885 6
3528 3832 3599 3887 cl.

2047 3900 2258 3953 Madrisi
2291 3898 2389 3967 0p.
2420 3900 2587 3953 sancti
2616 3899 2821 3953 Paulini
2850 3898 3224 3965 Aquileiensis.

2120 3980 2143 4007 ε
2193 3968 2401 4037 Tuoque
2430 3978 2483 4020 ut
2511 3969 2660 4021 citius
2701 3970 3112 4037 ﬁuiaturicausa
3144 3985 3258 4020 cum
3288 3968 3602 4024 Saxonibus.

2046 4038 2243 4093 Αιδηοηί
2274 4036 2487 4090 causam
2514 4038 2743 4105 aliquam
2775 4054 2891 4091 cum
2917 4036 3213 4089 Saxonibus
3238 4038 3609 4092 intercessisse

2045 4121 2203 4159 nemo
2231 4106 2375 4159 dicit.
2418 4105 2643 4159 Credam
2678 4106 2729 4175 in
2762 4106 2844 4159 his
2874 4107 3049 4175 verbis
3079 4108 3366 4158 animatur
3394 4115 3605 4175 tuaque,

2046 4174 2293 4227 mendum
2345 4175 2563 4236 cubare,
2602 4173 2978 4242 etilegendum
3029 4174 3268 4228 fortassis
3318 4173 3613 4228 intimatur

2046 4251 2232 4305 tutum,
2277 4244 2356 4294 vel
2404 4242 2593 4295 simile.
2646 4241 2847 4309 Nempe
2876 4242 3144 4296 Saxonum
3184 4244 3424 4310 pertinax
3476 4247 3605 4299 resi-

2047 4313 2238 4365 stcntia
2285 4312 2392 4379 regi
2432 4310 2622 4365 Carolo
2658 4311 2758 4363 hoc
2798 4311 2955 4364 etiam
2996 4312 3167 4365 adhuc
3203 4329 3342 4365 anno
3380 4314 3606 4367 multum

2049 4382 2243 4447 negotii
2294 4381 2581 4442 facessivit,
2615 4388 2772 4447 atque
2801 4380 3179 4449 impedimento
3222 4381 3342 4444 fuit,
3374 4397 3479 4448 quo
3507 4388 3605 4438 mi-

398 4427 661 4518 mea;
683 4427 1077 4519 Ῑίῗῖιίιίἷιῗρᾇ
1086 4427 1364 4519 credebat;
1378 4427 1654 4519 Ᾰιριιίηιιιῇ
1670 4427 1946 4519 ἰῗιὸίιᾷἑιξέ
1980 4427 2022 4481 ί)
2051 4427 2559 4518 assignatam;
2570 4427 2905 4519 ’ρι’ἒᾴὧὲἐῆ
2917 4427 3613 4519 'nzgiia'bo'séiCnidius

401 4519 598 4573 riorum
623 4513 963 4579 prafecturas
987 4514 1255 4581 discipulis
1283 4514 1409 4573 suis,
1438 4513 1806 4567 Martinianam
1833 4518 1948 4580 qui-

401 4586 522 4643 dem
552 4585 847 4655 Fridugiso,
877 4584 1267 4655 Ferrariensem
1297 4595 1437 4655 vero‘
1450 4581 1653 4655 _S_i_gulfo
1693 4584 1945 4655 partitum

400 4655 562 4710 fuisse
599 4649 743 4709 anno
762 4654 884 4713 805,
915 4662 969 4707 et
997 4669 1134 4706 anno
1170 4652 1378 4704 demum
1411 4649 1513 4705 8l5
1543 4649 1943 4714 diem’obiisse;

401 4726 539 4780 hanc
582 4732 756 4779 tamen
799 4738 950 4785 suam
998 4721 1310 4781 sententiam
1358 4720 1437 4771 vir
1480 4721 1723 4789 egregius
1764 4730 1944 4787 postea

402 4794 670 4847 revocavit
713 4792 802 4844 lib.
834 4807 977 4844 xxvn
1007 4790 1308 4852 Annalium,
1346 4804 1463 4857 pag.
1508 4788 1628 4852 567,
1659 4798 1712 4842 et
1740 4791 1804 4842 ad
1834 4790 1945 4842 cal-

402 4876 525 4916 cem
545 4866 674 4913 tom.
702 4860 746 4915 V
774 4858 1046 4912 Actorum.
1088 4860 1326 4913 Praesens
1352 4872 1473 4910 vero
1498 4859 1717 4925 epistola
1748 4859 1944 4911 nullum

402 4930 618 4985 dubium
664 4928 912 4995 relinquit
937 4927 1213 4981 Alcuinum
1248 4928 1349 4980 hoc
1380 4942 1519 4980 anno
1544 4928 1648 4981 800
1676 4928 1949 4994 adjutores

402 4998 504 5053 sibi
551 4999 606 5052 in
648 4996 1103 5051 administratione
1162 4997 1600 5048 monasteriorum
1664 5012 1947 5065 rerumque

2050 4520 2285 4571 tractari.
2334 4518 2468 4571 Hinc
2498 4520 2657 4571 etiam
2701 4518 2752 4570 in
2782 4518 3099 4586 epistola’95
3128 4518 3237 4586 regi
3268 4520 3452 4577 suasit.
3493 4538 3511 4574 ι
3546 4531 3608 4575 ut

2048 4595 2399 4653 componatur
2434 4602 2535 4651 pax
2573 4585 2921 4655 cumipopulo
2947 4585 3174 4640 nefando
3198 4585 3537 4655 (Saxonum).
3579 4609 3604 4641 ›

2048 4601 2399 4653 componatur
2434 4602 2535 4651 pax
2573 4601 2921 4709 cumUpoputo
2947 4601 3174 4640 netanoo
3201 4601 3537 4655 (baxonnm).
3579 4609 3604 4641 ›

2048 4655 2114 4733 Et
2142 4656 2192 4705 in
2223 4658 2377 4736 epist.
2408 4656 2474 4709 96
2500 4657 2573 4708 ait
2602 4674 2613 4707 :
2643 4675 2661 4737 ς
2747 4655 2908 4707 tinam
2939 4656 3253 4776 quandoque
3279 4656 3455 4708 divina
3484 4673 3605 4726 gra—

2048 4732 2118 4775 tia
2144 4726 2292 4775 vobis
2320 4726 2577 4776 concedat
2623 4725 2919 4776 libertatem
2967 4740 2995 4776 a
3023 4739 3160 4776 nonu
3183 4739 3217 4776 ο
3245 4725 3473 4776 nefando
3504 4728 3605 4776 Sa-

2047 4724 2118 4775 tia
2144 4725 2292 4775 vobis
2320 4726 2577 4778 concedat
2623 4725 2919 4777 libertatem
2967 4740 2995 4776 a
3023 4724 3217 4793 populo
3245 4725 3473 4793 nefando
3493 4724 3605 4780 'Sa-

2046 4808 2261 4855 xonum,
2312 4794 2414 4847 iter
2460 4809 2637 4861 agerc,
2688 4806 2847 4862 regna
2884 4792 3197 4862 gubernare,
3242 4792 3477 4860 justitias
3522 4794 3607 4848 fa-

2048 4876 2185 4941 cere.
2224 4880 2241 4911 ι
2271 4864 2336 4915 Et
2360 4878 2545 4941 rursus
2574 4861 2805 4941 in.epist.
2830 4863 3005 4941 l08ic
3037 4861 3605 4941 Hunnorum‘perditio

2047 4939 2225 4984 nostra
2256 4941 2336 4985 est
2356 4930 2691 5000 negligentia
2716 4931 3090 5000 laborantium
3114 4931 3164 4982 in
3193 4930 3474 4983 maledicta
3512 4948 3607 5000 gev

2046 5000 2320 5051 neratione
2347 4998 2731 5067 Saxonum...”
2758 5006 2810 5050 et
2839 5013 2935 5051 eos
2959 4998 3301 5067 negligentes,
3331 5015 3463 5067 quos
3491 4998 3608 5055 ma-

404 5081 618 5142 suarum
640 5082 704 5121 ex
722 5064 989 5134 discipulis
1011 5065 1247 5133 elegisse.
1279 5065 1395 5117 Vid.
1420 5074 1529 5117 not.
1559 5076 1579 5101 ε
1602 5064 1981 5142 praecedentis
2038 5067 2155 5142 jore
2203 5066 2449 5142 mercede
2504 5067 2638 5133 apud
2667 5066 2833 5119 Deum
2882 5073 2935 5119 et
2978 5064 3143 5136 gloria
3190 5068 3327 5135 apud
3349 5064 3610 5127 homines

474 5135 658 5190 istoin.
737 5163 742 5168 -
1850 5160 1851 5163 η

405 5150 693 5257 causamin
715 5163 1009 5257 homicidio.
1052 5200 1327 5255 Alcuinum
1356 5203 1441 5271 hic
1469 5202 1611 5271 loqui
1639 5203 1703 5255 de
1726 5160 1945 5255 homici—

406 5272 494 5326 dio
531 5282 633 5327 seu.
665 5286 793 5326 nece
833 5272 1061 5331 violenta
1088 5284 1324 5340 personae
1349 5268 1621 5334 cujusdam
1665 5272 1716 5323 in
1758 5271 1943 5337 majori

407 5341 662 5409 dignitate
686 5340 1044 5409 ecclesiastica
1076 5339 1406 5409 constitute;
1442 5347 1495 5390 et
1524 5340 1577 5391 in
1606 5340 1723 5393 loco
1747 5341 1943 5393 celebri

408 5407 648 5479 impiae!
674 5408 1316 5479 crudeliterperpetrata,
1352 5407 1463 5475 ipse
1509 5414 1786 5479 contextus
1816 5410 1950 5462 satis

410 5476 654 5532 ostendit.
694 5478 769 5537 De
793 5476 1101 5530 crudelitate
1138 5479 1188 5528 in
1221 5476 1443 5527 Leonem
1470 5476 1771 5541 pontiﬁcem
1806 5494 1946 5531 anno

410 5546 674 5616 praeterito
717 5561 746 5616 τι
778 5545 1024 5597 Romanis
1051 5552 1259 5616 peracta
1291 5544 1340 5616 id
1368 5543 1581 5610 intelligi
1609 5544 1828 5616 minime
1854 5561 1946 5613 po-

412 5611 540 5672 test:
584 5616 629 5667 is
665 5614 807 5666 enim
838 5628 939 5682 non
969 5613 1190 5682 occisus,
1224 5612 1312 5663 scd
1342 5611 1945 5682 cxczrcatuslingunque

413 5685 699 5744 inutilatus,
752 5680 1032 5733 semivivus
1080 5681 1293 5733 relictus
1338 5690 1434 5728 est.
1496 5679 1597 5732 Nec
1630 5680 1806 5732 Ruina!
1846 5679 1943 5735 hoc

2046 5137 2239 5187 habere
2268 5136 2556 5203 potuimus,
2584 5147 2685 5188 etc.
2725 5156 2744 5187 ι

2120 5203 2505 5276 ίζζιιηιῄιῖινῌεε
2554 5205 3244 5276 contentioncmjuibnimus.
3303 5205 3501 5276 Nempe
3549 5210 3646 5269 in,

2044 5273 2268 5326 concilio
2298 5274 2881 5342 Aquisgranrnshanni
2931 5273 3031 5325 799
3084 5276 3346 5329 exeuntis.
3412 5273 3466 5328 In
3504 5278 3604 5330 hoc

2044 5344 2185 5394 enim
2234 5340 2375 5395 anno
2400 5342 2469 5394 52
2506 5340 2679 5394 Caroli
2725 5341 2940 5405 gloriosi
2989 5342 3128 5409 regis
3176 5343 3427 5396 Al’cuinus
3466 5344 3611 5399 cum

2046 5411 2219 5483 Felice
2254 5418 2513 5478 praesente
2542 5409 2871 5483 disputando
2920 5410 3303 5483 rationabiliter
3341 5414 3601 5483 conﬁixit,

2050 5498 2066 5528 ι
2104 5477 2355 5545 illumque
2381 5477 2640 5530 veraciter
2662 5478 2887 5529 convicit
2924 5488 2975 5530 et
3002 5481 3316 5533 catholicum
3349 5481 3541 5544 el‘rbcit,
3578 5477 3597 5532 ὁ

1994 5585 1999 5595 .
2045 5557 2101 5599 ut
2133 5550 2241 5614 ipse
2263 5548 2451 5600 scribit
2479 5546 2597 5601 libr.
2631 5562 2645 5598 ι
2676 5548 2931 5601 adversus
2958 5547 3292 5616 Elipanzlum.
3318 5548 3476 5602 Certo
3502 5550 3596 5613 igi-

2047 5628 2132 5669 tur
2156 5616 2459 5681 tenendum,
2482 5624 2796 5683 pra-sentem
2822 5616 3093 5682 epistolam
3118 5617 3294 5670 datam
3318 5634 3433 5673 em
3459 5633 3605 5673 anno

2046 5686 2291 5753 prtrsruti
2319 5683 2421 5737 800
2446 5682 2563 5751 post
2599 5701 2645 5738 vi
2674 5684 2788 5737 Kal.
2820 5682 2965 5737 Julii.
