4226 6204
565 363 662 419 351

1480 361 1540 417 Β.
1574 363 1632 417 F.
1675 364 1897 419 ALBINI
1937 362 2067 418 εει]
2108 360 2384 416 ΔΙΑΣΒΙΝΙ
2424 359 2699 417 ΟΡΕΒΕΜ
2731 358 2909 415 PARS
2945 358 2985 411 I.

3689 350 3795 405 35!

566 474 671 527 Nos
698 471 1034 527 rcro‘cordis
1058 472 1203 526 illius
1233 484 1437 526 secreta
1468 473 1767 529 nescientes
1797 472 2131 529 occultorum
2160 474 2203 530 Δ
2235 471 2495 540 scyphum
2514 512 2528 533 ,
2561 470 2613 523 in
2639 485 2745 538 quo
2773 469 2926 537 panis
2952 467 3195 535 cingatur
3222 462 3423 535 [ιποτιικ
3458 461 3712 532 tingatur]
3744 464 3795 515 En

557 562 725 629 judici
771 562 988 617 causam
1035 561 1374 626 dimisimus,
1423 563 1613 616 dantes
1659 550 1783 618 eum
1815 574 1841 603 ι
1868 560 2135 617 Laidrado

564 654 834 721 episcopo.
874 652 1191 708 charissimo
1226 661 1409 706 nostro
1444 652 1572 717 tilio,
1614 663 1671 707 ut
1709 669 1890 709 secum
1930 662 2135 706 teneret

566 759 719 807 eum,
761 752 817 799 et
843 745 1096 812 probaret
1130 744 1176 798 si
1203 759 1389 799 verum
1416 754 1560 799 esset
1588 745 1730 814 quod
1763 761 1821 798 se
1851 745 1925 798 ait
1960 744 2135 798 credi-

566 836 743 900 disse;
782 834 890 888 ct‘b
911 835 957 889 si
995 849 1092 903 per
1124 834 1378 903 epistolas
1422 824 1551 890 suas
1590 836 1847 890 damnare
1881 833 2133 889 voluisset

564 925 855 992 pristinum
893 939 1048 978 suum
1076 939 1348 987 errorem,
1392 938 1549 992 quem
1592 933 1746 983 antea
1788 922 2132 993 pertinaciter

563 1017 891 1088 praedicavit.
922 1015 1330 1071 Consideratum
1358 1024 1513 1069 antea
1544 1015 1731 1070 habuit
1757 1016 1988 1069 domnus
2017 1029 2133 1073 rex,

564 1114 624 1160 ut
664 1106 812 1162 illum
848 1105 1147 1161 destinaret
1169 1115 1193 1143 υ
1222 1104 1430 1159 Riculfo
1467 1104 1870 1175 archiepiscopo
1913 1104 1979 1157 ad
2023 1118 2137 1158 ser-

563 1197 794 1252 vandum
820 1205 876 1251 et
902 1195 1312 1265 castigandum;
1345 1203 1401 1249 et
1426 1196 1800 1266 presbyterum
1828 1210 2015 1257 suum,
2043 1196 2134 1264 qui

564 1283 713 1353 pejor
743 1283 843 1338 fuit
872 1284 1148 1355 magistro,
1179 1283 1274 1337 tibi
1301 1290 1512 1353 tumque
1538 1284 1906 1353 providentiae,
1936 1284 2141 1339 dictum

563 1383 676 1445 est,
693 1373 1027 1444 dirigentium
1053 1387 1172 1428 esse
1195 1391 1207 1426 :
1240 1373 1349 1427 Sed
1372 1374 1499 1428 dum
1524 1389 1813 1429 conversos
1835 1374 1984 1446 [Ms.,
2011 1389 2138 1429 cono

563 1461 772 1534 versus]
801 1462 865 1517 ad
890 1460 1047 1517 ﬁdem
1077 1461 1392 1517 catholicam
1422 1476 1479 1516 se
1507 1478 1627 1517 esse
1654 1461 1978 1527 fatebantur,
2012 1472 2136 1518 tunc

560 1552 669 1606 dati
701 1562 827 1607 sunt
848 1552 1105 1621 praedicto
1134 1551 1287 1606 fratri
1327 1562 1511 1607 nostro
1538 1553 1603 1607 ad
1636 1554 1966 1622 probandos,
2010 1555 2137 1625 quid

563 1642 807 1696 veritatis
847 1650 1020 1705 esset;
1067 1628 1122 1697 et
1162 1642 1252 1697 ille
1280 1640 1622 1714 [Laidradus]
1652 1659 1771 1696 cum
1798 1642 1821 1680 ἀ
1852 1644 2136 1698 abbatibus

562 1731 867 1796 Benedicto,
882 1730 1108 1784 Nifridio
1132 1730 1330 1785 missus
1354 1740 1437 1785 est
1457 1732 1511 1785 in
1539 1730 1659 1786 illas
1684 1740 1867 1801 partes
1892 1730 2135 1786 occiden-

562 1821 697 1876 tales
716 1822 783 1876 ad
803 1821 1192 1891 extinguendas
1209 1830 1263 1875 et
1280 1820 1616 1897 evacuandas
1636 1818 1791 1889 hujus
1809 1821 2140 1891 pravissim'e
2172 1808 2214 1867 Β

560 1913 876 1967 assertionis
906 1910 1279 1975 inﬁdelitates;
1321 1926 1457 1980 quos
1483 1920 1671 1965 nostra
1701 1910 1938 1980 parvitas
1971 1926 2139 1980 quan-

561 2011 675 2062 tum
701 2003 875 2073 potuit
900 2014 922 2042 ε
942 2002 1156 2073 scriptis
1180 2002 1560 2059 ecclesiasticis
1580 2000 1883 2069 adjuvabat,
1907 2002 2141 2055 maxime

560 2110 626 2149 eo
653 2094 831 2149 libello
857 2108 1015 2163 quem
1041 2106 1213 2162 nuper
1234 2092 1498 2147 edidimus
1522 2102 1708 2146 contra
1736 2091 1972 2146 libellum
2000 2091 2141 2146 illius

563 2188 776 2253 Felicis,
807 2187 828 2225 ί
852 2202 1011 2258 quem
1036 2186 1218 2255 priore
1242 2200 1383 2239 anno
1409 2184 1567 2239 nobis
1589 2184 1803 2239 direxit.

635 2280 866 2334 Tantum
890 2279 1019 2333 mibi
1044 2295 1075 2333 a
1095 2277 1335 2333 Candido
1356 2292 1476 2332 meo
1501 2277 1712 2331 laudata
1734 2285 1815 2331 est
1837 2278 2138 2332 sanctitatis

562 2382 754 2426 vestra:
779 2371 1135 2434 conversatio,
1161 2378 1215 2423 et
1243 2370 1408 2424 totius
1431 2369 1691 2423 bonitatis
1720 2368 1953 2422 studiosa
1980 2371 2141 2423 devo-

564 2465 655 2521 tio.
688 2472 744 2517 et
764 2462 1141 2517 ecclesiasticae
1168 2448 1503 2517 auctoritatis
1533 2468 1716 2515 sancta
1734 2459 2058 2525 sollicitudo,
2080 2468 2140 2513 ut

562 2555 877 2611 erubescam
905 2568 1040 2623 pene
1068 2568 1199 2608 meae
1222 2552 1472 2622 pigritize.

635 2644 925 2700 Litterulas
963 2644 1171 2713 aliquas
1211 2643 1621 2706 admonitionis,
1667 2651 1859 2697 vestrze
1902 2641 2142 2696 scribere

560 2738 878 2793 Veneranda:
895 2738 1203 2791 auctoritati
1228 2738 1577 2790 temerarium
1596 2736 1743 2800 duxi,
1760 2735 1860 2790 nisi
1884 2736 2139 2804 legerem,
2158 2744 2163 2751 ‘

564 2830 720 2883 beato
748 2827 1072 2898 Hieronymo
1099 2828 1309 2882 dicente
1335 2846 1346 2879 :
1384 2829 1583 2880 Aurum
1620 2828 1672 2880 in
1709 2826 2032 2896 sterquilinio
2060 2826 2140 2879 in-

563 2928 769 2973 uentum
806 2918 1131 2972 laudandum
1169 2936 1296 2982 esse,
1334 2930 1381 2972 et
1417 2921 1660 2974 thesauro
1691 2920 1962 2973 Dominico
1998 2921 2139 2974 inse-

565 3008 802 3062 rendum.
854 3007 985 3061 Nam
1033 3010 1219 3063 beatus
1257 3010 1525 3078 apostolus
1574 3010 1769 3064 Paulus
1810 3004 2007 3064 aurum
2055 3026 2141 3063 sa-

564 3097 777 3164 pientia:
816 3098 867 3149 in
904 3106 1142 3152 stercore
1182 3108 1464 3167 poetarum
1510 3100 1784 3154 inventum
1828 3103 1882 3153 in
1923 3102 2137 3154 divitias

564 3186 941 3242 ecclesiasticae
970 3190 1244 3243 transtulit
1273 3190 1599 3259 prudentiae;
1639 3194 1778 3245 sicut
1799 3205 1989 3247 omnes
2016 3209 2140 3246 san-

561 3278 638 3331 cti
661 3278 909 3331 doctOres
931 3277 1045 3344 ejus
1066 3279 1311 3347 exemplo
1332 3281 1528 3334 eruditi
1564 3280 1823 3336 fecerunt.
1858 3282 1992 3337 Nam
2021 3300 2139 3338 rosa

565 3368 708 3421 inter
732 3366 912 3437 spinas
951 3380 1073 3422 nata
1107 3370 1227 3423 miri
1255 3370 1440 3425 odoris
1477 3380 1534 3425 et
1569 3373 1766 3427 coloris
1804 3374 2142 3443 incompara-

564 3454 687 3510 bilis
712 3458 935 3526 gratiam
961 3457 1158 3513 habere
1185 3458 1551 3529 dignoscitur:
1584 3460 1653 3514 ita
1678 3460 1853 3528 pietas
1879 3469 1966 3517 tua
1998 3476 2143 3517 meas

566 3548 771 3603 litteras
798 3548 964 3618 legat,
994 3551 1135 3603 sicut
1163 3565 1336 3604 rosam
1362 3550 1428 3605 de
1454 3552 1646 3620 spinis,
1677 3563 1756 3617 ut,
1788 3554 1833 3608 si
1861 3554 1989 3623 quid
2016 3553 2141 3608 boni

565 3637 747 3690 odoris
788 3637 840 3690 in
886 3638 964 3691 eis
1010 3638 1280 3699 invenias,
1328 3639 1566 3710 largitori
1608 3644 1847 3696 omnium
1880 3646 2142 3697 bonorum

568 3728 753 3797 gratia:
792 3737 1035 3800 agantur,
1086 3731 1174 3799 qui
1223 3742 1411 3801 potens
1460 3741 1541 3786 est
1587 3732 1654 3790 de
1698 3734 1916 3805 pulvere
1964 3752 2140 3791 rosam

562 3833 751 3887 creare
770 3859 785 3884 ,
821 3828 875 3874 et
901 3819 967 3874 de
994 3830 1231 3876 stercore
1258 3822 1467 3892 erigere
1495 3839 1812 3894 pauperem,
1854 3827 2141 3881 ut.solium

566 3908 748 3978 gloria:
779 3917 975 3971 teneat,
1004 3919 1057 3963 et
1086 3912 1266 3965 sedeat
1294 3926 1415 3965 cum
1441 3913 1772 3983 principibus
1796 3917 1973 3985 populi
2003 3916 2104 3969 sui.

636 3997 754 4052 Misi
776 3999 1025 4052 charitati
1053 4009 1156 4054 tum
1179 4002 1278 4056 tria
1305 4002 1641 4068 munuscula,
1668 4005 1977 4075 tentorium,
2000 4006 2143 4076 quod

570 4090 932 4145 venerandum
960 4101 1122 4161 caput
1148 4102 1298 4147 tuum
1322 4093 1571 4149 defendat
1598 4097 1666 4151 ab
1695 4096 1987 4162 imbribus;
2022 4098 2141 4153 misi

566 4187 622 4234 et
662 4180 951 4250 sagellum,
995 4193 1328 4251 quopectus
1355 4200 1569 4239 sacrum
1598 4184 1874 4250 foveatur;
1926 4190 2046 4243 misi
2090 4200 2141 4243 et

641 4363 668 4391 ι
695 4350 959 4429 Ιτᾳὶᾠζαρο
1004 4357 1262 4429 episcopo.
1309 4358 1675 4429 Lugdunensi,
1719 4363 1807 4429 qui
1856 4363 1957 4416 hoc
2000 4380 2139 4419 anno

568 4420 1042 4498 cuiuNefridio‘et'
1062 4420 1351 4498 Benedicto
1380 4420 1433 4482 ἰῖι
1456 4420 1768 4498 Hispaniam
1808 4432 2004 4487 missus
2036 4444 2139 4495 est,

568 4492 639 4547 ad
690 4491 910 4548 haeresis
943 4494 1316 4569 impietatem,
1370 4514 1401 4551 a
1440 4489 1619 4553 Felice
1666 4509 1719 4553 et
1764 4500 2022 4569 Elipamlo
2069 4489 2140 4558 ibi
2174 4489 2222 4551 Ι)

570 4577 812 4639 sparsam
836 4565 1425 4639 penitusgaholeudam;
1456 4572 1597 4639 quod
1622 4565 1883 4626 Alcuinu's
1905 4574 1992 4627 hic
2022 4589 2144 4629 con-

571 4632 769 4693 ﬁrmat,
798 4641 851 4687 et
878 4650 973 4689 nos
1000 4636 1125 4690 alibi
1149 4632 1552 4694 clucidavimus.

644 4702 670 4740 ιι
711 4703 771 4777 _Si
814 4721 904 4772 per
950 4706 1194 4777 epistolas
1242 4724 1365 4762 suas
1412 4709 1667 4764 damnare
1711 4709 1985 4777 voluisset,
2036 4725 2139 4770 etc.

572 4770 822 4853 Nondum
845 4770 1559 4853 ergo'Felixconfessiouem
1592 4795 1743 4833 suam
1769 4798 1929 4853 quam
1960 4770 2142 4853 postea

571 4840 877 4921 adolerum
912 4840 968 4899 et
1012 4845 1683 4921 populum_Urg_e|litanum
1720 4840 1883 4914 misit,
1933 4840 1989 4907 in
2017 4872 2143 4907 con-

569 4910 695 4965 cilio
710 4910 1164 4991 ἑςιιιξξειτιηξῃὶῑί,Δ
1187 4916 1278 4970 sed
1309 4910 1482 4991 serius
1510 4918 1696 4991 edidit.

644 4991 666 5016 ε
701 4978 911 5056 meum;
936 4986 1322 5056 archiepiscapo
1351 4986 1680 5055 Moguntino.
1722 4988 1801 5044 Ad
1831 4991 1975 5046 illum
2007 4993 2145 5047 binze

570 5053 1068 5171 Epistolas:
1113 5053 1174 5108 in
1215 5053 1335 5111 cod.
1393 5053 1699 5124 Harleiauo,
1742 5077 1877 5131 quas
1922 5062 2145 5119 inferius

573 5136 604 5169 υ
722 5138 736 5169 )
896 5161 909 5171 .

573 5134 909 5187 exninemus.
1198 5172 1212 5187 ,

645 5186 833 5273 d'Cum
882 5186 1812 5273 abbatibus_VBenedicto,_-)’i(ridio.
1862 5200 1943 5256 Ad
2004 5204 2146 5273 ipsos

562 5265 629 5311 'et
669 5255 991 5328 Laidradum
1035 5263 1293 5318 Alcuinus
1336 5255 1692 5322 misit'libros
1732 5255 2143 5328 adversusrl'fli-V

630 5327 840 5408 indum;
876 5330 1181 5409 ubiuvideas
1219 5335 1502 5409 epistolam
1540 5335 1646 5391 illis
1672 5338 1822 5409 libris
1846 5327 2142 5409 pia-lixam.

602 5396 765 5480 Iiruin
807 5396 1430 5480 veroxVifridiiimluui
1460 5404 1562 5480 fuit
1606 5396 1889 5480 episcosz
1936 5411 2142 5467 Narbo-

577 5467 779 5550 uensis,
820 5468 907 5523 hic
932 5467 1237 5550 Benedicto
1255 5467 1433 5550 abbati
1460 5467 1757 5550 Anianeiisi
1788 5467 2063 5550 postponi,
2094 5492 2147 5535 et

576 5533 825 5605 abbatem
848 5538 1154 5593 nominari?
1198 5540 1321 5594 Fuit
1368 5542 1413 5597 is
1439 5552 1618 5599 tamen
1644 5533 1816 5603 etiani
1837 5533 2147 5605 515mb};

575 5604 849 5693 bMensis
878 5610 1382 5693 monasterii
1410 5612 1645 5693 ilicginis
1674 5618 1737 5670 de
1762 5616 1954 5693 Crasso
1984 5604 2146 5693 vulgo

575 5677 955 5762 cognominati:
1006 5678 1120 5732 Vid.
1178 5680 1373 5734 .‘Iubill.
1426 5677 1547 5737 libr.
1597 5700 1739 5739 .m-u
1774 5690 1963 5745 Annal.
1995 5677 2139 5745 ηιιιῖι.

577 5744 660 5801 l9,
699 5761 815 5811 pag.
845 5747 966 5801 376.

2239 576 2421 615 mensa
2440 602 2455 624 ,
2498 570 2557 615 ut
2594 560 2675 614 lia:
2713 559 2915 629 species
2940 572 3034 628 per
3059 555 3261 625 singula
3291 554 3403 609 loca
3435 554 3537 607 mei
3566 553 3798 610 nominis

2238 651 2549 704 memoriam
2575 648 2957 719 perpetualiter
2982 655 3086 700 tuze
3112 646 3355 715 ingerunt
3380 644 3669 698 sanctitati.
3748 656 3752 659 ‘

2697 776 2723 814 ‘
2748 772 3078 829 EPISTOLA
3116 769 3338 827 CXVIII.

2839 900 2904 937 an
2952 898 3202 946 AQUILAI.

2780 994 2956 1072 (Anno
3006 992 3256 1063 incerto.)

2238 1102 2552 1165 Charitatem
2574 1120 2723 1157 suam
2737 1105 2955 1167 Amani,
2974 1120 3123 1172 quem
3143 1100 3309 1173 [ilium
3335 1111 3495 1165 rorat,
3519 1100 3797 1171 signiﬁcat.

2653 1182 2700 1225 et
2724 1174 2915 1242 optima
2934 1188 3146 1243 quisque
3171 1180 3397 1241 exoptat.

2311 1303 2669 1359 Dilectissimo
2697 1302 2808 1358 tilio
2834 1300 3039 1371 Aquilae
3066 1300 3290 1357 Albinus
3316 1300 3563 1357 salutem.

2311 1392 2436 1453 Seio
2476 1402 2527 1447 te
2563 1392 2776 1447 Patrem
2810 1405 2930 1447 esse
2965 1391 3222 1463 dignitate
3261 1400 3314 1444 et
3355 1390 3581 1454 meritis,
3616 1390 3708 1443 sed
3736 1402 3799 1443 ex

2239 1468 2519 1538 charitatis
2547 1481 2825 1537 dulcedine
2862 1497 3055 1537 nomen
3085 1480 3325 1553 [Supple,
3356 1477 3471 1550 lilii]
3506 1480 3596 1533 tibi
3627 1479 3802 1548 impo-

2241 1566 2344 1637 sui,
2371 1574 2496 1641 quia
2539 1572 2673 1626 nihil
2701 1573 2857 1627 debet
2881 1571 3021 1641 patri
3048 1571 3265 1626 cbarius
3292 1583 3411 1623 esse
3438 1582 3599 1637 quam
3628 1567 3802 1630 Illius;

2240 1664 2471 1717 maxime
2496 1665 2621 1717 dum
2646 1662 2788 1717 filius
2826 1663 2970 1717 omni
2994 1661 3230 1717 bonitate
3262 1670 3317 1715 et
3340 1658 3599 1731 dignitate
3626 1658 3803 1714 excel-

2244 1752 2438 1808 lentior
2462 1760 2545 1807 est
2576 1760 2750 1821 patre.
2780 1750 3171 1821 Ingredientem
3196 1761 3249 1805 et
3283 1747 3803 1821 egredientem,vigi-

2245 1843 2481 1908 lautem,
2528 1842 2881 1898 dormientem
2932 1856 3142 1910 semper
3194 1848 3249 1895 te
3293 1840 3534 1908 sequitur
3581 1838 3807 1894 dulcedo

2239 1920 2476 2000 paternae
2514 1930 2844 1997 dilectionis;
2891 1945 3048 2000 quem
3086 1930 3289 1983 utinam
3318 1928 3515 1983 habeas
3543 1929 3596 1983 in
3624 1944 3721 1983 ore
3752 1936 3809 1983 et

2238 2024 2421 2085 corde,
2469 2022 2523 2075 in
2563 2019 2740 2076 ofﬁcio
2780 2021 2966 2075 altaris
3008 2020 3199 2084 sancti,
3244 2020 3298 2073 in
3325 2018 3576 2089 lacrymis
3615 2016 3642 2059 ιι
3684 2026 3810 2073 ante

2238 2112 2399 2180 pedes
2433 2120 2748 2166 sanctorum
2784 2110 3146 2180 apostolorum
3188 2127 3201 2163 ε
3247 2111 3355 2165 ἱιιιο
3384 2108 3686 2177 ubicunque
3710 2122 3806 2161 va-

2237 2201 2335 2257 das
2362 2212 2535 2256 tecum
2566 2209 2674 2267 eat,
2701 2211 2876 2257 tecum
2902 2212 3100 2256 :eterna
3134 2211 3347 2255 maneat
3372 2201 3651 2265 memoria,
3683 2203 3809 2271 quia

2241 2303 2294 2346 te
2332 2300 2548 2345 euntem
2582 2300 2636 2345 et
2678 2291 2984 2346 redeuntem
3033 2291 3175 2345 illius
3224 2306 3435 2359 semper
3465 2292 3813 2359 consequitur

2239 2383 2518 2437 charitatis
2553 2379 2796 2436 aﬂ‘ectus.

2311 2490 2463 2546 Scias
2486 2491 2784 2547 certissime
2809 2494 2947 2560 quod
2978 2507 3077 2547 nec
3102 2492 3179 2547 sic
3216 2492 3373 2545 anxia
3416 2492 3810 2561 peregrinantis

2242 2592 2415 2637 mater
2444 2582 2538 2635 ﬁlii
2574 2592 2779 2652 spectat
2804 2582 3109 2647 adventum,
3137 2593 3339 2651 quanto
3370 2584 3472 2637 mei
3510 2584 3690 2639 cordis
3722 2601 3810 2639 ar—

2241 2672 2552 2727 dentissima
2578 2673 2825 2726 voluntas
2849 2681 2954 2727 tua:
2992 2672 3144 2727 faciei
3171 2671 3514 2742 praestolatur
3537 2671 3806 2726 affectum.

2242 2762 2417 2818 I‘auca
2445 2763 2638 2832 scripsi
2680 2762 2819 2817 unde
2868 2772 2921 2817 tn
2955 2763 3185 2831 plurima
3216 2763 3377 2827 nosti,
3417 2772 3473 2818 et
3500 2762 3690 2817 melius
3729 2763 3811 2817 in-

2242 2854 2434 2922 telligis
2479 2852 2606 2923 quid
2652 2852 2762 2907 Deo
2802 2854 3008 2923 placeat
3056 2853 3346 2908 secundum
3399 2854 3810 2910 :estimationem

2242 2947 2486 2999 humana:
2528 2943 2865 3012 conjecturae.
2917 2944 3012 2997 Det
3055 2944 3150 2999 tibi
3174 2943 3314 2999 Deus
3352 2945 3406 2999 in
3431 2946 3590 3000 corde
3628 2948 3810 3003 cousi-

2242 3036 2392 3099 lium,
2446 3036 2499 3088 iu
2546 3049 2640 3089 ore
2677 3033 2944 3096 ﬁduciam,
2994 3035 3045 3087 in
3091 3049 3253 3105 opere
3298 3032 3707 3104 perfectionem;
3753 3046 3814 3091 ut

2240 3127 2475 3195 undique
2501 3125 2716 3194 placeas
2754 3126 2803 3179 ei
2840 3126 2937 3193 qui
2962 3134 3015 3179 te
3054 3125 3120 3179 de
3145 3122 3383 3179 stercore
3417 3125 3589 3179 erexit
3623 3120 3678 3179 et
3718 3139 3811 3195 po—

2245 3216 2349 3269 suit
2376 3216 2517 3269 inter
2542 3215 2812 3285 principes
2839 3215 3015 3284 populi
3044 3215 3156 3277 sui;
3189 3215 3305 3268 sine
3330 3230 3437 3283 quo
3465 3215 3598 3269 nihil
3625 3218 3814 3285 pbssu-

2243 3321 2361 3358 mus
2388 3305 2511 3359 boni
2546 3320 2742 3374 agere;
2787 3306 2841 3379 in
2871 3319 2977 3373 quo
3003 3306 3181 3359 omnia
3212 3313 3388 3372 potest
3416 3305 3505 3373 qui
3548 3306 3603 3358 in
3630 3305 3733 3359 ilde
3758 3318 3817 3371 es

2243 3396 2505 3450 cbaritate
2529 3396 2709 3450 omnia
2736 3411 2833 3465 pro
2866 3395 2980 3464 ejus
3010 3396 3223 3450 nomine
3246 3411 3405 3467 agere
3433 3394 3515 3451 vel
3536 3395 3681 3467 loqui
3705 3395 3817 3452 dis-

2226 3488 2393 3556 .ponit
2429 3503 2761 3558 quacunque
2803 3488 3006 3557 agenda
3041 3498 3197 3552 sunt;
3237 3488 3388 3556 cujus
3425 3489 3663 3545 cbaritas
3694 3500 3818 3559 per-

2240 3578 2418 3647 petuis
2442 3577 2619 3631 luceat
2642 3578 2872 3633 ﬂammis
2897 3578 2950 3632 in
2973 3579 3135 3633 corde
3160 3588 3271 3642 tuo,
3296 3588 3350 3633 et
3374 3594 3560 3634 omnes
3589 3588 3818 3635 terrena

2243 3668 2550 3737 cupiditatis
2576 3666 2819 3724 ﬂammas
2843 3670 3137 3736 extinguat,
3170 3678 3228 3722 ut
3256 3669 3401 3723 solus
3430 3670 3569 3726 Deus
3605 3684 3817 3739 semper

2242 3760 2312 3812 sit
2334 3760 2389 3812 in
2416 3774 2531 3823 ore,
2565 3760 2746 3823 corde,
2769 3768 2823 3813 et
2845 3754 3009 3828 opere
3027 3758 3309 3813 cbaritatis
3339 3768 3465 3824 tuae,
3487 3760 3540 3813 iu
3563 3774 3671 3828 quo
3699 3759 3813 3813 lon-

2243 3866 2387 3920 gaeva
2424 3850 2783 3919 prosperitate
2819 3849 3064 3917 feliciter,
3090 3852 3253 3921 opto,
3283 3849 3448 3915 vivas,
3487 3848 3561 3904 fili
3609 3850 3814 3904 charis-

2243 3938 2377 3993 sime
2401 3942 2414 3991 !

2320 4387 2343 4414 ο
2370 4373 2591 4445 Scriptis
2615 4374 2993 4431 ecclesiasticis.
3023 4376 3153 4445 Quae
3174 4375 3435 4443 Alcuiuus
3454 4384 3735 4433 enumerat
3759 4378 3823 4433 in

2248 4446 2416 4501 altera
2434 4446 2658 4517 epistola
2683 4446 2749 4499 ad
2771 4445 3013 4511 eosdem;
3038 4457 3092 4503 et
3113 4457 3262 4502 sunt:
3277 4446 3499 4516 epistola
3519 4446 3586 4517 ad
3601 4446 3816 4517 Elipan—

2246 4517 2401 4579 dum;
2443 4514 2601 4583 hujus
2644 4518 2981 4585 responsoria
3019 4519 3087 4573 ad
3114 4514 3387 4583 eamdem;
3437 4516 3558 4586 libri
3586 4514 3818 4586 quatuor

2243 4586 2504 4639 adversus
2529 4588 2805 4666 eumdem;
2834 4587 3058 4656 epistola
3086 4586 3327 4667 Elipandi
3357 4586 3421 4641 ad
3442 4585 3675 4667 Felicem
3693 4586 3813 4711 iam

2244 4669 2585 4711 conversum.
2621 4666 2677 4710 et
2716 4660 2873 4711 huius
2909 4666 3030 4711 post
3070 4670 3471 4711 conversnouem
3510 4657 3653 4711 edita
3711 4657 3813 4711 idet

2244 4669 2585 4778 conversum,
2621 4666 2677 4710 et
2716 4656 2873 4725 hujus
2909 4666 3030 4728 post
3070 4656 3471 4713 conversionem
3510 4656 3653 4711 edita
3693 4656 3824 4712 ﬁdei

2244 4741 2344 4778 con
2370 4740 2533 4778 essio.
3266 4758 3277 4763 ο
3775 4768 3782 4774 .

2244 4741 2344 4781 ςοιι
2351 4740 2533 4779 108810.
3266 4758 3277 4763 ο
3775 4768 3782 4774 .

2323 4795 2339 4833 τ
2378 4794 2541 4859 Quem
2574 4796 2746 4864 priore
2785 4811 2921 4847 anno
2966 4795 3109 4848 nobis
3157 4795 3367 4849 direxit.
3431 4794 3653 4851 Constat
3693 4796 3816 4851 inde

2246 4880 2420 4917 annus
2450 4880 2555 4932 quo
2583 4864 2839 4934 Alcuinus
2867 4864 3101 4919 libellum
3127 4864 3337 4929 Felicis,
3365 4881 3523 4934 quem
3551 4866 3597 4920 is
3622 4867 3816 4934 exhor-
3850 4877 3858 4883 ‘

2247 4934 2431 5005 tatioui
2475 4949 2584 4987 sum
2629 4932 2879 5005 fraterna:
2922 4936 3197 5005 opposuit,
3213 4932 3437 5004 accepit,
3465 4936 3670 5005 quiest
3687 4933 3816 5005 799,

2246 5002 2334 5057 cui
2358 5012 2639 5075 pmpterea
2662 5003 2901 5075 epistolm
2927 5002 3015 5075 85,
3046 5006 3136 5071 84,
3164 5006 3254 5071 90,
3281 5002 3429 5075 quas
3440 5002 3673 5075 nondum
3704 5003 3816 5060 visa

2246 5083 2513 5143 pncsente
2542 5073 2607 5126 ad
2636 5088 2834 5127 annum
2871 5074 2971 5128 798
3005 5073 3337 5138 reduximus,
3364 5073 3642 5143 alliganda:
3668 5085 3817 5129 sunt.

2322 5144 2347 5182 ⁸
2384 5141 2613 5197 Froben.
2650 5143 2807 5197 enist.
2842 5143 2960 5196 I77.

2431 5158 2613 5197 ronen.
2650 5158 2807 5212 eprsr.
2842 5158 2860 5195 ι
2876 5158 2899 5195 νι
2919 5158 2960 5196 ι.

2317 5214 2343 5250 ιι
2378 5212 2509 5265 Ante
2544 5212 2697 5285 pedes
2738 5225 3035 5285 sanctorum
3073 5215 3445 5285 apostolorum.
3495 5217 3642 5271 Arno
3688 5229 3821 5285 ego

2247 5290 2488 5363 tempore
2516 5281 2729 5349 scripta:
2753 5281 2909 5363 hujus
2932 5281 3169 5353 epistola:
3192 5282 3525 5363 Bonnaifuit;
3563 5301 3672 5356 quo
3694 5281 3816 5339 cuiu

2252 5354 2299 5405 is
2315 5354 2519 5425 saepius
2553 5354 3090 5425 accesserit,‘nempe
3136 5369 3277 5425 anno
3299 5354 3482 5425 7977iu
3508 5354 3668 5411 causa
3696 5368 3821 5425 pro-

2247 5420 2379 5489 pria:
2408 5418 2663 5488 ecclesiae,
2707 5438 2847 5477 anno
2874 5423 2975 5477 799
3014 5418 3064 5476 in
3104 5424 3359 5479 comitatu
3397 5424 3601 5481 Leonis
3627 5418 3812 5489 pain:

2247 5498 2303 5565 et
2328 5489 2399 5543 ibi
2422 5505 2563 5543 anno
2582 5505 2795 5559 quoque
2812 5492 2917 5565 _800
2939 5491 3223 5565 aliquando
3246 5506 3610 5565 calumniatus
3629 5489 3819 5565 fuerit,

2250 5560 2510 5632 incertum
2548 5571 2728 5632 manet
2760 5562 2825 5615 ad
2853 5577 3010 5629 quem
3042 5578 3106 5617 ex
3135 5563 3218 5617 Itis
3248 5566 3404 5619 annis
3429 5560 3556 5625 "haec
3591 5560 3819 5632 cpistola

2249 5629 2542 5751 ﬁertineat;
2580 5628 2907 5699 jungendum
2951 5642 3123 5688 tamen
3156 5635 3336 5687 m‘tiStIi
3370 5634 3533 5703 priori
3564 5628 3638 5687 ad
3672 5647 3793 5684 eum

2283 5713 2367 5751 cm
2393 5698 2684 5751 Arnonem.

2283 5698 2367 5752 'cm
2393 5698 2684 5754 Arnouem.
