4226 6222
350 276 445 329 557

1742 270 2024 325 EPISTOL
2035 271 2115 321 sil.

3443 273 3544 326 358

347 380 770 448 sanetornm,qui
799 378 1048 432 mundum
1076 378 1282 431 fortiter
1308 380 1562 441 vicerunt,
1594 388 1645 432 et
1666 380 1891 433 feliciter
1920 382 1963 436 A
1994 387 2051 429 ut
2071 378 2339 432 altissima:
2375 379 2646 447 dignitatis
2656 381 2869 432 JIUltllhl
2899 395 3058 445 opera
3100 380 3388 433 rectissima
3420 398 3548 434 ron-

346 479 567 542 regnant
588 485 708 525 cum
755 468 984 522 Christo.
1018 466 1132 521 Non
1169 468 1241 520 sis
1266 468 1367 521 tuis
1408 467 1626 521 inferior
1654 478 1890 522 anteces-

341 561 566 625 soribus,
594 568 652 613 ut
672 574 896 627 quorum
922 568 1105 612 tenens
1141 559 1470 622 cathedram,
1496 559 1706 612 illorum
1734 560 1891 631 meri-

342 648 408 702 tis
427 647 742 715 aquiparari
763 646 952 714 dignus
976 646 1222 699 ellieiaris
1246 645 1297 697 in
1324 646 1489 699 cwlis.

407 734 523 789 Non
549 736 618 788 sit
638 735 733 788 tibi
758 735 947 789 durum
975 736 1251 788 charitatis
1270 734 1441 803 legere
1468 735 1749 798 litterulas,
1793 753 1889 791 nec

337 840 426 878 ess
451 824 587 879 reris
604 839 723 878 esse
750 840 1127 893 supervacuas,
1158 826 1281 892 quia
1303 826 1513 893 cognita
1544 828 1805 896 ingerunt.
1831 828 1886 880 Si

334 903 530 983 cogniti
551 914 795 982 placeant
820 915 1001 982 obryzi
1026 914 1334 969 munuscula
1359 931 1373 977 ;
1412 914 1653 984 placeant
1674 915 1885 983 spirita-

335 1006 399 1059 lis
420 1004 691 1072 sapientia:
721 1003 911 1056 solatia
939 1020 951 1055 :
990 1003 1042 1055 in
1065 1002 1155 1055 illo
1176 1018 1311 1056 vana
1337 1012 1419 1056 est
1445 990 1717 1057 Oculorum
1747 1002 1887 1057 dele-

337 1094 528 1156 ctatio;
554 1094 606 1146 in
630 1094 733 1146 isto
755 1092 1061 1146 indeﬁciens
1082 1092 1244 1144 animi
1273 1091 1569 1145 thesaurus.
1586 1092 1725 1146 Dicit
1743 1093 1883 1145 enim

335 1181 541 1235 Veritas
570 1198 583 1234 :
612 1179 803 1235 Omnia
823 1197 1137 1250 quacunque
1161 1180 1309 1234 vultis
1333 1190 1387 1233 ut
1417 1182 1612 1249 faciant
1639 1181 1771 1235 vobis
1792 1182 1884 1233 ho-

332 1268 512 1324 mines.
542 1270 652 1323 hac
676 1270 852 1323 eadem
878 1280 926 1322 et
956 1286 1040 1323 vos
1065 1270 1217 1338 facite
1250 1270 1352 1323 illis
1389 1269 1599 1341 (Matth.
1627 1286 1698 1324 vn
1720 1311 1734 1335 ,
1774 1270 1879 1339 12).

399 1352 529 1409 Cum
576 1372 771 1426 magno
800 1372 949 1411 mens
992 1372 1109 1411 mea
1152 1368 1426 1426 exspectat
1479 1360 1739 1414 desiderio
1780 1370 1882 1414 tuae

330 1445 674 1501 beatitudinis
700 1447 897 1515 apices,
928 1445 1044 1499 ideo
1075 1460 1220 1500 meos
1243 1456 1344 1500 tum
1364 1448 1662 1500 auctoritati
1692 1448 1882 1515 saepius

330 1534 558 1603 dirigere
588 1533 808 1596 studeo,
839 1540 1030 1602 optans
1059 1541 1111 1587 te
1151 1549 1256 1587 non
1310 1535 1479 1588 solum
1524 1536 1577 1589 in
1600 1537 1731 1590 meis
1760 1553 1881 1605 pro-

330 1622 507 1688 ﬁcere,
554 1621 648 1679 sed
671 1625 830 1678 etiam
877 1624 980 1678 tuis
1004 1638 1103 1677 me
1132 1625 1403 1679 multoties
1430 1627 1721 1681 exhortari.

753 1767 777 1794 ι
826 1753 1154 1810 EPISTOLA
1200 1756 1427 1811 CXXIII.

620 1860 646 1895 Α
656 1858 683 1894 D
733 1857 1003 1896 DAICETAII
1052 1861 1079 1897 Δ
1089 1859 1568 1898 ιιειιιελοειωοτειι.

914 1952 1089 2021 (Anno
1133 1952 1279 2023 800.)

329 2037 610 2091 Dammtam
642 2037 820 2092 Roma:
840 2041 1135 2093 existentem
1160 2040 1417 2104 hortatur,
1438 2052 1493 2094 ut
1521 2044 1796 2096 scissuram
1818 2046 1870 2097 in

394 2105 625 2182 Ecclesia
640 2122 879 2175 reparare
905 2109 1132 2182 studeat,
1142 2111 1312 2182 arguit
1335 2111 1618 2163 dissensum
1635 2114 1766 2165 inter
1785 2131 1871 2182 pa-

393 2175 705 2242 ciﬁcator“;
722 2191 821 2228 non
838 2193 966 2229 nova
979 2178 1156 2242 statui,
1171 2175 1258 2230 sed
1275 2188 1441 2231 vetera
1467 2183 1697 2248 reparari
1711 2175 1866 2250 cupit.

394 2283 703 2339 Venerando
750 2285 894 2339 Patri
939 2294 992 2339 et
1033 2287 1085 2339 in
1112 2286 1312 2341 Christi
1350 2290 1600 2346 membris
1628 2292 1869 2360 magniﬁ-

324 2386 387 2423 co
420 2371 445 2409 δ
476 2372 727 2426 Damoetae
760 2374 1174 2428 archisacerdoti
1207 2374 1421 2431 humilis
1457 2378 1707 2446 magister
1724 2380 1870 2433 Albi-

325 2475 423 2513 nus
448 2460 689 2515 salutem.
1616 2450 1625 2460 ’

393 2545 691 2602 Secundum
720 2550 1167 2616 opportunitatem
1191 2553 1465 2621 portitoris
1483 2555 1691 2622 cognita
1723 2568 1869 2609 men-

324 2635 462 2688 tibus
491 2636 683 2707 nostris
704 2638 940 2691 charitas
963 2654 1135 2693 meam
1170 2638 1389 2708 impellit
1418 2642 1646 2709 linguam
1674 2642 1869 2711 aliquid

320 2730 550 2790 paterna:
599 2724 929 2780 salutationis
985 2735 1173 2781 vestra:
1217 2727 1420 2782 dictare
1471 2730 1760 2795 dilectioni,
1812 2738 1869 2785 ut

295 2815 500 2868 -sciatis
544 2815 802 2896 integram
860 2820 1061 2886 antiqui
1120 2822 1317 2875 amoris
1367 2821 1635 2878 ﬂammam
1685 2836 1867 2881 nostro

317 2904 683 2979 splendescere
731 2907 783 2959 in
829 2915 1072 2975 pectore;
1105 2905 1160 2963 et
1209 2926 1367 2979 quem
1410 2928 1618 2983 semper
1657 2917 1863 2972 ﬁdelem

316 2994 552 3058 probavi,
584 3008 792 3063 semper
816 3011 994 3049 amare
1016 3012 1120 3051 non
1144 2998 1412 3064 desistam,
1446 3002 1567 3069 quia
1610 3004 1859 3069 charitas,
1889 3025 1934 3089 ο

315 3080 461 3149 iuxta
512 3091 661 3135 vetus
711 3086 1067 3151 proverbium,
1104 3102 1222 3155 qure
1252 3089 1420 3143 deseri
1473 3102 1672 3160 potest,
1732 3110 1889 3165 mina

316 3185 478 3239 quam
519 3186 641 3224 vera
682 3171 798 3226 fuit.

387 3258 615 3320 Audiens
649 3260 826 3327 itaque
852 3272 1082 3329 vestram
1113 3266 1539 3333 prosperitatem,
1569 3279 1622 3323 et
1646 3286 1864 3324 conver-

315 3350 572 3401 sationem
621 3349 935 3405 laudabilem
963 3393 977 3417 ,
1009 3362 1061 3404 et
1106 3355 1343 3409 veritatis
1374 3357 1696 3421 instantiam,
1742 3370 1765 3397 ε
1811 3368 1866 3413 et

314 3439 576 3505 quomodo
602 3440 792 3493 stetisti
827 3456 945 3494 cum
996 3442 1188 3498 domno
1234 3446 1549 3514 apostolico,
1578 3450 1864 3503 secundum

315 3541 445 3579 mea:
472 3528 740 3594 petitionis
764 3530 1082 3595 chartulam,
1115 3547 1235 3585 mox
1266 3535 1427 3585 etiam
1458 3550 1651 3588 arcana
1690 3538 1864 3591 cordis

314 3616 418 3667 mei
442 3616 653 3680 cubilia,
694 3617 939 3671 resolutis
986 3620 1212 3673 tristitia:
1244 3622 1485 3686 habenis,
1519 3625 1569 3675 in
1614 3626 1860 3692 gaudium

313 3708 509 3773 apertis
551 3710 699 3762 ostiis
756 3711 1111 3777 prosiluerunt
1136 3753 1149 3775 ,
1204 3714 1355 3782 plena
1399 3730 1526 3769 voce
1571 3732 1689 3769 cum
1738 3733 1863 3784 apo-

315 3795 448 3848 stolo
492 3798 803 3850 decantare:
840 3798 1016 3867 Hujus
1042 3802 1167 3853 mihi
1192 3804 1437 3870 gaudium
1460 3821 1559 3875 na}:
1587 3816 1679 3867 est,
1707 3824 1859 3875 quam

312 3878 436 3952 [ut]
472 3882 608 3950 ﬁlios
653 3901 790 3937 meos
830 3887 883 3937 in
927 3887 1030 3953 [ide
1073 3897 1122 3940 et
1166 3890 1372 3941 veritate
1412 3892 1621 3943 audiam
1678 3895 1858 3945 ambu-

314 3971 423 4024 lare
458 3971 576 4042 (111
602 3973 757 4026 Joan.
786 3974 873 4043 4);
904 3977 1227 4044 miratusque
1274 3993 1389 4030 sum
1410 4020 1423 4043 ,
1453 3982 1714 4048 quomodo
1740 3983 1862 4049 qui-

312 4061 434 4113 dam
459 4063 721 4131 sapientes
754 4065 913 4119 surda
942 4069 1171 4135 pectoris
1218 4084 1344 4121 aure
1390 4070 1738 4138 apostolicum
1787 4073 1862 4127 le-

312 4151 514 4218 gissent
533 4155 845 4218 prommium
879 4172 890 4207 :
934 4155 1054 4210 Non
1077 4168 1149 4211 est
1186 4168 1429 4228 potestas,
1456 4156 1555 4212 nisi
1580 4178 1610 4213 a
1639 4161 1777 4224 Deo;
1812 4172 1859 4215 et
1886 4154 1907 4193 ν

310 4237 402 4305 qui
440 4240 675 4304 potestati
710 4244 913 4307 resistit,
957 4244 1051 4296 Dei
1100 4245 1409 4303 ordinationi
1446 4250 1631 4302 resistit
1682 4250 1855 4319 (Rom.

313 4326 499 4389 xm,1,
525 4325 599 4391 2).
629 4326 887 4391 Quoniam
914 4333 1088 4386 omnia
1111 4346 1229 4400 qua:
1253 4350 1282 4386 a
1307 4336 1413 4389 Deo
1443 4347 1583 4401 sunt,
1612 4324 1934 4404 ordinata!)

313 4412 465 4466 ﬁunt.
510 4415 647 4483 Ergo
682 4416 827 4469 locus
852 4419 977 4471 mihi
1009 4419 1274 4475 sulliciens
1310 4423 1421 4477 .luit
1453 4426 1753 4492 disputandi
1794 4428 1859 4479 de

312 4502 413 4555 hac
460 4517 651 4567 causa;
703 4506 793 4558 sed
822 4508 994 4560 sciens
1025 4511 1356 4577 prudentiam
1387 4524 1614 4565 vestram
1662 4516 1858 4582 optime

314 4592 425 4643 hinc
452 4589 625 4642 omnia
669 4594 843 4655 nosse”,
872 4602 924 4646 et
962 4597 1292 4651 velocissimo
1341 4616 1651 4668 percurrere
1700 4617 1856 4655 sensu

314 4682 606 4735 litterarum
652 4696 888 4734 mearum
933 4686 1146 4751 seriem,
1201 4690 1302 4743 hoc
1350 4700 1552 4743 tantum
1600 4688 1858 4745 admoneo

384 4822 407 4882 τι
433 4808 660 4882 Froben.
698 4813 851 4881 epist.
888 4814 1005 4867 182.

472 4878 1193 4963 ραωιξιώαγειιὶδιισεηζοιί.
1270 4890 1475 4963 Ricull‘o
1550 4892 1857 4963 Moguntino

316 4950 537 5022 sciticet,
564 4950 645 5029 (ad
692 4964 847 5030 quem
890 4954 1191 5019 praecedens
1230 4960 1449 5025 epistola
1491 4950 1708 5016 exai‘d’ta
1757 4976 1856 5030 est,

316 5016 671 5086 cujns_nc'.am
690 5016 856 5086 legas.

350 5078 407 5158 ’νδ
439 5078 801 5162 Et_9.tomod_o
846 5090 1027 5140 stetisti
1067 5108 1181 5162 cum
1210 5093 1410 5162 (domno
1455 5101 1747 5162 apostolico.
1784 5104 1857 5156 Ex

242 5204 243 5207 η
317 5149 400 5201 his
424 5149 595 5205 verbis
622 5160 674 5205 et
700 5154 904 5229 reliquo
928 5166 1107 5211 tenore
1138 5160 1287 5229 hujus
1315 5149 1857 5229 epistolze'indubidiii

314 5232 432 5295 esse
475 5221 1017 5295 censeo,_Dani(ntain
1068 5244 1156 5280 seu
1204 5221 1483 5295 Ricnl'fum,
1520 5221 1857 5294 cum/illiille:

313 5285 856 5375 haldo‘:_§olonieiisi,
908 5295 1120 5375 Arnoue
1174 5285 1858 5375 Salisburgeiisi,'"aliis'qne

314 5355 575 5438 episcopis
599 5372 661 5412 ac
688 5361 863 5438 missis
894 5364 1297 5438 regiis-Leonem
1324 5368 1384 5421 lll
1407 5355 1613 5438 papam,
1886 5392 1887 5395 ‘

314 5434 568 5503 autumno
596 5427 718 5509 annui
752 5429 851 5481 799
891 5427 1102 5509 ali'aula
1126 5434 1297 5487 Caroli
1348 5427 1515 5506 Magni
1566 5427 1853 5509 reversi—iiii,

314 5495 620 5575 (ciuitatum
649 5494 827 5573 fuisse,
848 5508 901 5575 et
927 5500 1022 5550 hoc
1048 5509 1208 5575 atque
1236 5494 1471 5575 sequenTi
1500 5524 1635 5561 anno
1656 5494 1856 5575 iudicio

315 5562 567 5617 adversus
589 5564 775 5631 impios
796 5562 1376 5638 adversarios'cjnsdem
1400 5562 1857 5649 ιςιιιιςιίδδὶιῖιὶῇᾇιι1

1990 468 2220 528 veniant,
2248 476 2301 521 et
2330 484 2506 522 mores
2534 470 2589 523 in
2626 470 2768 521 omni
2798 470 3043 536 mquitale
3091 471 3410 524 sanctissimi
3458 488 3541 525 sa-

1988 554 2269 606 cerdotalis
2311 556 2743 623 superhumerale
2766 557 2981 610 honoris
3006 566 3281 620 exornent,
3315 568 3371 611 ut
3397 560 3538 626 quod

1986 644 2156 697 oculis
2187 645 2471 699 multorum
2518 646 2725 699 videtur
2756 646 2806 698 in
2851 647 3110 709 humero,
3160 648 3398 701 omnium
3450 663 3543 704 ore

1986 734 2321 802 praedicetur,
2350 744 2507 802 atque
2532 744 2737 787 ametur
2780 735 2832 793 in
2860 735 3119 787 moribus.

2054 822 2194 876 Olim
2233 832 2286 877 te
2319 837 2440 877 cum
2472 824 2628 878 beato
2668 823 2823 876 Petro
2859 833 2965 875 tota
2998 833 3151 876 nocte
3180 824 3231 876 in
3274 825 3429 879 undis
3455 825 3533 878 la-

1984 911 2257 965 borantem
2283 913 2622 980 agnovimus;
2650 913 2741 965 sed
2769 913 2923 965 modo
2952 912 3061 977 jam
3084 912 3301 981 jamque
3319 912 3538 979 jubenze

1986 1001 2091 1055 Deo
2129 1002 2180 1055 in
2216 1004 2491 1055 dexteram
2517 1003 2734 1070 navigii,
2752 1018 2872 1055 cum
2894 1004 3049 1055 beato
3071 1002 3306 1071 principe
3328 1013 3539 1072 aposto-

1985 1089 2176 1151 lorum,
2208 1099 2318 1142 rete
2339 1090 2653 1143 mittendum
2685 1100 2765 1143 est
2792 1089 2968 1158 (Joan.
2992 1106 3079 1141 XXI
3100 1130 3113 1152 ,
3150 1091 3253 1161 11),
3279 1101 3335 1144 ut
3357 1092 3536 1159 capias

1982 1180 2096 1233 sine
2139 1180 2367 1233 scissura
2400 1180 2548 1243 retis,
2582 1180 2633 1232 id
2658 1190 2766 1240 est,
2802 1180 2854 1231 in
2899 1179 3220 1247 perfectione
3262 1181 3535 1233 catholica:

1981 1270 2123 1333 ﬁdei,
2155 1285 2372 1339 magnos
2392 1271 2566 1337 pisces
2589 1278 2801 1323 centum
2840 1270 3219 1338 quinquaginta
3246 1278 3374 1333 tres,
3405 1286 3534 1337 quo-

1982 1372 2098 1409 rum
2128 1372 2209 1410 me
2236 1356 2586 1408 ministerium
2627 1355 2752 1409 olim
2788 1364 2977 1408 vestrm
3018 1356 3287 1407 sanctitati
3314 1356 3337 1391 σ¹
3372 1370 3533 1423 espo-

1980 1459 2106 1498 nere
2146 1445 2411 1498 recordor.
2462 1445 2599 1506 Sed,
2656 1444 2787 1496 heu!
2819 1441 2950 1511 proh
2989 1442 3166 1495 dolor!
3214 1442 3355 1509 quod
3386 1451 3531 1496 tanta

1979 1534 2210 1588 scissura
2264 1532 2534 1601 apostolici
2575 1530 2703 1584 retis
2756 1530 2931 1584 subito
2979 1528 3116 1581 facta
3148 1538 3247 1592 est,
3304 1529 3388 1581 ubi
3444 1529 3531 1581 ille

1979 1622 2241 1675 maximus
2278 1621 2575 1673 animarum
2607 1619 2839 1687 piscator
2860 1617 3217 1671 sacratissimo
3249 1618 3531 1684 requiescit

1904 1700 1948 1759 Β
1978 1723 2228 1777 corpore;
2280 1715 2338 1762 ut
2366 1708 2455 1761 vix
2498 1706 2845 1759 conveniente
2875 1714 3180 1757 sanctorum
3212 1720 3275 1757 ex
3309 1705 3532 1759 diversis

1972 1798 2151 1853 mundi
2177 1797 2415 1867 partibus
2438 1796 2813 1865 magistrorum
2856 1794 3007 1847 turba
3039 1792 3214 1862 impia:
3243 1794 3527 1846 dissensio-

1973 1890 2053 1943 nis
2084 1888 2311 1943 scissura
2341 1889 2440 1956 pize
2465 1886 2740 1941 charitatis
2766 1885 3009 1938 resarciri
3034 1885 3200 1953 potuit
3228 1883 3349 1937 tilis.
3381 1885 3525 1938 Insu-

1971 1991 2083 2045 per,
2105 1978 2243 2031 sicut
2268 1974 2464 2039 audivi,
2496 1975 2635 2043 quod
2662 1975 2775 2028 sine
2798 1971 2979 2027 dolore
3001 1972 3179 2025 cordis
3201 1988 3301 2026 non
3327 1973 3522 2027 dicam.

1970 2067 2112 2134 ipsos
2164 2064 2301 2118 male
2342 2065 2480 2117 inter
2521 2078 2576 2117 se
2620 2062 2900 2117 dissentire
2951 2061 3251 2128 magistros.
3301 2061 3521 2127 Quidam

1970 2168 2096 2206 vero
2137 2152 2374 2205 volentes
2419 2152 2725 2220 rudipannis
2772 2149 2943 2221 [Leg.,
2980 2152 3128 2204 rudis
3153 2150 3335 2221 panni]
3378 2167 3526 2204 assu-

1970 2251 2207 2296 mentum
2244 2242 2409 2295 veteri
2454 2233 2762 2295 immittere‘
2789 2243 3102 2294 vestimento
3130 2282 3143 2305 ,
3199 2252 3253 2294 et
3294 2242 3521 2310 peiorem

1968 2328 2145 2384 facere
2200 2331 2487 2383 scissuram
2538 2328 2745 2397 (Matth.
2793 2345 2879 2392 ix,
2933 2329 3023 2393 16;
3078 2329 3242 2381 Marc.
3281 2348 3351 2395 ιι,
3401 2331 3521 2399 21);

1966 2418 2181 2485 quidam
2223 2432 2349 2469 vero
2370 2416 2574 2469 meliori
2599 2414 2817 2469 consilio
2839 2424 3016 2468 vetera
3048 2415 3357 2482 reformare,
3392 2427 3443 2471 et
3470 2420 3521 2472 in

1967 2509 2242 2576 antiquum
2276 2522 2531 2576 reponere
2579 2506 2849 2569 ordinem;
2903 2523 3022 2561 eum
3077 2508 3267 2576 quibus
3290 2519 3519 2563 vestram

1966 2600 2357 2652 sanctissimam
2383 2599 2789 2651 sollicitudinem
2821 2598 3062 2652 laborare
3095 2600 3429 2661 audivimus;
3468 2612 3523 2654 et

1966 2687 2161 2756 placuit
2190 2686 2317 2739 mihi
2366 2686 2585 2738 multum
2616 2687 2721 2760 pia;
2766 2689 2913 2754 pacis
2958 2698 3116 2754 atque
3149 2689 3523 2745 ecclesiasticae

1966 2772 2260 2825 concordia:
2312 2788 2403 2825 vos
2440 2773 2727 2825 secundum
2780 2774 2942 2826 Deum
2992 2774 3339 2827 semiuatores
3376 2790 3518 2837 esse,

1966 2861 2017 2915 in
2049 2876 2153 2929 qua
2198 2870 2429 2914 vestram
2460 2862 2883 2915 benevolentiam
2928 2877 3137 2929 semper
3184 2865 3373 2918 sudare
3428 2880 3519 2918 ex—

1963 2959 2116 3020 opto;
2148 2951 2484 3005 recordantes
2529 2949 2885 3004 dulcissimam
2939 2950 3145 3004 Domini
3189 2951 3521 3021 largitionem

1966 3040 2018 3092 in
2057 3055 2181 3094 suos
2207 3080 2221 3103 ,
2268 3040 2490 3093 dicentis
2520 3054 2533 3091 :
2568 3039 2754 3092 Pacem
2802 3056 2966 3092 meam
3001 3039 3066 3090 do
3110 3038 3247 3095 vobis
3271 3082 3284 3104 ,
3336 3059 3512 3112 pacem

1966 3146 2129 3181 meam
2164 3127 2391 3197 relinquo
2422 3129 2593 3190 vobis;
2622 3145 2722 3180 non
2748 3131 3003 3197 quomodo
3029 3131 3251 3183 mundus
3275 3132 3392 3193 dat,
3426 3150 3518 3200 ego

1964 3218 2029 3270 do
2059 3218 2195 3270 vobis
2218 3216 2404 3285 (Joan.
2441 3232 2547 3280 xiv,
2570 3215 2679 3285 27).
2713 3217 2880 3270 Aliter
2913 3223 3082 3273 sancti
3119 3221 3170 3273 in
3210 3221 3351 3274 omni
3380 3223 3523 3276 bono

1964 3304 2167 3374 paciﬁci
2199 3306 2337 3359 inter
2377 3318 2433 3358 se
2471 3319 2589 3358 esse
2617 3306 2805 3359 debent
2838 3321 2851 3358 :
2880 3307 3034 3362 aliter
3071 3309 3360 3377 smpissime
3394 3325 3521 3379 pec-

1964 3402 2171 3444 catores
2205 3406 2389 3459 pacem
2435 3392 2573 3445 inter
2621 3407 2679 3446 se
2718 3394 2913 3448 habere
2958 3405 3266 3460 noscuntur,
3290 3398 3428 3451 sicut
3464 3399 3516 3451 in

1962 3489 2151 3534 sancto
2182 3480 2465 3551 Evangelio
2496 3481 2561 3534 de
2595 3482 2801 3538 Herode
2834 3492 2888 3538 et
2935 3484 3107 3540 Pilato
3145 3487 3343 3558 legitur
3366 3488 3514 3556 (Luc.

1963 3582 2113 3628 um,
2149 3566 2255 3636 1‘2).
2282 3567 2428 3620 Illam
2450 3582 2577 3623 vero
2611 3584 2811 3637 pacem,
2840 3586 2959 3638 qua:
2985 3573 3124 3627 inter
3146 3583 3359 3628 sanctos
3385 3576 3519 3630 solet

1960 3670 2115 3718 esse,
2172 3656 2424 3724 propheta
2473 3670 2539 3708 es
2590 3657 2838 3711 mandato
2888 3658 3096 3712 Domini
3135 3662 3397 3729 prmdixit,
3428 3664 3517 3716 ubi

1962 3746 2033 3797 ait
2067 3760 2079 3796 :
2114 3744 2299 3796 Pacem
2326 3755 2369 3797 et
2398 3747 2660 3799 veritatem
2684 3746 2903 3816 diligite,
2929 3749 3053 3802 dicit
3075 3748 3327 3804 Dominus
3355 3754 3517 3806 omni-

1958 3843 2131 3902 potens
2155 3832 2335 3903 (Zach.
2362 3850 2477 3897 vui,
2512 3836 2616 3904 19).
2650 3836 2716 3891 Et
2737 3840 2978 3909 egregius
3008 3839 3329 3896 Praedicator
3358 3860 3369 3872 ’
3398 3842 3517 3897 Pax

1960 3918 2193 3991 Christi,
2246 3938 2361 3988 qum
2413 3934 2684 3990 exsuperat
2724 3941 2921 3979 omnem
2968 3945 3203 3991 sensum,
3256 3932 3511 3983 custodiat

1959 4006 2113 4057 corda
2140 4017 2304 4065 vestra
2328 4010 2379 4059 in
2402 4000 2651 4061 charitate
2691 4022 2735 4062 et
2758 4016 3028 4066 sanctitate
3059 4016 3304 4085 (Philipp.
3331 4034 3403 4081 tv,
3436 4020 3509 4088 7).

1960 4094 2105 4147 llanc
2128 4103 2299 4147 vestra
2326 4097 2566 4165 religiosa
2598 4100 2766 4165 pietas
2794 4108 2847 4153 et
2885 4105 3202 4159 venerabilis
3224 4110 3513 4162 auctoritas

1959 4198 2078 4236 cum
2128 4186 2375 4239 omnibus
2430 4187 2535 4239 Deo
2592 4190 2943 4245 servientibus
2984 4209 3192 4263 semper
3239 4209 3507 4267 sequatur.

1960 4273 2106 4327 lianc
2132 4274 2399 4343 angelicus
2444 4284 2569 4332 nato
2612 4278 2833 4333 Domino
2861 4284 3053 4336 cecinit
3079 4294 3265 4351 emtas,
3291 4288 3471 4344 dicens
3495 4308 3506 4342 ε

1958 4361 2137 4414 Gloria
2157 4363 2209 4414 in
2230 4362 2439 4416 excelsis
2466 4365 2591 4427 Deo,
2608 4377 2653 4417 et
2686 4368 2739 4419 in
2765 4379 2899 4421 terra
2929 4389 3033 4438 pax
3053 4374 3341 4427 hominibus
3368 4377 3509 4435 boote

1960 4450 2230 4501 voluntatis
2285 4450 2431 4518 (Luc.
2460 4468 2517 4512 ll,
2564 4453 2667 4519 Η).
2723 4454 2777 4506 In
2841 4456 2939 4510 hac
2986 4460 3145 4511 etiam
3180 4469 3233 4513 et
3276 4462 3327 4514 in
3364 4465 3505 4516 omni

1958 4537 2097 4590 bono
2124 4547 2350 4591 vestram
2374 4541 2771 4606 beatitudinem,
2799 4544 2973 4598 divina
3010 4547 3289 4614 adjuvante
3316 4555 3507 4621 gratia,

1959 4627 2213 4691 prolicere
2240 4636 2382 4695 Opto,
2424 4630 2643 4683 Domine
2682 4636 2996 4700 venerande,
3045 4646 3098 4689 et
3128 4638 3505 4694 desiderantis-

1960 4717 2095 4769 sime
2128 4718 2227 4769 lili!

1961 4843 2115 4921 tilieis
2144 4844 2461 4928 interfuisse,
2491 4851 2739 4928 quamvis
2752 4868 2904 4928 nemo
2929 4854 3063 4928 alith
3088 4855 3224 4928 illius
3256 4860 3505 4928 temporis

1959 4913 2185 4989 scriptor
2206 4914 2256 4966 id
2276 4914 2339 4989 de
2366 4913 2570 4989 Ricull’o
2593 4920 2903 4986 prodiderit.
2930 4923 3167 4977 Suﬂieiat
3193 4942 3319 4979 vero
3347 4913 3499 4982 hocet

1958 4980 2161 5060 Aleiiini
2192 4984 2543 5037 testimonium
2569 4980 2709 5040 muni
2737 4994 3044 5058 exceptione
3072 4996 3331 5060 superius.

2027 5048 2050 5085 ά
2086 5049 2352 5117 Exponere
2391 5059 2645 5107 recordor.
2676 5048 2881 5111 Verbis'
2904 5076 2970 5112 an
3001 5048 3190 5115 litteris
3229 5064 3280 5115 id
3323 5063 3501 5118 fecerit

1957 5117 2210 5199 {Alcuiirus
2230 5138 2294 5173 ex
2322 5124 2403 5199 his
2428 5139 2529 5199 nou
2556 5126 2748 5177 elucet.
2782 5129 2834 5199 ln
2864 5130 3025 5195 priori
3045 5131 3263 5199 quidem
3286 5135 3503 5199 epistola

1961 5186 2100 5279 hunc
2141 5188 2313 5243 locum
2342 5189 2558 5279 luamus
2583 5186 2918 5261 evangelista:
2958 5186 3163 5277 attigit;
3198 5186 3501 5279 mysierimn

1960 5260 2384 5333 tametrnunieri
2435 5259 2932 5333 illius,rmag‘norum
2978 5259 3219 5333 piscium.
3250 5259 3501 5321 intactum

1960 5324 2199 5404 reliquit;
2233 5326 2613 5404 nisinsuspicat'i
2658 5324 2921 5399 quispiam
2950 5324 3092 5397 velit,
3139 5336 3282 5389 illam
3311 5340 3501 5404 episto-

1959 5392 2062 5442 lam
2088 5407 2203 5469 esse
2221 5392 2533 5470 mutilatani.
2564 5392 2702 5451 Idem
2726 5392 2899 5453 tamen
2924 5392 3232 5470 mysterium
3253 5392 3503 5459 Ale'uinns

1958 5462 2200 5531 etposuit
2228 5462 2279 5512 in
2312 5470 2691 5521 commentario
2714 5470 2766 5523 in
2786 5462 3129 5531 Evangelium
3154 5474 3318 5525 satis“
3358 5472 3407 5510 ιη
3426 5494 3451 5509 -‘
3482 5506 3487 5510 -

1959 5530 2059 5587 nis,
2090 5530 2139 5579 in
2170 5544 2285 5598 Cap.
2317 5547 2426 5593 nt,
2460 5536 2542 5585 ll.
