4238 6220
356 382 460 437 565

1771 374 1981 429 EPIS’H
1992 372 2125 426 ιωε

3486 368 3593 429 566

356 491 657 565 piamentis,
686 504 915 545 necnon
943 498 995 544 et
1020 489 1487 559 gloriaperpetute
1530 486 1874 544 beatitudinis
1905 506 1915 540 :
1952 494 1997 548 Α
2027 482 2287 551 subjicere
2342 481 2565 536 consilio
2621 478 2854 534 decrevi.
2923 479 3077 545 Quia,
3128 490 3185 534 ut
3238 498 3360 537 vere
3402 486 3590 548 fateor,

360 583 482 652 quia
534 582 865 636 solummodo
916 595 1043 633 vera
1086 588 1171 633 est
1213 579 1469 649 sapientia
1508 593 1626 647 quae
1658 579 1842 633 beatos
1871 586 1925 632 et

359 674 589 727 reternos
607 672 799 727 elﬁciet
819 673 951 726 dies.
981 671 1105 725 Πωο
1124 671 1265 725 enim
1291 678 1523 726 vestram
1546 670 1801 740 optimam
1822 671 1927 725 sol-

359 762 717 827 lieitudinem,
772 763 997 817 Domine
1043 762 1117 816 mi
1166 762 1356 829 David,
1402 777 1613 831 semper
1659 778 1841 817 amare
1874 771 1930 819 et

360 856 659 927 praedicare
704 855 1087 925 agnosceham;
1119 869 1416 924 omnesque
1461 855 1527 908 ad
1565 870 1684 909 eam
1715 855 1926 910 discen-

336 947 489 1005 dam
511 947 803 1011 exhortari,
836 946 944 1001 imo
965 953 1020 1000 et
1048 947 1283 1016 prtemiis
1322 947 1723 1015 honoribusque
1775 947 1926 1001 solli-

364 1032 561 1099 citare,
587 1045 749 1104 atque
773 1049 839 1088 ex
867 1034 1093 1089 diversis
1146 1034 1329 1088 mundi
1375 1035 1619 1103 partibus
1664 1044 1932 1090 amatores

366 1127 509 1182 illius
534 1133 727 1182 vestra:
753 1127 907 1181 bona:
932 1125 1190 1180 voluntati
1213 1124 1484 1193 adjutores
1507 1141 1803 1183 convocare
1822 1134 1932 1180 stu-

366 1219 577 1273 duistis.
596 1218 742 1273 Inter
755 1233 888 1288 quos
910 1235 995 1273 me
1017 1220 1178 1273 etiam
1210 1219 1451 1273 inﬁmum
1477 1218 1713 1287 ejusdem
1739 1226 1934 1274 sancta:

366 1308 643 1376 sapientia:
670 1308 1038 1372 vemaculum,
1068 1309 1133 1363 de
1159 1308 1361 1363 ultimis
1408 1308 1696 1363 Britannia:
1742 1308 1935 1362 ﬁnibus

366 1396 668 1451 adsciscere
686 1396 944 1461 curastis;
973 1407 1133 1465 atque
1149 1398 1350 1451 utinam
1378 1404 1486 1451 tam
1507 1397 1691 1451 utilem
1710 1398 1763 1451 in
1780 1398 1936 1451 domo

368 1484 461 1538 Dei
486 1484 779 1549 servulum,
805 1500 966 1555 quam
996 1486 1358 1555 promptulum
1380 1494 1570 1540 vestra:
1593 1486 1812 1540 obedire
1846 1500 1937 1539 vo—

372 1572 567 1628 luntati
585 1575 597 1627 l
612 1574 751 1640 Quia
764 1574 991 1645 diligens
1004 1575 1289 1645 diligebam
1306 1576 1357 1629 in
1375 1575 1735 1630 sacratissimo
1758 1585 1939 1645 pecto-

367 1679 430 1721 re
447 1672 648 1730 vestro,
666 1664 807 1735 quod
828 1665 881 1718 in
912 1680 997 1721 me
1018 1681 1114 1720 vos
1136 1666 1267 1721 velle
1298 1666 1537 1721 invenire
1558 1666 1933 1736 intelligebam.

441 1756 595 1812 Unde
612 1756 847 1824 quntidie
875 1757 1028 1811 avida
1046 1758 1222 1812 cordis
1244 1758 1556 1822 intentione,
1585 1759 1855 1827 suspensis
1886 1760 1938 1813 in

370 1847 532 1900 verba
559 1847 885 1900 venientium
913 1847 1150 1911 auribus,
1181 1848 1440 1903 sollicitus
1466 1864 1636 1912 eram,
1661 1848 1792 1917 quid
1807 1849 1937 1903 mihi
1974 1820 2015 1878 Β

376 1936 687 1989 nuntiarent
711 1937 776 1991 de
803 1937 1017 1991 domino
1043 1954 1161 1992 meo
1185 1938 1492 1993 dulcissimo
1515 1939 1712 1993 David:
1731 1940 1941 2009 quando

379 2028 593 2082 domum
619 2029 847 2093 rediret;
894 2031 1107 2099 quando
1128 2032 1358 2099 patriam
1398 2040 1774 2086 reverteretur.
1805 2032 1942 2088 Tan-

380 2116 500 2170 dem
525 2116 827 2185 aliqurndo,
852 2119 1096 2186 quamvis
1120 2134 1259 2183 sem,
1290 2135 1388 2175 vox
1413 2128 1593 2189 optata
1622 2136 1944 2175 concurren-

382 2206 515 2259 tium
569 2206 818 2260 desiderii
867 2208 968 2261 tnei
1024 2200 1257 2262 insenuit
1292 2210 1510 2263 auribus
1543 2227 1554 2261 :
1586 2207 1703 2262 Jam
1727 2208 1946 2278 jam'tpu:
1986 2237 1991 2241 ι

379 2295 587 2361 veniet;
620 2308 643 2336 ι
668 2294 779 2364 jam
826 2297 985 2366 Alpes
1024 2298 1291 2363 transivit,
1316 2313 1473 2366 quem
1505 2307 1653 2353 tanto
1678 2300 1839 2353 animi
1870 2300 1943 2353 tui

379 2385 608 2452 fervore,
637 2402 669 2441 ο
698 2387 905 2449 Al':i'ne,
938 2390 1123 2442 adesse
1151 2389 1369 2457 optasti.
1402 2388 1536 2443 Tum
1574 2405 1674 2458 ego
1701 2398 1947 2459 repetens

381 2476 574 2531 iterum
593 2484 752 2545 atque
774 2477 968 2531 iterum
989 2477 1471 2548 laerymabili‘voce
1498 2478 1722 2532 clamavi
1745 2496 1759 2531 :
1783 2476 1827 2532 0
1842 2479 1942 2533 Do-

386 2568 526 2621 mine
540 2568 691 2621 Jesu!
718 2582 883 2635 quare
904 2583 1008 2622 non
1035 2568 1131 2621 das
1154 2567 1283 2621 mihi
1304 2580 1507 2635 pennas
1537 2567 1761 2636 aquilae?
1778 2582 1948 2637 quare

386 2675 490 2713 non
522 2658 923 2721 translationem
974 2656 1223 2713 ilabacuc
1266 2660 1544 2728 propheta:
1596 2674 1698 2712 una
1728 2660 1833 2723 die,
1862 2658 1946 2713 vel

380 2749 539 2801 etiam
570 2748 700 2801 hora
729 2747 996 2812 concedis,
1018 2754 1077 2800 ut
1105 2747 1394 2816 amplectar
1413 2754 1466 2802 et
1490 2748 1699 2802 osculer
1728 2749 1946 2817 vestigia

392 2834 543 2905 151
576 2836 716 2890 illius
747 2836 1047 2891 cbarissimi
1072 2837 1198 2898 mei.
1242 2846 1297 2891 et
1319 2853 1479 2907 super
1516 2852 1674 2892 omne
1712 2839 1853 2907 quod
1894 2839 1947 2892 in

390 2929 492 2983 hoc
524 2929 718 2981 mundo
748 2930 915 2983 amari
953 2938 1148 2998 potest,
1181 2930 1473 2985 dulcissimi
1515 2930 1697 2985 oculos
1739 2930 1946 2985 videam

388 3018 739 3085 clarissimos;
788 3019 946 3072 verba
992 3018 1645 3088 audiamjucundissima?
1693 3020 1789 3075 Vel
1821 3021 1948 3091 quid

390 3116 444 3160 tu
468 3107 702 3172 inimica,
720 3116 955 3177 tempore
973 3109 1294 3177 importuno,
1312 3124 1397 3163 me
1407 3110 1680 3179 oppr-imis,
1697 3109 1879 3176 febris,
1896 3119 1950 3165 et
1974 3142 2020 3201 ο

389 3211 491 3249 non
515 3197 780 3265 permittis
802 3213 886 3252 me
913 3199 1067 3252 solita
1097 3200 1336 3269 corporis
1360 3201 1461 3254 mei
1487 3200 1760 3255 alacritate
1779 3202 1947 3273 fungi,

390 3295 449 3340 ut
477 3286 555 3341 vel
584 3288 734 3342 tarde
762 3286 876 3352 ﬁat,
906 3292 1044 3357 quod
1071 3290 1178 3343 cito
1205 3306 1329 3344 -uou
1367 3290 1539 3345 valet?
1576 3289 1825 3345 Attamen
1848 3292 1951 3346 boc

390 3376 649 3433 adventus
700 3380 864 3433 vestri
907 3371 1211 3447 gratissimo
1242 3380 1393 3435 latus
1420 3380 1627 3443 nuntio,
1671 3380 1949 3436 confestim

395 3468 421 3507 δ
446 3468 740 3523 Candidum
764 3476 1005 3522 nostrum
1032 3478 1221 3524 vestra:
1247 3471 1457 3525 obviam
1488 3471 1840 3526 sanctissima:
1868 3472 1950 3524 di-

392 3556 604 3612 lectioni
631 3558 859 3627 dirigere
883 3560 1082 3622 studui,
1105 3560 1311 3615 habens
1336 3562 1388 3613 in
1429 3577 1588 3615 manu
1617 3562 1948 3623 munuscula,

393 3651 560 3719 gratia
588 3649 832 3713 senioris,
882 3657 1059 3704 certus
1086 3650 1337 3704 clienteiti
1370 3651 1571 3721 [Forte,
1598 3662 1750 3721 grata
1779 3653 1953 3706 senio-

393 3741 467 3796 ris
507 3741 669 3795 vestri
714 3740 1010 3812 clientelli],
1038 3749 1091 3795 et
1134 3744 1190 3794 in
1232 3755 1326 3795 ore
1352 3743 1683 3797 necessarias
1712 3743 1951 3810 magistri

392 3834 711 3896 voluntates,
735 3849 892 3902 quem
911 3832 1212 3903 benignitas
1234 3842 1432 3897 vestra,
1463 3842 1523 3886 ut
1543 3834 1833 3888 clementer
1860 3827 1945 3887 ati-

395 3923 527 3986 diat,
554 3923 796 3976 obsecro.

462 4012 691 4080 Tempus
731 4020 812 4066 est
865 4020 924 4065 ut
971 4016 1225 4081 agnoscat
1278 4012 1562 4068 inﬁrmitas
1609 4015 1950 4085 fragilitatem

395 4106 564 4168 suam,
592 4112 645 4157 et
672 4112 777 4156 tota
810 4118 865 4157 se
888 4104 1127 4158 conferat
1155 4105 1206 4157 iu
1225 4105 1569 4159 stabilitatem
1597 4105 1788 4159 anima:
1811 4120 1949 4159 sum:

395 4204 452 4247 ut
471 4195 714 4264 quamvis
740 4194 972 4249 exterior
993 4195 1152 4249 homo
1175 4210 1434 4249 annorum
1462 4210 1685 4249 numero
1710 4194 1790 4248 vel
1811 4211 1952 4249 mor-

393 4284 581 4339 borum
616 4284 856 4339 molestia
891 4294 1230 4349 eonteratur,
1269 4294 1441 4341 tamen
1490 4297 1776 4340 renovetur
1816 4287 1955 4341 desi—

396 4369 545 4424 derio
570 4370 757 4424 salutis
797 4379 1011 4425 mternce
1054 4372 1275 4426 interior
1311 4373 1376 4426 de
1412 4371 1499 4427 die
1524 4373 1577 4425 in
1604 4372 1763 4427 diem.
1803 4372 1952 4437 Quod

2026 573 2284 644 quidquid
2328 587 2427 641 per
2474 572 2566 626 Dei
2614 569 2923 625 miserantis
2967 571 3194 639 gratiam
3240 573 3367 626 mihi
3418 584 3595 629 vestra

2027 665 2241 734 pietatis
2268 662 2602 733 providentia
2631 660 2894 731 disposuit
2936 662 3234 735 agendum,
3272 665 3595 720 omnimodis

2028 772 2285 827 prospere
2314 756 2445 810 mibi
2484 754 2792 824 pervenisse
2826 753 3069 823 probavi.
3112 753 3244 809 Nam
3274 755 3387 813 fere
3412 768 3433 795 ε
3468 767 3595 812 ante

2030 857 2132 910 hoc
2178 852 2601 924 quinquermium
2651 849 2936 904 saeculares
2981 849 3377 918 occupationes,
3424 850 3592 905 Deum

2031 954 2219 1008 testor,
2268 958 2378 998 non
2405 941 2529 997 ﬁcto
2568 941 2732 996 corde
2770 938 3039 994 declinare
3073 939 3324 1007 cogitavi.
3365 938 3470 993 Sed
3506 955 3599 993 ve-

2030 1046 2157 1091 stra:
2189 1036 2292 1105 pia:
2330 1032 2679 1104 providentia:
2722 1030 2985 1093 consilio,
3051 1029 3339 1084 translatus
3383 1046 3502 1084 sum
3546 1031 3599 1084 in

2032 1127 2310 1183 servitium
2335 1125 2508 1179 sancti
2536 1123 2767 1183 Martini,
2817 1121 2937 1175 tidei
2967 1123 3243 1176 catholica:
3267 1130 3320 1176 et
3342 1122 3599 1177 ecclesia-

2033 1221 2181 1275 stica!
2201 1216 2464 1273 sanctioni
2489 1256 2503 1279 ,
2551 1216 2785 1269 donante
2820 1212 2957 1275 Deo,
2995 1213 3313 1282 proﬁcuum.
3372 1211 3489 1267 Non
3512 1228 3600 1267 re-

2034 1311 2199 1366 cessit
2224 1320 2401 1364 tamen
2428 1309 2495 1362 de
2516 1307 2676 1361 corde
2702 1305 2899 1373 prioris
2919 1304 3205 1358 voluntatis
3225 1303 3466 1368 affectus,
3492 1304 3602 1359 sic-

2036 1410 2096 1455 ut
2124 1408 2396 1455 transacto
2420 1412 2560 1451 anno
2586 1404 2776 1449 vestrae
2801 1393 2982 1463 pietati
3002 1391 3111 1460 jam
3141 1393 3383 1461 prtedixi.

2108 1491 2233 1545 Πειξο
2259 1489 2438 1543 omnia
2467 1495 2642 1541 vestra
2688 1484 2991 1538 consideret
3015 1482 3245 1545 bonitas,
3290 1490 3344 1536 et
3366 1483 3454 1552 pia
3479 1498 3603 1552 pro-

2038 1583 2293 1637 missione
2329 1580 2593 1649 disponat,
2624 1577 2773 1646 quia,
2802 1583 2863 1629 ut
2886 1574 3129 1643 praedixi,
3160 1582 3270 1628 tota
3298 1590 3430 1629 mea:
3452 1590 3601 1629 men-
3658 1568 3663 1575 ’

2041 1675 2107 1728 tis
2148 1672 2371 1726 intentio
2418 1670 2487 1723 ad
2529 1668 2782 1723 bonitatis
2828 1674 3020 1720 vestrm
3065 1665 3343 1720 verissime
3387 1666 3606 1736 respicit

2039 1762 2340 1817 consilium.
2382 1759 2492 1813 Nec
2515 1758 2618 1811 alio
2641 1773 2698 1811 se
2721 1755 2960 1827 quolibet
2986 1753 3168 1826 [Forte
3187 1794 3203 1820 ,
3246 1755 3334 1809 alii
3372 1771 3429 1811 se
3452 1757 3606 1811 cuili-

2041 1851 2151 1923 bet]
2198 1850 2397 1913 credit;
2446 1848 2571 1917 quia
2614 1847 2667 1900 in
2706 1854 2758 1899 te
2796 1854 2906 1900 tota
2938 1844 3262 1899 inﬁrmitatis
3289 1847 3608 1901 senectutis-

2041 1959 2145 2012 que
2169 1956 2300 1995 mete
2329 1938 2622 1995 consolatio
2660 1936 2908 1990 intendit.
2962 1936 3109 1990 Inter
3132 1934 3328 1990 fratres
3355 1936 3409 1989 in
3438 1937 3609 1992 cccle-

2042 2034 2119 2087 sia
2149 2031 2321 2087 sancti
2344 2028 2553 2083 Martini
2579 2027 2688 2081 Deo
2715 2025 2943 2080 ﬁdeliter
2972 2024 3267 2079 servientes
3310 2026 3487 2080 vivere
3523 2026 3606 2079 vel

2044 2122 2410 2191 requiescere,
2458 2118 2568 2171 Deo
2616 2116 2935 2177 miserante,
2985 2114 3102 2166 sine
3149 2112 3254 2166 ulla
3280 2112 3609 2168 dubitatione

2041 2212 2317 2274 desidero;
2386 2206 2731 2276 ejusdemque
2790 2202 3084 2258 beatissimi
3133 2204 3365 2272 pectoris
3409 2202 3608 2272 [Forte

2044 2296 2384 2372 protectoris]
2427 2297 2592 2351 vestri
2637 2294 2953 2365 participem
3008 2307 3127 2348 esse
3174 2292 3228 2345 in
3269 2292 3377 2346 vita
3410 2301 3608 2348 teterna

2046 2400 2279 2445 vestram
2346 2388 2687 2444 dilectionem
2741 2383 3123 2454 perpetualiter
3170 2392 3316 2452 opto.
3395 2382 3609 2454 llocque

2046 2480 2212 2534 Deum
2260 2478 2489 2533 assiduis
2530 2474 2779 2544 precibus
2829 2475 3076 2537 obsecro,
3122 2480 3182 2526 ut
3224 2487 3461 2541 prtesens
3504 2474 3612 2528 vita

2045 2569 2371 2627 excellentia:
2396 2576 2586 2621 vestra:
2604 2566 2720 2634 ejus
2749 2565 2919 2619 sancti
2962 2563 3436 2619 intercessionibus
3463 2563 3612 2631 adju-

2045 2670 2220 2722 vetur,
2246 2664 2577 2727 protegatur,
2606 2665 2661 2711 et
2685 2656 2974 2718 consistat;
3021 2661 3077 2708 et
3098 2661 3218 2721 post
3241 2653 3379 2709 hanc
3413 2661 3613 2709 interna

2047 2767 2168 2806 cum
2197 2751 2388 2805 eodem
2410 2748 2739 2802 beatitudine
2762 2744 2963 2816 perfrui
2989 2744 3269 2809 merearis,
3292 2744 3505 2801 domine
3527 2746 3612 2801 di-

2045 2840 2338 2895 lectissime
2369 2844 2423 2893 et
2444 2835 2933 2891 desiderantissime
2955 2834 3140 2888 David.

2432 2946 2587 3016 152
2612 2945 2638 2985 ἀ
2666 2942 2996 3000 EPISTOLA
3031 2942 3239 2998 CXXX.

2641 3054 2705 3091 AD
2754 3051 3019 3091 ARNONEII.

2662 3129 2838 3199 (Anno
2864 3128 3009 3195 80f.)

2056 3218 2301 3292 Epistolrg
2325 3221 2627 3292 respondet;
2654 3220 2918 3292 sinistram
2962 3219 3300 3287 suspicionem
3330 3234 3365 3292 rt
3396 3234 3450 3271 se
3474 3236 3613 3292 amo-_

2120 3299 2217 3343 cet.
2257 3289 2386 3359 Regi
2404 3286 2458 3343 se
2477 3291 2733 3359 suasisse,
2752 3289 2872 3359 _ait,
2917 3286 3057 3359 quas
3084 3302 3269 3340 missos
3290 3286 3514 3359 eligeret,
3543 3290 3613 3341 ad

2111 3355 2355 3430 justitias
2394 3358 2704 3430 faciendas._
2743 3356 2848 3430 Pro
2890 3355 2944 3409 se
2967 3357 3133 3430 D_eum
3158 3355 3428 3430 orarit'et
3456 3355 3615 3430 Leoni

2117 3420 2285 3499 papae,
2318 3420 2545 3499 Paulino
2570 3427 2899 3499 patrittrclttv,
2916 3436 2964 3478 et
2990 3423 3142 3499 Petro
3168 3420 3540 3499 Mediolanensi
3563 3443 3615 3478 se

2119 3493 2471 3550 commendari
2495 3493 2654 3564 cupit.
2698 3493 2955 3546 Hortatur
2973 3494 3178 3564 demum
3212 3494 3278 3545 ad
3319 3495 3461 3561 pacis
3484 3494 3615 3547 inter

2120 3566 2495 3619 ecclesiasticas
2522 3563 2768 3633 personas
2793 3563 3119 3617 restituenda:
3141 3564 3334 3615 studia.

2101 3662 2414 3717 Venerando
2428 3660 2570 3714 Patri
2585 3661 2788 3730 Aquila:
2802 3660 3120 3727 evangeliea:
3130 3659 3355 3713 Albinus
3367 3660 3591 3714 salutem
3602 3703 3614 3713 .

2119 3757 2394 3811 Venerunt
2417 3756 2542 3809 mihi
2571 3761 2762 3807 vestra:
2790 3752 3090 3807 dilectionis
3116 3753 3295 3821 apices
3322 3752 3477 3807 melle
3500 3752 3617 3806 dul-

2054 3846 2246 3909 ciores,
2272 3859 2403 3905 auro
2440 3843 2640 3913 obiyzo
2671 3842 2931 3912 gratiores
2955 3881 2968 3903 ,
3016 3841 3342 3895 munusculis
3377 3841 3620 3910 sigillata:

2054 3933 2420 3989 suavissimis:
2463 3932 2515 3986 iu
2547 3932 2739 4003 quibus
2763 3938 3077 4000 perpetuum
3106 3937 3303 3984 sanctas
3338 3930 3619 3983 eliaritatis

2055 4025 2291 4091 vigorem
2336 4022 2390 4075 in
2418 4021 2596 4077 cordis
2628 4021 2790 4075 vestri
2839 4033 3034 4073 arcano
3064 4019 3251 4090 agnovi
3271 4061 3285 4082 ,
3333 4035 3492 4089 quam
3517 4036 3619 4074 nec

2054 4111 2243 4179 Alpina
2274 4111 2470 4179 frigora
2496 4150 2511 4173 ,
2556 4124 2656 4163 nec
2696 4108 2865 4161 ltaliei
2899 4117 3058 4161 :estus
3098 4108 3407 4162 subvertere
3432 4116 3622 4175 potue-

2056 4212 2208 4261 runt;
2262 4200 2354 4254 sed
2385 4201 2524 4253 inter
2568 4213 2755 4251 omnes
2787 4197 2942 4265 hujus
2986 4196 3161 4250 saeculi
3204 4196 3544 4251 diversitates
3566 4207 3621 4251 et

2056 4292 2373 4363 caliginosas
2420 4298 2760 4360 tempestates
2822 4290 2974 4358 quasi
3032 4290 3326 4342 matutinus
3379 4289 3614 4353 Lucifer,

2058 4394 2268 4450 semper
2308 4396 2443 4435 nova
2483 4381 2740 4433 exoritur.
2786 4380 2871 4433 De‘
2897 4394 3001 4447 qua
3039 4386 3091 4431 et
3117 4379 3226 4446 ipsa
3258 4380 3470 4434 Veritas
3494 4382 3566 4433 ait
3600 4402 3611 4435 :

396 4457 626 4528 qualiter
665 4458 778 4511 ﬁeri
822 4459 1009 4511 debcal
1028 4499 1043 4522 ν
1088 4474 1236 4513 mens
1263 4476 1379 4513 mea
1405 4469 1596 4514 V'CSU‘IB
1624 4461 1838 4529 Pietatis
1861 4476 1953 4515 εἰ·
1980 4471 2029 4529 D
2058 4470 2363 4523 Mandatum
2386 4487 2567 4522 novum
2592 4470 2661 4520 do
2694 4468 2831 4520 vobis
2855 4469 3033 4536 (Joan.
3062 4484 3179 4527 xm,
3216 4467 3326 4536 3L).
3371 4468 3609 4531 Novum;

396 4556 601 4617 spectat
653 4548 952 4602 consilium.
1044 4548 1177 4601 Nam
1230 4550 1273 4604 si
1320 4561 1558 4618 praeceps
1605 4552 1949 4618 pugnantium

396 4641 737 4710 praesumptio
771 4655 910 4708 saepe
947 4639 999 4694 in
1036 4640 1325 4709 periculum
1352 4642 1526 4705 cadit,
1556 4649 1753 4709 quanto
1785 4644 1953 4711 magis

400 4729 492 4799 qui
519 4728 756 4798 spiritale
788 4729 922 4782 inire
953 4730 1151 4796 cogitat
1176 4738 1442 4783 certamen
1463 4768 1477 4791 ,
1526 4729 1568 4782 si
1598 4728 1819 4783 consilio
1846 4746 1951 4783 non

404 4820 604 4891 regitur
642 4820 885 4887 prudenti
912 4857 928 4880 ,
975 4835 1069 4886 per
1103 4820 1247 4899 vices
1284 4820 1485 4875 incerta
1511 4820 1669 4873 sudat
1692 4821 1957 4874 victoria?

400 4910 551 4977 Quod
580 4925 647 4963 ne
672 4909 848 4967 lieret,
891 4916 1073 4960 saneta
1102 4909 1373 4975 prohibuit
1401 4909 1704 4976 Scriptura,
1733 4910 1913 4964 dicens
1938 4929 1951 4962 :

400 5002 589 5058 Omnia
640 4999 722 5053 fae
770 5014 865 5068 per
910 5000 1224 5061 consilium,
1274 5007 1458 5067 postea
1518 5012 1625 5053 non
1676 5003 1958 5068 pamitebis

405 5088 783 5156 (Eccli..xxxn,
826 5086 936 5155 2i).
995 5086 1105 5138 Hoc
1144 5088 1344 5153 optime
1390 5087 1594 5149 sciens,
1643 5089 1746 5142 mei
1792 5090 1960 5157 ipsius

404 5177 581 5229 minus
615 5175 887 5231 mﬁdens
932 5175 1276 5244 dispositione
1314 5185 1505 5231 \'eSll".B
1539 5178 1833 5247 prudentia:
1874 5192 1958 5233 me

476 5298 516 5366 ι.
535 5286 839 5366 Jam‘il‘l'pes
870 5288 1124 5366 transivit.
1153 5286 1187 5366 _'t
1215 5287 1328 5366 ipse
1358 5303 1482 5366 vero
1505 5289 1788 5366 (Carolhus)
1820 5290 1958 5366 cele-

405 5354 556 5431 brato
593 5354 759 5431 natali
776 5357 950 5431 sancti
979 5355 1205 5431 Joannis
1234 5354 1483 5424 Baptistae
1515 5354 1656 5426 apud
1678 5354 1958 5431 Eporeiam

408 5420 597 5495 (Iorée,
622 5420 752 5479 urbs
776 5420 1123 5495 Pedemoutii)
1145 5420 1325 5495 Alpes
1341 5420 1703 5493 transgressus
1721 5420 1798 5482 'in
1832 5428 1959 5489 Gal,-

408 5492 531 5546 liam
552 5508 799 5548 reversus
828 5500 928 5545 est.
963 5514 981 5541 ι
1006 5491 1513 5551 Amtal.1.oiseliani
1530 5496 1594 5551 ad
1622 5497 1896 5552 unm-801.

480 5563 504 5601 δ
540 5558 850 5634 candidum.
885 5560 979 5614 Hic
999 5562 1086 5616 ille
1112 5572 1194 5617 est
1213 5563 1393 5634 )V'itso
1414 5563 1618 5634 Alcuiai
1647 5564 1957 5634 discipulus,

412 5644 563 5695 quem
586 5631 778 5686 Pezius
796 5643 1075 5698 perperam
1094 5624 1374 5687 confundit
1399 5648 1519 5685 cum
1537 5632 1704 5691 altero
1723 5624 1962 5693 Candide

414 5698 653 5755 l-‘uldensi
703 5698 982 5769 monacho,
1022 5700 1087 5751 de
1118 5709 1223 5769 quo
1272 5702 1322 5753 in
1359 5701 1513 5765 .llist.
1571 5701 1671 5751 Lit.
1725 5700 1961 5753 Francia-

420 5773 539 5820 tom.
564 5769 631 5831 ν,
661 5783 781 5833 pag.
816 5768 897 5820 10.
932 5767 1257 5821 Carmifvor.

2055 4559 2180 4627 quia
2210 4558 2569 4627 evangelicum
2600 4575 2611 4609 :
2666 4564 2851 4619 vetus;
2891 4558 3013 4625 quia
3052 4557 3217 4624 legale
3245 4576 3256 4609 :
3285 4558 3337 4609 in
3374 4574 3480 4626 quo
3510 4571 3619 4613 tota

2054 4648 2137 4700 (ea:
2160 4648 2342 4717 pendet
2369 4656 2414 4699 et
2456 4649 2713 4717 propheta:
2762 4645 2971 4713 (Matth.
3021 4662 3153 4708 xxu,
3177 4645 3265 4706 40)
3288 4664 3303 4709 ;
3328 4647 3379 4699 ἱη
3407 4663 3512 4716 quo
3539 4660 3619 4704 to-

2056 4738 2160 4791 tius
2181 4736 2363 4809 gratim
2389 4751 2593 4789 summa
2617 4736 2880 4789 consistit.
2919 4735 3119 4787 Novum
3145 4750 3158 4786 :
3188 4737 3308 4802 quia
3334 4736 3473 4803 foras
3501 4741 3619 4789 mit-

2054 4828 2111 4878 tit
2144 4829 2376 4879 timorem
2431 4826 2480 4895 (1
2507 4826 2663 4878 Joan.
2698 4841 2770 4888 Iv,
2804 4826 2909 4891 l8).
2969 4823 3100 4887 Quia
3144 4826 3287 4891 quod
3330 4842 3489 4893 grave
3521 4827 3620 4880 fuit

2055 4934 2150 4986 per
2187 4918 2428 4969 timorem
2448 4955 2462 4977 ,
2504 4915 2614 4967 leve
2641 4915 2739 4967 erit
2768 4928 2865 4981 per
2893 4927 3147 4976 amorem,
3193 4921 3418 4966 testante
3443 4914 3617 4967 chari-

2057 5006 2182 5058 tatis
2211 5004 2385 5056 fonte:
2420 5004 2611 5070 Iugum
2651 5016 2815 5054 meum
2860 5017 3013 5054 suave
3055 5010 3149 5061 est,
3191 5009 3239 5052 et
3281 5016 3407 5052 onus
3444 5017 3614 5053 meum

2056 5093 2161 5145 leve
2200 5103 2274 5145 est
2324 5091 2536 5162 (Matth.
2568 5102 2640 5154 XI,
2676 5091 2785 5160 '50).
2825 5092 2899 5144 Ex
2928 5087 3083 5155 hujus
3116 5088 3237 5141 favo
3267 5088 3427 5141 totius
3459 5090 3614 5141 char-

2061 5181 2181 5235 tula:
2209 5190 2311 5236 tua:
2356 5182 2686 5249 resplenduit
2735 5181 2919 5233 series.
2980 5176 3181 5231 Credas
3222 5176 3407 5241 velim,
3457 5176 3615 5229 Pater

2130 5302 2150 5327 ε
2196 5292 2325 5343 Ante
2376 5288 2934 5355 heaquinqueunium.
2976 5278 3175 5355 Nempe
3205 5298 3344 5355 anno
3372 5278 3495 5355 796.
3538 5285 3615 5338 Ex

2061 5362 2160 5413 hoc
2178 5359 2297 5413 loco
2324 5358 2485 5427 igitur
2512 5348 2777 5427 colligitur
2795 5348 3154 5427 tempusim'li
3188 5351 3255 5405 ab
3278 5348 3501 5407 Alcuino
3530 5368 3617 5407 re-

2060 5429 2283 5497 giminiis
2298 5423 2607 5497 monasterii
2629 5423 2805 5497 sancti
2820 5423 3059 5497 Martini.

2128 5495 2153 5534 ά
2194 5492 2554 5555 EziitJiabill.
2588 5493 2653 5545 l6
2687 5494 2775 5546 ubi
2818 5492 3090 5558 inscriptio
3132 5483 3253 5546 talis
3295 5499 3417 5558 est:
3461 5484 3618 5541 Verte.

2065 5562 2225 5615 rando
2250 5552 2419 5625 Patri,
2455 5561 2758 5629 evangelista
2786 5550 3015 5629 lectionis
3036 5560 3251 5629 doctgri.
3282 5550 3617 5629 _int_egra

2060 5641 2111 5683 et
2130 5630 2420 5766 “einepaiptf
2444 5630 2529 5683 hic
2551 5624 2724 5697 prodit
2750 5641 2812 5679 ex
2858 5628 2973 5679 cod.
3010 5644 3108 5695 ms.
3138 5624 3329 5679 Salisb.
3363 5624 3614 5681 (Froben.

2063 5713 2177 5766 epis
2208 5736 2219 5747 .
2330 5737 2373 5749 -.
3493 5733 3504 5741 .

2063 5713 2219 5767 eplSl.
2257 5713 2373 5751 tUJ.
