4226 6234
621 336 719 392 571

1478 339 1535 391 Β.
1579 337 1636 390 F.
1679 336 1900 389 ALBDJ
1941 333 2069 388 SI'JU
2110 331 2384 387 ALCUINI
2421 333 2698 388 OI'ERIJM
2735 333 2911 387 PARS
2947 334 2984 387 ί.

3743 331 3845 387 5τὲ

620 449 867 503 omnibus
895 450 1248 531 supercellcrc
1275 446 1417 502 fet-it.
1446 449 1705 517 Perpetua
1727 449 2021 518 gratiarum
2044 447 2184 500 actio
2215 447 2255 503 Α
2287 446 2400 499 Act.
2429 462 2546 510 xm,
2577 446 2690 516 2:).
2719 447 2775 501 Id
2802 455 2904 508 est,
2934 446 3061 499 mihi
3096 455 3304 499 servate
3323 445 3635 507 vindictam,
3663 453 3719 498 et
3749 459 3848 514 ego

617 547 849 600 resonet,
873 545 927 592 et
958 539 1168 592 assidua
1197 545 1502 593 sanctarum
1539 537 1852 591 intercessio
1877 537 2182 590 orationum

623 628 691 682 ad
721 628 885 682 Deum
937 629 1215 698 dirigatur,
1269 635 1532 697 quatenus
1559 628 1795 702 longmva
1825 627 2183 703 prosperitate.

621 719 850 773 feliciter
876 719 1026 774 vivas
1057 759 1074 785 ,
1122 719 1300 774 valeas
1329 727 1382 774 et
1405 731 1600 790 regnes
1624 720 1691 774 ad
1715 719 2101 774 correctionem
2127 725 2184 770 et

616 808 996 863 exaltationem
1026 819 1224 864 sanet-.e
1251 824 1362 864 suae
1404 809 1657 864 Ecclesiae
1686 849 1701 873 ,
1773 816 1834 862 ut
1883 808 1984 862 sub
2007 815 2182 876 prote-

619 900 798 955 etione
823 909 928 954 tua!
955 900 1269 954 veneranda!
1297 900 1578 970 potestatis
1623 915 1809 955 secura
1847 898 2027 969 quiete
2073 898 2182 953 Deo

619 988 902 1042 deserviat.
939 987 1112 1042 Επιιῶ
1139 988 1343 1058 pridem
1386 981 1574 1058 preces
1604 987 2006 1057 supplicationis
2049 1001 2181 1041 mea:

615 1092 713 1145 per
740 1069 1035 1132 Candidum
1076 1076 1332 1131 famulum
1367 1086 1626 1142 vestrum,
1674 1091 1809 1145 quas
1841 1090 2033 1145 precor
2073 1074 2181 1130 ele-

615 1167 779 1221 menti
808 1166 986 1222 animo
1012 1177 1242 1222 vestram
1282 1168 1553 1236 suscipere
1595 1166 1870 1236 pietatem.
1913 1163 2180 1244 Quidquid

613 1260 826 1314 animus
852 1261 1114 1330 suggessit
1148 1275 1298 1313 mens
1353 1259 1501 1324 mihi,
1552 1266 1721 1312 totum
1761 1255 1882 1310 misi
1929 1256 1982 1310 in
2023 1269 2180 1309 aures

611 1350 749 1420 ejus,
775 1360 834 1404 ut
855 1359 1198 1404 conservaret
1218 1351 1269 1404 in
1299 1349 1480 1414 corde,
1506 1357 1804 1418 vestraaque
1824 1345 2060 1400 veridico
2083 1361 2179 1401 ore

612 1448 910 1510 patesceret
935 1441 1144 1510 pietati.

681 1533 788 1589 Sed
810 1533 930 1587 novi
965 1547 1142 1586 rerum
1181 1539 1405 1585 eventus
1448 1547 1612 1585 novos
1645 1532 1871 1596 iterum,
1901 1529 2178 1585 charitatis

609 1641 783 1698 penna
809 1667 824 1689 ,
867 1640 1091 1681 exarare
1118 1639 1288 1678 meam
1319 1624 1650 1678 devotionem
1677 1623 1856 1691 apices
1887 1623 2177 1677 exhortan—

608 1717 937 1774 ειη-,Λιιόίνί
963 1716 1247 1786 siquidem,
1296 1715 1439 1784 quod
1477 1715 1594 1769 sine
1623 1715 1808 1769 dolore
1837 1723 1892 1768 et
1924 1713 2177 1783 lacrymis

609 1827 717 1867 non
763 1812 956 1876 dicam,
990 1822 1016 1850 ο
1045 1808 1444 1879 Maganl‘redum
1471 1809 1504 1860 ti
1529 1806 1680 1860 lelem
1724 1816 1960 1861 vestrum
1995 1806 2175 1860 nobis-
2207 1787 2252 1846 Β

605 1917 713 1972 que
758 1901 1133 1957 charissimum
1189 1900 1418 1954 amicum
1477 1899 1530 1953 in
1593 1898 1965 1953 Beneventana
2032 1897 2172 1952 diem

604 1992 802 2047 abiisse
823 1991 1016 2061 patria.
1048 1991 1199 2046 Unde
1229 1998 1448 2058 rogatus
1475 2001 1593 2043 sum
1613 2004 1642 2042 a
1671 1988 1930 2042 fratribus
1953 1988 1980 2027 δ
2001 1989 2172 2041 sancti

609 2082 756 2137 Petri
802 2082 1008 2136 litteras
1039 2081 1268 2149 dirigere
1307 2080 1528 2134 bonitati
1564 2087 1753 2133 vestrae
1775 2118 1790 2143 ,
1820 2093 1919 2147 pro
1969 2075 2174 2132 cellulis

607 2173 676 2228 ad
699 2187 817 2228 eam
847 2171 1142 2239 antiquitus
1166 2167 1872 2239 pertincntibusecclesiam,
1890 2175 1948 2221 ut
1969 2182 2173 2221 merces

605 2271 781 2318 vestra
811 2271 956 2319 esset
982 2276 1044 2315 ex
1081 2261 1290 2314 illarum
1323 2259 1611 2330 aliquibus,
1641 2258 1685 2312 si
1715 2266 1906 2312 vestra:
1931 2255 2175 2310 videatur

605 2353 982 2421 providentiae;
1022 2351 1269 2405 similiter
1297 2359 1353 2404 et
1380 2364 1478 2418 pro
1501 2349 1640 2403 atrio
1670 2349 1811 2401 intra
1840 2360 2022 2401 muros
2050 2345 2175 2399 civi-

604 2443 730 2497 tatis
761 2481 776 2506 ,
825 2441 964 2495 unde
994 2438 1250 2494 fratribus
1284 2440 1452 2493 sancti
1490 2425 1635 2494 Petri
1667 2437 1927 2492 habitatio
1948 2435 2172 2490 honesta

601 2531 837 2587 construi
861 2531 1142 2600 potuisset.
1168 2529 1245 2583 De
1270 2529 1352 2583 his
1378 2529 1626 2583 omnibus
1656 2536 1834 2581 vestra
1869 2524 2174 2581 consideret

603 2623 832 2687 bonitas,
860 2620 988 2691 quid
1017 2620 1124 2674 Deo
1153 2619 1390 2688 placeat,
1419 2627 1707 2686 vestroque
1750 2617 1951 2670 nomini
2004 2617 2170 2672 boum

610 2712 777 2765 rabile
807 2711 918 2775 ﬁat,
947 2720 1002 2764 et
1033 2709 1257 2764 bonitati
1282 2707 1530 2763 amabile.

675 2800 780 2854 Sed
809 2801 977 2855 multo
1009 2799 1180 2868 major
1203 2808 1257 2855 et
1293 2799 1411 2870 plus
1460 2798 1764 2853 necessaria
1799 2796 1995 2868 popqu
2016 2795 2174 2852 Chri-

603 2892 778 2946 stiano
803 2906 961 2946 causa
984 2892 1240 2955 occurrit,
1269 2905 1454 2960 preces
1472 2899 1743 2960 prostrato
1762 2883 2034 2945 ell‘undere
2054 2905 2176 2944 cor-

602 2996 732 3052 pore
760 2989 884 3034 ante
911 2981 1075 3051 pedes
1103 2981 1316 3050 pietatis
1345 2990 1555 3036 vestrae.
1587 2981 1798 3045 Primo,
1827 2995 1896 3035 ne
1921 2980 2174 3035 irascaris

601 3072 924 3127 ﬁdelissimae
947 3072 1200 3126 cbaritati
1236 3085 1368 3126 mea:
1392 3111 1407 3136 ,
1439 3087 1541 3141 qua
1567 3087 1653 3126 me
1691 3072 1923 3126 maxime
1961 3071 2172 3127 debito-

603 3178 715 3218 rem
746 3162 1059 3233 benignitati
1110 3169 1302 3217 vestra:
1343 3162 1620 3218 verissime
1645 3176 1895 3232 agnosco.
1924 3161 2170 3217 Secundo
2197 3160 2242 3222 C
2275 3145 2400 3231 εἶπε

599 3252 764 3305 etiam
804 3251 938 3313 loco,
966 3259 1020 3304 et
1048 3252 1151 3305 hoc
1183 3250 1372 3306 intimo
1398 3251 1576 3305 cordis
1607 3250 1798 3306 allectu
1824 3251 2076 3320 deposco,
2111 3257 2170 3303 ut

601 3345 938 3400 sanctissima
961 3345 1240 3424 §apienliae
1263 3353 1452 3399 vestrm
1476 3346 1841 3413 consideratio
1868 3345 2166 3414 provideat,

601 3439 728 3507 quid
758 3439 866 3492 Deo
885 3438 1126 3508 placeat,
1156 3438 1237 3492 vel
1267 3438 1393 3507 quid
1419 3437 1613 3507 popqu
1639 3436 2168 3508 proﬁciaLChristia-

601 3544 670 3581 no
705 3538 726 3564 ι·
757 3527 825 3580 de
852 3527 1191 3596 expeditione
1215 3527 1394 3580 hostili
1426 3528 1476 3579 in
1502 3527 1871 3580 Beneventana
1905 3529 2073 3590 terra,
2103 3540 2170 3580 ne

601 3618 773 3686 majus
807 3616 907 3671 sibi
935 3617 1145 3670 eveniat
1171 3617 1422 3670 damnum
1443 3614 1509 3669 de
1537 3614 1778 3669 fidelibus
1801 3615 1924 3668 tuis.
1958 3614 2170 3685 Optime

603 3697 761 3776 156
789 3705 930 3760 nosti
963 3707 1227 3774 quomodo
1271 3707 1446 3760 divina
1471 3721 1569 3776 pro
1607 3714 1659 3760 te
1686 3707 1954 3774 pugnabat
1985 3705 2166 3774 provi-

599 3793 798 3846 dentia.
830 3794 1046 3846 Patrem
1072 3833 1086 3856 ,
1126 3793 1451 3863 fratremque
1482 3793 1642 3862 hujus
1662 3795 1687 3831 (ί
1731 3794 2025 3862 impiissimi
2071 3795 2168 3849 ho-

601 3882 762 3936 minis
792 3881 844 3935 in
876 3882 1023 3935 brevi
1064 3882 1183 3935 tulit
1218 3882 1464 3936 articulo.
1508 3882 1598 3938 Sic
1644 3882 1825 3945 etiam,
1859 3883 1936 3936 sic
1964 3882 2122 3937 faciet
2151 3927 2165 3950 ,

598 3973 867 4028 credimus
897 4014 912 4037 ,
959 3973 1003 4026 si
1058 3972 1198 4026 illius
1227 3983 1406 4028 sancta
1435 3972 1676 4029 voluntas
1705 3974 1939 4043 disponit
1964 4015 1979 4040 ,
2031 3983 2170 4029 utet

601 4066 703 4120 iste
727 4073 935 4135 pereat,
954 4065 1070 4118 sine
1099 4064 1278 4132 aliquo
1313 4065 1545 4119 ﬁdelium
1576 4066 1771 4121 damno
1811 4076 2026 4124 tuorum
2051 4083 2169 4121 eve-

599 4157 733 4210 niat.
766 4155 914 4210 Talia
947 4162 1172 4225 possunt
1217 4153 1334 4209 'l'ere
1375 4155 1563 4210 melius
1594 4171 1660 4210 cx
1697 4157 1920 4212 consilio
1947 4197 1962 4223 ,
2006 4172 2168 4227 quam

602 4253 786 4313 aperta
818 4245 1224 4313 expugnatione,
1255 4259 1350 4312 per
1377 4255 1586 4314 tempus
1617 4246 1774 4301 linem
1808 4247 2023 4302 habere.
2053 4247 2169 4312 Quo

602 4338 722 4405 plus
750 4335 994 4389 humiliat
1022 4350 1078 4389 se
1100 4337 1261 4389 homo
1291 4337 1392 4390 sub
1434 4353 1592 4390 manu
1622 4339 2002 4407 omnipotentis
2034 4339 2125 4392 Dei
2151 4381 2165 4402 ,

601 4443 667 4481 eo
695 4426 850 4480 citius
884 4427 1116 4481 vindicat
1140 4427 1361 4496 injurias
1389 4443 1663 4483 servorum
1692 4469 1706 4490 ,
1733 4430 1823 4498 qui
1867 4431 1940 4484 ait
1977 4445 1991 4482 :
2034 4429 2166 4483 Mihi

2283 537 2532 607 pugnabo
2561 536 2664 607 pro'
2688 538 2860 590 vobis.
2896 535 3030 590 Nam
3068 535 3258 600 David,
3282 535 3348 589 de
3373 547 3482 602 quo
3510 535 3624 603 ipse
3668 533 3847 589 Domi-

2280 644 2383 682 nus
2411 635 2518 682 tam
2541 627 2766 682 sublime
2779 627 3003 697 protulit
3028 625 3422 690 testimonium“;
3457 623 3638 678 luvem'
3668 624 3838 679 David

2279 718 2449 786 ﬁlium
2469 718 2615 772 Iesse
2638 719 2807 770 virum
2841 717 3121 771 secitndum
3152 731 3243 769 cor
3267 731 3436 768 meum
3466 714 3553 783 (II
3579 713 3708 784 Reg.
3731 729 3846 779 xix,

2278 808 2392 880 ‘25).
2422 809 2537 878 Ipse
2581 809 2743 879 igitur
2781 809 2957 863 Semei
2998 808 3102 862 sibi
3131 808 3535 862 malediwntem
3575 807 3849 874 prohibuit

2266 901 2450 955 occidi
2477 941 2490 963 ,
2522 911 2712 970 optans
2747 901 2846 954 sibi
2878 916 2974 970 pro
3014 899 3268 970 patientia
3319 898 3638 954 humilitatis
3674 913 3786 952 sum
3815 913 3843 952 a

2281 991 2391 1046 Deo
2414 992 2528 1046 dari
2559 993 3004 1046 benedictionem.

2351 1103 2473 1157 Ilzec
2501 1104 2663 1157 etiam
2700 1105 3021 1158 acutissimtc
3060 1104 3332 1174 sapientia:
3364 1103 3698 1174 investigatio
3740 1103 3846 1158 dis-

2279 1202 2482 1263 ponat,
2525 1196 2817 1249 secundum
2841 1195 3063 1263 rationis
3090 1196 3424 1250 vivacitatem
3471 1205 3526 1251 et
3551 1196 3842 1251 secundum

2281 1283 2507 1338 salutem
2555 1283 2588 1338 ll
2613 1285 2790 1339 Selium
2819 1283 3029 1340 tubrum
3062 1287 3409 1342 considerans
3434 1286 3700 1356 quomodo
3721 1287 3837 1340 ani-

2279 1391 2396 1429 tnns
2421 1375 2630 1430 illorum
2666 1377 2804 1454 sine.
2825 1378 3105 1446 prmsentia
3127 1377 3477 1433 beatitudinis
3498 1386 3600 1432 tuae
3626 1379 3843 1448 longum

2278 1465 2497 1519 sufferat
2529 1466 2783 1522 laborem.
2816 1469 2982 1521 Deum
3020 1469 3208 1523 invoco
3256 1476 3445 1524 testem
3481 1468 3659 1522 cordis
3688 1466 3795 1521 mei
3823 1509 3842 1535 ,

2279 1561 2391 1614 luce
2435 1560 2484 1629 pl
2507 1576 2586 1613 na
2616 1560 2740 1620 (ide.
2771 1570 2824 1616 et
2851 1559 3088 1632 perfecto
3118 1564 3488 1632 prosperitatis
3539 1573 3730 1619 vestra:
3784 1565 3839 1620 in

2277 1653 2526 1706 ontnibus
2551 1651 2814 1706 desiderio
2849 1653 3144 1722 scripsisse,
3172 1655 3462 1709 obsecrans
3486 1653 3708 1723 supplici
3737 1654 3834 1725 de-

2279 1747 2509 1809 votione,
2538 1746 2654 1800 haec
2695 1744 2878 1800 eadem
2906 1747 3170 1815 patienter
3196 1756 3427 1800 vestiam
3452 1747 3628 1815 legere
3659 1749 3834 1803 beati-

2279 1838 2550 1902 tudinem,
2598 1853 2698 1893 nec
2743 1837 2941 1906 aliquid
2987 1837 3274 1891 iracundia:
3318 1839 3372 1892 in
3413 1854 3586 1893 meam
3642 1839 3842 1894 habere

2271 1929 2764 1999 przesumptionrm,
2804 1927 2928 1981 talia
2979 1936 3170 1981 vestrae
3211 1928 3502 1996 mgercntis
3544 1928 3839 1998 sapientiae.

2273 2017 2423 2073 Licet
2453 2018 2688 2072 cbaritas
2718 2032 2834 2072 mea
2873 2017 3035 2071 stulta
3065 2018 3230 2072 videri
3261 2018 3468 2084 valeat,
3495 2027 3672 2073 tamen
3699 2035 3838 2079 nun-

2271 2123 2430 2178 quam
2461 2107 2721 2170 inlldelis,
2745 2123 2846 2162 nec
2875 2108 2924 2162 in
2966 2108 3186 2163 minimo
3214 2124 3312 2164 nec
3339 2109 3390 2163 in
3433 2110 3668 2164 maxime
3694 2111 3842 2165 inve-

2272 2200 2375 2254 niri
2415 2200 2631 2270 poterit.
2679 2199 2895 2254 Fiducia
2937 2199 3080 2254 enim
3104 2201 3496 2269 probatissimae
3520 2200 3845 2257 humilitatis

2275 2296 2464 2342 vestra:
2493 2289 2609 2343 hazc
2638 2289 2874 2343 scribere
2899 2289 3257 2360 praesumpsit.

2345 2399 2504 2455 Forte
2531 2399 2783 2468 quislibet
2820 2400 2950 2455 dicit
2993 2415 3007 2453 :
3056 2400 3184 2469 quid
3233 2400 3321 2455 ille
3360 2402 3520 2456 homo
3549 2400 3738 2456 alienis
3784 2416 3843 2455 se

2228 2540 2232 2543 _
2274 2493 2470 2562 ingerit
2516 2493 2722 2548 rebus?
2767 2492 2881 2548 Non
2938 2493 3178 2562 agnoscit
3223 2493 3354 2548 nihil
3423 2494 3552 2550 mihi
3606 2494 3842 2550 alienum

2273 2594 2467 2639 vestrae
2493 2586 2868 2653 prosperitatis
2882 2601 3002 2640 esse
3015 2586 3230 2650 debere,
3251 2601 3411 2654 quam
3433 2601 3594 2654 super
3614 2586 3840 2641 salutem

2275 2674 2520 2745 corporis
2553 2675 2658 2729 mei
2683 2673 2763 2729 vel
2793 2676 2917 2730 vita:
2940 2689 3071 2729 mete
3099 2674 3484 2744 longzevitatem
3508 2673 3731 2744 diligere
3751 2690 3838 2729 me

2276 2775 2467 2821 testor.
2503 2765 2582 2820 Tu
2608 2765 2939 2836 prosperitas
2974 2765 3144 2833 regni,
3171 2773 3225 2818 tu
3255 2765 3400 2818 salus
3422 2763 3623 2834 populi,
3665 2773 3722 2818 tu
3749 2763 3844 2818 de-

2274 2874 2371 2914 cus
2396 2858 2673 2922 Ecclesize,
2705 2865 2762 2911 tu
2787 2857 3025 2911 omnium
3063 2856 3327 2928 protectio
3349 2839 3580 2911 ﬁdelium
3600 2855 3836 2919 Christi;

2275 2949 2429 3004 nobis
2474 2948 2640 3018 igitur
2689 2947 2789 3001 sub
2824 2945 3010 2999 umbra
3059 2946 3330 3015 potentize,
3369 2954 3423 3000 et
3464 2946 3565 3000 sub
3610 2945 3842 3013 tegmine

2274 3039 2488 3110 pietatis
2513 3047 2616 3092 tuae
2638 3079 2652 3102 ,
2685 3037 2865 3093 divina
2893 3039 3159 3093 concessit
3186 3037 3358 3106 gratia
3397 3037 3712 3107 religiosam
3743 3036 3840 3091 du-

2431 3130 2598 3184 vitam
2621 3170 2636 3192 ,
2675 3137 2839 3198 atque
2864 3116 3055 3184 secura
3080 3128 3260 3196 quiete
3289 3129 3397 3183 Deo
3427 3127 3642 3184 Christo
3664 3127 3843 3184 deser-

2271 3221 2404 3273 vire.
2430 3218 2568 3272 .Ideo
2608 3218 2836 3272 sollicita
2866 3225 3046 3273 mente
3070 3225 3125 3272 et
3153 3217 3240 3286 pia
3271 3217 3584 3279 intentione,
3621 3233 3719 3288 pro
3748 3225 3842 3271 tua

2268 3307 2629 3376 prosperitate
2663 3314 2718 3359 et
2761 3305 2932 3360 salute
2972 3321 3156 3360 curam
3193 3305 3390 3360 habere
3430 3315 3485 3359 et
3511 3306 3843 3362 intercedere

2263 3398 2468 3467 justum
2507 3405 2563 3450 et
2602 3396 2963 3451 necessarium
2991 3397 3273 3461 habemus,
3297 3397 3509 3451 domine
3532 3397 3842 3452 desideran-

2269 3488 2476 3542 tissime
2509 3496 2669 3556 atque
2693 3478 2836 3541 omni
2862 3487 3063 3542 honore
3089 3487 3398 3558 dignissime
3425 3487 3592 3542 David
3626 3493 3753 3546 rex!

2607 3622 2761 3694 157
2795 3635 2818 3663 ε
2856 3620 3183 3680 EPISTULA
3221 3622 3502 3678 CXXXIV.

2783 3755 2848 3791 AD
2886 3753 3099 3792 ηολικωι
3129 3753 3320 3792 REGE“.

2871 3847 3048 3918 (Anno
3081 3846 3174 3900 SOI
3194 3847 3234 3917 .)

2271 3958 2482 4012 Gratias
2508 3958 2614 4027 ain
2639 3957 3070 4039 pronbrnsfartis;
3109 3968 3156 4010 et
3185 3959 3329 4039 utet:
3367 3959 3594 4039 corporis
3622 3958 3842 4039 infirmi-

2340 4039 2508 4149 ταιεηῖ⁸
2541 4027 2680 4097 apud
2725 4027 2786 4082 S.
2835 4027 3121 4081 Martinam
3166 4029 3262 4081 sibi
3309 4030 3619 4098 requiescere
3663 4027 3834 4094 liceat,

2340 4107 2614 4149 aunmcat.

2339 4107 2614 4168 supplicat.

2342 4228 2565 4283 Domino
2609 4227 2850 4296 piissimo
2899 4227 3063 4281 David
3109 4203 3249 4298 regi,
3298 4227 3523 4283 Albinus
3565 4237 3838 4296 perpetua:

2271 4317 2616 4371 beatitudinis
2644 4316 2890 4369 salutem.

2341 4406 2557 4460 Summa
2600 4406 2737 4460 Deus
2771 4405 3009 4460 Trinitas
3063 4415 3250 4461 vestrze
3291 4408 3552 4473 bonitati,
3594 4408 3834 4464 omnium

601 4522 898 4583 ﬁndi-Nam,
929 4538 1020 4590 ego
1055 4521 1333 4574 run-bum"
1359 4520 1536 4592 (Rom.
1557 4539 1651 4585 xu,
1682 4497 1779 4586 πρέ
1802 4520 1958 4574 Πρω..
1990 4538 2044 4586 ι,
2071 4521 2160 4587 δο;
2195 4511 2240 4569 ι)
2265 4497 2607 4552 dilectissime
2664 4497 2829 4552 David
2853 4537 2869 4562 ,
2929 4506 3125 4551 acterna
3178 4500 3424 4553 restituat
3480 4499 3832 4565 beatitudine,

677 4706 700 4731 ι
739 4691 1161 4760 .llagaufredum.
1197 4693 1348 4746 llunc
1389 4694 1634 4747 eumdem
1657 4708 1775 4748 esse
1801 4693 2071 4758 existimo,
2102 4697 2170 4748 ad

593 4763 982 4832 quentscripta
1004 4771 1087 4816 est
1115 4762 1454 4832 epistola-42.

675 4832 702 4871 δ
729 4830 1002 4885 Fratribus
1037 4832 1095 4885 S.
1127 4830 1289 4885 Petri.
1317 4831 1428 4885 Hoc
1456 4831 1520 4886 de
1548 4832 1876 4886 monasterio
1900 4832 2167 4887 Beneven-

606 4914 733 4957 ωηο
769 4902 824 4955 S.
849 4903 998 4956 Petri
1041 4903 1108 4955 ad
1145 4901 1343 4972 Corpus
1372 4904 1537 4964 dicto,
1582 4918 1700 4971 qme
1743 4903 1900 4972 modo
1930 4903 2164 4957 Ecclesia

621 4972 906 5027 »ητωεὶιιιίε
934 4982 1034 5034 est,
1084 4971 1540 5042 interpretandum
1583 4973 1793 5028 videtur
1835 4971 2160 5038 Mabillonio,

621 4991 906 5027 tarmenans
934 4991 1034 5034 εει,
1084 4991 1345 5042 ιηιθῐ-ρωι

604 4991 698 5096 lib.
726 5059 867 5094 .\.\'vtt
897 5042 1088 5094 Annal.
1117 5058 1262 5094 num.
1295 5042 1345 5095 6.

679 5126 697 5148 ε
739 5113 819 5183 De_
837 5112 1156 5183 expeditione
1183 5111 1358 5183 hostili
1373 5153 1387 5174 ,
1411 5122 1515 5167 etc.
1544 5112 1666 5167 Ilaec
1691 5113 2027 5183 intelligenda
2047 5113 2165 5167 exl-

607 5182 767 5252 stirno
785 5181 854 5252 de
877 5181 1419 5252 expeditioneihostiﬁ
1441 5200 1598 5251 quam
1627 5181 1880 5251 Pippinus
1895 5183 2047 5252 jussu
2065 5183 2166 5237 Ca-

615 5251 732 5314 roli,
765 5251 888 5321 dum
911 5266 1050 5303 anno
1070 5251 1174 5305 800
1212 5251 1432 5304 Ruinam
1465 5261 1729 5321 pergeret,
1752 5261 1806 5304 et
1832 5254 2022 5306 iterum
2038 5252 2164 5305 dum

609 5336 750 5400 a'nno
781 5319 877 5400 βΟΙ
924 5321 1140 5400 rediret,
1182 5319 1873 5400 atlversusDeueventarms
1895 5323 2160 5400 suscepit.

613 5390 726 5442 Vid.
770 5389 1000 5442 Annales
1023 5389 1347 5443 Francorum
1377 5391 1592 5454 Tiliani,
1626 5392 1909 5446 Loiseliaui
1932 5401 1985 5445 et
2016 5389 2124 5443 alii.

677 5458 702 5496 ἀ
730 5459 1030 5526 Impiiuimi
1052 5459 1290 5512 hominis.
1317 5460 1678 5515 Grimoaldum
1707 5463 1801 5515 abs
1826 5462 1987 5515 dubio
2016 5467 2165 5512 notat

606 5529 1252 5600 «litteemilleneventanum
1276 5570 1290 5590 ,
1337 5532 1423 5598 qui
1469 5532 1606 5598 patri
1654 5531 1864 5600 Arigiso
1891 5572 1904 5595 ,
1937 5544 2163 5584 consen-

607 5597 981 5670 tienteilarolo
1010 5597 1213 5670 Magno,
1243 5597 1494 5670 successit
1524 5617 1662 5653 anno
1683 5597 1801 5662 783,
1833 5612 2014 5670 postea
2039 5613 2166 5670 vero

611 5669 820 5721 rebellis
868 5670 1039 5720 lactus
1079 5669 1167 5738 diu
1210 5682 1327 5720 Cum
1366 5669 1586 5738 Pippiuo
1621 5668 1874 5723 conﬂixit.
1904 5672 2022 5723 Vid.
2068 5668 2165 5720 Er-

611 5738 898 5808 t'ilCIllpi‘l'll
947 5739 1078 5789 llisl.
1124 5737 1770 5807 LongolmeBeneventi
1811 5740 1947 5810 apud
1975 5739 2166 5792 Mutat;

2276 4696 2470 4764 Script.
2501 4695 2626 4765 ηυγ.
2656 4693 2769 4746 Ital.
2795 4703 2922 4765 tum.
2940 4692 3002 4757 II,
3025 4702 3164 4764 part.
3189 4710 3227 4757 ι,
3250 4709 3370 4765 pag.
3389 4695 3519 4751 238$
3537 4693 3831 4749 Grimoaldi

2272 4775 2428 4887 pater
2452 4764 2712 4845 Arigisus,
2740 4772 2794 4845 et
2840 4763 3004 4818 frater
3030 4763 3360 4847 llomoaldu's
3405 4767 3457 4846 in
3494 4766 3651 4829 brevi,
3691 4765 3832 4834 quod

2323 4835 2529 4887 lcuinus
2568 4835 2656 4887 hic
2685 4843 2936 4887 tnsmuat.
2970 4835 3162 4887 sublati
3197 4843 3321 4887 sunt
3346 4835 3588 4887 articulo.
3634 4834 3832 4887 Nempe

2323 4834 2529 4888 lcuinus
2568 4834 2656 4887 hic
2685 4834 2936 4897 insinuat,
2970 4835 3162 4889 sublati
3197 4843 3321 4889 sunt
3346 4835 3588 4889 articulo.
3634 4834 3832 4904 Nempe

2274 4921 2382 4958 uno
2407 4905 2699 4974 eodemque
2729 4920 2868 4959 anno
2892 4946 2906 4968 ,
2930 4921 2991 4959 ac
3014 4919 3147 4973 pene
3183 4905 3368 4958 eodem
3402 4919 3583 4958 mense
3611 4902 3829 4974 mortui.

2273 4975 2575 5030 Concordat
2602 4972 2866 5028 Adrianus
2911 4972 3044 5044 papa
3085 4974 3145 5044 Ain
3179 4975 3335 5044 epist.
3370 4980 3438 5031 88
3471 4974 3604 5044 Cod.
3651 4972 3828 5044 Carol.

2274 5046 2364 5098 ubi
2393 5046 2459 5099 ad
2486 5044 2731 5098 Carolum
2756 5041 2942 5097 scribit
2978 5041 2992 5094 Ξ
3021 5063 3038 5091 ι
3071 5042 3167 5109 Qui
3201 5041 3472 5098 venientes
3504 5041 3833 5112 (Athalgisus

2273 5131 2396 5169 cum
2441 5115 2701 5184 exercitu)
2733 5112 2824 5167 Dei
2849 5122 2998 5184 mutu,
3021 5128 3118 5184 per
3147 5113 3394 5180 sullragia
3426 5112 3780 5183 apostolorum
3814 5154 3828 5176 ,

2274 5183 2924 5252 malignantium'consilia
2953 5183 3206 5252 diSsipata
3239 5193 3574 5251 repererunt,
3600 5198 3665 5236 eo
3689 5184 3830 5252 quod

2274 5201 2397 5238 man
2475 5201 2676 5236 annum
2706 5201 2924 5236 consula
2953 5201 3206 5252 mssupata
3239 5201 3574 5251 repererunt,
3600 5201 3665 5236 eo
3689 5201 3830 5252 quon

2271 5201 2796 5334 Aricﬁsumﬁucer‘n
2830 5252 2909 5305 vel
2948 5254 3115 5334 ipsius
3146 5253 3320 5334 lilium
3343 5252 3827 5334 _}\’altktnettt_gli_o-
3895 5319 3904 5328 ‘

2276 5322 2545 5376 moaldum
2594 5321 2869 5386 legendum
2891 5321 3162 5376 existimat
3203 5321 3444 5376 Coinlius
3495 5337 3634 5376 anno
3683 5322 3783 5377 787
3817 5362 3830 5384 ,

2270 5373 2542 5458 illihuic)
2568 5373 2875 5445 defunctum
2899 5373 3290 5445 ἰῆἰῖέῆὸὲιὶηιζῖ

2339 5473 2363 5496 ο
2393 5460 2527 5512 Edit.
2553 5460 2823 5525 'Quercet.
2860 5462 2923 5514 l9
2961 5476 3025 5513 ex
3055 5477 3154 5515 ms.
3188 5461 3416 5515 Froben.
3455 5459 3574 5514 106.
3624 5461 3831 5528 Scripta

2267 5528 2366 5580 fuit
2398 5545 2462 5582 eo
2492 5538 2730 5598 tempore
2776 5545 2891 5598 quo
2919 5529 3030 5596 jam
3078 5532 3218 5585 vires
3262 5531 3460 5585 sensim
3505 5531 3732 5584 deiicere
3777 5537 3831 5583 et

2267 5596 2614 5670 zegritudines
2650 5596 2976 5670 invaleseerc
3006 5602 3200 5663 sensit,
3244 5610 3301 5652 ιιι
3331 5601 3383 5670 in
3412 5602 3678 5670 prioribus
3715 5598 3831 5666 cpi-

2269 5669 2420 5721 stolis
2471 5669 2628 5721 etiam
2675 5669 3053 5735 conqueritur;
3103 5671 3224 5723 data
3274 5669 3432 5738 igitur
3471 5671 3655 5723 eodeni
3693 5683 3834 5722 anno

2271 5740 2363 5794 80l
2400 5739 2476 5790 vel
2507 5739 2679 5806 aliquo
2708 5738 3005 5807 posteriori.
