  <div class='ocr_page' id='page_1' title='image "/cluster/home/n/w/nwhite01/storage/ocr_20150623/100/uva.x000827058/194.png"; bbox 0 0 4226 6226; ppageno 0'>
   <div class='ocr_carea' id='block_1_1' title="bbox 363 375 469 433">
    <p class='ocr_par' dir='ltr' id='par_1_1' title="bbox 363 375 469 433">
     <span class='ocr_line' id='line_1_1' title="bbox 363 375 469 433; baseline -0.019 0"><span class='ocrx_word' id='word_1_1' title='bbox 363 375 469 433; x_wconf 70' lang='grc'><strong>373</strong></span> 
     </span>
    </p>
   </div>
   <div class='ocr_carea' id='block_1_2' title="bbox 1726 377 2101 434">
    <p class='ocr_par' dir='ltr' id='par_1_2' title="bbox 1726 377 2101 434">
     <span class='ocr_line' id='line_1_2' title="bbox 1726 377 2101 434; baseline -0.003 -2"><span class='ocrx_word' id='word_1_2' title='bbox 1726 377 2101 434; x_wconf 67' lang='lat' dir='ltr'><strong>EPISTOLAS.</strong></span> 
     </span>
    </p>
   </div>
   <div class='ocr_carea' id='block_1_3' title="bbox 3466 380 3572 435">
    <p class='ocr_par' dir='ltr' id='par_1_3' title="bbox 3466 380 3572 435">
     <span class='ocr_line' id='line_1_3' title="bbox 3466 380 3572 435; baseline -0.009 0"><span class='ocrx_word' id='word_1_3' title='bbox 3466 380 3572 435; x_wconf 69' lang='grc' dir='ltr'><strong>δτι</strong></span> 
     </span>
    </p>
   </div>
   <div class='ocr_carea' id='block_1_4' title="bbox 364 487 3569 563">
    <p class='ocr_par' dir='ltr' id='par_1_4' title="bbox 364 487 3569 563">
     <span class='ocr_line' id='line_1_4' title="bbox 364 487 3569 563; baseline 0 -19"><span class='ocrx_word' id='word_1_4' title='bbox 364 490 619 559; x_wconf 84' lang='lat' dir='ltr'><strong>quidquid</strong></span> <span class='ocrx_word' id='word_1_5' title='bbox 669 489 882 557; x_wconf 77' lang='lat' dir='ltr'><strong>pietatis</strong></span> <span class='ocrx_word' id='word_1_6' title='bbox 915 488 1000 542; x_wconf 86' lang='lat' dir='ltr'><strong>vel</strong></span> <span class='ocrx_word' id='word_1_7' title='bbox 1046 488 1384 559; x_wconf 72' lang='lat' dir='ltr'><strong>benignitatis</strong></span> <span class='ocrx_word' id='word_1_8' title='bbox 1430 490 1480 541; x_wconf 90' lang='lat' dir='ltr'><strong>in</strong></span> <span class='ocrx_word' id='word_1_9' title='bbox 1533 506 1615 543; x_wconf 89' lang='lat' dir='ltr'><strong>me</strong></span> <span class='ocrx_word' id='word_1_10' title='bbox 1664 492 1916 545; x_wconf 78' lang='lat' dir='ltr'><strong>famulum</strong></span> <span class='ocrx_word' id='word_1_11' title='bbox 1949 492 1989 548; x_wconf 80' lang='grc' dir='ltr'><strong>Α</strong></span> <span class='ocrx_word' id='word_1_12' title='bbox 2020 496 2129 541; x_wconf 70' lang='lat' dir='ltr'><strong>teat</strong></span> <span class='ocrx_word' id='word_1_13' title='bbox 2167 487 2257 542; x_wconf 73' lang='lat' dir='ltr'><strong>lux</strong></span> <span class='ocrx_word' id='word_1_14' title='bbox 2296 499 2457 541; x_wconf 68' lang='lat' dir='ltr'><strong>vestra</strong></span> <span class='ocrx_word' id='word_1_15' title='bbox 2500 504 2675 541; x_wconf 81' lang='lat' dir='ltr'><strong>coram</strong></span> <span class='ocrx_word' id='word_1_16' title='bbox 2712 490 3023 553; x_wconf 77' lang='lat' dir='ltr'><strong>lioiitiuibus,</strong></span> <span class='ocrx_word' id='word_1_17' title='bbox 3069 498 3123 543; x_wconf 86' lang='lat' dir='ltr'><strong>nt</strong></span> <span class='ocrx_word' id='word_1_18' title='bbox 3170 493 3368 545; x_wconf 77' lang='lat' dir='ltr'><strong>rideant</strong></span> <span class='ocrx_word' id='word_1_19' title='bbox 3417 509 3569 563; x_wconf 67' lang='lat' dir='ltr'><strong>opera</strong></span> 
     </span>
    </p>
   </div>
   <div class='ocr_carea' id='block_1_5' title="bbox 366 580 1924 657">
    <p class='ocr_par' dir='ltr' id='par_1_5' title="bbox 366 580 1924 657">
     <span class='ocr_line' id='line_1_5' title="bbox 366 580 1924 657; baseline 0.002 -24"><span class='ocrx_word' id='word_1_20' title='bbox 366 589 600 637; x_wconf 86' lang='lat' dir='ltr'><strong>vestrum</strong></span> <span class='ocrx_word' id='word_1_21' title='bbox 623 622 641 646; x_wconf 95' lang='lat'><strong>,</strong></span> <span class='ocrx_word' id='word_1_22' title='bbox 688 580 827 635; x_wconf 94' lang='lat' dir='ltr'><strong>sicut</strong></span> <span class='ocrx_word' id='word_1_23' title='bbox 867 580 1036 649; x_wconf 91' lang='lat' dir='ltr'><strong>prima</strong></span> <span class='ocrx_word' id='word_1_24' title='bbox 1075 580 1372 650; x_wconf 71' lang='lat' dir='ltr'><strong>cognitione</strong></span> <span class='ocrx_word' id='word_1_25' title='bbox 1417 581 1677 657; x_wconf 72' lang='lat' dir='ltr'><strong>adventus</strong></span> <span class='ocrx_word' id='word_1_26' title='bbox 1717 583 1822 637; x_wconf 90' lang='lat' dir='ltr'><strong>mei</strong></span> <span class='ocrx_word' id='word_1_27' title='bbox 1857 583 1924 636; x_wconf 86' lang='lat' dir='ltr'><strong>ad</strong></span> 
     </span>
    </p>
   </div>
   <div class='ocr_carea' id='block_1_6' title="bbox 367 671 1925 740">
    <p class='ocr_par' dir='ltr' id='par_1_6' title="bbox 367 671 1925 740">
     <span class='ocr_line' id='line_1_6' title="bbox 367 671 1925 740; baseline 0.002 -16"><span class='ocrx_word' id='word_1_28' title='bbox 367 687 458 725; x_wconf 86' lang='lat' dir='ltr'><strong>vos</strong></span> <span class='ocrx_word' id='word_1_29' title='bbox 494 671 909 727; x_wconf 73' lang='lat' dir='ltr'><strong>misericorditer</strong></span> <span class='ocrx_word' id='word_1_30' title='bbox 953 672 1309 740; x_wconf 85' lang='lat' dir='ltr'><strong>promisistis;</strong></span> <span class='ocrx_word' id='word_1_31' title='bbox 1360 672 1435 733; x_wconf 80' lang='lat' dir='ltr'><strong>ita</strong></span> <span class='ocrx_word' id='word_1_32' title='bbox 1479 674 1657 727; x_wconf 83' lang='lat' dir='ltr'><strong>omnia</strong></span> <span class='ocrx_word' id='word_1_33' title='bbox 1696 672 1925 729; x_wconf 82' lang='lat' dir='ltr'><strong>ﬁdeliter</strong></span> 
     </span>
    </p>
   </div>
   <div class='ocr_carea' id='block_1_7' title="bbox 368 756 1923 832">
    <p class='ocr_par' dir='ltr' id='par_1_7' title="bbox 368 756 1923 832">
     <span class='ocr_line' id='line_1_7' title="bbox 368 756 1923 832; baseline 0.003 -20"><span class='ocrx_word' id='word_1_34' title='bbox 368 759 643 828; x_wconf 88' lang='lat' dir='ltr'><strong>implestis,</strong></span> <span class='ocrx_word' id='word_1_35' title='bbox 687 766 743 813; x_wconf 90' lang='lat' dir='ltr'><strong>et</strong></span> <span class='ocrx_word' id='word_1_36' title='bbox 769 760 837 814; x_wconf 90' lang='lat' dir='ltr'><strong>ad</strong></span> <span class='ocrx_word' id='word_1_37' title='bbox 859 756 1129 813; x_wconf 84' lang='lat' dir='ltr'><strong>cumulum</strong></span> <span class='ocrx_word' id='word_1_38' title='bbox 1161 759 1480 829; x_wconf 63' lang='lat' dir='ltr'><strong>plenissimae</strong></span> <span class='ocrx_word' id='word_1_39' title='bbox 1518 762 1759 817; x_wconf 77' lang='lat' dir='ltr'><strong>veritatis</strong></span> <span class='ocrx_word' id='word_1_40' title='bbox 1806 778 1923 832; x_wconf 79' lang='lat' dir='ltr'><strong>qua:</strong></span> 
     </span>
    </p>
   </div>
   <div class='ocr_carea' id='block_1_8' title="bbox 366 849 1922 922">
    <p class='ocr_par' dir='ltr' id='par_1_8' title="bbox 366 849 1922 922">
     <span class='ocr_line' id='line_1_8' title="bbox 366 849 1922 922; baseline 0.001 -18"><span class='ocrx_word' id='word_1_41' title='bbox 366 864 577 916; x_wconf 80' lang='lat' dir='ltr'><strong>semper</strong></span> <span class='ocrx_word' id='word_1_42' title='bbox 605 850 767 904; x_wconf 87' lang='lat' dir='ltr'><strong>vestri</strong></span> <span class='ocrx_word' id='word_1_43' title='bbox 796 850 1026 918; x_wconf 82' lang='lat' dir='ltr'><strong>pectoris</strong></span> <span class='ocrx_word' id='word_1_44' title='bbox 1070 849 1264 904; x_wconf 89' lang='lat' dir='ltr'><strong>insidet</strong></span> <span class='ocrx_word' id='word_1_45' title='bbox 1292 851 1561 914; x_wconf 80' lang='lat' dir='ltr'><strong>thesauro,</strong></span> <span class='ocrx_word' id='word_1_46' title='bbox 1616 853 1922 922; x_wconf 88' lang='lat' dir='ltr'><strong>centuplum</strong></span> 
     </span>
    </p>
   </div>
   <div class='ocr_carea' id='block_1_9' title="bbox 368 939 1925 1015">
    <p class='ocr_par' dir='ltr' id='par_1_9' title="bbox 368 939 1925 1015">
     <span class='ocr_line' id='line_1_9' title="bbox 368 939 1925 1015; baseline 0.003 -21"><span class='ocrx_word' id='word_1_47' title='bbox 368 939 681 1005; x_wconf 82' lang='lat' dir='ltr'><strong>addidistis;</strong></span> <span class='ocrx_word' id='word_1_48' title='bbox 737 947 796 994; x_wconf 92' lang='lat' dir='ltr'><strong>ut</strong></span> <span class='ocrx_word' id='word_1_49' title='bbox 819 940 1133 995; x_wconf 88' lang='lat' dir='ltr'><strong>cunctorum</strong></span> <span class='ocrx_word' id='word_1_50' title='bbox 1175 941 1293 999; x_wconf 91' lang='lat' dir='ltr'><strong>luce</strong></span> <span class='ocrx_word' id='word_1_51' title='bbox 1325 942 1522 998; x_wconf 89' lang='lat' dir='ltr'><strong>clarius</strong></span> <span class='ocrx_word' id='word_1_52' title='bbox 1568 944 1737 999; x_wconf 89' lang='lat' dir='ltr'><strong>oculis</strong></span> <span class='ocrx_word' id='word_1_53' title='bbox 1778 953 1925 1015; x_wconf 84' lang='lat' dir='ltr'><strong>pate-</strong></span> 
     </span>
    </p>
   </div>
   <div class='ocr_carea' id='block_1_10' title="bbox 368 1029 1926 1101">
    <p class='ocr_par' dir='ltr' id='par_1_10' title="bbox 368 1029 1926 1101">
     <span class='ocr_line' id='line_1_10' title="bbox 368 1029 1926 1101; baseline 0.003 -17"><span class='ocrx_word' id='word_1_54' title='bbox 368 1029 500 1095; x_wconf 83' lang='lat' dir='ltr'><strong>scit,</strong></span> <span class='ocrx_word' id='word_1_55' title='bbox 547 1030 876 1099; x_wconf 79' lang='lat' dir='ltr'><strong>auribusque</strong></span> <span class='ocrx_word' id='word_1_56' title='bbox 905 1046 1001 1101; x_wconf 92' lang='lat' dir='ltr'><strong>per</strong></span> <span class='ocrx_word' id='word_1_57' title='bbox 1045 1029 1362 1101; x_wconf 80' lang='lat' dir='ltr'><strong>longinquas</strong></span> <span class='ocrx_word' id='word_1_58' title='bbox 1400 1041 1667 1087; x_wconf 86' lang='lat' dir='ltr'><strong>terrarum</strong></span> <span class='ocrx_word' id='word_1_59' title='bbox 1709 1042 1926 1090; x_wconf 78' lang='lat' dir='ltr'><strong>resonat</strong></span> 
     </span>
    </p>
   </div>
   <div class='ocr_carea' id='block_1_11' title="bbox 366 1101 1927 1195">
    <p class='ocr_par' dir='ltr' id='par_1_11' title="bbox 366 1101 1927 1195">
     <span class='ocr_line' id='line_1_11' title="bbox 366 1101 1927 1195; baseline 0.005 -22"><span class='ocrx_word' id='word_1_60' title='bbox 366 1101 671 1174; x_wconf 51' lang='lat' dir='ltr'><strong>mdiorum.</strong></span> <span class='ocrx_word' id='word_1_61' title='bbox 718 1118 858 1187; x_wconf 84' lang='lat' dir='ltr'><strong>Quid</strong></span> <span class='ocrx_word' id='word_1_62' title='bbox 898 1121 1039 1175; x_wconf 89' lang='lat' dir='ltr'><strong>enim</strong></span> <span class='ocrx_word' id='word_1_63' title='bbox 1085 1121 1205 1176; x_wconf 88' lang='lat' dir='ltr'><strong>addi</strong></span> <span class='ocrx_word' id='word_1_64' title='bbox 1231 1122 1399 1191; x_wconf 92' lang='lat' dir='ltr'><strong>potuit</strong></span> <span class='ocrx_word' id='word_1_65' title='bbox 1428 1122 1665 1179; x_wconf 89' lang='lat' dir='ltr'><strong>felicitati</strong></span> <span class='ocrx_word' id='word_1_66' title='bbox 1692 1127 1927 1195; x_wconf 82' lang='lat' dir='ltr'><strong>peregri-</strong></span> 
     </span>
    </p>
   </div>
   <div class='ocr_carea' id='block_1_12' title="bbox 365 1208 1925 1281">
    <p class='ocr_par' dir='ltr' id='par_1_12' title="bbox 365 1208 1925 1281">
     <span class='ocr_line' id='line_1_12' title="bbox 365 1208 1925 1281; baseline 0.004 -19"><span class='ocrx_word' id='word_1_67' title='bbox 365 1208 596 1263; x_wconf 85' lang='lat' dir='ltr'><strong>nationis</strong></span> <span class='ocrx_word' id='word_1_68' title='bbox 621 1224 771 1273; x_wconf 58' lang='lat' dir='ltr'><strong>mese,</strong></span> <span class='ocrx_word' id='word_1_69' title='bbox 801 1208 884 1262; x_wconf 89' lang='lat' dir='ltr'><strong>vel</strong></span> <span class='ocrx_word' id='word_1_70' title='bbox 914 1218 1105 1265; x_wconf 72' lang='lat' dir='ltr'><strong>vestra:</strong></span> <span class='ocrx_word' id='word_1_71' title='bbox 1133 1210 1385 1272; x_wconf 81' lang='lat' dir='ltr'><strong>bonitatis</strong></span> <span class='ocrx_word' id='word_1_72' title='bbox 1400 1211 1621 1279; x_wconf 70' lang='lat' dir='ltr'><strong>judicio,</strong></span> <span class='ocrx_word' id='word_1_73' title='bbox 1656 1227 1816 1281; x_wconf 88' lang='lat' dir='ltr'><strong>super</strong></span> <span class='ocrx_word' id='word_1_74' title='bbox 1841 1229 1925 1268; x_wconf 87' lang='lat' dir='ltr'><strong>me</strong></span> 
     </span>
    </p>
   </div>
   <div class='ocr_carea' id='block_1_13' title="bbox 365 1298 1925 1369">
    <p class='ocr_par' dir='ltr' id='par_1_13' title="bbox 365 1298 1925 1369">
     <span class='ocr_line' id='line_1_13' title="bbox 365 1298 1925 1369; baseline 0.002 -17"><span class='ocrx_word' id='word_1_75' title='bbox 365 1299 541 1353; x_wconf 85' lang='lat' dir='ltr'><strong>minus</strong></span> <span class='ocrx_word' id='word_1_76' title='bbox 570 1298 730 1366; x_wconf 80' lang='lat' dir='ltr'><strong>digno</strong></span> <span class='ocrx_word' id='word_1_77' title='bbox 753 1299 837 1353; x_wconf 89' lang='lat' dir='ltr'><strong>his</strong></span> <span class='ocrx_word' id='word_1_78' title='bbox 856 1299 1101 1355; x_wconf 83' lang='lat' dir='ltr'><strong>omnibus</strong></span> <span class='ocrx_word' id='word_1_79' title='bbox 1125 1300 1383 1358; x_wconf 81' lang='lat' dir='ltr'><strong>donorum</strong></span> <span class='ocrx_word' id='word_1_80' title='bbox 1404 1301 1777 1369; x_wconf 87' lang='lat' dir='ltr'><strong>largitionibus</strong></span> <span class='ocrx_word' id='word_1_81' title='bbox 1797 1302 1819 1355; x_wconf 86' lang='lat'><strong>?</strong></span> <span class='ocrx_word' id='word_1_82' title='bbox 1844 1302 1925 1357; x_wconf 88' lang='lat' dir='ltr'><strong>vel</strong></span> 
     </span>
    </p>
   </div>
   <div class='ocr_carea' id='block_1_14' title="bbox 364 1387 1926 1460">
    <p class='ocr_par' dir='ltr' id='par_1_14' title="bbox 364 1387 1926 1460">
     <span class='ocr_line' id='line_1_14' title="bbox 364 1387 1926 1460; baseline 0.003 -19"><span class='ocrx_word' id='word_1_83' title='bbox 364 1387 547 1456; x_wconf 81' lang='lat' dir='ltr'><strong>quales</strong></span> <span class='ocrx_word' id='word_1_84' title='bbox 583 1388 873 1460; x_wconf 75' lang='lat' dir='ltr'><strong>gratiarum</strong></span> <span class='ocrx_word' id='word_1_85' title='bbox 904 1387 1139 1443; x_wconf 80' lang='lat' dir='ltr'><strong>actiones</strong></span> <span class='ocrx_word' id='word_1_86' title='bbox 1167 1397 1357 1447; x_wconf 74' lang='lat' dir='ltr'><strong>vestrae</strong></span> <span class='ocrx_word' id='word_1_87' title='bbox 1384 1390 1764 1445; x_wconf 76' lang='lat' dir='ltr'><strong>misericordiae</strong></span> <span class='ocrx_word' id='word_1_88' title='bbox 1800 1406 1926 1445; x_wconf 88' lang='lat' dir='ltr'><strong>con-</strong></span> 
     </span>
    </p>
   </div>
   <div class='ocr_carea' id='block_1_15' title="bbox 364 1464 1925 1548">
    <p class='ocr_par' dir='ltr' id='par_1_15' title="bbox 364 1464 1925 1548">
     <span class='ocr_line' id='line_1_15' title="bbox 364 1464 1925 1548; baseline 0.004 -19"><span class='ocrx_word' id='word_1_89' title='bbox 364 1475 551 1545; x_wconf 80' lang='lat' dir='ltr'><strong>dignas</strong></span> <span class='ocrx_word' id='word_1_90' title='bbox 573 1476 878 1545; x_wconf 84' lang='lat' dir='ltr'><strong>persolvere</strong></span> <span class='ocrx_word' id='word_1_91' title='bbox 903 1490 1139 1545; x_wconf 85' lang='lat' dir='ltr'><strong>possum,</strong></span> <span class='ocrx_word' id='word_1_92' title='bbox 1178 1464 1287 1531; x_wconf 40' lang='lat' dir='ltr'><strong>&#39;nisi</strong></span> <span class='ocrx_word' id='word_1_93' title='bbox 1314 1486 1565 1546; x_wconf 86' lang='lat' dir='ltr'><strong>perpetua</strong></span> <span class='ocrx_word' id='word_1_94' title='bbox 1597 1480 1697 1548; x_wconf 69' lang='lat' dir='ltr'><strong>pia:</strong></span> <span class='ocrx_word' id='word_1_95' title='bbox 1728 1482 1925 1535; x_wconf 57' lang='lat' dir='ltr'><strong>(initio-</strong></span> 
     </span>
    </p>
   </div>
   <div class='ocr_carea' id='block_1_16' title="bbox 364 1560 1925 1637">
    <p class='ocr_par' dir='ltr' id='par_1_16' title="bbox 364 1560 1925 1637">
     <span class='ocr_line' id='line_1_16' title="bbox 364 1560 1925 1637; baseline 0.003 -18"><span class='ocrx_word' id='word_1_96' title='bbox 364 1565 448 1621; x_wconf 85' lang='lat' dir='ltr'><strong>nis</strong></span> <span class='ocrx_word' id='word_1_97' title='bbox 475 1560 755 1622; x_wconf 70' lang='lat' dir='ltr'><strong>sedulitate</strong></span> <span class='ocrx_word' id='word_1_98' title='bbox 784 1566 1265 1621; x_wconf 79' lang='lat' dir='ltr'><strong>miscricordissim‘i</strong></span> <span class='ocrx_word' id='word_1_99' title='bbox 1292 1567 1389 1623; x_wconf 85' lang='lat' dir='ltr'><strong>Dei</strong></span> <span class='ocrx_word' id='word_1_100' title='bbox 1418 1570 1795 1637; x_wconf 68' lang='lat' dir='ltr'><strong>omnipotentis</strong></span> <span class='ocrx_word' id='word_1_101' title='bbox 1820 1570 1925 1625; x_wconf 86' lang='lat' dir='ltr'><strong>cle-</strong></span> 
     </span>
    </p>
   </div>
   <div class='ocr_carea' id='block_1_17' title="bbox 366 1655 1927 1725">
    <p class='ocr_par' dir='ltr' id='par_1_17' title="bbox 366 1655 1927 1725">
     <span class='ocr_line' id='line_1_17' title="bbox 366 1655 1927 1725; baseline 0.003 -16"><span class='ocrx_word' id='word_1_102' title='bbox 366 1655 615 1718; x_wconf 76' lang='lat' dir='ltr'><strong>mentiam</strong></span> <span class='ocrx_word' id='word_1_103' title='bbox 646 1656 937 1725; x_wconf 81' lang='lat' dir='ltr'><strong>deprecari,</strong></span> <span class='ocrx_word' id='word_1_104' title='bbox 973 1665 1235 1725; x_wconf 86' lang='lat' dir='ltr'><strong>quatenus</strong></span> <span class='ocrx_word' id='word_1_105' title='bbox 1267 1666 1463 1711; x_wconf 65' lang='lat' dir='ltr'><strong>interna</strong></span> <span class='ocrx_word' id='word_1_106' title='bbox 1499 1662 1927 1715; x_wconf 73' lang='lat' dir='ltr'><strong>remuneratione</strong></span> 
     </span>
    </p>
   </div>
   <div class='ocr_carea' id='block_1_18' title="bbox 364 1742 1922 1818">
    <p class='ocr_par' dir='ltr' id='par_1_18' title="bbox 364 1742 1922 1818">
     <span class='ocr_line' id='line_1_18' title="bbox 364 1742 1922 1818; baseline 0.004 -23"><span class='ocrx_word' id='word_1_107' title='bbox 364 1742 417 1795; x_wconf 91' lang='lat' dir='ltr'><strong>in</strong></span> <span class='ocrx_word' id='word_1_108' title='bbox 444 1742 646 1796; x_wconf 74' lang='lat' dir='ltr'><strong>cmlesti</strong></span> <span class='ocrx_word' id='word_1_109' title='bbox 676 1743 1002 1799; x_wconf 85' lang='lat' dir='ltr'><strong>beatitudine</strong></span> <span class='ocrx_word' id='word_1_110' title='bbox 1036 1745 1215 1818; x_wconf 82' lang='lat' dir='ltr'><strong>omnia</strong></span> <span class='ocrx_word' id='word_1_111' title='bbox 1249 1745 1615 1815; x_wconf 82' lang='lat' dir='ltr'><strong>multipliciter</strong></span> <span class='ocrx_word' id='word_1_112' title='bbox 1641 1749 1825 1802; x_wconf 84' lang='lat' dir='ltr'><strong>reddat</strong></span> <span class='ocrx_word' id='word_1_113' title='bbox 1872 1750 1922 1802; x_wconf 95' lang='lat' dir='ltr'><strong>in</strong></span> 
     </span>
    </p>
   </div>
   <div class='ocr_carea' id='block_1_19' title="bbox 364 1818 2002 1905">
    <p class='ocr_par' dir='ltr' id='par_1_19' title="bbox 364 1818 2002 1905">
     <span class='ocr_line' id='line_1_19' title="bbox 364 1818 2002 1905; baseline 0.004 -20"><span class='ocrx_word' id='word_1_114' title='bbox 364 1843 536 1885; x_wconf 83' lang='lat' dir='ltr'><strong>meam</strong></span> <span class='ocrx_word' id='word_1_115' title='bbox 573 1838 764 1884; x_wconf 73' lang='lat' dir='ltr'><strong>vestrae</strong></span> <span class='ocrx_word' id='word_1_116' title='bbox 800 1831 1113 1902; x_wconf 59' lang='lat' dir='ltr'><strong>largissimas</strong></span> <span class='ocrx_word' id='word_1_117' title='bbox 1141 1833 1391 1892; x_wconf 84' lang='lat' dir='ltr'><strong>bonitatis</strong></span> <span class='ocrx_word' id='word_1_118' title='bbox 1430 1834 1707 1890; x_wconf 79' lang='lat' dir='ltr'><strong>benefacta</strong></span> <span class='ocrx_word' id='word_1_119' title='bbox 1751 1838 1926 1905; x_wconf 76' lang='lat' dir='ltr'><strong>parvi-</strong></span> <span class='ocrx_word' id='word_1_120' title='bbox 1958 1818 2002 1876; x_wconf 74' lang='grc' dir='ltr'><strong>Β</strong></span> 
     </span>
    </p>
   </div>
   <div class='ocr_carea' id='block_1_20' title="bbox 364 1921 1927 1993">
    <p class='ocr_par' dir='ltr' id='par_1_20' title="bbox 364 1921 1927 1993">
     <span class='ocr_line' id='line_1_20' title="bbox 364 1921 1927 1993; baseline 0.001 -16"><span class='ocrx_word' id='word_1_121' title='bbox 364 1922 570 1977; x_wconf 66' lang='grc' dir='ltr'><strong>ιιιεωῖ</strong></span> <span class='ocrx_word' id='word_1_122' title='bbox 606 1921 757 1987; x_wconf 84' lang='lat' dir='ltr'><strong>Quod</strong></span> <span class='ocrx_word' id='word_1_123' title='bbox 783 1931 843 1977; x_wconf 93' lang='lat' dir='ltr'><strong>ut</strong></span> <span class='ocrx_word' id='word_1_124' title='bbox 878 1939 1051 1978; x_wconf 90' lang='lat' dir='ltr'><strong>meam</strong></span> <span class='ocrx_word' id='word_1_125' title='bbox 1088 1924 1248 1978; x_wconf 88' lang='lat' dir='ltr'><strong>liceat</strong></span> <span class='ocrx_word' id='word_1_126' title='bbox 1288 1925 1425 1993; x_wconf 88' lang='lat' dir='ltr'><strong>apud</strong></span> <span class='ocrx_word' id='word_1_127' title='bbox 1462 1936 1705 1979; x_wconf 91' lang='lat' dir='ltr'><strong>sanctum</strong></span> <span class='ocrx_word' id='word_1_128' title='bbox 1745 1927 1927 1979; x_wconf 74' lang='lat' dir='ltr'><strong>Marti-</strong></span> 
     </span>
    </p>
   </div>
   <div class='ocr_carea' id='block_1_21' title="bbox 364 2012 1921 2084">
    <p class='ocr_par' dir='ltr' id='par_1_21' title="bbox 364 2012 1921 2084">
     <span class='ocr_line' id='line_1_21' title="bbox 364 2012 1921 2084; baseline 0.001 -18"><span class='ocrx_word' id='word_1_129' title='bbox 364 2027 491 2066; x_wconf 89' lang='lat' dir='ltr'><strong>num</strong></span> <span class='ocrx_word' id='word_1_130' title='bbox 517 2012 753 2081; x_wconf 85' lang='lat' dir='ltr'><strong>quotidie</strong></span> <span class='ocrx_word' id='word_1_131' title='bbox 781 2013 1087 2067; x_wconf 88' lang='lat' dir='ltr'><strong>instantiam</strong></span> <span class='ocrx_word' id='word_1_132' title='bbox 1123 2029 1299 2083; x_wconf 81' lang='lat' dir='ltr'><strong>agere,</strong></span> <span class='ocrx_word' id='word_1_133' title='bbox 1339 2014 1557 2084; x_wconf 82' lang='lat' dir='ltr'><strong>supplex</strong></span> <span class='ocrx_word' id='word_1_134' title='bbox 1598 2015 1921 2083; x_wconf 86' lang='lat' dir='ltr'><strong>suppliciter,</strong></span> 
     </span>
    </p>
   </div>
   <div class='ocr_carea' id='block_1_22' title="bbox 366 2104 1923 2177">
    <p class='ocr_par' dir='ltr' id='par_1_22' title="bbox 366 2104 1923 2177">
     <span class='ocr_line' id='line_1_22' title="bbox 366 2104 1923 2177; baseline 0.003 -18"><span class='ocrx_word' id='word_1_135' title='bbox 366 2104 581 2163; x_wconf 84' lang='lat' dir='ltr'><strong>humilis</strong></span> <span class='ocrx_word' id='word_1_136' title='bbox 626 2104 935 2170; x_wconf 86' lang='lat' dir='ltr'><strong>humiliter,</strong></span> <span class='ocrx_word' id='word_1_137' title='bbox 984 2107 1205 2160; x_wconf 86' lang='lat' dir='ltr'><strong>devotus</strong></span> <span class='ocrx_word' id='word_1_138' title='bbox 1249 2106 1436 2160; x_wconf 80' lang='lat' dir='ltr'><strong>devote</strong></span> <span class='ocrx_word' id='word_1_139' title='bbox 1488 2107 1748 2169; x_wconf 85' lang='lat' dir='ltr'><strong>obsecro,</strong></span> <span class='ocrx_word' id='word_1_140' title='bbox 1800 2111 1923 2177; x_wconf 83' lang='lat' dir='ltr'><strong>quia</strong></span> 
     </span>
    </p>
   </div>
   <div class='ocr_carea' id='block_1_23' title="bbox 363 2193 1921 2265">
    <p class='ocr_par' dir='ltr' id='par_1_23' title="bbox 363 2193 1921 2265">
     <span class='ocr_line' id='line_1_23' title="bbox 363 2193 1921 2265; baseline 0.006 -20"><span class='ocrx_word' id='word_1_141' title='bbox 363 2194 515 2249; x_wconf 86' lang='lat' dir='ltr'><strong>valde</strong></span> <span class='ocrx_word' id='word_1_142' title='bbox 541 2193 838 2250; x_wconf 76' lang='lat' dir='ltr'><strong>inﬁrmatus</strong></span> <span class='ocrx_word' id='word_1_143' title='bbox 856 2210 1088 2265; x_wconf 84' lang='lat' dir='ltr'><strong>corpore</strong></span> <span class='ocrx_word' id='word_1_144' title='bbox 1113 2195 1185 2249; x_wconf 86' lang='lat' dir='ltr'><strong>nil</strong></span> <span class='ocrx_word' id='word_1_145' title='bbox 1212 2194 1353 2250; x_wconf 84' lang='lat' dir='ltr'><strong>aliud</strong></span> <span class='ocrx_word' id='word_1_146' title='bbox 1393 2196 1600 2251; x_wconf 88' lang='lat' dir='ltr'><strong>itineris</strong></span> <span class='ocrx_word' id='word_1_147' title='bbox 1647 2198 1728 2252; x_wconf 87' lang='lat' dir='ltr'><strong>vel</strong></span> <span class='ocrx_word' id='word_1_148' title='bbox 1775 2199 1921 2254; x_wconf 85' lang='lat' dir='ltr'><strong>labo-</strong></span> 
     </span>
    </p>
   </div>
   <div class='ocr_carea' id='block_1_24' title="bbox 364 2287 1927 2360">
    <p class='ocr_par' dir='ltr' id='par_1_24' title="bbox 364 2287 1927 2360">
     <span class='ocr_line' id='line_1_24' title="bbox 364 2287 1927 2360; baseline 0.003 -19"><span class='ocrx_word' id='word_1_149' title='bbox 364 2287 439 2341; x_wconf 89' lang='lat' dir='ltr'><strong>ris</strong></span> <span class='ocrx_word' id='word_1_150' title='bbox 474 2288 732 2357; x_wconf 81' lang='lat' dir='ltr'><strong>perlicere</strong></span> <span class='ocrx_word' id='word_1_151' title='bbox 779 2290 951 2345; x_wconf 82' lang='lat' dir='ltr'><strong>valeo.</strong></span> <span class='ocrx_word' id='word_1_152' title='bbox 996 2289 1182 2345; x_wconf 87' lang='lat' dir='ltr'><strong>Omnis</strong></span> <span class='ocrx_word' id='word_1_153' title='bbox 1219 2289 1379 2360; x_wconf 89' lang='lat' dir='ltr'><strong>igitur</strong></span> <span class='ocrx_word' id='word_1_154' title='bbox 1421 2292 1661 2359; x_wconf 89' lang='lat' dir='ltr'><strong>corporis</strong></span> <span class='ocrx_word' id='word_1_155' title='bbox 1695 2292 1820 2351; x_wconf 86' lang='lat' dir='ltr'><strong>mei.</strong></span> <span class='ocrx_word' id='word_1_156' title='bbox 1869 2300 1927 2345; x_wconf 93' lang='lat' dir='ltr'><strong>ut</strong></span> 
     </span>
    </p>
   </div>
   <div class='ocr_carea' id='block_1_25' title="bbox 362 2376 1926 2448">
    <p class='ocr_par' dir='ltr' id='par_1_25' title="bbox 362 2376 1926 2448">
     <span class='ocr_line' id='line_1_25' title="bbox 362 2376 1926 2448; baseline 0.002 -18"><span class='ocrx_word' id='word_1_157' title='bbox 362 2391 487 2431; x_wconf 88' lang='lat' dir='ltr'><strong>vere</strong></span> <span class='ocrx_word' id='word_1_158' title='bbox 514 2377 730 2441; x_wconf 55' lang='lat' dir='ltr'><strong>fateor,</strong></span> <span class='ocrx_word' id='word_1_159' title='bbox 753 2380 984 2448; x_wconf 74' lang='lat' dir='ltr'><strong>dignitas</strong></span> <span class='ocrx_word' id='word_1_160' title='bbox 1025 2385 1081 2431; x_wconf 91' lang='lat' dir='ltr'><strong>et</strong></span> <span class='ocrx_word' id='word_1_161' title='bbox 1108 2376 1365 2433; x_wconf 85' lang='lat' dir='ltr'><strong>fortime</strong></span> <span class='ocrx_word' id='word_1_162' title='bbox 1389 2380 1640 2442; x_wconf 89' lang='lat' dir='ltr'><strong>recessit,</strong></span> <span class='ocrx_word' id='word_1_163' title='bbox 1686 2380 1837 2445; x_wconf 87' lang='lat' dir='ltr'><strong>abiit,</strong></span> <span class='ocrx_word' id='word_1_164' title='bbox 1872 2388 1926 2436; x_wconf 90' lang='lat' dir='ltr'><strong>et</strong></span> 
     </span>
    </p>
   </div>
   <div class='ocr_carea' id='block_1_26' title="bbox 362 2466 1923 2536">
    <p class='ocr_par' dir='ltr' id='par_1_26' title="bbox 362 2466 1923 2536">
     <span class='ocr_line' id='line_1_26' title="bbox 362 2466 1923 2536; baseline 0.005 -16"><span class='ocrx_word' id='word_1_165' title='bbox 362 2468 601 2535; x_wconf 89' lang='lat' dir='ltr'><strong>quotidie</strong></span> <span class='ocrx_word' id='word_1_166' title='bbox 640 2466 838 2536; x_wconf 84' lang='lat' dir='ltr'><strong>lugiet:</strong></span> <span class='ocrx_word' id='word_1_167' title='bbox 873 2485 973 2524; x_wconf 91' lang='lat' dir='ltr'><strong>nec</strong></span> <span class='ocrx_word' id='word_1_168' title='bbox 1000 2470 1051 2522; x_wconf 93' lang='lat' dir='ltr'><strong>in</strong></span> <span class='ocrx_word' id='word_1_169' title='bbox 1077 2469 1197 2530; x_wconf 89' lang='lat' dir='ltr'><strong>hoc,</strong></span> <span class='ocrx_word' id='word_1_170' title='bbox 1231 2476 1290 2522; x_wconf 83' lang='lat' dir='ltr'><strong>ut</strong></span> <span class='ocrx_word' id='word_1_171' title='bbox 1313 2482 1583 2535; x_wconf 85' lang='lat' dir='ltr'><strong>revereor,</strong></span> <span class='ocrx_word' id='word_1_172' title='bbox 1614 2472 1807 2526; x_wconf 61' lang='lat' dir='ltr'><strong>sarculo</strong></span> <span class='ocrx_word' id='word_1_173' title='bbox 1840 2489 1923 2528; x_wconf 85' lang='lat' dir='ltr'><strong>rc-</strong></span> 
     </span>
    </p>
   </div>
   <div class='ocr_carea' id='block_1_27' title="bbox 365 2566 655 2623">
    <p class='ocr_par' dir='ltr' id='par_1_27' title="bbox 365 2566 655 2623">
     <span class='ocr_line' id='line_1_27' title="bbox 365 2566 655 2623; baseline 0 -13"><span class='ocrx_word' id='word_1_174' title='bbox 365 2566 620 2613; x_wconf 78' lang='lat' dir='ltr'><strong>vertetur.</strong></span> <span class='ocrx_word' id='word_1_175' title='bbox 654 2620 655 2623; x_wconf 24' lang='grc' dir='ltr'><strong>η</strong></span> 
     </span>
    </p>
   </div>
   <div class='ocr_carea' id='block_1_28' title="bbox 432 2648 1925 2717">
    <p class='ocr_par' dir='ltr' id='par_1_28' title="bbox 432 2648 1925 2717">
     <span class='ocr_line' id='line_1_28' title="bbox 432 2648 1925 2717; baseline 0.003 -15"><span class='ocrx_word' id='word_1_176' title='bbox 432 2648 651 2717; x_wconf 85' lang='lat' dir='ltr'><strong>Speravi</strong></span> <span class='ocrx_word' id='word_1_177' title='bbox 689 2658 847 2717; x_wconf 88' lang='lat' dir='ltr'><strong>atque</strong></span> <span class='ocrx_word' id='word_1_178' title='bbox 873 2649 1049 2717; x_wconf 90' lang='lat' dir='ltr'><strong>optavi</strong></span> <span class='ocrx_word' id='word_1_179' title='bbox 1081 2664 1164 2703; x_wconf 87' lang='lat' dir='ltr'><strong>me</strong></span> <span class='ocrx_word' id='word_1_180' title='bbox 1211 2650 1494 2705; x_wconf 90' lang='lat' dir='ltr'><strong>transactis</strong></span> <span class='ocrx_word' id='word_1_181' title='bbox 1521 2651 1707 2705; x_wconf 88' lang='lat' dir='ltr'><strong>diebus</strong></span> <span class='ocrx_word' id='word_1_182' title='bbox 1736 2662 1925 2707; x_wconf 59' lang='lat' dir='ltr'><strong>vestae</strong></span> 
     </span>
    </p>
   </div>
   <div class='ocr_carea' id='block_1_29' title="bbox 361 2738 1923 2795">
    <p class='ocr_par' dir='ltr' id='par_1_29' title="bbox 361 2738 1923 2795">
     <span class='ocr_line' id='line_1_29' title="bbox 361 2738 1923 2795; baseline 0 -1"><span class='ocrx_word' id='word_1_183' title='bbox 361 2740 537 2795; x_wconf 79' lang='lat' dir='ltr'><strong>adhuc</strong></span> <span class='ocrx_word' id='word_1_184' title='bbox 563 2740 643 2794; x_wconf 87' lang='lat' dir='ltr'><strong>vel</strong></span> <span class='ocrx_word' id='word_1_185' title='bbox 682 2741 845 2795; x_wconf 86' lang='lat' dir='ltr'><strong>semel</strong></span> <span class='ocrx_word' id='word_1_186' title='bbox 872 2739 1218 2795; x_wconf 73' lang='lat' dir='ltr'><strong>beatitudinis</strong></span> <span class='ocrx_word' id='word_1_187' title='bbox 1246 2738 1434 2792; x_wconf 90' lang='lat' dir='ltr'><strong>faciem</strong></span> <span class='ocrx_word' id='word_1_188' title='bbox 1464 2738 1662 2794; x_wconf 86' lang='lat' dir='ltr'><strong>videre.</strong></span> <span class='ocrx_word' id='word_1_189' title='bbox 1713 2740 1819 2794; x_wconf 87' lang='lat' dir='ltr'><strong>Sed</strong></span> <span class='ocrx_word' id='word_1_190' title='bbox 1844 2743 1923 2794; x_wconf 88' lang='lat' dir='ltr'><strong>iu-</strong></span> 
     </span>
    </p>
   </div>
   <div class='ocr_carea' id='block_1_30' title="bbox 362 2826 1923 2900">
    <p class='ocr_par' dir='ltr' id='par_1_30' title="bbox 362 2826 1923 2900">
     <span class='ocr_line' id='line_1_30' title="bbox 362 2826 1923 2900; baseline 0 -17"><span class='ocrx_word' id='word_1_191' title='bbox 362 2839 707 2900; x_wconf 70' lang='lat' dir='ltr'><strong>gravescente</strong></span> <span class='ocrx_word' id='word_1_192' title='bbox 749 2829 942 2882; x_wconf 90' lang='lat' dir='ltr'><strong>inlirmi</strong></span> <span class='ocrx_word' id='word_1_193' title='bbox 985 2827 1228 2895; x_wconf 88' lang='lat' dir='ltr'><strong>corporis</strong></span> <span class='ocrx_word' id='word_1_194' title='bbox 1262 2826 1553 2890; x_wconf 85' lang='lat' dir='ltr'><strong>lle&#39;ilitate,</strong></span> <span class='ocrx_word' id='word_1_195' title='bbox 1602 2827 1923 2883; x_wconf 73' lang='lat' dir='ltr'><strong>omnimodis</strong></span> 
     </span>
    </p>
   </div>
   <div class='ocr_carea' id='block_1_31' title="bbox 362 2915 1921 2987">
    <p class='ocr_par' dir='ltr' id='par_1_31' title="bbox 362 2915 1921 2987">
     <span class='ocr_line' id='line_1_31' title="bbox 362 2915 1921 2987; baseline -0.001 -14"><span class='ocrx_word' id='word_1_196' title='bbox 362 2920 464 2975; x_wconf 89' lang='lat' dir='ltr'><strong>hoc</strong></span> <span class='ocrx_word' id='word_1_197' title='bbox 486 2919 625 2972; x_wconf 89' lang='lat' dir='ltr'><strong>idem</strong></span> <span class='ocrx_word' id='word_1_198' title='bbox 665 2916 777 2972; x_wconf 87' lang='lat' dir='ltr'><strong>lieri</strong></span> <span class='ocrx_word' id='word_1_199' title='bbox 808 2933 911 2971; x_wconf 91' lang='lat' dir='ltr'><strong>non</strong></span> <span class='ocrx_word' id='word_1_200' title='bbox 941 2931 1095 2986; x_wconf 85' lang='lat' dir='ltr'><strong>posse</strong></span> <span class='ocrx_word' id='word_1_201' title='bbox 1123 2917 1401 2986; x_wconf 83' lang='lat' dir='ltr'><strong>probatum</strong></span> <span class='ocrx_word' id='word_1_202' title='bbox 1447 2917 1637 2971; x_wconf 77' lang='lat' dir='ltr'><strong>haben.</strong></span> <span class='ocrx_word' id='word_1_203' title='bbox 1682 2915 1921 2987; x_wconf 83' lang='lat' dir='ltr'><strong>Quapro-</strong></span> 
     </span>
    </p>
   </div>
   <div class='ocr_carea' id='block_1_32' title="bbox 359 3006 1922 3079">
    <p class='ocr_par' dir='ltr' id='par_1_32' title="bbox 359 3006 1922 3079">
     <span class='ocr_line' id='line_1_32' title="bbox 359 3006 1922 3079; baseline 0.001 -17"><span class='ocrx_word' id='word_1_204' title='bbox 359 3018 479 3077; x_wconf 81' lang='lat' dir='ltr'><strong>pter</strong></span> <span class='ocrx_word' id='word_1_205' title='bbox 507 3008 765 3079; x_wconf 87' lang='lat' dir='ltr'><strong>deprecor</strong></span> <span class='ocrx_word' id='word_1_206' title='bbox 818 3017 1006 3060; x_wconf 68' lang='lat' dir='ltr'><strong>vestra:</strong></span> <span class='ocrx_word' id='word_1_207' title='bbox 1059 3007 1272 3062; x_wconf 71' lang='lat' dir='ltr'><strong>invicta:</strong></span> <span class='ocrx_word' id='word_1_208' title='bbox 1322 3006 1575 3062; x_wconf 88' lang='lat' dir='ltr'><strong>bonitatis</strong></span> <span class='ocrx_word' id='word_1_209' title='bbox 1622 3009 1922 3064; x_wconf 84' lang='lat' dir='ltr'><strong>miscricor-</strong></span> 
     </span>
    </p>
   </div>
   <div class='ocr_carea' id='block_1_33' title="bbox 360 3096 1917 3170">
    <p class='ocr_par' dir='ltr' id='par_1_33' title="bbox 360 3096 1917 3170">
     <span class='ocr_line' id='line_1_33' title="bbox 360 3096 1917 3170; baseline 0.001 -18"><span class='ocrx_word' id='word_1_210' title='bbox 360 3098 523 3162; x_wconf 83' lang='lat' dir='ltr'><strong>diam,</strong></span> <span class='ocrx_word' id='word_1_211' title='bbox 564 3106 629 3153; x_wconf 89' lang='lat' dir='ltr'><strong>.ut</strong></span> <span class='ocrx_word' id='word_1_212' title='bbox 656 3096 952 3151; x_wconf 88' lang='lat' dir='ltr'><strong>nullatenus</strong></span> <span class='ocrx_word' id='word_1_213' title='bbox 976 3112 1125 3152; x_wconf 71' lang='lat' dir='ltr'><strong>ineius</strong></span> <span class='ocrx_word' id='word_1_214' title='bbox 1155 3108 1340 3152; x_wconf 77' lang='lat' dir='ltr'><strong>sancta</strong></span> <span class='ocrx_word' id='word_1_215' title='bbox 1362 3137 1379 3163; x_wconf 86' lang='lat'><strong>,</strong></span> <span class='ocrx_word' id='word_1_216' title='bbox 1411 3098 1655 3152; x_wconf 87' lang='lat' dir='ltr'><strong>voluntas</strong></span> <span class='ocrx_word' id='word_1_217' title='bbox 1693 3100 1917 3170; x_wconf 80' lang='lat' dir='ltr'><strong>benigna</strong></span> 
     </span>
    </p>
   </div>
   <div class='ocr_carea' id='block_1_34' title="bbox 360 3189 1949 3261">
    <p class='ocr_par' dir='ltr' id='par_1_34' title="bbox 360 3189 1949 3261">
     <span class='ocr_line' id='line_1_34' title="bbox 360 3189 1949 3261; baseline 0.003 -21"><span class='ocrx_word' id='word_1_218' title='bbox 360 3206 480 3258; x_wconf 69' lang='lat' dir='ltr'><strong>qum</strong></span> <span class='ocrx_word' id='word_1_219' title='bbox 509 3190 563 3243; x_wconf 88' lang='lat' dir='ltr'><strong>in</strong></span> <span class='ocrx_word' id='word_1_220' title='bbox 591 3190 744 3244; x_wconf 83' lang='lat' dir='ltr'><strong>vobis</strong></span> <span class='ocrx_word' id='word_1_221' title='bbox 776 3199 874 3253; x_wconf 82' lang='lat' dir='ltr'><strong>est,</strong></span> <span class='ocrx_word' id='word_1_222' title='bbox 916 3206 1047 3245; x_wconf 76' lang='lat' dir='ltr'><strong>mea:</strong></span> <span class='ocrx_word' id='word_1_223' title='bbox 1070 3190 1333 3244; x_wconf 81' lang='lat' dir='ltr'><strong>irascatur</strong></span> <span class='ocrx_word' id='word_1_224' title='bbox 1361 3189 1676 3255; x_wconf 67' lang='lat' dir='ltr'><strong>infirmitati,</strong></span> <span class='ocrx_word' id='word_1_225' title='bbox 1709 3192 1803 3246; x_wconf 90' lang='lat' dir='ltr'><strong>sed</strong></span> <span class='ocrx_word' id='word_1_226' title='bbox 1834 3189 1949 3261; x_wconf 22' lang='lat' dir='ltr'><strong>pia:</strong></span> 
     </span>
    </p>
   </div>
   <div class='ocr_carea' id='block_1_35' title="bbox 361 3278 1923 3349">
    <p class='ocr_par' dir='ltr' id='par_1_35' title="bbox 361 3278 1923 3349">
     <span class='ocr_line' id='line_1_35' title="bbox 361 3278 1923 3349; baseline 0.002 -16"><span class='ocrx_word' id='word_1_227' title='bbox 361 3279 727 3349; x_wconf 84' lang='lat' dir='ltr'><strong>compassione</strong></span> <span class='ocrx_word' id='word_1_228' title='bbox 751 3278 947 3335; x_wconf 88' lang='lat' dir='ltr'><strong>fessum</strong></span> <span class='ocrx_word' id='word_1_229' title='bbox 989 3280 1245 3334; x_wconf 89' lang='lat' dir='ltr'><strong>concedat</strong></span> <span class='ocrx_word' id='word_1_230' title='bbox 1271 3282 1624 3349; x_wconf 84' lang='lat' dir='ltr'><strong>requiescere,</strong></span> <span class='ocrx_word' id='word_1_231' title='bbox 1669 3284 1923 3336; x_wconf 89' lang='lat' dir='ltr'><strong>orationi-</strong></span> 
     </span>
    </p>
   </div>
   <div class='ocr_carea' id='block_1_36' title="bbox 361 3367 1921 3438">
    <p class='ocr_par' dir='ltr' id='par_1_36' title="bbox 361 3367 1921 3438">
     <span class='ocr_line' id='line_1_36' title="bbox 361 3367 1921 3438; baseline 0.001 -15"><span class='ocrx_word' id='word_1_232' title='bbox 361 3372 564 3438; x_wconf 85' lang='lat' dir='ltr'><strong>busque</strong></span> <span class='ocrx_word' id='word_1_233' title='bbox 591 3385 689 3438; x_wconf 91' lang='lat' dir='ltr'><strong>pro</strong></span> <span class='ocrx_word' id='word_1_234' title='bbox 709 3370 859 3424; x_wconf 85' lang='lat' dir='ltr'><strong>vobis</strong></span> <span class='ocrx_word' id='word_1_235' title='bbox 886 3370 1106 3434; x_wconf 83' lang='lat' dir='ltr'><strong>instare,</strong></span> <span class='ocrx_word' id='word_1_236' title='bbox 1130 3378 1183 3422; x_wconf 89' lang='lat' dir='ltr'><strong>et</strong></span> <span class='ocrx_word' id='word_1_237' title='bbox 1202 3370 1492 3437; x_wconf 60' lang='lat' dir='ltr'><strong>praevenire</strong></span> <span class='ocrx_word' id='word_1_238' title='bbox 1512 3367 1701 3423; x_wconf 87' lang='lat' dir='ltr'><strong>faciem</strong></span> <span class='ocrx_word' id='word_1_239' title='bbox 1740 3372 1921 3425; x_wconf 69' lang='lat' dir='ltr'><strong>teterni</strong></span> 
     </span>
    </p>
   </div>
   <div class='ocr_carea' id='block_1_37' title="bbox 360 3456 1925 3529">
    <p class='ocr_par' dir='ltr' id='par_1_37' title="bbox 360 3456 1925 3529">
     <span class='ocr_line' id='line_1_37' title="bbox 360 3456 1925 3529; baseline 0.003 -19"><span class='ocrx_word' id='word_1_240' title='bbox 360 3456 551 3523; x_wconf 81' lang='lat' dir='ltr'><strong>iudicis</strong></span> <span class='ocrx_word' id='word_1_241' title='bbox 599 3459 651 3511; x_wconf 88' lang='lat' dir='ltr'><strong>in</strong></span> <span class='ocrx_word' id='word_1_242' title='bbox 708 3456 1039 3511; x_wconf 83' lang='lat' dir='ltr'><strong>confessione</strong></span> <span class='ocrx_word' id='word_1_243' title='bbox 1081 3465 1136 3511; x_wconf 85' lang='lat' dir='ltr'><strong>et</strong></span> <span class='ocrx_word' id='word_1_244' title='bbox 1182 3457 1450 3526; x_wconf 89' lang='lat' dir='ltr'><strong>laerymis.</strong></span> <span class='ocrx_word' id='word_1_245' title='bbox 1508 3458 1575 3511; x_wconf 89' lang='lat' dir='ltr'><strong>Ut</strong></span> <span class='ocrx_word' id='word_1_246' title='bbox 1617 3459 1661 3511; x_wconf 90' lang='lat' dir='ltr'><strong>si</strong></span> <span class='ocrx_word' id='word_1_247' title='bbox 1712 3475 1925 3529; x_wconf 77' lang='lat' dir='ltr'><strong>quoquo</strong></span> 
     </span>
    </p>
   </div>
   <div class='ocr_carea' id='block_1_38' title="bbox 362 3530 1925 3616">
    <p class='ocr_par' dir='ltr' id='par_1_38' title="bbox 362 3530 1925 3616">
     <span class='ocr_line' id='line_1_38' title="bbox 362 3530 1925 3616; baseline 0.002 -16"><span class='ocrx_word' id='word_1_248' title='bbox 362 3546 538 3611; x_wconf 88' lang='lat' dir='ltr'><strong>modo,</strong></span> <span class='ocrx_word' id='word_1_249' title='bbox 577 3547 684 3600; x_wconf 87' lang='lat' dir='ltr'><strong>Deo</strong></span> <span class='ocrx_word' id='word_1_250' title='bbox 704 3530 827 3599; x_wconf 79' lang='lat' dir='ltr'><strong>Jesu</strong></span> <span class='ocrx_word' id='word_1_251' title='bbox 858 3546 1164 3609; x_wconf 76' lang='lat' dir='ltr'><strong>miserante,</strong></span> <span class='ocrx_word' id='word_1_252' title='bbox 1193 3548 1502 3599; x_wconf 74' lang='lat' dir='ltr'><strong>metuendus</strong></span> <span class='ocrx_word' id='word_1_253' title='bbox 1530 3549 1733 3616; x_wconf 88' lang='lat' dir='ltr'><strong>antiqui</strong></span> <span class='ocrx_word' id='word_1_254' title='bbox 1758 3550 1925 3603; x_wconf 83' lang='lat' dir='ltr'><strong>hostis</strong></span> 
     </span>
    </p>
   </div>
   <div class='ocr_carea' id='block_1_39' title="bbox 361 3636 1920 3705">
    <p class='ocr_par' dir='ltr' id='par_1_39' title="bbox 361 3636 1920 3705">
     <span class='ocr_line' id='line_1_39' title="bbox 361 3636 1920 3705; baseline 0.001 -16"><span class='ocrx_word' id='word_1_255' title='bbox 361 3636 734 3691; x_wconf 87' lang='lat' dir='ltr'><strong>accusationes</strong></span> <span class='ocrx_word' id='word_1_256' title='bbox 758 3636 985 3689; x_wconf 87' lang='lat' dir='ltr'><strong>evadere</strong></span> <span class='ocrx_word' id='word_1_257' title='bbox 1014 3636 1235 3703; x_wconf 88' lang='lat' dir='ltr'><strong>valeam,</strong></span> <span class='ocrx_word' id='word_1_258' title='bbox 1282 3646 1335 3690; x_wconf 88' lang='lat' dir='ltr'><strong>et</strong></span> <span class='ocrx_word' id='word_1_259' title='bbox 1361 3638 1590 3705; x_wconf 89' lang='lat' dir='ltr'><strong>aliquem</strong></span> <span class='ocrx_word' id='word_1_260' title='bbox 1616 3649 1920 3692; x_wconf 85' lang='lat' dir='ltr'><strong>sanctorum</strong></span> 
     </span>
    </p>
   </div>
   <div class='ocr_carea' id='block_1_40' title="bbox 362 3724 1924 3796">
    <p class='ocr_par' dir='ltr' id='par_1_40' title="bbox 362 3724 1924 3796">
     <span class='ocr_line' id='line_1_40' title="bbox 362 3724 1924 3796; baseline 0 -15"><span class='ocrx_word' id='word_1_261' title='bbox 362 3727 559 3781; x_wconf 87' lang='lat' dir='ltr'><strong>habere</strong></span> <span class='ocrx_word' id='word_1_262' title='bbox 604 3724 899 3792; x_wconf 73' lang='lat' dir='ltr'><strong>adiutorem</strong></span> <span class='ocrx_word' id='word_1_263' title='bbox 950 3741 1195 3787; x_wconf 86' lang='lat' dir='ltr'><strong>merear,</strong></span> <span class='ocrx_word' id='word_1_264' title='bbox 1251 3741 1456 3779; x_wconf 88' lang='lat' dir='ltr'><strong>mecum</strong></span> <span class='ocrx_word' id='word_1_265' title='bbox 1511 3736 1739 3780; x_wconf 84' lang='lat' dir='ltr'><strong>stantem</strong></span> <span class='ocrx_word' id='word_1_266' title='bbox 1767 3768 1780 3789; x_wconf 93' lang='lat'><strong>,</strong></span> <span class='ocrx_word' id='word_1_267' title='bbox 1829 3744 1924 3796; x_wconf 86' lang='lat' dir='ltr'><strong>pro</strong></span> 
     </span>
    </p>
   </div>
   <div class='ocr_carea' id='block_1_41' title="bbox 366 3816 1923 3889">
    <p class='ocr_par' dir='ltr' id='par_1_41' title="bbox 366 3816 1923 3889">
     <span class='ocr_line' id='line_1_41' title="bbox 366 3816 1923 3889; baseline 0.001 -19"><span class='ocrx_word' id='word_1_268' title='bbox 366 3833 583 3889; x_wconf 82' lang='lat' dir='ltr'><strong>meaque</strong></span> <span class='ocrx_word' id='word_1_269' title='bbox 618 3817 1031 3872; x_wconf 84' lang='lat' dir='ltr'><strong>intercedentem</strong></span> <span class='ocrx_word' id='word_1_270' title='bbox 1062 3816 1366 3881; x_wconf 69' lang='lat' dir='ltr'><strong>fragilitate,</strong></span> <span class='ocrx_word' id='word_1_271' title='bbox 1417 3832 1481 3868; x_wconf 86' lang='lat' dir='ltr'><strong>ne</strong></span> <span class='ocrx_word' id='word_1_272' title='bbox 1513 3818 1694 3869; x_wconf 86' lang='lat' dir='ltr'><strong>tradar</strong></span> <span class='ocrx_word' id='word_1_273' title='bbox 1738 3818 1789 3871; x_wconf 94' lang='lat' dir='ltr'><strong>in</strong></span> <span class='ocrx_word' id='word_1_274' title='bbox 1815 3835 1923 3871; x_wconf 84' lang='lat' dir='ltr'><strong>ma-</strong></span> 
     </span>
    </p>
   </div>
   <div class='ocr_carea' id='block_1_42' title="bbox 365 3905 1547 3979">
    <p class='ocr_par' dir='ltr' id='par_1_42' title="bbox 365 3905 1547 3979">
     <span class='ocr_line' id='line_1_42' title="bbox 365 3905 1547 3979; baseline -0.004 -17"><span class='ocrx_word' id='word_1_275' title='bbox 365 3925 463 3964; x_wconf 89' lang='lat' dir='ltr'><strong>nus</strong></span> <span class='ocrx_word' id='word_1_276' title='bbox 490 3910 823 3979; x_wconf 72' lang='lat' dir='ltr'><strong>inimicorum</strong></span> <span class='ocrx_word' id='word_1_277' title='bbox 852 3922 1087 3961; x_wconf 91' lang='lat' dir='ltr'><strong>meorum</strong></span> <span class='ocrx_word' id='word_1_278' title='bbox 1115 3905 1301 3975; x_wconf 77' lang='lat' dir='ltr'><strong>(Ercli.</strong></span> <span class='ocrx_word' id='word_1_279' title='bbox 1338 3922 1407 3969; x_wconf 88' lang='lat' dir='ltr'><strong>tv,</strong></span> <span class='ocrx_word' id='word_1_280' title='bbox 1436 3905 1547 3968; x_wconf 70' lang='lat'><strong>22).</strong></span> 
     </span>
    </p>
   </div>
   <div class='ocr_carea' id='block_1_43' title="bbox 432 3994 1926 4069">
    <p class='ocr_par' dir='ltr' id='par_1_43' title="bbox 432 3994 1926 4069">
     <span class='ocr_line' id='line_1_43' title="bbox 432 3994 1926 4069; baseline -0.003 -15"><span class='ocrx_word' id='word_1_281' title='bbox 432 3999 475 4054; x_wconf 93' lang='grc' dir='ltr'>Ο</span> <span class='ocrx_word' id='word_1_282' title='bbox 504 4014 665 4069; x_wconf 86' lang='lat' dir='ltr'><strong>quam</strong></span> <span class='ocrx_word' id='word_1_283' title='bbox 707 3998 971 4051; x_wconf 90' lang='lat' dir='ltr'><strong>timendus</strong></span> <span class='ocrx_word' id='word_1_284' title='bbox 1016 4005 1098 4049; x_wconf 87' lang='lat' dir='ltr'><strong>est</strong></span> <span class='ocrx_word' id='word_1_285' title='bbox 1144 3996 1287 4049; x_wconf 88' lang='lat' dir='ltr'><strong>omni</strong></span> <span class='ocrx_word' id='word_1_286' title='bbox 1320 3995 1516 4049; x_wconf 87' lang='lat' dir='ltr'><strong>homini</strong></span> <span class='ocrx_word' id='word_1_287' title='bbox 1554 3994 1666 4049; x_wconf 89' lang='lat' dir='ltr'><strong>dies</strong></span> <span class='ocrx_word' id='word_1_288' title='bbox 1713 3995 1829 4059; x_wconf 78' lang='lat' dir='ltr'><strong>ille,</strong></span> <span class='ocrx_word' id='word_1_289' title='bbox 1874 4006 1926 4049; x_wconf 87' lang='lat' dir='ltr'><strong>et</strong></span> 
     </span>
    </p>
   </div>
   <div class='ocr_carea' id='block_1_44' title="bbox 362 4086 1922 4158">
    <p class='ocr_par' dir='ltr' id='par_1_44' title="bbox 362 4086 1922 4158">
     <span class='ocr_line' id='line_1_44' title="bbox 362 4086 1922 4158; baseline 0.001 -15"><span class='ocrx_word' id='word_1_290' title='bbox 362 4104 519 4158; x_wconf 89' lang='lat' dir='ltr'><strong>quam</strong></span> <span class='ocrx_word' id='word_1_291' title='bbox 554 4087 909 4148; x_wconf 85' lang='lat' dir='ltr'><strong>necessarium</strong></span> <span class='ocrx_word' id='word_1_292' title='bbox 938 4094 1020 4141; x_wconf 88' lang='lat' dir='ltr'><strong>est</strong></span> <span class='ocrx_word' id='word_1_293' title='bbox 1043 4086 1324 4155; x_wconf 89' lang='lat' dir='ltr'><strong>unicuique</strong></span> <span class='ocrx_word' id='word_1_294' title='bbox 1344 4102 1649 4155; x_wconf 72' lang='lat' dir='ltr'><strong>prmparare</strong></span> <span class='ocrx_word' id='word_1_295' title='bbox 1670 4104 1728 4143; x_wconf 89' lang='lat' dir='ltr'><strong>se</strong></span> <span class='ocrx_word' id='word_1_296' title='bbox 1750 4090 1802 4143; x_wconf 91' lang='lat' dir='ltr'><strong>in</strong></span> <span class='ocrx_word' id='word_1_297' title='bbox 1829 4108 1922 4144; x_wconf 84' lang='lat' dir='ltr'><strong>ue-</strong></span> 
     </span>
    </p>
   </div>
   <div class='ocr_carea' id='block_1_45' title="bbox 362 4178 1926 4253">
    <p class='ocr_par' dir='ltr' id='par_1_45' title="bbox 362 4178 1926 4253">
     <span class='ocr_line' id='line_1_45' title="bbox 362 4178 1926 4253; baseline 0.001 -20"><span class='ocrx_word' id='word_1_298' title='bbox 362 4195 575 4236; x_wconf 77' lang='lat' dir='ltr'><strong>cursuin</strong></span> <span class='ocrx_word' id='word_1_299' title='bbox 604 4178 811 4234; x_wconf 88' lang='lat' dir='ltr'><strong>Domini</strong></span> <span class='ocrx_word' id='word_1_300' title='bbox 846 4180 934 4231; x_wconf 87' lang='lat' dir='ltr'><strong>Dei</strong></span> <span class='ocrx_word' id='word_1_301' title='bbox 959 4179 1039 4233; x_wconf 89' lang='lat' dir='ltr'><strong>sui</strong></span> <span class='ocrx_word' id='word_1_302' title='bbox 1064 4180 1075 4231; x_wconf 90' lang='lat'><strong>!</strong></span> <span class='ocrx_word' id='word_1_303' title='bbox 1109 4179 1356 4233; x_wconf 88' lang='lat' dir='ltr'><strong>hortante</strong></span> <span class='ocrx_word' id='word_1_304' title='bbox 1383 4195 1480 4233; x_wconf 89' lang='lat' dir='ltr'><strong>nos</strong></span> <span class='ocrx_word' id='word_1_305' title='bbox 1501 4180 1611 4249; x_wconf 89' lang='lat' dir='ltr'><strong>ipsa</strong></span> <span class='ocrx_word' id='word_1_306' title='bbox 1643 4180 1779 4253; x_wconf 77' lang='lat' dir='ltr'><strong>luce,</strong></span> <span class='ocrx_word' id='word_1_307' title='bbox 1808 4198 1926 4251; x_wconf 70' lang='lat' dir='ltr'><strong>qure</strong></span> 
     </span>
    </p>
   </div>
   <div class='ocr_carea' id='block_1_46' title="bbox 366 4270 1923 4338">
    <p class='ocr_par' dir='ltr' id='par_1_46' title="bbox 366 4270 1923 4338">
     <span class='ocr_line' id='line_1_46' title="bbox 366 4270 1923 4338; baseline 0.001 -14"><span class='ocrx_word' id='word_1_308' title='bbox 366 4270 627 4327; x_wconf 88' lang='lat' dir='ltr'><strong>illuminat</strong></span> <span class='ocrx_word' id='word_1_309' title='bbox 650 4285 859 4323; x_wconf 76' lang='lat' dir='ltr'><strong>onmem</strong></span> <span class='ocrx_word' id='word_1_310' title='bbox 891 4270 1177 4332; x_wconf 73' lang='lat' dir='ltr'><strong>hominem,</strong></span> <span class='ocrx_word' id='word_1_311' title='bbox 1209 4278 1367 4338; x_wconf 88' lang='lat' dir='ltr'><strong>atque</strong></span> <span class='ocrx_word' id='word_1_312' title='bbox 1392 4270 1653 4329; x_wconf 85' lang='lat' dir='ltr'><strong>clamante</strong></span> <span class='ocrx_word' id='word_1_313' title='bbox 1679 4287 1692 4325; x_wconf 93' lang='lat'><strong>:</strong></span> <span class='ocrx_word' id='word_1_314' title='bbox 1730 4274 1923 4325; x_wconf 74' lang='lat' dir='ltr'><strong>Ambu-</strong></span> 
     </span>
    </p>
   </div>
   <div class='ocr_carea' id='block_1_47' title="bbox 364 4358 1923 4427">
    <p class='ocr_par' dir='ltr' id='par_1_47' title="bbox 364 4358 1923 4427">
     <span class='ocr_line' id='line_1_47' title="bbox 364 4358 1923 4427; baseline 0.001 -16"><span class='ocrx_word' id='word_1_315' title='bbox 364 4360 485 4423; x_wconf 85' lang='lat' dir='ltr'><strong>late,</strong></span> <span class='ocrx_word' id='word_1_316' title='bbox 517 4360 640 4413; x_wconf 86' lang='lat' dir='ltr'><strong>dum</strong></span> <span class='ocrx_word' id='word_1_317' title='bbox 672 4358 840 4413; x_wconf 84' lang='lat' dir='ltr'><strong>lucem</strong></span> <span class='ocrx_word' id='word_1_318' title='bbox 862 4360 1076 4423; x_wconf 78' lang='lat' dir='ltr'><strong>habetis,</strong></span> <span class='ocrx_word' id='word_1_319' title='bbox 1117 4376 1177 4412; x_wconf 86' lang='lat' dir='ltr'><strong>ne</strong></span> <span class='ocrx_word' id='word_1_320' title='bbox 1219 4376 1303 4412; x_wconf 75' lang='lat' dir='ltr'><strong>eos</strong></span> <span class='ocrx_word' id='word_1_321' title='bbox 1340 4359 1559 4413; x_wconf 62' lang='lat' dir='ltr'><strong>tenebrae</strong></span> <span class='ocrx_word' id='word_1_322' title='bbox 1597 4362 1923 4427; x_wconf 82' lang='lat' dir='ltr'><strong>comprehen-</strong></span> 
     </span>
    </p>
   </div>
   <div class='ocr_carea' id='block_1_48' title="bbox 1947 3150 1993 3211">
    <p class='ocr_par' dir='ltr' id='par_1_48' title="bbox 1947 3150 1993 3211">
     <span class='ocr_line' id='line_1_48' title="bbox 1947 3150 1993 3211; baseline 0 0"><span class='ocrx_word' id='word_1_323' title='bbox 1947 3150 1993 3211; x_wconf 91' lang='lat' dir='ltr'><strong>C</strong></span> 
     </span>
    </p>
   </div>
   <div class='ocr_carea' id='block_1_49' title="bbox 2023 576 3575 652">
    <p class='ocr_par' dir='ltr' id='par_1_49' title="bbox 2023 576 3575 652">
     <span class='ocr_line' id='line_1_49' title="bbox 2023 576 3575 652; baseline 0.005 -22"><span class='ocrx_word' id='word_1_324' title='bbox 2023 586 2185 631; x_wconf 71' lang='lat' dir='ltr'><strong>vestra</strong></span> <span class='ocrx_word' id='word_1_325' title='bbox 2211 577 2363 640; x_wconf 79' lang='lat' dir='ltr'><strong>bona,</strong></span> <span class='ocrx_word' id='word_1_326' title='bbox 2380 588 2428 630; x_wconf 85' lang='lat' dir='ltr'><strong>ct</strong></span> <span class='ocrx_word' id='word_1_327' title='bbox 2452 576 2737 647; x_wconf 74' lang='lat' dir='ltr'><strong>gloriﬁcent</strong></span> <span class='ocrx_word' id='word_1_328' title='bbox 2764 577 2968 633; x_wconf 78' lang='lat' dir='ltr'><strong>Patrem</strong></span> <span class='ocrx_word' id='word_1_329' title='bbox 2994 591 3210 634; x_wconf 70' lang='lat' dir='ltr'><strong>vestrum</strong></span> <span class='ocrx_word' id='word_1_330' title='bbox 3234 582 3322 652; x_wconf 82' lang='lat' dir='ltr'><strong>qui</strong></span> <span class='ocrx_word' id='word_1_331' title='bbox 3360 584 3412 637; x_wconf 87' lang='lat' dir='ltr'><strong>in</strong></span> <span class='ocrx_word' id='word_1_332' title='bbox 3437 585 3575 639; x_wconf 69' lang='lat' dir='ltr'><strong>callis</strong></span> 
     </span>
    </p>
   </div>
   <div class='ocr_carea' id='block_1_50' title="bbox 2020 665 2546 738">
    <p class='ocr_par' dir='ltr' id='par_1_50' title="bbox 2020 665 2546 738">
     <span class='ocr_line' id='line_1_50' title="bbox 2020 665 2546 738; baseline -0.002 -18"><span class='ocrx_word' id='word_1_333' title='bbox 2020 676 2092 721; x_wconf 76' lang='lat' dir='ltr'><strong>at</strong></span> <span class='ocrx_word' id='word_1_334' title='bbox 2116 665 2327 738; x_wconf 61' lang='lat' dir='ltr'><strong>(Matth.</strong></span> <span class='ocrx_word' id='word_1_335' title='bbox 2359 682 2411 732; x_wconf 91' lang='lat' dir='ltr'><strong>v,</strong></span> <span class='ocrx_word' id='word_1_336' title='bbox 2444 666 2546 737; x_wconf 77' lang='lat' dir='ltr'><strong>lli).</strong></span> 
     </span>
    </p>
   </div>
   <div class='ocr_carea' id='block_1_51' title="bbox 2090 780 3368 854">
    <p class='ocr_par' dir='ltr' id='par_1_51' title="bbox 2090 780 3368 854">
     <span class='ocr_line' id='line_1_51' title="bbox 2090 780 3368 854; baseline 0.009 -22"><span class='ocrx_word' id='word_1_337' title='bbox 2090 780 2258 851; x_wconf 71' lang='lat' dir='ltr'><strong>David</strong></span> <span class='ocrx_word' id='word_1_338' title='bbox 2287 781 2341 834; x_wconf 93' lang='lat' dir='ltr'><strong>in</strong></span> <span class='ocrx_word' id='word_1_339' title='bbox 2364 789 2622 835; x_wconf 67' lang='lat' dir='ltr'><strong>aeternum</strong></span> <span class='ocrx_word' id='word_1_340' title='bbox 2654 788 2828 837; x_wconf 81' lang='lat' dir='ltr'><strong>tecum</strong></span> <span class='ocrx_word' id='word_1_341' title='bbox 2854 783 2927 837; x_wconf 88' lang='lat' dir='ltr'><strong>sit</strong></span> <span class='ocrx_word' id='word_1_342' title='bbox 2952 785 3125 854; x_wconf 89' lang='lat' dir='ltr'><strong>gratia</strong></span> <span class='ocrx_word' id='word_1_343' title='bbox 3152 785 3368 845; x_wconf 88' lang='lat' dir='ltr'><strong>Christi.</strong></span> 
     </span>
    </p>
   </div>
   <div class='ocr_carea' id='block_1_52' title="bbox 2162 871 3345 946">
    <p class='ocr_par' dir='ltr' id='par_1_52' title="bbox 2162 871 3345 946">
     <span class='ocr_line' id='line_1_52' title="bbox 2162 871 3345 946; baseline 0 -17"><span class='ocrx_word' id='word_1_344' title='bbox 2162 871 2232 929; x_wconf 59' lang='lat' dir='ltr'><strong>Ut</strong></span> <span class='ocrx_word' id='word_1_345' title='bbox 2256 872 2454 941; x_wconf 86' lang='lat' dir='ltr'><strong>vigeas,</strong></span> <span class='ocrx_word' id='word_1_346' title='bbox 2483 872 2681 937; x_wconf 83' lang='lat' dir='ltr'><strong>valeas,</strong></span> <span class='ocrx_word' id='word_1_347' title='bbox 2710 873 2881 928; x_wconf 82' lang='lat' dir='ltr'><strong>vietor</strong></span> <span class='ocrx_word' id='word_1_348' title='bbox 2904 874 2959 927; x_wconf 92' lang='lat' dir='ltr'><strong>in</strong></span> <span class='ocrx_word' id='word_1_349' title='bbox 2982 877 3117 931; x_wconf 86' lang='lat' dir='ltr'><strong>orbe</strong></span> <span class='ocrx_word' id='word_1_350' title='bbox 3140 885 3345 946; x_wconf 87' lang='lat' dir='ltr'><strong>potens.</strong></span> 
     </span>
    </p>
   </div>
   <div class='ocr_carea' id='block_1_53' title="bbox 2090 959 3324 1034">
    <p class='ocr_par' dir='ltr' id='par_1_53' title="bbox 2090 959 3324 1034">
     <span class='ocr_line' id='line_1_53' title="bbox 2090 959 3324 1034; baseline 0.006 -20"><span class='ocrx_word' id='word_1_351' title='bbox 2090 959 2218 1015; x_wconf 80' lang='lat' dir='ltr'><strong>l’ost</strong></span> <span class='ocrx_word' id='word_1_352' title='bbox 2234 960 2349 1016; x_wconf 69' lang='lat' dir='ltr'><strong>haec</strong></span> <span class='ocrx_word' id='word_1_353' title='bbox 2376 971 2432 1015; x_wconf 92' lang='lat' dir='ltr'><strong>et</strong></span> <span class='ocrx_word' id='word_1_354' title='bbox 2447 969 2637 1019; x_wconf 71' lang='lat' dir='ltr'><strong>teneas</strong></span> <span class='ocrx_word' id='word_1_355' title='bbox 2662 962 2899 1019; x_wconf 74' lang='lat' dir='ltr'><strong>coelestia</strong></span> <span class='ocrx_word' id='word_1_356' title='bbox 2924 980 3089 1034; x_wconf 88' lang='lat' dir='ltr'><strong>regna</strong></span> <span class='ocrx_word' id='word_1_357' title='bbox 3116 968 3324 1031; x_wconf 87' lang='lat' dir='ltr'><strong>beatus,</strong></span> 
     </span>
    </p>
   </div>
   <div class='ocr_carea' id='block_1_54' title="bbox 2158 1050 3367 1125">
    <p class='ocr_par' dir='ltr' id='par_1_54' title="bbox 2158 1050 3367 1125">
     <span class='ocr_line' id='line_1_54' title="bbox 2158 1050 3367 1125; baseline 0.003 -19"><span class='ocrx_word' id='word_1_358' title='bbox 2158 1050 2292 1106; x_wconf 91' lang='lat' dir='ltr'><strong>Cum</strong></span> <span class='ocrx_word' id='word_1_359' title='bbox 2326 1053 2527 1108; x_wconf 83' lang='lat' dir='ltr'><strong>sanctis</strong></span> <span class='ocrx_word' id='word_1_360' title='bbox 2552 1053 2754 1121; x_wconf 88' lang='lat' dir='ltr'><strong>pariter</strong></span> <span class='ocrx_word' id='word_1_361' title='bbox 2780 1068 2990 1124; x_wconf 86' lang='lat' dir='ltr'><strong>semper</strong></span> <span class='ocrx_word' id='word_1_362' title='bbox 3017 1054 3071 1109; x_wconf 90' lang='lat' dir='ltr'><strong>in</strong></span> <span class='ocrx_word' id='word_1_363' title='bbox 3097 1071 3221 1111; x_wconf 87' lang='lat' dir='ltr'><strong>arce</strong></span> <span class='ocrx_word' id='word_1_364' title='bbox 3238 1058 3367 1125; x_wconf 86' lang='lat' dir='ltr'><strong>poli.</strong></span> 
     </span>
    </p>
   </div>
   <div class='ocr_carea' id='block_1_55' title="bbox 2094 1141 3426 1211">
    <p class='ocr_par' dir='ltr' id='par_1_55' title="bbox 2094 1141 3426 1211">
     <span class='ocr_line' id='line_1_55' title="bbox 2094 1141 3426 1211; baseline 0.006 -15"><span class='ocrx_word' id='word_1_365' title='bbox 2094 1141 2363 1211; x_wconf 73' lang='lat' dir='ltr'><strong>Multiplici</strong></span> <span class='ocrx_word' id='word_1_366' title='bbox 2382 1142 2627 1198; x_wconf 88' lang='lat' dir='ltr'><strong>Christus</strong></span> <span class='ocrx_word' id='word_1_367' title='bbox 2654 1144 2839 1201; x_wconf 81' lang='lat' dir='ltr'><strong>reddat</strong></span> <span class='ocrx_word' id='word_1_368' title='bbox 2884 1147 2979 1201; x_wconf 90' lang='lat' dir='ltr'><strong>tibi</strong></span> <span class='ocrx_word' id='word_1_369' title='bbox 3002 1160 3228 1202; x_wconf 84' lang='lat' dir='ltr'><strong>munera</strong></span> <span class='ocrx_word' id='word_1_370' title='bbox 3264 1151 3426 1211; x_wconf 85' lang='lat' dir='ltr'><strong>mitis,</strong></span> 
     </span>
    </p>
   </div>
   <div class='ocr_carea' id='block_1_56' title="bbox 2162 1233 3230 1302">
    <p class='ocr_par' dir='ltr' id='par_1_56' title="bbox 2162 1233 3230 1302">
     <span class='ocr_line' id='line_1_56' title="bbox 2162 1233 3230 1302; baseline 0.002 -14"><span class='ocrx_word' id='word_1_371' title='bbox 2162 1233 2227 1295; x_wconf 62' lang='lat' dir='ltr'><strong>ln,</strong></span> <span class='ocrx_word' id='word_1_372' title='bbox 2245 1249 2329 1288; x_wconf 89' lang='lat' dir='ltr'><strong>me</strong></span> <span class='ocrx_word' id='word_1_373' title='bbox 2349 1242 2478 1302; x_wconf 92' lang='lat' dir='ltr'><strong>quot</strong></span> <span class='ocrx_word' id='word_1_374' title='bbox 2500 1235 2707 1289; x_wconf 86' lang='lat' dir='ltr'><strong>bonitas</strong></span> <span class='ocrx_word' id='word_1_375' title='bbox 2732 1236 2952 1291; x_wconf 90' lang='lat' dir='ltr'><strong>contulit</strong></span> <span class='ocrx_word' id='word_1_376' title='bbox 2974 1252 3097 1291; x_wconf 88' lang='lat' dir='ltr'><strong>ecce</strong></span> <span class='ocrx_word' id='word_1_377' title='bbox 3121 1246 3230 1291; x_wconf 87' lang='lat' dir='ltr'><strong>tua.</strong></span> 
     </span>
    </p>
   </div>
   <div class='ocr_carea' id='block_1_57' title="bbox 2092 1320 3453 1393">
    <p class='ocr_par' dir='ltr' id='par_1_57' title="bbox 2092 1320 3453 1393">
     <span class='ocr_line' id='line_1_57' title="bbox 2092 1320 3453 1393; baseline 0.006 -20"><span class='ocrx_word' id='word_1_378' title='bbox 2092 1320 2343 1376; x_wconf 87' lang='lat' dir='ltr'><strong>Gramina</strong></span> <span class='ocrx_word' id='word_1_379' title='bbox 2365 1333 2496 1393; x_wconf 86' lang='lat' dir='ltr'><strong>quot</strong></span> <span class='ocrx_word' id='word_1_380' title='bbox 2516 1323 2673 1379; x_wconf 89' lang='lat' dir='ltr'><strong>tellus</strong></span> <span class='ocrx_word' id='word_1_381' title='bbox 2698 1325 2914 1389; x_wconf 83' lang='lat' dir='ltr'><strong>habeat,</strong></span> <span class='ocrx_word' id='word_1_382' title='bbox 2942 1326 3023 1380; x_wconf 90' lang='lat' dir='ltr'><strong>vel</strong></span> <span class='ocrx_word' id='word_1_383' title='bbox 3050 1327 3197 1381; x_wconf 88' lang='lat' dir='ltr'><strong>littus</strong></span> <span class='ocrx_word' id='word_1_384' title='bbox 3217 1342 3409 1381; x_wconf 79' lang='lat' dir='ltr'><strong>arenas</strong></span> <span class='ocrx_word' id='word_1_385' title='bbox 3440 1346 3453 1387; x_wconf 89' lang='lat'><strong>;</strong></span> 
     </span>
    </p>
   </div>
   <div class='ocr_carea' id='block_1_58' title="bbox 2164 1413 3337 1481">
    <p class='ocr_par' dir='ltr' id='par_1_58' title="bbox 2164 1413 3337 1481">
     <span class='ocr_line' id='line_1_58' title="bbox 2164 1413 3337 1481; baseline 0.003 -15"><span class='ocrx_word' id='word_1_386' title='bbox 2164 1413 2264 1468; x_wconf 86' lang='lat' dir='ltr'><strong>Tot</strong></span> <span class='ocrx_word' id='word_1_387' title='bbox 2287 1415 2577 1470; x_wconf 88' lang='lat' dir='ltr'><strong>miserante</strong></span> <span class='ocrx_word' id='word_1_388' title='bbox 2606 1415 2732 1481; x_wconf 89' lang='lat' dir='ltr'><strong>Deo,</strong></span> <span class='ocrx_word' id='word_1_389' title='bbox 2767 1416 2954 1480; x_wconf 89' lang='lat' dir='ltr'><strong>David,</strong></span> <span class='ocrx_word' id='word_1_390' title='bbox 2986 1418 3178 1471; x_wconf 82' lang='lat' dir='ltr'><strong>habeto</strong></span> <span class='ocrx_word' id='word_1_391' title='bbox 3205 1416 3337 1473; x_wconf 87' lang='lat' dir='ltr'><strong>vale.</strong></span> 
     </span>
    </p>
   </div>
   <div class='ocr_carea' id='block_1_59' title="bbox 2091 1503 3213 1573">
    <p class='ocr_par' dir='ltr' id='par_1_59' title="bbox 2091 1503 3213 1573">
     <span class='ocr_line' id='line_1_59' title="bbox 2091 1503 3213 1573; baseline 0.006 -18"><span class='ocrx_word' id='word_1_392' title='bbox 2091 1503 2321 1573; x_wconf 80' lang='lat' dir='ltr'><strong>luclytns</strong></span> <span class='ocrx_word' id='word_1_393' title='bbox 2351 1506 2571 1568; x_wconf 56' lang='lat' dir='ltr'><strong>internis</strong></span> <span class='ocrx_word' id='word_1_394' title='bbox 2592 1506 2756 1561; x_wconf 83' lang='lat' dir='ltr'><strong>David</strong></span> <span class='ocrx_word' id='word_1_395' title='bbox 2782 1505 3009 1561; x_wconf 89' lang='lat' dir='ltr'><strong>feliciter</strong></span> <span class='ocrx_word' id='word_1_396' title='bbox 3036 1508 3213 1572; x_wconf 79' lang='lat' dir='ltr'><strong>antiis,</strong></span> 
     </span>
    </p>
   </div>
   <div class='ocr_carea' id='block_1_60' title="bbox 2163 1593 3287 1669">
    <p class='ocr_par' dir='ltr' id='par_1_60' title="bbox 2163 1593 3287 1669">
     <span class='ocr_line' id='line_1_60' title="bbox 2163 1593 3287 1669; baseline 0.006 -22"><span class='ocrx_word' id='word_1_397' title='bbox 2163 1594 2220 1648; x_wconf 91' lang='lat' dir='ltr'><strong>lu</strong></span> <span class='ocrx_word' id='word_1_398' title='bbox 2243 1593 2464 1669; x_wconf 81' lang='lat' dir='ltr'><strong>Christo</strong></span> <span class='ocrx_word' id='word_1_399' title='bbox 2484 1595 2690 1650; x_wconf 86' lang='lat' dir='ltr'><strong>meritis</strong></span> <span class='ocrx_word' id='word_1_400' title='bbox 2722 1596 2865 1650; x_wconf 77' lang='lat' dir='ltr'><strong>vivat</strong></span> <span class='ocrx_word' id='word_1_401' title='bbox 2892 1596 3088 1666; x_wconf 85' lang='lat' dir='ltr'><strong>ubique</strong></span> <span class='ocrx_word' id='word_1_402' title='bbox 3115 1598 3287 1654; x_wconf 81' lang='lat' dir='ltr'><strong>sacris</strong></span> 
     </span>
    </p>
   </div>
   <div class='ocr_carea' id='block_1_61' title="bbox 2446 1698 3141 1781">
    <p class='ocr_par' dir='ltr' id='par_1_61' title="bbox 2446 1698 3141 1781">
     <span class='ocr_line' id='line_1_61' title="bbox 2446 1698 3141 1781; baseline 0 -2"><span class='ocrx_word' id='word_1_403' title='bbox 2446 1739 2469 1767; x_wconf 70' lang='grc' dir='ltr'>ι</span> <span class='ocrx_word' id='word_1_404' title='bbox 2502 1726 2826 1781; x_wconf 78' lang='lat' dir='ltr'><strong>EPISTOLA</strong></span> <span class='ocrx_word' id='word_1_405' title='bbox 2865 1698 3141 1780; x_wconf 52' lang='lat' dir='ltr'><strong>cxxxn</strong></span> 
     </span>
    </p>
   </div>
   <div class='ocr_carea' id='block_1_62' title="bbox 2512 1835 3059 1889">
    <p class='ocr_par' dir='ltr' id='par_1_62' title="bbox 2512 1835 3059 1889">
     <span class='ocr_line' id='line_1_62' title="bbox 2512 1835 3059 1889; baseline -0.004 -1"><span class='ocrx_word' id='word_1_406' title='bbox 2512 1835 2537 1873; x_wconf 73' lang='grc' dir='ltr'><strong>ιι</strong></span> <span class='ocrx_word' id='word_1_407' title='bbox 2565 1851 2631 1888; x_wconf 69' lang='lat' dir='ltr'><strong>an</strong></span> <span class='ocrx_word' id='word_1_408' title='bbox 2659 1851 3059 1889; x_wconf 66' lang='lat' dir='ltr'><strong>N.\&#39;l&#39;tl.tN.tlit.E)t.</strong></span> 
     </span>
    </p>
   </div>
   <div class='ocr_carea' id='block_1_63' title="bbox 2622 1944 2987 2015">
    <p class='ocr_par' dir='ltr' id='par_1_63' title="bbox 2622 1944 2987 2015">
     <span class='ocr_line' id='line_1_63' title="bbox 2622 1944 2987 2015; baseline -0.005 -16"><span class='ocrx_word' id='word_1_409' title='bbox 2622 1945 2797 2015; x_wconf 76' lang='lat' dir='ltr'><strong>(Anno</strong></span> <span class='ocrx_word' id='word_1_410' title='bbox 2840 1944 2987 2014; x_wconf 75' lang='lat' dir='ltr'><strong>80L)</strong></span> 
     </span>
    </p>
   </div>
   <div class='ocr_carea' id='block_1_64' title="bbox 2028 2058 3581 2127">
    <p class='ocr_par' dir='ltr' id='par_1_64' title="bbox 2028 2058 3581 2127">
     <span class='ocr_line' id='line_1_64' title="bbox 2028 2058 3581 2127; baseline 0.003 -16"><span class='ocrx_word' id='word_1_411' title='bbox 2028 2058 2233 2111; x_wconf 77' lang='lat' dir='ltr'><strong>Excitat</strong></span> <span class='ocrx_word' id='word_1_412' title='bbox 2277 2059 2346 2112; x_wconf 86' lang='lat' dir='ltr'><strong>ad</strong></span> <span class='ocrx_word' id='word_1_413' title='bbox 2373 2060 2651 2127; x_wconf 69' lang='lat' dir='ltr'><strong>pietatem;</strong></span> <span class='ocrx_word' id='word_1_414' title='bbox 2699 2058 3019 2127; x_wconf 72' lang='lat' dir='ltr'><strong>commendat</strong></span> <span class='ocrx_word' id='word_1_415' title='bbox 3065 2059 3143 2112; x_wconf 88' lang='lat' dir='ltr'><strong>illi</strong></span> <span class='ocrx_word' id='word_1_416' title='bbox 3183 2077 3360 2114; x_wconf 85' lang='lat' dir='ltr'><strong>curam</strong></span> <span class='ocrx_word' id='word_1_417' title='bbox 3412 2063 3466 2115; x_wconf 89' lang='lat' dir='ltr'><strong>in</strong></span> <span class='ocrx_word' id='word_1_418' title='bbox 3502 2064 3581 2116; x_wconf 68' lang='lat' dir='ltr'><strong>in~</strong></span> 
     </span>
    </p>
   </div>
   <div class='ocr_carea' id='block_1_65' title="bbox 2090 2125 3581 2196">
    <p class='ocr_par' dir='ltr' id='par_1_65' title="bbox 2090 2125 3581 2196">
     <span class='ocr_line' id='line_1_65' title="bbox 2090 2125 3581 2196; baseline 0.002 -16"><span class='ocrx_word' id='word_1_419' title='bbox 2090 2125 2656 2196; x_wconf 11' lang='lat' dir='ltr'><strong>atruendisgcirginibus</strong></span> <span class='ocrx_word' id='word_1_420' title='bbox 2701 2125 2880 2196; x_wconf 17' lang='lat' dir='ltr'><strong>Luciag</strong></span> <span class='ocrx_word' id='word_1_421' title='bbox 2904 2137 2951 2179; x_wconf 83' lang='lat' dir='ltr'><strong>et</strong></span> <span class='ocrx_word' id='word_1_422' title='bbox 2986 2127 3254 2182; x_wconf 77' lang='lat' dir='ltr'><strong>Columba.</strong></span> <span class='ocrx_word' id='word_1_423' title='bbox 3302 2129 3581 2185; x_wconf 82' lang='lat' dir='ltr'><strong>Committit</strong></span> 
     </span>
    </p>
   </div>
   <div class='ocr_carea' id='block_1_66' title="bbox 2091 2193 3580 2270">
    <p class='ocr_par' dir='ltr' id='par_1_66' title="bbox 2091 2193 3580 2270">
     <span class='ocr_line' id='line_1_66' title="bbox 2091 2193 3580 2270; baseline 0.001 -20"><span class='ocrx_word' id='word_1_424' title='bbox 2091 2196 2169 2250; x_wconf 86' lang='lat' dir='ltr'><strong>illi</strong></span> <span class='ocrx_word' id='word_1_425' title='bbox 2196 2193 2624 2270; x_wconf 53' lang='lat' dir='ltr'><strong>epistolamfunt</strong></span> <span class='ocrx_word' id='word_1_426' title='bbox 2645 2211 2809 2250; x_wconf 69' lang='lat' dir='ltr'><strong>sacra:</strong></span> <span class='ocrx_word' id='word_1_427' title='bbox 2850 2193 3134 2265; x_wconf 71' lang='lat' dir='ltr'><strong>Scriptum</strong></span> <span class='ocrx_word' id='word_1_428' title='bbox 3168 2214 3379 2253; x_wconf 73' lang='lat' dir='ltr'><strong>micuere</strong></span> <span class='ocrx_word' id='word_1_429' title='bbox 3414 2203 3580 2270; x_wconf 78' lang='lat' dir='ltr'><strong>porri-</strong></span> 
     </span>
    </p>
   </div>
   <div class='ocr_carea' id='block_1_67' title="bbox 2091 2263 2676 2336">
    <p class='ocr_par' dir='ltr' id='par_1_67' title="bbox 2091 2263 2676 2336">
     <span class='ocr_line' id='line_1_67' title="bbox 2091 2263 2676 2336; baseline -0.002 -18"><span class='ocrx_word' id='word_1_430' title='bbox 2091 2263 2307 2336; x_wconf 73' lang='lat' dir='ltr'><strong>gendum</strong></span> <span class='ocrx_word' id='word_1_431' title='bbox 2330 2265 2444 2334; x_wconf 65' lang='lat' dir='ltr'><strong>regi</strong></span> <span class='ocrx_word' id='word_1_432' title='bbox 2470 2263 2676 2319; x_wconf 88' lang='lat' dir='ltr'><strong>Carolo.</strong></span> 
     </span>
    </p>
   </div>
   <div class='ocr_carea' id='block_1_68' title="bbox 2091 2372 2925 2429">
    <p class='ocr_par' dir='ltr' id='par_1_68' title="bbox 2091 2372 2925 2429">
     <span class='ocr_line' id='line_1_68' title="bbox 2091 2372 2925 2429; baseline 0 -2"><span class='ocrx_word' id='word_1_433' title='bbox 2091 2374 2313 2429; x_wconf 77' lang='lat' dir='ltr'><strong>Albinus</strong></span> <span class='ocrx_word' id='word_1_434' title='bbox 2338 2372 2654 2429; x_wconf 83' lang='lat' dir='ltr'><strong>Nathanaeli</strong></span> <span class='ocrx_word' id='word_1_435' title='bbox 2680 2373 2925 2429; x_wconf 88' lang='lat' dir='ltr'><strong>salutem.</strong></span> 
     </span>
    </p>
   </div>
   <div class='ocr_carea' id='block_1_69' title="bbox 2092 2465 3579 2538">
    <p class='ocr_par' dir='ltr' id='par_1_69' title="bbox 2092 2465 3579 2538">
     <span class='ocr_line' id='line_1_69' title="bbox 2092 2465 3579 2538; baseline 0 -17"><span class='ocrx_word' id='word_1_436' title='bbox 2092 2468 2390 2535; x_wconf 79' lang='lat' dir='ltr'><strong>Cognoscat</strong></span> <span class='ocrx_word' id='word_1_437' title='bbox 2414 2472 2465 2520; x_wconf 88' lang='lat' dir='ltr'><strong>te</strong></span> <span class='ocrx_word' id='word_1_438' title='bbox 2505 2465 2556 2518; x_wconf 94' lang='lat' dir='ltr'><strong>in</strong></span> <span class='ocrx_word' id='word_1_439' title='bbox 2587 2465 2975 2531; x_wconf 88' lang='lat' dir='ltr'><strong>benedictione,</strong></span> <span class='ocrx_word' id='word_1_440' title='bbox 3002 2468 3090 2536; x_wconf 89' lang='lat' dir='ltr'><strong>qui</strong></span> <span class='ocrx_word' id='word_1_441' title='bbox 3129 2470 3339 2538; x_wconf 78' lang='lat' dir='ltr'><strong>agnitus</strong></span> <span class='ocrx_word' id='word_1_442' title='bbox 3365 2478 3448 2531; x_wconf 83' lang='lat' dir='ltr'><strong>est</strong></span> <span class='ocrx_word' id='word_1_443' title='bbox 3472 2484 3501 2521; x_wconf 92' lang='lat' dir='ltr'><strong>a</strong></span> <span class='ocrx_word' id='word_1_444' title='bbox 3527 2479 3579 2521; x_wconf 85' lang='lat' dir='ltr'><strong>te</strong></span> 
     </span>
    </p>
   </div>
   <div class='ocr_carea' id='block_1_70' title="bbox 2021 2557 3581 2628">
    <p class='ocr_par' dir='ltr' id='par_1_70' title="bbox 2021 2557 3581 2628">
     <span class='ocr_line' id='line_1_70' title="bbox 2021 2557 3581 2628; baseline -0.001 -12"><span class='ocrx_word' id='word_1_445' title='bbox 2021 2564 2180 2616; x_wconf 87' lang='lat' dir='ltr'><strong>beato</strong></span> <span class='ocrx_word' id='word_1_446' title='bbox 2219 2559 2539 2628; x_wconf 74' lang='lat' dir='ltr'><strong>pnedicante</strong></span> <span class='ocrx_word' id='word_1_447' title='bbox 2582 2557 2845 2628; x_wconf 87' lang='lat' dir='ltr'><strong>Philippo,</strong></span> <span class='ocrx_word' id='word_1_448' title='bbox 2894 2559 2986 2628; x_wconf 91' lang='lat' dir='ltr'><strong>qui</strong></span> <span class='ocrx_word' id='word_1_449' title='bbox 3030 2568 3081 2615; x_wconf 91' lang='lat' dir='ltr'><strong>te</strong></span> <span class='ocrx_word' id='word_1_450' title='bbox 3115 2561 3214 2615; x_wconf 89' lang='lat' dir='ltr'><strong>sub</strong></span> <span class='ocrx_word' id='word_1_451' title='bbox 3244 2560 3344 2614; x_wconf 81' lang='lat' dir='ltr'><strong>licu</strong></span> <span class='ocrx_word' id='word_1_452' title='bbox 3387 2562 3581 2616; x_wconf 77' lang='lat' dir='ltr'><strong>veteris</strong></span> 
     </span>
    </p>
   </div>
   <div class='ocr_carea' id='block_1_71' title="bbox 2022 2647 3582 2718">
    <p class='ocr_par' dir='ltr' id='par_1_71' title="bbox 2022 2647 3582 2718">
     <span class='ocr_line' id='line_1_71' title="bbox 2022 2647 3582 2718; baseline 0.001 -16"><span class='ocrx_word' id='word_1_453' title='bbox 2022 2648 2197 2702; x_wconf 83' lang='lat' dir='ltr'><strong>delicti</strong></span> <span class='ocrx_word' id='word_1_454' title='bbox 2244 2647 2453 2701; x_wconf 90' lang='lat' dir='ltr'><strong>vocavit</strong></span> <span class='ocrx_word' id='word_1_455' title='bbox 2497 2647 2562 2700; x_wconf 91' lang='lat' dir='ltr'><strong>ad</strong></span> <span class='ocrx_word' id='word_1_456' title='bbox 2592 2647 2764 2701; x_wconf 88' lang='lat' dir='ltr'><strong>virum</strong></span> <span class='ocrx_word' id='word_1_457' title='bbox 2805 2647 2876 2713; x_wconf 83' lang='lat' dir='ltr'><strong>de</strong></span> <span class='ocrx_word' id='word_1_458' title='bbox 2919 2648 3222 2713; x_wconf 82' lang='lat' dir='ltr'><strong>Nazarcth;</strong></span> <span class='ocrx_word' id='word_1_459' title='bbox 3270 2650 3440 2718; x_wconf 90' lang='lat' dir='ltr'><strong>quite</strong></span> <span class='ocrx_word' id='word_1_460' title='bbox 3470 2653 3582 2704; x_wconf 86' lang='lat' dir='ltr'><strong>sine</strong></span> 
     </span>
    </p>
   </div>
   <div class='ocr_carea' id='block_1_72' title="bbox 2021 2738 3583 2810">
    <p class='ocr_par' dir='ltr' id='par_1_72' title="bbox 2021 2738 3583 2810">
     <span class='ocr_line' id='line_1_72' title="bbox 2021 2738 3583 2810; baseline 0 -17"><span class='ocrx_word' id='word_1_461' title='bbox 2021 2740 2143 2793; x_wconf 90' lang='lat' dir='ltr'><strong>dolo</strong></span> <span class='ocrx_word' id='word_1_462' title='bbox 2188 2738 2481 2792; x_wconf 88' lang='lat' dir='ltr'><strong>israclitam</strong></span> <span class='ocrx_word' id='word_1_463' title='bbox 2523 2753 2640 2807; x_wconf 66' lang='lat' dir='ltr'><strong>esse</strong></span> <span class='ocrx_word' id='word_1_464' title='bbox 2669 2738 2961 2803; x_wconf 84' lang='lat' dir='ltr'><strong>concedat,</strong></span> <span class='ocrx_word' id='word_1_465' title='bbox 3011 2748 3067 2794; x_wconf 92' lang='lat' dir='ltr'><strong>ut</strong></span> <span class='ocrx_word' id='word_1_466' title='bbox 3102 2740 3291 2810; x_wconf 81' lang='lat' dir='ltr'><strong>dignus</strong></span> <span class='ocrx_word' id='word_1_467' title='bbox 3337 2739 3583 2794; x_wconf 81' lang='lat' dir='ltr'><strong>clliciaris</strong></span> 
     </span>
    </p>
   </div>
   <div class='ocr_carea' id='block_1_73' title="bbox 2022 2822 3575 2898">
    <p class='ocr_par' dir='ltr' id='par_1_73' title="bbox 2022 2822 3575 2898">
     <span class='ocr_line' id='line_1_73' title="bbox 2022 2822 3575 2898; baseline -0.001 -15"><span class='ocrx_word' id='word_1_468' title='bbox 2022 2830 2340 2885; x_wconf 28' lang='lat' dir='ltr'><strong>nun‘solum</strong></span> <span class='ocrx_word' id='word_1_469' title='bbox 2390 2822 2564 2883; x_wconf 81' lang='lat' dir='ltr'><strong>verbis</strong></span> <span class='ocrx_word' id='word_1_470' title='bbox 2609 2829 2808 2884; x_wconf 88' lang='lat' dir='ltr'><strong>dicere.</strong></span> <span class='ocrx_word' id='word_1_471' title='bbox 2861 2831 2954 2885; x_wconf 89' lang='lat' dir='ltr'><strong>sed</strong></span> <span class='ocrx_word' id='word_1_472' title='bbox 3006 2839 3059 2883; x_wconf 91' lang='lat' dir='ltr'><strong>et</strong></span> <span class='ocrx_word' id='word_1_473' title='bbox 3109 2845 3270 2898; x_wconf 78' lang='lat' dir='ltr'><strong>opere</strong></span> <span class='ocrx_word' id='word_1_474' title='bbox 3320 2831 3575 2898; x_wconf 83' lang='lat' dir='ltr'><strong>implere:</strong></span> 
     </span>
    </p>
   </div>
   <div class='ocr_carea' id='block_1_74' title="bbox 2024 2916 3580 2989">
    <p class='ocr_par' dir='ltr' id='par_1_74' title="bbox 2024 2916 3580 2989">
     <span class='ocr_line' id='line_1_74' title="bbox 2024 2916 3580 2989; baseline 0.001 -18"><span class='ocrx_word' id='word_1_475' title='bbox 2024 2919 2210 2983; x_wconf 81' lang='lat' dir='ltr'><strong>Ilabbi,</strong></span> <span class='ocrx_word' id='word_1_476' title='bbox 2239 2928 2293 2973; x_wconf 71' lang='lat' dir='ltr'><strong>tu</strong></span> <span class='ocrx_word' id='word_1_477' title='bbox 2314 2936 2366 2973; x_wconf 77' lang='lat' dir='ltr'><strong>ea</strong></span> <span class='ocrx_word' id='word_1_478' title='bbox 2390 2916 2559 2973; x_wconf 82' lang='lat' dir='ltr'><strong>Filius</strong></span> <span class='ocrx_word' id='word_1_479' title='bbox 2590 2918 2703 2981; x_wconf 78' lang='lat' dir='ltr'><strong>Dei,</strong></span> <span class='ocrx_word' id='word_1_480' title='bbox 2724 2928 2778 2972; x_wconf 88' lang='lat' dir='ltr'><strong>tu</strong></span> <span class='ocrx_word' id='word_1_481' title='bbox 2801 2936 2854 2973; x_wconf 78' lang='lat' dir='ltr'><strong>es</strong></span> <span class='ocrx_word' id='word_1_482' title='bbox 2881 2919 2990 2973; x_wconf 65' lang='lat' dir='ltr'><strong>Rex</strong></span> <span class='ocrx_word' id='word_1_483' title='bbox 3015 2920 3181 2973; x_wconf 79' lang='lat' dir='ltr'><strong>Israel</strong></span> <span class='ocrx_word' id='word_1_484' title='bbox 3211 2920 3386 2989; x_wconf 84' lang='lat' dir='ltr'><strong>(Jonn.</strong></span> <span class='ocrx_word' id='word_1_485' title='bbox 3416 2937 3455 2984; x_wconf 84' lang='grc' dir='ltr'><strong>ι,</strong></span> <span class='ocrx_word' id='word_1_486' title='bbox 3484 2922 3580 2973; x_wconf 69' lang='grc'><strong>45-</strong></span> 
     </span>
    </p>
   </div>
   <div class='ocr_carea' id='block_1_75' title="bbox 2020 3008 3577 3081">
    <p class='ocr_par' dir='ltr' id='par_1_75' title="bbox 2020 3008 3577 3081">
     <span class='ocr_line' id='line_1_75' title="bbox 2020 3008 3577 3081; baseline -0.001 -18"><span class='ocrx_word' id='word_1_487' title='bbox 2020 3010 2131 3081; x_wconf 68' lang='grc'><strong>49).</strong></span> <span class='ocrx_word' id='word_1_488' title='bbox 2162 3010 2313 3064; x_wconf 85' lang='lat' dir='ltr'><strong>llunc</strong></span> <span class='ocrx_word' id='word_1_489' title='bbox 2338 3024 2581 3077; x_wconf 86' lang='lat' dir='ltr'><strong>sequere,</strong></span> <span class='ocrx_word' id='word_1_490' title='bbox 2619 3009 2787 3063; x_wconf 89' lang='lat' dir='ltr'><strong>donec</strong></span> <span class='ocrx_word' id='word_1_491' title='bbox 2811 3008 2989 3062; x_wconf 84' lang='lat' dir='ltr'><strong>videas</strong></span> <span class='ocrx_word' id='word_1_492' title='bbox 3015 3024 3137 3062; x_wconf 91' lang='lat' dir='ltr'><strong>eum</strong></span> <span class='ocrx_word' id='word_1_493' title='bbox 3159 3023 3280 3063; x_wconf 90' lang='lat' dir='ltr'><strong>cum</strong></span> <span class='ocrx_word' id='word_1_494' title='bbox 3303 3009 3457 3062; x_wconf 76' lang='lat' dir='ltr'><strong>beato</strong></span> <span class='ocrx_word' id='word_1_495' title='bbox 3484 3008 3577 3062; x_wconf 81' lang='lat' dir='ltr'><strong>l’c-</strong></span> 
     </span>
    </p>
   </div>
   <div class='ocr_carea' id='block_1_76' title="bbox 2023 3094 3574 3155">
    <p class='ocr_par' dir='ltr' id='par_1_76' title="bbox 2023 3094 3574 3155">
     <span class='ocr_line' id='line_1_76' title="bbox 2023 3094 3574 3155; baseline 0 -2"><span class='ocrx_word' id='word_1_496' title='bbox 2023 3108 2107 3153; x_wconf 88' lang='lat' dir='ltr'><strong>tro</strong></span> <span class='ocrx_word' id='word_1_497' title='bbox 2133 3108 2187 3153; x_wconf 93' lang='lat' dir='ltr'><strong>ct</strong></span> <span class='ocrx_word' id='word_1_498' title='bbox 2210 3097 2334 3155; x_wconf 79' lang='lat' dir='ltr'><strong>filiis</strong></span> <span class='ocrx_word' id='word_1_499' title='bbox 2355 3094 2591 3152; x_wconf 66' lang='lat' dir='ltr'><strong>Zebedaai</strong></span> <span class='ocrx_word' id='word_1_500' title='bbox 2604 3104 2833 3150; x_wconf 88' lang='lat' dir='ltr'><strong>stantem</strong></span> <span class='ocrx_word' id='word_1_501' title='bbox 2862 3097 2914 3151; x_wconf 90' lang='lat' dir='ltr'><strong>in</strong></span> <span class='ocrx_word' id='word_1_502' title='bbox 2944 3097 3120 3153; x_wconf 87' lang='lat' dir='ltr'><strong>littore</strong></span> <span class='ocrx_word' id='word_1_503' title='bbox 3148 3105 3201 3153; x_wconf 88' lang='lat' dir='ltr'><strong>et</strong></span> <span class='ocrx_word' id='word_1_504' title='bbox 3221 3096 3535 3153; x_wconf 84' lang='lat' dir='ltr'><strong>clamantem</strong></span> <span class='ocrx_word' id='word_1_505' title='bbox 3565 3120 3574 3153; x_wconf 88' lang='lat'>:</span> 
     </span>
    </p>
   </div>
   <div class='ocr_carea' id='block_1_77' title="bbox 2025 3187 3576 3261">
    <p class='ocr_par' dir='ltr' id='par_1_77' title="bbox 2025 3187 3576 3261">
     <span class='ocr_line' id='line_1_77' title="bbox 2025 3187 3576 3261; baseline 0.001 -21"><span class='ocrx_word' id='word_1_506' title='bbox 2025 3188 2212 3242; x_wconf 75' lang='lat' dir='ltr'><strong>Mittite</strong></span> <span class='ocrx_word' id='word_1_507' title='bbox 2255 3197 2359 3241; x_wconf 86' lang='lat' dir='ltr'><strong>rete</strong></span> <span class='ocrx_word' id='word_1_508' title='bbox 2397 3189 2452 3241; x_wconf 85' lang='lat' dir='ltr'><strong>in</strong></span> <span class='ocrx_word' id='word_1_509' title='bbox 2494 3187 2755 3240; x_wconf 62' lang='lat' dir='ltr'><strong>dea-teram</strong></span> <span class='ocrx_word' id='word_1_510' title='bbox 2786 3188 2997 3257; x_wconf 74' lang='lat' dir='ltr'><strong>navigii,</strong></span> <span class='ocrx_word' id='word_1_511' title='bbox 3017 3198 3063 3242; x_wconf 90' lang='lat' dir='ltr'><strong>et</strong></span> <span class='ocrx_word' id='word_1_512' title='bbox 3102 3190 3365 3244; x_wconf 80' lang='lat' dir='ltr'><strong>invenietis</strong></span> <span class='ocrx_word' id='word_1_513' title='bbox 3400 3190 3576 3261; x_wconf 80' lang='lat' dir='ltr'><strong>(Joan.</strong></span> 
     </span>
    </p>
   </div>
   <div class='ocr_carea' id='block_1_78' title="bbox 2023 3276 3583 3347">
    <p class='ocr_par' dir='ltr' id='par_1_78' title="bbox 2023 3276 3583 3347">
     <span class='ocr_line' id='line_1_78' title="bbox 2023 3276 3583 3347; baseline 0.004 -18"><span class='ocrx_word' id='word_1_514' title='bbox 2023 3294 2133 3341; x_wconf 66' lang='lat' dir='ltr'><strong>xxi,</strong></span> <span class='ocrx_word' id='word_1_515' title='bbox 2161 3277 2214 3347; x_wconf 79' lang='grc'><strong>6)</strong></span> <span class='ocrx_word' id='word_1_516' title='bbox 2241 3294 2254 3341; x_wconf 92' lang='lat'><strong>;</strong></span> <span class='ocrx_word' id='word_1_517' title='bbox 2297 3278 2371 3332; x_wconf 91' lang='lat' dir='ltr'><strong>uti</strong></span> <span class='ocrx_word' id='word_1_518' title='bbox 2397 3286 2513 3347; x_wconf 81' lang='lat' dir='ltr'><strong>post</strong></span> <span class='ocrx_word' id='word_1_519' title='bbox 2543 3276 2678 3329; x_wconf 81' lang='lat' dir='ltr'><strong>hanc.</strong></span> <span class='ocrx_word' id='word_1_520' title='bbox 2702 3277 3049 3346; x_wconf 88' lang='lat' dir='ltr'><strong>piscationem</strong></span> <span class='ocrx_word' id='word_1_521' title='bbox 3079 3281 3144 3333; x_wconf 89' lang='lat' dir='ltr'><strong>ad</strong></span> <span class='ocrx_word' id='word_1_522' title='bbox 3170 3280 3472 3335; x_wconf 88' lang='lat' dir='ltr'><strong>convivium</strong></span> <span class='ocrx_word' id='word_1_523' title='bbox 3500 3298 3583 3335; x_wconf 83' lang='lat' dir='ltr'><strong>vo-</strong></span> 
     </span>
    </p>
   </div>
   <div class='ocr_carea' id='block_1_79' title="bbox 2022 3370 3584 3441">
    <p class='ocr_par' dir='ltr' id='par_1_79' title="bbox 2022 3370 3584 3441">
     <span class='ocr_line' id='line_1_79' title="bbox 2022 3370 3584 3441; baseline -0.001 -13"><span class='ocrx_word' id='word_1_524' title='bbox 2022 3382 2175 3427; x_wconf 79' lang='lat' dir='ltr'><strong>ratus</strong></span> <span class='ocrx_word' id='word_1_525' title='bbox 2209 3373 2419 3427; x_wconf 87' lang='lat' dir='ltr'><strong>dicatur</strong></span> <span class='ocrx_word' id='word_1_526' title='bbox 2462 3371 2558 3425; x_wconf 86' lang='lat' dir='ltr'><strong>tibi</strong></span> <span class='ocrx_word' id='word_1_527' title='bbox 2607 3370 2747 3425; x_wconf 88' lang='lat' dir='ltr'><strong>inter</strong></span> <span class='ocrx_word' id='word_1_528' title='bbox 2786 3381 3009 3426; x_wconf 69' lang='lat' dir='ltr'><strong>caatcros</strong></span> <span class='ocrx_word' id='word_1_529' title='bbox 3048 3381 3244 3427; x_wconf 72' lang='lat' dir='ltr'><strong>sanctae</strong></span> <span class='ocrx_word' id='word_1_530' title='bbox 3280 3374 3584 3441; x_wconf 87' lang='lat' dir='ltr'><strong>piscationis</strong></span> 
     </span>
    </p>
   </div>
   <div class='ocr_carea' id='block_1_80' title="bbox 2022 3462 3584 3533">
    <p class='ocr_par' dir='ltr' id='par_1_80' title="bbox 2022 3462 3584 3533">
     <span class='ocr_line' id='line_1_80' title="bbox 2022 3462 3584 3533; baseline 0.001 -14"><span class='ocrx_word' id='word_1_531' title='bbox 2022 3465 2227 3519; x_wconf 88' lang='lat' dir='ltr'><strong>socios:</strong></span> <span class='ocrx_word' id='word_1_532' title='bbox 2278 3462 2479 3516; x_wconf 81' lang='lat' dir='ltr'><strong>Veniet</strong></span> <span class='ocrx_word' id='word_1_533' title='bbox 2522 3462 2716 3530; x_wconf 66' lang='lat' dir='ltr'><strong>prande</strong></span> <span class='ocrx_word' id='word_1_534' title='bbox 2763 3462 2922 3533; x_wconf 82' lang='lat' dir='ltr'><strong>(Ibid.</strong></span> <span class='ocrx_word' id='word_1_535' title='bbox 2961 3479 3089 3516; x_wconf 77' lang='lat' dir='ltr'><strong>vers.</strong></span> <span class='ocrx_word' id='word_1_536' title='bbox 3142 3462 3248 3532; x_wconf 69' lang='lat' dir='ltr'><strong>l2).</strong></span> <span class='ocrx_word' id='word_1_537' title='bbox 3302 3462 3438 3530; x_wconf 85' lang='lat' dir='ltr'><strong>Quid</strong></span> <span class='ocrx_word' id='word_1_538' title='bbox 3483 3467 3584 3520; x_wconf 88' lang='lat' dir='ltr'><strong>hoc</strong></span> 
     </span>
    </p>
   </div>
   <div class='ocr_carea' id='block_1_81' title="bbox 2021 3552 3580 3627">
    <p class='ocr_par' dir='ltr' id='par_1_81' title="bbox 2021 3552 3580 3627">
     <span class='ocr_line' id='line_1_81' title="bbox 2021 3552 3580 3627; baseline 0.002 -20"><span class='ocrx_word' id='word_1_539' title='bbox 2021 3554 2265 3607; x_wconf 86' lang='lat' dir='ltr'><strong>convivio</strong></span> <span class='ocrx_word' id='word_1_540' title='bbox 2291 3552 2539 3606; x_wconf 86' lang='lat' dir='ltr'><strong>dulcius?</strong></span> <span class='ocrx_word' id='word_1_541' title='bbox 2585 3552 2721 3617; x_wconf 81' lang='lat' dir='ltr'><strong>Quid</strong></span> <span class='ocrx_word' id='word_1_542' title='bbox 2748 3554 2847 3607; x_wconf 89' lang='lat' dir='ltr'><strong>hac</strong></span> <span class='ocrx_word' id='word_1_543' title='bbox 2872 3554 3150 3627; x_wconf 60' lang='lat' dir='ltr'><strong>praesentia</strong></span> <span class='ocrx_word' id='word_1_544' title='bbox 3187 3554 3433 3611; x_wconf 84' lang='lat' dir='ltr'><strong>beatius?</strong></span> <span class='ocrx_word' id='word_1_545' title='bbox 3484 3556 3580 3612; x_wconf 88' lang='lat' dir='ltr'><strong>Ubi</strong></span> 
     </span>
    </p>
   </div>
   <div class='ocr_carea' id='block_1_82' title="bbox 2022 3641 3580 3713">
    <p class='ocr_par' dir='ltr' id='par_1_82' title="bbox 2022 3641 3580 3713">
     <span class='ocr_line' id='line_1_82' title="bbox 2022 3641 3580 3713; baseline 0.003 -18"><span class='ocrx_word' id='word_1_546' title='bbox 2022 3643 2400 3711; x_wconf 79' lang='lat' dir='ltr'><strong>sempiternum</strong></span> <span class='ocrx_word' id='word_1_547' title='bbox 2429 3641 2573 3694; x_wconf 91' lang='lat' dir='ltr'><strong>nullo</strong></span> <span class='ocrx_word' id='word_1_548' title='bbox 2618 3643 2721 3696; x_wconf 80' lang='lat' dir='ltr'><strong>line</strong></span> <span class='ocrx_word' id='word_1_549' title='bbox 2757 3641 3023 3701; x_wconf 78' lang='lat' dir='ltr'><strong>clauditur</strong></span> <span class='ocrx_word' id='word_1_550' title='bbox 3050 3645 3320 3713; x_wconf 78' lang='lat' dir='ltr'><strong>gaudium,</strong></span> <span class='ocrx_word' id='word_1_551' title='bbox 3349 3646 3415 3700; x_wconf 86' lang='lat' dir='ltr'><strong>ad</strong></span> <span class='ocrx_word' id='word_1_552' title='bbox 3442 3649 3580 3713; x_wconf 70' lang='lat' dir='ltr'><strong>quod</strong></span> 
     </span>
    </p>
   </div>
   <div class='ocr_carea' id='block_1_83' title="bbox 2024 3732 3583 3803">
    <p class='ocr_par' dir='ltr' id='par_1_83' title="bbox 2024 3732 3583 3803">
     <span class='ocr_line' id='line_1_83' title="bbox 2024 3732 3583 3803; baseline 0.003 -18"><span class='ocrx_word' id='word_1_553' title='bbox 2024 3732 2388 3787; x_wconf 87' lang='lat' dir='ltr'><strong>tantummodo</strong></span> <span class='ocrx_word' id='word_1_554' title='bbox 2417 3732 2591 3798; x_wconf 81' lang='lat' dir='ltr'><strong>magni</strong></span> <span class='ocrx_word' id='word_1_555' title='bbox 2615 3734 2786 3799; x_wconf 83' lang='lat' dir='ltr'><strong>pisces</strong></span> <span class='ocrx_word' id='word_1_556' title='bbox 2814 3734 3123 3803; x_wconf 86' lang='lat' dir='ltr'><strong>seligcntur,</strong></span> <span class='ocrx_word' id='word_1_557' title='bbox 3158 3735 3247 3802; x_wconf 92' lang='lat' dir='ltr'><strong>qui</strong></span> <span class='ocrx_word' id='word_1_558' title='bbox 3275 3751 3379 3789; x_wconf 90' lang='lat' dir='ltr'><strong>non</strong></span> <span class='ocrx_word' id='word_1_559' title='bbox 3414 3737 3583 3790; x_wconf 81' lang='lat' dir='ltr'><strong>scisso</strong></span> 
     </span>
    </p>
   </div>
   <div class='ocr_carea' id='block_1_84' title="bbox 2026 3823 3582 3895">
    <p class='ocr_par' dir='ltr' id='par_1_84' title="bbox 2026 3823 3582 3895">
     <span class='ocr_line' id='line_1_84' title="bbox 2026 3823 3582 3895; baseline 0.002 -17"><span class='ocrx_word' id='word_1_560' title='bbox 2026 3825 2127 3879; x_wconf 83' lang='lat' dir='ltr'><strong>reti</strong></span> <span class='ocrx_word' id='word_1_561' title='bbox 2182 3823 2467 3894; x_wconf 89' lang='lat' dir='ltr'><strong>apostolica</strong></span> <span class='ocrx_word' id='word_1_562' title='bbox 2514 3824 2654 3891; x_wconf 88' lang='lat' dir='ltr'><strong>capti</strong></span> <span class='ocrx_word' id='word_1_563' title='bbox 2702 3832 2824 3878; x_wconf 89' lang='lat' dir='ltr'><strong>sunt</strong></span> <span class='ocrx_word' id='word_1_564' title='bbox 2854 3825 3245 3895; x_wconf 53' lang='lat' dir='ltr'><strong>praedicatione.</strong></span> <span class='ocrx_word' id='word_1_565' title='bbox 3296 3827 3582 3881; x_wconf 87' lang='lat' dir='ltr'><strong>Crescente</strong></span> 
     </span>
    </p>
   </div>
   <div class='ocr_carea' id='block_1_85' title="bbox 2026 3914 3586 3988">
    <p class='ocr_par' dir='ltr' id='par_1_85' title="bbox 2026 3914 3586 3988">
     <span class='ocr_line' id='line_1_85' title="bbox 2026 3914 3586 3988; baseline 0.001 -19"><span class='ocrx_word' id='word_1_566' title='bbox 2026 3914 2336 3971; x_wconf 79' lang='lat' dir='ltr'><strong>numero‘ab</strong></span> <span class='ocrx_word' id='word_1_567' title='bbox 2368 3931 2473 3970; x_wconf 91' lang='lat' dir='ltr'><strong>uno</strong></span> <span class='ocrx_word' id='word_1_568' title='bbox 2509 3930 2682 3984; x_wconf 57' lang='lat' dir='ltr'><strong>usque</strong></span> <span class='ocrx_word' id='word_1_569' title='bbox 2715 3916 2780 3967; x_wconf 87' lang='lat' dir='ltr'><strong>ad</strong></span> <span class='ocrx_word' id='word_1_570' title='bbox 2816 3914 3000 3969; x_wconf 86' lang='lat' dir='ltr'><strong>decem</strong></span> <span class='ocrx_word' id='word_1_571' title='bbox 3028 3924 3082 3970; x_wconf 76' lang='lat' dir='ltr'><strong>et</strong></span> <span class='ocrx_word' id='word_1_572' title='bbox 3105 3926 3329 3985; x_wconf 88' lang='lat' dir='ltr'><strong>septem,</strong></span> <span class='ocrx_word' id='word_1_573' title='bbox 3372 3926 3586 3988; x_wconf 85' lang='lat' dir='ltr'><strong>propter</strong></span> 
     </span>
    </p>
   </div>
   <div class='ocr_carea' id='block_1_86' title="bbox 2026 4007 3586 4077">
    <p class='ocr_par' dir='ltr' id='par_1_86' title="bbox 2026 4007 3586 4077">
     <span class='ocr_line' id='line_1_86' title="bbox 2026 4007 3586 4077; baseline -0.001 -15"><span class='ocrx_word' id='word_1_574' title='bbox 2026 4008 2337 4077; x_wconf 86' lang='lat' dir='ltr'><strong>decalogum</strong></span> <span class='ocrx_word' id='word_1_575' title='bbox 2363 4016 2417 4059; x_wconf 91' lang='lat' dir='ltr'><strong>et</strong></span> <span class='ocrx_word' id='word_1_576' title='bbox 2446 4016 2648 4073; x_wconf 85' lang='lat' dir='ltr'><strong>septem</strong></span> <span class='ocrx_word' id='word_1_577' title='bbox 2674 4007 2842 4060; x_wconf 91' lang='lat' dir='ltr'><strong>sancti</strong></span> <span class='ocrx_word' id='word_1_578' title='bbox 2876 4008 3104 4074; x_wconf 83' lang='lat' dir='ltr'><strong>Spiritus</strong></span> <span class='ocrx_word' id='word_1_579' title='bbox 3130 4008 3267 4062; x_wconf 85' lang='lat' dir='ltr'><strong>dona</strong></span> <span class='ocrx_word' id='word_1_580' title='bbox 3292 4026 3303 4061; x_wconf 94' lang='lat'>:</span> <span class='ocrx_word' id='word_1_581' title='bbox 3346 4009 3410 4064; x_wconf 84' lang='lat' dir='ltr'><strong>de</strong></span> <span class='ocrx_word' id='word_1_582' title='bbox 3436 4007 3586 4076; x_wconf 86' lang='lat' dir='ltr'><strong>cujus</strong></span> 
     </span>
    </p>
   </div>
   <div class='ocr_carea' id='block_1_87' title="bbox 2028 4092 3587 4162">
    <p class='ocr_par' dir='ltr' id='par_1_87' title="bbox 2028 4092 3587 4162">
     <span class='ocr_line' id='line_1_87' title="bbox 2028 4092 3587 4162; baseline 0.001 -14"><span class='ocrx_word' id='word_1_583' title='bbox 2028 4096 2231 4149; x_wconf 90' lang='lat' dir='ltr'><strong>numeri</strong></span> <span class='ocrx_word' id='word_1_584' title='bbox 2258 4095 2391 4147; x_wconf 91' lang='lat' dir='ltr'><strong>mira</strong></span> <span class='ocrx_word' id='word_1_585' title='bbox 2420 4092 2678 4147; x_wconf 87' lang='lat' dir='ltr'><strong>divisione</strong></span> <span class='ocrx_word' id='word_1_586' title='bbox 2707 4102 2760 4146; x_wconf 90' lang='lat' dir='ltr'><strong>et</strong></span> <span class='ocrx_word' id='word_1_587' title='bbox 2791 4093 3177 4162; x_wconf 81' lang='lat' dir='ltr'><strong>signiﬁcatione</strong></span> <span class='ocrx_word' id='word_1_588' title='bbox 3198 4095 3323 4157; x_wconf 75' lang='lat' dir='ltr'><strong>olim</strong></span> <span class='ocrx_word' id='word_1_589' title='bbox 3351 4112 3435 4151; x_wconf 88' lang='lat' dir='ltr'><strong>tne</strong></span> <span class='ocrx_word' id='word_1_590' title='bbox 3460 4097 3587 4150; x_wconf 89' lang='lat' dir='ltr'><strong>scri-</strong></span> 
     </span>
    </p>
   </div>
   <div class='ocr_carea' id='block_1_88' title="bbox 2027 4182 3587 4252">
    <p class='ocr_par' dir='ltr' id='par_1_88' title="bbox 2027 4182 3587 4252">
     <span class='ocr_line' id='line_1_88' title="bbox 2027 4182 3587 4252; baseline 0.005 -19"><span class='ocrx_word' id='word_1_591' title='bbox 2027 4184 2197 4252; x_wconf 75' lang='lat' dir='ltr'><strong>psisse</strong></span> <span class='ocrx_word' id='word_1_592' title='bbox 2226 4198 2482 4246; x_wconf 88' lang='lat' dir='ltr'><strong>memoro,</strong></span> <span class='ocrx_word' id='word_1_593' title='bbox 2509 4182 2826 4250; x_wconf 86' lang='lat' dir='ltr'><strong>dominoque</strong></span> <span class='ocrx_word' id='word_1_594' title='bbox 2849 4198 2967 4237; x_wconf 78' lang='lat' dir='ltr'><strong>ineo</strong></span> <span class='ocrx_word' id='word_1_595' title='bbox 2982 4183 3144 4237; x_wconf 81' lang='lat' dir='ltr'><strong>David</strong></span> <span class='ocrx_word' id='word_1_596' title='bbox 3168 4184 3388 4249; x_wconf 73' lang='lat' dir='ltr'><strong>dixisse,</strong></span> <span class='ocrx_word' id='word_1_597' title='bbox 3417 4187 3587 4242; x_wconf 85' lang='lat' dir='ltr'><strong>calido</strong></span> 
     </span>
    </p>
   </div>
   <div class='ocr_carea' id='block_1_89' title="bbox 2026 4272 3583 4348">
    <p class='ocr_par' dir='ltr' id='par_1_89' title="bbox 2026 4272 3583 4348">
     <span class='ocr_line' id='line_1_89' title="bbox 2026 4272 3583 4348; baseline 0 -19"><span class='ocrx_word' id='word_1_598' title='bbox 2026 4272 2304 4329; x_wconf 82' lang='lat' dir='ltr'><strong>charitatis</strong></span> <span class='ocrx_word' id='word_1_599' title='bbox 2333 4273 2513 4335; x_wconf 85' lang='lat' dir='ltr'><strong>corde,</strong></span> <span class='ocrx_word' id='word_1_600' title='bbox 2547 4284 2567 4309; x_wconf 78' lang='grc' dir='ltr'><strong>ο</strong></span> <span class='ocrx_word' id='word_1_601' title='bbox 2606 4272 2658 4325; x_wconf 92' lang='lat' dir='ltr'><strong>in</strong></span> <span class='ocrx_word' id='word_1_602' title='bbox 2686 4272 2920 4327; x_wconf 77' lang='lat' dir='ltr'><strong>fervente</strong></span> <span class='ocrx_word' id='word_1_603' title='bbox 2962 4274 3221 4330; x_wconf 88' lang='lat' dir='ltr'><strong>naturalis</strong></span> <span class='ocrx_word' id='word_1_604' title='bbox 3245 4292 3395 4346; x_wconf 80' lang='lat' dir='ltr'><strong>aqua:</strong></span> <span class='ocrx_word' id='word_1_605' title='bbox 3435 4276 3583 4348; x_wconf 74' lang='lat' dir='ltr'><strong>[Ms.,</strong></span> 
     </span>
    </p>
   </div>
   <div class='ocr_carea' id='block_1_90' title="bbox 2028 4365 3582 4446">
    <p class='ocr_par' dir='ltr' id='par_1_90' title="bbox 2028 4365 3582 4446">
     <span class='ocr_line' id='line_1_90' title="bbox 2028 4365 3582 4446; baseline 0.005 -26"><span class='ocrx_word' id='word_1_606' title='bbox 2028 4365 2209 4439; x_wconf 88' lang='lat' dir='ltr'><strong>atque]</strong></span> <span class='ocrx_word' id='word_1_607' title='bbox 2237 4368 2441 4446; x_wconf 28' lang='lat' dir='ltr'><strong>balineo,</strong></span> <span class='ocrx_word' id='word_1_608' title='bbox 2490 4369 2579 4422; x_wconf 89' lang='lat' dir='ltr'><strong>ubi</strong></span> <span class='ocrx_word' id='word_1_609' title='bbox 2612 4379 2680 4430; x_wconf 91' lang='lat' dir='ltr'><strong>te,</strong></span> <span class='ocrx_word' id='word_1_610' title='bbox 2712 4369 2941 4434; x_wconf 85' lang='lat' dir='ltr'><strong>alumne,</strong></span> <span class='ocrx_word' id='word_1_611' title='bbox 2989 4381 3300 4440; x_wconf 76' lang='lat' dir='ltr'><strong>pnesentem</strong></span> <span class='ocrx_word' id='word_1_612' title='bbox 3340 4388 3455 4427; x_wconf 85' lang='lat' dir='ltr'><strong>esse</strong></span> <span class='ocrx_word' id='word_1_613' title='bbox 3478 4388 3582 4426; x_wconf 88' lang='lat' dir='ltr'><strong>non</strong></span> 
     </span>
    </p>
   </div>
   <div class='ocr_carea' id='block_1_91' title="bbox 361 4448 2236 4544">
    <p class='ocr_par' dir='ltr' id='par_1_91' title="bbox 361 4448 2236 4544">
     <span class='ocr_line' id='line_1_91' title="bbox 361 4448 2236 4544; baseline 0.004 -49"><span class='ocrx_word' id='word_1_614' title='bbox 361 4450 488 4505; x_wconf 54' lang='lat' dir='ltr'><strong>clunt</strong></span> <span class='ocrx_word' id='word_1_615' title='bbox 519 4448 698 4519; x_wconf 81' lang='lat' dir='ltr'><strong>(Joan.</strong></span> <span class='ocrx_word' id='word_1_616' title='bbox 732 4464 828 4512; x_wconf 77' lang='lat' dir='ltr'><strong>xu,</strong></span> <span class='ocrx_word' id='word_1_617' title='bbox 857 4449 967 4515; x_wconf 78' lang='lat'><strong>35).</strong></span> <span class='ocrx_word' id='word_1_618' title='bbox 998 4448 1101 4503; x_wconf 89' lang='lat' dir='ltr'><strong>Sed</strong></span> <span class='ocrx_word' id='word_1_619' title='bbox 1136 4459 1189 4501; x_wconf 87' lang='lat' dir='ltr'><strong>et</strong></span> <span class='ocrx_word' id='word_1_620' title='bbox 1218 4450 1481 4517; x_wconf 91' lang='lat' dir='ltr'><strong>quomodo</strong></span> <span class='ocrx_word' id='word_1_621' title='bbox 1506 4450 1557 4502; x_wconf 89' lang='lat' dir='ltr'><strong>in</strong></span> <span class='ocrx_word' id='word_1_622' title='bbox 1584 4466 1644 4503; x_wconf 89' lang='lat' dir='ltr'><strong>ea</strong></span> <span class='ocrx_word' id='word_1_623' title='bbox 1677 4450 1791 4501; x_wconf 86' lang='lat' dir='ltr'><strong>luce</strong></span> <span class='ocrx_word' id='word_1_624' title='bbox 1814 4465 1922 4501; x_wconf 86' lang='lat' dir='ltr'><strong>am-</strong></span> <span class='ocrx_word' id='word_1_625' title='bbox 1957 4488 2003 4544; x_wconf 77' lang='lat' dir='ltr'><strong>D</strong></span> <span class='ocrx_word' id='word_1_626' title='bbox 2030 4462 2236 4529; x_wconf 67' lang='lat' dir='ltr'><strong>ignoro,</strong></span> 
     </span>
    </p>
   </div>
   <div class='ocr_carea' id='block_1_92' title="bbox 363 4538 1923 4603">
    <p class='ocr_par' dir='ltr' id='par_1_92' title="bbox 363 4538 1923 4603">
     <span class='ocr_line' id='line_1_92' title="bbox 363 4538 1923 4603; baseline 0 -9"><span class='ocrx_word' id='word_1_627' title='bbox 363 4540 544 4599; x_wconf 61' lang='lat' dir='ltr'><strong>gulare</strong></span> <span class='ocrx_word' id='word_1_628' title='bbox 569 4538 874 4598; x_wconf 87' lang='lat' dir='ltr'><strong>debeamus,</strong></span> <span class='ocrx_word' id='word_1_629' title='bbox 907 4539 1009 4592; x_wconf 90' lang='lat' dir='ltr'><strong>alio</strong></span> <span class='ocrx_word' id='word_1_630' title='bbox 1034 4539 1264 4593; x_wconf 86' lang='lat' dir='ltr'><strong>ostendit</strong></span> <span class='ocrx_word' id='word_1_631' title='bbox 1294 4539 1429 4603; x_wconf 88' lang='lat' dir='ltr'><strong>loco,</strong></span> <span class='ocrx_word' id='word_1_632' title='bbox 1460 4540 1641 4593; x_wconf 86' lang='lat' dir='ltr'><strong>dicens</strong></span> <span class='ocrx_word' id='word_1_633' title='bbox 1675 4558 1687 4591; x_wconf 87' lang='lat'><strong>:</strong></span> <span class='ocrx_word' id='word_1_634' title='bbox 1723 4538 1811 4594; x_wconf 88' lang='lat' dir='ltr'><strong>Sic</strong></span> <span class='ocrx_word' id='word_1_635' title='bbox 1842 4539 1923 4594; x_wconf 85' lang='lat' dir='ltr'><strong>lu—</strong></span> 
     </span>
    </p>
   </div>
   <div class='ocr_carea' id='block_1_93' title="bbox 436 4714 1046 4792">
    <p class='ocr_par' dir='ltr' id='par_1_93' title="bbox 436 4714 1046 4792">
     <span class='ocr_line' id='line_1_93' title="bbox 436 4714 1046 4792; baseline -0.007 -21"><span class='ocrx_word' id='word_1_636' title='bbox 436 4732 460 4792; x_wconf 57' lang='lat' dir='ltr'><strong>f</strong></span> <span class='ocrx_word' id='word_1_637' title='bbox 486 4716 900 4792; x_wconf 52' lang='lat' dir='ltr'><strong>Froben._epist.</strong></span> <span class='ocrx_word' id='word_1_638' title='bbox 932 4714 1046 4771; x_wconf 80' lang='lat' dir='ltr'><strong>l85.</strong></span> 
     </span>
    </p>
   </div>
   <div class='ocr_carea' id='block_1_94' title="bbox 436 4784 1925 4852">
    <p class='ocr_par' dir='ltr' id='par_1_94' title="bbox 436 4784 1925 4852">
     <span class='ocr_line' id='line_1_94' title="bbox 436 4784 1925 4852; baseline -0.001 -11"><span class='ocrx_word' id='word_1_639' title='bbox 436 4788 463 4827; x_wconf 71' lang='grc' dir='ltr'>δ</span> <span class='ocrx_word' id='word_1_640' title='bbox 495 4788 571 4841; x_wconf 79' lang='lat' dir='ltr'><strong>Ad</strong></span> <span class='ocrx_word' id='word_1_641' title='bbox 604 4784 1001 4842; x_wconf 47' lang='lat' dir='ltr'><strong>Natha’naelem.</strong></span> <span class='ocrx_word' id='word_1_642' title='bbox 1056 4784 1153 4850; x_wconf 89' lang='lat' dir='ltr'><strong>Qui</strong></span> <span class='ocrx_word' id='word_1_643' title='bbox 1198 4800 1324 4839; x_wconf 88' lang='lat' dir='ltr'><strong>vero</strong></span> <span class='ocrx_word' id='word_1_644' title='bbox 1375 4784 1589 4837; x_wconf 87' lang='lat' dir='ltr'><strong>nomine</strong></span> <span class='ocrx_word' id='word_1_645' title='bbox 1630 4784 1925 4852; x_wconf 85' lang='lat' dir='ltr'><strong>appellatus</strong></span> 
     </span>
    </p>
   </div>
   <div class='ocr_carea' id='block_1_95' title="bbox 364 4854 1920 4924">
    <p class='ocr_par' dir='ltr' id='par_1_95' title="bbox 364 4854 1920 4924">
     <span class='ocr_line' id='line_1_95' title="bbox 364 4854 1920 4924; baseline -0.002 -14"><span class='ocrx_word' id='word_1_646' title='bbox 364 4868 447 4911; x_wconf 83' lang='lat' dir='ltr'><strong>est</strong></span> <span class='ocrx_word' id='word_1_647' title='bbox 473 4855 765 4924; x_wconf 78' lang='lat' dir='ltr'><strong>Fridigisus</strong></span> <span class='ocrx_word' id='word_1_648' title='bbox 795 4854 1247 4924; x_wconf 67' lang='lat' dir='ltr'><strong>seu_Fredegisus.</strong></span> <span class='ocrx_word' id='word_1_649' title='bbox 1277 4862 1433 4922; x_wconf 81' lang='lat' dir='ltr'><strong>prout</strong></span> <span class='ocrx_word' id='word_1_650' title='bbox 1461 4854 1637 4908; x_wconf 88' lang='lat' dir='ltr'><strong>notavi</strong></span> <span class='ocrx_word' id='word_1_651' title='bbox 1676 4854 1741 4907; x_wconf 90' lang='lat' dir='ltr'><strong>ad</strong></span> <span class='ocrx_word' id='word_1_652' title='bbox 1766 4854 1920 4923; x_wconf 89' lang='lat' dir='ltr'><strong>epist.</strong></span> 
     </span>
    </p>
   </div>
   <div class='ocr_carea' id='block_1_96' title="bbox 369 4922 1925 5041">
    <p class='ocr_par' dir='ltr' id='par_1_96' title="bbox 369 4922 1925 5041">
     <span class='ocr_line' id='line_1_96' title="bbox 369 4922 1925 5041; baseline -0.001 -62"><span class='ocrx_word' id='word_1_653' title='bbox 369 4928 467 4981; x_wconf 86' lang='lat' dir='ltr'><strong>ll8</strong></span> <span class='ocrx_word' id='word_1_654' title='bbox 497 4922 658 4995; x_wconf 81' lang='lat' dir='ltr'><strong>(nunc</strong></span> <span class='ocrx_word' id='word_1_655' title='bbox 699 4922 839 4991; x_wconf 79' lang='grc'><strong>157).</strong></span> <span class='ocrx_word' id='word_1_656' title='bbox 870 4922 945 5001; x_wconf 51' lang='grc' dir='ltr'><strong>Εδ</strong></span> <span class='ocrx_word' id='word_1_657' title='bbox 972 4922 1072 4975; x_wconf 88' lang='lat' dir='ltr'><strong>hac</strong></span> <span class='ocrx_word' id='word_1_658' title='bbox 1096 4922 1315 5041; x_wconf 59' lang='lat' dir='ltr'><strong>epistola</strong></span> <span class='ocrx_word' id='word_1_659' title='bbox 1347 4925 1589 5004; x_wconf 74' lang='lat' dir='ltr'><strong>novimus</strong></span> <span class='ocrx_word' id='word_1_660' title='bbox 1640 4926 1781 5005; x_wconf 74' lang='lat' dir='ltr'><strong>hunc</strong></span> <span class='ocrx_word' id='word_1_661' title='bbox 1804 4922 1925 4978; x_wconf 76' lang='lat' dir='ltr'><strong>Na-</strong></span> 
     </span>
     <span class='ocr_line' id='line_1_97' title="bbox 369 4992 1923 5041; baseline 0 0"><span class='ocrx_word' id='word_1_662' title='bbox 369 4994 661 5041; x_wconf 78' lang='lat' dir='ltr'><strong>timnaelem</strong></span> <span class='ocrx_word' id='word_1_663' title='bbox 692 5007 809 5041; x_wconf 82' lang='lat' dir='ltr'><strong>esse</strong></span> <span class='ocrx_word' id='word_1_664' title='bbox 854 5006 1067 5041; x_wconf 78' lang='lat' dir='ltr'><strong>missum</strong></span> <span class='ocrx_word' id='word_1_665' title='bbox 1109 4992 1254 5041; x_wconf 90' lang='lat' dir='ltr'><strong>Ilum</strong></span> <span class='ocrx_word' id='word_1_666' title='bbox 1303 4992 1532 5041; x_wconf 87' lang='lat' dir='ltr'><strong>Alcunn.</strong></span> <span class='ocrx_word' id='word_1_667' title='bbox 1575 4992 1923 5041; x_wconf 74' lang='lat' dir='ltr'><strong>clarissimum</strong></span> 
     </span>
    </p>
   </div>
   <div class='ocr_carea' id='block_1_97' title="bbox 368 4992 1923 5055">
    <p class='ocr_par' dir='ltr' id='par_1_97' title="bbox 368 4992 1923 5055">
     <span class='ocr_line' id='line_1_98' title="bbox 368 4992 1923 5055; baseline -0.001 -6"><span class='ocrx_word' id='word_1_668' title='bbox 368 4992 661 5049; x_wconf 79' lang='lat' dir='ltr'><strong>titanaelem</strong></span> <span class='ocrx_word' id='word_1_669' title='bbox 692 5007 809 5045; x_wconf 88' lang='lat' dir='ltr'><strong>esse</strong></span> <span class='ocrx_word' id='word_1_670' title='bbox 854 4992 1067 5044; x_wconf 78' lang='lat' dir='ltr'><strong>missum</strong></span> <span class='ocrx_word' id='word_1_671' title='bbox 1109 4992 1254 5044; x_wconf 90' lang='lat' dir='ltr'><strong>illum</strong></span> <span class='ocrx_word' id='word_1_672' title='bbox 1303 4992 1532 5055; x_wconf 83' lang='lat' dir='ltr'><strong>Alcuini,</strong></span> <span class='ocrx_word' id='word_1_673' title='bbox 1575 4992 1923 5047; x_wconf 78' lang='lat' dir='ltr'><strong>clarissimum</strong></span> 
     </span>
    </p>
   </div>
   <div class='ocr_carea' id='block_1_98' title="bbox 364 5058 1504 5132">
    <p class='ocr_par' dir='ltr' id='par_1_98' title="bbox 364 5058 1504 5132">
     <span class='ocr_line' id='line_1_99' title="bbox 364 5058 1504 5132; baseline -0.004 -14"><span class='ocrx_word' id='word_1_674' title='bbox 364 5066 531 5132; x_wconf 78' lang='lat' dir='ltr'><strong>[ilium</strong></span> <span class='ocrx_word' id='word_1_675' title='bbox 558 5072 604 5115; x_wconf 82' lang='lat' dir='ltr'><strong>et</strong></span> <span class='ocrx_word' id='word_1_676' title='bbox 628 5060 831 5130; x_wconf 79' lang='lat' dir='ltr'><strong>ﬁdelem</strong></span> <span class='ocrx_word' id='word_1_677' title='bbox 855 5058 1109 5132; x_wconf 61' lang='lat' dir='ltr'><strong>[angulum</strong></span> <span class='ocrx_word' id='word_1_678' title='bbox 1136 5060 1311 5132; x_wconf 78' lang='lat' dir='ltr'><strong>Caroli</strong></span> <span class='ocrx_word' id='word_1_679' title='bbox 1344 5063 1504 5132; x_wconf 82' lang='lat' dir='ltr'><strong>regis,</strong></span> 
     </span>
    </p>
   </div>
   <div class='ocr_carea' id='block_1_99' title="bbox 369 5127 1924 5196">
    <p class='ocr_par' dir='ltr' id='par_1_99' title="bbox 369 5127 1924 5196">
     <span class='ocr_line' id='line_1_100' title="bbox 369 5127 1924 5196; baseline -0.002 -10"><span class='ocrx_word' id='word_1_680' title='bbox 369 5127 559 5188; x_wconf 82' lang='lat' dir='ltr'><strong>inirum</strong></span> <span class='ocrx_word' id='word_1_681' title='bbox 585 5127 837 5186; x_wconf 86' lang='lat' dir='ltr'><strong>Alcuinus</strong></span> <span class='ocrx_word' id='word_1_682' title='bbox 873 5130 1045 5182; x_wconf 89' lang='lat' dir='ltr'><strong>eidem</strong></span> <span class='ocrx_word' id='word_1_683' title='bbox 1071 5127 1279 5189; x_wconf 86' lang='lat' dir='ltr'><strong>Carolo.</strong></span> <span class='ocrx_word' id='word_1_684' title='bbox 1323 5146 1341 5177; x_wconf 74' lang='grc' dir='ltr'><strong><em>ι</em></strong></span> <span class='ocrx_word' id='word_1_685' title='bbox 1371 5127 1437 5182; x_wconf 85' lang='lat' dir='ltr'><strong>ad</strong></span> <span class='ocrx_word' id='word_1_686' title='bbox 1462 5127 1799 5196; x_wconf 75' lang='lat' dir='ltr'><strong>splendorem</strong></span> <span class='ocrx_word' id='word_1_687' title='bbox 1827 5132 1924 5183; x_wconf 87' lang='lat' dir='ltr'><strong>im-</strong></span> 
     </span>
    </p>
   </div>
   <div class='ocr_carea' id='block_1_100' title="bbox 367 5196 1922 5271">
    <p class='ocr_par' dir='ltr' id='par_1_100' title="bbox 367 5196 1922 5271">
     <span class='ocr_line' id='line_1_101' title="bbox 367 5196 1922 5271; baseline -0.003 -16"><span class='ocrx_word' id='word_1_688' title='bbox 367 5201 579 5271; x_wconf 86' lang='lat' dir='ltr'><strong>perialis</strong></span> <span class='ocrx_word' id='word_1_689' title='bbox 600 5200 849 5268; x_wconf 73' lang='lat' dir='ltr'><strong>potentiae</strong></span> <span class='ocrx_word' id='word_1_690' title='bbox 870 5199 1060 5271; x_wconf 88' lang='lat' dir='ltr'><strong>obtulit</strong></span> <span class='ocrx_word' id='word_1_691' title='bbox 1092 5196 1388 5251; x_wconf 87' lang='lat' dir='ltr'><strong>divinorum</strong></span> <span class='ocrx_word' id='word_1_692' title='bbox 1417 5214 1636 5271; x_wconf 78' lang='lat' dir='ltr'><strong>munera</strong></span> <span class='ocrx_word' id='word_1_693' title='bbox 1668 5198 1922 5271; x_wconf 68' lang='lat' dir='ltr'><strong>ilbl&#39;lll&#39;llm</strong></span> 
     </span>
    </p>
   </div>
   <div class='ocr_carea' id='block_1_101' title="bbox 368 5267 1923 5339">
    <p class='ocr_par' dir='ltr' id='par_1_101' title="bbox 368 5267 1923 5339">
     <span class='ocr_line' id='line_1_102' title="bbox 368 5267 1923 5339; baseline -0.002 -15"><span class='ocrx_word' id='word_1_694' title='bbox 368 5267 395 5324; x_wconf 58' lang='lat'><strong>1..</strong></span> <span class='ocrx_word' id='word_1_695' title='bbox 427 5286 481 5324; x_wconf 90' lang='lat' dir='ltr'><strong>se</strong></span> <span class='ocrx_word' id='word_1_696' title='bbox 510 5267 789 5339; x_wconf 82' lang='lat' dir='ltr'><strong>diligenter</strong></span> <span class='ocrx_word' id='word_1_697' title='bbox 823 5270 1218 5339; x_wconf 74' lang='lat' dir='ltr'><strong>emendaturum</strong></span> <span class='ocrx_word' id='word_1_698' title='bbox 1247 5279 1407 5335; x_wconf 85' lang='lat' dir='ltr'><strong>atque</strong></span> <span class='ocrx_word' id='word_1_699' title='bbox 1456 5268 1507 5320; x_wconf 90' lang='lat' dir='ltr'><strong>in</strong></span> <span class='ocrx_word' id='word_1_700' title='bbox 1544 5268 1701 5339; x_wconf 88' lang='lat' dir='ltr'><strong>unius</strong></span> <span class='ocrx_word' id='word_1_701' title='bbox 1736 5267 1923 5321; x_wconf 87' lang='lat' dir='ltr'><strong>claris-</strong></span> 
     </span>
    </p>
   </div>
   <div class='ocr_carea' id='block_1_102' title="bbox 368 5338 1928 5408">
    <p class='ocr_par' dir='ltr' id='par_1_102' title="bbox 368 5338 1928 5408">
     <span class='ocr_line' id='line_1_103' title="bbox 368 5338 1928 5408; baseline -0.001 -13"><span class='ocrx_word' id='word_1_702' title='bbox 368 5339 485 5395; x_wconf 83' lang='lat' dir='ltr'><strong>simi</strong></span> <span class='ocrx_word' id='word_1_703' title='bbox 511 5338 1113 5408; x_wconf 77' lang='lat' dir='ltr'><strong>corporissanctitatem</strong></span> <span class='ocrx_word' id='word_1_704' title='bbox 1145 5351 1524 5408; x_wconf 55' lang='lat' dir='ltr'><strong>connesorum.</strong></span> <span class='ocrx_word' id='word_1_705' title='bbox 1566 5338 1928 5408; x_wconf 44' lang='lat' dir='ltr'><strong>nulloquitw‘</strong></span> 
     </span>
    </p>
   </div>
   <div class='ocr_carea' id='block_1_103' title="bbox 368 5404 1920 5479">
    <p class='ocr_par' dir='ltr' id='par_1_103' title="bbox 368 5404 1920 5479">
     <span class='ocr_line' id='line_1_104' title="bbox 368 5404 1920 5479; baseline -0.004 -14"><span class='ocrx_word' id='word_1_706' title='bbox 368 5411 421 5465; x_wconf 88' lang='lat' dir='ltr'><strong>in</strong></span> <span class='ocrx_word' id='word_1_707' title='bbox 441 5404 720 5479; x_wconf 45' lang='lat' dir='ltr'><strong>epist.:105</strong></span> <span class='ocrx_word' id='word_1_708' title='bbox 750 5404 915 5475; x_wconf 90' lang='lat' dir='ltr'><strong>(nunc</strong></span> <span class='ocrx_word' id='word_1_709' title='bbox 945 5406 1080 5479; x_wconf 52' lang='lat' dir='ltr'><strong>iiii).</strong></span> <span class='ocrx_word' id='word_1_710' title='bbox 1113 5406 1242 5460; x_wconf 80' lang='lat' dir='ltr'><strong>Vide</strong></span> <span class='ocrx_word' id='word_1_711' title='bbox 1266 5404 1421 5479; x_wconf 77' lang='lat' dir='ltr'><strong>infra.</strong></span> <span class='ocrx_word' id='word_1_712' title='bbox 1448 5408 1549 5479; x_wconf 68' lang='lat' dir='ltr'><strong>cui.</strong></span> <span class='ocrx_word' id='word_1_713' title='bbox 1580 5406 1844 5479; x_wconf 48' lang='lat' dir='ltr'><strong>:373,_not.</strong></span> <span class='ocrx_word' id='word_1_714' title='bbox 1876 5419 1920 5458; x_wconf 75' lang='grc' dir='ltr'><strong>ι.</strong></span> 
     </span>
    </p>
   </div>
   <div class='ocr_carea' id='block_1_104' title="bbox 438 5473 1925 5547">
    <p class='ocr_par' dir='ltr' id='par_1_104' title="bbox 438 5473 1925 5547">
     <span class='ocr_line' id='line_1_105' title="bbox 438 5473 1925 5547; baseline 0.001 -19"><span class='ocrx_word' id='word_1_715' title='bbox 438 5473 553 5532; x_wconf 73' lang='grc' dir='ltr'><strong>εἸη</strong></span> <span class='ocrx_word' id='word_1_716' title='bbox 598 5473 820 5547; x_wconf 78' lang='lat' dir='ltr'><strong>fervente</strong></span> <span class='ocrx_word' id='word_1_717' title='bbox 851 5512 865 5525; x_wconf 92' lang='lat'><strong>.</strong></span> <span class='ocrx_word' id='word_1_718' title='bbox 897 5513 913 5547; x_wconf 91' lang='lat'><strong>_.</strong></span> <span class='ocrx_word' id='word_1_719' title='bbox 951 5513 963 5527; x_wconf 90' lang='lat'><strong>.</strong></span> <span class='ocrx_word' id='word_1_720' title='bbox 998 5473 1195 5529; x_wconf 80' lang='lat' dir='ltr'><strong>balneo.</strong></span> <span class='ocrx_word' id='word_1_721' title='bbox 1249 5474 1398 5540; x_wconf 89' lang='lat' dir='ltr'><strong>Quod</strong></span> <span class='ocrx_word' id='word_1_722' title='bbox 1440 5473 1661 5528; x_wconf 90' lang='lat' dir='ltr'><strong>Carolus</strong></span> <span class='ocrx_word' id='word_1_723' title='bbox 1706 5475 1925 5545; x_wconf 76' lang='lat' dir='ltr'><strong>Magnus</strong></span> 
     </span>
    </p>
   </div>
   <div class='ocr_carea' id='block_1_105' title="bbox 368 5544 1926 5619">
    <p class='ocr_par' dir='ltr' id='par_1_105' title="bbox 368 5544 1926 5619">
     <span class='ocr_line' id='line_1_106' title="bbox 368 5544 1926 5619; baseline -0.002 -18"><span class='ocrx_word' id='word_1_724' title='bbox 368 5544 683 5619; x_wconf 78' lang='lat' dir='ltr'><strong>Aquisgrani</strong></span> <span class='ocrx_word' id='word_1_725' title='bbox 703 5544 953 5619; x_wconf 76' lang='lat' dir='ltr'><strong>extruxit,</strong></span> <span class='ocrx_word' id='word_1_726' title='bbox 989 5552 1121 5599; x_wconf 87' lang='lat' dir='ltr'><strong>teste</strong></span> <span class='ocrx_word' id='word_1_727' title='bbox 1141 5555 1306 5619; x_wconf 75' lang='lat' dir='ltr'><strong>poeta</strong></span> <span class='ocrx_word' id='word_1_728' title='bbox 1353 5558 1645 5619; x_wconf 72' lang='lat' dir='ltr'><strong>anonymo,</strong></span> <span class='ocrx_word' id='word_1_729' title='bbox 1666 5560 1773 5619; x_wconf 85' lang='lat' dir='ltr'><strong>seu_</strong></span> <span class='ocrx_word' id='word_1_730' title='bbox 1787 5544 1926 5619; x_wconf 50' lang='lat' dir='ltr'><strong>ipso-</strong></span> 
     </span>
    </p>
   </div>
   <div class='ocr_carea' id='block_1_106' title="bbox 370 5610 1926 5681">
    <p class='ocr_par' dir='ltr' id='par_1_106' title="bbox 370 5610 1926 5681">
     <span class='ocr_line' id='line_1_107' title="bbox 370 5610 1926 5681; baseline -0.006 -7"><span class='ocrx_word' id='word_1_731' title='bbox 370 5610 476 5673; x_wconf 77' lang='lat' dir='ltr'><strong>met</strong></span> <span class='ocrx_word' id='word_1_732' title='bbox 505 5610 727 5671; x_wconf 67' lang='lat' dir='ltr'><strong>Alcuiuo</strong></span> <span class='ocrx_word' id='word_1_733' title='bbox 756 5614 809 5665; x_wconf 87' lang='lat' dir='ltr'><strong>in</strong></span> <span class='ocrx_word' id='word_1_734' title='bbox 838 5621 1081 5681; x_wconf 84' lang='lat' dir='ltr'><strong>poemate</strong></span> <span class='ocrx_word' id='word_1_735' title='bbox 1117 5610 1179 5667; x_wconf 71' lang='lat' dir='ltr'><strong>de</strong></span> <span class='ocrx_word' id='word_1_736' title='bbox 1208 5613 1394 5667; x_wconf 81' lang='lat' dir='ltr'><strong>Carolo</strong></span> <span class='ocrx_word' id='word_1_737' title='bbox 1433 5610 1624 5677; x_wconf 74' lang='lat' dir='ltr'><strong>Magno</strong></span> <span class='ocrx_word' id='word_1_738' title='bbox 1650 5624 1713 5665; x_wconf 80' lang='lat' dir='ltr'><strong>.et</strong></span> <span class='ocrx_word' id='word_1_739' title='bbox 1746 5610 1926 5666; x_wconf 71' lang='lat' dir='ltr'><strong>Leonis</strong></span> 
     </span>
    </p>
   </div>
   <div class='ocr_carea' id='block_1_107' title="bbox 371 5680 1922 5810">
    <p class='ocr_par' dir='ltr' id='par_1_107' title="bbox 371 5680 1922 5810">
     <span class='ocr_line' id='line_1_108' title="bbox 404 5680 1922 5753; baseline -0.003 -13"><span class='ocrx_word' id='word_1_740' title='bbox 404 5705 514 5753; x_wconf 75' lang='lat' dir='ltr'><strong>apte</strong></span> <span class='ocrx_word' id='word_1_741' title='bbox 550 5686 617 5740; x_wconf 82' lang='lat' dir='ltr'><strong>ad</strong></span> <span class='ocrx_word' id='word_1_742' title='bbox 648 5683 794 5736; x_wconf 86' lang='lat' dir='ltr'><strong>illum</strong></span> <span class='ocrx_word' id='word_1_743' title='bbox 818 5680 1055 5743; x_wconf 79' lang='lat' dir='ltr'><strong>adventu,</strong></span> <span class='ocrx_word' id='word_1_744' title='bbox 1082 5698 1222 5736; x_wconf 81' lang='lat' dir='ltr'><strong>vers.</strong></span> <span class='ocrx_word' id='word_1_745' title='bbox 1256 5684 1372 5746; x_wconf 81' lang='grc'><strong>106,</strong></span> <span class='ocrx_word' id='word_1_746' title='bbox 1399 5682 1537 5751; x_wconf 83' lang='lat' dir='ltr'><strong>quod</strong></span> <span class='ocrx_word' id='word_1_747' title='bbox 1567 5682 1685 5736; x_wconf 77' lang='lat' dir='ltr'><strong>vide</strong></span> <span class='ocrx_word' id='word_1_748' title='bbox 1713 5683 1761 5736; x_wconf 91' lang='lat' dir='ltr'><strong>in</strong></span> <span class='ocrx_word' id='word_1_749' title='bbox 1796 5692 1922 5739; x_wconf 88' lang='lat' dir='ltr'><strong>tom.</strong></span> 
     </span>
     <span class='ocr_line' id='line_1_109' title="bbox 371 5707 1560 5810; baseline -0.006 0"><span class='ocrx_word' id='word_1_750' title='bbox 371 5707 411 5810; x_wconf 65' lang='lat' dir='ltr'><strong>ll</strong></span> <span class='ocrx_word' id='word_1_751' title='bbox 446 5755 599 5810; x_wconf 84' lang='lat' dir='ltr'><strong>huius</strong></span> <span class='ocrx_word' id='word_1_752' title='bbox 625 5750 873 5809; x_wconf 88' lang='lat' dir='ltr'><strong>editionis</strong></span> <span class='ocrx_word' id='word_1_753' title='bbox 902 5750 1041 5805; x_wconf 83' lang='lat' dir='ltr'><strong>inter</strong></span> <span class='ocrx_word' id='word_1_754' title='bbox 1060 5766 1221 5810; x_wconf 82' lang='lat' dir='ltr'><strong>onera</strong></span> <span class='ocrx_word' id='word_1_755' title='bbox 1249 5749 1424 5807; x_wconf 77' lang='lat' dir='ltr'><strong>dubia.</strong></span> <span class='ocrx_word' id='word_1_756' title='bbox 1449 5751 1518 5804; x_wconf 88' lang='lat' dir='ltr'><strong>ibi</strong></span> <span class='ocrx_word' id='word_1_757' title='bbox 1549 5768 1560 5803; x_wconf 86' lang='lat'>:</span> 
     </span>
    </p>
   </div>
   <div class='ocr_carea' id='block_1_108' title="bbox 446 5749 1560 5826">
    <p class='ocr_par' dir='ltr' id='par_1_108' title="bbox 446 5749 1560 5826">
     <span class='ocr_line' id='line_1_110' title="bbox 446 5749 1560 5826; baseline -0.008 -14"><span class='ocrx_word' id='word_1_758' title='bbox 446 5755 599 5826; x_wconf 81' lang='lat' dir='ltr'><strong>hujus</strong></span> <span class='ocrx_word' id='word_1_759' title='bbox 625 5750 873 5809; x_wconf 88' lang='lat' dir='ltr'><strong>editionis</strong></span> <span class='ocrx_word' id='word_1_760' title='bbox 902 5750 1041 5805; x_wconf 83' lang='lat' dir='ltr'><strong>inter</strong></span> <span class='ocrx_word' id='word_1_761' title='bbox 1060 5766 1221 5822; x_wconf 83' lang='lat' dir='ltr'><strong>opera</strong></span> <span class='ocrx_word' id='word_1_762' title='bbox 1249 5749 1427 5807; x_wconf 73' lang='lat' dir='ltr'><strong>dubia.</strong></span> <span class='ocrx_word' id='word_1_763' title='bbox 1449 5751 1518 5804; x_wconf 87' lang='lat' dir='ltr'><strong>ibi</strong></span> <span class='ocrx_word' id='word_1_764' title='bbox 1549 5768 1560 5803; x_wconf 86' lang='lat'>:</span> 
     </span>
    </p>
   </div>
   <div class='ocr_carea' id='block_1_109' title="bbox 1658 5064 1991 5129">
    <p class='ocr_par' dir='ltr' id='par_1_109' title="bbox 1658 5064 1991 5129">
     <span class='ocr_line' id='line_1_111' title="bbox 1658 5064 1991 5129; baseline 0.006 -15"><span class='ocrx_word' id='word_1_765' title='bbox 1658 5076 1815 5129; x_wconf 89' lang='lat' dir='ltr'><strong>quem</strong></span> <span class='ocrx_word' id='word_1_766' title='bbox 1844 5064 1925 5116; x_wconf 91' lang='lat' dir='ltr'><strong>ni-</strong></span> <span class='ocrx_word' id='word_1_767' title='bbox 1976 5078 1991 5099; x_wconf 64' lang='grc' dir='ltr'>κ</span> 
     </span>
    </p>
   </div>
   <div class='ocr_carea' id='block_1_110' title="bbox 2100 4553 3583 4609">
    <p class='ocr_par' dir='ltr' id='par_1_110' title="bbox 2100 4553 3583 4609">
     <span class='ocr_line' id='line_1_112' title="bbox 2100 4553 3583 4609; baseline 0.003 -4"><span class='ocrx_word' id='word_1_768' title='bbox 2100 4553 2279 4607; x_wconf 86' lang='lat' dir='ltr'><strong>Saluta</strong></span> <span class='ocrx_word' id='word_1_769' title='bbox 2306 4553 2330 4590; x_wconf 71' lang='grc' dir='ltr'><strong>ει</strong></span> <span class='ocrx_word' id='word_1_770' title='bbox 2372 4553 2588 4607; x_wconf 86' lang='lat' dir='ltr'><strong>Luciam</strong></span> <span class='ocrx_word' id='word_1_771' title='bbox 2637 4568 2875 4606; x_wconf 84' lang='lat' dir='ltr'><strong>sororem</strong></span> <span class='ocrx_word' id='word_1_772' title='bbox 2925 4563 3159 4608; x_wconf 85' lang='lat' dir='ltr'><strong>nostram</strong></span> <span class='ocrx_word' id='word_1_773' title='bbox 3199 4556 3433 4608; x_wconf 83' lang='lat' dir='ltr'><strong>ctliliam</strong></span> <span class='ocrx_word' id='word_1_774' title='bbox 3481 4555 3583 4609; x_wconf 74' lang='lat'><strong>(20-</strong></span> 
     </span>
    </p>
   </div>
   <div class='ocr_carea' id='block_1_111' title="bbox 2179 4724 3296 4783">
    <p class='ocr_par' dir='ltr' id='par_1_111' title="bbox 2179 4724 3296 4783">
     <span class='ocr_line' id='line_1_113' title="bbox 2179 4724 3296 4783; baseline 0.001 -11"><span class='ocrx_word' id='word_1_775' title='bbox 2179 4725 2265 4772; x_wconf 80' lang='lat' dir='ltr'><strong>Hic</strong></span> <span class='ocrx_word' id='word_1_776' title='bbox 2290 4724 2367 4772; x_wconf 88' lang='lat' dir='ltr'><strong>alii</strong></span> <span class='ocrx_word' id='word_1_777' title='bbox 2392 4725 2607 4773; x_wconf 60' lang='lat' dir='ltr'><strong>thermis</strong></span> <span class='ocrx_word' id='word_1_778' title='bbox 2622 4725 2799 4772; x_wconf 83' lang='lat' dir='ltr'><strong>calidas</strong></span> <span class='ocrx_word' id='word_1_779' title='bbox 2822 4728 3038 4780; x_wconf 78' lang='lat' dir='ltr'><strong>reperire</strong></span> <span class='ocrx_word' id='word_1_780' title='bbox 3066 4724 3296 4783; x_wconf 64' lang='lat' dir='ltr'><strong>laborant,</strong></span> 
     </span>
    </p>
   </div>
   <div class='ocr_carea' id='block_1_112' title="bbox 2178 4785 3358 4842">
    <p class='ocr_par' dir='ltr' id='par_1_112' title="bbox 2178 4785 3358 4842">
     <span class='ocr_line' id='line_1_114' title="bbox 2178 4785 3358 4842; baseline 0.002 -11"><span class='ocrx_word' id='word_1_781' title='bbox 2178 4785 2354 4833; x_wconf 67' lang='lat' dir='ltr'><strong>Balnea</strong></span> <span class='ocrx_word' id='word_1_782' title='bbox 2375 4794 2551 4842; x_wconf 82' lang='lat' dir='ltr'><strong>sponte</strong></span> <span class='ocrx_word' id='word_1_783' title='bbox 2572 4799 2655 4833; x_wconf 81' lang='lat' dir='ltr'><strong>sua</strong></span> <span class='ocrx_word' id='word_1_784' title='bbox 2681 4786 2917 4835; x_wconf 75' lang='lat' dir='ltr'><strong>ferventia</strong></span> <span class='ocrx_word' id='word_1_785' title='bbox 2942 4787 3067 4834; x_wconf 88' lang='lat' dir='ltr'><strong>mole</strong></span> <span class='ocrx_word' id='word_1_786' title='bbox 3087 4788 3358 4841; x_wconf 82' lang='lat' dir='ltr'><strong>recludunt,</strong></span> 
     </span>
    </p>
   </div>
   <div class='ocr_carea' id='block_1_113' title="bbox 2178 4845 3377 4908">
    <p class='ocr_par' dir='ltr' id='par_1_113' title="bbox 2178 4845 3377 4908">
     <span class='ocr_line' id='line_1_115' title="bbox 2178 4845 3377 4908; baseline 0.005 -17"><span class='ocrx_word' id='word_1_787' title='bbox 2178 4845 2457 4908; x_wconf 53' lang='lat' dir='ltr'><strong>Earmoreis</strong></span> <span class='ocrx_word' id='word_1_788' title='bbox 2480 4849 2705 4906; x_wconf 74' lang='lat' dir='ltr'><strong>gradibus</strong></span> <span class='ocrx_word' id='word_1_789' title='bbox 2722 4848 2932 4908; x_wconf 83' lang='lat' dir='ltr'><strong>speciosa</strong></span> <span class='ocrx_word' id='word_1_790' title='bbox 2956 4847 3125 4895; x_wconf 71' lang='lat' dir='ltr'><strong>sedilia</strong></span> <span class='ocrx_word' id='word_1_791' title='bbox 3150 4857 3377 4907; x_wconf 68' lang='lat' dir='ltr'><strong>panguut.</strong></span> 
     </span>
    </p>
   </div>
   <div class='ocr_carea' id='block_1_114' title="bbox 2178 4904 3276 4968">
    <p class='ocr_par' dir='ltr' id='par_1_114' title="bbox 2178 4904 3276 4968">
     <span class='ocr_line' id='line_1_116' title="bbox 2178 4904 3276 4968; baseline 0.004 -17"><span class='ocrx_word' id='word_1_792' title='bbox 2178 4904 2303 4968; x_wconf 59' lang='lat' dir='ltr'><strong>Emis</strong></span> <span class='ocrx_word' id='word_1_793' title='bbox 2324 4909 2470 4955; x_wconf 85' lang='lat' dir='ltr'><strong>nimio</strong></span> <span class='ocrx_word' id='word_1_794' title='bbox 2486 4904 2721 4957; x_wconf 13' lang='lat' dir='ltr'><strong>ibulleutis</strong></span> <span class='ocrx_word' id='word_1_795' title='bbox 2742 4904 2877 4968; x_wconf 63' lang='lat' dir='ltr'><strong>aqua-</strong></span> <span class='ocrx_word' id='word_1_796' title='bbox 2903 4908 3092 4954; x_wconf 77' lang='lat' dir='ltr'><strong>fervere</strong></span> <span class='ocrx_word' id='word_1_797' title='bbox 3118 4904 3276 4955; x_wconf 82' lang='lat' dir='ltr'><strong>calore</strong></span> 
     </span>
    </p>
   </div>
   <div class='ocr_carea' id='block_1_115' title="bbox 2182 4966 3319 5073">
    <p class='ocr_par' dir='ltr' id='par_1_115' title="bbox 2182 4966 3319 5073">
     <span class='ocr_line' id='line_1_117' title="bbox 2182 4966 3319 5073; baseline 0.003 -58"><span class='ocrx_word' id='word_1_798' title='bbox 2311 4976 2469 5017; x_wconf 88' lang='lat' dir='ltr'><strong>cessat</strong></span> <span class='ocrx_word' id='word_1_799' title='bbox 2492 4982 2503 5017; x_wconf 93' lang='lat'><strong>:</strong></span> <span class='ocrx_word' id='word_1_800' title='bbox 2530 4976 2693 5030; x_wconf 82' lang='lat' dir='ltr'><strong>partes</strong></span> <span class='ocrx_word' id='word_1_801' title='bbox 2712 4966 2839 5017; x_wconf 71' lang='lat' dir='ltr'><strong>rivus</strong></span> <span class='ocrx_word' id='word_1_802' title='bbox 2860 4969 3059 5017; x_wconf 75' lang='lat' dir='ltr'><strong>deducit</strong></span> <span class='ocrx_word' id='word_1_803' title='bbox 3084 4970 3129 5015; x_wconf 94' lang='lat' dir='ltr'><strong>in</strong></span> <span class='ocrx_word' id='word_1_804' title='bbox 3152 4981 3319 5039; x_wconf 77' lang='lat' dir='ltr'><strong>omnes</strong></span> 
     </span>
     <span class='ocr_line' id='line_1_118' title="bbox 2202 5041 2340 5073; baseline 0 0"><span class='ocrx_word' id='word_1_805' title='bbox 2202 5042 2247 5073; x_wconf 62' lang='lat' dir='ltr'><strong>,r</strong></span> <span class='ocrx_word' id='word_1_806' title='bbox 2288 5041 2340 5073; x_wconf 73' lang='lat' dir='ltr'><strong>is.</strong></span> 
     </span>
    </p>
   </div>
   <div class='ocr_carea' id='block_1_116' title="bbox 2202 5041 2340 5074">
    <p class='ocr_par' dir='ltr' id='par_1_116' title="bbox 2202 5041 2340 5074">
     <span class='ocr_line' id='line_1_119' title="bbox 2202 5041 2340 5074; baseline 0.007 -1"><span class='ocrx_word' id='word_1_807' title='bbox 2202 5041 2340 5074; x_wconf 63' lang='grc' dir='ltr'><strong>λτυις.</strong></span> 
     </span>
    </p>
   </div>
   <div class='ocr_carea' id='block_1_117' title="bbox 2028 5127 3573 5197">
    <p class='ocr_par' dir='ltr' id='par_1_117' title="bbox 2028 5127 3573 5197">
     <span class='ocr_line' id='line_1_120' title="bbox 2028 5127 3573 5197; baseline 0.002 -18"><span class='ocrx_word' id='word_1_808' title='bbox 2028 5127 2445 5197; x_wconf 14' lang='grc' dir='ltr'><strong>ΕιίΕμίιιιιςηκιιις</strong></span> <span class='ocrx_word' id='word_1_809' title='bbox 2475 5129 2525 5181; x_wconf 92' lang='lat' dir='ltr'><strong>in</strong></span> <span class='ocrx_word' id='word_1_810' title='bbox 2580 5129 2695 5181; x_wconf 71' lang='lat' dir='ltr'><strong>Vita</strong></span> <span class='ocrx_word' id='word_1_811' title='bbox 2737 5127 2913 5181; x_wconf 86' lang='lat' dir='ltr'><strong>Caroli</strong></span> <span class='ocrx_word' id='word_1_812' title='bbox 2950 5127 3118 5197; x_wconf 76' lang='lat' dir='ltr'><strong>Magni</strong></span> <span class='ocrx_word' id='word_1_813' title='bbox 3156 5130 3220 5182; x_wconf 90' lang='lat' dir='ltr'><strong>dc</strong></span> <span class='ocrx_word' id='word_1_814' title='bbox 3253 5143 3314 5180; x_wconf 88' lang='lat' dir='ltr'><strong>en</strong></span> <span class='ocrx_word' id='word_1_815' title='bbox 3360 5130 3573 5183; x_wconf 89' lang='lat' dir='ltr'><strong>scribit:</strong></span> 
     </span>
    </p>
   </div>
   <div class='ocr_carea' id='block_1_118' title="bbox 2033 5196 3575 5266">
    <p class='ocr_par' dir='ltr' id='par_1_118' title="bbox 2033 5196 3575 5266">
     <span class='ocr_line' id='line_1_121' title="bbox 2033 5196 3575 5266; baseline 0.005 -21"><span class='ocrx_word' id='word_1_816' title='bbox 2033 5215 2048 5245; x_wconf 77' lang='grc' dir='ltr'>ι</span> <span class='ocrx_word' id='word_1_817' title='bbox 2081 5196 2451 5266; x_wconf 63' lang='lat' dir='ltr'><strong>Delectabatur</strong></span> <span class='ocrx_word' id='word_1_818' title='bbox 2476 5198 2633 5251; x_wconf 87' lang='lat' dir='ltr'><strong>etiam</strong></span> <span class='ocrx_word' id='word_1_819' title='bbox 2658 5199 2940 5264; x_wconf 85' lang='lat' dir='ltr'><strong>vaporibus</strong></span> <span class='ocrx_word' id='word_1_820' title='bbox 2981 5196 3233 5266; x_wconf 86' lang='lat' dir='ltr'><strong>aquarum</strong></span> <span class='ocrx_word' id='word_1_821' title='bbox 3267 5198 3575 5253; x_wconf 88' lang='lat' dir='ltr'><strong>naturaliter</strong></span> 
     </span>
    </p>
   </div>
   <div class='ocr_carea' id='block_1_119' title="bbox 2028 5265 3575 5335">
    <p class='ocr_par' dir='ltr' id='par_1_119' title="bbox 2028 5265 3575 5335">
     <span class='ocr_line' id='line_1_122' title="bbox 2028 5265 3575 5335; baseline 0.003 -19"><span class='ocrx_word' id='word_1_822' title='bbox 2028 5265 2328 5335; x_wconf 73' lang='lat' dir='ltr'><strong>calentium,</strong></span> <span class='ocrx_word' id='word_1_823' title='bbox 2365 5267 2625 5335; x_wconf 78' lang='lat' dir='ltr'><strong>frequenti</strong></span> <span class='ocrx_word' id='word_1_824' title='bbox 2672 5276 2853 5321; x_wconf 82' lang='lat' dir='ltr'><strong>natatu</strong></span> <span class='ocrx_word' id='word_1_825' title='bbox 2898 5283 3089 5334; x_wconf 84' lang='lat' dir='ltr'><strong>corpus</strong></span> <span class='ocrx_word' id='word_1_826' title='bbox 3136 5280 3389 5321; x_wconf 78' lang='lat' dir='ltr'><strong>exercens</strong></span> <span class='ocrx_word' id='word_1_827' title='bbox 3414 5306 3429 5320; x_wconf 92' lang='lat'><strong>.</strong></span> <span class='ocrx_word' id='word_1_828' title='bbox 3472 5306 3485 5321; x_wconf 94' lang='lat'><strong>.</strong></span> <span class='ocrx_word' id='word_1_829' title='bbox 3513 5306 3528 5320; x_wconf 91' lang='lat'><strong>.</strong></span> <span class='ocrx_word' id='word_1_830' title='bbox 3562 5310 3575 5321; x_wconf 96' lang='lat'><strong>.</strong></span> 
     </span>
    </p>
   </div>
   <div class='ocr_carea' id='block_1_120' title="bbox 2026 5334 3577 5405">
    <p class='ocr_par' dir='ltr' id='par_1_120' title="bbox 2026 5334 3577 5405">
     <span class='ocr_line' id='line_1_123' title="bbox 2026 5334 3577 5405; baseline 0.001 -18"><span class='ocrx_word' id='word_1_831' title='bbox 2026 5334 2105 5405; x_wconf 86' lang='lat' dir='ltr'><strong>Ob</strong></span> <span class='ocrx_word' id='word_1_832' title='bbox 2134 5336 2233 5389; x_wconf 88' lang='lat' dir='ltr'><strong>hoc</strong></span> <span class='ocrx_word' id='word_1_833' title='bbox 2268 5338 2427 5405; x_wconf 84' lang='lat' dir='ltr'><strong>etiam</strong></span> <span class='ocrx_word' id='word_1_834' title='bbox 2464 5334 2780 5405; x_wconf 72' lang='lat' dir='ltr'><strong>Aquisgrani</strong></span> <span class='ocrx_word' id='word_1_835' title='bbox 2825 5337 3021 5405; x_wconf 86' lang='lat' dir='ltr'><strong>regiam</strong></span> <span class='ocrx_word' id='word_1_836' title='bbox 3052 5337 3332 5405; x_wconf 72' lang='lat' dir='ltr'><strong>exstruxit.</strong></span> <span class='ocrx_word' id='word_1_837' title='bbox 3366 5355 3383 5386; x_wconf 65' lang='grc' dir='ltr'><strong><em>υ</em></strong></span> <span class='ocrx_word' id='word_1_838' title='bbox 3427 5337 3577 5404; x_wconf 83' lang='lat' dir='ltr'><strong>Apud</strong></span> 
     </span>
    </p>
   </div>
   <div class='ocr_carea' id='block_1_121' title="bbox 2026 5403 3543 5473">
    <p class='ocr_par' dir='ltr' id='par_1_121' title="bbox 2026 5403 3543 5473">
     <span class='ocr_line' id='line_1_124' title="bbox 2026 5403 3543 5473; baseline 0.003 -16"><span class='ocrx_word' id='word_1_839' title='bbox 2026 5404 2285 5473; x_wconf 83' lang='lat' dir='ltr'><strong>Donquet.</strong></span> <span class='ocrx_word' id='word_1_840' title='bbox 2319 5404 2511 5473; x_wconf 48' lang='lat' dir='ltr'><strong>Script:</strong></span> <span class='ocrx_word' id='word_1_841' title='bbox 2544 5403 2665 5457; x_wconf 82' lang='lat' dir='ltr'><strong>Rer.</strong></span> <span class='ocrx_word' id='word_1_842' title='bbox 2701 5405 2834 5459; x_wconf 84' lang='lat' dir='ltr'><strong>Call.</strong></span> <span class='ocrx_word' id='word_1_843' title='bbox 2867 5403 2991 5457; x_wconf 84' lang='lat' dir='ltr'><strong>tom.</strong></span> <span class='ocrx_word' id='word_1_844' title='bbox 3024 5404 3082 5466; x_wconf 86' lang='lat' dir='ltr'><strong>V,</strong></span> <span class='ocrx_word' id='word_1_845' title='bbox 3109 5419 3223 5473; x_wconf 82' lang='lat' dir='ltr'><strong>pag.</strong></span> <span class='ocrx_word' id='word_1_846' title='bbox 3254 5405 3341 5467; x_wconf 89' lang='lat'><strong>98,</strong></span> <span class='ocrx_word' id='word_1_847' title='bbox 3376 5422 3427 5456; x_wconf 91' lang='lat' dir='ltr'><strong>n.</strong></span> <span class='ocrx_word' id='word_1_848' title='bbox 3452 5403 3543 5461; x_wconf 56' lang='grc' dir='ltr'><strong>ἦ.</strong></span> 
     </span>
    </p>
   </div>
   <div class='ocr_carea' id='block_1_122' title="bbox 2095 5471 3577 5529">
    <p class='ocr_par' dir='ltr' id='par_1_122' title="bbox 2095 5471 3577 5529">
     <span class='ocr_line' id='line_1_125' title="bbox 2095 5471 3577 5529; baseline 0.001 -3"><span class='ocrx_word' id='word_1_849' title='bbox 2095 5474 2123 5513; x_wconf 75' lang='grc' dir='ltr'><strong><em>ἀ</em></strong></span> <span class='ocrx_word' id='word_1_850' title='bbox 2160 5471 2375 5526; x_wconf 67' lang='lat' dir='ltr'><strong>Lucium</strong></span> <span class='ocrx_word' id='word_1_851' title='bbox 2401 5485 2443 5523; x_wconf 81' lang='lat' dir='ltr'><strong>et</strong></span> <span class='ocrx_word' id='word_1_852' title='bbox 2469 5471 2790 5528; x_wconf 73' lang='lat' dir='ltr'><strong>Columbam.</strong></span> <span class='ocrx_word' id='word_1_853' title='bbox 2834 5475 3018 5526; x_wconf 73' lang='lat' dir='ltr'><strong>Exstat</strong></span> <span class='ocrx_word' id='word_1_854' title='bbox 3060 5471 3123 5525; x_wconf 81' lang='lat' dir='ltr'><strong>ad</strong></span> <span class='ocrx_word' id='word_1_855' title='bbox 3146 5474 3357 5527; x_wconf 88' lang='lat' dir='ltr'><strong>easdem</strong></span> <span class='ocrx_word' id='word_1_856' title='bbox 3383 5474 3435 5526; x_wconf 90' lang='lat' dir='ltr'><strong>in</strong></span> <span class='ocrx_word' id='word_1_857' title='bbox 3456 5475 3577 5529; x_wconf 88' lang='lat' dir='ltr'><strong>cod.</strong></span> 
     </span>
    </p>
   </div>
   <div class='ocr_carea' id='block_1_123' title="bbox 2032 5541 3581 5612">
    <p class='ocr_par' dir='ltr' id='par_1_123' title="bbox 2032 5541 3581 5612">
     <span class='ocr_line' id='line_1_126' title="bbox 2032 5541 3581 5612; baseline 0 -15"><span class='ocrx_word' id='word_1_858' title='bbox 2032 5545 2310 5612; x_wconf 78' lang='lat' dir='ltr'><strong>llarleiano</strong></span> <span class='ocrx_word' id='word_1_859' title='bbox 2338 5541 2577 5612; x_wconf 71' lang='lat' dir='ltr'><strong>epistola,</strong></span> <span class='ocrx_word' id='word_1_860' title='bbox 2615 5546 2830 5612; x_wconf 80' lang='lat' dir='ltr'><strong>scripta,</strong></span> <span class='ocrx_word' id='word_1_861' title='bbox 2884 5543 3005 5593; x_wconf 87' lang='lat' dir='ltr'><strong>dum</strong></span> <span class='ocrx_word' id='word_1_862' title='bbox 3032 5542 3468 5612; x_wconf 86' lang='lat' dir='ltr'><strong>commentarium</strong></span> <span class='ocrx_word' id='word_1_863' title='bbox 3526 5545 3581 5597; x_wconf 90' lang='lat' dir='ltr'><strong>in</strong></span> 
     </span>
    </p>
   </div>
   <div class='ocr_carea' id='block_1_124' title="bbox 2029 5608 3579 5682">
    <p class='ocr_par' dir='ltr' id='par_1_124' title="bbox 2029 5608 3579 5682">
     <span class='ocr_line' id='line_1_127' title="bbox 2029 5608 3579 5682; baseline 0.001 -18"><span class='ocrx_word' id='word_1_864' title='bbox 2029 5615 2227 5681; x_wconf 77' lang='lat' dir='ltr'><strong>Evaug.</strong></span> <span class='ocrx_word' id='word_1_865' title='bbox 2259 5611 2315 5661; x_wconf 89' lang='lat' dir='ltr'><strong>S.</strong></span> <span class='ocrx_word' id='word_1_866' title='bbox 2348 5608 2567 5665; x_wconf 66' lang='lat' dir='ltr'><strong>Joannis</strong></span> <span class='ocrx_word' id='word_1_867' title='bbox 2604 5608 2735 5678; x_wconf 53' lang='lat' dir='ltr'><strong>jam&#39;</strong></span> <span class='ocrx_word' id='word_1_868' title='bbox 2762 5614 2959 5682; x_wconf 69' lang='lat' dir='ltr'><strong>integre</strong></span> <span class='ocrx_word' id='word_1_869' title='bbox 2994 5611 3289 5682; x_wconf 79' lang='lat' dir='ltr'><strong>absolutum</strong></span> <span class='ocrx_word' id='word_1_870' title='bbox 3342 5613 3406 5664; x_wconf 86' lang='lat' dir='ltr'><strong>ad</strong></span> <span class='ocrx_word' id='word_1_871' title='bbox 3461 5612 3579 5665; x_wconf 70' lang='lat' dir='ltr'><strong>illa;</strong></span> 
     </span>
    </p>
   </div>
   <div class='ocr_carea' id='block_1_125' title="bbox 2031 5680 3579 5750">
    <p class='ocr_par' dir='ltr' id='par_1_125' title="bbox 2031 5680 3579 5750">
     <span class='ocr_line' id='line_1_128' title="bbox 2031 5680 3579 5750; baseline 0.001 -14"><span class='ocrx_word' id='word_1_872' title='bbox 2031 5680 2212 5743; x_wconf 86' lang='lat' dir='ltr'><strong>mittit,</strong></span> <span class='ocrx_word' id='word_1_873' title='bbox 2265 5694 2423 5750; x_wconf 82' lang='lat' dir='ltr'><strong>quam</strong></span> <span class='ocrx_word' id='word_1_874' title='bbox 2453 5691 2728 5747; x_wconf 74' lang='lat' dir='ltr'><strong>propterea</strong></span> <span class='ocrx_word' id='word_1_875' title='bbox 2753 5680 2920 5733; x_wconf 79' lang='lat' dir='ltr'><strong>eidem</strong></span> <span class='ocrx_word' id='word_1_876' title='bbox 2946 5680 3325 5735; x_wconf 73' lang='lat' dir='ltr'><strong>commentario</strong></span> <span class='ocrx_word' id='word_1_877' title='bbox 3349 5682 3579 5750; x_wconf 54' lang='lat' dir='ltr'><strong>prmfrxb</strong></span> 
     </span>
    </p>
   </div>
   <div class='ocr_carea' id='block_1_126' title="bbox 2032 5747 2777 5815">
    <p class='ocr_par' dir='ltr' id='par_1_126' title="bbox 2032 5747 2777 5815">
     <span class='ocr_line' id='line_1_129' title="bbox 2032 5747 2777 5815; baseline -0.009 -9"><span class='ocrx_word' id='word_1_878' title='bbox 2032 5768 2163 5815; x_wconf 86' lang='lat' dir='ltr'><strong>mus,</strong></span> <span class='ocrx_word' id='word_1_879' title='bbox 2217 5750 2305 5803; x_wconf 91' lang='lat' dir='ltr'><strong>ubi</strong></span> <span class='ocrx_word' id='word_1_880' title='bbox 2334 5747 2476 5802; x_wconf 88' lang='lat' dir='ltr'><strong>illam</strong></span> <span class='ocrx_word' id='word_1_881' title='bbox 2516 5751 2777 5803; x_wconf 79' lang='lat' dir='ltr'><strong>consulas.</strong></span> 
     </span>
    </p>
   </div>
  </div>
