4258 6234
543 372 650 428 379

1391 366 1450 418 Β.
1485 363 1546 418 r.
1586 361 1807 417 ALBINI
1846 329 1976 415 Seu
2009 356 2285 414 ALcursr
2319 356 2602 413 operum
2638 356 2816 411 PARS
2850 355 2890 409 1.

3647 357 3751 412 580

540 495 605 536 ea
625 480 926 548 perfectus,
970 480 1103 535 sicut
1145 476 1304 529 Pater
1341 475 1430 544 qui
1473 474 1529 527 in
1552 470 1689 526 curiis
1714 479 1810 534 est.
1838 466 2092 539 perfectis
2123 469 2169 528 Δ
2195 465 2375 533 generi
2417 465 2667 519 misertus
2691 471 2806 529 est;
2858 473 2914 517 et
2944 463 3199 531 quidquid
3227 465 3352 520 boni
3379 466 3647 535 egerimus
3683 469 3750 522 ad

541 569 848 638 ululatur.
873 585 928 633 v,
955 567 1068 637 48).

617 618 1290 728 riiédiiriésvcimuaus,
1337 651 1475 706 filius
1517 659 1604 706 est
1647 650 1761 714 Dei.
1806 649 1931 718 quia
1962 618 2100 704 Deus
2139 714 2142 718 .

2201 554 2347 611 illius
2384 568 2594 623 semper
2638 553 2841 608 referre
2869 552 3246 622 benignitatem
3275 592 3291 618 ,
3330 555 3447 609 sine
3471 570 3577 624 qua
3596 595 3612 621 ,
3640 557 3752 627 ipsa

2203 644 2437 698 Veritate
2463 650 2767 705 attcstante,
2795 641 2928 697 nihil
2970 640 3180 696 edicere
3222 643 3458 698 valemus
3491 657 3509 697 :
3551 644 3611 698 in
3648 660 3758 715 qua

544 749 774 801 diurnas
812 756 887 800 est
917 745 968 817 (1
989 745 1146 797 Jouu.
1180 760 1252 807 iv,
1276 743 1387 813 t6),
1417 741 1570 810 cujus
1601 740 1693 794 lux
1734 739 1896 793 corda
1928 751 2102 796 veStra
2200 735 2440 789 bonitate
2461 732 2643 789 vestra
2685 747 2898 802 semper
2945 733 3266 795 unanimitas
3289 733 3411 787 lzeta
3448 743 3758 803 maneat;

547 835 869 893 sullicicuter
906 835 1157 899 irradiet;
1199 833 1352 901 cujus
1392 831 1614 886 dulcedo
1661 839 1879 900 pectora
1924 838 2101 884 vestra

547 925 882 979 abundanter
911 923 1133 979 reﬁciat.
1177 921 1302 975 [an
1327 928 1411 973 est
1436 931 1642 972 summa
1669 917 1907 970 omnium
1934 915 2098 968 bono-

550 1031 668 1068 rum
692 1030 707 1078 ;
736 1014 850 1068 hinc
875 1019 955 1066 est
979 1012 1176 1082 Optima
1205 1009 1496 1079 pars,“me
1517 1021 1785 1077 nunquam
1808 1004 2103 1065 auferetur,

549 1103 647 1159 sed
675 1102 844 1172 magis
871 1110 1030 1170 atque
1056 1099 1223 1169 magis
1251 1098 1305 1151 in
1331 1109 1548 1167 pectore
1577 1095 1822 1154 habentis
1843 1094 2102 1156 ardescit;

549 1194 616 1247 de
637 1205 740 1261 qua
759 1190 864 1244 duo
875 1189 1122 1246 dixerunt
1145 1186 1408 1256 discipuli,
1427 1182 1870 1255 cognita-Domini
1894 1181 2032 1236 facie
2052 1181 2108 1261 in

549 1279 807 1333 l'ractione
829 1277 981 1350 panis
1009 1295 1022 1328 :
1054 1275 1241 1329 Nonne
1277 1291 1370 1327 cor
1394 1284 1627 1328 nostrum
1671 1272 1857 1326 ardens
1902 1280 2012 1324 erat
2056 1256 2108 1324 in

553 1369 718 1431 nobis,
759 1367 881 1419 dum
911 1365 1207 1436 loqueretur
1237 1366 1293 1418 in
1323 1365 1427 1428 via,
1456 1373 1503 1416 et
1538 1363 1759 1432 aperiret
1784 1361 1928 1414 nobis
1967 1361 2111 1414 Scri-

543 1456 917 1526 pturas?(Luc.
945 1472 1090 1519 xxiv,
1119 1454 1230 1524 52.)
1268 1455 1369 1510 Vos
1396 1469 1515 1508 eam
1545 1454 1597 1507 in
1641 1452 1935 1522 Scripturis
1967 1466 2113 1519 quae—

556 1548 658 1601 rite
687 1547 888 1603 sanctis
910 1587 925 1611 ,
957 1546 1310 1601 intentissime
1350 1536 1650 1600 scrutantes
1675 1559 1788 1610 eas,
1817 1551 1876 1597 ut
1918 1558 2113 1614 cogno-

554 1639 715 1692 scatis
745 1637 1019 1690 Dominum
1049 1635 1197 1690 vobis
1225 1636 1524 1704 loquentem
1555 1636 1607 1695 in
1635 1635 1733 1690 eis.
2086 1675 2088 1678 τ

626 1725 762 1792 Quid
791 1725 996 1780 dulcius
1023 1734 1104 1780 est
1145 1740 1302 1793 quam
1333 1723 1429 1777 Dei
1457 1723 1835 1793 omnipotentis
1863 1720 1964 1774 frui
1989 1735 2114 1773 eon-

557 1813 915 1868 fabulationc?
960 1813 1082 1883 qrria
1129 1814 1218 1881 qui
1267 1813 1393 1883 legit
1420 1812 1809 1866 sacratissimos
1844 1825 2115 1864 sermones

520 1912 523 1913 '
556 1904 794 1966 Dorrrini,
832 1918 926 1973 per
952 1913 1164 1957 sanctos
1191 1919 1315 1957 suos
1351 1904 1506 1956 nobis
1536 1902 1789 1965 traditos,
1833 1901 1998 1956 Deum
2040 1900 2116 1954 lo-

556 2003 808 2062 quentem
835 1993 1051 2057 audiet;
1094 2001 1148 2046 et
1173 1993 1266 2062 qui
1291 2001 1428 2058 orat,
1475 1995 1582 2048 Deo
1618 1993 1872 2062 loquitur.
1914 1991 2006 2046 lla:
2031 2007 2116 2046 sa-

557 2088 875 2142 cratissima:
923 2087 1316 2141 vicissitudines
1342 2079 1483 2146 diem
1512 2096 1566 2140 et
1596 2095 1804 2140 noctem
1833 2085 2028 2140 ducant
2064 2086 2116 2140 in

555 2175 971 2246 jubilationem;
1007 2191 1106 2231 nec
1161 2175 1434 2236 saecularis
1489 2176 1768 2244 occupatio
1816 2173 2115 2244 spiritalem

558 2267 783 2322 subruat
824 2267 1244 2341 jrrcunditatern;
1285 2267 1410 2336 quia
1449 2268 1657 2320 vanitas
1686 2266 1974 2320 vanitaturn
2012 2275 2116 2331 est,

560 2354 716 2422 hujus
757 2355 934 2412 Sacculi
976 2355 1178 2411 deliciae
1222 2363 1278 2411 et
1321 2355 1440 2410 falsi
1484 2369 1722 2418 amores;
1773 2355 1896 2423 quia
1931 2369 2118 2408 omnes

559 2442 718 2509 hujus
761 2445 883 2501 vine
917 2445 1278 2514 jucunditates
1316 2443 1462 2499 velut
1490 2444 1677 2504 umbra
1722 2452 2034 2507 transeunt,
2064 2453 2147 2497 et'

561 2533 707 2585 velut
733 2539 919 2602 spuma
961 2549 1122 2603 super
1158 2548 1354 2602 aquam
1391 2531 1550 2587 facile
1585 2533 1926 2601 dissipantur.
1974 2533 2117 2595 ldeo,

563 2621 923 2677 dilectissime
946 2632 1002 2677 et
1026 2623 1370 2678 nobilissimae
1394 2623 1649 2693 virgines,
1681 2623 1888 2684 animas
1915 2631 2123 2675 vestras

563 2711 791 2765 inomni
829 2713 1122 2788 sanctitate.“
1152 2719 1208 2764 et
1250 2709 1506 2781 religione
1555 2709 1904 2777 lectionisque
1947 2707 2123 2762 studio

563 2812 810 2857 exercete
829 2843 844 2868 ,
875 2811 937 2857 ut
973 2785 1205 2870 Spiritus
1240 2810 1458 2856 sanctus
1485 2801 1550 2855 de
1577 2800 1713 2856 crelo
1743 2808 1931 2854 vestra:
1958 2801 2120 2854 devo-

507 2961 510 2963 Α
566 2893 727 2946 tionis
763 2891 923 2946 corda
961 2890 1152 2961 srepius
1203 2891 1420 2945 visitare
1460 2891 1733 2960 dignetur,
1767 2891 1854 2958 qui
1897 2897 2122 2960 pectora

571 2982 871 3037 inhabitare
906 2982 1234 3052 dignoscitur
1262 2982 1525 3035 charitate
1562 2979 1717 3050 plena
1737 3020 1751 3044 ,
1783 2988 1837 3033 et
1863 2980 1915 3033 in
1942 2967 2124 3033 sancta

569 3068 828 3144 sapientia
851 3073 1078 3128 sollicita
1107 3081 1284 3126 mente
1314 3072 1587 3126 sudantes.

852 3122 1078 3128 ---η---η
1107 3122 1280 3126 ___--_-_
1315 3122 1565 3126 ηψπ----

642 3164 768 3219 Haec
797 3164 1008 3217 interim
1048 3170 1247 3216 sanet-.e
1289 3162 1594 3215 dilectionis
1620 3159 1824 3213 calamo
1851 3157 2129 3228 przelibare
2153 3122 2202 3184 Β

571 3255 774 3312 curavi.
804 3254 1065 3308 Caeterum
1091 3253 1135 3307 si
1158 3259 1392 3321 paterna:
1415 3250 1702 3304 voluntatis
1725 3249 1966 3304 effecnnu
1996 3249 2132 3304 scire

573 3362 758 3402 curam
790 3345 1014 3410 habetis,
1036 3345 1225 3399 scitote
1246 3344 1482 3414 quotidie
1507 3343 1842 3397 inﬁrmitates
1866 3357 2132 3405 crescere,

573 3445 631 3489 et
653 3435 814 3488 variis
853 3448 1047 3502 corpus
1093 3431 1368 3486 debilitare
1419 3429 1710 3491 doloribus,
1756 3425 1823 3481 et'
1852 3427 2131 3480 Dominum

576 3523 875 3594 pulsantem
905 3521 1128 3590 januas,
1171 3521 1214 3575 si
1263 3519 1564 3589 vigilantem
1613 3517 1842 3571 inveniat
1880 3516 2134 3569 famulum

575 3625 762 3674 suum;
812 3609 1124 3679 vigiliasqrre
1166 3607 1358 3663 vestris
1407 3603 1617 3673 adjutus
1665 3604 2140 3685 intercessionibus

578 3702 844 3758 custodire
889 3711 1120 3764 sanctas,
1161 3712 1226 3752 ne
1271 3713 1356 3752 me
1395 3698 1447 3751 in
1489 3697 1665 3752 saeculi
1705 3695 2139 3766 occupationibus

579 3795 931 3848 dormientem
961 3792 1210 3854 inveniat,
1242 3789 1329 3860 qui
1357 3789 1612 3859 apostolis
1638 3789 1748 3844 suis
1776 3788 2029 3858 prmcepit
2054 3787 2136 3842 di-

583 3897 710 3938 cens
741 3900 753 3935 :
795 3879 1010 3949 Vigilate
1048 3890 1095 3932 et
1138 3890 1305 3943 orate,
1350 3895 1412 3933 ne
1446 3880 1644 3932 intretis
1692 3878 2138 3940 intentationem;

581 3974 796 4042 spiritus
824 3971 1028 4041 quidem
1061 3979 1330 4044 promptus
1369 3977 1466 4033 est,
1508 3984 1629 4021 caro
1662 3965 1802 4038 [51s,
1831 3965 1939 4038 cor]
1971 3977 2139 4019 autent

584 4063 795 4131 inﬁrma
830 4059 1044 4132 (Matth.
1091 4074 1237 4121 xxvi,
1271 4056 1382 4128 ιι).
1433 4057 1676 4112 Vestram
1718 4056 2054 4110 sanctitatem
2088 4055 2139 4109 in

587 4153 832 4207 omnibus
861 4150 1010 4206 bonis
1051 4148 1242 4204 ﬂorere
1261 4191 1276 4215 ,
1311 4157 1365 4204 et
1391 4149 1454 4203 ad
1483 4156 1793 4219 perpetuam
1821 4148 1964 4202 Deus
1988 4147 2142 4203 Jesus

588 4241 846 4314 proﬁcere
875 4241 1037 4294 faciat
1067 4238 1370 4294 felicitatem
1390 4280 1403 4305 ,
1442 4255 1596 4293 soror
1619 4240 1670 4292 in
1697 4238 1910 4292 Christo
1941 4239 2141 4293 charis-

585 4331 725 4388 sima
747 4331 761 4384 ι

1079 4409 1105 4437 ι
1143 4394 1469 4450 EPISTOLA
1504 4395 1658 4449 CXL.

1024 4484 1091 4520 ΔΙ)
1127 4482 1363 4522 εοιιοιιειι
1404 4480 1470 4519 ΕΤ
1509 4482 1711 4519 FILIAI.

599 4561 792 4618 Suadet
813 4561 865 4630 in
882 4563 1136 4630 prosperis
1163 4571 1208 4613 et
1233 4561 1459 4614 adversis
1481 4577 1684 4613 servare
1711 4549 2146 4630 irqitanimimtem

665 4628 892 4700 exemplo
914 4628 1228 4700 sanctorum,
1258 4647 1474 4698 quorum
1499 4631 1626 4683 vitas
1650 4628 1758 4682 vult
1772 4628 1874 4683 reas
1901 4629 2064 4698 legere
2087 4646 2150 4683 ex

669 4699 900 4770 Dialogis
921 4700 1083 4753 sancti
1107 4699 1339 4769 Gregorii
1363 4716 1530 4768 papw.

670 4792 725 4843 ln
753 4790 966 4843 Christo
992 4790 1318 4845 cbarissimis
1342 4791 1584 4858 personis
1616 4789 1785 4844 sorori
1818 4799 1871 4844 et
1892 4789 2012 4844 ﬁlize
2040 4791 2152 4860 pie-

605 4898 687 4938 tas
714 4892 931 4952 paterna
958 4881 1199 4936 salutem.

673 4973 884 5027 Gratias
923 4972 1127 5041 agimus
1166 4971 1356 5024 divinae
1387 4969 1681 5024 clementia:
1727 4969 1792 5022 de
1821 4977 1996 5022 vestra
2036 4982 2158 5034 pro-

609 5064 858 5130 speritate
883 5070 939 5114 et
965 5061 1134 5113 salute
1153 5101 1164 5121 ,
1203 5068 1257 5113 et
1284 5061 1347 5114 de
1376 5061 1620 5113 omnibus
1646 5059 1796 5112 bonis
1820 5098 1833 5120 ,
1875 5073 1990 5125 qua:
2020 5057 2162 5109 illius

612 5149 888 5202 inrll'abilis
928 5148 1284 5202 mhericordia
1333 5147 1482 5201 vobis
1529 5146 1873 5213 condonavit;
1912 5145 2072 5197 etiam
2110 5152 2166 5196 et

615 5243 752 5296 illius
800 5243 1044 5293 cortinua
1093 5241 1360 5293 voluntate
1412 5240 1683 5292 laudamus
1733 5238 2020 5306 pietatem,
2073 5237 2162 5304 qui

618 5332 767 5383 nobis
795 5330 915 5382 licet
946 5330 1171 5397 indignis
1201 5340 1304 5382 tam
1338 5327 1490 5381 fidele
1523 5328 1771 5382 solatium
1791 5367 1803 5390 ,
1840 5333 1892 5379 ct
1921 5335 2026 5378 tam
2054 5325 2158 5377 dul-

617 5435 731 5471 cem
761 5420 1072 5472 charitatenr
1110 5420 1158 5468 in
1201 5429 1374 5472 vestra
1404 5417 1682 5471 dilectione
1737 5415 1998 5469 contulit:
2033 5414 2169 5467 unde

618 5521 669 5561 et
697 5509 1048 5562 necessarium
1076 5516 1156 5561 est
1180 5509 1422 5562 omnibus
1449 5507 1497 5560 in
1528 5507 1740 5561 Christo
1764 5509 1850 5578 pie
1875 5508 2170 5561 viventibus

621 5599 762 5653 illius
790 5598 1266 5666 srrpcreminentem
1296 5598 1512 5651 laudare
1539 5597 1784 5666 gratiam,
1817 5613 1918 5666 qua
1945 5598 2172 5649 Innnano

759 5731 980 5784 Froben.
1009 5731 1160 5798 epist.
1199 5728 1295 5782 l90

2203 842 2301 882 nec
2327 827 2736 880 adversitatibus
2768 825 2944 880 steculi
2966 864 2982 890 ,
3010 825 3094 880 vel
3131 825 3530 882 inﬁdelitatibus
3573 827 3757 884 mundi

2201 927 2502 973 amatorum
2529 916 2702 987 frangi
2731 917 2888 972 debet
2907 955 2924 980 ,
2961 930 3061 970 nec
3084 915 3354 970 tristitiam
3379 915 3604 980 habere,
3635 917 3761 973 licet

2206 1010 2360 1064 nobis
2386 1009 2549 1063 multa
2577 1009 2825 1063 eveniant
2852 1011 3094 1062 adversa.
3125 1007 3214 1062 Sic
3240 997 3322 1063 est
3355 1007 3512 1076 hujus
3529 1025 3764 1078 praesen-

2207 1100 2276 1155 tis
2295 1101 2417 1154 vitze
2443 1099 2695 1164 varietas,
2725 1107 2784 1152 ut
2806 1112 3058 1167 prospera
3082 1112 3293 1169 seraper
3317 1099 3653 1154 misceantur
3670 1101 3765 1157 ad-

2207 1193 2397 1256 versis,
2427 1192 2566 1245 sicut
2587 1190 2700 1244 dies
2723 1199 2878 1264 nocte
2899 1197 3164 1256 mutatur;
3193 1189 3333 1245 sicut
3355 1192 3556 1247 sanitas
3577 1207 3768 1263 oorpo-

2211 1283 2286 1337 ris
2316 1281 2518 1336 morbis
2553 1271 3049 1351 superveriientibus
3084 1279 3340 1345 adicitur;
3379 1281 3517 1337 sicut
3549 1281 3646 1338 llos
3680 1281 3769 1350 ju-

2208 1371 2441 1424 ventutis
2498 1376 2770 1424 senectute
2821 1370 3228 1438 superveniente
3266 1372 3578 1438 marcescit;
3632 1373 3771 1428 sicut

2210 1463 2412 1533 aestatis
2440 1456 2797 1530 tranquillitas
2825 1460 3190 1515 hibernalibus
3214 1462 3464 1516 atteritur
3487 1471 3771 1532 tempesta-

2211 1552 2372 1605 tibus.
2409 1552 2478 1604 At
2519 1549 2653 1603 nihil
2697 1551 2884 1603 horum
2929 1549 3230 1618 religiosam
3271 1560 3501 1606 mentem
3549 1551 3775 1628 fatigare

2211 1639 2389 1704 debet,
2413 1640 2507 1694 sed
2532 1653 2742 1708 semper
2767 1637 2943 1693 stabili
2982 1647 3166 1694 tenore
3188 1649 3365 1696 erecta
3393 1656 3486 1710 spe
3513 1642 3579 1702 ad
3599 1641 3773 1704 Deum

2216 1730 2368 1785 lirrua
2398 1728 2663 1784 soliditate
2692 1728 2979 1783 immobilis
3001 1743 3336 1798 permanere.
3372 1731 3522 1787 Unde
3547 1742 3602 1787 et
3623 1734 3777 1790 testi-

2147 1795 2187 1853 Β
2217 1803 2463 1874 ticatione
2499 1819 2664 1888 ipsius
2689 1818 2941 1873 Veritatis
2981 1795 3212 1874 Joannes
3238 1819 3472 1890 Baptista
3504 1822 3774 1889 laudatur,

2215 1911 2356 1983 quod
2403 1925 2509 1964 non
2537 1917 2680 1964 esset
2721 1909 2923 1963 arundo
2951 1918 3095 1985 vetito
3131 1911 3328 1978 agitata
3354 1910 3503 1980 (Luc.
3536 1928 3631 1975 vn,
3658 1910 3798 1983 24),-

2216 2001 2268 2055 id
2294 2009 2399 2064 est,
2440 2014 2539 2053 nec
2569 1998 2982 2053 adversitatibus
3004 1998 3206 2064 sreculi,
3231 2015 3335 2054 nec
3366 2002 3780 2069 reprehensione

2215 2088 2505 2152 invidiosa;
2534 2087 2617 2143 vel
2643 2088 2806 2147 etiam
2834 2086 3136 2141 adulatione
3165 2086 3408 2150 subdola,
3449 2090 3532 2142 vel
3563 2105 3780 2158 prospe-

2218 2179 2375 2233 ritate
2403 2177 2673 2231 arridente
2698 2191 2730 2229 a
2759 2175 3065 2230 stabilitatis
3093 2176 3409 2230 rectitudine
3432 2186 3663 2231 mentem
3687 2179 3781 2234 de-

2218 2268 2418 2322 clinare
2438 2265 2604 2319 voluit
2631 2263 2780 2336 μη,
2796 2263 3004 2335 valuit];
3022 2264 3113 2318 sed
3137 2277 3346 2334 semper
3365 2265 3554 2333 a-quali
3583 2269 3788 2322 ruentis

2217 2357 2482 2412 soliditate
2505 2370 2622 2426 quae
2651 2355 2874 2410 adversa
2899 2353 3140 2422 pertulit,
3164 2353 3246 2408 vel
3274 2353 3394 2408 lzeta
3429 2356 3779 2423 temperavit;

2218 2447 2370 2517 cujus
2396 2447 2640 2516 exemplo
2681 2456 2873 2501 vestrae
2899 2447 3140 2500 tinuetur
3181 2447 3232 2499 in
3261 2446 3388 2509 Deo,
3421 2447 3788 2509 dilectissimus

2220 2556 2478 2610 personae,
2509 2538 2824 2593 exercitatio
2863 2538 3076 2590 mentis.
3123 2536 3416 2592 Proﬁciunt
3460 2539 3603 2591 enim
3641 2551 3791 2608 saepe

2222 2630 2562 2690 tentationes,
2585 2636 2644 2682 ut
2666 2627 2884 2696 probata
2901 2627 3158 2696 patientia
3181 2626 3232 2680 in
3257 2628 3556 2683 mercedem
3575 2637 3796 2683 alterna:

2225 2718 2592 2791 retributionis
2618 2725 2844 2784 crescat,

2293 2808 2445 2863 Sicut
2493 2821 2683 2864 aurum
2727 2805 2848 2875 igne
2880 2806 3135 2874 probatur
3157 2845 3172 2869 ,
3232 2805 3305 2858 ita
3352 2804 3791 2864 tribulationibus

2225 2914 2376 2954 ruens
2400 2897 2701 2952 Christiana
2723 2896 3075 2959 examinatur,
3099 2895 3308 2950 dicente
3320 2894 3628 2964 Scriptura:
3654 2894 3795 2960 Fili,

2227 2988 2474 3043 accedens
2503 2987 2571 3040 ad
2591 2986 2884 3041 servitutem
2901 2985 3019 3051 Dei,
3045 3000 3282 3056 praepara
3309 2985 3542 3038 animum
3558 2995 3708 3038 tuttur
3724 2988 3794 3042 ad

2231 3078 2564 3156 mutationem
2584 3075 2773 3147 (Eccli.
2803 3093 2866 3140 ιι,
2894 3076 2971 3147 .l),
2999 3090 3103 3130 non
3132 3076 3198 3129 ad
3227 3074 3589 3130 securitatem.
3621 3073 3794 3129 Robur

2240 3173 2354 3220 rate
2383 3165 2734 3234 vosmetipsos
2778 3165 3037 3232 exemplis
3079 3173 3406 3227 sanctorum,
3442 3164 3678 3233 legentes
3701 3177 3790 3232 pet

2239 3256 2384 3317 vices
2411 3255 2620 3309 illorum
2646 3256 2768 3308 vita:
2797 3253 3103 3308 dulcissima
3123 3252 3386 3321 exempla,
3411 3261 3467 3306 et
3491 3262 3799 3308 sanctorum

2241 3347 2524 3406 verborum
2570 3345 2902 3401 hortamenta
2952 3343 3290 3406 necessaria;
3345 3343 3414 3397 sit
3453 3341 3662 3397 illorum
3689 3343 3800 3397 vita

2245 3436 2393 3489 vobis
2421 3434 2472 3490 in
2504 3432 2795 3503 speculum.
2823 3432 2954 3489 Nam
2985 3434 3138 3486 lessa:
3162 3427 3358 3487 mentis
3386 3448 3609 3486 acumen
3639 3431 3798 3486 levio-
3847 3444 3851 3446 ‘

2247 3525 2320 3579 ris
2361 3523 2606 3578 lectionis
2635 3523 2965 3591 interpositio
3003 3538 3142 3591 sarpe
3173 3523 3362 3577 reiicit.
3392 3522 3514 3575 Ideo
3541 3521 3802 3576 d'tﬂicilior

2246 3613 2296 3666 in
2344 3610 2634 3682 apostolica
2683 3610 3001 3664 auctoritate
3041 3624 3236 3665 sensus
3274 3623 3368 3662 vos
3412 3608 3596 3677 procul
3644 3609 3805 3663 dubio

2243 3704 2436 3773 smpius
2465 3702 2688 3773 fatigare
2714 3702 2907 3766 habet;
2939 3701 3030 3754 sed
3061 3708 3236 3753 tenete
3261 3715 3402 3752 nunc
3430 3702 3480 3752 in
3512 3715 3702 3754 rnanrrs
3724 3700 3804 3753 vel

2245 3797 2393 3850 Vitas
2415 3793 2670 3853 Patrum,
2700 3791 2781 3845 vel
2806 3790 3060 3846 miracula
3095 3799 3440 3853 sanctorum,
3483 3775 3709 3859 quorum
3754 3791 3804 3843 in

2246 3885 2466 3953 dialogis
2506 3881 2649 3936 beati
2678 3880 2938 3949 Gregorii,
2971 3880 3203 3934 doctoris
3231 3880 3424 3945 nostri,
3470 3880 3632 3934 multa
3659 3881 3805 3934 inve-

2245 3975 2464 4028 niuntur
2492 3969 2816 4024 lucidissima
2844 3978 3061 4023 exarata
3095 3969 3416 4039 eloquentia,
3445 3979 3500 4024 et
3525 3971 3808 4026 sententiis

2245 4073 2443 4120 sancta:
2473 4062 2763 4132 Scriptura:
2788 4077 2997 4132 semper
3032 4061 3360 4116 confirmata.
3411 4061 3534 4116 "ch
3571 4069 3626 4116 et
3668 4063 3809 4116 inter

2246 4171 2341 4210 vos
2358 4153 2619 4219 conferre,
2650 4161 2703 4206 ct
2729 4153 2781 4206 in
2814 4153 3070 4206 conviviis
3107 4152 3228 4206 aliis
3256 4152 3413 4205 edere
3435 4149 3546 4216 jam
3576 4153 3654 4205 sic
3682 4167 3808 4205 con-

2247 4244 2578 4312 suetudinem
2605 4241 3092 4310 iacipietishabere,
3113 4241 3262 4294 valde
3279 4241 3429 4293 vobis
3441 4256 3558 4294 esse
3572 4239 3806 4308 jucunda

2183 4362 2189 4367 -
2246 4327 2639 4388 arbitrantium.
2693 4330 2841 4384 Sicut
2891 4330 3198 4384 diversitate
3243 4331 3483 4383 ciborum
3539 4330 3809 4386 fastidium

2173 4457 2221 4513 ο
2247 4425 2586 4479 mandrrcanti
2615 4421 2830 4485 tollitur,
2865 4421 2939 4475 ita
2962 4421 3220 4475 varietate
3251 4421 3491 4476 lectionis
3516 4437 3665 4481 mens
3691 4423 3810 4477 reii—

2245 4518 2384 4570 citrrr
2403 4515 2628 4582 legentis
2657 4529 2674 4566 :
2713 4527 2939 4583 quorum
2963 4514 3198 4566 omnium
3225 4523 3403 4568 vestra
3433 4514 3670 4566 Charitas
3688 4528 3813 4566 eorr-

2247 4604 2478 4660 siderata
2506 4601 2837 4672 providentia
2895 4602 3090 4661 videat,
3146 4602 3271 4668 quid
3309 4602 3393 4654 cui
3447 4598 3674 4669 tempori
3731 4593 3815 4653 vel

2249 4711 2350 4764 qua
2389 4710 2615 4764 persona
2644 4695 2962 4758 conveniat,
3021 4703 3079 4746 ut
3116 4693 3327 4760 plurimi
3373 4692 3561 4745 vestris
3596 4692 3814 4761 optimis

2249 4785 2701 4839 admonitionibus
2737 4783 2804 4836 ad
2840 4781 3063 4836 salrrtem
3103 4781 3397 4834 animarum
3436 4797 3653 4835 suarum
3687 4797 3814 4853 pro-

2255 4873 2454 4930 liciant.

2325 4974 2457 5041 Haec
2473 4973 2660 5040 scripsi
2693 4980 2913 5043 paterna
2933 4971 3311 5035 admonitione,
3333 4970 3618 5023 utdilectio
3641 4980 3818 5023 vestra

2261 5063 2312 5115 in
2342 5065 2479 5130 hanc
2507 5063 2746 5116 chartam
2785 5076 2956 5115 meam
3008 5061 3198 5129 szepius
3227 5061 3416 5113 habent
3458 5059 3815 5126 praesentiam,

2261 5152 2397 5206 sicut
2445 5151 2682 5204 Charitas
2733 5160 2906 5204 vestra
2954 5159 3147 5204 nostra:
3194 5149 3357 5203 menti
3400 5149 3626 5202 firmiter
3658 5149 3819 5204 inﬁxa

2266 5242 2515 5295 manebit.
2550 5242 2731 5294 Videte
2756 5257 2914 5308 quam
2941 5241 3152 5309 planum
3175 5247 3258 5294 est
3297 5239 3590 5308 intelligere
3612 5240 3664 5293 in
3690 5241 3818 5294 cha~
3862 5253 3866 5256 ·

2268 5333 2423 5384 ritate
2447 5339 2647 5391 mutua,
2677 5329 2814 5398 quod
2854 5330 2904 5382 in
2934 5329 3215 5403 Evangelia
3232 5329 3346 5396 ipse
3374 5328 3629 5384 Dominus
3649 5330 3782 5386 dixit
3807 5346 3822 5383 :

2271 5420 2311 5472 L7
2321 5421 2368 5471 bi
2398 5427 2513 5471 sunt
2546 5417 2647 5469 duo
2674 5417 2746 5470 vel
2777 5427 2879 5471 tres
2910 5417 3202 5487 congregati
3228 5417 3282 5470 in
3329 5423 3530 5471 nomine
3563 5434 3674 5471 meo
3701 5457 3716 5481 ,
3755 5417 3824 5470 ibi

2271 5526 2382 5561 sunt
2418 5509 2472 5560 in
2510 5507 2676 5580 medio
2703 5525 2879 5562 eorum
2916 5506 3122 5577 (Matth.
3160 5522 3313 5570 xvrn,
3336 5507 3446 5578 20).
3477 5507 3589 5560 Νοιι
3621 5514 3823 5560 tantum

2277 5601 2372 5653 hoc
2424 5599 2490 5652 dc
2533 5596 2810 5666 praesentia
2849 5595 3106 5663 corporali
3147 5594 3340 5649 dictum
3394 5604 3676 5666 putemus,
3731 5592 3825 5648 sed
