4258 6232
429 355 529 410 $85

429 559 552 613 simi
575 552 894 624 presbyteri,
955 559 1010 602 ut
1041 547 1281 601 habeatis
1303 542 1525 613 singulis
1549 540 1756 601 diebus,
1782 535 1975 604 quibus

432 623 618 700 nti-eccs
667 643 778 696 Deo
839 640 1067 708 dirigere
1127 633 1346 688 cuilibet
1393 629 1632 699 placeat;
1661 624 1873 695 quando
1919 623 1972 675 in

433 709 686 788 honorem
733 733 931 783 sancte
987 722 1294 784 Trinitatis;
1344 718 1555 789 quando
1589 716 1656 770 de
1696 727 1879 766 amore
1898 725 1981 765 sa-

434 819 675 891 pientiae;
723 813 1021 885 quandode
1065 808 1391 881 pmoitenti:
1429 805 1716 876 lacrymis;
1768 802 1981 873 quando

433 909 502 965 de
528 906 788 962 cbaritate
836 901 1089 974 perfecta,
1120 900 1203 954 vel
1227 898 1438 968 quando
1457 896 1525 950 ad
1545 893 1795 963 suffragia
1822 907 1984 960 ange-

439 999 537 1052 lica
561 993 894 1068 posutlaiida,
925 991 1007 1046 vel
1045 991 1281 1044 omnium
1312 995 1617 1042 sanctorum
1646 984 1868 1039 cuilibet
1891 997 1982 1053 pn-

437 1087 638 1141 stalare
666 1084 872 1154 placet;
922 1080 1007 1136 vel
1033 1079 1194 1134 etiam
1232 1078 1276 1132 si
1303 1077 1423 1147 quis
1441 1089 1540 1145 pro
1576 1074 1810 1144 peccatis
1835 1071 1979 1133 suis;

439 1179 520 1233 vel
553 1191 650 1247 pro
673 1175 910 1246 quolibet
941 1173 1112 1227 amico
1137 1173 1374 1235 vivente;
1404 1179 1458 1224 et
1479 1169 1642 1224 etiam
1679 1183 1777 1237 pro
1799 1164 1984 1220 amicis

441 1267 707 1336 plurimis;
748 1263 831 1318 vel
857 1264 1021 1318 etiam
1067 1262 1322 1316 fratribus
1361 1260 1427 1314 de
1461 1261 1560 1314 hoc
1603 1257 1796 1312 mulo
1837 1272 1984 1310 rece-

442 1357 690 1412 dentibus
715 1353 892 1408 facere
914 1351 1040 1406 velit
1079 1351 1378 1412 orationes;
1405 1349 1486 1402 vel
1506 1350 1718 1416 quando
1743 1345 1985 1414 speciali-

443 1455 528 1500 ter
560 1447 729 1500 beat:e
785 1441 965 1496 Maria
1010 1438 1280 1510 genitricis
1313 1439 1404 1492 Dei
1455 1437 1672 1504 virginis
1718 1444 1986 1504 perpetua:

443 1533 714 1604 deprecari
737 1530 863 1585 velit
888 1528 1328 1591 intercessiones;
1377 1525 1457 1579 vel
1479 1527 1642 1578 etiam
1664 1523 1986 1578 sanctissimi

445 1621 617 1675 Patris
653 1619 812 1674 vestri
839 1615 1090 1672 Bonifacii
1111 1615 1325 1670 cantare
1352 1616 1472 1683 quis
1496 1615 1638 1676 velit,
1678 1622 1733 1667 et
1755 1626 1988 1682 presen-

447 1711 573 1763 tiam
602 1709 742 1763 illius
763 1708 1057 1777 piissimam
1083 1705 1340 1759 advocare
1371 1704 1636 1773 precibus.
1665 1703 1787 1756 Haec
1810 1702 1988 1756 omnia

1798 329 2173 388 EPISTOLE.

665 479 690 506 ι
744 460 1040 518 chartulam
1101 457 1364 512 Missalem
1433 452 1618 513 vobis,
1655 418 1698 502 Io
1750 447 1972 500 sanctis-
2003 443 2170 502 Axn,
2197 435 2292 503 5);
2341 444 2465 487 tunc
2495 448 2619 487 vera
2667 430 2978 502 probabitur
3022 429 3288 491 amicitia,
3340 427 3464 480 dum
3505 425 3636 480 falsa

3525 319 3628 374 588

2074 525 2306 582 cessabit
2342 520 2592 577 adulatio.
2642 521 2787 575 Hulti
2833 521 3146 590 promittunt
3181 519 3514 582 societatem,
3543 523 3637 573 sed

2076 614 2227 684 pauci
2267 613 2588 668 custodiunt.
2643 610 2749 664 Nec
2787 611 3021 673 minim;
3074 608 3197 676 quia
3230 607 3381 660 multi
3407 617 3528 660 sunt
3553 621 3640 660 ro—

2075 705 2200 766 cati,
2241 703 2395 773 pauci
2433 718 2548 754 vero
2593 700 2736 753 electi
2767 699 2980 771 (Matth.
3012 713 3105 761 xx,
3135 696 3243 768 i8).
3290 697 3394 750 Sed
3421 695 3550 763 quid
3573 695 3640 748 ad

2079 792 2235 847 htec?
2298 790 2496 861 iungat
2519 806 2577 844 se
2599 791 2759 844 homo
2796 789 2920 850 Deo,
2977 796 3032 842 et
3069 787 3286 842 habebit
3308 795 3501 841 cuncta
3527 799 3645 854 qua

2079 881 2379 936 necessaria
2406 886 2546 933 sunt.
2574 876 2801 942 Quaerite
2824 879 3046 946 primum
3069 891 3278 945 regnant
3308 874 3404 928 Dei
3423 883 3470 927 et
3493 872 3646 941 iusti-

2080 974 2206 1024 tiam
2229 971 2362 1040 ejus,
2393 979 2439 1021 et
2470 968 2643 1020 omnia
2680 967 2994 1035 adjiciantur
3013 964 3151 1018 nobis
3175 963 3385 1033 (lauit.
3415 977 3492 1025 vt,
3525 958 3642 1028 33).

2081 1060 2298 1114 Dolores
2323 1068 2378 1110 et
2420 1054 2788 1109 tribulationes
2823 1052 2980 1121 hujus
3004 1053 3127 1105 vita:
3163 1065 3260 1105 nos
3287 1050 3521 1120 quotidie
3549 1048 3644 1103 ad-

2083 1159 2299 1208 monent
2327 1150 2436 1204 Deo
2472 1148 2646 1218 jungi,
2679 1156 2887 1200 terrena
2925 1145 3125 1214 fugere,
3174 1145 3410 1198 ctelestia
3435 1155 3639 1197 amare.

2086 1240 2189 1294 Sed
2219 1239 2490 1307 heu,proh
2513 1238 2698 1291 dolor!
2734 1237 2816 1289 his
2837 1244 3085 1305 optamu.
3115 1234 3344 1288 miseriis
3369 1232 3458 1285 diu
3481 1231 3647 1284 inter-

2085 1344 2224 1391 esse,
2251 1336 2306 1381 et
2333 1328 2508 1393 minus
2543 1333 2852 1394 perpetuam
2891 1323 3179 1392 quaerimus
3233 1321 3470 1389 requiem
3498 1335 3514 1385 ;
3557 1333 3654 1373 uo-

2087 1421 2213 1473 stris
2236 1419 2502 1472 inbiamus
2525 1413 2922 1484 cupiditatibus,
2953 1413 3127 1468 minus
3150 1412 3241 1465 Dei
3271 1411 3552 1480 preceptis
3573 1410 3653 1463 iu-

2087 1515 2372 1573 basrentes,
2403 1509 2494 1577 qui
2523 1517 2742 1578 paterna
2773 1507 2968 1570 pietate
2995 1521 3094 1558 nos
3119 1505 3364 1573 castigat,
3394 1511 3453 1555 ut
3475 1500 3654 1553 animo

2090 1603 2202 1656 haec
2233 1598 2540 1667 temporalia
2568 1594 2832 1666 fugiamus
2854 1634 2868 1655 ,
2919 1603 2975 1648 et
3007 1595 3073 1647 ad
3096 1601 3294 1646 eterna
3321 1590 3654 1651 fe..tinemus,

2091 1689 2180 1742 ubi
2227 1702 2352 1741 vera
2390 1694 2472 1740 est
2515 1683 2802 1738 beatitudo.
2852 1683 2921 1737 Ut
2948 1685 3012 1735 ad
3057 1683 3194 1735 hanc
3221 1680 3502 1750 pervenire
3539 1693 3654 1732 tne-

446 1799 724 1853 eharitatis
765 1769 961 1851 intuitu
983 1796 1133 1850 vobis
1155 1769 1387 1862 dirigere
1429 1793 1750 1854 curavimus,
1803 1792 1989 1859 depre-

2032 1773 2064 1827 Β
2093 1793 2235 1839 rear,
2285 1775 2394 1830 Deo
2440 1775 2726 1828 miserante
2750 1813 2764 1837 ,
2817 1781 2904 1825 tua
2937 1788 3021 1826 me
3051 1772 3308 1826 sanctitas
3352 1769 3657 1824 orationum

448 1896 635 1942 cautes
683 1885 1034 1940 humilitatem
1099 1891 1349 1944 vestram,
1413 1881 1638 1951 benigne
1701 1879 1988 1948 suscipere,

449 1976 591 2045 quod
631 1975 936 2045 plenissima
963 1972 1221 2027 charitate
1274 1970 1425 2024 vobis
1460 1971 1759 2038 dirigimus.
1813 1968 1993 2022 Faciat

451 2064 702 2133 quislibet
736 2063 801 2118 de
825 2063 922 2124 eis,
977 2060 1326 2128 quodcunque
1373 2059 1598 2126 placeat,
1625 2067 1678 2111 et
1710 2073 1774 2111 ne
1807 2073 1891 2111 me
1913 2071 1996 2109 re-

453 2153 742 2222 prehendat
772 2152 823 2204 in
871 2150 1147 2205 charitatis
1181 2147 1369 2202 ollicio.
1424 2147 1795 2215 Unusquisque
1852 2147 1995 2201 enim

458 2247 508 2295 in
534 2257 631 2296 suo
672 2256 830 2296 sensu
859 2241 1110 2303 abundet,
1137 2246 1192 2291 et
1227 2252 1437 2306 semper
1466 2237 1626 2291 faciat
1657 2238 1763 2290 Deo
1785 2236 1994 2304 placita,

457 2342 509 2384 et
557 2331 802 2384 omnibus
837 2330 1055 2390 sanctis,
1081 2336 1341 2397 quatenus
1363 2342 1484 2380 cum
1509 2327 1610 2380 illis
1631 2335 1881 2394 perpetua
1917 2325 1996 2377 vi-

459 2406 604 2472 sione
651 2417 858 2472 Domini
898 2419 1064 2472 nostri
1102 2417 1227 2471 Jesu
1277 2415 1470 2470 Christi
1525 2415 1627 2466 frui
1663 2414 1803 2482 digni
1857 2415 1999 2466 inve-

461 2512 689 2563 niantur.

530 2599 628 2653 Mei
655 2613 942 2652 memorem
963 2607 1200 2651 sanctam
1224 2596 1600 2650 beatitudinem
1635 2604 1863 2648 vestram
1902 2595 1999 2646 Do-

461 2691 635 2742 minus
683 2690 821 2743 Deus
859 2690 911 2740 in
951 2687 1094 2740 omni
1137 2686 1487 2756 postulatione
1517 2693 1699 2738 sancta
1730 2684 2000 2744 exaudiat,

463 2789 514 2831 et
537 2787 848 2848 prmeeutem
876 2776 1205 2838 felicitatem,
1251 2774 1588 2843 futuramque
1620 2773 1999 2827 beatitudinem

468 2868 614 2921 vobis
656 2866 957 2920 contionum
1003 2866 1268 2934 dignetur,
1302 2864 1632 2919 dilectissimi
1660 2861 1871 2916 fratres.
1914 2863 2006 2915 Dc-

467 2971 652 3023 precor
678 2965 736 3008 ut
765 2956 914 3008 nobis
943 2969 1032 3024 per
1075 2953 1278 3007 litteras
1309 2953 1650 3008 beatitudinis
1676 2962 1866 3005 vestra:
1913 2968 2008 3004 no-

384 3098 388 3102 .
469 3056 578 3099 tum
619 3045 842 3107 faciatis,
882 3045 926 3098 si
977 3046 1057 3097 ha:
1095 3044 1160 3096 ad
1191 3058 1284 3096 vos
1318 3043 1658 3109 pervenerint
1691 3041 1896 3101 littere,
1953 3048 2008 3092 et

467 3137 590 3205 quid
618 3135 808 3190 exinde
833 3144 1021 3188 vestra:
1072 3135 1276 3203 placeat
1308 3133 1620 3202 prudentia.
1651 3130 1805 3197 Quod
1833 3138 2023 3182 meum'

470 3238 548 3282 est
573 3227 694 3290 feci,
718 3226 992 3280 charitatis
1021 3226 1244 3294 iutplens
1274 3223 1502 3282 cilicium
1554 3225 1607 3276 in
1634 3237 1813 3276 amore
1840 3230 1893 3274 et
1920 3221 2014 3274 ho-

472 3333 598 3372 nore
618 3317 824 3372 Domini
843 3317 1010 3370 nostri
1033 3315 1156 3368 Jesu
1189 3315 1407 3391 Christi.

821 3425 978 3496 153
1012 3426 1038 3465 b
1077 3421 1399 3478 EPISTOLA
1445 3425 1660 3478 cxutt.

1061 3533 1124 3569 AD
1164 3531 1423 3569 ARXONBM.

1067 3604 1237 3671 (Anno
1270 3603 1414 3671 set.)

480 3694 653 3758 Illum,
682 3705 732 3747 ut
761 3695 827 3748 ad
866 3692 924 3748 S.
976 3693 1256 3746 Martinam
1287 3695 1469 3752 veniat,
1511 3694 1725 3744 invitat:
1768 3692 2018 3744 adcele-

764 3766 860 3816 stt'a
883 3766 1096 3831 aspirat,
1123 3777 1167 3814 et
1193 3780 1284 3830 pro
1311 3779 1364 3816 se
1399 3764 1538 3814 arari
1568 3763 1723 3828 capit.

544 3876 751 3944 Optimo
777 3875 983 3944 prmsuli
1010 3874 1208 3942 Aquila:
1237 3875 1453 3929 Albinus
1481 3876 1720 3929 salutem.

547 3943 800 4019 occurrat
827 3962 1083 4024 chartula,
1131 3962 1407 4015 charitatis
1444 3965 1646 4015 calamo
1703 3943 2016 4031 conscripta.

487 4066 669 4106 vestae
702 4052 1035 4113 reverentize,
1075 4048 1240 4103 frater
1267 4050 1775 4112 desiderantissime,
1805 4053 1909 4103 tuis
1938 4066 2022 4104 su-

485 4159 701 4197 surrans
726 4145 960 4204 auribus,
988 4153 1046 4194 ut
1075 4144 1270 4204 venias,
1316 4143 1360 4194 si
1404 4141 1513 4193 fieri
1542 4144 1725 4210 possit,
1755 4143 1818 4194 ad
1846 4141 2021 4193 limina

487 4231 886 4302 beati[.\iartiui]
915 4232 1086 4283 Patris
1112 4232 1295 4291 nostri,
1325 4231 1738 4300 protectorisque
1766 4231 1947 4292 vestri,
1971 4241 2024 4283 ut

491 4335 609 4377 tuus
663 4334 833 4376 tecum
891 4321 1132 4375 familiari
1186 4323 1460 4376 collatione
1518 4320 1778 4394 [Albinus]
1832 4323 2026 4375 sodalis

2092 1863 2358 1932 suﬂ‘ragiis
2398 1860 2626 1927 adjuvet.
2672 1859 2975 1914 Periculum
3022 1873 3198 1911 meum
3240 1858 3385 1920 novi,
3437 1864 3659 1924 peccata

2092 1967 2209 2004 mea
2239 1965 2486 2020 agnosco.
2512 1949 2634 2002 illeo
2657 1948 2874 2017 supplex
2903 1962 3178 2001 servorum
3205 1946 3402 2000 Christi
3427 1946 3659 2014 deposco

2095 2039 2521 2099 intercessiones,
2573 2044 2629 2089 ut
2674 2036 2778 2090 mei
2839 2036 3212 2088 misereantur.
3262 2033 3396 2102 Spes
3452 2043 3505 2086 et
3535 2047 3662 2086 con-

2094 2129 2286 2182 solatio
2328 2141 2445 2180 mea
2471 2127 2710 2181 omnium
2741 2126 3065 2192 Redemptor
3090 2125 3229 2178 Deus
3268 2125 3532 2188 Christus,
3573 2125 3659 2178 cui

2096 2219 2210 2271 laus
2234 2227 2288 2271 et
2314 2217 2606 2286 gratiarum
2630 2215 2770 2270 actio
2797 2231 2894 2285 pro
2915 2214 3161 2268 omnibus
3186 2213 3361 2276 bonis,
3387 2229 3504 2282 quae
3528 2212 3658 2267 mihi

2097 2308 2326 2376 gratuita
2363 2306 2560 2374 pietate
2588 2307 2854 2360 concessit
2878 2307 2929 2359 in
2955 2308 3055 2360 hoc
3082 2307 3293 2360 seculo.

2170 2395 2297 2447 Vive
2334 2394 2440 2446 Deo
2464 2391 2612 2456 felix,
2639 2395 2834 2446 mundo
2863 2409 2984 2446 nam
3013 2395 3192 2449 vivere
3223 2410 3369 2448 mors
3390 2403 3511 2458 est;

2242 2483 2379 2535 Vera
2409 2481 2622 2551 quidetn
2637 2491 2733 2536 ‘est
2761 2483 2962 2536 homini
2987 2483 3168 2537 vivere
3190 2485 3300 2537 vita
3328 2483 3457 2538 Deo.

2551 2603 2572 2630 ε
2611 2591 2938 2646 EPISTOLA
2977 2590 3199 2644 C-XLIV.

2688 2691 2755 2731 AD
2802 2693 3066 2731 ABNONEI.

2700 2766 2875 2836 (Anno
2915 2765 3064 2834 θοι.)

2108 2861 2363 2910 Anionem
2397 2856 2464 2908 ad
2495 2855 2553 2909 S.
2601 2854 2884 2908 Martinam
2913 2857 3078 2907 videre
3099 2895 3112 2914 ,
3139 2866 3182 2906 et
3211 2872 3324 2906 cum
3353 2856 3442 2908 illo
3470 2857 3532 2910 de
3559 2859 3671 2911 vita!

2176 2943 2281 2978 stuc
2320 2926 2602 2978 rationibus
2654 2925 2870 2994 consilia
2910 2925 3040 2976 inire
3068 2924 3348 2988 desiderat,
3389 2938 3663 2994 antequam

2180 3012 2242 3048 ex
2266 2996 2362 3046 hac
2394 2996 2493 3046 vita
2513 2993 2754 3045 decedere
2780 3001 3012 3060 cogatur.

2032 3093 2076 3152 ο
2181 3084 2400 3136 Domino
2428 3082 2617 3135 merito
2648 3080 2860 3133 amabili
2889 3080 3090 3150 Aquilre
3118 3081 3205 3154 pio
3251 3082 3462 3155 prmsuli
3495 3093 3546 3137 et
3577 3097 3672 3151 pa-

2111 3171 2288 3235 cilico,
2313 3171 2536 3224 Albinus
2557 3169 2800 3224 salutem.
2960 3221 2986 3236 _

2180 3262 2438 3329 Perpetua
2463 3258 2701 3314 charitas
2736 3259 3072 3314 occasionem
3098 3275 3307 3328 semper
3339 3263 3568 3316 inveniet
3592 3274 3678 3316 sa-

2114 3349 2385 3420 lutationis
2408 3350 2474 3403 ad
2496 3348 2746 3411 anticum,
2795 3357 2852 3401 ut
2878 3349 3105 3419 gaudeat
3145 3351 3197 3404 in
3226 3351 3448 3405 lectione
3475 3352 3674 3407 littera-

2118 3456 2232 3492 rum
2259 3441 2468 3493 animus
2497 3438 2684 3521 fidelis,
2714 3439 2800 3492 cui
2825 3453 2928 3492 non
2956 3448 3034 3492 est
3059 3440 3238 3493 datum
3269 3442 3432 3495 tutari
3465 3444 3514 3494 in
3546 3458 3680 3511 pne-

2116 3529 2285 3581 scntia
2313 3527 2608 3581 oculorum.
2661 3525 2767 3579 Sed
2793 3527 2980 3580 melior
3004 3536 3086 3580 est
3129 3528 3296 3581 fidelis
3338 3530 3499 3582 animi
3527 3545 3679 3599 aspe-

2115 3624 2233 3667 ctus
2279 3615 2329 3667 in
2379 3615 2678 3675 chariate,
2735 3616 2877 3666 omni
2927 3615 3117 3668 intuitu
3167 3618 3501 3683 papillarum.
3560 3619 3682 3671 Ideo

2119 3705 2294 3756 animo
2323 3702 2631 3771 spiritaliter
2661 3703 2804 3755 Deus
2851 3703 3208 3770 inspiciendus
3235 3714 3343 3765 est,
3391 3721 3492 3757 non
3516 3706 3682 3758 oculis

2121 3793 2439 3855 carnalibus,
2491 3808 2623 3860 quos
2643 3807 2954 3845 communes
2984 3793 3240 3845 habemus
3263 3809 3380 3845 cum
3422 3795 3682 3847 vermicu-

2124 3884 2184 3934 lis
2209 3899 2220 3932 :
2251 3880 2402 3947 cujus
2425 3883 2556 3933 visio
2584 3883 2757 3935 omnis
2775 3891 2860 3940 est
2879 3882 3170 3943 beatitudo,
3199 3898 3315 3949 quae
3341 3885 3538 3936 sanctis
3564 3900 3686 3952 pru-

2124 3971 2349 4024 tnittitur
2378 3971 2427 4023 in
2461 3972 2783 4037 sempiterna
2810 3972 2998 4039 gloria,
3027 3989 3056 4024 a
3086 3988 3190 4039 qua
3215 3973 3469 4025 tolluntur
3511 3974 3681 4042 impii,

2123 4075 2187 4112 ne
2217 4060 2431 4112 videant
2467 4059 2687 4127 gloriam
2721 4059 2837 4112 Dei.
2879 4060 2958 4111 Ad
2990 4062 3124 4113 hanc
3168 4070 3432 4128 perpettue
3458 4061 3684 4114 beatitu-

2124 4149 2260 4199 dinis
2286 4147 2545 4200 visionem
2575 4163 2669 4199 nos
2717 4148 2941 4202 invicem
2973 4152 3338 4213 exltortemur,
3372 4151 3494 4217 quia
3523 4151 3685 4219 frater

2125 4255 2154 4287 a
2203 4237 2360 4318 fratre
2405 4237 2637 4304 adjutus,
2685 4239 2862 4290 civitas
2889 4250 2959 4290 est
2984 4239 3135 4305 ﬁrma
3183 4239 3360 4307 (Prov.
3393 4256 3544 4303 xvttt,
3577 4241 3680 4309 19).

2130 4325 2350 4395 [Tamen
2402 4328 2445 4379 si
2480 4328 2590 4380 haec
2623 4343 2785 4390 vera,
2834 4343 2950 4394 qum
2996 4331 3105 4383 dixi
3154 4330 3218 4384 de
3255 4323 3417 4385 animi
3462 4332 3683 4391 visione,

491 4429 645 4482 agere
686 4422 918 4464 extrema
949 4409 1273 4462 salutationis
1301 4413 1457 4464 verba
1496 4412 1661 4464 valeat
1686 4427 1698 4463 :
1733 4413 1853 4478 quia
1881 4411 2025 4464 festi-
2057 4429 2100 4485 υ
2129 4417 2274 4468 valde
2300 4431 2424 4466 vera
2456 4417 2618 4467 videri
2646 4414 2890 4484 debeant]
2913 4417 3176 4482 quoddam
3199 4418 3326 4469 mihi
3353 4418 3683 4484 dispendium

492 4511 579 4555 nat
603 4503 731 4553 hora
771 4500 1040 4552 divisionis
1075 4500 1213 4551 inter
1247 4498 1457 4560 fratres,
1508 4502 1855 4566 separationis
1894 4502 2030 4554 inter

493 4593 705 4643 amicos.
749 4590 903 4640 Enati
932 4590 1120 4639 homini
1168 4589 1220 4639 in
1259 4589 1462 4639 domum
1493 4589 1790 4639 aeternitatis
1818 4603 1942 4648 iure,
1983 4597 2029 4638 et

493 4681 916 4733 circumeuntibus
942 4681 1076 4730 circa
1103 4696 1213 4730 eam
1239 4681 1290 4731 in
1310 4680 1475 4746 platea
1496 4680 1844 4746 plangentibus
1862 4680 2026 4747 (Eccl.

561 4804 585 4829 ει
630 4788 746 4840 Misi
787 4788 1038 4839 cartalam
1072 4787 1351 4853 Missalens,
1380 4799 1481 4843 etc.
1529 4790 1765 4842 Similem
1799 4791 1939 4841 misit
1966 4792 2028 4842 ad

496 4859 776 4912 monachos
817 4857 1138 4909 Vedastinns.
1175 4853 1288 4907 Vid.
1329 4859 1482 4924 epist.
1512 4859 1596 4909 51.
1623 4857 1818 4910 Auctor
1844 4857 2030 4909 Mirm-

497 4925 597 4995 ιβκὶ
620 4926 917 4995 deAEeLles.
975 4927 1182 4977 observ.
1217 4926 1458 4995 rcsp.070,
1491 4935 1616 4995 tom.
1662 4926 1815 4978 XVIII
1847 4927 2034 4979 Biblio-

502 4992 665 5048 tliecc
687 4993 781 5047 SS.
815 4994 1026 5046 Patrum
1054 5009 1169 5060 pag.
1203 4994 1323 5054 489,
1345 4994 1480 5045 Edit.
1500 4992 1763 5060 Lugdun,
1783 4997 1884 5045 ait:
1912 5013 1927 5043 ι
1955 4998 2032 5046 Al-

499 5065 713 5117 euintttn
734 5072 920 5131 ωρω
942 5068 1110 5115 sancti
1133 5062 1383 5115 Bonifacii
1410 5063 1789 5128 archiepisvnpi
1822 5063 2034 5131 legun-

502 5133 598 5185 tini
646 5131 886 5183 missales
917 5134 1182 5183 orationes
1230 5133 1603 5200 composuisse,
1644 5143 1699 5181 nt
1743 5134 2035 5200 presbyteri

503 5200 642 5251 illius
678 5200 1158 5266 temporisknuper
1193 5200 1257 5251 Id
1307 5200 1458 5252 ﬁdem
1494 5201 1758 5259 conversi,
1808 5204 2035 5252 nondum

503 5264 874 5321 ecclesiasticis
913 5264 1102 5320 unciis
1149 5268 1410 5332 instructi,
1435 5270 1663 5319 nondum
1693 5269 1854 5321 etiam
1881 5269 2039 5322 libro—

507 5351 619 5387 rum
661 5335 809 5403 copia
855 5334 1082 5400 praediti,
1115 5338 1192 5388 vel
1227 5337 1422 5401 aliquid
1475 5336 1744 5396 baberent,
1779 5354 1897 5389 cum
1936 5353 2040 5403 quo

507 5354 619 5387 rum
661 5354 809 5403 copia
856 5354 1082 5400 pratum,
1115 5354 1192 5388 vet
1227 5354 1422 5401 anquta
1475 5354 1744 5396 ttaoerent,
1779 5354 1897 5389 cum
1975 5354 2040 5389 uo

505 5403 743 5480 udicium
777 5417 927 5480 suum
1237 5406 1322 5457 die
1345 5412 1556 5473 possent
1600 5406 1829 5480 explere.
1865 5426 1881 5456 ι
1936 5354 2040 5457 Sed

511 5473 562 5523 iu
592 5472 672 5542 his
695 5471 974 5542 plurimum
1019 5470 1537 5542 alluejnatur'auctor
1583 5470 1848 5540 przfatus,
1889 5484 2043 5542 prout

511 5555 584 5607 es,
608 5537 709 5592 hac
741 5537 960 5607 epistola
990 5538 1328 5607 manufestum
1354 5550 1463 5602 est;
1494 5537 1595 5592 non
1621 5542 1761 5592 enim
1789 5537 1904 5594 has'
1922 5547 2042 5593 mis-

513 5605 648 5676 sales
666 5605 934 5676 orationes
950 5605 1091 5658 misit
1117 5607 1182 5658 ad
1195 5607 1525 5676 presbyteros
1549 5623 2009 5676 nuperconversos
2029 5628 2040 5668 ;

516 5674 604 5726 sed
643 5675 705 5726 ad
737 5674 1068 5742 presbyteros
1100 5675 1381 5728 monachos
1420 5677 1506 5728 diu
1534 5678 1583 5728 in
1620 5674 1805 5728 omnis
1856 5679 2044 5730 divinis

2129 4521 2244 4557 esse
2290 4505 2339 4555 in
2370 4505 2607 4556 absentia
2652 4502 2806 4556 faciei
2836 4515 3025 4558 vestra:
3055 4505 3239 4568 video,
3295 4506 3422 4573 [non
3470 4518 3689 4577 propter

2132 4596 2305 4660 nigros
2334 4595 2382 4645 in
2409 4594 2579 4661 capite
2621 4595 2855 4663 capillos,
2885 4596 2976 4648 seti
3003 4605 3216 4664 pr0pter
3242 4598 3423 4651 oculos
3448 4598 3690 4656 dulcissi-

2133 4700 2264 4745 mos,
2314 4692 2367 4734 et
2397 4683 2677 4735 amabilem
2707 4684 2986 4737 eharitatis
3036 4681 3320 4752 loquelam,
3365 4701 3523 4754 quam
3553 4687 3691 4741 inter

2131 4790 2449 4844 exercitatos
2484 4809 2494 4841 :
2550 4807 2653 4844 non
2691 4799 2879 4856 rogatu
2921 4787 3093 4841 sancti
3140 4788 3415 4851 Bonifacii,
3462 4807 3686 4857 quocum

2136 4858 2385 4911 Alcuinus
2413 4860 2495 4910 vix
2528 4859 2962 4910 mnsuetudinem
2997 4858 3212 4919 habuit;
3254 4860 3343 4911 sed
3375 4875 3437 4912 ex
3463 4860 3688 4912 Charita-

2097 4925 2099 4928 ’
2136 4939 2183 4977 te
2203 4943 2324 4992 erga
2352 4926 2539 4979 fratres
2565 4937 2748 4979 sancto
2774 4923 3044 4978 Bonifacio
3084 4926 3393 4988 servientes,
3420 4935 3471 4978 et
3499 4928 3551 4979 in
3593 4929 3690 4982 bu-

2130 4997 2215 5060 jus
2241 4997 2512 5046 honorem.

2207 5065 2231 5101 δ
2259 5064 2485 5116 Froben.
2705 5063 2844 5134 Edit.
2899 5062 3094 5117 Mabill.
3147 5064 3232 5125 Η,
3263 5064 3350 5115 ubi
3396 5064 3685 5134 inscripta:

2139 5133 2342 5198 Optimo
2366 5131 2573 5201 pratuli
2593 5133 2976 5201 euangelii-aqu
3004 5134 3220 5194 doctori,
3259 5134 3462 5201 omisso
3483 5131 3693 5201 nomine

2138 5203 2369 5268 proprio.
2397 5199 2725 5252 Habilloulus
2748 5215 2812 5252 ex
2838 5199 3136 5266 conjectura
3167 5202 3231 5250 ad
3258 5199 3575 5268 Liudgerum
3606 5200 3691 5253 Ii-

2141 5269 2673 5338 n'tigardefordensem
2725 5269 3258 5338 episcopum_datam
3307 5271 3530 5323 censuit.
3583 5268 3690 5323 Sed

2141 5332 2250 5389 haec
2283 5335 2584 5403 conjectura
2628 5350 2692 5388 ex
2724 5332 2842 5392 cod.
2889 5332 2991 5391 ius.
3041 5332 3233 5390 Salisb.
3283 5339 3572 5400 evertitur,
3626 5351 3693 5389 ex

2142 5421 2245 5472 quo
2275 5406 2360 5474 hic
2387 5405 2713 5474 emendatior
2735 5406 2928 5474 prodit.
2956 5403 3103 5458 Hanc
3123 5405 3401 5474 epistolam
3427 5419 3552 5474 cum
3576 5403 3694 5457 aliis

2135 5471 2320 5551 iunge,
2352 5472 2403 5523 in
2428 5472 2617 5549 quibus
2635 5471 2840 5536 crebra,
2866 5473 2933 5527 ob
2953 5471 3404 5542 ingravescentem
3427 5471 3693 5536 morbum,

2145 5553 2332 5593 tttortts
2356 5555 2607 5593 ntetttorta
2637 5552 2736 5594 est.

2217 5623 2236 5642 ι’
2282 5607 2418 5660 Edit.
2447 5606 2639 5677 Habill.
2670 5610 2754 5668 lii,
2786 5608 3012 5664 Froben.
3043 5611 3162 5665 108.
3204 5608 3462 5676 lntegrior
3489 5610 3576 5663 hic
3604 5625 3688 5677 ap-

2153 5686 2300 5746 paret
2323 5690 2383 5727 ea
2419 5676 2532 5727 cod.
2561 5677 2751 5729 Salisb.
