4258 6218
627 356 734 415 587

1493 351 1549 403 ll.
1589 350 1649 403 F.
1683 347 1905 403 ALBIM
1944 347 2069 402 Si]?
2107 345 2378 402 ALCUI’SI
2410 346 2686 403 OPERUM
2723 347 2898 403 PARS
2935 347 2972 402 1.

3723 345 3828 401 383

629 485 726 524 nos
783 465 1007 520 fideliter
1054 430 1254 517 habere
1305 459 1690 514 consuevimus.
1755 457 1868 528 Ego
1923 455 2264 523 siquidemA
2353 452 2601 510 Currenti
2627 454 3127 525 legatione,|ittet~.e
3149 454 3494 509 beatitudinis
3542 463 3645 509 tua:
3684 469 3837 509 vene-

626 567 886 613 evoeatus
913 556 978 609 arl
1008 554 1285 624 palatium,
1319 558 1534 620 propter
1566 537 1939 602 inﬁrmitatem
1966 560 2185 622 corpus-

627 651 731 706 culi
767 648 870 702 mei
903 647 1086 701 venire
1120 654 1344 711 nequeo,
1375 649 1428 694 te
1459 637 1616 708 159
1655 646 1924 708 spectans,
1957 629 2069 689 vita'
2095 651 2186 690 co-

628 743 778 806 mite,
803 740 857 794 ln
882 739 1038 793 domo
1079 735 1173 788 Dei
1199 741 1254 787 et
1293 731 1463 786 sancti
1509 726 1764 799 Martini].
1796 726 1853 782 Si
1883 743 1988 796 quo
2028 727 2185 780 modo

628 829 782 903 (Cod.
811 827 976 888 Mat»,
997 825 1052 878 Si
1082 819 1385 891 aliquando]
1416 818 1736 873 desiderium
1761 817 1862 870 hoc
1887 816 2012 868 mihi
2040 829 2185 868 ama-

627 919 754 979 bile,
785 919 894 971 Deo
925 916 1230 974 miserante,
1255 908 1471 963 evenire
1511 904 1688 959 valeat
1716 904 1783 958 ad
1809 904 2038 957 invicem
2059 917 2186 956 con-

628 1004 894 1074 templa'ri,
923 1010 1206 1068 antequam
1253 1002 1530 1064 rumpatur
1557 994 1678 1047 vitta
1710 1007 1890 1055 aurea,
1916 1001 1973 1044 et.
2010 1000 2183 1043 conte-

629 1104 777 1148 ratur
802 1101 915 1144 rota
940 1105 1094 1159 super
1121 1088 1314 1156 fontem
1362 1082 1557 1155 (Eccle.
1587 1097 1684 1143 xu,
1705 1080 1782 1149 6),
1830 1087 1885 1134 et
1912 1087 2002 1133 eat
2028 1079 2186 1132 homo

624 1183 863 1238 exterior
925 1180 976 1232 in
1034 1179 1244 1231 domum
1295 1171 1611 1226 aeternitatis
1654 1184 1762 1224 sua:
1814 1168 2185 1238 plangentibus

623 1274 775 1327 circa
799 1285 917 1324 cum
940 1268 1161 1337 amicis;
1191 1273 1247 1319 et
1273 1263 1491 1333 spiritus
1519 1268 1820 1315 revertatur
1840 1260 1905 1312 ad
1923 1257 2184 1326 judicium

627 1362 786 1423 illius,
810 1359 899 1427 qui
925 1341 1065 1411 didit
1095 1371 1212 1409 eum
1236 1351 1430 1424 (Ercle.
1454 1366 1552 1413 xtt,
1584 1350 1659 1420 7).
1710 1347 1875 1416 Hujus
1900 1363 2029 1402 vero
2043 1346 2187 1414 judi-

622 1449 692 1503 cii
732 1457 935 1501 terrore
979 1452 1122 1498 totus
1149 1441 1502 1497 contremisco
1524 1478 1540 1503 ,
1571 1437 1946 1506 saecularisth
1989 1437 2183 1506 negotii

623 1536 863 1604 deposito
887 1548 1050 1587 onere
1074 1533 1182 1585 Deo
1218 1530 1315 1585 soli
1343 1529 1566 1591 servire,
1607 1527 1730 1581 licet
1756 1528 1908 1596 pigro
1935 1527 2095 1580 corde
2131 1536 2188 1582 et

625 1628 872 1698 imposito
891 1624 1078 1696 gradu,
1093 1623 1301 1692 eligam,
1316 1635 1382 1673 ne
1402 1633 1488 1672 me
1509 1617 1683 1671 minus
1701 1624 1942 1687 paratum
1969 1615 2082 1671 dies
2097 1617 2184 1670 illa

621 1733 721 1790 per
741 1710 920 1772 omnia
941 1713 1195 1767 inveniat.
1227 1711 1331 1765 Sed
1361 1709 1469 1763 Deo
1497 1709 1804 1769 miserante,
1847 1707 2062 1774 vitaque
2095 1722 2186 1760 eo-

2285 553 2408 598 runt
2428 546 2492 598 ad
2515 545 2962 609 me,suavissimae
2977 545 3309 599 salutationis
3333 553 3633 600 asserentes
3650 547 3836 609 verba,

2283 635 2476 702 quibus
2498 634 2620 689 laeto
2655 635 2902 703 perlectis
2921 636 3101 710 animo
3126 642 3253 705 nota
3295 635 3510 704 agnovi,
3539 633 3835 689 desiderata

2283 723 2636 786 considerari,
2665 724 2784 778 lauta
2807 722 3000 795 [Μάνη
3030 723 3203 795 hctus]
3230 723 3463 792 legebam
3512 723 3566 776 in
3592 724 3838 779 omnibus

2284 814 2447 868 vestri
2472 814 2635 868 animi
2661 815 3050 870 sanctissimam
3073 817 3140 871 de
3172 816 3325 870 nobis
3345 814 3680 871 devotionern
3707 817 3838 888 vigi-

2285 901 2416 957 lare.
2467 902 2568 974 [Ad
2613 918 2747 972 quas
2771 904 2944 958 accito
2968 905 3176 959 notario
3201 911 3418 973 propter
3445 903 3837 960 festinationem

2282 994 2557 1063 portitoris
2576 1009 2742 1062 pauca
2768 994 3064 1049 rescribere
3085 995 3298 1058 curavi;
3338 994 3568 1048 maxime
3594 993 3717 1062 quia
3741 1008 3840 1062 per

2283 1083 2578 1138 Candidum
2614 1084 2778 1138 tilium
2812 1092 3071 1146 nostrum,
3094 1082 3302 1138 ﬁdelem
3328 1081 3580 1136 famulum
3602 1091 3836 1136 vestrum

2288 1184 2308 1210 π
2347 1175 2476 1228 duas
2507 1183 2632 1228 ante
2659 1174 2829 1227 direxi
2858 1171 3157 1235 chartulas,
3180 1187 3340 1225 unam
3371 1171 3436 1225 ad
3474 1170 3500 1210 δ
3539 1169 3828 1224 «ϐειηᾱοιῑοο

2285 1262 2484 1325 villam,
2511 1262 2668 1315 aliam
2704 1262 2770 1314 ad
2807 1261 2975 1330 Aquis
3000 1258 3286 1328 palatium;
3319 1273 3474 1327 quem
3508 1273 3650 1322 reor,
3680 1259 3839 1313 mise-

2287 1352 2592 1414 rante,Deo,
2621 1359 2673 1404 te
2703 1362 2727 1390 ε
2759 1358 3110 1404 revertentem
3140 1350 3212 1404 ibi
3238 1349 3527 1412 invenisse,
3547 1347 3638 1417 qui
3661 1349 3839 1402 omnia.

2285 1441 2349 1494 de
2370 1441 2524 1495 nobis
2544 1441 2638 1494 tibi
2665 1441 2782 1494 viva
2821 1455 2953 1495 voce
2981 1439 3212 1509 pandere
3235 1438 3430 1508 potuit,
3453 1439 3719 1506 quomodo
3744 1438 3836 1491 Dii

2284 1529 2563 1584 clementia
2587 1545 2747 1598 super
2776 1529 3136 1583 infirmitatem
3162 1536 3216 1581 et
3245 1517 3570 1582 senectutem
3600 1534 3835 1580 nostram

2284 1621 2539 1688 respexit,
2568 1628 2622 1674 et
2651 1635 2749 1674 nos
2773 1619 2994 1688 paciﬁca
3018 1634 3047 1672 a
3074 1619 3298 1687 strepitu
3322 1618 3479 1689 hujus
3504 1617 3683 1672 saeculi
3707 1617 3837 1671 libe-

2285 1713 2453 1777 ravit;
2480 1721 2538 1767 ut
2573 1715 2751 1781 quieta
2781 1713 3178 1767 conversatione
3217 1719 3512 1780 spectarem
3549 1712 3689 1766 diem
3735 1726 3834 1765 cx-

623 1789 752 1864 mite
776 1806 996 1860 vulnera
1019 1816 1137 1872 quan
1164 1799 1321 1867 huius
1356 1797 1533 1852 883011“
1564 1796 1778 1850 miseria
1804 1796 1933 1848 mihi
1959 1793 2182 1848 ίηῖοιίιί-
2216 1789 2256 1845 Β
2283 1809 2534 1868 tremum,
2561 1803 2652 1871 qui
2678 1816 2810 1872 pene
2840 1804 3036 1858 nemini
3062 1803 3214 1872 longe
3241 1810 3345 1868 est,
3369 1803 3462 1857 sed
3494 1803 3737 1856 maxime
3762 1803 3835 1860 ti-

623 1911 707 1953 ter
738 1897 1026 1957 inﬂixerat,
1071 1892 1361 1945 secundum
1405 1887 1625 1942 consilia
1668 1894 1856 1940 vestra:
1889 1884 2184 1938 sanctitatis

625 1986 824 2040 mederi
847 1981 1124 2053 aggrediar
1149 1997 1161 2032 :
1192 1979 1381 2046 hisque
1409 1975 1693 2030 transactis
1727 1975 1866 2028 inter
1890 1989 1987 2027 nos
2010 1973 2184 2028 consi-

622 2076 707 2129 liis
731 2073 896 2144 (quod
921 2072 1034 2126 sine
1075 2069 1327 2138 lacrymis
1356 2082 1459 2119 non
1487 2064 1629 2134 dico)
1678 2065 1922 2117 ultimum
1950 2064 2066 2117 vale
2093 2064 2184 2117 fiat

622 2167 783 2238 [inter
807 2163 1050 2233 Aquilam
1070 2169 1125 2214 et
1149 2157 1441 2229 Albinum].
1473 2158 1536 2210 Et
1557 2172 1655 2225 ego
1681 2156 2056 2225 perpetualiter
2079 2156 2183 2209 tuis
2221 2187 2228 2198 -

621 2253 971 2310 sanctissimis
999 2250 1372 2321 corroboratus
1391 2247 1628 2302 consiliis
1651 2254 1808 2314 atque
1832 2245 2180 2306 orationibus,

621 2354 867 2414 spectans
907 2341 1155 2409 spectabo
1183 2339 1260 2410 [in
1290 2339 1406 2391 loco
1431 2335 1734 2406 praefinito],
1785 2335 1992 2404 quando
2018 2351 2183 2387 rever-

620 2441 764 2485 tatur
788 2429 1038 2482 Dorainus
1077 2443 1221 2480 meus
1246 2442 1279 2479 a
1306 2426 1496 2493 nuptiis
1543 2422 1751 2493 pulsare
1769 2423 1992 2491 januam
2031 2421 2178 2492 (Luc.

620 2535 718 2583 xtl,
744 2518 855 2587 36),
907 2533 974 2571 an
1004 2517 1277 2572 custodem
1325 2515 1514 2568 domus
1549 2512 1853 2583 vigilantem
1908 2513 2177 2573 inveniat;

620 2608 883 2676 hujusque
929 2595 1347 2659 timcndte'horze
1391 2608 1660 2655 momento
1704 2609 1938 2670 peracto,
1977 2601 2180 2654 utinam

620 2705 767 2751 tuam
805 2692 1185 2747 beatitudinem
1217 2698 1434 2759 propter
1468 2677 1798 2744 necessarias
1828 2705 1923 2758 pro
1947 2691 2181 2759 peccatis

621 2784 754 2838 meis
814 2781 1219 2836 intercessiones
1273 2781 1613 2849 superstitem
1670 2781 1984 2848 relinquam.
2045 2780 2178 2846 Quia

621 2875 753 2929 lides
778 2873 830 2926 in
854 2871 1108 2926 extremis
1141 2870 1411 2940 probatur,
1463 2885 1581 2937 qua:
1605 2883 1739 2938 pene
1767 2885 1887 2922 rara
1915 2869 2181 2922 invenitur

621 2969 675 3021 in
700 2965 1024 3021 hominibus.
1074 2962 1273 3018 Omnes
1299 2962 1440 3014 enim
1472 2961 1626 3016 valde
1669 2976 1728 3015 ea
1781 2961 2044 3029 indigent,
2087 2962 2179 3014 sed

619 3053 773 3124 pauci
797 3052 995 3107 habere
1017 3051 1280 3105 videntur.
1307 3049 1437 3120 [Has
1469 3059 1518 3103 te
1544 3064 1648 3102 non
1678 3051 1853 3118 pigeat
1891 3050 2082 3118 saepius
2106 3050 2180 3104 le-

2279 1894 2502 1948 mendus
2528 1902 2610 1949 est
2639 1894 2690 1947 ei
2716 1894 2802 1948 cui
2841 1909 3004 1963 prope
3033 1908 3151 1948 esse
3181 1894 3486 1961 agnoscitur
3529 1901 3584 1948 et
3614 1891 3726 1960 jam
3778 1893 3832 1948 in

2272 1983 2451 2050 januis
2474 1984 2661 2056 stare.]
2687 1984 2801 2038 Tua
2820 2000 2947 2038 vero
2971 1985 3229 2039 sanctitas
3243 1985 3423 2054 vigilet
3443 2000 3602 2054 super
3617 2001 3830 2055 gregem

2279 2075 2500 2136 Christi,
2525 2091 2589 2127 ne
2619 2073 2812 2142 lupinis
2834 2074 3117 2128 'morsibus
3151 2075 3344 2144 aliquis
3391 2073 3584 2145 [Hab.,
3607 2074 3829 2144 aliquid]

2284 2164 2441 2233 160
2469 2164 2606 2217 desit
2629 2164 2813 2233 gratiae
2833 2163 3028 2218 Christi
3057 2165 3161 2218 tuis
3183 2162 3433 2231 suljectis
3459 2162 3828 2235 [F.,abieetis]

2279 2255 2728 2310 admonitionibus
2748 2257 2819 2309 ad
2840 2263 2893 2309 te
2921 2256 3231 2324 respiciens,
3251 2257 3375 2324 quia
3405 2255 3628 2324 perditio
3656 2253 3832 2321 cujus-

2280 2344 2408 2400 libet
2431 2347 2622 2399 anima:
2643 2347 2869 2415 pastoris
2891 2353 2972 2398 est
3001 2346 3396 2399 detrimentum.
3423 2344 3442 2415 [
3465 2345 3480 2382 ί
3502 2345 3732 2399 Vocatus
3756 2343 3828 2398 fui

2279 2435 2346 2487 ad
2380 2434 2648 2489 dominum
2677 2449 2852 2489 meum
2884 2435 3070 2498 David,
3097 2436 3189 2489 sed
3239 2434 3544 2489 inﬁrmitate
3591 2435 3830 2488 tardatus

2281 2541 2384 2579 non
2405 2525 2548 2587 veni,
2571 2539 2664 2578 seu
2687 2533 2741 2580 et
2765 2525 3033 2580 voluntate
3057 2525 3128 2579 fui
3156 2523 3444 2595 detentus]
3475 2525 3566 2578 Ille
3599 2523 3722 2578 felix
3749 2533 3832 2578 est

2279 2615 2370 2682 qui
2395 2614 2741 2682 castigatione
2771 2614 2864 2668 Dei
2891 2622 3165 2668 catenatus
3186 2623 3291 2676 est,
3311 2622 3365 2666 et
3381 2614 3448 2667 ab
3471 2611 3626 2680 hujus
3651 2613 3827 2668 szeculi

2282 2704 2505 2758 turbatis
2527 2704 2782 2758 liberatus
2806 2704 3068 2774 procellis.
3094 2703 3202 2759 Nec
3223 2719 3451 2772 unquam
3478 2711 3680 2757 tantum
3696 2703 3824 2757 divi-

2282 2794 2368 2848 tiis
2394 2794 2569 2850 surculi
2595 2795 2954 2851 circumfusus
2979 2796 3222 2859 laetabar,
3243 2803 3499 2863 quantum
3527 2794 3828 2848 considera-

2281 2884 2420 2937 tione
2448 2887 2627 2954 quieta
2655 2887 2777 2940 vita:
2806 2900 2935 2940 mete
2955 2886 3166 2955 gavisus
3195 2901 3330 2939 sum.
3361 2883 3522 2954 Opto,
3544 2884 3652 2937 Deo
3673 2883 3829 2937 mise-

2281 2983 2451 3038 rante,
2477 2985 2536 3028 ut
2572 2992 2667 3046 per
2694 2987 2840 3031 tuam
2869 2979 3128 3032 etliciatur
3175 2977 3505 3032 dilectionem
3524 3015 3538 3040 ,
3569 2975 3707 3045 quod
3733 2990 3828 3043 per

2282 3078 2454 3116 meam
2484 3067 2762 3134 segnitiem
2804 3067 2916 3120 fieri
2952 3083 3054 3121 non
3094 3067 3309 3136 poterit,
3340 3067 3389 3120 id
3413 3075 3514 3131 est,
3545 3074 3603 3120 ut
3627 3066 3829 3137 ample-

620 3118 1045 3212 gere'litterttl:is,
1091 3152 1224 3206 quas
1256 3118 1504 3216 lacrymis
1532 3136 1727 3189 dictavi
1757 3137 1998 3199 obortis;
2050 3152 2180 3204 qua-
2206 3118 2253 3180 ε
2281 3163 2301 3202 ι

2146 3158 2180 3190 ι’
2206 3118 2253 3180 c
2281 3152 2437 3205 xibus
2457 3118 2769 3221 ctalloquiis
2791 3155 3067 3209 cbaritatis
3080 3118 3266 3209 vrestra:
3280 3154 3436 3209 liceat
3458 3118 3827 3223 mihialiqtiam

621 3244 776 3284 tenus
818 3229 871 3283 in
901 3228 1152 3281 memoria
1180 3227 1393 3287 habeas,
1434 3225 1560 3294 quid
1599 3225 1829 3278 maxime
1864 3239 1894 3278 a
1922 3233 1971 3279 te
2002 3241 2178 3279 meum

620 3327 822 3390 spectet
865 3317 1218 3381 desiderium;
1257 3323 1313 3372 et
1340 3315 1480 3386 quod
1507 3314 1595 3367 vix
1619 3313 1886 3368 invenitur
1915 3315 1968 3368 in
1991 3330 2178 3390 qnam-

620 3388 878 3478 plnrimis,
909 3407 959 3460 in
987 3414 1042 3460 te
1077 3415 1284 3471 certam
1321 3405 1453 3459 mihi
1481 3405 1680 3456 habere
1725 3410 1977 3471 agnoscat
2002 3388 2176 3456 anima

621 3514 739 3553 mea
775 3499 826 3550 in
855 3496 969 3550 loco
997 3495 1369 3564 pnedestinato
1411 3491 1557 3563 sibi.]
1606 3492 1684 3546 Te
1704 3503 1830 3545 vero
1867 3493 2042 3547 divina
2072 3493 2179 3547 cle-

619 3588 836 3649 tuentia,
881 3584 1037 3638 Pater
1075 3581 1586 3646 desiderantissime,
1639 3581 1802 3634 multo
1847 3589 2085 3652 tempore
2121 3583 2174 3636 in

617 3673 836 3730 servitio
861 3683 1058 3728 sancta:
1095 3671 1342 3727 Ecclesia:
1375 3680 1429 3724 et
1455 3671 1741 3725 multarum
1784 3669 2026 3740 profectu
2061 3674 2175 3727 ani-

619 3779 827 3818 marum
849 3765 1106 3833 prolicere
1132 3760 1310 3823 faciat,
1336 3768 1396 3813 ut
1425 3774 1544 3813 cum
1573 3759 1848 3828 multiplici
1875 3759 2073 3814 laboris
2099 3762 2174 3814 tui
2227 3793 2230 3797 -

617 3854 792 3907 fructu
823 3852 888 3904 ad
932 3859 1183 3903 aeternam
1227 3847 1562 3902 laudabiliter
1601 3849 1884 3914 pervenire
1921 3851 2176 3904 merearis

618 3941 1018 3996 beatitudinem.
1034 3938 1226 3992 lterum
1242 3945 1400 4005 atque
1423 3936 1616 3989 iterum
1637 3936 1774 4001 dico,
1790 3946 1845 3992 et
1863 3952 1984 3992 cum
2004 3938 2175 4009 lacry-

617 4033 720 4082 mis
745 4031 882 4102 dieo,
928 4028 1030 4081 mei
1056 4041 1259 4080 memor
1280 4033 1414 4080 esto.
1459 4024 1805 4096 Omnipotens
1833 4022 1972 4084 Deus
1999 4036 2050 4083 te
2082 4045 2172 4084 cu-

618 4117 812 4170 stodiat
831 4125 885 4169 et
925 4116 979 4168 in
1004 4115 1147 4168 omni
1181 4115 1413 4170 bonitate
1436 4114 1626 4169 ﬂorere
1651 4118 1930 4196 concedat,
1975 4118 2170 4173 dulcis-

618 4207 750 4259 sime
779 4215 832 4258 et
853 4206 1086 4258 omnium
1108 4204 1448 4258 dilectissime
1471 4206 1682 4274 praesul.
1742 4203 1747 4234 "

1072 4311 1100 4350 δ
1148 4307 1470 4366 ΕῐιιδτοιΑ
1511 4309 1713 4366 CXLV.

973 4397 1040 4434 AD
1066 4395 1304 4434 ARNONEI
1340 4395 1801 4436 ARCRIEPISCOI‘UI.

1125 4471 1136 4482 -
1202 4449 1376 4520 (Anno
1402 4449 1551 4518 sui.)

617 4519 875 4590 Epistolis,
889 4520 956 4590 ad
975 4537 1028 4590 se
1051 4518 1218 4590 missae
1238 4519 1526 4590 respondet.
1554 4518 1754 4590 Rursus
1772 4525 2043 4590 pra'sentia
2068 4524 2166 4576 Ar-

685 4591 830 4709 "rtonis
849 4589 954 4657 frui
975 4587 1254 4651 desiderat,
1281 4584 1551 4657 impeditus
1585 4589 1691 4658 ipse
1729 4584 1896 4643 υέηἰνε
1926 4592 1994 4643 ad
2022 4592 2165 4661 pala-

728 4672 832 4710 unt.

684 4742 905 4795 Domino
931 4740 1124 4794 merito
1152 4739 1207 4792 in
1247 4732 1501 4793 membris
1546 4738 1744 4794 Christi
1797 4748 2162 4803 amantissimo

614 4831 840 4902 [Aquilae
874 4827 1288 4897 archiepiscopo]
1319 4827 1540 4881 Albinus
1568 4830 1961 4886 matricularius
1990 4838 2158 4890 sancti

614 4919 822 4973 Martini
854 4917 1226 4986 sempiternam
1264 4916 1506 4969 salutem.

681 5083 708 5140 ξ
753 5070 970 5124 Vocatus
1017 5071 1085 5123 ad
1121 5068 1378 5140 pqlntt'um
1420 5083 1621 5139 propter
1663 5074 2005 5140 ittﬁrtttitutes,
2051 5086 2154 5130 etc.

681 5087 706 5110 ι
756 5087 970 5124 vocatus
1017 5087 1082 5123 aa
1097 5087 1378 5191 dpammtm
1420 5087 1621 5139 propter
1663 5087 2005 5140 ιηρνιηιιιιιρε,
2051 5087 2152 5130 etc.

617 5138 730 5211 Yid.
754 5140 910 5206 epist.
936 5140 1034 5192 154
1062 5156 1089 5191 a
1127 5208 1138 5211 _
1169 5138 1414 5211 Caralitin
1454 5141 1607 5211 paulp
1653 5151 1776 5195 ante
1811 5139 2152 5211 descriptam.

615 5208 821 5275 Scripta
849 5215 929 5259 est
955 5208 1172 5273 Epistula
1191 5247 1206 5270 ,
1233 5208 1355 5260 dum
1385 5206 1529 5261 Arno
1565 5207 1732 5262 Roma
1776 5213 1971 5265 rediret
1991 5206 2157 5267 'anuo

611 5273 887 5345 εοίξγωθ
916 5275 1373 5345 ςρὶίεπηίθρὶδιυιειιη
1405 5276 1490 5329 hic
1518 5287 1841 5345 sequentem.

686 5345 710 5383 δ
749 5344 886 5397 Edit.
919 5334 1112 5420 Biabill.
1133 5334 1649 5420 30_(Fr’0bgi._l(_l§).
1683 5343 1781 5401 llic
1827 5364 1950 5404 vero
1985 5353 2155 5420 magis

611 5412 816 5484 integra
842 5412 1018 5481 prodit
1040 5427 1104 5464 ex
1130 5401 1247 5465 cod:
1276 5429 1374 5486 ms.
1405 5401 1595 5466 Sulisb.

683 5491 704 5519 ε
744 5482 977 5534 Dttas....
1031 5479 1310 5532 chartulas.
1365 5481 1504 5534 Duas
1561 5497 1594 5534 ι)

797 5499 906 5535 tias.
919 5521 930 5533 .
942 5519 977 5533 ,ο
1031 5496 1310 5532 cnarmtas.
1367 5496 1504 5534 UU'JS

616 5549 751 5602 hanc
776 5543 1134 5615 praecedentes
1155 5541 1426 5601 fortassis?

677 5617 703 5653 ἀ
742 5620 818 5669 Ad
848 5615 1296 5684 Gandolfosillam.
1324 5618 1449 5670 Rev.
1477 5627 1662 5670 auctor
1684 5616 1960 5675 Prodromi
1982 5621 2149 5676 Chro-

613 5685 712 5740 nici
735 5686 1128 5740 Gottwieensis.
1160 5691 1293 5749 part.
1326 5702 1381 5744 ιι.
1408 5703 1457 5746 p.
1484 5687 1602 5750 8l9,
1627 5684 1920 5757 Cundulplti
1953 5692 2144 5758 riHam,

2282 3240 2466 3292 horam
2494 3240 2711 3308 perfrui.
2739 3242 2852 3296 Non
2879 3253 2957 3296 est
2981 3244 3275 3313 episcopus,
3303 3245 3450 3312 cujus
3477 3244 3647 3314 magis
3672 3244 3828 3296 velim

2279 3332 2562 3396 pnesentia
2611 3331 2709 3393 uti,
2755 3334 3041 3386 secundum
3090 3333 3182 3386 Dei
3221 3334 3636 3396 miserationem,
3668 3347 3826 3402 quam

2276 3428 2473 3473 vestra.
2504 3420 2653 3486 Quod
2680 3431 2738 3475 ut
2767 3422 2885 3486 fiat,
2917 3423 3001 3476 ille
3031 3421 3243 3487 efﬁciat,
3270 3424 3359 3492 qui
3389 3426 3464 3478 ait
3507 3442 3518 3476 :
3572 3423 3670 3476 Ubi
3705 3433 3826 3476 sunt

2277 3508 2379 3560 duo
2400 3509 2476 3562 rel
2496 3519 2598 3562 tres
2622 3513 2912 3580 congregati
2934 3513 2987 3564 in
3012 3513 3212 3565 nomine
3242 3529 3372 3576 meo,
3400 3508 3469 3564 ibi
3497 3529 3608 3565 sum
3643 3513 3696 3564 in
3726 3527 3826 3563 meo

2274 3597 2358 3650 dio
2380 3615 2556 3652 eorum
2597 3599 2806 3667 (Matth.
2843 3617 2992 3665 xviii,
3019 3601 3128 3672 20).
3181 3601 3479 3656 Periculum
3529 3611 3610 3656 est
3653 3601 3823 3670 fragili

2274 3689 2451 3742 animo
2473 3689 2524 3742 in
2547 3691 2701 3758 hujus
2726 3692 2902 3744 seculi
2926 3707 3236 3761 permanere
3251 3699 3586 3761 tempestate.
3615 3692 3818 3746 Martha

2275 3779 2617 3833 ministrabat
2640 3780 2873 3845 Christo,
2894 3785 2984 3836 sed
3013 3792 3190 3836 tamen
3223 3783 3363 3836 circa
3401 3784 3625 3852 plurima
3665 3799 3822 3837 occu-

2272 3869 2666 3936 patahDomino
2691 3871 2918 3934 dicente,
2950 3872 3142 3941 legitur
3161 3887 3280 3927 esse
3309 3891 3322 3924 :
3356 3871 3530 3926 Maria
3552 3889 3666 3926 vero
3688 3875 3819 3940 opti-

2272 3972 2409 4010 mam
2435 3969 2632 4027 partem
2651 3958 2816 4029 elegit,
2844 3977 2956 4030 qua:
2987 3979 3087 4014 non
3109 3961 3376 4030 auferetur
3399 3963 3462 4016 ab
3501 3979 3562 4017 ea
3597 3963 3652 4016 in
3676 3976 3819 4016 cacr-

2272 4066 2393 4102 num
2431 4049 2582 4120 (Luc.
2608 4069 2659 4113 Χ,
2685 4052 2777 4116 30,
2801 4053 2912 4123 42).

2259 4156 2261 4158 ·
2341 4135 2420 4207 [Si
2450 4138 2618 4218 placet
2657 4139 2786 4204 Deo,
2819 4150 2884 4193 ut,
2911 4142 3094 4209 venias
3138 4142 3204 4195 ad
3262 4141 3441 4195 limina
3491 4141 3548 4196 S.
3607 4139 3814 4201 Martini

2270 4229 2492 4281 multum
2521 4229 2787 4288 desidero.
2816 4240 2938 4296 opto
2967 4240 3124 4298 atque
3153 4231 3424 4298 deprecor.
3476 4230 3569 4285 Sin
3613 4239 3813 4287 autem.

2269 4315 2348 4395 vel
2382 4316 2570 4369 litterae
2594 4325 2783 4370 vestrm
2814 4318 3027 4371 veniant
3051 4318 3324 4387 loquentes
3363 4321 3415 4374 in
3462 4336 3617 4375 aures
3638 4320 3813 4374 Albini

2271 4401 2365 4462 tui,
2395 4402 2466 4454 uti
2494 4415 2589 4471 per
2617 4406 2927 4472 portitorem
2973 4405 3178 4459 illarum
3226 4409 3516 4478 longiorem
3559 4408 3812 4463 chartula:

2271 4492 2459 4543 seriem
2484 4494 2632 4545 vobis
2653 4494 2881 4563 dirigere
2910 4496 3156 4567 valeam]
3202 4497 3431 4552 Mirabar
3479 4500 3530 4552 in
3583 4500 3811 4568 quadam

2267 4578 2504 4632 chartula
2544 4582 2838 4636 dilectiOnis
2880 4593 3070 4637 vestra:
3118 4571 3382 4654 quoddam
3405 4580 3645 4652 verbum,
3669 4588 3809 4654 quod

2265 4669 2336 4722 ibi
2382 4669 2616 4738 legebam
2665 4672 2715 4724 in
2746 4687 2846 4736 eo;
2901 4673 2987 4726 ubi
3016 4681 3135 4741 post
3166 4683 3526 4742 competentes
3554 4683 3608 4730 et
3631 4675 3807 4730 animo

2265 4772 2383 4810 meo
2407 4751 2780 4814 desiderabiles
2805 4777 2989 4815 sensus
3017 4763 3216 4827 dixisti,
3241 4765 3380 4831 quod
3413 4772 3629 4834 propter
3649 4780 3807 4820 occu-

2262 4849 2501 4913 pationes
2527 4849 2596 4901 nil
2628 4849 2754 4904 mihi
2786 4852 3141 4906 transmittere
3169 4854 3431 4922 potuisses
3478 4854 3800 4923 munusculi;

2263 4938 2410 5003 quasi
2440 4939 2490 4990 in
2514 4954 2644 4994 auro
2680 4941 2759 4994 vel
2787 4950 3005 5010 argento
3037 4943 3274 4995 charitas
3302 4943 3806 5010 nostraeonsistat;

2260 5105 2352 5142 seu
2382 5089 2826 5144 (landum-riuum
2869 5108 2932 5144 ex
2966 5092 3143 5144 Mirum
3173 5092 3238 5144 ad
3277 5107 3340 5160 pa

2259 5162 2440 5221 refert,
2463 5169 2516 5212 et
2542 5160 2606 5212 de
2629 5160 2953 5212 Condre‘rille
2985 5162 3049 5212 ad
3081 5161 3344 5214 Mosellam

3345 5103 3466 5160 gum
3501 5093 3799 5149 Tullensem

2261 5162 2440 5236 refert,
2463 5169 2516 5238 et
2542 5161 2606 5212 de
2629 5161 2953 5238 Gondrerille
2985 5162 3049 5212 ad
3074 5161 3344 5238 _ll_osellatn
3382 5171 3546 5238 prope
3589 5161 3801 5238 Tullum

2259 5230 2665 5307 interpretatur;
2722 5230 3384 5308 quamvisceleberrimus
3443 5233 3680 5286 Valesius
3741 5235 3794 5287 in

2259 5295 2374 5348 bet.
2409 5295 2717 5357 balliarum,
2742 5313 2792 5357 ν.
2824 5298 2948 5357 259,
2971 5300 3021 5350 id
3046 5299 3109 5351 de
3133 5297 3438 5353 Gondedm
3462 5303 3515 5354 in
3544 5315 3679 5357 meo
3705 5303 3792 5357 Va»

2256 5295 2374 5348 Not.
2409 5295 2717 5358 Galliarum,
2742 5313 2792 5364 p.
2824 5298 2948 5358 239,
2971 5299 3021 5350 id
3046 5299 3109 5351 de
3133 5297 3438 5353 Gondedm
3462 5303 3515 5354 in
3544 5315 3646 5371 [με

2257 5365 2433 5440 brensi
2461 5378 2623 5431 prope
2643 5364 2884 5440 Con/luas
2909 5366 3157 5440 declaret.
3276 5436 3301 5440 _
3404 5438 3415 5440 _
3485 5439 3490 5440 γ

2327 5444 2350 5470 ε
2378 5432 2751 5503 linquentem.
2780 5434 3127 5502 Roma,put'o,
3158 5445 3251 5503 per
3264 5436 3702 5494 Gundoll‘ovillatn
3726 5438 3793 5493 ad

1561 5483 1795 5549 priores,
1851 5480 2152 5542 immediate
2249 5480 2716 5568 aquag‘jm’iisinii;

2329 5571 2346 5607 ί
2401 5566 2617 5637 Vocatus
2657 5571 2732 5634 fui
2781 5571 2846 5620 ad
2896 5571 3154 5626 (taurinum
3204 5585 3370 5632 meum
3429 5576 3612 5629 David.
3669 5575 3788 5630 Vid.

2248 5636 2403 5704 epist.
2428 5636 2679 5704 priorem.
