4258 6202
455 316 555 371 589
1867 315 2239 370 EPiSTOLJE.
2932 363 2936 367 .
2991 319 2994 326 ‘
3539 325 3640 372 :90

452 427 576 480 dum
612 433 756 478 tanta
787 434 890 489 est,
914 432 972 478 ut
1002 413 1122 478 vere
1151 423 1340 489 fateor,
1367 426 1418 479 in
1467 429 1644 481 animo
1677 438 1796 480 meo
1845 443 1857 477 :
1907 424 1985 477 vel
2017 427 2062 484 Α
2091 423 2280 476 tiones.
2323 424 2424 477 Sed
2451 424 2548 476 hru
2569 465 2583 484 ,
2613 425 2743 493 proh
2782 423 2957 478 dolor!
3014 425 3164 479 multi
3205 433 3328 478 sunt
3375 438 3644 483 amatores

385 547 398 556 .
449 510 646 573 etiam,
676 518 737 562 ut
759 510 952 571 credo,
983 518 1038 562 et
1065 508 1116 561 in
1144 518 1234 562 tuo
1263 528 1275 562 :
1306 521 1364 564 ut
1389 511 1440 564 in
1465 511 1860 578 comparatione
1880 508 1996 574 ejus
2093 511 2249 578 hujus
2277 513 2623 579 deceptionis,
2651 521 2705 566 et
2749 514 2900 581 pauci
2949 515 3181 568 cultores
3212 530 3457 570 verarum
3504 519 3642 572 divi-

451 597 729 652 charitatis
751 598 926 652 omnis
952 598 1256 652 divitiarum
1283 599 1486 668 species
1509 601 1745 678 vilescat:
1783 600 1872 653 llla
1913 609 1996 653 est
2096 604 2284 654 llai'tlllt
2331 602 2413 668 (ll
2443 602 2574 654 Tim.
2601 619 2683 664 ιιι,
2715 603 2768 668 4)
2787 643 2802 665 ,
2825 603 3034 656 dicente
3064 605 3174 672 ipsa
3201 605 3456 666 Veritate,
3488 605 3641 660 Multi

449 703 596 748 vera,-
619 687 685 740 de
711 701 816 755 qua
846 687 1002 740 modo
1023 688 1304 757 scripsisti,
1329 689 1559 755 pericula
1581 688 1854 741 fluminum
1889 705 1992 741 non
2092 698 2209 742 sunt
2251 691 2410 742 υοτιέιί
2430 730 2444 748 .
2479 692 2629 758 pauci
2659 704 2776 744 raro
2817 691 2962 744 electi
3011 691 3224 761 (Matth.
3257 709 3348 755 xx,
3380 693 3483 762 l6).
3537 694 3643 749 Sctl

448 776 650 840 subire,
663 777 728 830 de
745 777 938 844 quibus
963 777 1188 832 dicitur:
1212 777 1458 831 Flumina
1479 779 1640 832 multa
1660 795 1762 832 non
1782 781 1992 832 obruent

448 864 751 917 duritatem
775 863 948 934 (Cant.
972 867 1178 936 vut,7).
1208 867 1330 920 litec
1355 867 1531 935 vigeat
1561 867 1611 920 in
1630 869 1876 922 cordibus
1903 884 1997 921 no-

449 952 597 1016 stris,
621 966 725 1006 non
763 968 897 1007 vana
924 955 1040 1007 auri
1065 953 1147 1007 vel
1180 954 1384 1022 argenti
1415 955 1618 1023 species
1663 972 1676 1006 :
1729 970 1846 1022 quae
1892 971 1994 1008 non

449 1049 675 1108 prosunt
705 1043 1102 1111 possidentilus
1126 1042 1232 1106 illa,
1262 1043 1354 1095 sed
1383 1043 1553 1111 magis
1579 1043 1865 1103 obsistunt,
1893 1044 1993 1097 nisi

448 1130 530 1184 eis
547 1131 634 1199 qui
662 1131 748 1184 illa
763 1133 837 1186 uti
860 1133 927 1186 ad
951 1132 1172 1186 salutem
1199 1133 1388 1187 anima:
1409 1149 1518 1187 sua:
1545 1134 1599 1186 iu
1615 1133 1994 1204 .largiaoniius

448 1236 739 1291 pauperum
771 1222 1053 1278 didicerint
1098 1230 1154 1277 et
1185 1237 1345 1291 opere
1363 1222 1703 1292 perfecerint.
1737 1223 1991 1292 Omnipo-

453 1317 568 1362 tens
595 1309 734 1365 Deus
750 1312 1084 1365 sanctitatem
1113 1318 1258 1365 tuam
1288 1312 1355 1365 ad
1385 1311 1670 1365 multorum
1706 1313 1992 1381 profectio-

449 1409 572 1473 nem
595 1397 765 1451 salute
792 1407 1067 1468 perpetua,
1087 1400 1456 1457 benedictione
1496 1399 1634 1455 felici
1679 1401 1990 1455 incolumem

447 1495 723 1558 protegere
759 1497 815 1542 et
856 1488 1124 1544 custodire
1150 1490 1415 1560 dignetur,
1438 1491 1651 1544 domine
1678 1491 1834 1544 Pater
1862 1492 1992 1545 dile-

353 1571 360 1579 ’
447 1573 683 1628 ctissime
726 1584 778 1628 et
800 1576 1310 1639 desiderantissime,
1336 1585 1495 1646 atque
1539 1578 1738 1632 honore
1784 1580 1833 1631 in
1884 1580 1992 1632 Deo

449 1662 773 1732 dignissime.
913 1665 923 1676 '

895 1791 922 1820 ι
959 1780 1284 1836 EPISTOLA
1316 1781 1538 1835 CXLVI.

548 1883 616 1920 ΑΙ)
652 1882 894 1923 Ακιιοτιει
933 1881 1373 1928 ιιιοιιιειιιεςοιοιιιι
1409 1887 1881 1927 θλιιειιιιιιοεκειειι.

1033 1960 1209 2030 (Anno
1231 1960 1380 2032 802.)

450 2067 721 2139 Signiﬁcat
748 2079 898 2125 suum
934 2087 1056 2140 ergo
1081 2071 1334 2126 Anionem
1359 2074 1620 2142 directum.
1661 2075 1740 2127 Ad
1769 2077 1985 2144 quirsitn

516 2140 818 2219 respoudere
836 2141 1026 2210 partim
1050 2149 1261 2219 .recttsat
1279 2180 1293 2204 ,
1325 2143 1512 2219 partim
1537 2145 1804 2212 promittit.
1837 2143 1986 2219 Regis

515 2208 728 2268 iustitia
773 2208 1000 2262 antorem
1042 2208 1223 2261 laudat
1262 2228 1280 2262 :
1319 2208 1670 2263 ministrorum
1716 2208 1986 2266 auaritiam

513 2278 697 2347 carpit.
728 2275 885 2347 {linit
919 2293 1034 2347 cum
1073 2279 1366 2347 muneribus
1398 2279 1698 2347 opusculum
1725 2281 1778 2334 in
1811 2281 1990 2336 Eccle-

511 2342 704 2398 siasten
725 2342 1017 2398 Salomonis
1039 2345 1107 2397 ad
1128 2342 1536 2400 describendum.
1883 2361 1899 2377 °

515 2470 971 2529 Reverendissimo
995 2473 1138 2527 Patri
1168 2473 1370 2542 Aquila:
1397 2477 1792 2548 archiepiscopo
1817 2480 1989 2533 humi-

447 2556 512 2612 lis
533 2559 925 2615 matricularius
944 2561 1169 2617 Albinus
1193 2564 1435 2619 salutem.
1793 2578 1806 2592 ‘

514 2647 664 2704 Nono
700 2649 814 2703 Kal.
851 2649 993 2705 Junii
1033 2653 1164 2707 hora
1211 2656 1367 2709 tertia
1416 2657 1758 2712 beatitudinis
1801 2669 1988 2714 vestrm

447 2738 642 2793 missus
666 2739 732 2792 ad
758 2755 855 2794 nos
881 2743 1141 2808 pervenit,
1167 2743 1400 2812 horaque
1425 2760 1564 2799 nona
1610 2745 1844 2812 ejusdem
1884 2748 1987 2802 diei

449 2827 748 2881 necessario
782 2841 840 2882 se
877 2831 1218 2885 reversurum
1238 2833 1498 2901 praedixit.
1544 2831 1892 2903 Quapropter,
1935 2835 1987 2889 in

449 2922 555 2968 tam
583 2923 806 2985 angusto
829 2919 1084 2987 temporis
1118 2919 1342 2974 articulo
1389 2936 1474 2976 me
1520 2925 1840 2989 constituto,
1883 2925 1986 2979 alia

448 3003 648 3058 dictare
669 3019 771 3058 non
793 3005 958 3074 potui,
977 3006 1076 3060 nisi
1104 3008 1304 3076 gratias
1329 3009 1690 3063 tantummodo
1711 3025 1865 3080 agere
1893 3028 1988 3080 pro

2095 778 2234 832 inter
2273 796 2468 847 [niueos
2506 781 2889 834 contendamus
2926 795 3064 843 esse,
3087 791 3144 835 ut
3189 783 3326 837 inter
3351 784 3639 839 electorum

2095 883 2371 922 numerum
2402 881 2702 923 mereamur
2737 869 3023 939 deputati]

2162 956 2237 1009 De
2265 959 2516 1010 canonica
2541 958 2646 1011 vita
2671 966 2727 1012 et
2750 958 2979 1026 regulari
3007 957 3350 1019 institutione,
3375 961 3500 1028 quid
3521 976 3638 1014 mea

2096 1048 2302 1117 ignavia
2331 1049 2586 1108 scribere,
2614 1048 2697 1101 vel
2727 1057 2902 1102 vestra
2929 1050 3206 1116 occupatio
3240 1049 3456 1118 implere
3489 1061 3638 1118 pote-

2077 1137 2194 1189 .rit?
2246 1137 2326 1191 vel
2364 1138 2488 1205 quid
2516 1139 2714 1190 sanctis
2741 1139 3032 1192 canouihus
3054 1139 3270 1194 addere.
3298 1139 3379 1191 vel
3411 1141 3637 1209 regulari

2094 1226 2395 1281 discretioni
2421 1243 2534 1280 mea
2559 1226 2750 1280 sullieit
2779 1229 2829 1280 in
2851 1228 3062 1294 peritia,
3086 1227 3168 1279 vel
3206 1237 3257 1282 te
3296 1229 3415 1281 inde
3460 1229 3639 1282 admo-

2094 1330 2242 1377 uere,
2270 1316 2408 1368 unde
2427 1317 2493 1367 ab
2524 1315 2743 1368 infantia
2768 1316 3005 1368 eruditus
3026 1314 3205 1368 fuisti?
3229 1315 3320 1368 Vel
3351 1317 3476 1382 quid
3504 1317 3639 1370 scire

2093 1403 2232 1457 valet
2251 1405 2313 1456 de
2323 1403 2522 1470 iudieio
2535 1404 2774 1456 sa-eulari
2794 1419 2910 1456 mea
2928 1403 3191 1466 socordia,
3215 1404 3352 1458 inter
3368 1421 3486 1472 qum
3509 1422 3641 1459 nun-

2092 1509 2249 1559 quam
2277 1493 2389 1544 licri
2434 1492 2607 1545 volui?
2655 1502 2831 1545 tamen
2877 1491 2923 1546 i-i
2966 1507 3083 1544 mea
3125 1490 3390 1560 diligentia
3441 1494 3640 1561 aliquid

2093 1584 2212 1636 inde
2240 1572 2527 1651 agnoscere
2554 1582 2771 1650 poterit,
2799 1582 2922 1635 dum
2949 1590 3127 1635 certus
3154 1581 3318 1635 sciam
3344 1583 3469 1651 quid
3499 1600 3640 1653 qua:-

2092 1686 2180 1723 ras
2215 1655 2422 1726 exinde.
2457 1670 2631 1739 segnis
2662 1685 2763 1721 non
2793 1685 2884 1722 ero
2911 1671 3035 1737 quid
3068 1669 3292 1723 sentiam
3337 1673 3636 1726 ostendere.

2019 1743 2062 1801 Β
2095 1775 2114 1801 ε
2149 1765 2220 1825 De
2240 1763 2510 1817 catholicae
2537 1763 2654 1816 lidei
2682 1778 2807 1816 vero
2831 1763 3032 1816 ratione
3061 1771 3296 1835 tempore
3325 1774 3638 1832 opportuno.

2088 1852 2266 1910 divino
2286 1853 2573 1920 inspirante
2599 1851 2823 1919 Spiritu,
2843 1867 2949 1904 non
2971 1866 3055 1905 me
3077 1853 3279 1920 abnego
3299 1852 3496 1921 aliquid
3521 1855 3640 1907 inde

2087 1942 2423 1994 considerare
2448 1943 2733 1994 secundum
2750 1941 3143 1995 catholicorum
3172 1945 3367 2011 scripta
3393 1943 3631 2006 Patrum,

2088 2038 2246 2096 atque
2268 2031 2332 2083 ad
2349 2039 2537 2083 vestrm
2556 2039 2894 2099 augmentum
2917 2031 3213 2084 sanctitatis
3235 2033 3590 2086 transcribere
3621 2052 3635 2088 :

2088 2119 2227 2186 quod
2257 2120 2406 2173 valde
2436 2119 2792 2172 necessarium
2824 2119 3002 2172 multis
3031 2120 3202 2182 video,
3230 2123 3318 2190 qui
3344 2124 3512 2190 magis
3539 2139 3638 2175 sm-

2087 2208 2284 2261 cularia
2315 2217 2554 2277 quaerunt
2582 2224 2740 2276 quam
2783 2209 3072 2276 spiritualia
3091 2250 3105 2270 ,
3129 2212 3425 2264 nescientes
3469 2214 3629 2279 quod,

2088 2298 2376 2350 secundum
2404 2298 2640 2366 Apostoli
2679 2299 2897 2360 dictum,
2927 2299 3238 2356 impossibile
3262 2308 3337 2352 est
3383 2301 3492 2352 sine
3531 2301 3633 2366 fine

2089 2385 2194 2437 Deo
2224 2385 2426 2454 placere
2465 2385 2647 2454 (Hebr.
2680 2401 2760 2447 st,
2786 2383 2859 2452 6).
2906 2385 3003 2454 [De
3026 2386 3357 2441 orationibus
3382 2399 3509 2438 Vero
3538 2401 3636 2455 pro

2089 2474 2238 2526 vobis
2260 2473 2556 2527 nullatenus
2583 2488 2698 2526 mea
2728 2485 2876 2525 mens
2899 2473 3135 2526 oblivisci
3170 2482 3367 2543 potest,
3389 2475 3479 2528 sed
3502 2490 3653 2543 qua-1

2089 2562 2208 2615 dam
2241 2562 2390 2614 suavi
2419 2563 2784 2616 recordatione
2821 2561 2872 2614 in
2911 2571 3192 2632 conspectu
3241 2563 3334 2616 Dei
3373 2573 3474 2617 tuae
3511 2565 3636 2616 bea-

2090 2650 2327 2704 titudinis
2368 2663 2559 2704 nomen
2607 2653 2752 2706 cordi
2790 2667 2909 2706 meo
2951 2653 3170 2706 inﬁxum
3205 2653 3641 2715 teneo,masime

2087 2747 2210 2790 ante
2231 2738 2528 2806 sepulcrum
2555 2739 2874 2793 eonfesson's
2909 2739 3105 2793 Christi
3136 2749 3296 2806 atque
3325 2741 3637 2793 intercesso-

2088 2827 2163 2881 ris
2201 2829 2362 2881 vestri
2414 2829 2553 2882 beati
2594 2829 2827 2894 Martini,
2852 2831 2990 2884 inter
3024 2830 3392 2900 sacriﬁciaque
3424 2839 3635 2883 saneto-

2087 2930 2204 2968 rum
2227 2915 2424 2969 Christi
2451 2917 2784 2971 sacerdotum
2808 2919 2935 2972 illud
2961 2918 3195 2972 scribere
3220 2916 3363 2988 feci].
3396 2919 3468 2972 De
3489 2928 3628 2972 statu

2086 3019 2216 3058 vero
2249 3005 2572 3060 inﬁrmitatis
2621 3021 2752 3061 mea:
2789 3015 2841 3060 et
2865 3008 3174 3072 voluntatis,
3201 3009 3455 3064 candidus
3483 3024 3632 3064 meus

447 3091 755 3149 dulcissima.
769 3094 1043 3150 charitatis
1074 3106 1262 3152 vestra:
1297 3098 1684 3164 muniﬁcentia,
1705 3101 1843 3155 etde
1866 3119 1988 3156 san—
2013 3081 2056 3138 (ἶ
2090 3093 2183 3146 libi
2207 3095 2386 3147 omnia
2410 3095 2589 3150 dicere
2620 3097 2807 3164 potuit.
2838 3097 3171 3166 Quapropter
3193 3097 3511 3168 superﬂuum
3549 3110 3634 3154 est

445 3190 545 3236 €18
569 3180 691 3247 ﬁdei
713 3186 1045 3252 probatione,
1078 3203 1237 3256 quam
1268 3204 1477 3258 semper
1502 3200 1678 3246 vestro
1705 3193 1880 3247 inesse
1898 3210 1988 3262 pe-

381 3341 384 3344 ,
446 3272 582 3325 ctori
612 3273 765 3343 ιθι
797 3277 1060 3330 veraciter
1077 3279 1404 3347 agnovimus.
1444 3278 1548 3333 Sed
1597 3281 1816 3336 multum
1860 3299 1990 3337 mete

448 3369 603 3414 nocet
623 3361 886 3417 devotioni
925 3363 1203 3420 inﬁdelitas
1231 3367 1600 3436 accipientium
1623 3369 1826 3424 litteras
1844 3387 1990 3426 meas

446 3449 596 3504 vobis
625 3450 944 3521 dirigendas.
971 3453 1104 3506 Nam
1137 3454 1351 3508 memini
1383 3471 1467 3510 me
1511 3471 1651 3510 anno
1693 3468 1986 3523 transacto,

450 3537 478 3576 δ
499 3540 648 3592 vobis
672 3540 742 3593 de
767 3539 915 3594 Italia
943 3543 1346 3608 revertentibus,
1368 3545 1501 3598 duas
1522 3547 1749 3614 dirigere
1770 3550 1986 3602 chartu-

449 3625 558 3691 las;
614 3627 858 3681 similiter
902 3630 1056 3681 modo
1105 3631 1314 3683 obviam
1355 3640 1533 3684 vestro
1579 3634 1806 3687 adventu
1859 3635 2020 3706 duas,

449 3713 713 3770 transmisi
745 3718 810 3771 ad
836 3718 1120 3784 palatium;
1168 3719 1258 3771 sed
1306 3722 1482 3773 nescio
1529 3737 1646 3788 qua:
1685 3737 1748 3775 ex
1791 3723 1890 3776 illis
1922 3727 1986 3778 ad

449 3812 676 3859 vestram
703 3816 1058 3874 pervenerunt
1083 3808 1437 3875 pra-sentiam.
1467 3807 1634 3879 [Quia
1676 3811 1811 3865 sicut
1859 3813 1987 3866 mihi

450 3895 609 3948 Suave
635 3893 734 3949 fuit
759 3904 947 3950 vestrae
971 3896 1306 3951 allocdtionis
1333 3898 1576 3964 c’ollatio,
1608 3900 1686 3954 sic
1737 3902 1866 3956 mihi
1903 3903 1990 3968 ju-

449 3987 675 4043 cundum
697 3997 778 4041 est
800 3989 929 4041 satis
943 3987 1198 4041 litteraria
1218 3990 1534 4043 salutatione
1546 3990 1737 4056 sa-pius
1755 3995 1985 4043 vestram

448 4076 712 4147 appellare
733 4078 1130 4142 auctoritatem;
1167 4085 1322 4147 atque
1349 4079 1402 4132 in
1449 4079 1766 4147 accipiendis
1796 4088 1987 4132 vestrae

449 4162 744 4220 dilectionis
773 4166 996 4231 litteris,
1022 4167 1243 4220 multum
1278 4182 1374 4220 inc
1417 4169 1647 4237 gaudere
1691 4168 1986 4236 certissime

448 4254 603 4317 scito,
626 4255 750 4322 quia
773 4271 878 4308 non
904 4264 986 4309 est
1013 4255 1327 4324 pontifex’in
1368 4258 1466 4310 hoc
1509 4273 1697 4326 regno,
1714 4258 1864 4325 cujus
1901 4273 1986 4312 me

347 4333 353 4338 ’
449 4341 616 4410 magis
646 4342 766 4395 ﬁdei
791 4343 1127 4407 crediderim,
1153 4355 1244 4399 aut
1263 4346 1431 4413 magis
1449 4347 1566 4413 ejus
1583 4347 1807 4399 salutem
1837 4354 1985 4415 Opta-

2090 3183 2288 3262 aliquigl
2310 3183 2431 3238 inde
2452 3185 2706 3248 scrilaere,
2735 3187 2832 3240 nisi
2862 3187 2961 3241 hoc
2980 3194 3191 3240 tantum
3216 3189 3412 3248 dicere.
3438 3199 3496 3242 ut
3519 3205 3633 3244 om-

2089 3271 2174 3324 nis
2200 3273 2440 3340 corporis
2463 3273 2568 3326 mei
2593 3272 2823 3342 dignitas
2856 3276 3093 3338 recessit,
3119 3283 3173 3330 et
3199 3277 3469 3330 secularls
3494 3279 3636 3333 dele-

2089 3361 2252 3414 ctatio
2271 3360 2452 3428 procul
2481 3361 2701 3430 aufugit.
2753 3362 2827 3415 De
2872 3363 3009 3416 bona
3059 3363 3319 3430 siquidem
3366 3365 3632 3420 voluntate

2089 3451 2266 3504 domui
2317 3452 2654 3518 imperatoris
2696 3452 2852 3506 valde
2893 3463 3069 3506 certus
3111 3468 3261 3516 sum,
3290 3455 3427 3522 quod
3455 3457 3630 3508 omnia

2089 3540 2152 3592 ad
2178 3540 2508 3593 rectitudinis
2531 3554 2770 3594 normam
2800 3542 2852 3593 in
2880 3556 3042 3610 regno
3063 3543 3160 3595 sibi
3185 3557 3215 3594 a
3236 3540 3347 3594 Deo
3374 3543 3498 3595 dato
3521 3545 3629 3596 dis—

2088 3627 2208 3694 poni
2249 3627 2553 3681 desiderat:
2595 3629 2687 3682 sed
2722 3637 2896 3682 tantos
2921 3642 3024 3681 non
3053 3629 3211 3682 habet
3231 3629 3628 3697 justitiatadju-

2090 3725 2249 3777 tores,
2272 3726 2495 3785 quantos
2519 3717 2677 3770 etiam
2703 3718 3088 3780 subversores;
3117 3719 3214 3772 nec
3235 3727 3409 3774 tantos
3435 3720 3626 3788 pracdi-

2086 3813 2313 3868 catores,
2327 3815 2555 3873 quantos
2569 3806 2918 3874 prtedatores;
2939 3807 3061 3873 quia
3078 3807 3254 3874 plures
3269 3816 3413 3869 sunt,
3429 3811 3514 3875 qui
3533 3823 3629 3860 sna

2085 3895 2563 3964 d'esiderant,quam
2578 3895 2670 3948 Dei
2686 3895 2901 3965 (Philip.
2919 3911 2980 3959 ιι,
2991 3896 3050 3949 21
3065 3897 3219 3965 ).Tua
3231 3913 3360 3951 vero
3378 3881 3632 3952 sanctitas

2085 3995 2115 4036 a
2131 3983 2339 4036 nemine
2352 3997 2570 4036 munera
2593 3985 2843 4052 suscipiat
2863 4000 2959 4053 pro
2977 3986 3169 4049 causis,
3184 3987 3308 4053 quia
3323 3987 3519 4054 optime
3539 4003 3630 4040 no-

2085 4071 2151 4124 sti
2180 4071 2231 4124 in
2255 4070 2369 4140 lege
2387 4068 2609 4136 dictum,
2629 4089 2843 4125 munera
2869 4084 3126 4127 excreant
3142 4075 3304 4126 corda
3323 4077 3627 4143 sapientum,

2083 4171 2130 4211 et
2158 4159 2448 4212 subvertant
2476 4159 2624 4213 verba
2654 4162 2916 4228 justorum
2947 4162 3148 4228 (Exod.
3173 4179 3306 4216 xxttt
3325 4166 3440 4233 ,8).
3476 4165 3626 4229 Quod

2085 4249 2280 4302 malum
2299 4249 2457 4302 nimie
2483 4249 2619 4302 inter
2635 4248 2964 4304 Christianos
2985 4251 3144 4320 viget,
3161 4253 3281 4319 quia
3306 4253 3393 4319 qui
3417 4255 3626 4320 propria

2085 4348 2332 4408 spernere
2345 4340 2619 4408 iubentur.
2635 4341 2806 4396 aliena
2825 4357 2946 4396 cum
2962 4343 3239 4411 iniquitate
3264 4345 3492 4411 rapiunt.
3518 4344 3628 4416 ll‘oc

449 4443 560 4482 rem
585 4430 636 4483 in
663 4430 906 4497 Domino,
928 4431 1008 4484 vel
1038 4431 1174 4484 illius
1219 4442 1402 4486 sancta
1451 4429 1808 4488 consolatione
1856 4437 1982 4500 frui,
2010 4417 2060 4474 Ι)
2087 4443 2210 4481 vero
2226 4428 2452 4480 maxime
2474 4435 2562 4482 tua
2585 4430 2718 4483 bona
2741 4429 3067 4496 providentia
3083 4431 3360 4497 prohibeat
3381 4432 3626 4484 omnibus

450 4518 535 4570 vel
579 4519 629 4572 in
675 4518 899 4588 loquela,
923 4519 1006 4572 vel
1033 4521 1085 4572 in
1115 4519 1307 4574 litteris
1337 4511 1710 4574 desiderarem.
1745 4521 1851 4576 Sed
1887 4525 1985 4577 mi-

410 4678 413 4680 _
447 4606 585 4662 seria
611 4597 765 4675 huius
791 4609 968 4661 mundi
997 4607 1249 4678 disiungit
1276 4610 1496 4671 charos,
1533 4617 1586 4662 et
1612 4610 1985 4664 convenientes

447 4701 658 4762 separat
683 4695 909 4756 animos,
940 4704 1096 4761 atque
1118 4697 1387 4751 armntlus
1409 4698 1600 4752 exinde
1626 4713 1720 4751 nos
1743 4700 1894 4755 docet
1917 4701 1981 4752 ad

449 4796 564 4834 eam
593 4779 843 4836 festinare
868 4783 1061 4847 vitam,
1100 4785 1188 4838 ubi
1233 4799 1500 4854 nunquam
1549 4789 1739 4841 charus
1791 4788 1978 4852 deerit,

447 4874 713 4948 nuntium!)
739 4870 992 4943 inimicus
1014 4867 1209 4935 aderit;
1257 4869 1407 4940 cuius
1439 4876 1558 4928 vita:
1604 4876 1980 4930 beatitudinem

445 4958 810 5027 qni-agnoscit,
838 4956 991 5012 facile
1012 4957 1168 5025 huius
1185 4961 1361 5013 sinenti
1382 4963 1581 5028 spernit
1605 4963 1840 5024 delicias,
1864 4963 2008 5028 quae’

447 5061 547 5099 non
576 5048 705 5100 sntiti
722 5047 944 5113 delicia,
971 5048 1066 5103 sed
1104 5048 1468 5116 deeeptidnes;
1527 5065 1632 5104 non
1658 5047 1980 5115 dulcedines,

446 5135 535 5187 sed
566 5135 975 5200 mitudincs;
1004 5148 1110 5191 non
1131 5150 1270 5190 vera
1295 5138 1618 5201 divitia:,sed
1637 5141 1780 5194 talsd:
1801 5141 1981 5193 adula-

514 5283 539 5310 ι
557 5271 715 5343 _lla_ne
734 5271 890 5340 epist.
921 5273 1176 5326 hactenus
1202 5274 1450 5343 ineditam
1473 5272 1654 5343 damus
1677 5273 1836 5343 (nunc
1859 5275 1977 5343 110)

446 5353 511 5408 gs
539 5341 742 5395 duobus
777 5343 913 5394 cod.-
931 5354 1058 5394 mss.
1075 5381 1091 5403 ,
1121 5351 1226 5396 uno
1253 5341 1539 5408 Salisburg.
1557 5378 1572 5403 ,
1599 5342 1766 5394 altero
1793 5341 1978 5394 Sanet-

445 5405 885 5474 Emmeramiano.
917 5409 1045 5474 Qum
1068 5411 1218 5464 uncis
1243 5410 1439 5462 inclusa
1466 5405 1589 5462 sunt
1622 5411 1674 5460 in
1722 5411 1834 5463 solo
1857 5411 1973 5463 eod.

449 5472 636 5542 Salisb.
659 5477 937 5532 habeatur.

474 5579 484 5610 _-
516 5545 543 5583 δ
583 5537 731 5610 Vobis
759 5544 822 5596 de
842 5533 998 5596 Italia
1015 5545 1389 5596 revertentibus.
1413 5543 1667 5596 Nimirum
1690 5559 1827 5597 anno
1851 5546 1970 5598 εστ.

450 5605 597 5673 Quod
627 5629 750 5674 vero
776 5611 1030 5666 Alcninus
1057 5611 1142 5663 hic
1179 5626 1280 5664 non
1312 5613 1375 5665 de
1399 5613 1559 5677 priori
1585 5614 1756 5680 aliqua
1800 5628 1975 5665 rever-

2088 4525 2190 4569 ture
2208 4515 2519 4570 veneranda:
2540 4518 2777 4570 veritatis
2803 4517 3118 4586 legationem
3141 4517 3517 4586 spectantibus.

2155 4605 2368 4659 Munera
2395 4621 2521 4660 vero
2567 4607 2862 4660 dilectionis
2907 4616 3094 4660 vestrm
3144 4608 3457 4660 suavissima
3505 4624 3626 4661 cum

2083 4698 2227 4750 omni
2280 4699 2474 4751 metuis
2527 4697 2799 4752 alacritate
2849 4698 3210 4766 suscepimus,
3259 4698 3380 4750 licet
3432 4697 3626 4748 nullius

2085 4802 2222 4839 nunc
2254 4802 2403 4841 mens
2426 4803 2541 4841 mea
2568 4789 2832 4842 desideret
2857 4784 3161 4838 munuscula
3201 4793 3419 4852 propter
3463 4785 3620 4836 animi

2085 4876 2184 4928 mei
2211 4877 2476 4946 requiem;
2515 4884 2602 4932 tua
2631 4884 2804 4929 tamen
2839 4873 2968 4927 mihi
3013 4882 3136 4926 sunt
3181 4886 3388 4940 semper
3427 4872 3623 4931 dulcia.

2084 4968 2308 5020 naxime
2331 4967 2381 5018 in
2412 4966 2758 5026 vestimentis,
2781 4970 2900 5033 qua:
2943 4978 3059 5017 meo
3086 4963 3295 5030 corpori
3343 4953 3475 5037 satis
3523 4977 3620 5028 0p-

2080 5063 2304 5120 portuna
2358 5067 2566 5122 semper
2610 5054 2841 5106 fuerunt.
2888 5053 3188 5106 Diresimus
3244 5051 3625 5104 benedictionis

2079 5141 2246 5210 gratis
2286 5144 2532 5197 eharitati
2557 5150 2745 5194 vestra:
2773 5141 2876 5194 duo
2902 5139 3071 5217 capita
3088 5177 3101 5200 ,
3123 5144 3342 5205 propter
3359 5131 3464 5190 duo
3485 5152 3619 5205 pne-

2081 5276 2229 5328 sione
2257 5270 2567 5342 Amonis_ex
2593 5267 2741 5342 italis
2757 5266 2980 5342 intelligi
3005 5265 3188 5332 possit,
3220 5263 3456 5342 ratitiest
3477 5260 3622 5328 quod

2083 5345 2192 5395 inec
2229 5339 2447 5408 epistola
2477 5337 2675 5408 directa
2702 5336 2868 5408 sit_ad
2905 5331 3172 5408 A'rnonem
3224 5331 3485 5408 legatiop'c
3516 5343 3617 5408 μετ

2082 5412 2214 5463 Mica
2244 5396 2308 5460 ἑά
2330 5401 2598 5458 faciendas
2617 5403 2881 5470 justiﬁes,
2903 5409 3060 5467 atque
3109 5402 3240 5452 adeo
3285 5396 3457 5460 'mlssi
3482 5396 3616 5514 regii

2082 5485 2295 5514 numam
2323 5476 2427 5514 iam
2451 5479 2780 5514 mni-tntum.
2809 5471 2946 5514 numl
2981 5469 3189 5514 demum
3219 5481 3354 5514 anno
3397 5464 3498 5514 802
3561 5479 3616 5514 a-

2081 5485 2295 5530 munere
2318 5464 2781 5543 jamioccupaturn,
2809 5471 2959 5543 quod
2977 5464 3195 5543 demum
3216 5481 3354 5543 prino
3397 5464 3618 5543 ευξλεμ-

2079 5556 2219 5598 ctum
2242 5531 2630 5603 es§e,dicemtis
2651 5531 2780 5591 infra
2795 5531 2859 5591 ad
2879 5536 3152 5607 epistolam
3177 5535 3274 5586 “'2
3301 5535 3460 5607 (nunc

2151 5626 2169 5651 ε
2216 5612 2287 5664 De
2314 5601 2576 5661 catholica
2602 5607 2724 5673 ﬁdei
2752 5601 3112 5659 ration'cNide
3138 5614 3291 5656 notas
3316 5604 3470 5672 epist.
3494 5601 3612 5651 152.
