4272 6200
648 312 753 376 395

1517 309 1575 361 ιι.
1616 308 1673 361 r.
1714 306 1929 361 ALBlNl
1970 307 2092 360 seu
2136 270 2400 360 Amm
2440 306 2715 369 orsum
2750 306 2926 362 rans
2958 306 2996 363 t.

3729 292 3907 368 δεῦθ’

650 420 973 474 miscendum
1010 418 1127 486 quis
1158 418 1383 485 ignorat,
1420 426 1472 470 ct
1508 417 1609 470 hoc
1643 415 1958 483 servandum
1996 422 2094 474 est,
2131 429 2191 465 ne
2221 420 2260 470 Α
2292 412 2470 481 culpas
2494 414 2547 466 in
2571 424 2908 470 accusatores
2933 431 3074 478 suos,
3109 431 3204 483 cur
3225 430 3317 471 eos
3345 425 3489 472 tanto
3514 428 3835 488 prosequan-

649 511 882 564 ntittatur
899 508 1068 563 vinum
1096 523 1279 561 novum
1302 508 1353 560 in
1379 516 1515 560 utres
1544 516 1761 569 ueteres;
1784 514 1830 558 et
1853 519 1996 557 nemo
2022 504 2193 556 bibens

648 609 785 652 vetus
816 599 987 651 statim
1015 594 1119 650 vult
1147 612 1326 650 novum
1346 635 1361 657 ,
1397 596 1520 649 dicit
1550 595 1684 647 enim
1703 634 1717 656 ,
1748 603 1884 646 retas
1914 592 2094 645 melius
2120 601 2192 643 est

648 684 797 755 (Luc.
826 700 880 749 v,
917 685 1005 749 37,
1039 684 1149 754 39).
1187 684 1377 738 Beatus
1405 683 1495 751 qui
1530 682 1763 751 loquitur
1797 681 1850 734 in
1885 695 2065 735 aurem
2095 693 2190 734 au-

645 776 896 839 dientem.
926 776 1106 832 Valeto
1128 776 1181 830 in
1204 789 1355 845 pace,
1381 774 1690 829 charissime
1715 771 1909 826 frater!

1091 895 1116 924 ι
1156 881 1481 937 EPISTOLA
1515 878 1738 935 CXLIX.

726 975 756 1016 δ
790 990 856 1028 ΔΙ)
893 988 1134 1029 οιιοιωι
1172 983 1685 1025 ειεειιεκτιεειιιιτιι
1724 982 2118 1021 IIPEMTOREI.

1008 1066 1011 1069 ’
1125 1058 1300 1129 (Anno
1326 1058 1431 1113 802
1456 1057 1537 1111 vel
1564 1055 1713 1126 803.)

647 1170 958 1239 Depreoatur
990 1184 1082 1239 pro
1113 1166 1371 1239 fratribus
1390 1164 1731 1239 S._‘Hartini;
1758 1162 1999 1239 illosque_,
2035 1172 2082 1216 et
2111 1179 2192 1239 se-

732 1253 879 1308 pstmt
913 1254 945 1291 a
976 1233 1243 1308 icalujnnia
1280 1233 1505 1308 defendit
1543 1243 1720 1308 contra
1759 1234 2103 1308 accusationes
2134 1233 2187 1287 ia

710 1302 868 1359 causa
905 1304 1044 1374 asyli
1059 1303 1245 1374 clerico
1278 1302 1633 1374 Aurelianeusi
1664 1302 1901 1370 praestiti,
1936 1310 1984 1353 et
2018 1315 2189 1352 verant

711 1388 919 1434 causam
947 1369 1048 1425 orti
1076 1370 1323 1424 tumultus
1348 1369 1547 1439 pandit.

710 1478 933 1536 Domino
954 1476 1395 1532 excellentissimo
1419 1484 1575 1544 atque
1598 1477 1742 1530 omni
1770 1476 1969 1531 honore
1994 1476 2191 1545 dignis-

643 1570 778 1626 simo
809 1567 998 1625 Carolo
1033 1567 1166 1636 regi,
1202 1566 1507 1635 imperatori
1539 1574 1698 1636 atque
1729 1566 1984 1636 Augusto,
2024 1567 2177 1620 victo-

642 1656 953 1719 riosissimo,
983 1655 1231 1718 maximo,
1256 1655 1456 1723 optimo
1483 1663 1642 1722 atque
1679 1654 2018 1708 serenissimo
2044 1654 2186 1707 Alhi-

2294 510 2378 555 tur
2405 501 2543 556 odio.
2585 503 2651 557 Et
2681 505 2893 581 mirum,
2922 506 3049 575 quid
3087 520 3146 560 se
3182 507 3233 560 in
3269 506 3494 562 alienam
3521 518 3703 562 contra
3721 508 3837 563 edi-

2289 600 2433 644 ctum
2470 591 2601 661 legis
2632 607 2857 647 messem
2897 594 3108 649 mittere
3144 594 3325 658 velint,
3364 594 3463 650 hoc
3491 596 3630 650 idem
3658 596 3838 665 prohi-

2287 681 2445 736 bente
2471 683 2680 754 egregio
2702 684 2938 747 doctore,
2968 686 3056 739 ubi
3089 686 3162 738 ait
3192 703 3206 739 :
3242 684 3317 738 Tu
3341 687 3455 755 quis
3478 703 3550 749 es,
3586 688 3674 757 qui
3712 688 3838 740 alie-

2288 784 2410 820 num
2447 786 2644 823 servum
2674 770 2927 839 judicas?
2962 788 3056 825 suo
3095 772 3314 826 Domino
3343 775 3495 827 stabit
3523 784 3613 827 aut
3652 775 3831 838 cadet,

2286 857 2437 909 stabit
2457 858 2683 925 quidem,
2705 870 2880 946 potens
2900 870 2974 914 est
3001 860 3247 914 Dominus
3271 871 3494 915 statuere
3513 880 3628 917 eum
3657 865 3832 934 (Rom.

2287 958 2393 1006 xxv,
2430 944 2505 1015 ι).
2542 944 2569 984 δ
2598 947 2768 1001 liabet
2797 944 2939 1002 enim
2966 949 3225 1018 Tyronica
3255 951 3441 1005 civitas
3475 963 3743 1020 pastorem
3778 962 3833 1011 tn

2284 1032 2520 1087 moribus
2545 1033 2800 1098 electum,
2830 1036 2885 1088 in
2911 1036 3283 1110 prmdicatione
3310 1038 3555 1093 devotum
3573 1080 3589 1104 ,
3617 1042 3708 1110 qui
3740 1044 3835 1097 tri-

2283 1120 2376 1175 tici
2399 1135 2701 1176 mensuram
2725 1120 2936 1200 familiae
2961 1123 3157 1181 Christi
3186 1124 3383 1194 optime
3413 1127 3714 1184 ministrare
3735 1144 3836 1188 no-

2284 1207 2378 1263 vit.
2411 1208 2600 1277 Vigilet
2627 1210 2990 1278 unusquisque
3027 1219 3205 1278 pastor
3234 1226 3392 1280 super
3414 1227 3629 1283 gregem
3654 1231 3831 1282 suum,

2284 1310 2352 1349 ne
2372 1296 2489 1364 quis
2511 1297 2562 1349 in
2584 1310 2648 1349 eo
2670 1298 2853 1366 gratia:
2877 1296 2969 1350 Dei
2994 1296 3150 1361 desit,
3172 1306 3230 1351 ut
3254 1294 3373 1352 cum
3394 1310 3576 1368 pastor
3594 1304 3831 1359 omnium

2262 1384 2547 1447 adveniat,
2578 1385 2763 1454 dignos
2785 1400 2895 1472 .eos
2938 1386 3170 1439 inveniat
3209 1397 3460 1456 perpetua
3505 1394 3832 1448 remunerari

2285 1474 2544 1527 mercede.
3164 1516 3172 1523 .

2353 1562 2428 1639 De
2453 1578 2711 1618 concursu
2735 1579 2862 1619 vero
2896 1574 2949 1619 et
2986 1564 3211 1619 tumultu
3235 1568 3324 1635 qui
3352 1578 3503 1624 ortus
3537 1580 3619 1626 est
3656 1574 3709 1627 in
3745 1588 3834 1630 ec-

2283 1651 2442 1705 clesia
2477 1651 2615 1706 beati
2644 1652 2881 1717 Martini,
2910 1655 2993 1708 vel
3026 1653 3167 1708 foras
3199 1655 3252 1708 in
3281 1657 3439 1720 atrio,
3467 1658 3520 1711 in
3546 1671 3831 1731 conspectu

641 1764 741 1803 nus
776 1746 1185 1810 matricularius,
1215 1721 1491 1815 przesentis
1517 1721 1883 1815 prosperitatis
1914 1752 1968 1799 et
1997 1743 2185 1799 futurae
2214 1721 2258 1781 Β
2285 1738 2423 1794 illius
2464 1748 2628 1795 testor
2654 1743 2743 1810 qui
2781 1740 3105 1812 singulorum
3140 1745 3299 1799 corda
3334 1746 3652 1812 considerat,
3676 1721 3831 1817 quod

641 1834 981 1891 beatitudinis
999 1842 1247 1889 aeternam
1272 1834 1325 1887 in
1347 1833 1568 1887 Domino
1588 1831 1695 1886 Deo
1712 1831 1923 1887 Christo
1942 1831 2183 1885 salutem.

710 1926 767 1980 in
788 1926 957 1993 prima
982 1924 1169 1978 harum
1194 1922 1330 1978 facie
1353 1922 1644 1975 litterarum
1665 1920 1794 1975 mihi
1810 1936 1875 1975 ex
1899 1930 2009 1976 toto
2029 1921 2188 1975 corde

641 2014 930 2083 gratiarum
960 2012 1196 2066 actiones
1220 2011 1443 2065 Domino
1467 2009 1575 2064 Deo
1603 2018 1784 2064 nostro
1812 2010 2041 2078 agendas
2068 2022 2187 2062 esse

640 2101 811 2164 video,
847 2115 951 2173 pro
990 2100 1243 2169 sospitate
1292 2106 1346 2153 et
1394 2099 1565 2153 salute
1610 2107 1813 2162 vestra,
1863 2113 1969 2151 non
2016 2098 2184 2151 solum

641 2190 769 2245 mihi
792 2230 805 2251 ,
866 2189 957 2243 sed
1007 2189 1251 2243 omnibus
1301 2186 1616 2244 Christianis
1664 2187 1816 2239 valde
1867 2186 2183 2239 necessaria.

634 2275 838 2333 Deinde
880 2291 910 2329 a
951 2276 1145 2344 pietate
1170 2284 1359 2329 vestra:
1385 2275 1635 2327 bonitatis
1675 2273 2037 2327 misericordia
2064 2288 2184 2328 cor-

636 2377 764 2433 pore
796 2370 1079 2431 prostrato,
1110 2361 1267 2416 corde
1295 2362 1543 2425 contrito,
1568 2376 1699 2414 voce
1735 2360 2062 2430 lacrymabili
2090 2360 2185 2416 de-

637 2451 898 2522 precanda
922 2458 1004 2505 est
1025 2464 1123 2519 pro
1147 2448 1399 2504 fratribus
1426 2450 1593 2503 sancti
1623 2448 1851 2511 Martini,
1883 2449 1935 2501 in
1962 2464 2183 2515 quorum

628 2554 724 2594 me
757 2538 1030 2593 servitium
1054 2545 1231 2591 vestra
1262 2537 1473 2591 bonitas
1493 2536 1733 2603 quamvis
1770 2535 1942 2589 minus
1970 2535 2183 2605 dignum

638 2623 920 2699 delegavit.

706 2710 873 2770 Deum
907 2715 1093 2769 invoco
1119 2721 1307 2769 testem
1332 2713 1667 2769 conscientiae
1695 2729 1853 2777 meae,
1882 2716 2023 2782 quod
2051 2730 2185 2769 nun-

636 2818 795 2872 quam
823 2817 914 2857 eos
941 2803 1072 2857 tales
1095 2804 1360 2867 intellexi,
1386 2802 1570 2871 quales
1593 2804 1748 2857 audio
1776 2804 1891 2859 illos
1914 2819 1944 2856 a
1969 2805 2186 2871 quibus—

637 2896 757 2949 dam
800 2894 1072 2969 denotari,
1114 2894 1205 2962 qui
1245 2894 1538 2962 paratiores
1575 2902 1698 2947 sunt
1740 2907 1990 2954 accusare
2024 2906 2181 2961 quam

636 2983 859 3038 salvere.
900 2982 956 3036 In
989 2991 1244 3051 quantum
1270 2995 1397 3035 veno
1420 2981 1585 3045 videri
1608 2980 1807 3058 poterit
1830 2989 1883 3034 et
1916 2968 2178 3048 cognosci,

635 3072 791 3141 digne
816 3070 925 3127 Deo
962 3048 1161 3129 faciunt
1189 3068 1363 3129 ofticia
1399 3069 1452 3122 in
1487 3048 1737 3123 ecclesias
1768 3068 1984 3132 Christi,
2018 3070 2175 3137 sicut,
2202 3048 2248 3109 ο

634 3157 910 3213 verissime
934 3165 1115 3221 testor,
1145 3156 1430 3227 perfectius
1455 3173 1560 3210 non
1585 3157 1690 3211 vidi
1717 3154 1846 3212 alios
1866 3158 1916 3211 in
1947 3160 2180 3227 quolibet

632 3246 752 3322 loco
775 3245 1123 3310 celebrantes,
1162 3261 1260 3301 nec
1293 3246 1613 3315 diligentius,
1648 3247 2023 3301 consuetudine
2048 3262 2180 3315 quo-

633 3334 855 3411 tidiana,
875 3349 972 3404 pro
990 3342 1167 3389 vestra
1193 3334 1569 3397 incolumitate,
1594 3342 1648 3388 et
1668 3322 1953 3387 Christiani
1975 3334 2180 3402 imperii

636 3423 921 3478 stabilitate
949 3422 1295 3475 intercedere.
1327 3421 1541 3474 Illorum
1567 3420 1825 3489 siquidem
1850 3424 2179 3476 conversatio

635 3520 689 3567 et
715 3510 820 3564 vita
848 3523 878 3563 a
900 3508 1013 3562 viro
1036 3508 1291 3576 perfecto,
1322 3517 1374 3562 et
1390 3508 1566 3578 judice
1591 3510 1916 3579 incorrupto,
1944 3520 1998 3565 et
2017 3512 2180 3565 misso

638 3596 777 3653 fideli
800 3609 821 3637 ο
845 3597 1083 3661 Vuidone
1102 3596 1270 3661 audiri
1300 3606 1488 3666 potest,
1515 3598 1604 3666 qui
1626 3613 1807 3652 eorum
1834 3600 2007 3652 omnia
2032 3614 2179 3653 scru-

638 3696 758 3741 tans
781 3685 993 3754 agnovit
1017 3684 1142 3753 quid
1166 3683 1400 3756 egissent
1421 3686 1504 3760 vel
1527 3685 1753 3753 qualiter
1776 3687 2045 3741 vixissent.

707 3770 815 3825 Nec
837 3785 934 3839 ego
958 3772 1139 3825 tardus
1168 3770 1241 3825 fui
1262 3788 1353 3826 eos
1377 3773 1657 3825 admonere
1677 3772 1743 3826 de
1772 3774 2042 3827 honestate
2068 3790 2179 3828 mo-

639 3854 937 3912 nasterialis
963 3858 1106 3922 vitze,
1136 3860 1274 3912 sicut
1300 3858 1374 3911 illi
1399 3859 1495 3927 ipsi
1524 3867 1683 3913 testes
1707 3868 1848 3923 sunt,
1874 3860 1918 3913 si
1944 3862 2060 3929 quis
2089 3878 2177 3917 eo.

638 3959 754 3998 rum
778 3945 1078 3999 testimonio
1098 3943 1415 4007 credendum
1437 3954 1617 4013 putat;
1643 3961 1812 4023 neque
1836 3946 2043 4003 illorum
2066 3951 2176 4011 scio

704 4105 739 4137 σ
766 4094 989 4149 Froben.
1016 4095 1173 4161 epist.
1204 4095 1324 4149 195.
1882 4138 1892 4155 ._

711 4164 742 4203 δ
764 4162 864 4216 iste
882 4170 962 4215 est
987 4162 1168 4233 titulus
1187 4163 1354 4233 ipsius
1371 4163 1567 4233 codicis
1580 4164 1875 4233 lliarleiani.
1904 4165 2174 4233 iungenda

640 4241 721 4285 cst
758 4245 993 4299 prmsens
1026 4229 1242 4299 epistola
1282 4231 1485 4299 duabus
1524 4231 1657 4292 aliis,
1702 4234 1754 4285 in
1798 4249 1957 4286 causa
1995 4229 2171 4292 clerici

640 4298 1046 4367 Aurelianensis,
1070 4298 1157 4364 qui
1188 4299 1255 4352 ab
1282 4298 1527 4367 episcopo
1554 4315 1647 4353 suo
1675 4301 1726 4353 in
1756 4315 2019 4354 carcerem
2048 4318 2172 4363 con-

635 4368 802 4434 jectus
829 4366 946 4419 inde
974 4366 1180 4434 elapsus
1219 4376 1318 4427 est,
1349 4376 1401 4420 et
1439 4366 1501 4419 ad
1546 4370 1711 4423 sancti
1754 4369 1959 4424 Martini
2001 4372 2173 4425 basili-

641 4449 753 4508 ealu
779 4434 1162 4508 _tanquam__ad
1201 4434 1709 4508 asylumeonfugit,
1752 4440 1995 4507 scrupis.
2040 4455 2170 4508 quas

642 4499 859 4567 inferius
882 4500 981 4553 col.
1008 4499 1110 4553 408
1138 4510 1189 4552 et
1214 4499 1325 4567 seq.
1352 4499 1676 4557 exhibemus.

712 4566 958 4643 Senserat
978 4567 1229 4643 Alcuinus
1256 4566 1494 4643 es_epist.
1528 4573 1625 4643 [l9
1660 4572 1820 4643 (nunc
1849 4574 1967 4643 158)
1996 4576 2165 4630 Caroli

643 4635 976 4705 iinperatoris
1010 4637 1242 4705 animum
1272 4635 1519 4689 adversus
1547 4635 1735 4691 fratres
1759 4635 2112 4705 Turonenses,
2140 4660 2169 4697 a

644 4700 930 4776 Theodulfo
942 4704 1005 4755 de
1022 4704 1417 4776 inhonoratione
1434 4705 1698 4776 hominum
1714 4707 1867 4768 illius,
1885 4709 1987 4759 imo
2008 4700 2170 4776 ipsius

641 4769 869 4841 episcopi
906 4777 1063 4835 atque
1098 4772 1381 4838 imperialis
1419 4787 1525 4825 suae
1560 4773 1831 4841 jussiouis,
1874 4769 2167 4841 accusatos,

642 4838 834 4909 acriter
852 4851 978 4909 esse
1006 4847 1341 4909 commotum,
1377 4854 1536 4909 seque
1566 4838 1742 4909 ipsum
1786 4838 2171 4909 quodammodo

640 4905 693 4955 in
724 4904 1071 4980 suspicionem
1100 4904 1317 4980 neglecti
1344 4904 1499 4980 officii
1522 4904 2004 4980 adductumffuisse.
2032 4914 2169 4980 Qua-

640 4980 851 5040 propter
877 4972 929 5024 in
958 4973 1056 5023 hac
1084 4971 1301 5040 epistola
1337 4976 1505 5040 primo
1537 4990 1653 5027 cum
1684 4977 1907 5031 Iuaxima
1939 4971 2167 5039 submis-

642 5038 789 5089 sione
818 5039 1149 5107 imperatoris
1174 5038 1401 5091 animum
1428 5042 1636 5107 placare
1665 5051 1716 5094 et
1744 5046 1807 5095 ad
1839 5046 2167 5105 clementiam

644 5057 789 5089 sione
818 5057 1149 5107 imperatoris
1174 5057 1401 5091 ammum
1465 5057 1636 5096 taeare
1665 5057 1716 5094 et
1744 5057 1807 5095 au
1839 5057 2167 5105 elementiam

644 5118 971 5181 commovere
1005 5116 1256 5181 conatur;
1284 5057 1476 5181 dein;
1501 5109 1845 5181 fratres__suos
1878 5116 1943 5167 ab
1978 5116 2167 5181 injusta

642 5170 1058 5246 adversariorum
1093 5175 1351 5246 delatione
1386 5174 1631 5240 defendit,
1675 5178 1889 5246 illosque
1915 5182 1965 5233 in
1987 5170 2167 5241 officiis

645 5238 843 5323 divinis
856 5239 1177 5323 celebrandis
1450 5251 1506 5321 et
1540 5238 2013 5323 assiduos,'nullius
2046 5238 2166 5323 erga

641 5308 944 5383 episcopum
964 5307 1386 5383 Aurelianean
1416 5309 1635 5383 injurias,
1656 5307 1851 5383 nullius
1877 5331 1998 5383 erga
2023 5307 2168 5373 maii-

644 5373 762 5443 data
789 5373 931 5443 regis
962 5375 1341 5443 inobedientke,
1373 5373 1565 5432 nullius
1602 5373 1666 5432 ad
1704 5398 1847 5437 reum
1888 5373 2168 5441 defenden-

644 5439 765 5523 dum
784 5439 1187 5523 conspirationis
1211 5439 1335 5523 reos
1357 5460 1471 5523 esse
1494 5449 1719 5523 ostendit
1741 5469 1753 5513 ;
1774 5439 2000 5523 :lnsuper
2020 5439 2168 5511 veras

646 5508 895 5592 tumulti?
917 5508 1004 5592 et
1029 5520 1303 5592 commota:
1325 5515 1603 5592 adversus.
1646 5508 1883 5592 homines
1902 5508 2171 5592 ‘episcopi,

648 5587 790 5626 reum
816 5576 880 5628 ad
904 5577 1079 5645 priora
1100 5577 1300 5632 vincula
1324 5588 1501 5651 rapere
1528 5584 1772 5651 volentes,
1796 5576 1961 5657 plebis'
1978 5576 2163 5647 causas

2282 1844 2381 1884 nec
2407 1845 2492 1885 me
2515 1832 2841 1892 exhortante,
2873 1834 2953 1886 vel
2977 1834 3306 1901 praescich,
3334 1836 3417 1890 vel
3440 1837 3598 1891 etiam
3624 1838 3829 1898 volente

2284 1917 2453 1972 factus
2494 1927 2603 1984 est;
2648 1936 2755 1976 nec.
2774 1936 3003 1989 unquam
3034 1936 3117 1975 me
3143 1922 3327 1989 majori
3365 1940 3482 1979 esse
3509 1929 3746 1996 angustia
3772 1929 3824 1981 in

2283 2005 2468 2059 alienis
2486 2008 2740 2074 peccatis,
2769 2023 2925 2076 quam
2954 2017 3077 2062 tunc
3099 2012 3348 2079 temporis
3375 2027 3460 2067 me
3490 2013 3601 2068 fore
3628 2014 3823 2079 fateor;

2283 2108 2381 2147 nec
2415 2103 2666 2162 quantum
2705 2096 2992 2166 intelligere
3031 2100 3194 2165 potui,
3240 2098 3318 2152 vel
3361 2100 3563 2165 audire,
3609 2102 3828 2158 fratrum

2283 2185 2501 2239 consilio
2526 2187 2809 2255 quidquam
2837 2186 2957 2239 inde
2995 2196 3197 2254 gestum
3226 2200 3336 2253 est;
3376 2191 3483 2245 imo
3510 2208 3609 2248 nec
3640 2195 3831 2263 volun-

2283 2278 2443 2324 tatem
2485 2285 2666 2325 eorum
2706 2287 2989 2340 agnoscere
3027 2276 3193 2341 potui,
3239 2282 3296 2327 ut
3333 2276 3511 2343 fieret;
3552 2295 3652 2341 nec
3689 2282 3832 2343 ullus

2283 2358 2445 2412 Deum
2475 2360 2683 2422 timens,
2722 2360 2804 2413 vel
2830 2376 2938 2414 suze
2968 2361 3149 2415 salutis
3178 2378 3356 2417 curam
3389 2367 3605 2431 habens,
3636 2379 3695 2422 ut
3722 2387 3828 2425 non

2281 2449 2454 2502 dicam
2496 2448 2685 2510 facere,
2733 2450 2825 2503 sed
2871 2449 3028 2503 etiam
3074 2466 3173 2505 nec
3214 2452 3445 2521 cogitare
3486 2454 3680 2510 debere
3721 2473 3828 2512 non

2277 2538 2500 2592 dubium
2530 2547 2629 2592 est.

2351 2644 2595 2713 Nunquid
2620 2661 2721 2699 non
2754 2648 2943 2701 missus
2973 2648 3302 2702 auctoritatis
3326 2658 3537 2713 vestrae,
3562 2652 3644 2704 vir
3671 2667 3828 2713 vene‘

2282 2733 2465 2786 rabilis
2480 2733 2788 2788 Teotbertus
2803 2735 2982 2788 decem
3005 2746 3057 2788 et
3078 2750 3263 2788 novem
3279 2736 3391 2790 dies
3410 2753 3505 2804 pro
3533 2738 3630 2791 hac
3656 2739 3827 2806 inqui-

2281 2822 2474 2875 sitione
2500 2823 2636 2876 inter
2663 2837 2758 2874 nos
2785 2820 2915 2885 fuit;
2946 2812 3180 2876 etiamet
3205 2838 3300 2891 per
3325 2825 3470 2879 vit-es
3489 2835 3827 2882 accusatores

2280 2909 2448 2961 nostri
2466 2922 2585 2961 cum
2607 2908 2700 2962 eo?
2713 2924 2845 2977 quos
2856 2908 3061 2964 volebat
3085 2911 3384 2980 flagellavit,
3403 2928 3536 2980 quos
3549 2916 3755 2970 volebat
3771 2919 3822 2969 in

2282 3009 2521 3059 catenam
2553 3000 2714 3062 misit,
2735 3010 2867 3067 quos
2887 3000 3094 3058 volebat
3110 3001 3290 3069 jurare
3312 3001 3455 3067 fecit,
3474 3020 3608 3072 quos
3629 3006 3823 3073 placuit

2279 3090 2347 3143 ad
2362 3098 2588 3141 vestram
2608 3089 3176 3154 vocavitprresentiam.
3196 3089 3413 3143 Frustra
3428 3106 3522 3159 ego
3537 3102 3684 3147 tanto
3700 3102 3824 3147 tem-

2277 3188 2405 3241 pore
2431 3174 2723 3227 serviebant
2750 3168 2970 3227 Domino
2998 3189 3116 3227 meo
3138 3174 3259 3230 Jesu
3294 3175 3523 3241 Christo,
3555 3179 3600 3232 si
3628 3183 3680 3233 in
3704 3188 3815 3232 tan-

2278 3269 2389 3313 tum
2412 3261 2552 3315 illius
2577 3276 2661 3313 me
2684 3261 3040 3315 misericordia
3069 3272 3121 3319 et
3143 3264 3471 3331 providentia
3486 3265 3738 3331 deseruit,
3763 3276 3819 3323 ut

2278 3348 2332 3401 in
2364 3357 2467 3402 tam
2487 3350 2702 3417 impium
2729 3348 2902 3407 scelus
2921 3351 2971 3402 in
2998 3351 3182 3406 diebus
3208 3354 3494 3407 senectutis
3519 3370 3647 3409 mea:
3667 3358 3818 3410 cade-

2278 3450 2388 3488 rem
2408 3452 2439 3501 ς⁹
2467 3437 2559 3488 sed
2583 3437 3074 3506 verissimeahsque
3104 3440 3249 3495 omni
3280 3440 3606 3498 dubitatione
3629 3444 3812 3511 fateor,

2278 3536 2374 3574 nec
2424 3530 2626 3579 tantum
2672 3523 2868 3581 mereri
2906 3524 3040 3578 velle
3079 3526 3487 3595 auri-quantum
3525 3541 3630 3588 tota
3660 3534 3818 3597 habet

2272 3611 2523 3674 Francia,
2547 3620 2603 3663 ut
2630 3627 2695 3668 ex
2724 3626 2842 3666 meo
2867 3614 3083 3673 cons‘lio
3100 3616 3175 3668 vel
3193 3622 3573 3691 praparatione
3592 3631 3696 3677 tam
3720 3638 3814 3692 pc-

2276 3698 2533 3752 rieulosus
2556 3701 2806 3756 tumultus
2830 3703 2884 3755 in
2904 3702 3137 3765 Ecclesia
3156 3705 3349 3759 Christi
3368 3720 3508 3763 esset
3535 3711 3813 3765 adunatus.

2276 3784 2385 3854 Ego
2415 3801 2538 3839 vero
2561 3803 2759 3856 pauper
2785 3800 2837 3842 et
2861 3791 3168 3857 peregrinus
3212 3793 3264 3845 in
3310 3795 3408 3847 hoc
3434 3797 3623 3851 sacculo
3650 3798 3816 3853 Deum

2260 3877 2453 3939 ‘timco,
2470 3888 2735 3946 perpetua:
2747 3879 2931 3933 salutis
2946 3880 3133 3935 anima:
3152 3897 3279 3937 mem
3300 3886 3817 3958 quantulumcunque

2274 3981 2452 4020 curam
2474 3968 2691 4031 habens,
2721 3985 3016 4039 quanquam
3048 3974 3220 4027 minus
3240 3975 3469 4041 perfecte
3494 3978 3596 4031 hoc
3619 3979 3672 4037 in
3703 3982 3813 4034 vita

2274 4114 2474 4192 aperit;
2498 4116 2830 4182 semetipsum
2856 4117 3080 4192 denique
3104 4120 3253 4192 initio
3284 4121 3443 4192 totius
3464 4123 3537 4175 rei
3567 4124 3751 4191 ignaru

2272 4178 2485 4260 fuisse,"
2505 4178 2697 4260 postea
2730 4198 2855 4260 vero
2904 4185 2969 4236 ad
2995 4178 3290 4260 "tumultum
3333 4178 3618 4256 sedandum
3678 4178 3787 4249 ηἰᾞί

2272 4249 2559 4327 ξυὶιοίῐίεἱί
2605 4251 2946 4327 intermisisse
2992 4256 3300 4327 gravissime
3346 4249 3700 4327 contestatur;
3752 4258 3808 4318 et

2274 4317 2323 4369 in
2363 4318 2547 4397 horum
2589 4320 2819 4397 omnium
3054 4323 3117 4397 ad
3159 4326 3511 4397 testimon.unt
3557 4317 3806 4397 provocat

2272 4386 2528 4453 regiorum
2560 4387 2684 4461 miss
2708 4402 2832 4461 orum
2879 4388 3114 4461 Widonis
3156 4403 3208 4447 et
3252 4386 3571 4461 Teotberti.'
3593 4386 3805 4455 Maximi

2266 4464 2547 4533 propterea
2558 4525 2565 4533 Ι
2585 4456 2695 4507 hzec
2717 4455 2945 4533 epistola
2976 4460 3210 4533 habenda
3226 4472 3339 4533 est,
3367 4455 3509 4530 quod
3557 4482 3651 4533 per
3685 4462 3803 4520 eam

2200 4560 2209 4567 .
2267 4522 2491 4596 galeam
2517 4522 2600 4596 illa
2627 4527 2984 4596 controversia
3009 4529 3237 4596 episcopi
3267 4522 3655 4588 Aurelianensis
3682 4550 3803 4592 cum

2270 4588 2660 4663 Turonensibus
2687 4592 2738 4663 in
2772 4594 2988 4663 pleniori
3023 4588 3136 4649 luce
3160 4588 3534 4663 e’onstituatur,
3561 4611 3613 4657 ct
3652 4588 3798 4661 iuno;

2268 4660 2437 4784 sti‘ntlia
2464 4658 2683 4719 istorum
2706 4660 3033 4727 (gravissima
3056 4663 3258 4717 Alcuini
3286 4658 3673 4738 testiﬁcatione)
3697 4658 3802 4729 vius

2325 4739 2381 4775 ce
2408 4740 2487 4776 ur.

2325 4735 2487 4776 CCII".

2339 4802 2359 4826 ε
2385 4791 2621 4870 ,γίόοηεη
2663 4794 2886 4871 Comite,
2926 4799 3012 4867 qui
3056 4801 3331 4871 inﬁmarea
3376 4803 3656 4871 Britanniae
3687 4805 3801 4861 Cis-

2268 4866 2483 4938 marinzn
2526 4866 2853 4938 praesidebat,
2894 4884 3047 4935 quem
3092 4870 3233 4922 illum
3279 4867 3646 4938 ipsum‘fuisise
3688 4875 3800 4929 exi-

2267 4932 2440 4985 stimo.
2491 4934 2570 4983 cui
2621 4932 2870 4987 Alcuinus
2913 4932 3103 4989 lihrum
3152 4938 3226 4989 De
3268 4932 3532 4991 virtutibus
3576 4950 3623 4993 et
3667 4944 3799 4995 uitiis

2268 4995 2551 5069 inscripsit,
2580 4998 2796 5053 inferius
2835 5002 2970 5053 inter
2999 5004 3257 5069 Opuscnla
3291 5004 3499 5059 Moralia
3540 5009 3798 5063 exhiben-

2266 5060 2725 5138 dttmaphi'videas
2763 5072 3013 5138 monitum
3042 5060 3311 5138 prmvium.
3612 5060 3635 5061 “⁷
3670 5060 3763 5079 “”τ

2334 5129 2359 5169 d
2401 5126 2561 5209 liabet
2589 5150 2651 5209 en
2673 5150 2723 5189 ιη
2766 5134 3013 5209 Tinctum
3043 5126 3248 5209 lcitjt'tas
3267 5149 3542 5209 pastorem,
3572 5152 3687 5196 'ete.
3722 5146 3797 5198 De

2264 5194 2490 5277 Josepho
2524 5201 2768 5277 episcopo
2796 5194 3084 5277 Turonensi
3116 5194 3367 5277 loquit'ur,
3395 5209 3484 5274 qui
3706 5194 3793 5267 illa

2266 5267 2646 5345 quaoAlcuinus
2672 5270 2922 5345 decessit,
2952 5289 2995 5345 ac
3044 5267 3317 5345 inagstima;
3493 5277 3794 5343 splendoris

2266 5334 2560 5411 claritatem
2604 5352 2760 5411 super
2798 5334 3074 5411 ecclesiam
3122 5341 3177 5394 S.
3208 5341 3453 5411 Martini,
3492 5334 3546 5397 ei
3580 5334 3790 5400 beatam

2266 5400 2402 5483 illius
2428 5400 2734 5483 animantia}
2762 5406 2951 5459 cmlum
2996 5417 3272 5483 penetrare
3295 5400 3793 5483 _vitlit7,‘corpusque

2264 5467 2511 5547 defuncti,
2553 5473 2665 5547 pias
2703 5472 2974 5547 lacr_y_mas_
2996 5467 3241 5547 fundens,
3278 5467 3608 5535 deosculatus.
3629 5467 3728 5547 est:
3764 5467 3783 5535 ἰ

2265 5543 2322 5589 ut
2345 5548 2523 5591 narrat
2548 5542 2773 5608 scriptor
2797 5542 2926 5595 Vita:
2948 5544 3174 5608 Alcuinl,
3200 5560 3342 5597 num.
3374 5548 3441 5600 30
3459 5557 3525 5603 .et
3552 5562 3664 5617 seq.
3717 5542 3729 5593 ἶ
