4272 6276
365 469 367 472 ‘
421 456 523 516 397

1799 444 2165 502 ειδιδτοικε.

3505 445 3606 508 398

419 563 698 622 claruisset
720 575 864 626 mea;
893 569 946 613 et
982 559 1210 613 maxime
1237 574 1374 614 nunc
1419 559 1471 612 in
1504 559 1687 612 diebus
1723 565 1964 610 senectu-
1993 565 2037 618 Λ
2067 554 2164 607 diri
2216 559 2388 621 potest
2437 552 2561 620 quid
2605 552 2854 621 egissent,
2901 551 2991 620 qui
3037 560 3090 607 et
3131 551 3229 621 ipsi
3278 550 3605 620 juravcrunt,

421 655 490 707 tis
513 662 569 708 et
592 649 914 705 inﬁrmitatis
939 663 1069 704 meai
1100 647 1502 717 prmcaVendum
1530 648 1678 701 mihi.
1708 645 1836 700 Novi
1863 653 1970 698 tam

420 739 861 805 immanissimum
896 739 1112 795 sceleris
1157 737 1393 809 pondus,
1433 739 1524 806 qui
1555 737 1814 807 judicium
1851 737 1973 790 vitae

421 848 552 888 mea
573 831 704 886 mihi
733 830 1182 901 appmpinquasse
1224 842 1329 882 non
1354 828 1559 897 ignoro.
1605 825 1771 893 Hujus
1788 823 1973 894 judicii

418 923 612 977 timore
651 935 683 975 a
720 919 946 974 tumultu
983 903 1350 985 hujus°sazculi
1395 924 1586 992 vestra
1632 910 1974 968 beatitudinis

419 1010 642 1067 consilio
684 1025 769 1065 me
801 1009 1044 1075 liberavi,
1088 1017 1148 1063 ut
1188 1008 1397 1076 quietus
1427 1006 1535 1060 Deo
1572 1005 1671 1060 soli
1695 1004 1972 1065 servirem,

419 1117 519 1175 pro
550 1103 807 1169 vobisque
847 1100 900 1154 in
926 1100 1405 1154 remunerationem
1440 1097 1675 1151 omnium
1715 1096 1974 1150 bonorum

418 1205 538 1261 qum
568 1191 700 1246 mihi
726 1190 834 1244 Deo
858 1189 1178 1259 propitiante
1212 1187 1412 1257 egistis,
1460 1185 1785 1254 quotidianis
1814 1185 1977 1237 inter-

423 1280 668 1336 cederem
693 1279 961 1349 lacrymis.

488 1368 751 1423 Caeterum
781 1366 939 1434 hujus
974 1366 1229 1422 tumultus
1271 1367 1530 1420 rationem
1571 1363 1857 1418 secundum
1895 1373 1976 1412 ve-

420 1457 652 1522 ritatem,
676 1466 929 1527 quantum
954 1457 1245 1527 intelligere
1264 1456 1421 1515 valui,
1444 1462 1634 1508 vestrae
1653 1450 1977 1507 excellentiae

420 1544 652 1613 pandere
688 1558 793 1599 non
831 1545 1105 1608 erubesco,
1156 1543 1352 1600 nemini
1397 1557 1622 1612 parcens
1653 1555 1759 1610 quo
1802 1539 1977 1593 minus

419 1629 630 1693 veritati
669 1629 1032 1690 testimonium
1065 1629 1352 1701 proferam.
1394 1629 1615 1682 Videtur
1660 1628 1802 1681 enim
1849 1626 1979 1679 mihi

421 1720 622 1789 nullum
647 1720 767 1790 plus
787 1735 1037 1791 peccasse
1060 1721 1114 1774 in
1139 1721 1297 1790 hujus
1324 1718 1610 1789 impietatis
1632 1716 1792 1781 facto,
1819 1730 1978 1785 quam

421 1809 695 1866 custodem
728 1810 871 1866 illius
893 1811 1157 1877 scelerati,
1184 1827 1249 1866 ex
1277 1810 1428 1879 cujus
1467 1810 1785 1880 negligentia
1831 1818 1977 1862 tanta

2070 640 2263 696 nullius
2287 655 2342 694 se
2368 640 2469 694 hoc
2497 641 2669 711 ipsum
2705 641 2877 709 egisse
2919 640 3147 704 hortatu,
3180 641 3281 696 nisi
3307 655 3372 696 ex
3414 642 3612 710 impetu

2069 731 2304 784 stultitia:
2326 744 2454 784 suae.
2481 729 2590 784 Nec
2612 729 2750 783 ullus
2776 745 2840 784 ex
2867 732 3034 785 vassis
3075 731 3240 784 sancti
3288 729 3496 784 Martini
3544 732 3614 785 ibi

2072 818 2189 882 fuit,
2211 819 2311 873 nisi
2342 834 2479 872 unus
2497 818 2829 887 Amalgarius
2858 820 3068 874 nomine
3091 821 3182 889 qui
3209 835 3414 875 mecum
3433 819 3616 874 eadem

2072 908 2172 964 fuit
2200 911 2362 988 hora,
2387 926 2543 980 quem
2581 913 2760 966 statim
2806 913 2925 966 misi
2961 913 3080 967 cum
3116 913 3235 967 aliis
3261 912 3512 966 fratribus
3551 913 3620 966 ad

2072 999 2360 1054 sedandum
2408 1000 2688 1060 tumultum
2712 1041 2726 1063 ,
2770 1001 3114 1074 hdmincsque
3169 1001 3456 1064 venerandi
3502 1002 3615 1069 epi-

2073 1091 2216 1160 scopi
2241 1091 2448 1160 eripere
2471 1091 2536 1145 de
2561 1092 2803 1146 manibus
2823 1093 3019 1161 populi,
3053 1107 3117 1146 ne
3148 1092 3274 1160 quid
3302 1091 3424 1145 mali
3456 1093 3507 1144 in
3529 1106 3622 1145 eos

2073 1191 2279 1250 gestum
2302 1186 2475 1246 esset;
2514 1183 2603 1252 qui
2634 1184 2816 1237 sedato
2845 1184 3070 1237 tumultu
3100 1183 3240 1237 ducti
3267 1191 3390 1238 sunt
3418 1183 3472 1237 in
3502 1198 3617 1236 mo-

2076 1269 2382 1336 uasterium,
2412 1269 2501 1323 ubi
2528 1269 2659 1323 salvi
2687 1283 2804 1323 esse
2829 1269 3158 1338 potuissent;
3196 1271 3285 1338 qui
3326 1277 3472 1323 tanto
3499 1269 3623 1323 odio

2075 1366 2389 1414 exarserunt
2416 1358 2469 1414 in
2497 1372 2600 1421 me,
2643 1366 2702 1411 ut
2745 1360 2940 1412 bonum
2982 1359 3123 1428 quod
3162 1357 3393 1425 eisjussi
3426 1359 3617 1420 facere,

2078 1447 2131 1501 in
2162 1447 2353 1502 malum
2376 1447 2632 1502 verterint
2667 1448 2923 1511 dicentes,
2954 1462 3040 1501 me
3074 1447 3128 1501 in
3154 1448 3494 1517 opprobrium
3523 1448 3626 1502 illis

2077 1538 2312 1606 eulogias
2332 1538 2606 1600 direxisse,
2635 1539 2774 1606 quod
2799 1537 3015 1591 omnino
3041 1535 3379 1591 falsissimum
3406 1545 3508 1600 est,
3531 1552 3624 1591 nc-

2078 1627 2308 1680 scientes
2336 1627 2598 1695 siquidem
2633 1641 2716 1681 me
2749 1627 3018 1680 Dominieo
3047 1609 3303 1679 imbutum
3332 1640 3450 1680 esse
3491 1640 3626 1694 prac-

2076 1726 2248 1786 ccpto.
2273 1717 2362 1785 qui
2392 1717 2465 1769 ait
2492 1734 2504 1768 :
2540 1705 2828 1784 Benefacitc
2858 1717 2934 1769 his
2958 1717 3045 1786 qui
3069 1713 3268 1768 oderint
3298 1732 3383 1768 ros
3411 1715 3621 1793 Matth.

2079 1821 2133 1868 v,
2163 1804 2271 1873 44).

421 1897 558 1952 mala
585 1905 768 1967 postea
788 1907 973 1953 exorta
1009 1909 1150 1954 sunt.
1181 1899 1248 1955 Ut
1283 1915 1401 1954 cum
1438 1914 1567 1967 pace
1592 1913 1774 1952 eorum
1803 1899 1973 1953 diram
2011 1891 2050 1947 Β
2147 1895 2269 1950 Haec
2295 1905 2478 1950 sancta
2515 1897 2683 1964 pietas
2704 1903 2896 1957 vestra,
2921 1894 3142 1950 Domine
3170 1893 3423 1963 piissime,
3454 1894 3625 1947 cousi-

421 1985 512 2055 qui
543 1987 640 2041 has
672 1986 878 2041 litteras
904 1987 1077 2058 legere
1103 1987 1332 2052 audiant,
1372 1985 1570 2052 justius
1615 1987 1820 2045 aestimo
1857 1989 1974 2044 esse

421 2074 586 2139 illum,
619 2075 770 2145 cujus
799 2075 1113 2146 negligentia
1155 2076 1241 2132 ille
1270 2092 1391 2136 reus
1430 2076 1608 2149 lapsus
1638 2089 1719 2134 est
1763 2081 1829 2134 de
1864 2081 1974 2132 vin-

419 2165 574 2233 culis.
603 2166 788 2222 eadem
808 2167 914 2239 pati
943 2165 1171 2236 vincula,
1209 2185 1367 2239 quam
1394 2172 1636 2225 eumdem
1666 2185 1813 2224 reum
1841 2168 1976 2239 fugi-

422 2256 590 2313 tivum
619 2261 684 2314 ad
707 2261 906 2315 Christi
933 2261 1026 2315 Dei
1051 2262 1218 2316 nostri
1244 2269 1300 2316 et
1322 2270 1624 2315 sanctorum
1666 2261 1780 2329 ejus
1800 2267 1977 2329 patro-

422 2347 582 2411 cinia,
610 2349 674 2402 de
715 2348 940 2403 ecclesia
970 2349 1035 2403 ad
1061 2349 1245 2403 eadem
1290 2348 1435 2402 reddi
1474 2346 1718 2410 vincula;
1751 2361 1848 2400 nec
1876 2347 1976 2400 hoc

422 2453 488 2492 ex
530 2455 647 2493 mea
689 2441 861 2494 dicam
907 2439 1277 2506 astimatione,
1324 2441 1418 2495 sed
1455 2439 1659 2494 Domini
1701 2440 1976 2494 roboratus

423 2537 688 2592 sermone,
721 2531 810 2598 qui
840 2530 1148 2600 prophetam
1177 2531 1289 2601 regi
1314 2528 1626 2594 lsraelitico,
1653 2530 1744 2600 qui
1777 2530 1978 2585 dimisit

425 2631 605 2688 regem
647 2617 817 2688 Syria:
862 2620 929 2673 de
971 2621 1215 2675 manibus
1260 2620 1388 2684 suis,
1411 2620 1570 2688 jussit
1604 2620 1818 2675 dicere:
1851 2618 1978 2672 Ηανσ

423 2709 547 2762 dicit
571 2709 841 2776 Dominus,
861 2713 982 2781 quia
1003 2712 1246 2766 dimisisti
1267 2714 1429 2766 virum
1453 2712 1663 2782 dignum
1685 2720 1866 2765 marte.
1884 2711 1979 2763 erit

425 2800 601 2853 anima
640 2810 729 2853 tua
749 2817 842 2871 pro
868 2802 1041 2854 anima
1070 2801 1182 2871 ejus
1212 2800 1331 2872 (III
1359 2800 1484 2871 Reg.
1513 2816 1602 2864 xx,
1630 2799 1742 2870 42).

496 2886 693 2956 Deinde
715 2889 946 2961 secundo
962 2888 1076 2944 loco
1093 2888 1400 2944 incitatores
1417 2902 1535 2950 esse
1549 2885 1704 2954 hujus
1725 2885 1980 2939 tumultus

425 2975 682 3045 intelligo,
712 2977 802 3046 qui
840 2979 1032 3031 armati
1061 2986 1319 3052 venerunt
1347 2978 1533 3049 majori
1573 2990 1794 3031 numero
1818 2989 1977 3044 quam

425 3081 559 3148 opus
585 3076 745 3132 esset,
776 3067 840 3121 de
868 3068 1084 3123 civitate
1113 3069 1396 3124 Aureliana
1427 3069 1478 3123 in
1513 3068 1782 3124 civitatem
1812 3066 1978 3138 Tyro-

427 3157 622 3211 uicam.
658 3157 880 3212 Maxime
903 3159 1027 3227 quia
1049 3157 1190 3216 fama
1215 3159 1450 3214 cucurrit
1469 3172 1566 3227 per
1592 3170 1752 3211 aures
1776 3154 1976 3227 popui,

427 3245 492 3299 ad
523 3245 624 3299 hoc
651 3259 743 3301 cos
771 3213 976 3300 venisse
1011 3257 1068 3301 ut
1098 3247 1353 3302 violenter
1381 3213 1679 3316 rapuissent
1705 3213 1865 3311 eum:
1888 3245 1978 3312 qui
2002 3213 2052 3276 ε

428 3333 736 3405 confugerat
773 3336 838 3390 ad
874 3338 1167 3406 patrocinia
1205 3338 1457 3394 Ecclesia:
1503 3336 1700 3413 Christi
1746 3342 1800 3390 et
1838 3336 1979 3391 beati

434 3423 665 3478 Martini.
694 3424 821 3494 illud
847 3427 1008 3487 etiam
1035 3425 1423 3504 [Forte,'enim]
1452 3439 1732 3479 commune
1758 3432 1841 3478 est
1866 3438 1980 3478 om-

365 3564 367 3566 .
431 3515 586 3588 pibus
610 3516 823 3584 ubique,
861 3517 1001 3585 quod
1030 3518 1250 3572 moleste
1276 3517 1467 3581 ferant,
1510 3531 1635 3573 suos
1663 3517 1981 3583 debonorari

431 3612 664 3657 sanctos.
695 3603 961 3659 Fortassis
987 3613 1040 3660 et
1066 3605 1152 3659 ille
1179 3608 1340 3661 miser
1370 3607 1612 3660 hortatus
1635 3613 1716 3660 cst
1742 3603 1808 3658 ad
1833 3620 1982 3659 man-

433 3694 633 3747 sionem
670 3708 818 3747 suam
845 3695 1071 3749 rusticos
1099 3695 1369 3749 venientes
1397 3694 1534 3748 inter
1574 3693 1781 3764 pocula,
1807 3701 1867 3748 ut
1893 3694 1984 3748 de-

435 3783 708 3841 funderent
731 3786 1018 3842 Ecclesium
1053 3787 1221 3842 sancti
1249 3786 1480 3850 Martini,
1517 3801 1582 3839 ne
1606 3785 1868 3839 violenter
1907 3800 1983 3838 ra-

437 3884 648 3944 peretur
681 3877 748 3931 ab
771 3892 853 3930 ea.
1803 3871 1806 3874 ’

505 3960 684 4016 Tertia
706 3961 804 4015 fuit
825 3964 980 4032 hujus
1012 3966 1268 4032 tumultus
1293 3967 1583 4037 instigatio,
1619 3966 1744 4020 dum
1770 3974 1996 4037 sanctus.

433 4048 589 4106 Pater
628 4058 683 4106 et
715 4051 948 4119 pontifex
994 4061 1174 4111 noster
1199 4055 1358 4130 nimis
1399 4056 1764 4125 inopportune,
1796 4055 1986 4124 populo

431 4148 710 4207 praesente,
738 4140 954 4206 intravit
979 4141 1255 4197 ecclesiam
1300 4159 1417 4198 cum
1445 4145 1748 4199 hominibus
1787 4144 1876 4214 qui
1918 4145 1983 4198 ad

433 4228 743 4296 rapiendum
779 4229 984 4285 venisse
1009 4246 1155 4285 reum
1198 4234 1550 4302 putabantur;
1587 4234 1679 4289 sed
1708 4233 1845 4289 forte
1884 4234 1984 4289 hoc

433 4315 559 4382 fecit
585 4316 744 4373 corde
766 4318 1010 4388 simpiici,
1039 4320 1172 4374 nihil
1201 4321 1325 4376 mali
1352 4337 1418 4376 ex
1443 4324 1543 4378 hoc
1569 4324 1809 4378 accidere
1830 4338 1984 4394 posse

433 4408 726 4482 aestimans.
751 4408 872 4472 Haec
902 4412 1085 4484 videns
1113 4412 1296 4482 vulgus
1345 4413 1630 4477 indoctum,
1659 4415 1747 4490 qui
1778 4429 1985 4484 semper

2075 1987 2245 2050 deret,
2283 1979 2570 2053 verumque
2613 1993 2920 2054 cognoscat,
2962 1993 3016 2038 et
3060 1985 3375 2054 propitietur
3416 1982 3626 2036 famulis

2075 2077 2185 2136 suis
2214 2077 2269 2134 in
2297 2077 2385 2132 Dei
2428 2077 2805 2144 omnipotentis
2849 2090 3047 2138 amore,
3098 2085 3150 2129 et
3195 2076 3362 2130 sancti
3415 2075 3624 2128 Martini

2076 2169 2446 2223 intercessoris
2486 2165 2644 2223 vestri
2694 2166 2912 2226 honore,
2955 2165 3044 2234 qui
3091 2179 3300 2233 semper
3341 2167 3628 2219 honoratus

2077 2258 2174 2313 fuit
2202 2260 2254 2313 in
2285 2273 2447 2328 regno
2469 2267 2524 2312 et
2551 2274 2582 2311 a
2611 2260 2826 2326 regibus
2865 2257 3210 2332 Francorum.
3253 2255 3495 2311 Solemus
3522 2256 3628 2312 Deo

2077 2346 2252 2401 dicere
2293 2346 2346 2400 in
2397 2345 2727 2403 confessione
2778 2355 3114 2415 peccatorum
3155 2356 3457 2404 nostrorum
3504 2365 3516 2398 ε
3568 2344 3627 2402 Si

2075 2436 2368 2502 iniquitates
2393 2437 2752 2499 observaveris,
2791 2436 3025 2500 Domine,
3063 2436 3297 2501 Domine,
3334 2438 3448 2508 quis
3482 2438 3630 2490 susti-

2078 2526 2210 2578 nebit
2251 2525 2422 2595 (Psal.
2469 2541 2659 2590 cxxtx,
2703 2526 2792 2596 5)?
2828 2526 3074 2580 Dicamus
3113 2537 3164 2580 et
3213 2528 3328 2592 tibi,
3363 2528 3489 2596 quia
3531 2542 3627 2581 no-

2077 2616 2394 2671 bilissimum
2433 2617 2668 2686 ejusdem
2711 2617 2901 2684 capitis
2927 2625 2979 2670 te
3011 2618 3306 2672 membrum
3337 2633 3455 2672 esse
3482 2619 3628 2671 novi~

2079 2721 2198 2760 mus
2227 2723 2239 2758 :
2268 2707 2314 2760 si
2343 2707 2651 2776 iniquitates
2673 2708 3056 2771 observaveris,
3083 2709 3300 2762 domine
3321 2709 3628 2777 imperator.

2079 2797 2198 2864 quis
2227 2797 2541 2868 sustinebit?
2583 2797 2830 2862 Maxime,
2857 2798 2980 2865 quia
3009 2799 3250 2868 specialis
3279 2803 3446 2859 virtus
3482 2802 3632 2855 boui-

2078 2893 2179 2950 tas,
2203 2894 2362 2954 atque
2388 2884 2504 2939 laus
2544 2887 2920 2955 imperatorum
2966 2884 3176 2958 semper
3208 2887 3306 2943 fuit
3349 2890 3628 2944 clementia

2079 2975 2132 3028 in
2158 2973 2422 3041 subjectos
2448 2989 2591 3037 suos,
2628 2975 2681 3028 in
2708 2984 2930 3041 tantum,
2976 2985 3035 3030 ut
3080 2977 3230 3032 Titus
3276 2980 3634 3035 nobilissimus

2078 3065 2366 3134 imperator
2390 3065 2503 3119 ait:
2538 3065 2805 3120 Neminem
2847 3068 2910 3119 ab
2957 3069 3261 3137 imperatore
3310 3071 3504 3124 tristem
3544 3071 3632 3123 dc-

2080 3157 2194 3210 bcrc
2229 3155 2477 3210 recedere.
2514 3154 2744 3210 Lmtilica
2774 3156 2978 3210 animos
3005 3172 3276 3212 servorum
3308 3166 3517 3215 tuorum
3541 3176 3634 3228 ptr

2083 3245 2462 3300 misericordiae
2499 3253 2601 3299 tua:
2651 3260 2840 3299 munus
2882 3245 3236 3312 altissimum;
3282 3249 3636 3317 supei-exaltet

2081 3336 2441 3391 misericordia
2468 3337 2741 3406 judicium,
2783 3338 2871 3404 qui
2903 3338 3160 3391 maximas
3185 3339 3418 3407 perfidia
3451 3342 3634 3410 culp:.s

2083 3425 2135 3480 in
2160 3435 2389 3482 vestram
2411 3432 2762 3495 peccaverunt
2792 3423 2863 3497 [F
2867 3436 2991 3488 orte,
3022 3427 3376 3497 peccantium]
3405 3431 3634 3483 auctori-

2083 3526 2246 3572 tatem
2274 3516 2522 3572 laudabili
2563 3516 2758 3586 pietate
2798 3516 3090 3585 perdonare
3123 3517 3389 3584 potuistis.
3418 3517 3637 3586 ignosco

2082 3607 2378 3662 infelicitati
2406 3615 2602 3662 nostra;
2638 3607 2928 3662 secundum
2954 3606 3246 3683 piissimam
3290 3608 3635 3663 sanctiSsimm

2082 3697 2276 3752 mentis
2310 3705 2499 3752 vestra:
2539 3695 2886 3760 nobilitatem,
2915 3712 3074 3767 quam
3122 3712 3330 3767 semper
3363 3700 3551 3769 agnovi
3580 3701 3638 3753 in

2084 3787 2260 3841 animo
2293 3787 2563 3857 sapientia:
2605 3797 2793 3841 vestrae
2839 3787 3150 3865 mirabiliter
3171 3786 3378 3856 vigere;
3415 3797 3471 3843 et
3497 3789 3640 3863 sicut

2086 3877 2249 3934 David
2275 3874 2487 3932 Patrem
2533 3876 2732 3943 Christi
2774 3877 3041 3932 laudatum
3074 3877 3299 3946 legimus
3339 3879 3393 3947 in
3429 3880 3635 3948 miseri:

2085 3967 2281 4022 cordia:
2309 3967 2668 4036 magnitudine
2703 3977 2755 4021 et
2780 3968 3027 4037 aequitate
3050 3968 3402 4036 judiciorum;
3449 3971 3521 4024 ita
3548 3985 3638 4023 ve-

2083 4068 2248 4112 stram
2277 4057 2657 4114 beatitudinem
2679 4074 2887 4127 semper
2916 4060 2964 4113 in
3004 4057 3086 4113 bis
3116 4061 3424 4116 meritorum
3471 4061 3639 4135 titulis

2083 4147 2604 4223 laudabilem'atque
2649 4147 3068 4234 praedicabilem,
3114 4148 3330 4204 Christo
3371 4151 3634 4211 donante,

2083 4253 2200 4294 esse
2234 4239 2596 4306 cognovimus.

2153 4331 2496 4400 Omnipotens
2528 4333 2666 4388 Deus
2700 4331 2856 4386 Pater
2878 4347 2971 4400 per
3000 4331 3211 4386 unicum
3241 4333 3428 4388 Filium
3458 4331 3632 4397 suum.

2085 4419 2364 4474 Dominum
2393 4428 2632 4474 nostrum
2666 4418 2844 4474 Jesum
2881 4418 3169 4484 Christum,
3202 4421 3254 4475 in
3291 4419 3492 4489 Spiritu
3533 4421 3634 4476 Pa—

436 4509 520 4549 res
545 4497 979 4596 inconvenicntes
1020 4502 1133 4558 sine
1157 4503 1379 4557 consilio
1407 4519 1563 4573 agere
1595 4505 1745 4566 solet,
1776 4507 1984 4560 concla-
2013 4537 2060 4596 ο
2087 4505 2284 4574 raclyto
2312 4507 2457 4559 omni
2481 4507 2846 4562 benedictione
2873 4516 2928 4561 et
2956 4508 3212 4575 sapientia
3235 4519 3330 4563 cor
3357 4510 3636 4564 beatitudi-

436 4592 668 4647 marunt,
695 4586 762 4639 ad
788 4585 955 4641 fustes
979 4600 1348 4654 cucurrerunt,
1380 4590 1538 4658 aliqui
1569 4592 1777 4660 impigri
1799 4607 1827 4644 a
1856 4594 1984 4646 foris

437 4682 724 4738 venerunt,
777 4677 900 4730 dum
952 4677 1096 4747 signa
1152 4694 1340 4733 sonare
1388 4681 1710 4745 audierunt,
1759 4697 1980 4750 quorum

439 4764 600 4831 motio
635 4778 730 4832 per
776 4765 1101 4821 indoctorum
1148 4784 1334 4823 manus
1375 4770 1670 4824 ministrata
1707 4779 1808 4831 est,
1849 4771 1986 4828 sicut

437 4854 757 4925 exquisitum
783 4863 863 4909 est
893 4872 920 4908 a
955 4867 1140 4923 vestrae
1166 4863 1496 4933 auctoritatis
1536 4862 1738 4923 missis,
1787 4863 1892 4916 imo
1933 4873 1986 4933 et

439 4944 504 4996 ab
527 4943 653 5010 ipsis
679 4946 1078 5015 accusatoribus
1105 4950 1320 5002 nostris.
1349 4932 1478 5003 Nam
1509 4951 1612 5005 illis
1641 4932 1986 5020 praesentibus

437 5039 678 5083 sanctum
701 5029 917 5093 allatum
954 5038 1034 5084 est
1062 5031 1419 5102 Evangelium,
1458 5036 1598 5103 ligno
1634 5048 1832 5095 sanctze
1868 5056 1988 5094 cru~

438 5121 514 5175 cis
560 5122 930 5196 superposito;
989 5137 1327 5191 quoscunque
1377 5125 1652 5193 jusserunt
1695 5128 1876 5196 jurare
1921 5144 1986 5184 ex

442 5212 728 5287 fratribus,
785 5211 1039 5268 iecetunt.
1099 5213 1306 5267 Fratres
1360 5228 1484 5269 vero
1526 5218 1795 5274 audientes
1838 5219 1984 5289 signa

442 5300 797 5368 prosiluerunt
819 5301 884 5357 de
912 5303 1192 5358 refectorio
1223 5295 1287 5357 ad
1326 5306 1597 5362 sciendum
1642 5324 1737 5378 pro
1771 5324 1873 5377 qua
1904 5324 1990 5363 soc

439 5390 678 5444 siuissent
717 5404 876 5443 causa
902 5404 916 5442 :
944 5391 1031 5459 qui
1075 5393 1343 5447 venientes
1382 5404 1636 5460 quantum
1684 5406 1984 5467 potuerunt,

442 5485 500 5530 ut
539 5477 745 5541 audivi,
796 5479 1114 5535 sedaverunt
1151 5481 1458 5545 tumultum;
1499 5483 1614 5537 'nisi
1658 5487 1746 5555 qui
1791 5486 1986 5540 inventi

446 5575 567 5630 sunt
593 5574 652 5620 ut
682 5568 886 5624 astimo
913 5567 1166 5634 infantes,
1190 5573 1279 5641 qui
1307 5582 1496 5626 vestra:
1521 5573 1662 5628 ducti
1698 5584 1822 5630 sunt
1853 5592 1987 5646 pne-

447 5657 647 5719 sentiae,
686 5656 739 5708 in
781 5655 870 5710 illo
901 5669 1254 5725 peccaverunt
1292 5675 1574 5724 concursu,
1610 5676 1638 5715 ει
1670 5665 1862 5732 quibus
1904 5683 1991 5718 au-

516 5797 537 5822 ι·
581 5784 721 5857 Edit.
745 5783 988 5853 Qut-reet.
1016 5788 1104 5854 55,
1129 5788 1305 5844 Canis.
1333 5793 1416 5858 58,
1440 5793 1664 5850 Froben.
1695 5795 1809 5845 ili.

2085 4594 2168 4647 nis
2196 4603 2386 4647 vestra:
2415 4594 2692 4659 illuminet,
2735 4597 2956 4665 repleat,
2999 4604 3159 4666 atque
3196 4597 3443 4661 laetificat,
3487 4602 3639 4654 nobi-

2085 4679 2402 4750 lissimzeque
2423 4681 2554 4748 proli
2575 4690 2764 4736 vestrae
2785 4691 3113 4752 perpetuam,
3136 4684 3187 4738 in
3213 4685 3435 4740 salutem
3459 4689 3634 4757 populi

2084 4767 2394 4832 Christiani,
2440 4771 2842 4840 prosperitatem
2896 4774 3188 4843 perdonare
3233 4775 3505 4845 dignetur,
3553 4781 3640 4832 do-

2086 4863 2228 4915 mine
2268 4860 2771 4926 desiderantissime,
2816 4865 3014 4932 optime
3062 4874 3222 4934 atque
3267 4867 3638 4937 augustissime

2086 4959 2238 5017 pater
2266 4951 2478 5020 patrimi

2253 5039 2463 5094 Floreat
2485 5048 2537 5092 et
2564 5040 2738 5109 vigeat
2767 5040 2950 5109 sophia
2977 5043 3170 5099 virtute
3195 5045 3476 5114 triumphis

2298 5127 2409 5181 ilex
2440 5127 2604 5182 David
2633 5144 2879 5199 magnum
2907 5131 3123 5202 Magnus
3148 5132 3199 5189 in
3226 5147 3318 5185 ore
3346 5133 3525 5186 decus.

2580 5251 2604 5278 ἰ
2644 5237 2970 5294 EPISTOLA
3006 5241 3108 5294 CL.

2689 5324 2754 5363 AD
2792 5323 3028 5363 IAUBUM.

2675 5397 2864 5465 (Anno
2907 5399 3062 5469 802.)

2164 5486 2296 5542 Petit
2316 5507 2348 5543 a
2365 5488 2552 5542 Mauro
2575 5483 2834 5555 (Rabano)
2873 5488 3098 5552 libellum
3117 5491 3215 5548 sibi
3237 5491 3563 5561 promissum.

2161 5575 2441 5632 Benedicto
2468 5575 2634 5643 sancti
2660 5576 2924 5638 Benedicti
2963 5579 2990 5618 ι’
3021 5594 3186 5651 puero
3211 5580 3393 5635 Mauro
3416 5582 3639 5641 Albinus

2093 5669 2338 5725 salutem.

2165 5801 2188 5836 ι’
2231 5799 2397 5854 Puero
2433 5801 2635 5879 Mauro.
2677 5804 2730 5856 in
2758 5805 2985 5863 editione
3015 5807 3328 5870 Ouerretani
3378 5809 3486 5862 hrer
3525 5811 3605 5875 ειρί
