4258 6192
502 319 590 372 6οΙ

1856 311 2225 371 ΕΡΙΒΤΟΙΑῚ.

3593 307 3697 363 801

500 427 655 500 164
677 427 754 483 Ex
781 436 935 498 parte
963 429 1136 503 video.
1166 429 1260 482 ubi
1294 435 1375 483 est
1401 428 1612 499 requies
1649 441 1784 490 mea,
1809 427 1900 481 ubi
1929 425 2046 481 sitis
2074 429 2116 486 Α
2145 421 2293 484 tatis,
2320 436 2435 490 quae
2464 421 2630 492 magis
2665 428 2822 490 atque
2851 418 3022 491 magis
3058 427 3375 484 crescentes,
3403 435 3537 488 pene
3570 438 3698 491 apo-

494 534 626 580 tnete
659 518 933 574 saturitas.
970 518 1109 574 Ubii
1137 519 1240 574 nisi
1283 520 1337 573 in
1376 533 1440 573 eo
1483 517 1549 573 ad
1585 533 1740 587 quem
1781 515 2045 586 Propheta

495 609 742 664 clamavit
767 622 785 663 :
816 606 989 664 Sitiot't
1008 609 1182 662 animo
1210 624 1321 662 mea
1343 608 1412 661 ad
1437 607 1601 661 Deam
1623 607 1786 661 virum
1809 604 2048 677 :quando

495 699 692 752 neniam
719 697 768 752 et
806 699 1060 767 apparebo
1106 708 1226 752 ante
1252 698 1436 767 faciem
1472 697 1570 751 Dei
1614 696 1783 768 (Psal.
1812 713 1922 762 xu,
1960 695 2050 766 5)?

492 785 563 840 Et
604 786 670 840 ad
715 786 946 857 scipsum
975 801 1263 842 conversus
1299 786 1352 841 in
1382 787 1486 841 alio
1518 787 1698 842 dicens
1731 786 1864 850 loco,
1899 787 2051 857 quasi

493 875 650 947 hujus
683 877 954 947 petitionis
987 891 1297 947 responsum
1337 877 1662 931 invenisset:
1693 874 1819 930 Hcce
1855 873 2051 944 requies

496 982 608 1020 mea
627 967 683 1020 in
705 965 950 1021 suculam
968 965 1164 1030 swculi,
1178 965 1260 1020 hic
1281 966 1541 1030 habitabo,
1556 965 1800 1037 quoniam
1817 965 2052 1035 praelegi

493 1071 609 1109 eam
655 1055 825 1125 (Psal.
870 1072 1056 1121 cxxxt,
1097 1056 1206 1126 14).
1252 1056 1308 1109 in
1346 1056 1488 1111 hanc
1521 1055 1915 1116 seexhortans
1948 1051 2053 1106 alio

495 1159 650 1199 versu
679 1145 885 1215 inquit:
909 1143 1208 1200 Convertere
1234 1147 1409 1198 anima
1434 1162 1546 1199 mea
1567 1145 1623 1199 in
1646 1145 1867 1214 requiem
1887 1153 2050 1206 tuam,

493 1233 617 1302 quia
650 1233 901 1287 Dominus
927 1224 1170 1298 benefacit
1204 1235 1297 1287 tibi
1323 1233 1492 1304 (Psal.
1521 1249 1664 1295 cxtv,
1706 1232 1778 1303 7).
1806 1232 1909 1286 Pro
1948 1245 2054 1299 quo

495 1318 773 1375 benefacta
797 1321 972 1391 magni
1005 1321 1236 1375 muneris
1267 1319 1434 1393 [Μηῡ.
1455 1361 1470 1384 ,
1498 1320 1605 1374 Pro
1639 1333 1745 1388 quo
1777 1317 2056 1374 benedicta

495 1407 740 1480 munere]
769 1408 999 1478 seipsum
1027 1409 1093 1462 ad
1115 1408 1430 1463 laudandum
1462 1408 1629 1462 Deum
1656 1407 1852 1461 excitat
1888 1404 2011 1458 alibi
2038 1419 2052 1457 :

497 1495 715 1560 Lauda,
747 1499 924 1551 animo
955 1514 1102 1562 mea,
1153 1498 1430 1551 Dominum
1465 1495 1636 1565 (Psal.
1675 1511 1826 1557 cnv,
1874 1493 1949 1562 2).
1991 1493 2058 1548 Et

495 1590 650 1660 quasi
675 1589 793 1658 ipsa
822 1590 1200 1658 respondisset,
1231 1589 1590 1660 subjungens:
1625 1588 1869 1643 Laudabo
1896 1586 2057 1640 Deum

495 1695 664 1734 meum
708 1680 765 1732 in
807 1680 909 1732 vita
945 1687 1079 1742 nt'ea,
1117 1679 1337 1749 psallam
1375 1680 1482 1734 Deo
1529 1697 1664 1745 meo,
1697 1679 1928 1749 quandiu
1968 1694 2056 1732 ero

498 1769 705 1841 (Ibid.).
754 1769 892 1836 Quia
939 1785 1150 1840 semper
1188 1786 1315 1836 ero,
1366 1787 1574 1840 semper
1619 1771 1844 1825 laudabo
1891 1770 2055 1825 Deum
2089 1758 2130 1814 Β

497 1875 675 1915 meum
721 1861 945 1915 dicens:
987 1860 1221 1915 Laudent
1258 1879 1373 1916 eum
1405 1861 1516 1915 cali
1550 1870 1598 1914 et
1634 1870 1790 1922 terra,
1827 1875 1970 1912 mare
2011 1867 2059 1912 et

499 1950 673 2002 omnia
693 1966 809 2009 aute
829 1951 884 2002 in
907 1950 981 2003 eis
999 1960 1118 2004 sunt
1142 1949 1365 2019 (Psalm.
1398 1965 1582 2012 vam,
1600 1947 1714 2017 55).
1739 1947 1849 2001 llos
1872 1960 2061 2001 versus

496 2039 576 2093 sic
597 2036 823 2104 iunctim
847 2039 1020 2106 posui,
1048 2039 1136 2106 qui
1168 2038 1297 2091 nihil
1327 2039 1455 2092 mibi
1481 2037 1685 2092 dulcius
1703 2038 1915 2091 videtur
1937 2050 2062 2088 can-

501 2127 722 2181 tandum
765 2127 818 2182 in
860 2128 1118 2182 orationis
1165 2129 1598 2198 compunctione,
1643 2143 1801 2196 quam
1841 2126 1941 2180 bos
1986 2125 2060 2178 ita

502 2219 854 2287 compositos;
892 2221 1205 2289 deprecans,
1239 2225 1298 2276 ut
1330 2234 1463 2273 mea:
1503 2219 1796 2273 devotionis
1828 2214 2063 2270 admoni-

500 2306 645 2360 tione
669 2321 762 2362 eos
783 2308 975 2377 saepius
1001 2325 1125 2363 cum
1155 2324 1346 2378 magno
1378 2308 1538 2363 animi
1563 2308 1753 2377 gaudio
1780 2306 2064 2366 decantare

499 2397 557 2451 in
578 2399 958 2452 consuetudine
981 2399 1194 2464 habeas,
1224 2416 1321 2470 pro
1340 2409 1555 2455 atteram
1581 2398 1926 2456 beatitudinis
1953 2411 2065 2451 me-

501 2489 702 2554 moria;
729 2489 939 2559 meique
959 2491 1191 2547 nominis
1213 2491 1675 2560 quantulacunque
1701 2489 2064 2545 recordatione

499 2575 560 2633 in
580 2576 682 2634 hac
705 2577 838 2634 etin
871 2578 1016 2633 omni
1045 2577 1329 2634 salutiferae
1346 2564 1631 2647 petitionis
1661 2593 1838 2647 prece.
1876 2577 2063 2631 Divina

503 2671 560 2722 te
587 2667 838 2723 exaudire
865 2667 1035 2738 gratia
1061 2667 1323 2737 dignetur,
1350 2667 1562 2722 domine
1583 2668 1744 2722 Pater
1762 2665 2065 2721 desideran-

503 2757 730 2840 tissime,
752 2767 808 2814 et
834 2760 1004 2816 nostri
1027 2759 1208 2815 cordis
1233 2759 1403 2814 amori
1433 2757 1761 2813 dulcissime!

997 2900 1025 2929 ι
1062 2888 1393 2945 EPISTOLA
1428 2887 1576 2943 CLil'.

1070 2991 1145 3031 ΑΒ
1177 2992 1504 3033 Αικοηι

1109 3088 1285 3160 (Anno
1309 3087 1461 3160 802.)

508 3198 843 3254 Commendat
867 3199 1063 3254 Amani
1084 3214 1264 3254 curant
1293 3198 1674 3259 canonicormn,
1695 3191 2065 3251 monachorum

581 3279 629 3324 et
651 3269 792 3324 tertii
820 3269 1034 3338 gradus,
1069 3269 1204 3322 inter
1229 3269 1345 3323 illos
1374 3269 1549 3322 medii.
1585 3265 1832 3330 Queritnr
1853 3266 2065 3338 depra-

577 3340 731 3393 ritate
763 3334 1070 3402 siinaniaca,
1099 3355 1214 3406 qua:
1245 3339 1398 3392 etiam
1429 3339 1485 3390 in
1525 3338 1695 3406 sedem
1733 3334 2068 3406 apostolicam

577 3409 804 3544 Ξττσρέἆ.
836 3407 1079 3528 Ερὶεέριω
1101 3404 1527 3543 defcon‘fessione,
1549 3415 1596 3460 et
1624 3404 1782 3460 libelli
1801 3404 1866 3460 de
1892 3405 2070 3459 catho-

601 3493 682 3532 tca
785 3492 950 3529 einen
973 3492 1141 3529 tonent
1192 3491 1271 3528 act
1300 3513 1314 3526 .

579 3584 891 3645 Venerando
914 3582 1151 3653 pontiﬁci
1178 3582 1382 3650 Aquilae
1405 3582 1629 3638 Albinus
1652 3583 1897 3638 salutem.

575 3671 789 3729 Pridem
820 3673 968 3743 plura
999 3672 1209 3742 scripsi,
1231 3679 1550 3740 quapropter
1569 3672 1727 3725 modo
1744 3683 1912 3741 pauca
1938 3669 2069 3722 scri-

508 3763 637 3820 bere
654 3773 827 3818 ratum
850 3763 994 3826 duxi,
1013 3763 1116 3818 hoc
1134 3761 1303 3817 solum
1322 3761 1566 3823 suadens,
1581 3770 1808 3816 vestram
1829 3767 2068 3815 sanctam

513 3854 880 3908 auctoritatem
908 3855 962 3907 in
988 3853 1097 3908 Deo
1120 3859 1176 3906 et
1203 3867 1301 3921 pro
1322 3851 1432 3907 Deo
1455 3852 1621 3920 loqui,
1650 3859 1702 3904 et
1727 3851 1782 3906 in
1808 3849 1918 3905 Deo
1942 3865 2071 3904 con-

511 3944 692 4007 ﬁdere,
732 3952 791 3999 ut
824 3945 1101 4013 diligenter
1136 3947 1471 3999 examinetur
1500 3944 1626 4014 quid
1669 3945 1755 3999 cui
1791 3945 2073 3999 conveniat

511 4050 750 4105 perennat
779 4052 794 4088 :
823 4034 948 4103 quid
981 4034 1408 4103 canonicis,quid
1435 4035 1724 4095 monachis,
1750 4033 1877 4102 quid
1915 4034 2070 4088 tertio

513 4126 696 4197 gradui
744 4126 834 4196 qui
866 4124 1016 4198 [ϐοά.
1047 4123 1107 4179 S.
1145 4125 1236 4190 E.,
1263 4126 1413 4200 quid]
1438 4127 1575 4182 inter
1614 4126 1714 4181 hos
1737 4125 1870 4180 duos
1899 4126 2068 4180 varia-

515 4227 617 4280 tur,
654 4218 914 4287 superiori
941 4218 1106 4288 gradu
1135 4220 1422 4283 canonicis,
1449 4228 1503 4276 et
1530 4217 1768 4274 inferiori
1798 4218 2072 4274 monachis

457 4376 459 4378 η
515 4318 737 4364 stantes.
764 4309 874 4382 Nec
905 4310 1036 4364 tales
1060 4313 1340 4379 spernendi
1365 4320 1508 4377 sunt,
1534 4313 1659 4382 quia
1682 4311 1820 4367 tales
1842 4311 2070 4366 maxime

513 4395 566 4450 in
594 4395 750 4448 domo
774 4395 866 4449 Dei
888 4395 1246 4454 inveniuntur.

581 4483 647 4540 Et
684 4484 785 4538 hoc
821 4485 1083 4552 pracipue
1113 4486 1385 4549 intendite,
1428 4495 1487 4541 ut
1522 4489 1813 4543 simoniaca
1848 4489 2065 4542 haeresis

514 4576 748 4631 funditus
774 4577 1126 4642 subvertatur,
1151 4593 1269 4649 quae
1285 4578 1426 4633 male
1449 4579 1753 4634 dominatur
1784 4579 1836 4633 in
1863 4578 2062 4642 multis,

517 4665 746 4720 radicem
775 4681 803 4719 a
822 4664 1085 4732 iudicibus
1113 4670 1289 4723 steculi
1329 4685 1561 4733 sumens,
1598 4685 1775 4724 ramos
1803 4683 1971 4738 usque
2000 4669 2066 4722 ad

513 4754 903 4811 ecclesiasticas
945 4756 1167 4811 tendens
1201 4757 1511 4826 personas':
1554 4760 1626 4814 ita
1667 4768 1725 4814 ut
1754 4760 1842 4829 qui
1889 4758 2068 4828 spinas

513 4859 702 4900 eruere
735 4845 972 4901 avaritia
1000 4846 1311 4944 debuerunt,
1335 4850 1501 4918 spinis
1531 4859 1838 4922 panguntur
1862 4850 2067 4907 acerbi-

584 5013 610 5040 ⁸
648 5001 797 5075 lianc
831 5004 1109 5075 epistolam
1144 5004 1400 5075 hactenus
1434 5003 1686 5075 ineditam
1727 5005 2070 5075 producimus

515 5083 579 5124 ex
601 5070 717 5124 eod.
756 5070 883 5126 tussi
919 5073 1110 5128 Salisb.
1151 5082 1207 5128 et
1243 5070 1867 5129 Sanct-Emmeramensi.
1907 5075 2071 5131 Uncis

517 5137 716 5270 nega)“
745 5140 798 5194 in
823 5143 936 5197 solo
957 5141 1150 5198 Salisb.
1166 5143 1442 5198 habentur.
1473 5141 1645 5213 (Apud
1668 5142 1896 5205 Froben.
1912 5147 2065 5215 epist.

588 5275 620 5354 ξ
655 5275 1044 5354 Πειρη-ηιξ.
1061 5280 1174 5354 [loc
1198 5281 1408 5354 nomine
1441 5279 1782 5339 Adaibertum
1822 5282 2066 5354 appellat.

522 5343 957 5418 Vidcgpisutlam
984 5350 1052 5418 89
1074 5349 1238 5418 (nunc
1259 5348 1402 5418 501).
1468 5417 1475 5418 ί
1724 5416 1733 5418 μ
1855 5343 1871 5354 ’
1889 5343 1908 5354 ’
2072 5375 2076 5378 -

561 5422 615 5472 να
653 5413 935 5482 Epistulam
974 5417 1037 5470 de
1072 5413 1421 5488 Confessions.
1449 5417 1617 5484 Quam
1656 5416 1792 5473 infra
1831 5420 2074 5477 dabimus

523 5480 660 5539 inter
686 5497 844 5539 onera
871 5485 1115 5539 moralia.

589 5524 1156 5636 ’ἷὲξέιξ
1176 5555 1448 5636 ιειιςριίω.
1476 5556 1855 5636 Libros._p_uto,
1879 5556 2071 5636 intelli-

581 5620 831 5698 t‘dej’ide
850 5631 1044 5698 sancta:
1068 5622 1371 5698 Trinitatis,
1390 5633 1517 5690 etc.,
1540 5620 1916 5698 inscriptos,_et
1936 5639 2073 5698 anno

563 5687 630 5739 02
666 5689 854 5746 Carolo
891 5692 1192 5763 imperatori
1227 5687 1460 5763 praeﬁxa
1481 5687 1719 5764 epistola'
1747 5687 2071 5750 dedicatoria

2147 514 2388 569 stolicam
2437 513 2766 583 irrepserunt
2802 511 3004 577 sedem,
3039 525 3104 566 ex
3142 525 3245 581 qua
3282 509 3453 580 palma
3490 511 3704 582 pietatis

2148 603 2390 659 dactilico
2414 602 2607 659 ﬂorens
2631 603 2805 659 fructu
2833 617 3078 658 crescere
3111 602 3319 666 debuit;
3349 601 3477 657 inde
3512 618 3706 661 rancor

2148 693 2359 750 invidia:
2383 693 2635 751 ebullivit.
2662 692 2877 767 ignosce
2912 694 3126 758 dicenti,
3166 693 3249 750 vel
3280 695 3449 764 magis
3475 693 3704 759 timenti,

2149 804 2245 844 cur
2276 804 2437 860 super
2463 797 2621 857 caput
2647 805 2800 844 suum
2839 788 3036 859 aliquid
3061 790 3301 858 cogitare
3337 789 3546 846 audeat.
3592 790 3706 848 Uti-

2150 893 2270 932 nam
2295 879 2384 948 qui
2418 880 2520 934 hoc
2542 877 2706 943 dicat,
2735 879 2894 935 fallax
2924 872 3239 943 inveniatur,
3267 887 3327 934 ut
3361 882 3613 938 innocens
3636 881 3710 936 sit

2150 969 2239 1038 qui
2272 967 2406 1023 alios
2429 967 2586 1023 debet
2621 969 2934 1024 innocentes
2973 967 3147 1024 facere
3179 982 3277 1038 per
3303 978 3498 1026 sancta
3521 967 3708 1042 prandi-

2151 1057 2376 1113 cationis
2401 1058 2591 1112 verba!

2223 1148 2469 1221 [Rogavit
2491 1164 2576 1204 me
2617 1150 2646 1190 δ
2683 1148 2865 1217 Magus
2910 1143 3060 1205 meus
3096 1151 3149 1204 in
3186 1149 3378 1206 litteris
3413 1150 3713 1208 dilectionis

2153 1255 2280 1302 suae,
2321 1240 2433 1294 sive
2474 1247 2649 1294 vestra
2687 1239 2972 1294 mandante
3008 1240 3341 1300 auctoritate,
3377 1240 3459 1294 vel
3501 1241 3713 1311 propria

2153 1328 2439 1396 instigante
2464 1330 2756 1392 voluntate,
2794 1341 2816 1369 α
2858 1331 3134 1399 epistolam
3161 1332 3226 1386 de
3254 1330 3599 1387 Confessione
3630 1332 3714 1388 vel

2152 1422 2462 1490 paenitentia
2491 1421 2713 1475 dictare.
2758 1421 2862 1477 Sed
2905 1423 3048 1477 illam
3091 1424 3280 1488 direxi,
3316 1439 3473 1494 quam
3509 1425 3712 1492 pridem

2154 1513 2337 1576 habui,
2379 1511 2503 1568 ﬁliis
2538 1513 2707 1567 sancti
2750 1511 2991 1573 Martini.
3040 1530 3264 1582 quorum
3312 1523 3394 1570 est
3436 1515 3717 1571 multitudo

2156 1620 2386 1674 magna,
2421 1605 2668 1658 dictatam
2705 1612 2866 1673 atque
2900 1603 3286 1672 conscriptam;
3329 1620 3450 1672 quae
3484 1605 3594 1659 sola
3627 1619 3718 1660 ve.

2156 1695 2284 1748 stris
2311 1709 2521 1763 quoque
2536 1694 2817 1763 juvenibus
2848 1692 3092 1748 sufﬁcere
3126 1707 3285 1762 posse
3320 1692 3568 1746 arbitror.
3602 1692 3718 1748 Uti-

2158 1799 2280 1837 nam
2307 1783 2509 1845 venias,
2558 1783 2600 1836 si
2640 1782 2752 1837 ticri
2802 1783 2997 1852 possit;
3035 1784 3116 1837 sin
3154 1791 3352 1842 autem,
3392 1781 3475 1837 vel
3509 1781 3716 1851 Magum

2159 1881 2394 1938 tempore
2432 1880 2728 1941 opportuno
2759 1871 2960 1949 dirige,
2998 1880 3214 1941 propter
3239 1871 3516 1926 lectionem
3559 1870 3719 1926 unius

2158 1959 2317 2013 libelli
2357 1975 2512 2028 quem
2547 1961 2755 2015 noviter
2781 1961 2970 2030 scripsi
3006 1960 3030 2000 δ
3068 1963 3134 2015 de
3175 1960 3433 2015 catholica
3479 1958 3631 2023 Fide,
3663 1970 3720 2015 et

2159 2050 2354 2104 domno
2375 2050 2677 2117 imperatori
2708 2065 2805 2118 per
2829 2052 2968 2105 hunc
2987 2065 3212 2118 puerum
3233 2051 3422 2105 direxi.
3451 2050 3548 2127 Qui
3574 2048 3719 2106 lihel-

2158 2137 2249 2193 lus
2269 2137 2568 2192 nullatenus
2589 2146 2794 2193 vestras
2817 2138 3034 2209 effugiat
3049 2153 3264 2199 manus,
3289 2139 3382 2192 sed
3402 2137 3721 2192 omnimodis

2160 2230 2468 2307 scribaturh
2490 2237 2550 2283 ut
2587 2229 2856 2293 habeatis;
2902 2230 3025 2297 quia
3067 2230 3399 2284 necessarius
3441 2238 3524 2284 est
3566 2228 3719 2284 valde

2163 2317 2320 2373 iidem
2346 2296 2646 2374 vole’ntibus
2671 2317 2808 2373 scire
2835 2296 3169 2382 catholicam,
3200 2319 3253 2372 in
3279 2332 3382 2387 qua
3407 2331 3612 2372 summa
3641 2332 3720 2372 sa-

2161 2409 2290 2464 lutis
2315 2417 2510 2464 nostras
2537 2407 2826 2480 consistit.)
2853 2408 3168 2464 Benedictus
3194 2408 3334 2463 Deus
3368 2405 3646 2463 benedicat
3669 2415 3722 2460 te

2161 2508 2389 2569 tuosque
2425 2508 2601 2555 tecum
2643 2507 2841 2555 reterns
2885 2499 3281 2561 benedictione,
3319 2497 3531 2553 domine
3563 2497 3722 2552 Pater

2164 2592 2510 2655 dilectissime
2525 2592 2539 2644 !

2640 2698 2669 2725 θ
2707 2683 3035 2740 EPISTOLA
3071 2681 3241 2739 CLIII.

2521 2791 2588 2828 an
2626 2789 2868 2829 annon!
2903 2763 3368 2828 incutertscorul.

2768 2861 2942 2932 (Anno
2967 2860 3116 2930 803.)

2171 2953 2440 3024 Signiﬁcat
2477 2970 2531 3008 se
2570 2928 2826 3024 accepisse
2854 2928 3365 3024 litteras_clt_ari_tatis_
3384 2966 3473 3018 per
3498 2949 3724 3024 Atinios:-

2236 3016 2358 3079 imnt
2393 3016 2986 3088 episcopum'eenientent
3011 3019 3080 3073 ad
3115 3016 3511 3088 8.77Hartinunt.
3554 3016 3722 3088 Odnl;

2087 3084 2134 3148 C
2234 3093 2345 3162 [mn
2383 3084 2446 3145 de
2483 3090 2722 3162 facienda
2757 3090 3000 3158 justitia;
3039 3087 3332 3162 capellanos
3352 3089 3430 3162 de
3476 3085 3726 3162 laudabili

2238 3153 2638 3224 conversatione,
2677 3153 2864 3228 fratres
2904 3153 3204 3212 monasterii
3241 3156 3298 3212 S.
3350 3153 3624 3212 Rhodberti
3663 3155 3727 3209 de

2238 3232 2436 3284 sincera
2461 3229 2733 3292 charitate,
2761 3236 2887 3288 αθ..
2921 3227 3186 3282 admoneri
3215 3236 3376 3297 optat.

2236 3245 2436 3284 sincera
2461 3244 2733 3292 caumate,
2761 3244 2887 3288 αθ..
2921 3244 3186 3282 admoneri
3215 3244 3376 3292 optat.

2237 3340 2586 3396 Sanctissimo
2619 3338 2765 3394 Patri
2816 3336 3066 3409 [Aquilae]
3101 3336 3589 3407 archipontiﬂcatus
3624 3338 3724 3392 ho-

2166 3449 2298 3490 nore
2327 3433 2631 3496 sublimato,
2666 3420 2884 3489 humilis
2919 3429 3101 3502 [levita
3129 3427 3371 3485 Albinusl
3398 3436 3611 3484 atem
3635 3416 3728 3499 pa-

2167 3523 2246 3578 cis
2269 3530 2325 3576 et
2347 3521 2715 3590 prosperitatis
2741 3520 2988 3576 salutem.
3314 3590 3318 3595 τ

2239 3613 2494 3666 Veniente
2512 3611 2818 3666 dulcissimo
2852 3610 3017 3666 fratre
3051 3611 3102 3683 [ί
3133 3611 3435 3665 Adaluulno
3457 3611 3726 3680 episcopo]

2166 3701 2424 3758 orationis
2456 3699 2624 3769 gratia
2655 3698 2744 3770 [ad
2777 3706 3019 3754 sanctum
3053 3698 3378 3769 Martiuum],
3411 3699 3559 3754 suavi
3591 3701 3723 3754 sima

2166 3799 2360 3848 vestrae
2383 3790 2716 3846 salutationis
2747 3789 3022 3859 proferens
3053 3790 3210 3846 nobis
3237 3790 3418 3855 verba,
3445 3797 3496 3845 et
3533 3797 3728 3859 optatte

2167 3880 2534 3952 prosperitatis
2570 3881 2803 3952 vigorem
2841 3881 3190 3944 annuntians,
3228 3878 3408 3941 valde,
3444 3887 3502 3933 ut
3533 3877 3726 3944 fateor,

2168 3970 2330 4025 lmtati
2357 3984 2542 4024 sumus
2578 3969 2631 4024 in
2668 3968 2784 4036 ejus
2819 3970 3045 4024 adventu
3076 3983 3092 4022 :
3124 3975 3180 4023 et
3217 3976 3277 4023 ut
3303 3975 3479 4027 vestra
3513 3969 3728 4027 deman-

2169 4062 2315 4118 davit
2346 4059 2578 4122 dilectio,
2618 4058 2824 4129 privata
2862 4067 3040 4114 mente
3071 4060 3399 4129 suscepimus
3432 4074 3575 4121 eum,
3615 4058 3730 4114 dul-

2168 4153 2502 4219 cissimaeque
2548 4151 2924 4206 familiaritatis
2969 4150 3201 4218 alloquio
3249 4151 3331 4205 usi
3379 4165 3581 4205 sumus.
3635 4150 3732 4206 Est

2169 4243 2331 4308 enim,
2360 4250 2418 4297 ut
2440 4242 2626 4311 agnovi
2655 4243 2708 4302 in
2738 4257 2821 4304 eo,
2847 4242 2929 4297 vir
2961 4241 3114 4296 valde
3142 4240 3335 4304 ﬁdelis,
3373 4248 3427 4296 et
3464 4241 3516 4296 in
3546 4249 3728 4297 sancta

2169 4334 2390 4390 devotus
2424 4332 2677 4402 religione
2718 4331 2908 4404 [Mab.,
2937 4330 3256 4403 devotione].
3287 4330 3491 4386 Vestris
3517 4344 3730 4399 quoque

2091 4429 2144 4489 Ῑ)
2169 4425 2405 4493 syllabis,
2431 4439 2548 4491 qua:
2585 4423 2778 4482 attulit,
2808 4421 3119 4489 perspectis,
3149 4420 3449 4474 invenimus
3477 4433 3568 4473 eas
3603 4410 3730 4474 eba-

2163 4513 2338 4566 ritatis
2366 4526 2538 4581 penna
2563 4510 2904 4579 perscriptas,
2929 4509 3081 4577 cuius
3106 4509 3267 4562 etiam
3297 4508 3572 4563 cbaritatis
3597 4507 3730 4564 mel-

2163 4601 2305 4656 lit'tua
2347 4600 2622 4655 dulcedine
2659 4597 2843 4654 refecti
2883 4612 3068 4652 sumus
3105 4612 3314 4668 semper
3343 4612 3372 4650 a
3400 4597 3549 4652 vobis
3590 4604 3646 4652 et
3673 4598 3725 4653 in

2163 4689 2346 4753 vobis,
2392 4703 2508 4758 quae
2557 4702 2654 4748 nos
2701 4687 2906 4751 duabus
2941 4687 3238 4742 dilectionis
3281 4686 3380 4741 alis
3426 4689 3493 4742 ad
3534 4687 3727 4761 caelum

2165 4794 2357 4852 usque,
2391 4778 2502 4833 Deo
2538 4779 2845 4842 miserante,
2884 4785 3100 4850 portare
3137 4778 3348 4849 poterit.
3390 4777 3457 4833 Et
3490 4778 3604 4833 haec
3642 4785 3728 4831 est

2164 4871 2366 4938 optima
2392 4884 2539 4941 pars,
2569 4884 2728 4940 quam
2758 4868 2918 4940 elegit
2952 4868 3108 4923 beata
3137 4867 3302 4922 Maria
3333 4866 3398 4921 ad
3434 4865 3598 4937 pedes
3635 4877 3722 4919 sc-

2168 5019 2390 5091 oblatos.
2416 5020 2548 5091 Vide
2571 5033 2732 5091 supra
2757 5018 3034 5091 epistolam
3063 5017 3163 5091 lio
3185 5017 3346 5091 (nunc
3380 5015 3519 5091 μθ),
3551 5023 3642 5069 not
3671 5025 3718 5066 ε.

2243 5101 2266 5130 ο
2290 5089 2427 5144 Edit.
2453 5087 2653 5158 Habiti:
2671 5089 2759 5149 ει,
2789 5087 2930 5158 nunc
2951 5087 3240 5158 integritati
3262 5101 3370 5142 suae
3385 5087 3628 5153 restituta
3653 5099 3720 5138 ex

2170 5159 2287 5240 cod.
2317 5157 2644 5240 σπι-8³1181).
2668 5156 3024 5240 dataridetur
3046 5156 3353 5240 paulo‘ante
3390 5161 3723 5240 sequentem:

2170 5226 2322 5294 cuius
2347 5235 2526 5282 notam
2549 5224 2573 5261 δ
2603 5225 2703 5279 col.
2728 5225 2832 5279 ωδ
2855 5220 3061 5280 videas:
3087 5224 3337 5293 (Froben.
3384 5220 3538 5292 epist.
3573 5220 3721 5285 115.)

2247 5296 2266 5335 τ
2294 5294 2588 5350 Adalantino
2615 5295 2870 5362 episcopo.
2898 5294 3299 5353 Ratisbonensi.
3333 5293 3422 5362 qui
3451 5291 3576 5346 huic
3605 5290 3722 5346 sedi

2171 5363 2382 5436 prefuit
2408 5364 2476 5416 ab
2499 5377 2638 5416 anno
2663 5361 2962 5436 matreque
2991 5364 3057 5436 a_d
3083 5377 3280 5436 {unum
3307 5361 3408 5436 8l'l
3435 5368 3494 5414 ut
3512 5366 3723 5436 testan-

2174 5426 2260 5488 iur
2286 5433 2710 5510 charaxat.er
2735 5426 3065 5510 biblioth._
3090 5428 3410 5510 Emmerami
3431 5468 3448 5492 ,
3473 5429 3561 5482 ubi

2173 5512 2262 5556 tur
2285 5519 2297 5568 ξ
2326 5496 2630 5568 ρςςξςιιί
2650 5498 2918 5568 Sinpertus
2942 5499 3098 5568 obiit,
3122 5498 3420 5568 Adaltm'ntts
3453 5496 3718 5552 successit.

2179 5565 2400 5626 DCCCX
2418 5566 2521 5620 VII
2552 5565 2846 5621 Adaltoinus
2877 5568 3000 5621 obiit
3019 5608 3034 5633 ,
3064 5567 3342 5623 Βατινίου
3379 5572 3713 5621 successerat.

2177 5640 2293 5695 \‘id.
2319 5639 2477 5702 epist.
2502 5649 2620 5703 seq.
