  <div class='ocr_page' id='page_1' title='image "/cluster/home/n/w/nwhite01/storage/ocr_20150623/100/uva.x000827058/209.png"; bbox 0 0 4272 6198; ppageno 0'>
   <div class='ocr_carea' id='block_1_1' title="bbox 633 253 740 332">
    <p class='ocr_par' dir='ltr' id='par_1_1' title="bbox 633 253 740 332">
     <span class='ocr_line' id='line_1_1' title="bbox 633 253 740 332; baseline 0 0"><span class='ocrx_word' id='word_1_1' title='bbox 633 253 740 332; x_wconf 70' lang='lat' dir='ltr'><strong>to:</strong></span> 
     </span>
    </p>
   </div>
   <div class='ocr_carea' id='block_1_2' title="bbox 1473 273 2964 337">
    <p class='ocr_par' dir='ltr' id='par_1_2' title="bbox 1473 273 2964 337">
     <span class='ocr_line' id='line_1_2' title="bbox 1473 273 2964 337; baseline 0.005 -7"><span class='ocrx_word' id='word_1_2' title='bbox 1473 278 1530 330; x_wconf 82' lang='grc' dir='ltr'><strong>Β.</strong></span> <span class='ocrx_word' id='word_1_3' title='bbox 1571 277 1631 331; x_wconf 75' lang='lat' dir='ltr'><strong>l&quot;.</strong></span> <span class='ocrx_word' id='word_1_4' title='bbox 1668 276 1888 330; x_wconf 72' lang='lat' dir='ltr'><strong>ALBINI</strong></span> <span class='ocrx_word' id='word_1_5' title='bbox 1927 278 2056 333; x_wconf 85' lang='lat' dir='ltr'><strong>SEU</strong></span> <span class='ocrx_word' id='word_1_6' title='bbox 2091 278 2362 334; x_wconf 71' lang='lat' dir='ltr'><strong>ALCUlNl</strong></span> <span class='ocrx_word' id='word_1_7' title='bbox 2397 273 2673 336; x_wconf 63' lang='lat' dir='ltr'><strong>OPERUH</strong></span> <span class='ocrx_word' id='word_1_8' title='bbox 2711 282 2887 337; x_wconf 78' lang='lat' dir='ltr'><strong>PARS</strong></span> <span class='ocrx_word' id='word_1_9' title='bbox 2921 284 2964 337; x_wconf 87' lang='lat' dir='ltr'><strong>l.</strong></span> 
     </span>
    </p>
   </div>
   <div class='ocr_carea' id='block_1_3' title="bbox 3723 288 3827 346">
    <p class='ocr_par' dir='ltr' id='par_1_3' title="bbox 3723 288 3827 346">
     <span class='ocr_line' id='line_1_3' title="bbox 3723 288 3827 346; baseline 0.038 -4"><span class='ocrx_word' id='word_1_10' title='bbox 3723 288 3827 346; x_wconf 62' lang='lat' dir='ltr'><strong>l0!</strong></span> 
     </span>
    </p>
   </div>
   <div class='ocr_carea' id='block_1_4' title="bbox 630 382 3826 464">
    <p class='ocr_par' dir='ltr' id='par_1_4' title="bbox 630 382 3826 464">
     <span class='ocr_line' id='line_1_4' title="bbox 630 382 3826 464; baseline 0.005 -23"><span class='ocrx_word' id='word_1_11' title='bbox 630 388 762 444; x_wconf 72' lang='lat' dir='ltr'><strong>deus</strong></span> <span class='ocrx_word' id='word_1_12' title='bbox 782 385 1094 451; x_wconf 83' lang='lat' dir='ltr'><strong>Salvatoris,</strong></span> <span class='ocrx_word' id='word_1_13' title='bbox 1121 389 1322 442; x_wconf 86' lang='lat' dir='ltr'><strong>intenta</strong></span> <span class='ocrx_word' id='word_1_14' title='bbox 1350 388 1568 442; x_wconf 91' lang='lat' dir='ltr'><strong>verbum</strong></span> <span class='ocrx_word' id='word_1_15' title='bbox 1595 382 1782 442; x_wconf 86' lang='lat' dir='ltr'><strong>Salutis</strong></span> <span class='ocrx_word' id='word_1_16' title='bbox 1812 389 1994 443; x_wconf 90' lang='lat' dir='ltr'><strong>audire</strong></span> <span class='ocrx_word' id='word_1_17' title='bbox 2028 390 2095 443; x_wconf 90' lang='lat' dir='ltr'><strong>ab</strong></span> <span class='ocrx_word' id='word_1_18' title='bbox 2121 405 2186 446; x_wconf 91' lang='lat' dir='ltr'><strong>eo</strong></span> <span class='ocrx_word' id='word_1_19' title='bbox 2211 396 2261 455; x_wconf 77' lang='grc' dir='ltr'><strong>Α</strong></span> <span class='ocrx_word' id='word_1_20' title='bbox 2286 393 2570 449; x_wconf 84' lang='lat' dir='ltr'><strong>admoneas</strong></span> <span class='ocrx_word' id='word_1_21' title='bbox 2597 399 2662 451; x_wconf 86' lang='lat' dir='ltr'><strong>de</strong></span> <span class='ocrx_word' id='word_1_22' title='bbox 2689 396 2855 452; x_wconf 87' lang='lat' dir='ltr'><strong>salute</strong></span> <span class='ocrx_word' id='word_1_23' title='bbox 2879 397 3178 452; x_wconf 88' lang='lat' dir='ltr'><strong>animarum</strong></span> <span class='ocrx_word' id='word_1_24' title='bbox 3206 415 3439 464; x_wconf 84' lang='lat' dir='ltr'><strong>suarum,</strong></span> <span class='ocrx_word' id='word_1_25' title='bbox 3470 401 3826 458; x_wconf 75' lang='lat' dir='ltr'><strong>orationibus-</strong></span> 
     </span>
    </p>
   </div>
   <div class='ocr_carea' id='block_1_5' title="bbox 633 475 2186 548">
    <p class='ocr_par' dir='ltr' id='par_1_5' title="bbox 633 475 2186 548">
     <span class='ocr_line' id='line_1_5' title="bbox 633 475 2186 548; baseline 0.001 -18"><span class='ocrx_word' id='word_1_26' title='bbox 633 475 781 548; x_wconf 85' lang='lat' dir='ltr'><strong>(Luc.</strong></span> <span class='ocrx_word' id='word_1_27' title='bbox 806 491 862 541; x_wconf 74' lang='grc' dir='ltr'><strong>ι,</strong></span> <span class='ocrx_word' id='word_1_28' title='bbox 885 475 972 541; x_wconf 80' lang='lat'><strong>39,</strong></span> <span class='ocrx_word' id='word_1_29' title='bbox 999 475 1108 546; x_wconf 69' lang='lat' dir='ltr'><strong>l2).</strong></span> <span class='ocrx_word' id='word_1_30' title='bbox 1139 475 1367 532; x_wconf 87' lang='lat' dir='ltr'><strong>Proinde</strong></span> <span class='ocrx_word' id='word_1_31' title='bbox 1387 483 1698 531; x_wconf 82' lang='lat' dir='ltr'><strong>maneamus</strong></span> <span class='ocrx_word' id='word_1_32' title='bbox 1718 477 1916 548; x_wconf 84' lang='lat' dir='ltr'><strong>jugiter</strong></span> <span class='ocrx_word' id='word_1_33' title='bbox 1936 479 1989 532; x_wconf 89' lang='lat' dir='ltr'><strong>in</strong></span> <span class='ocrx_word' id='word_1_34' title='bbox 2011 478 2186 534; x_wconf 86' lang='lat' dir='ltr'><strong>chari-</strong></span> 
     </span>
    </p>
   </div>
   <div class='ocr_carea' id='block_1_6' title="bbox 631 564 2186 637">
    <p class='ocr_par' dir='ltr' id='par_1_6' title="bbox 631 564 2186 637">
     <span class='ocr_line' id='line_1_6' title="bbox 631 564 2186 637; baseline 0 -17"><span class='ocrx_word' id='word_1_35' title='bbox 631 575 740 621; x_wconf 86' lang='lat' dir='ltr'><strong>tate</strong></span> <span class='ocrx_word' id='word_1_36' title='bbox 766 564 1026 636; x_wconf 79' lang='lat' dir='ltr'><strong>perfecta,</strong></span> <span class='ocrx_word' id='word_1_37' title='bbox 1054 564 1204 636; x_wconf 82' lang='lat' dir='ltr'><strong>cujus</strong></span> <span class='ocrx_word' id='word_1_38' title='bbox 1228 581 1332 620; x_wconf 93' lang='lat' dir='ltr'><strong>una</strong></span> <span class='ocrx_word' id='word_1_39' title='bbox 1369 579 1496 637; x_wconf 90' lang='lat' dir='ltr'><strong>pars</strong></span> <span class='ocrx_word' id='word_1_40' title='bbox 1523 566 1588 620; x_wconf 90' lang='lat' dir='ltr'><strong>ad</strong></span> <span class='ocrx_word' id='word_1_41' title='bbox 1617 565 1781 621; x_wconf 89' lang='lat' dir='ltr'><strong>Deum</strong></span> <span class='ocrx_word' id='word_1_42' title='bbox 1811 566 1979 620; x_wconf 92' lang='lat' dir='ltr'><strong>tendit</strong></span> <span class='ocrx_word' id='word_1_43' title='bbox 2005 567 2056 620; x_wconf 93' lang='lat' dir='ltr'><strong>in</strong></span> <span class='ocrx_word' id='word_1_44' title='bbox 2084 565 2186 620; x_wconf 80' lang='lat' dir='ltr'><strong>[ide</strong></span> 
     </span>
    </p>
   </div>
   <div class='ocr_carea' id='block_1_7' title="bbox 628 655 2186 726">
    <p class='ocr_par' dir='ltr' id='par_1_7' title="bbox 628 655 2186 726">
     <span class='ocr_line' id='line_1_7' title="bbox 628 655 2186 726; baseline -0.001 -16"><span class='ocrx_word' id='word_1_45' title='bbox 628 665 685 711; x_wconf 84' lang='lat' dir='ltr'><strong>et</strong></span> <span class='ocrx_word' id='word_1_46' title='bbox 709 658 830 712; x_wconf 70' lang='lat' dir='ltr'><strong>vita:</strong></span> <span class='ocrx_word' id='word_1_47' title='bbox 858 657 1167 721; x_wconf 80' lang='lat' dir='ltr'><strong>honestate;</strong></span> <span class='ocrx_word' id='word_1_48' title='bbox 1202 655 1368 710; x_wconf 87' lang='lat' dir='ltr'><strong>altera</strong></span> <span class='ocrx_word' id='word_1_49' title='bbox 1405 671 1531 710; x_wconf 91' lang='lat' dir='ltr'><strong>vero</strong></span> <span class='ocrx_word' id='word_1_50' title='bbox 1555 657 1824 726; x_wconf 77' lang='lat' dir='ltr'><strong>proximos</strong></span> <span class='ocrx_word' id='word_1_51' title='bbox 1852 655 2186 725; x_wconf 89' lang='lat' dir='ltr'><strong>amplectitur</strong></span> 
     </span>
    </p>
   </div>
   <div class='ocr_carea' id='block_1_8' title="bbox 612 743 2186 816">
    <p class='ocr_par' dir='ltr' id='par_1_8' title="bbox 612 743 2186 816">
     <span class='ocr_line' id='line_1_8' title="bbox 612 743 2186 816; baseline -0.001 -16"><span class='ocrx_word' id='word_1_52' title='bbox 612 744 680 800; x_wconf 82' lang='lat' dir='ltr'><strong>in</strong></span> <span class='ocrx_word' id='word_1_53' title='bbox 708 746 962 816; x_wconf 83' lang='lat' dir='ltr'><strong>patientia</strong></span> <span class='ocrx_word' id='word_1_54' title='bbox 984 752 1042 799; x_wconf 86' lang='lat' dir='ltr'><strong>et</strong></span> <span class='ocrx_word' id='word_1_55' title='bbox 1069 743 1408 814; x_wconf 71' lang='lat' dir='ltr'><strong>bmignitate.</strong></span> <span class='ocrx_word' id='word_1_56' title='bbox 1435 745 1546 798; x_wconf 89' lang='lat' dir='ltr'><strong>lloc</strong></span> <span class='ocrx_word' id='word_1_57' title='bbox 1568 760 1695 799; x_wconf 90' lang='lat' dir='ltr'><strong>vero</strong></span> <span class='ocrx_word' id='word_1_58' title='bbox 1722 745 2071 814; x_wconf 88' lang='lat' dir='ltr'><strong>quadruvium</strong></span> <span class='ocrx_word' id='word_1_59' title='bbox 2095 760 2186 798; x_wconf 54' lang='lat' dir='ltr'><strong>se</strong></span> 
     </span>
    </p>
   </div>
   <div class='ocr_carea' id='block_1_9' title="bbox 625 833 2180 905">
    <p class='ocr_par' dir='ltr' id='par_1_9' title="bbox 625 833 2180 905">
     <span class='ocr_line' id='line_1_9' title="bbox 625 833 2180 905; baseline -0.002 -15"><span class='ocrx_word' id='word_1_60' title='bbox 625 845 757 900; x_wconf 87' lang='lat' dir='ltr'><strong>stra,</strong></span> <span class='ocrx_word' id='word_1_61' title='bbox 787 835 954 890; x_wconf 78' lang='lat' dir='ltr'><strong>frater</strong></span> <span class='ocrx_word' id='word_1_62' title='bbox 974 834 1323 889; x_wconf 89' lang='lat' dir='ltr'><strong>charissime!</strong></span> <span class='ocrx_word' id='word_1_63' title='bbox 1356 835 1575 888; x_wconf 84' lang='lat' dir='ltr'><strong>intentio</strong></span> <span class='ocrx_word' id='word_1_64' title='bbox 1602 833 1821 904; x_wconf 80' lang='lat' dir='ltr'><strong>paciﬁce</strong></span> <span class='ocrx_word' id='word_1_65' title='bbox 1850 843 2054 905; x_wconf 81' lang='lat' dir='ltr'><strong>pergat,</strong></span> <span class='ocrx_word' id='word_1_66' title='bbox 2084 833 2180 887; x_wconf 91' lang='lat' dir='ltr'><strong>do-</strong></span> 
     </span>
    </p>
   </div>
   <div class='ocr_carea' id='block_1_10' title="bbox 605 921 2180 996">
    <p class='ocr_par' dir='ltr' id='par_1_10' title="bbox 605 921 2180 996">
     <span class='ocr_line' id='line_1_10' title="bbox 605 921 2180 996; baseline 0.001 -17"><span class='ocrx_word' id='word_1_67' title='bbox 605 921 726 979; x_wconf 65' lang='lat' dir='ltr'><strong>nec</strong></span> <span class='ocrx_word' id='word_1_68' title='bbox 750 926 983 979; x_wconf 75' lang='lat' dir='ltr'><strong>videatur</strong></span> <span class='ocrx_word' id='word_1_69' title='bbox 1015 924 1154 978; x_wconf 86' lang='lat' dir='ltr'><strong>Deus</strong></span> <span class='ocrx_word' id='word_1_70' title='bbox 1180 924 1392 977; x_wconf 85' lang='lat' dir='ltr'><strong>deorum</strong></span> <span class='ocrx_word' id='word_1_71' title='bbox 1419 925 1472 977; x_wconf 91' lang='lat' dir='ltr'><strong>in</strong></span> <span class='ocrx_word' id='word_1_72' title='bbox 1513 923 1642 978; x_wconf 89' lang='lat' dir='ltr'><strong>Sion</strong></span> <span class='ocrx_word' id='word_1_73' title='bbox 1671 923 1840 994; x_wconf 87' lang='lat' dir='ltr'><strong>(Psal.</strong></span> <span class='ocrx_word' id='word_1_74' title='bbox 1865 940 2090 988; x_wconf 79' lang='lat' dir='ltr'><strong>Lxxxut,</strong></span> <span class='ocrx_word' id='word_1_75' title='bbox 2125 924 2180 996; x_wconf 90' lang='lat'><strong>8)</strong></span> 
     </span>
    </p>
   </div>
   <div class='ocr_carea' id='block_1_11' title="bbox 623 1013 2183 1084">
    <p class='ocr_par' dir='ltr' id='par_1_11' title="bbox 623 1013 2183 1084">
     <span class='ocr_line' id='line_1_11' title="bbox 623 1013 2183 1084; baseline -0.001 -15"><span class='ocrx_word' id='word_1_76' title='bbox 623 1029 842 1070; x_wconf 68' lang='lat' dir='ltr'><strong>summae</strong></span> <span class='ocrx_word' id='word_1_77' title='bbox 874 1013 1231 1069; x_wconf 87' lang='lat' dir='ltr'><strong>beatitudinis.</strong></span> <span class='ocrx_word' id='word_1_78' title='bbox 1259 1014 1315 1067; x_wconf 92' lang='lat' dir='ltr'><strong>ln</strong></span> <span class='ocrx_word' id='word_1_79' title='bbox 1347 1014 1430 1068; x_wconf 88' lang='lat' dir='ltr'><strong>his</strong></span> <span class='ocrx_word' id='word_1_80' title='bbox 1465 1029 1676 1068; x_wconf 92' lang='lat' dir='ltr'><strong>morare</strong></span> <span class='ocrx_word' id='word_1_81' title='bbox 1703 1015 1999 1084; x_wconf 64' lang='lat' dir='ltr'><strong>prxueptis,</strong></span> <span class='ocrx_word' id='word_1_82' title='bbox 2026 1015 2183 1068; x_wconf 88' lang='lat' dir='ltr'><strong>alios-</strong></span> 
     </span>
    </p>
   </div>
   <div class='ocr_carea' id='block_1_12' title="bbox 623 1102 2177 1177">
    <p class='ocr_par' dir='ltr' id='par_1_12' title="bbox 623 1102 2177 1177">
     <span class='ocr_line' id='line_1_12' title="bbox 623 1102 2177 1177; baseline -0.003 -17"><span class='ocrx_word' id='word_1_83' title='bbox 623 1121 727 1177; x_wconf 85' lang='lat' dir='ltr'><strong>que</strong></span> <span class='ocrx_word' id='word_1_84' title='bbox 760 1105 971 1159; x_wconf 88' lang='lat' dir='ltr'><strong>erudire</strong></span> <span class='ocrx_word' id='word_1_85' title='bbox 1011 1104 1253 1168; x_wconf 87' lang='lat' dir='ltr'><strong>studeas;</strong></span> <span class='ocrx_word' id='word_1_86' title='bbox 1295 1113 1356 1157; x_wconf 92' lang='lat' dir='ltr'><strong>ut</strong></span> <span class='ocrx_word' id='word_1_87' title='bbox 1389 1103 1546 1160; x_wconf 83' lang='lat' dir='ltr'><strong>ﬁdem</strong></span> <span class='ocrx_word' id='word_1_88' title='bbox 1593 1103 1800 1156; x_wconf 84' lang='lat' dir='ltr'><strong>discant</strong></span> <span class='ocrx_word' id='word_1_89' title='bbox 1841 1102 2177 1166; x_wconf 90' lang='lat' dir='ltr'><strong>catholicam,</strong></span> 
     </span>
    </p>
   </div>
   <div class='ocr_carea' id='block_1_13' title="bbox 622 1195 2178 1266">
    <p class='ocr_par' dir='ltr' id='par_1_13' title="bbox 622 1195 2178 1266">
     <span class='ocr_line' id='line_1_13' title="bbox 622 1195 2178 1266; baseline -0.001 -16"><span class='ocrx_word' id='word_1_90' title='bbox 622 1206 848 1266; x_wconf 75' lang='lat' dir='ltr'><strong>eamque</strong></span> <span class='ocrx_word' id='word_1_91' title='bbox 875 1196 1052 1250; x_wconf 90' lang='lat' dir='ltr'><strong>sobria</strong></span> <span class='ocrx_word' id='word_1_92' title='bbox 1077 1212 1295 1266; x_wconf 92' lang='lat' dir='ltr'><strong>operum</strong></span> <span class='ocrx_word' id='word_1_93' title='bbox 1322 1195 1721 1250; x_wconf 75' lang='lat' dir='ltr'><strong>conversatione</strong></span> <span class='ocrx_word' id='word_1_94' title='bbox 1755 1195 2057 1260; x_wconf 85' lang='lat' dir='ltr'><strong>ostendant,</strong></span> <span class='ocrx_word' id='word_1_95' title='bbox 2083 1196 2178 1264; x_wconf 80' lang='lat' dir='ltr'><strong>pa-</strong></span> 
     </span>
    </p>
   </div>
   <div class='ocr_carea' id='block_1_14' title="bbox 601 1283 2181 1357">
    <p class='ocr_par' dir='ltr' id='par_1_14' title="bbox 601 1283 2181 1357">
     <span class='ocr_line' id='line_1_14' title="bbox 601 1283 2181 1357; baseline 0.001 -18"><span class='ocrx_word' id='word_1_96' title='bbox 601 1288 917 1356; x_wconf 84' lang='lat' dir='ltr'><strong>‘tientesque</strong></span> <span class='ocrx_word' id='word_1_97' title='bbox 949 1295 1110 1355; x_wconf 91' lang='lat' dir='ltr'><strong>atque</strong></span> <span class='ocrx_word' id='word_1_98' title='bbox 1144 1286 1365 1341; x_wconf 81' lang='lat' dir='ltr'><strong>beneﬁci</strong></span> <span class='ocrx_word' id='word_1_99' title='bbox 1403 1301 1520 1340; x_wconf 90' lang='lat' dir='ltr'><strong>esse</strong></span> <span class='ocrx_word' id='word_1_100' title='bbox 1547 1286 1870 1340; x_wconf 88' lang='lat' dir='ltr'><strong>contendant</strong></span> <span class='ocrx_word' id='word_1_101' title='bbox 1894 1283 1970 1357; x_wconf 90' lang='lat' dir='ltr'><strong>[in</strong></span> <span class='ocrx_word' id='word_1_102' title='bbox 2009 1287 2181 1341; x_wconf 80' lang='lat' dir='ltr'><strong>socias</strong></span> 
     </span>
    </p>
   </div>
   <div class='ocr_carea' id='block_1_15' title="bbox 622 1375 1437 1444">
    <p class='ocr_par' dir='ltr' id='par_1_15' title="bbox 622 1375 1437 1444">
     <span class='ocr_line' id='line_1_15' title="bbox 622 1375 1437 1444; baseline 0.001 -12"><span class='ocrx_word' id='word_1_103' title='bbox 622 1375 778 1444; x_wconf 85' lang='lat' dir='ltr'><strong>hujus</strong></span> <span class='ocrx_word' id='word_1_104' title='bbox 806 1376 1006 1432; x_wconf 89' lang='lat' dir='ltr'><strong>laboris</strong></span> <span class='ocrx_word' id='word_1_105' title='bbox 1035 1377 1260 1434; x_wconf 87' lang='lat' dir='ltr'><strong>animas.</strong></span> <span class='ocrx_word' id='word_1_106' title='bbox 1424 1383 1437 1392; x_wconf 88' lang='lat'>&#39;</span> 
     </span>
    </p>
   </div>
   <div class='ocr_carea' id='block_1_16' title="bbox 691 1463 2180 1534">
    <p class='ocr_par' dir='ltr' id='par_1_16' title="bbox 691 1463 2180 1534">
     <span class='ocr_line' id='line_1_16' title="bbox 691 1463 2180 1534; baseline 0 -15"><span class='ocrx_word' id='word_1_107' title='bbox 691 1465 798 1519; x_wconf 78' lang='lat' dir='ltr'><strong>Nec</strong></span> <span class='ocrx_word' id='word_1_108' title='bbox 828 1465 1026 1534; x_wconf 90' lang='lat' dir='ltr'><strong>aliquid</strong></span> <span class='ocrx_word' id='word_1_109' title='bbox 1055 1464 1176 1518; x_wconf 88' lang='lat' dir='ltr'><strong>novi</strong></span> <span class='ocrx_word' id='word_1_110' title='bbox 1214 1464 1277 1517; x_wconf 90' lang='lat' dir='ltr'><strong>de</strong></span> <span class='ocrx_word' id='word_1_111' title='bbox 1306 1463 1502 1532; x_wconf 88' lang='lat' dir='ltr'><strong>palatio</strong></span> <span class='ocrx_word' id='word_1_112' title='bbox 1533 1471 1723 1519; x_wconf 65' lang='lat' dir='ltr'><strong>veStrm</strong></span> <span class='ocrx_word' id='word_1_113' title='bbox 1758 1464 2052 1518; x_wconf 86' lang='lat' dir='ltr'><strong>sinceritati</strong></span> <span class='ocrx_word' id='word_1_114' title='bbox 2089 1465 2180 1519; x_wconf 87' lang='lat' dir='ltr'><strong>de-</strong></span> 
     </span>
    </p>
   </div>
   <div class='ocr_carea' id='block_1_17' title="bbox 620 1541 2178 1630">
    <p class='ocr_par' dir='ltr' id='par_1_17' title="bbox 620 1541 2178 1630">
     <span class='ocr_line' id='line_1_17' title="bbox 620 1541 2178 1630; baseline -0.001 -18"><span class='ocrx_word' id='word_1_115' title='bbox 620 1541 874 1612; x_wconf 68' lang='lat' dir='ltr'><strong>mandata</strong></span> <span class='ocrx_word' id='word_1_116' title='bbox 898 1555 1223 1630; x_wconf 86' lang='lat' dir='ltr'><strong>habuimus].</strong></span> <span class='ocrx_word' id='word_1_117' title='bbox 1255 1557 1458 1612; x_wconf 65' lang='lat' dir='ltr'><strong>Vestra:</strong></span> <span class='ocrx_word' id='word_1_118' title='bbox 1485 1572 1614 1611; x_wconf 91' lang='lat' dir='ltr'><strong>vero</strong></span> <span class='ocrx_word' id='word_1_119' title='bbox 1651 1557 1946 1612; x_wconf 80' lang='lat' dir='ltr'><strong>devotionis</strong></span> <span class='ocrx_word' id='word_1_120' title='bbox 1987 1559 2178 1614; x_wconf 83' lang='lat' dir='ltr'><strong>sancti-</strong></span> 
     </span>
    </p>
   </div>
   <div class='ocr_carea' id='block_1_18' title="bbox 591 1643 2174 1717">
    <p class='ocr_par' dir='ltr' id='par_1_18' title="bbox 591 1643 2174 1717">
     <span class='ocr_line' id='line_1_18' title="bbox 591 1643 2174 1717; baseline 0 -17"><span class='ocrx_word' id='word_1_121' title='bbox 591 1651 700 1700; x_wconf 81' lang='lat' dir='ltr'><strong>‘tas</strong></span> <span class='ocrx_word' id='word_1_122' title='bbox 741 1643 1019 1717; x_wconf 67' lang='lat' dir='ltr'><strong>[przedicet</strong></span> <span class='ocrx_word' id='word_1_123' title='bbox 1045 1657 1072 1685; x_wconf 82' lang='grc' dir='ltr'><strong>ι</strong></span> <span class='ocrx_word' id='word_1_124' title='bbox 1102 1644 1292 1700; x_wconf 90' lang='lat' dir='ltr'><strong>Odulfo</strong></span> <span class='ocrx_word' id='word_1_125' title='bbox 1337 1653 1520 1699; x_wconf 90' lang='lat' dir='ltr'><strong>nostro</strong></span> <span class='ocrx_word' id='word_1_126' title='bbox 1568 1643 1696 1698; x_wconf 92' lang='lat' dir='ltr'><strong>olim</strong></span> <span class='ocrx_word' id='word_1_127' title='bbox 1740 1645 1912 1699; x_wconf 91' lang='lat' dir='ltr'><strong>amico</strong></span> <span class='ocrx_word' id='word_1_128' title='bbox 1953 1646 2174 1700; x_wconf 84' lang='lat' dir='ltr'><strong>verbum</strong></span> 
     </span>
    </p>
   </div>
   <div class='ocr_carea' id='block_1_19' title="bbox 614 1729 2252 1805">
    <p class='ocr_par' dir='ltr' id='par_1_19' title="bbox 614 1729 2252 1805">
     <span class='ocr_line' id='line_1_19' title="bbox 614 1729 2252 1805; baseline 0.002 -19"><span class='ocrx_word' id='word_1_129' title='bbox 614 1736 735 1790; x_wconf 71' lang='lat' dir='ltr'><strong>vitae</strong></span> <span class='ocrx_word' id='word_1_130' title='bbox 761 1736 972 1805; x_wconf 62' lang='lat' dir='ltr'><strong>sacpius,</strong></span> <span class='ocrx_word' id='word_1_131' title='bbox 1001 1743 1060 1788; x_wconf 90' lang='lat' dir='ltr'><strong>ut</strong></span> <span class='ocrx_word' id='word_1_132' title='bbox 1085 1735 1155 1790; x_wconf 89' lang='lat' dir='ltr'><strong>sit</strong></span> <span class='ocrx_word' id='word_1_133' title='bbox 1178 1733 1354 1802; x_wconf 87' lang='lat' dir='ltr'><strong>justus</strong></span> <span class='ocrx_word' id='word_1_134' title='bbox 1376 1733 1678 1802; x_wconf 88' lang='lat' dir='ltr'><strong>injudiciis,</strong></span> <span class='ocrx_word' id='word_1_135' title='bbox 1709 1743 1764 1789; x_wconf 88' lang='lat' dir='ltr'><strong>et</strong></span> <span class='ocrx_word' id='word_1_136' title='bbox 1789 1734 2091 1790; x_wconf 87' lang='lat' dir='ltr'><strong>misericors</strong></span> <span class='ocrx_word' id='word_1_137' title='bbox 2122 1738 2176 1791; x_wconf 91' lang='lat' dir='ltr'><strong>in</strong></span> <span class='ocrx_word' id='word_1_138' title='bbox 2209 1729 2252 1789; x_wconf 85' lang='grc' dir='ltr'><strong>Β</strong></span> 
     </span>
    </p>
   </div>
   <div class='ocr_carea' id='block_1_20' title="bbox 613 1813 2175 1898">
    <p class='ocr_par' dir='ltr' id='par_1_20' title="bbox 613 1813 2175 1898">
     <span class='ocr_line' id='line_1_20' title="bbox 613 1813 2175 1898; baseline 0.003 -18"><span class='ocrx_word' id='word_1_139' title='bbox 613 1820 892 1897; x_wconf 72' lang='lat' dir='ltr'><strong>pauperes,</strong></span> <span class='ocrx_word' id='word_1_140' title='bbox 909 1826 1062 1898; x_wconf 78' lang='lat'><strong>165</strong></span> <span class='ocrx_word' id='word_1_141' title='bbox 1083 1828 1205 1896; x_wconf 87' lang='lat' dir='ltr'><strong>quia</strong></span> <span class='ocrx_word' id='word_1_142' title='bbox 1225 1829 1480 1897; x_wconf 77' lang='lat' dir='ltr'><strong>scriptum</strong></span> <span class='ocrx_word' id='word_1_143' title='bbox 1495 1824 1744 1898; x_wconf 66' lang='lat' dir='ltr'><strong>legimus:</strong></span> <span class='ocrx_word' id='word_1_144' title='bbox 1761 1813 2118 1884; x_wconf 67' lang='lat' dir='ltr'><strong>Misericordia</strong></span> <span class='ocrx_word' id='word_1_145' title='bbox 2129 1834 2175 1884; x_wconf 86' lang='lat' dir='ltr'><strong>et</strong></span> 
     </span>
    </p>
   </div>
   <div class='ocr_carea' id='block_1_21' title="bbox 611 1918 2177 1991">
    <p class='ocr_par' dir='ltr' id='par_1_21' title="bbox 611 1918 2177 1991">
     <span class='ocr_line' id='line_1_21' title="bbox 611 1918 2177 1991; baseline 0.002 -18"><span class='ocrx_word' id='word_1_146' title='bbox 611 1919 797 1973; x_wconf 69' lang='lat' dir='ltr'><strong>veritas</strong></span> <span class='ocrx_word' id='word_1_147' title='bbox 826 1920 1120 1973; x_wconf 84' lang='lat' dir='ltr'><strong>custodiunt</strong></span> <span class='ocrx_word' id='word_1_148' title='bbox 1157 1921 1434 1989; x_wconf 78' lang='lat' dir='ltr'><strong>principem</strong></span> <span class='ocrx_word' id='word_1_149' title='bbox 1465 1918 1643 1991; x_wconf 83' lang='lat' dir='ltr'><strong>(Prov.</strong></span> <span class='ocrx_word' id='word_1_150' title='bbox 1676 1936 1745 1973; x_wconf 75' lang='lat' dir='ltr'><strong>xx</strong></span> <span class='ocrx_word' id='word_1_151' title='bbox 1765 1961 1778 1984; x_wconf 95' lang='lat'><strong>,</strong></span> <span class='ocrx_word' id='word_1_152' title='bbox 1810 1919 1922 1991; x_wconf 68' lang='lat'><strong>28),</strong></span> <span class='ocrx_word' id='word_1_153' title='bbox 1952 1930 2007 1976; x_wconf 90' lang='lat' dir='ltr'><strong>et</strong></span> <span class='ocrx_word' id='word_1_154' title='bbox 2032 1922 2177 1976; x_wconf 77' lang='lat' dir='ltr'><strong>exal-</strong></span> 
     </span>
    </p>
   </div>
   <div class='ocr_carea' id='block_1_22' title="bbox 590 2006 2173 2080">
    <p class='ocr_par' dir='ltr' id='par_1_22' title="bbox 590 2006 2173 2080">
     <span class='ocr_line' id='line_1_22' title="bbox 590 2006 2173 2080; baseline 0.001 -17"><span class='ocrx_word' id='word_1_155' title='bbox 590 2011 731 2063; x_wconf 81' lang='lat' dir='ltr'><strong>&#39;tant</strong></span> <span class='ocrx_word' id='word_1_156' title='bbox 777 2006 1112 2061; x_wconf 89' lang='lat' dir='ltr'><strong>ambulantes</strong></span> <span class='ocrx_word' id='word_1_157' title='bbox 1157 2008 1209 2061; x_wconf 85' lang='lat' dir='ltr'><strong>in</strong></span> <span class='ocrx_word' id='word_1_158' title='bbox 1255 2008 1353 2062; x_wconf 81' lang='lat' dir='ltr'><strong>eis.</strong></span> <span class='ocrx_word' id='word_1_159' title='bbox 1397 2007 1728 2063; x_wconf 78' lang='lat' dir='ltr'><strong>Recordetur</strong></span> <span class='ocrx_word' id='word_1_160' title='bbox 1756 2024 1986 2080; x_wconf 90' lang='lat' dir='ltr'><strong>semper,</strong></span> <span class='ocrx_word' id='word_1_161' title='bbox 2016 2024 2173 2079; x_wconf 87' lang='lat' dir='ltr'><strong>quem</strong></span> 
     </span>
    </p>
   </div>
   <div class='ocr_carea' id='block_1_23' title="bbox 613 2098 2168 2171">
    <p class='ocr_par' dir='ltr' id='par_1_23' title="bbox 613 2098 2168 2171">
     <span class='ocr_line' id='line_1_23' title="bbox 613 2098 2168 2171; baseline 0.002 -19"><span class='ocrx_word' id='word_1_162' title='bbox 613 2099 742 2154; x_wconf 80' lang='lat' dir='ltr'><strong>velit</strong></span> <span class='ocrx_word' id='word_1_163' title='bbox 766 2099 966 2154; x_wconf 77' lang='lat' dir='ltr'><strong>habere</strong></span> <span class='ocrx_word' id='word_1_164' title='bbox 990 2099 1042 2153; x_wconf 92' lang='lat' dir='ltr'><strong>in</strong></span> <span class='ocrx_word' id='word_1_165' title='bbox 1062 2099 1312 2169; x_wconf 88' lang='lat' dir='ltr'><strong>periculis</strong></span> <span class='ocrx_word' id='word_1_166' title='bbox 1331 2098 1686 2164; x_wconf 80' lang='lat' dir='ltr'><strong>defensorem,</strong></span> <span class='ocrx_word' id='word_1_167' title='bbox 1713 2115 1942 2170; x_wconf 85' lang='lat' dir='ltr'><strong>eumque</strong></span> <span class='ocrx_word' id='word_1_168' title='bbox 1960 2101 2168 2171; x_wconf 77' lang='lat' dir='ltr'><strong>diligat;</strong></span> 
     </span>
    </p>
   </div>
   <div class='ocr_carea' id='block_1_24' title="bbox 611 2187 2168 2262">
    <p class='ocr_par' dir='ltr' id='par_1_24' title="bbox 611 2187 2168 2262">
     <span class='ocr_line' id='line_1_24' title="bbox 611 2187 2168 2262; baseline 0.001 -18"><span class='ocrx_word' id='word_1_169' title='bbox 611 2187 900 2262; x_wconf 58' lang='lat' dir='ltr'><strong>et&#39;opere,</strong></span> <span class='ocrx_word' id='word_1_170' title='bbox 929 2201 1186 2262; x_wconf 90' lang='lat' dir='ltr'><strong>quantum</strong></span> <span class='ocrx_word' id='word_1_171' title='bbox 1217 2192 1420 2256; x_wconf 89' lang='lat' dir='ltr'><strong>valeat,</strong></span> <span class='ocrx_word' id='word_1_172' title='bbox 1461 2192 1604 2246; x_wconf 89' lang='lat' dir='ltr'><strong>illius</strong></span> <span class='ocrx_word' id='word_1_173' title='bbox 1642 2193 1858 2262; x_wconf 86' lang='lat' dir='ltr'><strong>impleat</strong></span> <span class='ocrx_word' id='word_1_174' title='bbox 1883 2201 2168 2262; x_wconf 72' lang='lat' dir='ltr'><strong>przecepta.</strong></span> 
     </span>
    </p>
   </div>
   <div class='ocr_carea' id='block_1_25' title="bbox 609 2259 2170 2354">
    <p class='ocr_par' dir='ltr' id='par_1_25' title="bbox 609 2259 2170 2354">
     <span class='ocr_line' id='line_1_25' title="bbox 609 2259 2170 2354; baseline 0.003 -19"><span class='ocrx_word' id='word_1_175' title='bbox 609 2259 717 2336; x_wconf 62' lang='lat' dir='ltr'><strong>Nec</strong></span> <span class='ocrx_word' id='word_1_176' title='bbox 740 2259 814 2336; x_wconf 20' lang='lat' dir='ltr'><strong>ise</strong></span> <span class='ocrx_word' id='word_1_177' title='bbox 844 2259 1138 2337; x_wconf 83' lang='lat' dir='ltr'><strong>inconsulte</strong></span> <span class='ocrx_word' id='word_1_178' title='bbox 1178 2284 1352 2337; x_wconf 88' lang='lat' dir='ltr'><strong>tradat</strong></span> <span class='ocrx_word' id='word_1_179' title='bbox 1395 2284 1682 2354; x_wconf 87' lang='lat' dir='ltr'><strong>periculis,</strong></span> <span class='ocrx_word' id='word_1_180' title='bbox 1713 2259 1978 2354; x_wconf 81' lang='lat' dir='ltr'><strong>quomodo</strong></span> <span class='ocrx_word' id='word_1_181' title='bbox 1998 2285 2026 2326; x_wconf 75' lang='grc' dir='ltr'><strong>ι’</strong></span> <span class='ocrx_word' id='word_1_182' title='bbox 2053 2259 2170 2354; x_wconf 80' lang='lat' dir='ltr'><strong>qui-</strong></span> 
     </span>
    </p>
   </div>
   <div class='ocr_carea' id='block_1_26' title="bbox 583 2365 2171 2445">
    <p class='ocr_par' dir='ltr' id='par_1_26' title="bbox 583 2365 2171 2445">
     <span class='ocr_line' id='line_1_26' title="bbox 583 2365 2171 2445; baseline 0.003 -21"><span class='ocrx_word' id='word_1_183' title='bbox 583 2365 733 2424; x_wconf 65' lang='lat' dir='ltr'><strong>&#39;da&#39;m</strong></span> <span class='ocrx_word' id='word_1_184' title='bbox 759 2371 841 2424; x_wconf 91' lang='lat' dir='ltr'><strong>sui</strong></span> <span class='ocrx_word' id='word_1_185' title='bbox 863 2377 1230 2426; x_wconf 71' lang='lat' dir='ltr'><strong>antetessores</strong></span> <span class='ocrx_word' id='word_1_186' title='bbox 1249 2371 1502 2436; x_wconf 82' lang='lat' dir='ltr'><strong>fecerunt,</strong></span> <span class='ocrx_word' id='word_1_187' title='bbox 1527 2383 1581 2428; x_wconf 88' lang='lat' dir='ltr'><strong>et</strong></span> <span class='ocrx_word' id='word_1_188' title='bbox 1601 2375 1719 2429; x_wconf 89' lang='lat' dir='ltr'><strong>ideo</strong></span> <span class='ocrx_word' id='word_1_189' title='bbox 1739 2374 1978 2445; x_wconf 83' lang='lat' dir='ltr'><strong>improba</strong></span> <span class='ocrx_word' id='word_1_190' title='bbox 2002 2383 2171 2429; x_wconf 88' lang='lat' dir='ltr'><strong>morte</strong></span> 
     </span>
    </p>
   </div>
   <div class='ocr_carea' id='block_1_27' title="bbox 608 2458 2172 2535">
    <p class='ocr_par' dir='ltr' id='par_1_27' title="bbox 608 2458 2172 2535">
     <span class='ocr_line' id='line_1_27' title="bbox 608 2458 2172 2535; baseline 0.004 -22"><span class='ocrx_word' id='word_1_191' title='bbox 608 2459 898 2529; x_wconf 80' lang='lat' dir='ltr'><strong>perierunt.</strong></span> <span class='ocrx_word' id='word_1_192' title='bbox 931 2458 1014 2515; x_wconf 91' lang='lat' dir='ltr'><strong>Sit</strong></span> <span class='ocrx_word' id='word_1_193' title='bbox 1040 2460 1110 2514; x_wconf 90' lang='lat' dir='ltr'><strong>illi</strong></span> <span class='ocrx_word' id='word_1_194' title='bbox 1136 2462 1378 2517; x_wconf 90' lang='lat' dir='ltr'><strong>Christus</strong></span> <span class='ocrx_word' id='word_1_195' title='bbox 1408 2463 1458 2517; x_wconf 93' lang='lat' dir='ltr'><strong>in</strong></span> <span class='ocrx_word' id='word_1_196' title='bbox 1488 2463 1668 2528; x_wconf 90' lang='lat' dir='ltr'><strong>corde,</strong></span> <span class='ocrx_word' id='word_1_197' title='bbox 1690 2473 1746 2518; x_wconf 89' lang='lat' dir='ltr'><strong>et</strong></span> <span class='ocrx_word' id='word_1_198' title='bbox 1766 2474 2029 2535; x_wconf 67' lang='lat' dir='ltr'><strong>praecepta</strong></span> <span class='ocrx_word' id='word_1_199' title='bbox 2056 2464 2172 2532; x_wconf 78' lang='lat' dir='ltr'><strong>eius</strong></span> 
     </span>
    </p>
   </div>
   <div class='ocr_carea' id='block_1_28' title="bbox 609 2549 2166 2619">
    <p class='ocr_par' dir='ltr' id='par_1_28' title="bbox 609 2549 2166 2619">
     <span class='ocr_line' id='line_1_28' title="bbox 609 2549 2166 2619; baseline 0.004 -17"><span class='ocrx_word' id='word_1_200' title='bbox 609 2549 661 2602; x_wconf 93' lang='lat' dir='ltr'><strong>in</strong></span> <span class='ocrx_word' id='word_1_201' title='bbox 690 2564 783 2604; x_wconf 91' lang='lat' dir='ltr'><strong>ore</strong></span> <span class='ocrx_word' id='word_1_202' title='bbox 807 2559 859 2604; x_wconf 92' lang='lat' dir='ltr'><strong>ct</strong></span> <span class='ocrx_word' id='word_1_203' title='bbox 886 2564 1064 2619; x_wconf 89' lang='lat' dir='ltr'><strong>opere,</strong></span> <span class='ocrx_word' id='word_1_204' title='bbox 1099 2560 1159 2604; x_wconf 88' lang='lat' dir='ltr'><strong>ut</strong></span> <span class='ocrx_word' id='word_1_205' title='bbox 1184 2552 1323 2605; x_wconf 91' lang='lat' dir='ltr'><strong>vivat</strong></span> <span class='ocrx_word' id='word_1_206' title='bbox 1351 2551 1576 2606; x_wconf 79' lang='lat' dir='ltr'><strong>feliciter</strong></span> <span class='ocrx_word' id='word_1_207' title='bbox 1599 2553 1651 2606; x_wconf 93' lang='lat' dir='ltr'><strong>in</strong></span> <span class='ocrx_word' id='word_1_208' title='bbox 1674 2553 1773 2608; x_wconf 85' lang='lat' dir='ltr'><strong>hoc</strong></span> <span class='ocrx_word' id='word_1_209' title='bbox 1798 2554 2010 2616; x_wconf 55' lang='lat' dir='ltr'><strong>seculo,</strong></span> <span class='ocrx_word' id='word_1_210' title='bbox 2041 2563 2097 2608; x_wconf 91' lang='lat' dir='ltr'><strong>et</strong></span> <span class='ocrx_word' id='word_1_211' title='bbox 2116 2555 2166 2608; x_wconf 91' lang='lat' dir='ltr'><strong>in</strong></span> 
     </span>
    </p>
   </div>
   <div class='ocr_carea' id='block_1_29' title="bbox 608 2639 2168 2712">
    <p class='ocr_par' dir='ltr' id='par_1_29' title="bbox 608 2639 2168 2712">
     <span class='ocr_line' id='line_1_29' title="bbox 608 2639 2168 2712; baseline 0.004 -21"><span class='ocrx_word' id='word_1_212' title='bbox 608 2639 784 2693; x_wconf 90' lang='lat' dir='ltr'><strong>futuro</strong></span> <span class='ocrx_word' id='word_1_213' title='bbox 817 2641 1027 2694; x_wconf 89' lang='lat' dir='ltr'><strong>beatam</strong></span> <span class='ocrx_word' id='word_1_214' title='bbox 1061 2641 1301 2695; x_wconf 79' lang='lat' dir='ltr'><strong>obtineat</strong></span> <span class='ocrx_word' id='word_1_215' title='bbox 1333 2641 1578 2712; x_wconf 80' lang='lat' dir='ltr'><strong>gloriam.</strong></span> <span class='ocrx_word' id='word_1_216' title='bbox 1607 2643 1827 2697; x_wconf 84' lang='lat' dir='ltr'><strong>Vestros</strong></span> <span class='ocrx_word' id='word_1_217' title='bbox 1853 2658 1979 2697; x_wconf 89' lang='lat' dir='ltr'><strong>vero</strong></span> <span class='ocrx_word' id='word_1_218' title='bbox 2011 2643 2168 2698; x_wconf 87' lang='lat' dir='ltr'><strong>disci-</strong></span> 
     </span>
    </p>
   </div>
   <div class='ocr_carea' id='block_1_30' title="bbox 570 2727 2166 2802">
    <p class='ocr_par' dir='ltr' id='par_1_30' title="bbox 570 2727 2166 2802">
     <span class='ocr_line' id='line_1_30' title="bbox 570 2727 2166 2802; baseline 0.004 -20"><span class='ocrx_word' id='word_1_219' title='bbox 570 2756 574 2761; x_wconf 91' lang='lat'><strong><em>-</em></strong></span> <span class='ocrx_word' id='word_1_220' title='bbox 606 2727 756 2799; x_wconf 83' lang='lat' dir='ltr'><strong>pulos</strong></span> <span class='ocrx_word' id='word_1_221' title='bbox 775 2738 828 2784; x_wconf 90' lang='lat' dir='ltr'><strong>et</strong></span> <span class='ocrx_word' id='word_1_222' title='bbox 852 2730 1151 2799; x_wconf 85' lang='lat' dir='ltr'><strong>capellanos</strong></span> <span class='ocrx_word' id='word_1_223' title='bbox 1177 2746 1317 2795; x_wconf 92' lang='lat' dir='ltr'><strong>meo,</strong></span> <span class='ocrx_word' id='word_1_224' title='bbox 1340 2747 1547 2802; x_wconf 81' lang='lat' dir='ltr'><strong>precor,</strong></span> <span class='ocrx_word' id='word_1_225' title='bbox 1569 2732 1742 2787; x_wconf 83' lang='lat' dir='ltr'><strong>oﬂlcio</strong></span> <span class='ocrx_word' id='word_1_226' title='bbox 1762 2732 1955 2798; x_wconf 88' lang='lat' dir='ltr'><strong>saluta,</strong></span> <span class='ocrx_word' id='word_1_227' title='bbox 1980 2735 2166 2789; x_wconf 88' lang='lat' dir='ltr'><strong>admo-</strong></span> 
     </span>
    </p>
   </div>
   <div class='ocr_carea' id='block_1_31' title="bbox 606 2819 2165 2885">
    <p class='ocr_par' dir='ltr' id='par_1_31' title="bbox 606 2819 2165 2885">
     <span class='ocr_line' id='line_1_31' title="bbox 606 2819 2165 2885; baseline 0.003 -13"><span class='ocrx_word' id='word_1_228' title='bbox 606 2826 738 2874; x_wconf 89' lang='lat' dir='ltr'><strong>nens</strong></span> <span class='ocrx_word' id='word_1_229' title='bbox 764 2833 857 2872; x_wconf 91' lang='lat' dir='ltr'><strong>eos</strong></span> <span class='ocrx_word' id='word_1_230' title='bbox 885 2819 1106 2873; x_wconf 91' lang='lat' dir='ltr'><strong>honeste</strong></span> <span class='ocrx_word' id='word_1_231' title='bbox 1134 2819 1313 2873; x_wconf 80' lang='lat' dir='ltr'><strong>vivere</strong></span> <span class='ocrx_word' id='word_1_232' title='bbox 1339 2834 1518 2873; x_wconf 87' lang='lat' dir='ltr'><strong>coram</strong></span> <span class='ocrx_word' id='word_1_233' title='bbox 1545 2821 1877 2885; x_wconf 85' lang='lat' dir='ltr'><strong>hominibus,</strong></span> <span class='ocrx_word' id='word_1_234' title='bbox 1903 2831 1963 2875; x_wconf 91' lang='lat' dir='ltr'><strong>ut</strong></span> <span class='ocrx_word' id='word_1_235' title='bbox 1987 2831 2165 2878; x_wconf 89' lang='lat' dir='ltr'><strong>vestra</strong></span> 
     </span>
    </p>
   </div>
   <div class='ocr_carea' id='block_1_32' title="bbox 605 2909 2167 2982">
    <p class='ocr_par' dir='ltr' id='par_1_32' title="bbox 605 2909 2167 2982">
     <span class='ocr_line' id='line_1_32' title="bbox 605 2909 2167 2982; baseline 0.003 -18"><span class='ocrx_word' id='word_1_236' title='bbox 605 2914 672 2964; x_wconf 72' lang='lat' dir='ltr'><strong>es</strong></span> <span class='ocrx_word' id='word_1_237' title='bbox 705 2922 888 2964; x_wconf 86' lang='lat' dir='ltr'><strong>eorum</strong></span> <span class='ocrx_word' id='word_1_238' title='bbox 925 2910 1326 2966; x_wconf 77' lang='lat' dir='ltr'><strong>muversatione</strong></span> <span class='ocrx_word' id='word_1_239' title='bbox 1369 2909 1612 2966; x_wconf 88' lang='lat' dir='ltr'><strong>laudetur</strong></span> <span class='ocrx_word' id='word_1_240' title='bbox 1652 2911 1897 2982; x_wconf 80' lang='lat' dir='ltr'><strong>dignitas.</strong></span> <span class='ocrx_word' id='word_1_241' title='bbox 1951 2912 2167 2969; x_wconf 81' lang='lat' dir='ltr'><strong>Fratres</strong></span> 
     </span>
    </p>
   </div>
   <div class='ocr_carea' id='block_1_33' title="bbox 605 2998 2163 3069">
    <p class='ocr_par' dir='ltr' id='par_1_33' title="bbox 605 2998 2163 3069">
     <span class='ocr_line' id='line_1_33' title="bbox 605 2998 2163 3069; baseline 0.003 -17"><span class='ocrx_word' id='word_1_242' title='bbox 605 2999 818 3069; x_wconf 76' lang='lat' dir='ltr'><strong>quoque</strong></span> <span class='ocrx_word' id='word_1_243' title='bbox 845 2998 1014 3052; x_wconf 86' lang='lat' dir='ltr'><strong>sancti</strong></span> <span class='ocrx_word' id='word_1_244' title='bbox 1038 2998 1331 3053; x_wconf 74' lang='lat' dir='ltr'><strong>Rhodberti</strong></span> <span class='ocrx_word' id='word_1_245' title='bbox 1359 2998 1683 3055; x_wconf 86' lang='lat' dir='ltr'><strong>confessoris</strong></span> <span class='ocrx_word' id='word_1_246' title='bbox 1710 2999 1909 3054; x_wconf 85' lang='lat' dir='ltr'><strong>Christi</strong></span> <span class='ocrx_word' id='word_1_247' title='bbox 1949 3001 2163 3057; x_wconf 88' lang='lat' dir='ltr'><strong>hortare</strong></span> 
     </span>
    </p>
   </div>
   <div class='ocr_carea' id='block_1_34' title="bbox 605 3063 2233 3160">
    <p class='ocr_par' dir='ltr' id='par_1_34' title="bbox 605 3063 2233 3160">
     <span class='ocr_line' id='line_1_34' title="bbox 605 3063 2233 3160; baseline 0.001 -17"><span class='ocrx_word' id='word_1_248' title='bbox 605 3063 820 3156; x_wconf 54' lang='lat' dir='ltr'><strong>sapius,</strong></span> <span class='ocrx_word' id='word_1_249' title='bbox 849 3095 904 3140; x_wconf 92' lang='lat' dir='ltr'><strong>ut</strong></span> <span class='ocrx_word' id='word_1_250' title='bbox 935 3087 987 3140; x_wconf 88' lang='lat' dir='ltr'><strong>in</strong></span> <span class='ocrx_word' id='word_1_251' title='bbox 1014 3087 1222 3140; x_wconf 83' lang='lat' dir='ltr'><strong>sincera</strong></span> <span class='ocrx_word' id='word_1_252' title='bbox 1253 3088 1518 3143; x_wconf 88' lang='lat' dir='ltr'><strong>charitate</strong></span> <span class='ocrx_word' id='word_1_253' title='bbox 1543 3095 1595 3142; x_wconf 84' lang='lat' dir='ltr'><strong>et</strong></span> <span class='ocrx_word' id='word_1_254' title='bbox 1616 3089 1804 3143; x_wconf 87' lang='lat' dir='ltr'><strong>devota</strong></span> <span class='ocrx_word' id='word_1_255' title='bbox 1831 3090 2083 3160; x_wconf 76' lang='lat' dir='ltr'><strong>religione</strong></span> <span class='ocrx_word' id='word_1_256' title='bbox 2109 3101 2162 3146; x_wconf 90' lang='lat' dir='ltr'><strong>et</strong></span> <span class='ocrx_word' id='word_1_257' title='bbox 2188 3063 2233 3124; x_wconf 58' lang='grc' dir='ltr'><strong>(ἶ</strong></span> 
     </span>
    </p>
   </div>
   <div class='ocr_carea' id='block_1_35' title="bbox 606 3177 2164 3236">
    <p class='ocr_par' dir='ltr' id='par_1_35' title="bbox 606 3177 2164 3236">
     <span class='ocr_line' id='line_1_35' title="bbox 606 3177 2164 3236; baseline 0.003 -4"><span class='ocrx_word' id='word_1_258' title='bbox 606 3185 802 3232; x_wconf 74' lang='lat' dir='ltr'><strong>sancta:</strong></span> <span class='ocrx_word' id='word_1_259' title='bbox 821 3177 1133 3231; x_wconf 89' lang='lat' dir='ltr'><strong>humilitatis</strong></span> <span class='ocrx_word' id='word_1_260' title='bbox 1155 3178 1454 3233; x_wconf 88' lang='lat' dir='ltr'><strong>obedientia</strong></span> <span class='ocrx_word' id='word_1_261' title='bbox 1477 3179 1586 3234; x_wconf 90' lang='lat' dir='ltr'><strong>Deo</strong></span> <span class='ocrx_word' id='word_1_262' title='bbox 1613 3179 1840 3236; x_wconf 81' lang='lat' dir='ltr'><strong>fideliter</strong></span> <span class='ocrx_word' id='word_1_263' title='bbox 1861 3182 2164 3236; x_wconf 87' lang='lat' dir='ltr'><strong>deserviant</strong></span> 
     </span>
    </p>
   </div>
   <div class='ocr_carea' id='block_1_36' title="bbox 607 3267 2164 3337">
    <p class='ocr_par' dir='ltr' id='par_1_36' title="bbox 607 3267 2164 3337">
     <span class='ocr_line' id='line_1_36' title="bbox 607 3267 2164 3337; baseline 0.003 -15"><span class='ocrx_word' id='word_1_264' title='bbox 607 3267 949 3337; x_wconf 71' lang='lat' dir='ltr'><strong>respicientes</strong></span> <span class='ocrx_word' id='word_1_265' title='bbox 991 3267 1046 3320; x_wconf 90' lang='lat' dir='ltr'><strong>in</strong></span> <span class='ocrx_word' id='word_1_266' title='bbox 1083 3276 1362 3336; x_wconf 70' lang='lat' dir='ltr'><strong>perpetua:</strong></span> <span class='ocrx_word' id='word_1_267' title='bbox 1401 3269 1746 3325; x_wconf 87' lang='lat' dir='ltr'><strong>beatitudinis</strong></span> <span class='ocrx_word' id='word_1_268' title='bbox 1783 3273 2164 3326; x_wconf 88' lang='lat' dir='ltr'><strong>remuneratio—</strong></span> 
     </span>
    </p>
   </div>
   <div class='ocr_carea' id='block_1_37' title="bbox 605 3355 2166 3430">
    <p class='ocr_par' dir='ltr' id='par_1_37' title="bbox 605 3355 2166 3430">
     <span class='ocr_line' id='line_1_37' title="bbox 605 3355 2166 3430; baseline 0.004 -18"><span class='ocrx_word' id='word_1_269' title='bbox 605 3373 747 3412; x_wconf 89' lang='lat' dir='ltr'><strong>nem.</strong></span> <span class='ocrx_word' id='word_1_270' title='bbox 792 3355 1021 3412; x_wconf 76' lang='lat' dir='ltr'><strong>Hilitant</strong></span> <span class='ocrx_word' id='word_1_271' title='bbox 1062 3355 1226 3429; x_wconf 84' lang='lat' dir='ltr'><strong>[Cod.-</strong></span> <span class='ocrx_word' id='word_1_272' title='bbox 1253 3359 1393 3424; x_wconf 67' lang='lat' dir='ltr'><strong>Salt,</strong></span> <span class='ocrx_word' id='word_1_273' title='bbox 1423 3359 1670 3430; x_wconf 83' lang='lat' dir='ltr'><strong>militent]</strong></span> <span class='ocrx_word' id='word_1_274' title='bbox 1701 3363 1842 3417; x_wconf 82' lang='lat' dir='ltr'><strong>enim</strong></span> <span class='ocrx_word' id='word_1_275' title='bbox 1884 3362 1936 3416; x_wconf 92' lang='lat' dir='ltr'><strong>in</strong></span> <span class='ocrx_word' id='word_1_276' title='bbox 1973 3364 2166 3418; x_wconf 71' lang='lat' dir='ltr'><strong>Castris</strong></span> 
     </span>
    </p>
   </div>
   <div class='ocr_carea' id='block_1_38' title="bbox 603 3446 2163 3518">
    <p class='ocr_par' dir='ltr' id='par_1_38' title="bbox 603 3446 2163 3518">
     <span class='ocr_line' id='line_1_38' title="bbox 603 3446 2163 3518; baseline 0.003 -16"><span class='ocrx_word' id='word_1_277' title='bbox 603 3447 852 3502; x_wconf 66' lang='lat' dir='ltr'><strong>Ecclesiae</strong></span> <span class='ocrx_word' id='word_1_278' title='bbox 882 3446 1135 3518; x_wconf 89' lang='lat' dir='ltr'><strong>[Christi].</strong></span> <span class='ocrx_word' id='word_1_279' title='bbox 1170 3447 1443 3514; x_wconf 87' lang='lat' dir='ltr'><strong>militiam,</strong></span> <span class='ocrx_word' id='word_1_280' title='bbox 1483 3458 1747 3518; x_wconf 87' lang='lat' dir='ltr'><strong>quatenus</strong></span> <span class='ocrx_word' id='word_1_281' title='bbox 1774 3451 1827 3505; x_wconf 90' lang='lat' dir='ltr'><strong>in</strong></span> <span class='ocrx_word' id='word_1_282' title='bbox 1859 3452 2163 3508; x_wconf 78' lang='lat' dir='ltr'><strong>cmlestibus</strong></span> 
     </span>
    </p>
   </div>
   <div class='ocr_carea' id='block_1_39' title="bbox 604 3535 2164 3611">
    <p class='ocr_par' dir='ltr' id='par_1_39' title="bbox 604 3535 2164 3611">
     <span class='ocr_line' id='line_1_39' title="bbox 604 3535 2164 3611; baseline 0.004 -21"><span class='ocrx_word' id='word_1_283' title='bbox 604 3535 725 3590; x_wconf 75' lang='lat' dir='ltr'><strong>eum</strong></span> <span class='ocrx_word' id='word_1_284' title='bbox 757 3550 822 3591; x_wconf 87' lang='lat' dir='ltr'><strong>eo</strong></span> <span class='ocrx_word' id='word_1_285' title='bbox 848 3536 1063 3590; x_wconf 85' lang='lat' dir='ltr'><strong>sedibus</strong></span> <span class='ocrx_word' id='word_1_286' title='bbox 1088 3538 1410 3606; x_wconf 86' lang='lat' dir='ltr'><strong>sempiterna</strong></span> <span class='ocrx_word' id='word_1_287' title='bbox 1429 3537 1681 3597; x_wconf 84' lang='lat' dir='ltr'><strong>felicitate</strong></span> <span class='ocrx_word' id='word_1_288' title='bbox 1705 3541 2010 3611; x_wconf 86' lang='lat' dir='ltr'><strong>gaudeant:</strong></span> <span class='ocrx_word' id='word_1_289' title='bbox 2032 3543 2164 3597; x_wconf 78' lang='lat' dir='ltr'><strong>ntei-</strong></span> 
     </span>
    </p>
   </div>
   <div class='ocr_carea' id='block_1_40' title="bbox 603 3629 2156 3702">
    <p class='ocr_par' dir='ltr' id='par_1_40' title="bbox 603 3629 2156 3702">
     <span class='ocr_line' id='line_1_40' title="bbox 603 3629 2156 3702; baseline 0.006 -21"><span class='ocrx_word' id='word_1_290' title='bbox 603 3641 708 3698; x_wconf 85' lang='lat' dir='ltr'><strong>que</strong></span> <span class='ocrx_word' id='word_1_291' title='bbox 734 3635 794 3681; x_wconf 89' lang='lat' dir='ltr'><strong>ut</strong></span> <span class='ocrx_word' id='word_1_292' title='bbox 820 3641 1086 3683; x_wconf 89' lang='lat' dir='ltr'><strong>memores</strong></span> <span class='ocrx_word' id='word_1_293' title='bbox 1111 3629 1240 3695; x_wconf 89' lang='lat' dir='ltr'><strong>sint,</strong></span> <span class='ocrx_word' id='word_1_294' title='bbox 1263 3646 1366 3685; x_wconf 93' lang='lat' dir='ltr'><strong>non</strong></span> <span class='ocrx_word' id='word_1_295' title='bbox 1389 3631 1559 3686; x_wconf 90' lang='lat' dir='ltr'><strong>solum</strong></span> <span class='ocrx_word' id='word_1_296' title='bbox 1586 3648 1679 3688; x_wconf 91' lang='lat' dir='ltr'><strong>eos</strong></span> <span class='ocrx_word' id='word_1_297' title='bbox 1703 3636 1830 3702; x_wconf 88' lang='lat' dir='ltr'><strong>opto</strong></span> <span class='ocrx_word' id='word_1_298' title='bbox 1851 3633 2156 3697; x_wconf 87' lang='lat' dir='ltr'><strong>admoneas,</strong></span> 
     </span>
    </p>
   </div>
   <div class='ocr_carea' id='block_1_41' title="bbox 605 3716 2159 3800">
    <p class='ocr_par' dir='ltr' id='par_1_41' title="bbox 605 3716 2159 3800">
     <span class='ocr_line' id='line_1_41' title="bbox 605 3716 2159 3800; baseline 0.006 -28"><span class='ocrx_word' id='word_1_299' title='bbox 605 3716 703 3772; x_wconf 79' lang='lat' dir='ltr'><strong>sed</strong></span> <span class='ocrx_word' id='word_1_300' title='bbox 728 3731 915 3771; x_wconf 89' lang='lat' dir='ltr'><strong>omnes</strong></span> <span class='ocrx_word' id='word_1_301' title='bbox 943 3719 1176 3788; x_wconf 81' lang='lat' dir='ltr'><strong>regionis</strong></span> <span class='ocrx_word' id='word_1_302' title='bbox 1201 3728 1391 3775; x_wconf 73' lang='lat' dir='ltr'><strong>vestra:</strong></span> <span class='ocrx_word' id='word_1_303' title='bbox 1415 3720 1642 3778; x_wconf 89' lang='lat' dir='ltr'><strong>famulos</strong></span> <span class='ocrx_word' id='word_1_304' title='bbox 1675 3722 2005 3800; x_wconf 69' lang='lat' dir='ltr'><strong>famulasque</strong></span> <span class='ocrx_word' id='word_1_305' title='bbox 2035 3722 2159 3792; x_wconf 87' lang='lat' dir='ltr'><strong>Dei,</strong></span> 
     </span>
    </p>
   </div>
   <div class='ocr_carea' id='block_1_42' title="bbox 601 3807 2163 3877">
    <p class='ocr_par' dir='ltr' id='par_1_42' title="bbox 601 3807 2163 3877">
     <span class='ocr_line' id='line_1_42' title="bbox 601 3807 2163 3877; baseline 0.006 -18"><span class='ocrx_word' id='word_1_306' title='bbox 601 3812 828 3875; x_wconf 67' lang='lat' dir='ltr'><strong>quorum</strong></span> <span class='ocrx_word' id='word_1_307' title='bbox 857 3813 910 3859; x_wconf 90' lang='lat' dir='ltr'><strong>et</strong></span> <span class='ocrx_word' id='word_1_308' title='bbox 944 3808 1172 3875; x_wconf 88' lang='lat' dir='ltr'><strong>quarum</strong></span> <span class='ocrx_word' id='word_1_309' title='bbox 1203 3807 1513 3877; x_wconf 88' lang='lat' dir='ltr'><strong>multiplicet</strong></span> <span class='ocrx_word' id='word_1_310' title='bbox 1541 3809 1794 3866; x_wconf 89' lang='lat' dir='ltr'><strong>Dominus</strong></span> <span class='ocrx_word' id='word_1_311' title='bbox 1816 3812 1955 3866; x_wconf 91' lang='lat' dir='ltr'><strong>Deus</strong></span> <span class='ocrx_word' id='word_1_312' title='bbox 1979 3819 2163 3868; x_wconf 85' lang='lat' dir='ltr'><strong>nume-</strong></span> 
     </span>
    </p>
   </div>
   <div class='ocr_carea' id='block_1_43' title="bbox 602 3893 2160 3966">
    <p class='ocr_par' dir='ltr' id='par_1_43' title="bbox 602 3893 2160 3966">
     <span class='ocr_line' id='line_1_43' title="bbox 602 3893 2160 3966; baseline 0.006 -18"><span class='ocrx_word' id='word_1_313' title='bbox 602 3907 757 3960; x_wconf 88' lang='lat' dir='ltr'><strong>rum,</strong></span> <span class='ocrx_word' id='word_1_314' title='bbox 788 3902 844 3947; x_wconf 90' lang='lat' dir='ltr'><strong>et</strong></span> <span class='ocrx_word' id='word_1_315' title='bbox 867 3893 1291 3961; x_wconf 80' lang='lat' dir='ltr'><strong>ndminajubeat</strong></span> <span class='ocrx_word' id='word_1_316' title='bbox 1315 3899 1576 3966; x_wconf 87' lang='lat' dir='ltr'><strong>perscribi</strong></span> <span class='ocrx_word' id='word_1_317' title='bbox 1621 3899 1671 3954; x_wconf 91' lang='lat' dir='ltr'><strong>iu</strong></span> <span class='ocrx_word' id='word_1_318' title='bbox 1718 3901 1922 3955; x_wconf 68' lang='lat' dir='ltr'><strong>caelesti</strong></span> <span class='ocrx_word' id='word_1_319' title='bbox 1967 3903 2160 3959; x_wconf 89' lang='lat' dir='ltr'><strong>biblio-</strong></span> 
     </span>
    </p>
   </div>
   <div class='ocr_carea' id='block_1_44' title="bbox 599 3978 2159 4058">
    <p class='ocr_par' dir='ltr' id='par_1_44' title="bbox 599 3978 2159 4058">
     <span class='ocr_line' id='line_1_44' title="bbox 599 3978 2159 4058; baseline 0.008 -20"><span class='ocrx_word' id='word_1_320' title='bbox 599 3985 776 4038; x_wconf 87' lang='lat' dir='ltr'><strong>theca.</strong></span> <span class='ocrx_word' id='word_1_321' title='bbox 809 3978 999 4038; x_wconf 85' lang='lat' dir='ltr'><strong>Divina</strong></span> <span class='ocrx_word' id='word_1_322' title='bbox 1029 3980 1126 4039; x_wconf 84' lang='lat' dir='ltr'><strong>vos</strong></span> <span class='ocrx_word' id='word_1_323' title='bbox 1151 3986 1323 4056; x_wconf 88' lang='lat' dir='ltr'><strong>gratia</strong></span> <span class='ocrx_word' id='word_1_324' title='bbox 1347 3997 1696 4058; x_wconf 90' lang='lat' dir='ltr'><strong>prosequatur</strong></span> <span class='ocrx_word' id='word_1_325' title='bbox 1735 4005 1922 4047; x_wconf 91' lang='lat' dir='ltr'><strong>omnes</strong></span> <span class='ocrx_word' id='word_1_326' title='bbox 1944 4033 1960 4058; x_wconf 97' lang='lat'><strong>,</strong></span> <span class='ocrx_word' id='word_1_327' title='bbox 2007 4003 2063 4050; x_wconf 88' lang='lat' dir='ltr'><strong>et</strong></span> <span class='ocrx_word' id='word_1_328' title='bbox 2093 3996 2159 4050; x_wconf 87' lang='lat' dir='ltr'><strong>ad</strong></span> 
     </span>
    </p>
   </div>
   <div class='ocr_carea' id='block_1_45' title="bbox 599 4075 2156 4151">
    <p class='ocr_par' dir='ltr' id='par_1_45' title="bbox 599 4075 2156 4151">
     <span class='ocr_line' id='line_1_45' title="bbox 599 4075 2156 4151; baseline 0.008 -24"><span class='ocrx_word' id='word_1_329' title='bbox 599 4075 821 4142; x_wconf 75' lang='lat' dir='ltr'><strong>gloriam</strong></span> <span class='ocrx_word' id='word_1_330' title='bbox 855 4085 1126 4145; x_wconf 71' lang='lat' dir='ltr'><strong>perpetua:</strong></span> <span class='ocrx_word' id='word_1_331' title='bbox 1151 4077 1491 4133; x_wconf 80' lang='lat' dir='ltr'><strong>beatitudinis</strong></span> <span class='ocrx_word' id='word_1_332' title='bbox 1523 4082 1804 4150; x_wconf 89' lang='lat' dir='ltr'><strong>pervenire</strong></span> <span class='ocrx_word' id='word_1_333' title='bbox 1837 4100 1934 4140; x_wconf 91' lang='lat' dir='ltr'><strong>vos</strong></span> <span class='ocrx_word' id='word_1_334' title='bbox 1969 4084 2156 4151; x_wconf 84' lang='lat' dir='ltr'><strong>faciat,</strong></span> 
     </span>
    </p>
   </div>
   <div class='ocr_carea' id='block_1_46' title="bbox 603 4163 2157 4245">
    <p class='ocr_par' dir='ltr' id='par_1_46' title="bbox 603 4163 2157 4245">
     <span class='ocr_line' id='line_1_46' title="bbox 603 4163 2157 4245; baseline 0.007 -25"><span class='ocrx_word' id='word_1_335' title='bbox 603 4165 808 4220; x_wconf 85' lang='lat' dir='ltr'><strong>Domini</strong></span> <span class='ocrx_word' id='word_1_336' title='bbox 852 4163 1220 4219; x_wconf 86' lang='lat' dir='ltr'><strong>delectissimi!</strong></span> <span class='ocrx_word' id='word_1_337' title='bbox 1265 4165 1635 4238; x_wconf 88' lang='lat' dir='ltr'><strong>[Scripsisscm</strong></span> <span class='ocrx_word' id='word_1_338' title='bbox 1661 4171 1726 4224; x_wconf 91' lang='lat' dir='ltr'><strong>ad</strong></span> <span class='ocrx_word' id='word_1_339' title='bbox 1766 4173 2002 4242; x_wconf 85' lang='lat' dir='ltr'><strong>singulas</strong></span> <span class='ocrx_word' id='word_1_340' title='bbox 2033 4191 2157 4245; x_wconf 87' lang='lat' dir='ltr'><strong>per-</strong></span> 
     </span>
    </p>
   </div>
   <div class='ocr_carea' id='block_1_47' title="bbox 599 4255 2161 4332">
    <p class='ocr_par' dir='ltr' id='par_1_47' title="bbox 599 4255 2161 4332">
     <span class='ocr_line' id='line_1_47' title="bbox 599 4255 2161 4332; baseline 0.008 -25"><span class='ocrx_word' id='word_1_341' title='bbox 599 4258 760 4332; x_wconf 59' lang='lat' dir='ltr'><strong>gonas</strong></span> <span class='ocrx_word' id='word_1_342' title='bbox 783 4259 941 4324; x_wconf 84' lang='lat' dir='ltr'><strong>supra</strong></span> <span class='ocrx_word' id='word_1_343' title='bbox 965 4255 1265 4310; x_wconf 88' lang='lat' dir='ltr'><strong>nominatas</strong></span> <span class='ocrx_word' id='word_1_344' title='bbox 1291 4258 1678 4332; x_wconf 73' lang='lat' dir='ltr'><strong>exhortationis</strong></span> <span class='ocrx_word' id='word_1_345' title='bbox 1697 4260 1922 4327; x_wconf 88' lang='lat' dir='ltr'><strong>litteras,</strong></span> <span class='ocrx_word' id='word_1_346' title='bbox 1954 4264 2161 4321; x_wconf 89' lang='lat' dir='ltr'><strong>nisime</strong></span> 
     </span>
    </p>
   </div>
   <div class='ocr_carea' id='block_1_48' title="bbox 598 4328 2154 4424">
    <p class='ocr_par' dir='ltr' id='par_1_48' title="bbox 598 4328 2154 4424">
     <span class='ocr_line' id='line_1_48' title="bbox 598 4328 2154 4424; baseline 0.006 -23"><span class='ocrx_word' id='word_1_347' title='bbox 598 4328 867 4422; x_wconf 76' lang='lat' dir='ltr'><strong>festinatio</strong></span> <span class='ocrx_word' id='word_1_348' title='bbox 921 4347 1229 4416; x_wconf 85' lang='lat' dir='ltr'><strong>prohiberet</strong></span> <span class='ocrx_word' id='word_1_349' title='bbox 1293 4328 1449 4417; x_wconf 82' lang='lat' dir='ltr'><strong>hujus</strong></span> <span class='ocrx_word' id='word_1_350' title='bbox 1512 4353 1802 4407; x_wconf 88' lang='lat' dir='ltr'><strong>venerandi</strong></span> <span class='ocrx_word' id='word_1_351' title='bbox 1862 4356 2154 4424; x_wconf 87' lang='lat' dir='ltr'><strong>portitoris.</strong></span> 
     </span>
    </p>
   </div>
   <div class='ocr_carea' id='block_1_49' title="bbox 598 4437 2155 4517">
    <p class='ocr_par' dir='ltr' id='par_1_49' title="bbox 598 4437 2155 4517">
     <span class='ocr_line' id='line_1_49' title="bbox 598 4437 2155 4517; baseline 0.008 -25"><span class='ocrx_word' id='word_1_352' title='bbox 598 4437 788 4513; x_wconf 59' lang='lat' dir='ltr'><strong>Vestra</strong></span> <span class='ocrx_word' id='word_1_353' title='bbox 824 4452 953 4492; x_wconf 89' lang='lat' dir='ltr'><strong>vero</strong></span> <span class='ocrx_word' id='word_1_354' title='bbox 992 4438 1203 4494; x_wconf 84' lang='lat' dir='ltr'><strong>bonitas</strong></span> <span class='ocrx_word' id='word_1_355' title='bbox 1225 4438 1336 4504; x_wconf 82' lang='lat' dir='ltr'><strong>ﬁat,</strong></span> <span class='ocrx_word' id='word_1_356' title='bbox 1367 4441 1618 4507; x_wconf 88' lang='lat' dir='ltr'><strong>obsecro,</strong></span> <span class='ocrx_word' id='word_1_357' title='bbox 1645 4441 1829 4501; x_wconf 85' lang='lat' dir='ltr'><strong>vivens</strong></span> <span class='ocrx_word' id='word_1_358' title='bbox 1850 4448 2070 4517; x_wconf 84' lang='lat' dir='ltr'><strong>epistola</strong></span> <span class='ocrx_word' id='word_1_359' title='bbox 2101 4458 2155 4504; x_wconf 90' lang='lat' dir='ltr'><strong>et</strong></span> 
     </span>
    </p>
   </div>
   <div class='ocr_carea' id='block_1_50' title="bbox 601 4523 2156 4608">
    <p class='ocr_par' dir='ltr' id='par_1_50' title="bbox 601 4523 2156 4608">
     <span class='ocr_line' id='line_1_50' title="bbox 601 4523 2156 4608; baseline 0.01 -29"><span class='ocrx_word' id='word_1_360' title='bbox 601 4523 707 4581; x_wconf 87' lang='lat' dir='ltr'><strong>Deo</strong></span> <span class='ocrx_word' id='word_1_361' title='bbox 734 4525 1028 4596; x_wconf 88' lang='lat' dir='ltr'><strong>placabilis,</strong></span> <span class='ocrx_word' id='word_1_362' title='bbox 1057 4536 1116 4582; x_wconf 90' lang='lat' dir='ltr'><strong>ut</strong></span> <span class='ocrx_word' id='word_1_363' title='bbox 1154 4537 1337 4584; x_wconf 90' lang='lat' dir='ltr'><strong>nostro</strong></span> <span class='ocrx_word' id='word_1_364' title='bbox 1379 4525 1594 4587; x_wconf 77' lang='lat' dir='ltr'><strong>nomine</strong></span> <span class='ocrx_word' id='word_1_365' title='bbox 1638 4533 1874 4605; x_wconf 87' lang='lat' dir='ltr'><strong>singulos</strong></span> <span class='ocrx_word' id='word_1_366' title='bbox 1918 4543 2156 4608; x_wconf 77' lang='lat' dir='ltr'><strong>quasque</strong></span> 
     </span>
    </p>
   </div>
   <div class='ocr_carea' id='block_1_51' title="bbox 670 4673 2148 4762">
    <p class='ocr_par' dir='ltr' id='par_1_51' title="bbox 670 4673 2148 4762">
     <span class='ocr_line' id='line_1_51' title="bbox 670 4673 2148 4762; baseline 0.011 -31"><span class='ocrx_word' id='word_1_367' title='bbox 670 4691 696 4718; x_wconf 81' lang='grc' dir='ltr'><strong>ι</strong></span> <span class='ocrx_word' id='word_1_368' title='bbox 728 4675 942 4759; x_wconf 74' lang='lat' dir='ltr'><strong>Odulfo.</strong></span> <span class='ocrx_word' id='word_1_369' title='bbox 1257 4697 1450 4762; x_wconf 76' lang='lat' dir='ltr'><strong>nomen</strong></span> <span class='ocrx_word' id='word_1_370' title='bbox 1477 4685 1705 4762; x_wconf 57' lang='lat' dir='ltr'><strong>abesset</strong></span> <span class='ocrx_word' id='word_1_371' title='bbox 1729 4683 1939 4762; x_wconf 81' lang='lat' dir='ltr'><strong>in_eod.</strong></span> <span class='ocrx_word' id='word_1_372' title='bbox 1965 4707 2064 4762; x_wconf 87' lang='lat' dir='ltr'><strong>ms.</strong></span> <span class='ocrx_word' id='word_1_373' title='bbox 2091 4673 2148 4747; x_wconf 75' lang='lat' dir='ltr'><strong>S.</strong></span> 
     </span>
    </p>
   </div>
   <div class='ocr_carea' id='block_1_52' title="bbox 600 4743 2151 4830">
    <p class='ocr_par' dir='ltr' id='par_1_52' title="bbox 600 4743 2151 4830">
     <span class='ocr_line' id='line_1_52' title="bbox 600 4743 2151 4830; baseline 0.009 -28"><span class='ocrx_word' id='word_1_374' title='bbox 600 4743 1305 4830; x_wconf 55' lang='lat' dir='ltr'><strong>Emmerami:&#39;liabilloniius</strong></span> <span class='ocrx_word' id='word_1_375' title='bbox 1321 4752 1435 4830; x_wconf 65' lang='lat' dir='ltr'><strong>haec</strong></span> <span class='ocrx_word' id='word_1_376' title='bbox 1459 4752 1524 4830; x_wconf 66' lang='lat' dir='ltr'><strong>de</strong></span> <span class='ocrx_word' id='word_1_377' title='bbox 1548 4751 1771 4808; x_wconf 75' lang='grc' dir='ltr'><strong>ϐενσίάο</strong></span> <span class='ocrx_word' id='word_1_378' title='bbox 1790 4743 2151 4830; x_wconf 35' lang='lat' dir='ltr'><strong>Bajoario‘rum</strong></span> 
     </span>
    </p>
   </div>
   <div class='ocr_carea' id='block_1_53' title="bbox 597 4815 2151 4900">
    <p class='ocr_par' dir='ltr' id='par_1_53' title="bbox 597 4815 2151 4900">
     <span class='ocr_line' id='line_1_53' title="bbox 597 4815 2151 4900; baseline 0.008 -27"><span class='ocrx_word' id='word_1_379' title='bbox 597 4815 855 4900; x_wconf 47' lang='lat' dir='ltr'><strong>pgmfecto</strong></span> <span class='ocrx_word' id='word_1_380' title='bbox 874 4834 886 4869; x_wconf 90' lang='lat'><strong>:</strong></span> <span class='ocrx_word' id='word_1_381' title='bbox 919 4817 1201 4900; x_wconf 55' lang='lat' dir='ltr'><strong>[lapsisius</strong></span> <span class='ocrx_word' id='word_1_382' title='bbox 1220 4835 1356 4900; x_wconf 83' lang='lat' dir='ltr'><strong>_vero</strong></span> <span class='ocrx_word' id='word_1_383' title='bbox 1384 4823 1449 4877; x_wconf 91' lang='lat' dir='ltr'><strong>de</strong></span> <span class='ocrx_word' id='word_1_384' title='bbox 1481 4821 1758 4900; x_wconf 69' lang='grc' dir='ltr'><strong>(ἔσιθι-αιῃο</strong></span> <span class='ocrx_word' id='word_1_385' title='bbox 1778 4815 1961 4900; x_wconf 74' lang='lat' dir='ltr'><strong>primo</strong></span> <span class='ocrx_word' id='word_1_386' title='bbox 1988 4815 2151 4885; x_wconf 10' lang='lat' dir='ltr'><strong>confli-7</strong></span> 
     </span>
    </p>
   </div>
   <div class='ocr_carea' id='block_1_54' title="bbox 598 4887 2154 4963">
    <p class='ocr_par' dir='ltr' id='par_1_54' title="bbox 598 4887 2154 4963">
     <span class='ocr_line' id='line_1_54' title="bbox 598 4887 2154 4963; baseline 0.01 -23"><span class='ocrx_word' id='word_1_387' title='bbox 598 4887 672 4952; x_wconf 84' lang='lat' dir='ltr'><strong>&#39;uii</strong></span> <span class='ocrx_word' id='word_1_388' title='bbox 699 4888 893 4942; x_wconf 83' lang='lat' dir='ltr'><strong>comite</strong></span> <span class='ocrx_word' id='word_1_389' title='bbox 935 4887 1270 4963; x_wconf 85' lang='lat' dir='ltr'><strong>intelligenda</strong></span> <span class='ocrx_word' id='word_1_390' title='bbox 1307 4902 1646 4963; x_wconf 77' lang='lat' dir='ltr'><strong>censuerunt;</strong></span> <span class='ocrx_word' id='word_1_391' title='bbox 1689 4887 2024 4963; x_wconf 61' lang='lat' dir='ltr'><strong>Sed:certum</strong></span> <span class='ocrx_word' id='word_1_392' title='bbox 2065 4917 2154 4955; x_wconf 89' lang='lat' dir='ltr'><strong>no-</strong></span> 
     </span>
    </p>
   </div>
   <div class='ocr_carea' id='block_1_55' title="bbox 601 4954 2154 5046">
    <p class='ocr_par' dir='ltr' id='par_1_55' title="bbox 601 4954 2154 5046">
     <span class='ocr_line' id='line_1_55' title="bbox 601 4954 2154 5046; baseline 0 0"><span class='ocrx_word' id='word_1_393' title='bbox 601 4954 1148 5046; x_wconf 41' lang='lat'><strong>99.89.99.590???</strong></span> <span class='ocrx_word' id='word_1_394' title='bbox 1177 4960 1243 5046; x_wconf 52' lang='lat' dir='ltr'><strong>se</strong></span> <span class='ocrx_word' id='word_1_395' title='bbox 1263 4954 1386 5046; x_wconf 56' lang='grc' dir='ltr'><strong>φά·</strong></span> <span class='ocrx_word' id='word_1_396' title='bbox 1413 4977 1512 5046; x_wconf 56' lang='lat' dir='ltr'><strong>me-</strong></span> <span class='ocrx_word' id='word_1_397' title='bbox 1547 4961 1739 5046; x_wconf 57' lang='grc' dir='ltr'><strong>επιίξιξ-</strong></span> <span class='ocrx_word' id='word_1_398' title='bbox 1768 4954 2154 5046; x_wconf 56' lang='lat' dir='ltr'><strong>Quianam</strong></span> 
     </span>
    </p>
   </div>
   <div class='ocr_carea' id='block_1_56' title="bbox 600 5026 2153 5224">
    <p class='ocr_par' dir='ltr' id='par_1_56' title="bbox 600 5026 2153 5224">
     <span class='ocr_line' id='line_1_56' title="bbox 600 5026 2153 5147; baseline 0.012 -71"><span class='ocrx_word' id='word_1_399' title='bbox 600 5026 788 5146; x_wconf 54' lang='lat' dir='ltr'><strong>missas</strong></span> <span class='ocrx_word' id='word_1_400' title='bbox 817 5026 991 5147; x_wconf 35' lang='lat' dir='ltr'><strong>regios</strong></span> <span class='ocrx_word' id='word_1_401' title='bbox 1012 5042 1144 5108; x_wconf 41' lang='lat' dir='ltr'><strong>.cum</strong></span> <span class='ocrx_word' id='word_1_402' title='bbox 1167 5026 1381 5084; x_wconf 78' lang='lat' dir='ltr'><strong>Amune</strong></span> <span class='ocrx_word' id='word_1_403' title='bbox 1407 5029 1684 5102; x_wconf 77' lang='lat' dir='ltr'><strong>cemparet</strong></span> <span class='ocrx_word' id='word_1_404' title='bbox 1705 5031 1757 5087; x_wconf 92' lang='lat' dir='ltr'><strong>in</strong></span> <span class='ocrx_word' id='word_1_405' title='bbox 1779 5026 1933 5116; x_wconf 52' lang='lat' dir='ltr'><strong>instr}</strong></span> <span class='ocrx_word' id='word_1_406' title='bbox 1966 5039 2078 5120; x_wconf 49' lang='grc'><strong>118.</strong></span> <span class='ocrx_word' id='word_1_407' title='bbox 2099 5044 2153 5094; x_wconf 87' lang='lat' dir='ltr'><strong>et</strong></span> 
     </span>
     <span class='ocr_line' id='line_1_57' title="bbox 600 5092 2149 5224; baseline 0.004 -6"><span class='ocrx_word' id='word_1_408' title='bbox 600 5092 889 5224; x_wconf 52' lang='grc' dir='ltr'><strong>ἐξεμεῖ..</strong></span> <span class='ocrx_word' id='word_1_409' title='bbox 906 5097 1378 5224; x_wconf 53' lang='lat' dir='ltr'><strong>{illisi-iisut</strong></span> <span class='ocrx_word' id='word_1_410' title='bbox 1395 5095 1619 5224; x_wconf 54' lang='lat' dir='ltr'><strong>ista:</strong></span> <span class='ocrx_word' id='word_1_411' title='bbox 1641 5102 2007 5224; x_wconf 54' lang='lat'><strong>33.225222?</strong></span> <span class='ocrx_word' id='word_1_412' title='bbox 2023 5108 2149 5224; x_wconf 62' lang='lat' dir='ltr'><strong>se</strong></span> 
     </span>
    </p>
   </div>
   <div class='ocr_carea' id='block_1_57' title="bbox 599 5163 2146 5313">
    <p class='ocr_par' dir='ltr' id='par_1_57' title="bbox 599 5163 2146 5313">
     <span class='ocr_line' id='line_1_58' title="bbox 599 5163 2146 5247; baseline 0.01 -29"><span class='ocrx_word' id='word_1_413' title='bbox 599 5163 889 5233; x_wconf 83' lang='lat' dir='ltr'><strong>capitulare</strong></span> <span class='ocrx_word' id='word_1_414' title='bbox 906 5163 940 5216; x_wconf 71' lang='lat'><strong>2</strong></span> <span class='ocrx_word' id='word_1_415' title='bbox 964 5163 1088 5218; x_wconf 89' lang='lat' dir='ltr'><strong>anni</strong></span> <span class='ocrx_word' id='word_1_416' title='bbox 1109 5166 1231 5247; x_wconf 58' lang='lat'><strong>80:5,</strong></span> <span class='ocrx_word' id='word_1_417' title='bbox 1252 5163 1378 5224; x_wconf 81' lang='lat' dir='ltr'><strong>tom.</strong></span> <span class='ocrx_word' id='word_1_418' title='bbox 1396 5163 1422 5224; x_wconf 86' lang='grc' dir='ltr'><strong>ι</strong></span> <span class='ocrx_word' id='word_1_419' title='bbox 1442 5169 1615 5240; x_wconf 89' lang='lat' dir='ltr'><strong>Capit.</strong></span> <span class='ocrx_word' id='word_1_420' title='bbox 1641 5170 1863 5238; x_wconf 84' lang='lat' dir='ltr'><strong>Baluzii,</strong></span> <span class='ocrx_word' id='word_1_421' title='bbox 1887 5190 2006 5247; x_wconf 89' lang='lat' dir='ltr'><strong>pag.</strong></span> <span class='ocrx_word' id='word_1_422' title='bbox 2023 5163 2146 5244; x_wconf 76' lang='lat'><strong>525,</strong></span> 
     </span>
     <span class='ocr_line' id='line_1_59' title="bbox 599 5225 2146 5313; baseline 0.012 -28"><span class='ocrx_word' id='word_1_423' title='bbox 599 5225 653 5313; x_wconf 61' lang='grc' dir='ltr'><strong>ιι.</strong></span> <span class='ocrx_word' id='word_1_424' title='bbox 683 5233 738 5313; x_wconf 73' lang='grc'><strong>7,</strong></span> <span class='ocrx_word' id='word_1_425' title='bbox 762 5240 890 5313; x_wconf 78' lang='lat' dir='ltr'><strong>etc.,</strong></span> <span class='ocrx_word' id='word_1_426' title='bbox 927 5231 1238 5313; x_wconf 58' lang='lat' dir='ltr'><strong>Pgtrologne</strong></span> <span class='ocrx_word' id='word_1_427' title='bbox 1267 5246 1408 5313; x_wconf 76' lang='grc' dir='ltr'><strong>ιοῳο</strong></span> <span class='ocrx_word' id='word_1_428' title='bbox 1433 5240 1633 5313; x_wconf 50' lang='lat' dir='ltr'><strong>XCVII.</strong></span> <span class='ocrx_word' id='word_1_429' title='bbox 1661 5241 1805 5299; x_wconf 89' lang='lat' dir='ltr'><strong>Obiit</strong></span> <span class='ocrx_word' id='word_1_430' title='bbox 1829 5260 1968 5301; x_wconf 90' lang='lat' dir='ltr'><strong>anno</strong></span> <span class='ocrx_word' id='word_1_431' title='bbox 2009 5249 2146 5313; x_wconf 87' lang='lat' dir='ltr'><strong>8l9,</strong></span> 
     </span>
    </p>
   </div>
   <div class='ocr_carea' id='block_1_58' title="bbox 600 5303 2147 5389">
    <p class='ocr_par' dir='ltr' id='par_1_58' title="bbox 600 5303 2147 5389">
     <span class='ocr_line' id='line_1_60' title="bbox 600 5303 2147 5389; baseline 0.016 -38"><span class='ocrx_word' id='word_1_432' title='bbox 600 5309 658 5389; x_wconf 56' lang='lat' dir='ltr'><strong>ut</strong></span> <span class='ocrx_word' id='word_1_433' title='bbox 673 5309 943 5389; x_wconf 27' lang='lat' dir='ltr'><strong>fugantur</strong></span> <span class='ocrx_word' id='word_1_434' title='bbox 957 5303 1156 5389; x_wconf 50' lang='grc' dir='ltr'><strong>ἔφηις</strong></span> <span class='ocrx_word' id='word_1_435' title='bbox 1179 5303 1642 5389; x_wconf 44' lang='lat' dir='ltr'><strong>Annalesna‘tish.</strong></span> <span class='ocrx_word' id='word_1_436' title='bbox 1682 5329 1712 5367; x_wconf 91' lang='lat' dir='ltr'><strong>a</strong></span> <span class='ocrx_word' id='word_1_437' title='bbox 1744 5313 2044 5389; x_wconf 63' lang='lat' dir='ltr'><strong>Mahillpnio</strong></span> <span class='ocrx_word' id='word_1_438' title='bbox 2080 5303 2147 5374; x_wconf 57' lang='lat' dir='ltr'><strong>ei</strong></span> 
     </span>
    </p>
   </div>
   <div class='ocr_carea' id='block_1_59' title="bbox 599 5369 2126 5510">
    <p class='ocr_par' dir='ltr' id='par_1_59' title="bbox 599 5369 2126 5510">
     <span class='ocr_line' id='line_1_61' title="bbox 599 5369 2124 5451; baseline -0.036 -24"><span class='ocrx_word' id='word_1_439' title='bbox 599 5369 719 5425; x_wconf 75' lang='lat' dir='ltr'><strong>eod.</strong></span> <span class='ocrx_word' id='word_1_440' title='bbox 742 5384 844 5424; x_wconf 89' lang='lat' dir='ltr'><strong>ms.</strong></span> <span class='ocrx_word' id='word_1_441' title='bbox 867 5370 926 5425; x_wconf 89' lang='lat' dir='ltr'><strong>S.</strong></span> <span class='ocrx_word' id='word_1_442' title='bbox 954 5372 1274 5428; x_wconf 77' lang='lat' dir='ltr'><strong>Emmerami</strong></span> <span class='ocrx_word' id='word_1_443' title='bbox 1305 5376 1451 5440; x_wconf 91' lang='lat' dir='ltr'><strong>editi,</strong></span> <span class='ocrx_word' id='word_1_444' title='bbox 1489 5378 1727 5434; x_wconf 79' lang='lat' dir='ltr'><strong>Analect,</strong></span> <span class='ocrx_word' id='word_1_445' title='bbox 1759 5397 1878 5451; x_wconf 43' lang='lat' dir='ltr'><strong>pas.</strong></span> <span class='ocrx_word' id='word_1_446' title='bbox 1906 5369 2035 5441; x_wconf 39' lang='grc' dir='ltr'><strong>ηεξ</strong></span> <span class='ocrx_word' id='word_1_447' title='bbox 2087 5369 2124 5374; x_wconf 67' lang='lat'><strong>--</strong></span> 
     </span>
     <span class='ocr_line' id='line_1_62' title="bbox 603 5437 2126 5510; baseline -0.005 -1"><span class='ocrx_word' id='word_1_448' title='bbox 603 5501 625 5510; x_wconf 91' lang='lat'><strong>..</strong></span> <span class='ocrx_word' id='word_1_449' title='bbox 653 5439 700 5506; x_wconf 16' lang='grc' dir='ltr'><strong>,δ</strong></span> <span class='ocrx_word' id='word_1_450' title='bbox 727 5437 959 5510; x_wconf 62' lang='lat' dir='ltr'><strong>Quidam</strong></span> <span class='ocrx_word' id='word_1_451' title='bbox 977 5442 1440 5510; x_wconf 74' lang='lat' dir='ltr'><strong>sui_antecessores.</strong></span> <span class='ocrx_word' id='word_1_452' title='bbox 1467 5446 1591 5502; x_wconf 80' lang='lat' dir='ltr'><strong>Hzec</strong></span> <span class='ocrx_word' id='word_1_453' title='bbox 1615 5449 1682 5502; x_wconf 86' lang='lat' dir='ltr'><strong>de</strong></span> <span class='ocrx_word' id='word_1_454' title='bbox 1706 5449 1934 5507; x_wconf 86' lang='lat' dir='ltr'><strong>Geroldn</strong></span> <span class='ocrx_word' id='word_1_455' title='bbox 1954 5462 2009 5510; x_wconf 89' lang='lat' dir='ltr'><strong>et</strong></span> <span class='ocrx_word' id='word_1_456' title='bbox 2038 5455 2126 5510; x_wconf 76' lang='lat' dir='ltr'><strong>Eri</strong></span> 
     </span>
    </p>
   </div>
   <div class='ocr_carea' id='block_1_60' title="bbox 575 5462 2148 5598">
    <p class='ocr_par' dir='ltr' id='par_1_60' title="bbox 575 5462 2148 5598">
     <span class='ocr_line' id='line_1_63' title="bbox 620 5462 2148 5510; baseline 0.012 -19"><span class='ocrx_word' id='word_1_457' title='bbox 620 5501 625 5505; x_wconf 95' lang='lat'><strong>_</strong></span> <span class='ocrx_word' id='word_1_458' title='bbox 653 5462 700 5506; x_wconf 23' lang='grc' dir='ltr'><strong>λυ</strong></span> <span class='ocrx_word' id='word_1_459' title='bbox 727 5462 955 5505; x_wconf 68' lang='lat' dir='ltr'><strong>quidam</strong></span> <span class='ocrx_word' id='word_1_460' title='bbox 977 5462 1057 5494; x_wconf 76' lang='lat' dir='ltr'><strong>ut</strong></span> <span class='ocrx_word' id='word_1_461' title='bbox 1079 5462 1440 5501; x_wconf 71' lang='lat' dir='ltr'><strong>antecessores.</strong></span> <span class='ocrx_word' id='word_1_462' title='bbox 1467 5462 1591 5502; x_wconf 77' lang='lat' dir='ltr'><strong>meo</strong></span> <span class='ocrx_word' id='word_1_463' title='bbox 1615 5462 1682 5502; x_wconf 84' lang='lat' dir='ltr'><strong>de</strong></span> <span class='ocrx_word' id='word_1_464' title='bbox 1706 5462 1934 5507; x_wconf 71' lang='lat' dir='ltr'><strong>uenotdo</strong></span> <span class='ocrx_word' id='word_1_465' title='bbox 1954 5462 2009 5510; x_wconf 88' lang='lat' dir='ltr'><strong>et</strong></span> <span class='ocrx_word' id='word_1_466' title='bbox 2038 5462 2148 5510; x_wconf 80' lang='lat' dir='ltr'><strong>Eri-</strong></span> 
     </span>
     <span class='ocr_line' id='line_1_64' title="bbox 575 5503 2146 5598; baseline 0 0"><span class='ocrx_word' id='word_1_467' title='bbox 727 5507 1240 5598; x_wconf 62' lang='lat' dir='ltr'><strong>99‘.P£‘!9_§9°i29</strong></span> <span class='ocrx_word' id='word_1_468' title='bbox 1268 5529 1406 5598; x_wconf 52' lang='lat'><strong>“&quot;99</strong></span> <span class='ocrx_word' id='word_1_469' title='bbox 1427 5515 1529 5598; x_wconf 70' lang='lat'><strong>799</strong></span> <span class='ocrx_word' id='word_1_470' title='bbox 1551 5518 1715 5574; x_wconf 75' lang='grc' dir='ltr'><strong>οοείεί</strong></span> <span class='ocrx_word' id='word_1_471' title='bbox 1740 5530 1897 5598; x_wconf 56' lang='lat' dir='ltr'><strong>sum,</strong></span> <span class='ocrx_word' id='word_1_472' title='bbox 1928 5522 2146 5598; x_wconf 64' lang='lat' dir='ltr'><strong>intentu</strong></span> 
     </span>
    </p>
   </div>
   <div class='ocr_carea' id='block_1_61' title="bbox 599 5576 2148 5664">
    <p class='ocr_par' dir='ltr' id='par_1_61' title="bbox 599 5576 2148 5664">
     <span class='ocr_line' id='line_1_65' title="bbox 599 5576 2148 5664; baseline 0.002 0"><span class='ocrx_word' id='word_1_473' title='bbox 599 5576 1134 5664; x_wconf 61' lang='lat' dir='ltr'><strong>:‘91‘.¢J-_.&quot;ansi§i&quot;§-</strong></span> <span class='ocrx_word' id='word_1_474' title='bbox 1167 5578 1452 5664; x_wconf 59' lang='grc' dir='ltr'><strong>ιιθεξειιιίυς</strong></span> <span class='ocrx_word' id='word_1_475' title='bbox 1477 5595 1654 5664; x_wconf 64' lang='lat' dir='ltr'><strong>tamen</strong></span> <span class='ocrx_word' id='word_1_476' title='bbox 1685 5576 2148 5664; x_wconf 53' lang='lat' dir='ltr'><strong>exempt-6813</strong></span> 
     </span>
    </p>
   </div>
   <div class='ocr_carea' id='block_1_62' title="bbox 599 5647 2144 5733">
    <p class='ocr_par' dir='ltr' id='par_1_62' title="bbox 599 5647 2144 5733">
     <span class='ocr_line' id='line_1_66' title="bbox 599 5647 2144 5733; baseline 0.012 -35"><span class='ocrx_word' id='word_1_477' title='bbox 599 5658 728 5712; x_wconf 71' lang='lat' dir='ltr'><strong>gare</strong></span> <span class='ocrx_word' id='word_1_478' title='bbox 749 5647 920 5727; x_wconf 84' lang='lat' dir='ltr'><strong>potuit</strong></span> <span class='ocrx_word' id='word_1_479' title='bbox 958 5647 1213 5705; x_wconf 73' lang='lat' dir='ltr'><strong>Alculnus</strong></span> <span class='ocrx_word' id='word_1_480' title='bbox 1244 5651 1309 5709; x_wconf 89' lang='lat' dir='ltr'><strong>de</strong></span> <span class='ocrx_word' id='word_1_481' title='bbox 1334 5651 1559 5710; x_wconf 81' lang='lat' dir='ltr'><strong>Cadaloc</strong></span> <span class='ocrx_word' id='word_1_482' title='bbox 1590 5667 1643 5715; x_wconf 90' lang='lat' dir='ltr'><strong>et</strong></span> <span class='ocrx_word' id='word_1_483' title='bbox 1681 5647 1990 5716; x_wconf 72' lang='lat' dir='ltr'><strong>Gathe&#39;ranio</strong></span> <span class='ocrx_word' id='word_1_484' title='bbox 2010 5647 2144 5733; x_wconf 53' lang='lat' dir='ltr'><strong>,ﬁm</strong></span> 
     </span>
    </p>
   </div>
   <div class='ocr_carea' id='block_1_63' title="bbox 2286 485 3832 566">
    <p class='ocr_par' dir='ltr' id='par_1_63' title="bbox 2286 485 3832 566">
     <span class='ocr_line' id='line_1_67' title="bbox 2286 485 3832 566; baseline 0.008 -29"><span class='ocrx_word' id='word_1_485' title='bbox 2286 498 2390 553; x_wconf 89' lang='lat' dir='ltr'><strong>que</strong></span> <span class='ocrx_word' id='word_1_486' title='bbox 2412 485 2580 566; x_wconf 88' lang='lat' dir='ltr'><strong>meis,</strong></span> <span class='ocrx_word' id='word_1_487' title='bbox 2612 500 2746 554; x_wconf 86' lang='lat' dir='ltr'><strong>quos</strong></span> <span class='ocrx_word' id='word_1_488' title='bbox 2778 485 3023 542; x_wconf 89' lang='lat' dir='ltr'><strong>Christus</strong></span> <span class='ocrx_word' id='word_1_489' title='bbox 3059 488 3252 559; x_wconf 89' lang='lat' dir='ltr'><strong>ubique</strong></span> <span class='ocrx_word' id='word_1_490' title='bbox 3292 505 3608 548; x_wconf 83' lang='lat' dir='ltr'><strong>conservare</strong></span> <span class='ocrx_word' id='word_1_491' title='bbox 3649 492 3832 565; x_wconf 77' lang='lat' dir='ltr'><strong>digno.-</strong></span> 
     </span>
    </p>
   </div>
   <div class='ocr_carea' id='block_1_64' title="bbox 2287 573 2420 644">
    <p class='ocr_par' dir='ltr' id='par_1_64' title="bbox 2287 573 2420 644">
     <span class='ocr_line' id='line_1_68' title="bbox 2287 573 2420 644; baseline 0.015 -19"><span class='ocrx_word' id='word_1_492' title='bbox 2287 573 2420 644; x_wconf 88' lang='lat' dir='ltr'><strong>tur.]</strong></span> 
     </span>
    </p>
   </div>
   <div class='ocr_carea' id='block_1_65' title="bbox 2755 666 3354 767">
    <p class='ocr_par' dir='ltr' id='par_1_65' title="bbox 2755 666 3354 767">
     <span class='ocr_line' id='line_1_69' title="bbox 2755 666 3354 767; baseline 0.005 -30"><span class='ocrx_word' id='word_1_493' title='bbox 2755 695 2776 723; x_wconf 76' lang='grc' dir='ltr'><strong>ε</strong></span> <span class='ocrx_word' id='word_1_494' title='bbox 2817 666 3147 742; x_wconf 79' lang='lat' dir='ltr'><strong>EPlSTOLA</strong></span> <span class='ocrx_word' id='word_1_495' title='bbox 3180 686 3354 744; x_wconf 82' lang='lat' dir='ltr'><strong>cuv.</strong></span> 
     </span>
    </p>
   </div>
   <div class='ocr_carea' id='block_1_66' title="bbox 2629 789 3481 834">
    <p class='ocr_par' dir='ltr' id='par_1_66' title="bbox 2629 789 3481 834">
     <span class='ocr_line' id='line_1_70' title="bbox 2629 789 3481 834; baseline 0.005 -6"><span class='ocrx_word' id='word_1_496' title='bbox 2629 790 2696 828; x_wconf 72' lang='lat' dir='ltr'><strong>AD</strong></span> <span class='ocrx_word' id='word_1_497' title='bbox 2727 789 2974 830; x_wconf 66' lang='grc' dir='ltr'><strong>ΑΒΝΟΝΕΙ</strong></span> <span class='ocrx_word' id='word_1_498' title='bbox 3013 791 3481 834; x_wconf 69' lang='grc' dir='ltr'><strong>Διεηιεριεεορυι.</strong></span> 
     </span>
    </p>
   </div>
   <div class='ocr_carea' id='block_1_67' title="bbox 2593 863 3522 942">
    <p class='ocr_par' dir='ltr' id='par_1_67' title="bbox 2593 863 3522 942">
     <span class='ocr_line' id='line_1_71' title="bbox 2593 863 3522 942; baseline 0.005 -24"><span class='ocrx_word' id='word_1_499' title='bbox 2593 863 2768 935; x_wconf 79' lang='lat' dir='ltr'><strong>(Anno</strong></span> <span class='ocrx_word' id='word_1_500' title='bbox 2791 864 2922 931; x_wconf 75' lang='lat'><strong>803,</strong></span> <span class='ocrx_word' id='word_1_501' title='bbox 2955 865 3041 921; x_wconf 91' lang='lat' dir='ltr'><strong>die</strong></span> <span class='ocrx_word' id='word_1_502' title='bbox 3069 866 3245 924; x_wconf 65' lang='lat' dir='ltr'><strong>Cinna:</strong></span> <span class='ocrx_word' id='word_1_503' title='bbox 3269 867 3522 942; x_wconf 82' lang='lat' dir='ltr'><strong>Domini.)</strong></span> 
     </span>
    </p>
   </div>
   <div class='ocr_carea' id='block_1_68' title="bbox 2283 940 3832 1052">
    <p class='ocr_par' dir='ltr' id='par_1_68' title="bbox 2283 969 3832 1052">
     <span class='ocr_line' id='line_1_72' title="bbox 2283 969 3832 1052; baseline 0.009 -27"><span class='ocrx_word' id='word_1_504' title='bbox 2283 969 2594 1052; x_wconf 70' lang='lat' dir='ltr'><strong>Consolatur</strong></span> <span class='ocrx_word' id='word_1_505' title='bbox 2618 975 2864 1052; x_wconf 70' lang='lat' dir='ltr'><strong>amictum</strong></span> <span class='ocrx_word' id='word_1_506' title='bbox 2897 985 3102 1052; x_wconf 79' lang='lat' dir='ltr'><strong>propter</strong></span> <span class='ocrx_word' id='word_1_507' title='bbox 3139 978 3411 1052; x_wconf 66' lang='lat' dir='ltr'><strong>saculares</strong></span> <span class='ocrx_word' id='word_1_508' title='bbox 3453 985 3832 1052; x_wconf 64' lang='lat' dir='ltr'><strong>occupationes.</strong></span> 
     </span>
    </p>
   </div>
   <div class='ocr_carea' id='block_1_69' title="bbox 2352 1041 3837 1116">
    <p class='ocr_par' dir='ltr' id='par_1_69' title="bbox 2352 1041 3837 1116">
     <span class='ocr_line' id='line_1_73' title="bbox 2352 1041 3837 1116; baseline 0.01 -22"><span class='ocrx_word' id='word_1_509' title='bbox 2352 1041 2572 1116; x_wconf 72' lang='lat' dir='ltr'><strong>Litteras</strong></span> <span class='ocrx_word' id='word_1_510' title='bbox 2613 1041 2705 1112; x_wconf 77' lang='lat' dir='ltr'><strong>per</strong></span> <span class='ocrx_word' id='word_1_511' title='bbox 2729 1041 3053 1116; x_wconf 68' lang='lat' dir='ltr'><strong>Adulteinum</strong></span> <span class='ocrx_word' id='word_1_512' title='bbox 3089 1047 3379 1116; x_wconf 79' lang='lat' dir='ltr'><strong>episcopum</strong></span> <span class='ocrx_word' id='word_1_513' title='bbox 3413 1041 3592 1104; x_wconf 61' lang='lat' dir='ltr'><strong>mittit:</strong></span> <span class='ocrx_word' id='word_1_514' title='bbox 3616 1049 3722 1106; x_wconf 87' lang='lat' dir='ltr'><strong>Pro</strong></span> <span class='ocrx_word' id='word_1_515' title='bbox 3749 1070 3837 1108; x_wconf 83' lang='lat' dir='ltr'><strong>ca-</strong></span> 
     </span>
    </p>
   </div>
   <div class='ocr_carea' id='block_1_70' title="bbox 2352 1110 3277 1183">
    <p class='ocr_par' dir='ltr' id='par_1_70' title="bbox 2352 1110 3277 1183">
     <span class='ocr_line' id='line_1_74' title="bbox 2352 1110 3277 1183; baseline 0.006 -19"><span class='ocrx_word' id='word_1_516' title='bbox 2352 1110 2470 1164; x_wconf 86' lang='lat' dir='ltr'><strong>sula</strong></span> <span class='ocrx_word' id='word_1_517' title='bbox 2497 1110 2699 1181; x_wconf 81' lang='lat' dir='ltr'><strong>gratam</strong></span> <span class='ocrx_word' id='word_1_518' title='bbox 2725 1113 2938 1183; x_wconf 80' lang='lat' dir='ltr'><strong>spondet</strong></span> <span class='ocrx_word' id='word_1_519' title='bbox 2961 1110 3277 1170; x_wconf 73' lang='lat' dir='ltr'><strong>memoriam.</strong></span> 
     </span>
    </p>
   </div>
   <div class='ocr_carea' id='block_1_71' title="bbox 2350 1218 3838 1288">
    <p class='ocr_par' dir='ltr' id='par_1_71' title="bbox 2350 1218 3838 1288">
     <span class='ocr_line' id='line_1_75' title="bbox 2350 1218 3838 1288; baseline 0.006 -16"><span class='ocrx_word' id='word_1_520' title='bbox 2350 1218 2574 1280; x_wconf 90' lang='lat' dir='ltr'><strong>Domino</strong></span> <span class='ocrx_word' id='word_1_521' title='bbox 2601 1219 3025 1288; x_wconf 66' lang='lat' dir='ltr'><strong>desiderabiliter</strong></span> <span class='ocrx_word' id='word_1_522' title='bbox 3045 1221 3340 1276; x_wconf 90' lang='lat' dir='ltr'><strong>honorabili</strong></span> <span class='ocrx_word' id='word_1_523' title='bbox 3375 1231 3430 1279; x_wconf 91' lang='lat' dir='ltr'><strong>et</strong></span> <span class='ocrx_word' id='word_1_524' title='bbox 3457 1225 3838 1282; x_wconf 87' lang='lat' dir='ltr'><strong>honorabiliter</strong></span> 
     </span>
    </p>
   </div>
   <div class='ocr_carea' id='block_1_72' title="bbox 2282 1307 3835 1382">
    <p class='ocr_par' dir='ltr' id='par_1_72' title="bbox 2282 1307 3835 1382">
     <span class='ocr_line' id='line_1_76' title="bbox 2282 1307 3835 1382; baseline 0.004 -19"><span class='ocrx_word' id='word_1_525' title='bbox 2282 1308 2618 1363; x_wconf 82' lang='lat' dir='ltr'><strong>desiderabili</strong></span> <span class='ocrx_word' id='word_1_526' title='bbox 2658 1307 2905 1381; x_wconf 70' lang='lat' dir='ltr'><strong>[Aquilae]</strong></span> <span class='ocrx_word' id='word_1_527' title='bbox 2933 1311 3359 1382; x_wconf 80' lang='lat' dir='ltr'><strong>archiepiscopo,</strong></span> <span class='ocrx_word' id='word_1_528' title='bbox 3388 1313 3604 1369; x_wconf 87' lang='lat' dir='ltr'><strong>humilis</strong></span> <span class='ocrx_word' id='word_1_529' title='bbox 3629 1312 3835 1369; x_wconf 68' lang='lat' dir='ltr'><strong>[Levita</strong></span> 
     </span>
    </p>
   </div>
   <div class='ocr_carea' id='block_1_73' title="bbox 2279 1398 3669 1475">
    <p class='ocr_par' dir='ltr' id='par_1_73' title="bbox 2279 1398 3669 1475">
     <span class='ocr_line' id='line_1_77' title="bbox 2279 1398 3669 1475; baseline 0.005 -24"><span class='ocrx_word' id='word_1_530' title='bbox 2279 1398 2522 1470; x_wconf 81' lang='lat' dir='ltr'><strong>Albinus]</strong></span> <span class='ocrx_word' id='word_1_531' title='bbox 2551 1399 2791 1454; x_wconf 88' lang='lat' dir='ltr'><strong>salutem.</strong></span> <span class='ocrx_word' id='word_1_532' title='bbox 3666 1473 3669 1475; x_wconf 96' lang='lat'><em>_</em></span> 
     </span>
    </p>
   </div>
   <div class='ocr_carea' id='block_1_74' title="bbox 2347 1488 3835 1558">
    <p class='ocr_par' dir='ltr' id='par_1_74' title="bbox 2347 1488 3835 1558">
     <span class='ocr_line' id='line_1_78' title="bbox 2347 1488 3835 1558; baseline 0.005 -17"><span class='ocrx_word' id='word_1_533' title='bbox 2347 1488 2594 1558; x_wconf 83' lang='lat' dir='ltr'><strong>Acceptis</strong></span> <span class='ocrx_word' id='word_1_534' title='bbox 2637 1499 2826 1543; x_wconf 75' lang='lat' dir='ltr'><strong>vestrae</strong></span> <span class='ocrx_word' id='word_1_535' title='bbox 2868 1490 3147 1546; x_wconf 88' lang='lat' dir='ltr'><strong>charitatis</strong></span> <span class='ocrx_word' id='word_1_536' title='bbox 3180 1492 3487 1548; x_wconf 87' lang='lat' dir='ltr'><strong>muneribus</strong></span> <span class='ocrx_word' id='word_1_537' title='bbox 3527 1494 3672 1548; x_wconf 90' lang='lat' dir='ltr'><strong>omni</strong></span> <span class='ocrx_word' id='word_1_538' title='bbox 3702 1509 3835 1549; x_wconf 89' lang='lat' dir='ltr'><strong>auro</strong></span> 
     </span>
    </p>
   </div>
   <div class='ocr_carea' id='block_1_75' title="bbox 2280 1578 3832 1654">
    <p class='ocr_par' dir='ltr' id='par_1_75' title="bbox 2280 1578 3832 1654">
     <span class='ocr_line' id='line_1_79' title="bbox 2280 1578 3832 1654; baseline 0.004 -23"><span class='ocrx_word' id='word_1_539' title='bbox 2280 1578 2698 1644; x_wconf 85' lang='lat' dir='ltr'><strong>amabiliorihus,</strong></span> <span class='ocrx_word' id='word_1_540' title='bbox 2724 1589 2780 1633; x_wconf 91' lang='lat' dir='ltr'><strong>et</strong></span> <span class='ocrx_word' id='word_1_541' title='bbox 2801 1580 3037 1648; x_wconf 88' lang='lat' dir='ltr'><strong>apicibus</strong></span> <span class='ocrx_word' id='word_1_542' title='bbox 3065 1580 3208 1635; x_wconf 91' lang='lat' dir='ltr'><strong>omni</strong></span> <span class='ocrx_word' id='word_1_543' title='bbox 3248 1580 3367 1636; x_wconf 90' lang='lat' dir='ltr'><strong>favo</strong></span> <span class='ocrx_word' id='word_1_544' title='bbox 3393 1581 3746 1646; x_wconf 90' lang='lat' dir='ltr'><strong>dulcioribus,</strong></span> <span class='ocrx_word' id='word_1_545' title='bbox 3778 1584 3832 1654; x_wconf 88' lang='lat' dir='ltr'><strong>in</strong></span> 
     </span>
    </p>
   </div>
   <div class='ocr_carea' id='block_1_76' title="bbox 2280 1669 3833 1743">
    <p class='ocr_par' dir='ltr' id='par_1_76' title="bbox 2280 1669 3833 1743">
     <span class='ocr_line' id='line_1_80' title="bbox 2280 1669 3833 1743; baseline 0.004 -21"><span class='ocrx_word' id='word_1_546' title='bbox 2280 1669 2473 1737; x_wconf 89' lang='lat' dir='ltr'><strong>quibus</strong></span> <span class='ocrx_word' id='word_1_547' title='bbox 2499 1669 2693 1724; x_wconf 84' lang='lat' dir='ltr'><strong>lectum</strong></span> <span class='ocrx_word' id='word_1_548' title='bbox 2715 1678 2832 1723; x_wconf 89' lang='lat' dir='ltr'><strong>erat</strong></span> <span class='ocrx_word' id='word_1_549' title='bbox 2861 1671 2925 1725; x_wconf 90' lang='lat' dir='ltr'><strong>de</strong></span> <span class='ocrx_word' id='word_1_550' title='bbox 2949 1672 3191 1740; x_wconf 88' lang='lat' dir='ltr'><strong>angustia</strong></span> <span class='ocrx_word' id='word_1_551' title='bbox 3229 1672 3424 1727; x_wconf 91' lang='lat' dir='ltr'><strong>mentis</strong></span> <span class='ocrx_word' id='word_1_552' title='bbox 3462 1682 3653 1728; x_wconf 67' lang='lat' dir='ltr'><strong>vestra:</strong></span> <span class='ocrx_word' id='word_1_553' title='bbox 3678 1673 3703 1713; x_wconf 77' lang='grc' dir='ltr'><strong>ει</strong></span> <span class='ocrx_word' id='word_1_554' title='bbox 3733 1689 3833 1743; x_wconf 90' lang='lat' dir='ltr'><strong>pro</strong></span> 
     </span>
    </p>
   </div>
   <div class='ocr_carea' id='block_1_77' title="bbox 2278 1760 3833 1839">
    <p class='ocr_par' dir='ltr' id='par_1_77' title="bbox 2278 1760 3833 1839">
     <span class='ocr_line' id='line_1_81' title="bbox 2278 1760 3833 1839; baseline 0.004 -25"><span class='ocrx_word' id='word_1_555' title='bbox 2278 1761 2494 1815; x_wconf 88' lang='lat' dir='ltr'><strong>servitio</strong></span> <span class='ocrx_word' id='word_1_556' title='bbox 2515 1761 2758 1816; x_wconf 65' lang='lat' dir='ltr'><strong>saeculari</strong></span> <span class='ocrx_word' id='word_1_557' title='bbox 2784 1760 3040 1816; x_wconf 83' lang='lat' dir='ltr'><strong>adversus</strong></span> <span class='ocrx_word' id='word_1_558' title='bbox 3067 1763 3366 1817; x_wconf 80' lang='lat' dir='ltr'><strong>sanetitatis</strong></span> <span class='ocrx_word' id='word_1_559' title='bbox 3391 1772 3582 1839; x_wconf 76' lang='lat' dir='ltr'><strong>vestrae</strong></span> <span class='ocrx_word' id='word_1_560' title='bbox 3606 1766 3833 1836; x_wconf 85' lang='lat' dir='ltr'><strong>dignita-</strong></span> 
     </span>
    </p>
   </div>
   <div class='ocr_carea' id='block_1_78' title="bbox 2276 1844 3832 1921">
    <p class='ocr_par' dir='ltr' id='par_1_78' title="bbox 2276 1844 3832 1921">
     <span class='ocr_line' id='line_1_82' title="bbox 2276 1844 3832 1921; baseline 0.005 -17"><span class='ocrx_word' id='word_1_561' title='bbox 2276 1859 2404 1915; x_wconf 91' lang='lat' dir='ltr'><strong>tem,</strong></span> <span class='ocrx_word' id='word_1_562' title='bbox 2436 1850 2507 1903; x_wconf 89' lang='lat' dir='ltr'><strong>ita</strong></span> <span class='ocrx_word' id='word_1_563' title='bbox 2535 1859 2594 1904; x_wconf 92' lang='lat' dir='ltr'><strong>ut</strong></span> <span class='ocrx_word' id='word_1_564' title='bbox 2623 1865 2726 1906; x_wconf 93' lang='lat' dir='ltr'><strong>non</strong></span> <span class='ocrx_word' id='word_1_565' title='bbox 2757 1846 2915 1905; x_wconf 90' lang='lat' dir='ltr'><strong>liceat</strong></span> <span class='ocrx_word' id='word_1_566' title='bbox 2943 1845 3248 1907; x_wconf 86' lang='lat' dir='ltr'><strong>melioribus</strong></span> <span class='ocrx_word' id='word_1_567' title='bbox 3277 1846 3475 1910; x_wconf 84' lang='lat' dir='ltr'><strong>instare</strong></span> <span class='ocrx_word' id='word_1_568' title='bbox 3497 1844 3705 1921; x_wconf 78' lang='lat' dir='ltr'><strong>(illiciis,</strong></span> <span class='ocrx_word' id='word_1_569' title='bbox 3735 1857 3832 1912; x_wconf 77' lang='lat' dir='ltr'><strong>nec</strong></span> 
     </span>
    </p>
   </div>
   <div class='ocr_carea' id='block_1_79' title="bbox 2273 1939 3832 2016">
    <p class='ocr_par' dir='ltr' id='par_1_79' title="bbox 2273 1939 3832 2016">
     <span class='ocr_line' id='line_1_83' title="bbox 2273 1939 3832 2016; baseline 0.006 -25"><span class='ocrx_word' id='word_1_570' title='bbox 2273 1939 2568 1993; x_wconf 91' lang='lat' dir='ltr'><strong>animarum</strong></span> <span class='ocrx_word' id='word_1_571' title='bbox 2597 1941 2772 2010; x_wconf 85' lang='lat' dir='ltr'><strong>gregis</strong></span> <span class='ocrx_word' id='word_1_572' title='bbox 2796 1940 2956 1996; x_wconf 89' lang='lat' dir='ltr'><strong>lucris</strong></span> <span class='ocrx_word' id='word_1_573' title='bbox 2978 1943 3251 1998; x_wconf 88' lang='lat' dir='ltr'><strong>inservire.</strong></span> <span class='ocrx_word' id='word_1_574' title='bbox 3275 1944 3462 2000; x_wconf 81' lang='lat' dir='ltr'><strong>Vestra</strong></span> <span class='ocrx_word' id='word_1_575' title='bbox 3489 1947 3716 2016; x_wconf 86' lang='lat' dir='ltr'><strong>cogitet,</strong></span> <span class='ocrx_word' id='word_1_576' title='bbox 3737 1949 3832 2001; x_wconf 80' lang='lat' dir='ltr'><strong>oh-</strong></span> 
     </span>
    </p>
   </div>
   <div class='ocr_carea' id='block_1_80' title="bbox 2273 2029 3822 2109">
    <p class='ocr_par' dir='ltr' id='par_1_80' title="bbox 2273 2029 3822 2109">
     <span class='ocr_line' id='line_1_84' title="bbox 2273 2029 3822 2109; baseline 0.005 -27"><span class='ocrx_word' id='word_1_577' title='bbox 2273 2043 2445 2093; x_wconf 89' lang='lat' dir='ltr'><strong>secro,</strong></span> <span class='ocrx_word' id='word_1_578' title='bbox 2474 2029 2770 2095; x_wconf 89' lang='lat' dir='ltr'><strong>beatitudo,</strong></span> <span class='ocrx_word' id='word_1_579' title='bbox 2801 2032 2920 2100; x_wconf 87' lang='lat' dir='ltr'><strong>quis</strong></span> <span class='ocrx_word' id='word_1_580' title='bbox 2941 2047 3173 2101; x_wconf 91' lang='lat' dir='ltr'><strong>unquam</strong></span> <span class='ocrx_word' id='word_1_581' title='bbox 3204 2043 3510 2109; x_wconf 69' lang='lat' dir='ltr'><strong>sanctorum</strong></span> <span class='ocrx_word' id='word_1_582' title='bbox 3532 2036 3632 2089; x_wconf 91' lang='lat' dir='ltr'><strong>hoc</strong></span> <span class='ocrx_word' id='word_1_583' title='bbox 3657 2051 3822 2090; x_wconf 62' lang='lat' dir='ltr'><strong>saecu-</strong></span> 
     </span>
    </p>
   </div>
   <div class='ocr_carea' id='block_1_81' title="bbox 2274 2117 3831 2188">
    <p class='ocr_par' dir='ltr' id='par_1_81' title="bbox 2274 2117 3831 2188">
     <span class='ocr_line' id='line_1_85' title="bbox 2274 2117 3831 2188; baseline 0.004 -18"><span class='ocrx_word' id='word_1_584' title='bbox 2274 2118 2382 2173; x_wconf 90' lang='lat' dir='ltr'><strong>lum</strong></span> <span class='ocrx_word' id='word_1_585' title='bbox 2410 2117 2525 2174; x_wconf 89' lang='lat' dir='ltr'><strong>sine</strong></span> <span class='ocrx_word' id='word_1_586' title='bbox 2551 2120 2842 2179; x_wconf 86' lang='lat' dir='ltr'><strong>tentatione</strong></span> <span class='ocrx_word' id='word_1_587' title='bbox 2871 2121 3204 2188; x_wconf 85' lang='lat' dir='ltr'><strong>transigeret.</strong></span> <span class='ocrx_word' id='word_1_588' title='bbox 3237 2121 3392 2175; x_wconf 91' lang='lat' dir='ltr'><strong>Solus</strong></span> <span class='ocrx_word' id='word_1_589' title='bbox 3411 2162 3426 2187; x_wconf 97' lang='lat'><strong>,</strong></span> <span class='ocrx_word' id='word_1_590' title='bbox 3461 2129 3521 2175; x_wconf 91' lang='lat' dir='ltr'><strong>ut</strong></span> <span class='ocrx_word' id='word_1_591' title='bbox 3541 2123 3616 2176; x_wconf 90' lang='lat' dir='ltr'><strong>ait</strong></span> <span class='ocrx_word' id='word_1_592' title='bbox 3644 2123 3831 2177; x_wconf 84' lang='lat' dir='ltr'><strong>beatus</strong></span> 
     </span>
    </p>
   </div>
   <div class='ocr_carea' id='block_1_82' title="bbox 2272 2208 3829 2282">
    <p class='ocr_par' dir='ltr' id='par_1_82' title="bbox 2272 2208 3829 2282">
     <span class='ocr_line' id='line_1_86' title="bbox 2272 2208 3829 2282; baseline 0.003 -20"><span class='ocrx_word' id='word_1_593' title='bbox 2272 2208 2624 2278; x_wconf 78' lang='lat' dir='ltr'><strong>Hieronymus</strong></span> <span class='ocrx_word' id='word_1_594' title='bbox 2649 2209 2700 2263; x_wconf 91' lang='lat' dir='ltr'><strong>in</strong></span> <span class='ocrx_word' id='word_1_595' title='bbox 2721 2211 2948 2279; x_wconf 89' lang='lat' dir='ltr'><strong>quadam</strong></span> <span class='ocrx_word' id='word_1_596' title='bbox 2979 2211 3136 2282; x_wconf 73' lang='lat'><strong>166</strong></span> <span class='ocrx_word' id='word_1_597' title='bbox 3153 2211 3397 2282; x_wconf 87' lang='lat' dir='ltr'><strong>epistola,</strong></span> <span class='ocrx_word' id='word_1_598' title='bbox 3421 2211 3670 2267; x_wconf 89' lang='lat' dir='ltr'><strong>Salomon</strong></span> <span class='ocrx_word' id='word_1_599' title='bbox 3691 2227 3829 2267; x_wconf 82' lang='lat' dir='ltr'><strong>sem—</strong></span> 
     </span>
    </p>
   </div>
   <div class='ocr_carea' id='block_1_83' title="bbox 2269 2297 3829 2370">
    <p class='ocr_par' dir='ltr' id='par_1_83' title="bbox 2269 2297 3829 2370">
     <span class='ocr_line' id='line_1_87' title="bbox 2269 2297 3829 2370; baseline 0.003 -19"><span class='ocrx_word' id='word_1_600' title='bbox 2269 2312 2365 2367; x_wconf 89' lang='lat' dir='ltr'><strong>per</strong></span> <span class='ocrx_word' id='word_1_601' title='bbox 2393 2297 2446 2352; x_wconf 93' lang='lat' dir='ltr'><strong>in</strong></span> <span class='ocrx_word' id='word_1_602' title='bbox 2475 2298 2697 2363; x_wconf 90' lang='lat' dir='ltr'><strong>deliciis,</strong></span> <span class='ocrx_word' id='word_1_603' title='bbox 2730 2306 2783 2353; x_wconf 90' lang='lat' dir='ltr'><strong>et</strong></span> <span class='ocrx_word' id='word_1_604' title='bbox 2810 2299 2928 2353; x_wconf 90' lang='lat' dir='ltr'><strong>ideo</strong></span> <span class='ocrx_word' id='word_1_605' title='bbox 2963 2299 3096 2354; x_wconf 89' lang='lat' dir='ltr'><strong>forte</strong></span> <span class='ocrx_word' id='word_1_606' title='bbox 3119 2300 3376 2370; x_wconf 88' lang='lat' dir='ltr'><strong>peccavit.</strong></span> <span class='ocrx_word' id='word_1_607' title='bbox 3401 2301 3702 2357; x_wconf 77' lang='lat' dir='ltr'><strong>Eshortaus</strong></span> <span class='ocrx_word' id='word_1_608' title='bbox 3733 2317 3829 2356; x_wconf 83' lang='lat' dir='ltr'><strong>nos</strong></span> 
     </span>
    </p>
   </div>
   <div class='ocr_carea' id='block_1_84' title="bbox 2269 2389 3828 2463">
    <p class='ocr_par' dir='ltr' id='par_1_84' title="bbox 2269 2389 3828 2463">
     <span class='ocr_line' id='line_1_88' title="bbox 2269 2389 3828 2463; baseline 0.004 -21"><span class='ocrx_word' id='word_1_609' title='bbox 2269 2389 2335 2442; x_wconf 85' lang='lat' dir='ltr'><strong>ad</strong></span> <span class='ocrx_word' id='word_1_610' title='bbox 2361 2389 2670 2458; x_wconf 85' lang='lat' dir='ltr'><strong>patientiam</strong></span> <span class='ocrx_word' id='word_1_611' title='bbox 2691 2389 2878 2445; x_wconf 89' lang='lat' dir='ltr'><strong>beatus</strong></span> <span class='ocrx_word' id='word_1_612' title='bbox 2904 2391 3172 2460; x_wconf 87' lang='lat' dir='ltr'><strong>apostolus</strong></span> <span class='ocrx_word' id='word_1_613' title='bbox 3200 2392 3274 2446; x_wconf 87' lang='lat' dir='ltr'><strong>ait</strong></span> <span class='ocrx_word' id='word_1_614' title='bbox 3299 2410 3311 2443; x_wconf 92' lang='lat'>:</span> <span class='ocrx_word' id='word_1_615' title='bbox 3339 2391 3706 2463; x_wconf 72' lang='lat' dir='ltr'><strong>Str/ferentium</strong></span> <span class='ocrx_word' id='word_1_616' title='bbox 3727 2394 3828 2448; x_wconf 81' lang='lat' dir='ltr'><strong>Job</strong></span> 
     </span>
    </p>
   </div>
   <div class='ocr_carea' id='block_1_85' title="bbox 2269 2481 3827 2556">
    <p class='ocr_par' dir='ltr' id='par_1_85' title="bbox 2269 2481 3827 2556">
     <span class='ocr_line' id='line_1_89' title="bbox 2269 2481 3827 2556; baseline 0.003 -22"><span class='ocrx_word' id='word_1_617' title='bbox 2269 2481 2507 2547; x_wconf 80' lang='lat' dir='ltr'><strong>audistis,</strong></span> <span class='ocrx_word' id='word_1_618' title='bbox 2537 2491 2584 2535; x_wconf 89' lang='lat' dir='ltr'><strong>et</strong></span> <span class='ocrx_word' id='word_1_619' title='bbox 2608 2481 2763 2550; x_wconf 77' lang='lat' dir='ltr'><strong>ﬁnem</strong></span> <span class='ocrx_word' id='word_1_620' title='bbox 2789 2481 2999 2535; x_wconf 85' lang='lat' dir='ltr'><strong>Domini</strong></span> <span class='ocrx_word' id='word_1_621' title='bbox 3022 2484 3216 2537; x_wconf 75' lang='lat' dir='ltr'><strong>vidistis</strong></span> <span class='ocrx_word' id='word_1_622' title='bbox 3241 2483 3380 2554; x_wconf 82' lang='lat' dir='ltr'><strong>(Jac.</strong></span> <span class='ocrx_word' id='word_1_623' title='bbox 3404 2500 3458 2550; x_wconf 91' lang='lat' dir='ltr'><strong>v,</strong></span> <span class='ocrx_word' id='word_1_624' title='bbox 3491 2486 3598 2556; x_wconf 79' lang='lat' dir='ltr'><strong>ll).</strong></span> <span class='ocrx_word' id='word_1_625' title='bbox 3629 2486 3692 2539; x_wconf 87' lang='lat' dir='ltr'><strong>Et</strong></span> <span class='ocrx_word' id='word_1_626' title='bbox 3715 2486 3827 2556; x_wconf 83' lang='lat' dir='ltr'><strong>ipse</strong></span> 
     </span>
    </p>
   </div>
   <div class='ocr_carea' id='block_1_86' title="bbox 2269 2561 3826 2645">
    <p class='ocr_par' dir='ltr' id='par_1_86' title="bbox 2269 2561 3826 2645">
     <span class='ocr_line' id='line_1_90' title="bbox 2269 2561 3826 2645; baseline 0.004 -22"><span class='ocrx_word' id='word_1_627' title='bbox 2269 2561 2523 2625; x_wconf 85' lang='lat' dir='ltr'><strong>Dominus</strong></span> <span class='ocrx_word' id='word_1_628' title='bbox 2549 2572 2598 2625; x_wconf 92' lang='lat' dir='ltr'><strong>in</strong></span> <span class='ocrx_word' id='word_1_629' title='bbox 2627 2571 2913 2641; x_wconf 86' lang='lat' dir='ltr'><strong>Evangelio</strong></span> <span class='ocrx_word' id='word_1_630' title='bbox 2935 2573 3106 2642; x_wconf 87' lang='lat' dir='ltr'><strong>inquit</strong></span> <span class='ocrx_word' id='word_1_631' title='bbox 3130 2591 3142 2626; x_wconf 93' lang='lat'>:</span> <span class='ocrx_word' id='word_1_632' title='bbox 3169 2572 3235 2626; x_wconf 88' lang='lat' dir='ltr'><strong>In</strong></span> <span class='ocrx_word' id='word_1_633' title='bbox 3257 2576 3506 2643; x_wconf 84' lang='lat' dir='ltr'><strong>patientia</strong></span> <span class='ocrx_word' id='word_1_634' title='bbox 3527 2584 3692 2628; x_wconf 73' lang='lat' dir='ltr'><strong>vestra</strong></span> <span class='ocrx_word' id='word_1_635' title='bbox 3711 2582 3826 2645; x_wconf 53' lang='lat' dir='ltr'><strong>pos:</strong></span> 
     </span>
    </p>
   </div>
   <div class='ocr_carea' id='block_1_87' title="bbox 2267 2660 3826 2733">
    <p class='ocr_par' dir='ltr' id='par_1_87' title="bbox 2267 2660 3826 2733">
     <span class='ocr_line' id='line_1_91' title="bbox 2267 2660 3826 2733; baseline 0.003 -20"><span class='ocrx_word' id='word_1_636' title='bbox 2267 2660 2495 2714; x_wconf 79' lang='lat' dir='ltr'><strong>sidebitis</strong></span> <span class='ocrx_word' id='word_1_637' title='bbox 2530 2661 2732 2716; x_wconf 86' lang='lat' dir='ltr'><strong>animas</strong></span> <span class='ocrx_word' id='word_1_638' title='bbox 2770 2672 2961 2715; x_wconf 85' lang='lat' dir='ltr'><strong>vestras</strong></span> <span class='ocrx_word' id='word_1_639' title='bbox 2998 2661 3145 2733; x_wconf 84' lang='lat' dir='ltr'><strong>(Luc.</strong></span> <span class='ocrx_word' id='word_1_640' title='bbox 3170 2678 3292 2724; x_wconf 72' lang='lat' dir='ltr'><strong>ut,</strong></span> <span class='ocrx_word' id='word_1_641' title='bbox 3325 2661 3431 2732; x_wconf 81' lang='lat' dir='ltr'><strong>l9).</strong></span> <span class='ocrx_word' id='word_1_642' title='bbox 3467 2661 3826 2718; x_wconf 81' lang='lat' dir='ltr'><strong>Recurramus</strong></span> 
     </span>
    </p>
   </div>
   <div class='ocr_carea' id='block_1_88' title="bbox 2267 2742 3823 2821">
    <p class='ocr_par' dir='ltr' id='par_1_88' title="bbox 2267 2742 3823 2821">
     <span class='ocr_line' id='line_1_92' title="bbox 2267 2742 3823 2821; baseline 0.001 -16"><span class='ocrx_word' id='word_1_643' title='bbox 2267 2751 2333 2805; x_wconf 86' lang='lat' dir='ltr'><strong>ad</strong></span> <span class='ocrx_word' id='word_1_644' title='bbox 2359 2749 2630 2806; x_wconf 88' lang='lat' dir='ltr'><strong>Christum</strong></span> <span class='ocrx_word' id='word_1_645' title='bbox 2662 2759 2772 2805; x_wconf 84' lang='lat' dir='ltr'><strong>tota</strong></span> <span class='ocrx_word' id='word_1_646' title='bbox 2814 2751 3134 2816; x_wconf 78' lang='lat' dir='ltr'><strong>intentione;</strong></span> <span class='ocrx_word' id='word_1_647' title='bbox 3166 2753 3393 2806; x_wconf 81' lang='lat' dir='ltr'><strong>assiduis</strong></span> <span class='ocrx_word' id='word_1_648' title='bbox 3421 2753 3698 2821; x_wconf 82' lang='lat' dir='ltr'><strong>precibus,</strong></span> <span class='ocrx_word' id='word_1_649' title='bbox 3732 2742 3823 2821; x_wconf 85' lang='lat' dir='ltr'><strong>qui</strong></span> 
     </span>
    </p>
   </div>
   <div class='ocr_carea' id='block_1_89' title="bbox 2265 2836 3826 2914">
    <p class='ocr_par' dir='ltr' id='par_1_89' title="bbox 2265 2836 3826 2914">
     <span class='ocr_line' id='line_1_93' title="bbox 2265 2836 3826 2914; baseline 0.001 -19"><span class='ocrx_word' id='word_1_650' title='bbox 2265 2843 2576 2897; x_wconf 76' lang='lat' dir='ltr'><strong>eStunicum</strong></span> <span class='ocrx_word' id='word_1_651' title='bbox 2594 2843 2658 2896; x_wconf 90' lang='lat' dir='ltr'><strong>de</strong></span> <span class='ocrx_word' id='word_1_652' title='bbox 2671 2843 2813 2895; x_wconf 92' lang='lat' dir='ltr'><strong>omni</strong></span> <span class='ocrx_word' id='word_1_653' title='bbox 2842 2836 3179 2896; x_wconf 87' lang='lat' dir='ltr'><strong>tribulatione</strong></span> <span class='ocrx_word' id='word_1_654' title='bbox 3205 2842 3484 2914; x_wconf 78' lang='lat' dir='ltr'><strong>refugium;</strong></span> <span class='ocrx_word' id='word_1_655' title='bbox 3512 2844 3657 2899; x_wconf 90' lang='lat' dir='ltr'><strong>Sicut</strong></span> <span class='ocrx_word' id='word_1_656' title='bbox 3677 2843 3826 2899; x_wconf 88' lang='lat' dir='ltr'><strong>Psal-</strong></span> 
     </span>
    </p>
   </div>
   <div class='ocr_carea' id='block_1_90' title="bbox 2266 2931 3821 3004">
    <p class='ocr_par' dir='ltr' id='par_1_90' title="bbox 2266 2931 3821 3004">
     <span class='ocr_line' id='line_1_94' title="bbox 2266 2931 3821 3004; baseline 0.003 -22"><span class='ocrx_word' id='word_1_657' title='bbox 2266 2931 2422 2983; x_wconf 88' lang='lat' dir='ltr'><strong>mista</strong></span> <span class='ocrx_word' id='word_1_658' title='bbox 2445 2931 2715 3000; x_wconf 68' lang='lat' dir='ltr'><strong>prmcipit:</strong></span> <span class='ocrx_word' id='word_1_659' title='bbox 2742 2931 2896 2984; x_wconf 75' lang='lat' dir='ltr'><strong>laeta</strong></span> <span class='ocrx_word' id='word_1_660' title='bbox 2921 2931 2972 2984; x_wconf 87' lang='lat' dir='ltr'><strong>in</strong></span> <span class='ocrx_word' id='word_1_661' title='bbox 3001 2931 3276 2985; x_wconf 84' lang='lat' dir='ltr'><strong>Dominum</strong></span> <span class='ocrx_word' id='word_1_662' title='bbox 3301 2933 3452 3004; x_wconf 91' lang='lat' dir='ltr'><strong>[Cod.</strong></span> <span class='ocrx_word' id='word_1_663' title='bbox 3479 2933 3608 2997; x_wconf 75' lang='lat' dir='ltr'><strong>Sal.,</strong></span> <span class='ocrx_word' id='word_1_664' title='bbox 3634 2931 3821 3004; x_wconf 84' lang='lat' dir='ltr'><strong>Deum]</strong></span> 
     </span>
    </p>
   </div>
   <div class='ocr_carea' id='block_1_91' title="bbox 2265 3023 3823 3096">
    <p class='ocr_par' dir='ltr' id='par_1_91' title="bbox 2265 3023 3823 3096">
     <span class='ocr_line' id='line_1_95' title="bbox 2265 3023 3823 3096; baseline 0.002 -22"><span class='ocrx_word' id='word_1_665' title='bbox 2265 3039 2441 3076; x_wconf 86' lang='lat' dir='ltr'><strong>curam</strong></span> <span class='ocrx_word' id='word_1_666' title='bbox 2483 3032 2649 3087; x_wconf 84' lang='lat' dir='ltr'><strong>tuam,</strong></span> <span class='ocrx_word' id='word_1_667' title='bbox 2689 3032 2736 3075; x_wconf 86' lang='lat' dir='ltr'><strong>et</strong></span> <span class='ocrx_word' id='word_1_668' title='bbox 2765 3023 2872 3092; x_wconf 87' lang='lat' dir='ltr'><strong>ipse</strong></span> <span class='ocrx_word' id='word_1_669' title='bbox 2909 3032 2956 3076; x_wconf 85' lang='lat' dir='ltr'><strong>te</strong></span> <span class='ocrx_word' id='word_1_670' title='bbox 2989 3025 3208 3077; x_wconf 87' lang='lat' dir='ltr'><strong>enutriet</strong></span> <span class='ocrx_word' id='word_1_671' title='bbox 3238 3023 3406 3093; x_wconf 85' lang='lat' dir='ltr'><strong>(Psal.</strong></span> <span class='ocrx_word' id='word_1_672' title='bbox 3439 3041 3545 3089; x_wconf 77' lang='lat' dir='ltr'><strong>Liv,</strong></span> <span class='ocrx_word' id='word_1_673' title='bbox 3577 3025 3689 3096; x_wconf 74' lang='lat'><strong>23).</strong></span> <span class='ocrx_word' id='word_1_674' title='bbox 3735 3023 3823 3078; x_wconf 91' lang='lat' dir='ltr'><strong>Di-</strong></span> 
     </span>
    </p>
   </div>
   <div class='ocr_carea' id='block_1_92' title="bbox 2262 3111 3822 3184">
    <p class='ocr_par' dir='ltr' id='par_1_92' title="bbox 2262 3111 3822 3184">
     <span class='ocr_line' id='line_1_96' title="bbox 2262 3111 3822 3184; baseline 0.001 -17"><span class='ocrx_word' id='word_1_675' title='bbox 2262 3122 2446 3167; x_wconf 73' lang='lat' dir='ltr'><strong>eamus</strong></span> <span class='ocrx_word' id='word_1_676' title='bbox 2483 3111 2592 3168; x_wconf 91' lang='lat' dir='ltr'><strong>Deo</strong></span> <span class='ocrx_word' id='word_1_677' title='bbox 2632 3128 2753 3166; x_wconf 91' lang='lat' dir='ltr'><strong>cum</strong></span> <span class='ocrx_word' id='word_1_678' title='bbox 2781 3111 3047 3181; x_wconf 81' lang='lat' dir='ltr'><strong>Pmpheta</strong></span> <span class='ocrx_word' id='word_1_679' title='bbox 3075 3131 3086 3163; x_wconf 88' lang='lat'>:</span> <span class='ocrx_word' id='word_1_680' title='bbox 3118 3112 3244 3166; x_wconf 88' lang='lat' dir='ltr'><strong>Esto</strong></span> <span class='ocrx_word' id='word_1_681' title='bbox 3285 3114 3410 3167; x_wconf 70' lang='lat' dir='ltr'><strong>milii</strong></span> <span class='ocrx_word' id='word_1_682' title='bbox 3436 3116 3490 3169; x_wconf 92' lang='lat' dir='ltr'><strong>in</strong></span> <span class='ocrx_word' id='word_1_683' title='bbox 3513 3115 3678 3169; x_wconf 82' lang='lat' dir='ltr'><strong>Deum</strong></span> <span class='ocrx_word' id='word_1_684' title='bbox 3705 3132 3822 3184; x_wconf 84' lang='lat' dir='ltr'><strong>pro-</strong></span> 
     </span>
    </p>
   </div>
   <div class='ocr_carea' id='block_1_93' title="bbox 2262 3200 3820 3274">
    <p class='ocr_par' dir='ltr' id='par_1_93' title="bbox 2262 3200 3820 3274">
     <span class='ocr_line' id='line_1_97' title="bbox 2262 3200 3820 3274; baseline 0.004 -22"><span class='ocrx_word' id='word_1_685' title='bbox 2262 3210 2500 3254; x_wconf 85' lang='lat' dir='ltr'><strong>tectorem</strong></span> <span class='ocrx_word' id='word_1_686' title='bbox 2525 3210 2572 3255; x_wconf 84' lang='lat' dir='ltr'><strong>et</strong></span> <span class='ocrx_word' id='word_1_687' title='bbox 2597 3202 2650 3255; x_wconf 89' lang='lat' dir='ltr'><strong>in</strong></span> <span class='ocrx_word' id='word_1_688' title='bbox 2678 3200 2847 3254; x_wconf 82' lang='lat' dir='ltr'><strong>locum</strong></span> <span class='ocrx_word' id='word_1_689' title='bbox 2873 3202 3156 3268; x_wconf 63' lang='lat' dir='ltr'><strong>munitum,</strong></span> <span class='ocrx_word' id='word_1_690' title='bbox 3200 3213 3254 3255; x_wconf 84' lang='lat' dir='ltr'><strong>ut</strong></span> <span class='ocrx_word' id='word_1_691' title='bbox 3294 3203 3491 3258; x_wconf 72' lang='lat' dir='ltr'><strong>saluum</strong></span> <span class='ocrx_word' id='word_1_692' title='bbox 3532 3223 3611 3259; x_wconf 82' lang='lat' dir='ltr'><strong>me</strong></span> <span class='ocrx_word' id='word_1_693' title='bbox 3657 3205 3820 3274; x_wconf 75' lang='lat' dir='ltr'><strong>facias</strong></span> 
     </span>
    </p>
   </div>
   <div class='ocr_carea' id='block_1_94' title="bbox 2263 3290 3819 3369">
    <p class='ocr_par' dir='ltr' id='par_1_94' title="bbox 2263 3290 3819 3369">
     <span class='ocr_line' id='line_1_98' title="bbox 2263 3290 3819 3369; baseline 0.004 -26"><span class='ocrx_word' id='word_1_694' title='bbox 2263 3291 2431 3363; x_wconf 82' lang='lat' dir='ltr'><strong>(Psal.</strong></span> <span class='ocrx_word' id='word_1_695' title='bbox 2471 3292 2598 3356; x_wconf 66' lang='lat' dir='ltr'><strong>in,</strong></span> <span class='ocrx_word' id='word_1_696' title='bbox 2624 3290 2699 3363; x_wconf 81' lang='lat'><strong>5).</strong></span> <span class='ocrx_word' id='word_1_697' title='bbox 2743 3292 2882 3369; x_wconf 82' lang='lat' dir='ltr'><strong>Deus</strong></span> <span class='ocrx_word' id='word_1_698' title='bbox 2910 3300 3014 3358; x_wconf 85' lang='lat' dir='ltr'><strong>est,</strong></span> <span class='ocrx_word' id='word_1_699' title='bbox 3055 3293 3108 3347; x_wconf 90' lang='lat' dir='ltr'><strong>in</strong></span> <span class='ocrx_word' id='word_1_700' title='bbox 3139 3292 3288 3361; x_wconf 87' lang='lat' dir='ltr'><strong>cujus</strong></span> <span class='ocrx_word' id='word_1_701' title='bbox 3323 3310 3482 3348; x_wconf 89' lang='lat' dir='ltr'><strong>manu</strong></span> <span class='ocrx_word' id='word_1_702' title='bbox 3520 3310 3612 3349; x_wconf 91' lang='lat' dir='ltr'><strong>cor</strong></span> <span class='ocrx_word' id='word_1_703' title='bbox 3649 3296 3819 3365; x_wconf 67' lang='lat' dir='ltr'><strong>regis,</strong></span> 
     </span>
    </p>
   </div>
   <div class='ocr_carea' id='block_1_95' title="bbox 2247 3378 3812 3455">
    <p class='ocr_par' dir='ltr' id='par_1_95' title="bbox 2247 3378 3812 3455">
     <span class='ocr_line' id='line_1_99' title="bbox 2247 3378 3812 3455; baseline 0.001 -19"><span class='ocrx_word' id='word_1_704' title='bbox 2247 3382 2315 3436; x_wconf 56' lang='lat' dir='ltr'><strong>‘et</strong></span> <span class='ocrx_word' id='word_1_705' title='bbox 2337 3397 2650 3452; x_wconf 89' lang='lat' dir='ltr'><strong>quocunque</strong></span> <span class='ocrx_word' id='word_1_706' title='bbox 2678 3378 2920 3447; x_wconf 65' lang='lat' dir='ltr'><strong>voluerit,</strong></span> <span class='ocrx_word' id='word_1_707' title='bbox 2950 3391 3118 3436; x_wconf 82' lang='lat' dir='ltr'><strong>vertet</strong></span> <span class='ocrx_word' id='word_1_708' title='bbox 3143 3384 3290 3438; x_wconf 90' lang='lat' dir='ltr'><strong>illud.</strong></span> <span class='ocrx_word' id='word_1_709' title='bbox 3319 3384 3418 3452; x_wconf 84' lang='lat' dir='ltr'><strong>Qui</strong></span> <span class='ocrx_word' id='word_1_710' title='bbox 3441 3401 3707 3455; x_wconf 89' lang='lat' dir='ltr'><strong>nunquam</strong></span> <span class='ocrx_word' id='word_1_711' title='bbox 3731 3386 3812 3439; x_wconf 90' lang='lat' dir='ltr'><strong>de-</strong></span> 
     </span>
    </p>
   </div>
   <div class='ocr_carea' id='block_1_96' title="bbox 2261 3469 3820 3545">
    <p class='ocr_par' dir='ltr' id='par_1_96' title="bbox 2261 3469 3820 3545">
     <span class='ocr_line' id='line_1_100' title="bbox 2261 3469 3820 3545; baseline 0.001 -19"><span class='ocrx_word' id='word_1_712' title='bbox 2261 3474 2391 3526; x_wconf 87' lang='lat' dir='ltr'><strong>serit</strong></span> <span class='ocrx_word' id='word_1_713' title='bbox 2416 3479 2691 3542; x_wconf 90' lang='lat' dir='ltr'><strong>sperantes</strong></span> <span class='ocrx_word' id='word_1_714' title='bbox 2714 3473 2766 3526; x_wconf 91' lang='lat' dir='ltr'><strong>in</strong></span> <span class='ocrx_word' id='word_1_715' title='bbox 2795 3489 2872 3536; x_wconf 79' lang='lat' dir='ltr'><strong>se,</strong></span> <span class='ocrx_word' id='word_1_716' title='bbox 2902 3475 2994 3542; x_wconf 91' lang='lat' dir='ltr'><strong>qui</strong></span> <span class='ocrx_word' id='word_1_717' title='bbox 3024 3469 3098 3527; x_wconf 88' lang='lat' dir='ltr'><strong>ait</strong></span> <span class='ocrx_word' id='word_1_718' title='bbox 3120 3490 3243 3528; x_wconf 90' lang='lat' dir='ltr'><strong>vera</strong></span> <span class='ocrx_word' id='word_1_719' title='bbox 3267 3476 3617 3545; x_wconf 88' lang='lat' dir='ltr'><strong>promissione</strong></span> <span class='ocrx_word' id='word_1_720' title='bbox 3637 3481 3692 3530; x_wconf 88' lang='lat' dir='ltr'><strong>et</strong></span> <span class='ocrx_word' id='word_1_721' title='bbox 3714 3473 3820 3528; x_wconf 89' lang='lat' dir='ltr'><strong>for-</strong></span> 
     </span>
    </p>
   </div>
   <div class='ocr_carea' id='block_1_97' title="bbox 2261 3564 3820 3638">
    <p class='ocr_par' dir='ltr' id='par_1_97' title="bbox 2261 3564 3820 3638">
     <span class='ocr_line' id='line_1_101' title="bbox 2261 3564 3820 3638; baseline 0.001 -20"><span class='ocrx_word' id='word_1_722' title='bbox 2261 3564 2468 3619; x_wconf 85' lang='lat' dir='ltr'><strong>tissimo</strong></span> <span class='ocrx_word' id='word_1_723' title='bbox 2495 3564 2685 3619; x_wconf 87' lang='lat' dir='ltr'><strong>solatio</strong></span> <span class='ocrx_word' id='word_1_724' title='bbox 2721 3583 2733 3618; x_wconf 89' lang='lat'><strong>:</strong></span> <span class='ocrx_word' id='word_1_725' title='bbox 2767 3564 2946 3620; x_wconf 84' lang='lat' dir='ltr'><strong>Omnis</strong></span> <span class='ocrx_word' id='word_1_726' title='bbox 2977 3568 3113 3620; x_wconf 85' lang='lat' dir='ltr'><strong>enim</strong></span> <span class='ocrx_word' id='word_1_727' title='bbox 3140 3569 3227 3636; x_wconf 82' lang='lat' dir='ltr'><strong>qui</strong></span> <span class='ocrx_word' id='word_1_728' title='bbox 3251 3570 3374 3636; x_wconf 83' lang='lat' dir='ltr'><strong>petit</strong></span> <span class='ocrx_word' id='word_1_729' title='bbox 3401 3569 3615 3638; x_wconf 84' lang='lat' dir='ltr'><strong>accipit,</strong></span> <span class='ocrx_word' id='word_1_730' title='bbox 3653 3578 3700 3622; x_wconf 83' lang='lat' dir='ltr'><strong>et</strong></span> <span class='ocrx_word' id='word_1_731' title='bbox 3729 3570 3820 3637; x_wconf 76' lang='lat' dir='ltr'><strong>qui</strong></span> 
     </span>
    </p>
   </div>
   <div class='ocr_carea' id='block_1_98' title="bbox 2260 3653 3816 3725">
    <p class='ocr_par' dir='ltr' id='par_1_98' title="bbox 2260 3653 3816 3725">
     <span class='ocr_line' id='line_1_102' title="bbox 2260 3653 3816 3725; baseline 0.005 -20"><span class='ocrx_word' id='word_1_732' title='bbox 2260 3654 2445 3722; x_wconf 73' lang='lat' dir='ltr'><strong>quten&#39;t</strong></span> <span class='ocrx_word' id='word_1_733' title='bbox 2481 3653 2670 3707; x_wconf 81' lang='lat' dir='ltr'><strong>invenit</strong></span> <span class='ocrx_word' id='word_1_734' title='bbox 2692 3695 2706 3716; x_wconf 94' lang='lat'><strong>,</strong></span> <span class='ocrx_word' id='word_1_735' title='bbox 2749 3663 2795 3708; x_wconf 87' lang='lat' dir='ltr'><strong>et</strong></span> <span class='ocrx_word' id='word_1_736' title='bbox 2820 3654 3049 3723; x_wconf 76' lang='lat' dir='ltr'><strong>pulsanti</strong></span> <span class='ocrx_word' id='word_1_737' title='bbox 3075 3656 3332 3724; x_wconf 80' lang='lat' dir='ltr'><strong>aperietur</strong></span> <span class='ocrx_word' id='word_1_738' title='bbox 3359 3654 3570 3725; x_wconf 65' lang='lat' dir='ltr'><strong>(Matth.</strong></span> <span class='ocrx_word' id='word_1_739' title='bbox 3600 3672 3672 3710; x_wconf 85' lang='lat' dir='ltr'><strong>vn</strong></span> <span class='ocrx_word' id='word_1_740' title='bbox 3690 3697 3704 3720; x_wconf 95' lang='lat'><strong>,</strong></span> <span class='ocrx_word' id='word_1_741' title='bbox 3738 3658 3816 3720; x_wconf 89' lang='lat'><strong>8),</strong></span> 
     </span>
    </p>
   </div>
   <div class='ocr_carea' id='block_1_99' title="bbox 2259 3742 3818 3815">
    <p class='ocr_par' dir='ltr' id='par_1_99' title="bbox 2259 3742 3818 3815">
     <span class='ocr_line' id='line_1_103' title="bbox 2259 3742 3818 3815; baseline 0.003 -19"><span class='ocrx_word' id='word_1_742' title='bbox 2259 3751 2315 3796; x_wconf 88' lang='lat' dir='ltr'><strong>et</strong></span> <span class='ocrx_word' id='word_1_743' title='bbox 2338 3751 2531 3798; x_wconf 68' lang='lat' dir='ltr'><strong>uetera</strong></span> <span class='ocrx_word' id='word_1_744' title='bbox 2558 3758 2678 3811; x_wconf 64' lang='lat' dir='ltr'><strong>quae</strong></span> <span class='ocrx_word' id='word_1_745' title='bbox 2723 3745 2775 3796; x_wconf 93' lang='lat' dir='ltr'><strong>in</strong></span> <span class='ocrx_word' id='word_1_746' title='bbox 2815 3743 3000 3797; x_wconf 90' lang='lat' dir='ltr'><strong>eodem</strong></span> <span class='ocrx_word' id='word_1_747' title='bbox 3030 3743 3146 3797; x_wconf 91' lang='lat' dir='ltr'><strong>loco</strong></span> <span class='ocrx_word' id='word_1_748' title='bbox 3174 3742 3435 3812; x_wconf 88' lang='lat' dir='ltr'><strong>profunde</strong></span> <span class='ocrx_word' id='word_1_749' title='bbox 3461 3746 3593 3800; x_wconf 82' lang='lat' dir='ltr'><strong>satis</strong></span> <span class='ocrx_word' id='word_1_750' title='bbox 3624 3742 3690 3800; x_wconf 90' lang='lat' dir='ltr'><strong>de</strong></span> <span class='ocrx_word' id='word_1_751' title='bbox 3724 3761 3818 3815; x_wconf 91' lang='lat' dir='ltr'><strong>spe</strong></span> 
     </span>
    </p>
   </div>
   <div class='ocr_carea' id='block_1_100' title="bbox 2242 3829 3816 3906">
    <p class='ocr_par' dir='ltr' id='par_1_100' title="bbox 2242 3829 3816 3906">
     <span class='ocr_line' id='line_1_104' title="bbox 2242 3829 3816 3906; baseline 0.003 -21"><span class='ocrx_word' id='word_1_752' title='bbox 2242 3831 2581 3901; x_wconf 71' lang='lat' dir='ltr'><strong>aenipienda:</strong></span> <span class='ocrx_word' id='word_1_753' title='bbox 2609 3829 3061 3904; x_wconf 80' lang='lat' dir='ltr'><strong>[F.,-at:cipiendi]</strong></span> <span class='ocrx_word' id='word_1_754' title='bbox 3088 3834 3360 3903; x_wconf 86' lang='lat' dir='ltr'><strong>petitionis</strong></span> <span class='ocrx_word' id='word_1_755' title='bbox 3386 3831 3607 3889; x_wconf 77' lang='lat' dir='ltr'><strong>eﬂ‘eetus</strong></span> <span class='ocrx_word' id='word_1_756' title='bbox 3637 3835 3816 3906; x_wconf 58' lang='lat' dir='ltr'><strong>dispu-</strong></span> 
     </span>
    </p>
   </div>
   <div class='ocr_carea' id='block_1_101' title="bbox 2261 3916 3814 3994">
    <p class='ocr_par' dir='ltr' id='par_1_101' title="bbox 2261 3916 3814 3994">
     <span class='ocr_line' id='line_1_105' title="bbox 2261 3916 3814 3994; baseline 0.001 -20"><span class='ocrx_word' id='word_1_757' title='bbox 2261 3916 2358 3984; x_wconf 81' lang='lat' dir='ltr'><strong>lat,</strong></span> <span class='ocrx_word' id='word_1_758' title='bbox 2388 3923 2440 3974; x_wconf 79' lang='lat' dir='ltr'><strong>et</strong></span> <span class='ocrx_word' id='word_1_759' title='bbox 2468 3919 2725 3994; x_wconf 75' lang='lat' dir='ltr'><strong>exemplis</strong></span> <span class='ocrx_word' id='word_1_760' title='bbox 2743 3919 3042 3974; x_wconf 79' lang='lat' dir='ltr'><strong>confirmat.</strong></span> <span class='ocrx_word' id='word_1_761' title='bbox 3059 3920 3140 3975; x_wconf 81' lang='lat' dir='ltr'><strong>Ab</strong></span> <span class='ocrx_word' id='word_1_762' title='bbox 3165 3922 3315 3976; x_wconf 91' lang='lat' dir='ltr'><strong>initio</strong></span> <span class='ocrx_word' id='word_1_763' title='bbox 3335 3923 3534 3987; x_wconf 91' lang='lat' dir='ltr'><strong>mundi,</strong></span> <span class='ocrx_word' id='word_1_764' title='bbox 3553 3922 3634 3979; x_wconf 89' lang='lat' dir='ltr'><strong>vel</strong></span> <span class='ocrx_word' id='word_1_765' title='bbox 3653 3924 3814 3977; x_wconf 86' lang='lat' dir='ltr'><strong>etiam</strong></span> 
     </span>
    </p>
   </div>
   <div class='ocr_carea' id='block_1_102' title="bbox 2260 4008 3815 4080">
    <p class='ocr_par' dir='ltr' id='par_1_102' title="bbox 2260 4008 3815 4080">
     <span class='ocr_line' id='line_1_106' title="bbox 2260 4008 3815 4080; baseline 0.001 -15"><span class='ocrx_word' id='word_1_766' title='bbox 2260 4008 2526 4066; x_wconf 80' lang='lat' dir='ltr'><strong>nascentis</strong></span> <span class='ocrx_word' id='word_1_767' title='bbox 2567 4009 2818 4066; x_wconf 72' lang='lat' dir='ltr'><strong>Ecclesia:</strong></span> <span class='ocrx_word' id='word_1_768' title='bbox 2862 4027 3073 4080; x_wconf 88' lang='lat' dir='ltr'><strong>semper</strong></span> <span class='ocrx_word' id='word_1_769' title='bbox 3117 4012 3225 4066; x_wconf 88' lang='lat' dir='ltr'><strong>Deo</strong></span> <span class='ocrx_word' id='word_1_770' title='bbox 3268 4013 3560 4067; x_wconf 88' lang='lat' dir='ltr'><strong>servientes</strong></span> <span class='ocrx_word' id='word_1_771' title='bbox 3595 4012 3815 4067; x_wconf 84' lang='lat' dir='ltr'><strong>tribula-</strong></span> 
     </span>
    </p>
   </div>
   <div class='ocr_carea' id='block_1_103' title="bbox 2261 4099 3796 4170">
    <p class='ocr_par' dir='ltr' id='par_1_103' title="bbox 2261 4099 3796 4170">
     <span class='ocr_line' id='line_1_107' title="bbox 2261 4099 3796 4170; baseline 0.002 -16"><span class='ocrx_word' id='word_1_772' title='bbox 2261 4102 2491 4154; x_wconf 89' lang='lat' dir='ltr'><strong>tionibus</strong></span> <span class='ocrx_word' id='word_1_773' title='bbox 2519 4100 2720 4170; x_wconf 77' lang='lat' dir='ltr'><strong>fatig&#39;ati</strong></span> <span class='ocrx_word' id='word_1_774' title='bbox 2749 4108 2890 4155; x_wconf 88' lang='lat' dir='ltr'><strong>sunt.</strong></span> <span class='ocrx_word' id='word_1_775' title='bbox 2918 4099 2973 4154; x_wconf 89' lang='lat' dir='ltr'><strong>Si</strong></span> <span class='ocrx_word' id='word_1_776' title='bbox 3001 4100 3190 4169; x_wconf 81' lang='lat' dir='ltr'><strong>legeris</strong></span> <span class='ocrx_word' id='word_1_777' title='bbox 3216 4101 3268 4153; x_wconf 92' lang='lat' dir='ltr'><strong>in</strong></span> <span class='ocrx_word' id='word_1_778' title='bbox 3299 4100 3492 4155; x_wconf 86' lang='lat' dir='ltr'><strong>divinis</strong></span> <span class='ocrx_word' id='word_1_779' title='bbox 3527 4099 3677 4156; x_wconf 89' lang='lat' dir='ltr'><strong>libris</strong></span> <span class='ocrx_word' id='word_1_780' title='bbox 3706 4116 3796 4157; x_wconf 65' lang='lat' dir='ltr'><strong>sm-</strong></span> 
     </span>
    </p>
   </div>
   <div class='ocr_carea' id='block_1_104' title="bbox 2259 4185 3806 4258">
    <p class='ocr_par' dir='ltr' id='par_1_104' title="bbox 2259 4185 3806 4258">
     <span class='ocr_line' id='line_1_108' title="bbox 2259 4185 3806 4258; baseline 0.001 -16"><span class='ocrx_word' id='word_1_781' title='bbox 2259 4188 2360 4242; x_wconf 90' lang='lat' dir='ltr'><strong>culi</strong></span> <span class='ocrx_word' id='word_1_782' title='bbox 2385 4185 2652 4251; x_wconf 79' lang='lat' dir='ltr'><strong>eventum,</strong></span> <span class='ocrx_word' id='word_1_783' title='bbox 2682 4188 2852 4242; x_wconf 83' lang='lat' dir='ltr'><strong>etiam</strong></span> <span class='ocrx_word' id='word_1_784' title='bbox 2865 4188 2967 4240; x_wconf 91' lang='lat' dir='ltr'><strong>hoc</strong></span> <span class='ocrx_word' id='word_1_785' title='bbox 2985 4187 3126 4254; x_wconf 86' lang='lat' dir='ltr'><strong>quod</strong></span> <span class='ocrx_word' id='word_1_786' title='bbox 3155 4187 3292 4251; x_wconf 89' lang='lat' dir='ltr'><strong>dico,</strong></span> <span class='ocrx_word' id='word_1_787' title='bbox 3321 4201 3505 4241; x_wconf 89' lang='lat' dir='ltr'><strong>verum</strong></span> <span class='ocrx_word' id='word_1_788' title='bbox 3526 4187 3806 4258; x_wconf 88' lang='lat' dir='ltr'><strong>probabis;</strong></span> 
     </span>
    </p>
   </div>
   <div class='ocr_carea' id='block_1_105' title="bbox 2257 4264 3808 4346">
    <p class='ocr_par' dir='ltr' id='par_1_105' title="bbox 2257 4264 3808 4346">
     <span class='ocr_line' id='line_1_109' title="bbox 2257 4264 3808 4346; baseline 0.001 -16"><span class='ocrx_word' id='word_1_789' title='bbox 2257 4277 2341 4332; x_wconf 66' lang='lat' dir='ltr'><strong>Vel</strong></span> <span class='ocrx_word' id='word_1_790' title='bbox 2351 4276 2589 4332; x_wconf 80' lang='lat' dir='ltr'><strong>exterius</strong></span> <span class='ocrx_word' id='word_1_791' title='bbox 2614 4274 2838 4330; x_wconf 82' lang='lat' dir='ltr'><strong>famulos</strong></span> <span class='ocrx_word' id='word_1_792' title='bbox 2852 4264 2945 4332; x_wconf 87' lang='lat' dir='ltr'><strong>Dei</strong></span> <span class='ocrx_word' id='word_1_793' title='bbox 2967 4285 3204 4346; x_wconf 89' lang='lat' dir='ltr'><strong>apertam</strong></span> <span class='ocrx_word' id='word_1_794' title='bbox 3226 4276 3333 4346; x_wconf 90' lang='lat' dir='ltr'><strong>pati</strong></span> <span class='ocrx_word' id='word_1_795' title='bbox 3355 4279 3776 4346; x_wconf 85' lang='lat' dir='ltr'><strong>persecutionem</strong></span> <span class='ocrx_word' id='word_1_796' title='bbox 3794 4319 3808 4344; x_wconf 87' lang='lat'><strong>,</strong></span> 
     </span>
    </p>
   </div>
   <div class='ocr_carea' id='block_1_106' title="bbox 2255 4363 3809 4435">
    <p class='ocr_par' dir='ltr' id='par_1_106' title="bbox 2255 4363 3809 4435">
     <span class='ocr_line' id='line_1_110' title="bbox 2255 4363 3809 4435; baseline 0.002 -15"><span class='ocrx_word' id='word_1_797' title='bbox 2255 4367 2339 4423; x_wconf 85' lang='lat' dir='ltr'><strong>vel</strong></span> <span class='ocrx_word' id='word_1_798' title='bbox 2374 4367 2596 4421; x_wconf 87' lang='lat' dir='ltr'><strong>interius</strong></span> <span class='ocrx_word' id='word_1_799' title='bbox 2637 4363 2689 4420; x_wconf 90' lang='lat' dir='ltr'><strong>in</strong></span> <span class='ocrx_word' id='word_1_800' title='bbox 2729 4363 2860 4435; x_wconf 88' lang='lat' dir='ltr'><strong>pace</strong></span> <span class='ocrx_word' id='word_1_801' title='bbox 2907 4366 3156 4428; x_wconf 67' lang='lat' dir='ltr'><strong>Ecclesia:</strong></span> <span class='ocrx_word' id='word_1_802' title='bbox 3189 4367 3532 4423; x_wconf 89' lang='lat' dir='ltr'><strong>clandestinis</strong></span> <span class='ocrx_word' id='word_1_803' title='bbox 3559 4367 3699 4423; x_wconf 77' lang='lat' dir='ltr'><strong>afﬁci</strong></span> <span class='ocrx_word' id='word_1_804' title='bbox 3725 4369 3809 4424; x_wconf 90' lang='lat' dir='ltr'><strong>in-</strong></span> 
     </span>
    </p>
   </div>
   <div class='ocr_carea' id='block_1_107' title="bbox 2257 4443 3808 4511">
    <p class='ocr_par' dir='ltr' id='par_1_107' title="bbox 2257 4443 3808 4511">
     <span class='ocr_line' id='line_1_111' title="bbox 2257 4443 3808 4511; baseline 0.002 -3"><span class='ocrx_word' id='word_1_805' title='bbox 2257 4453 2568 4509; x_wconf 90' lang='lat' dir='ltr'><strong>commodis.</strong></span> <span class='ocrx_word' id='word_1_806' title='bbox 2594 4451 2788 4508; x_wconf 82' lang='lat' dir='ltr'><strong>Contra</strong></span> <span class='ocrx_word' id='word_1_807' title='bbox 2818 4454 2932 4508; x_wconf 78' lang='lat' dir='ltr'><strong>hzec</strong></span> <span class='ocrx_word' id='word_1_808' title='bbox 2955 4443 3134 4508; x_wconf 77' lang='lat' dir='ltr'><strong>Omnia</strong></span> <span class='ocrx_word' id='word_1_809' title='bbox 3157 4454 3267 4507; x_wconf 86' lang='lat' dir='ltr'><strong>sola</strong></span> <span class='ocrx_word' id='word_1_810' title='bbox 3291 4453 3429 4507; x_wconf 88' lang='lat' dir='ltr'><strong>valet</strong></span> <span class='ocrx_word' id='word_1_811' title='bbox 3447 4454 3499 4508; x_wconf 90' lang='lat' dir='ltr'><strong>in</strong></span> <span class='ocrx_word' id='word_1_812' title='bbox 3521 4454 3615 4509; x_wconf 89' lang='lat' dir='ltr'><strong>Dei</strong></span> <span class='ocrx_word' id='word_1_813' title='bbox 3643 4457 3808 4511; x_wconf 91' lang='lat' dir='ltr'><strong>nomi-</strong></span> 
     </span>
    </p>
   </div>
   <div class='ocr_carea' id='block_1_108' title="bbox 2254 4542 3804 4615">
    <p class='ocr_par' dir='ltr' id='par_1_108' title="bbox 2254 4542 3804 4615">
     <span class='ocr_line' id='line_1_112' title="bbox 2254 4542 3804 4615; baseline 0.002 -17"><span class='ocrx_word' id='word_1_814' title='bbox 2254 4556 2320 4599; x_wconf 88' lang='lat' dir='ltr'><strong>ne</strong></span> <span class='ocrx_word' id='word_1_815' title='bbox 2345 4543 2630 4615; x_wconf 85' lang='lat' dir='ltr'><strong>patientia,</strong></span> <span class='ocrx_word' id='word_1_816' title='bbox 2672 4543 2787 4613; x_wconf 91' lang='lat' dir='ltr'><strong>ipso</strong></span> <span class='ocrx_word' id='word_1_817' title='bbox 2833 4542 3042 4598; x_wconf 80' lang='lat' dir='ltr'><strong>dicente</strong></span> <span class='ocrx_word' id='word_1_818' title='bbox 3087 4542 3340 4606; x_wconf 84' lang='lat' dir='ltr'><strong>Domino,</strong></span> <span class='ocrx_word' id='word_1_819' title='bbox 3385 4543 3588 4600; x_wconf 89' lang='lat' dir='ltr'><strong>victore</strong></span> <span class='ocrx_word' id='word_1_820' title='bbox 3625 4546 3804 4601; x_wconf 88' lang='lat' dir='ltr'><strong>mundi</strong></span> 
     </span>
    </p>
   </div>
   <div class='ocr_carea' id='block_1_109' title="bbox 2253 4695 3805 4757">
    <p class='ocr_par' dir='ltr' id='par_1_109' title="bbox 2253 4695 3805 4757">
     <span class='ocr_line' id='line_1_113' title="bbox 2253 4695 3805 4757; baseline 0.003 -5"><span class='ocrx_word' id='word_1_821' title='bbox 2253 4699 2478 4754; x_wconf 88' lang='lat' dir='ltr'><strong>testibus</strong></span> <span class='ocrx_word' id='word_1_822' title='bbox 2504 4698 2690 4752; x_wconf 89' lang='lat' dir='ltr'><strong>iisdem</strong></span> <span class='ocrx_word' id='word_1_823' title='bbox 2731 4697 3024 4752; x_wconf 81' lang='lat' dir='ltr'><strong>Annalibus</strong></span> <span class='ocrx_word' id='word_1_824' title='bbox 3072 4695 3275 4753; x_wconf 78' lang='lat' dir='ltr'><strong>Ratisb.</strong></span> <span class='ocrx_word' id='word_1_825' title='bbox 3307 4714 3427 4754; x_wconf 91' lang='lat' dir='ltr'><strong>cum</strong></span> <span class='ocrx_word' id='word_1_826' title='bbox 3465 4700 3647 4755; x_wconf 87' lang='lat' dir='ltr'><strong>multis</strong></span> <span class='ocrx_word' id='word_1_827' title='bbox 3683 4701 3805 4757; x_wconf 83' lang='lat' dir='ltr'><strong>aliis</strong></span> 
     </span>
    </p>
   </div>
   <div class='ocr_carea' id='block_1_110' title="bbox 2251 4766 3636 4887">
    <p class='ocr_par' dir='ltr' id='par_1_110' title="bbox 2251 4766 3636 4887">
     <span class='ocr_line' id='line_1_114' title="bbox 2251 4766 3636 4887; baseline 0.001 -67"><span class='ocrx_word' id='word_1_828' title='bbox 2251 4766 2388 4820; x_wconf 79' lang='lat' dir='ltr'><strong>anno</strong></span> <span class='ocrx_word' id='word_1_829' title='bbox 2415 4766 2518 4848; x_wconf 69' lang='lat'><strong>892</strong></span> <span class='ocrx_word' id='word_1_830' title='bbox 2536 4766 2788 4887; x_wconf 52' lang='lat' dir='ltr'><strong>interfecti</strong></span> <span class='ocrx_word' id='word_1_831' title='bbox 2815 4777 2930 4820; x_wconf 89' lang='lat' dir='ltr'><strong>sunt</strong></span> <span class='ocrx_word' id='word_1_832' title='bbox 2956 4767 3025 4848; x_wconf 63' lang='lat' dir='ltr'><strong>ad</strong></span> <span class='ocrx_word' id='word_1_833' title='bbox 3051 4767 3312 4822; x_wconf 77' lang='lat' dir='ltr'><strong>castellum</strong></span> <span class='ocrx_word' id='word_1_834' title='bbox 3343 4767 3636 4849; x_wconf 55' lang='lat' dir='ltr'><strong>cantionis.</strong></span> 
     </span>
     <span class='ocr_line' id='line_1_115' title="bbox 2323 4834 3636 4887; baseline 0 0"><span class='ocrx_word' id='word_1_835' title='bbox 2323 4846 2344 4874; x_wconf 74' lang='grc' dir='ltr'><strong>ο</strong></span> <span class='ocrx_word' id='word_1_836' title='bbox 2371 4835 2509 4887; x_wconf 77' lang='lat' dir='ltr'><strong>Edit.</strong></span> <span class='ocrx_word' id='word_1_837' title='bbox 2535 4834 2670 4887; x_wconf 79' lang='lat' dir='ltr'><strong>Mabt</strong></span> <span class='ocrx_word' id='word_1_838' title='bbox 2694 4834 2729 4887; x_wconf 88' lang='lat' dir='ltr'><strong>l.</strong></span> <span class='ocrx_word' id='word_1_839' title='bbox 2757 4835 2844 4887; x_wconf 73' lang='lat'><strong>25.</strong></span> <span class='ocrx_word' id='word_1_840' title='bbox 2872 4836 3092 4887; x_wconf 82' lang='lat' dir='ltr'><strong>Aucttor</strong></span> <span class='ocrx_word' id='word_1_841' title='bbox 3111 4852 3250 4887; x_wconf 88' lang='lat' dir='ltr'><strong>nunc</strong></span> <span class='ocrx_word' id='word_1_842' title='bbox 3277 4837 3451 4887; x_wconf 77' lang='lat' dir='ltr'><strong>prodit</strong></span> <span class='ocrx_word' id='word_1_843' title='bbox 3467 4853 3533 4887; x_wconf 76' lang='lat' dir='ltr'><strong>ex</strong></span> <span class='ocrx_word' id='word_1_844' title='bbox 3553 4853 3636 4887; x_wconf 79' lang='lat' dir='ltr'><strong>cur</strong></span> 
     </span>
    </p>
   </div>
   <div class='ocr_carea' id='block_1_111' title="bbox 2323 4834 3797 4907">
    <p class='ocr_par' dir='ltr' id='par_1_111' title="bbox 2323 4834 3797 4907">
     <span class='ocr_line' id='line_1_116' title="bbox 2323 4834 3797 4907; baseline 0.004 -18"><span class='ocrx_word' id='word_1_845' title='bbox 2323 4846 2344 4907; x_wconf 52' lang='grc' dir='ltr'>ξ</span> <span class='ocrx_word' id='word_1_846' title='bbox 2371 4835 2509 4907; x_wconf 58' lang='grc' dir='ltr'><strong>Εάὶιζ</strong></span> <span class='ocrx_word' id='word_1_847' title='bbox 2535 4834 2729 4907; x_wconf 72' lang='lat' dir='ltr'><strong>hiabill.</strong></span> <span class='ocrx_word' id='word_1_848' title='bbox 2757 4835 2844 4907; x_wconf 72' lang='lat'><strong>25.</strong></span> <span class='ocrx_word' id='word_1_849' title='bbox 2872 4836 3092 4904; x_wconf 83' lang='lat' dir='ltr'><strong>Auctior</strong></span> <span class='ocrx_word' id='word_1_850' title='bbox 3111 4852 3250 4907; x_wconf 80' lang='lat' dir='ltr'><strong>nunc</strong></span> <span class='ocrx_word' id='word_1_851' title='bbox 3276 4837 3533 4907; x_wconf 69' lang='lat' dir='ltr'><strong>prodite:</strong></span> <span class='ocrx_word' id='word_1_852' title='bbox 3553 4839 3670 4892; x_wconf 83' lang='lat' dir='ltr'><strong>cod.</strong></span> <span class='ocrx_word' id='word_1_853' title='bbox 3697 4855 3797 4895; x_wconf 88' lang='lat' dir='ltr'><strong>ms.</strong></span> 
     </span>
    </p>
   </div>
   <div class='ocr_carea' id='block_1_112' title="bbox 2252 4904 3800 4980">
    <p class='ocr_par' dir='ltr' id='par_1_112' title="bbox 2252 4904 3800 4980">
     <span class='ocr_line' id='line_1_117' title="bbox 2252 4904 3800 4980; baseline 0.003 -19"><span class='ocrx_word' id='word_1_854' title='bbox 2252 4904 2445 4980; x_wconf 81' lang='lat' dir='ltr'><strong>Salisb.</strong></span> <span class='ocrx_word' id='word_1_855' title='bbox 2478 4904 2690 4980; x_wconf 79' lang='lat' dir='ltr'><strong>scripta</strong></span> <span class='ocrx_word' id='word_1_856' title='bbox 2718 4906 2928 4980; x_wconf 77' lang='lat' dir='ltr'><strong>videtur</strong></span> <span class='ocrx_word' id='word_1_857' title='bbox 2965 4904 3263 4980; x_wconf 58' lang='lat' dir='ltr'><strong>postepist.</strong></span> <span class='ocrx_word' id='word_1_858' title='bbox 3297 4904 3396 4959; x_wconf 77' lang='grc'><strong>146</strong></span> <span class='ocrx_word' id='word_1_859' title='bbox 3414 4907 3690 4980; x_wconf 68' lang='lat' dir='ltr'><strong>etl48.1n</strong></span> <span class='ocrx_word' id='word_1_860' title='bbox 3718 4910 3800 4965; x_wconf 91' lang='lat' dir='ltr'><strong>his</strong></span> 
     </span>
    </p>
   </div>
   <div class='ocr_carea' id='block_1_113' title="bbox 2249 4973 3801 5044">
    <p class='ocr_par' dir='ltr' id='par_1_113' title="bbox 2249 4973 3801 5044">
     <span class='ocr_line' id='line_1_118' title="bbox 2249 4973 3801 5044; baseline 0.001 -12"><span class='ocrx_word' id='word_1_861' title='bbox 2249 4978 2390 5032; x_wconf 88' lang='lat' dir='ltr'><strong>enim</strong></span> <span class='ocrx_word' id='word_1_862' title='bbox 2410 4973 2772 5044; x_wconf 79' lang='lat' dir='ltr'><strong>conqueritur,</strong></span> <span class='ocrx_word' id='word_1_863' title='bbox 2798 4975 2928 5029; x_wconf 90' lang='lat' dir='ltr'><strong>nihil</strong></span> <span class='ocrx_word' id='word_1_864' title='bbox 2950 4973 3064 5044; x_wconf 77' lang='lat' dir='ltr'><strong>suis</strong></span> <span class='ocrx_word' id='word_1_865' title='bbox 3089 4973 3282 5029; x_wconf 90' lang='lat' dir='ltr'><strong>litteris</strong></span> <span class='ocrx_word' id='word_1_866' title='bbox 3300 4978 3649 5044; x_wconf 76' lang='lat' dir='ltr'><strong>anniversario</strong></span> <span class='ocrx_word' id='word_1_867' title='bbox 3676 4988 3801 5033; x_wconf 83' lang='lat' dir='ltr'><strong>tem-</strong></span> 
     </span>
    </p>
   </div>
   <div class='ocr_carea' id='block_1_114' title="bbox 2247 5043 3800 5118">
    <p class='ocr_par' dir='ltr' id='par_1_114' title="bbox 2247 5043 3800 5118">
     <span class='ocr_line' id='line_1_119' title="bbox 2247 5043 3800 5118; baseline 0.003 -18"><span class='ocrx_word' id='word_1_868' title='bbox 2247 5063 2371 5118; x_wconf 79' lang='lat' dir='ltr'><strong>pore</strong></span> <span class='ocrx_word' id='word_1_869' title='bbox 2393 5043 2596 5118; x_wconf 74' lang='lat' dir='ltr'><strong>scriptis</strong></span> <span class='ocrx_word' id='word_1_870' title='bbox 2618 5059 2929 5118; x_wconf 77' lang='lat' dir='ltr'><strong>responsum</strong></span> <span class='ocrx_word' id='word_1_871' title='bbox 2958 5043 3149 5109; x_wconf 90' lang='lat' dir='ltr'><strong>fuisse;</strong></span> <span class='ocrx_word' id='word_1_872' title='bbox 3189 5044 3282 5118; x_wconf 83' lang='lat' dir='ltr'><strong>hic</strong></span> <span class='ocrx_word' id='word_1_873' title='bbox 3321 5058 3448 5118; x_wconf 69' lang='lat' dir='ltr'><strong>vero</strong></span> <span class='ocrx_word' id='word_1_874' title='bbox 3485 5043 3702 5112; x_wconf 84' lang='lat' dir='ltr'><strong>fatetur,</strong></span> <span class='ocrx_word' id='word_1_875' title='bbox 3738 5064 3800 5104; x_wconf 79' lang='lat' dir='ltr'><strong>se</strong></span> 
     </span>
    </p>
   </div>
   <div class='ocr_carea' id='block_1_115' title="bbox 2249 5112 3795 5235">
    <p class='ocr_par' dir='ltr' id='par_1_115' title="bbox 2249 5112 3795 5235">
     <span class='ocr_line' id='line_1_120' title="bbox 2249 5112 3795 5235; baseline 0.004 -69"><span class='ocrx_word' id='word_1_876' title='bbox 2249 5112 2417 5183; x_wconf 70' lang='lat' dir='ltr'><strong>apices</strong></span> <span class='ocrx_word' id='word_1_877' title='bbox 2444 5112 2583 5167; x_wconf 79' lang='lat' dir='ltr'><strong>omni</strong></span> <span class='ocrx_word' id='word_1_878' title='bbox 2605 5112 2722 5180; x_wconf 77' lang='lat' dir='ltr'><strong>favo</strong></span> <span class='ocrx_word' id='word_1_879' title='bbox 2749 5112 3003 5170; x_wconf 74' lang='lat' dir='ltr'><strong>dulciora</strong></span> <span class='ocrx_word' id='word_1_880' title='bbox 3021 5114 3310 5235; x_wconf 71' lang='lat' dir='ltr'><strong>accepisse.</strong></span> <span class='ocrx_word' id='word_1_881' title='bbox 3335 5112 3445 5169; x_wconf 82' lang='lat' dir='ltr'><strong>Hoc</strong></span> <span class='ocrx_word' id='word_1_882' title='bbox 3458 5129 3583 5170; x_wconf 92' lang='lat' dir='ltr'><strong>vero</strong></span> <span class='ocrx_word' id='word_1_883' title='bbox 3597 5119 3795 5187; x_wconf 87' lang='lat' dir='ltr'><strong>posito,</strong></span> 
     </span>
     <span class='ocr_line' id='line_1_121' title="bbox 2249 5187 3794 5235; baseline 0 0"><span class='ocrx_word' id='word_1_884' title='bbox 2249 5196 2466 5235; x_wconf 88' lang='lat' dir='ltr'><strong>necesse</strong></span> <span class='ocrx_word' id='word_1_885' title='bbox 2510 5189 2593 5235; x_wconf 90' lang='lat' dir='ltr'><strong>est</strong></span> <span class='ocrx_word' id='word_1_886' title='bbox 2633 5190 2944 5235; x_wconf 70' lang='lat' dir='ltr'><strong>umentem</strong></span> <span class='ocrx_word' id='word_1_887' title='bbox 2988 5192 3158 5235; x_wconf 89' lang='lat' dir='ltr'><strong>emsto</strong></span> <span class='ocrx_word' id='word_1_888' title='bbox 3181 5198 3266 5235; x_wconf 90' lang='lat' dir='ltr'><strong>am</strong></span> <span class='ocrx_word' id='word_1_889' title='bbox 3300 5192 3419 5235; x_wconf 87' lang='lat' dir='ltr'><strong>nost</strong></span> <span class='ocrx_word' id='word_1_890' title='bbox 3447 5199 3642 5235; x_wconf 86' lang='lat' dir='ltr'><strong>annum</strong></span> <span class='ocrx_word' id='word_1_891' title='bbox 3671 5187 3794 5235; x_wconf 61' lang='lat'><strong>802.:</strong></span> 
     </span>
    </p>
   </div>
   <div class='ocr_carea' id='block_1_116' title="bbox 2249 5187 3794 5253">
    <p class='ocr_par' dir='ltr' id='par_1_116' title="bbox 2249 5187 3794 5253">
     <span class='ocr_line' id='line_1_122' title="bbox 2249 5187 3794 5253; baseline 0.004 -17"><span class='ocrx_word' id='word_1_892' title='bbox 2249 5196 2466 5253; x_wconf 80' lang='lat' dir='ltr'><strong>necesse</strong></span> <span class='ocrx_word' id='word_1_893' title='bbox 2510 5189 2944 5253; x_wconf 73' lang='lat' dir='ltr'><strong>es_t_pr:rseutem</strong></span> <span class='ocrx_word' id='word_1_894' title='bbox 2988 5187 3266 5253; x_wconf 89' lang='lat' dir='ltr'><strong>epistolam</strong></span> <span class='ocrx_word' id='word_1_895' title='bbox 3300 5192 3419 5250; x_wconf 89' lang='lat' dir='ltr'><strong>post</strong></span> <span class='ocrx_word' id='word_1_896' title='bbox 3447 5199 3642 5253; x_wconf 84' lang='lat' dir='ltr'><strong>annum</strong></span> <span class='ocrx_word' id='word_1_897' title='bbox 3671 5187 3794 5249; x_wconf 66' lang='lat'><strong>802;</strong></span> 
     </span>
    </p>
   </div>
   <div class='ocr_carea' id='block_1_117' title="bbox 2283 5338 3642 5386">
    <p class='ocr_par' dir='ltr' id='par_1_117' title="bbox 2283 5338 3642 5386">
     <span class='ocr_line' id='line_1_123' title="bbox 2283 5338 3642 5386; baseline 0.003 -12"><span class='ocrx_word' id='word_1_898' title='bbox 2283 5338 2388 5374; x_wconf 85' lang='lat' dir='ltr'><strong>uno</strong></span> <span class='ocrx_word' id='word_1_899' title='bbox 2410 5338 2524 5373; x_wconf 71' lang='grc' dir='ltr'><strong>Μιι.</strong></span> <span class='ocrx_word' id='word_1_900' title='bbox 2551 5338 2711 5386; x_wconf 73' lang='grc' dir='ltr'><strong>διιῐιιι,</strong></span> <span class='ocrx_word' id='word_1_901' title='bbox 2743 5338 2855 5378; x_wconf 72' lang='lat' dir='ltr'><strong>[nec</strong></span> <span class='ocrx_word' id='word_1_902' title='bbox 2879 5338 3007 5378; x_wconf 84' lang='lat' dir='ltr'><strong>vero</strong></span> <span class='ocrx_word' id='word_1_903' title='bbox 3031 5338 3082 5375; x_wconf 82' lang='lat' dir='ltr'><strong>In</strong></span> <span class='ocrx_word' id='word_1_904' title='bbox 3114 5338 3200 5376; x_wconf 83' lang='lat' dir='ltr'><strong>me</strong></span> <span class='ocrx_word' id='word_1_905' title='bbox 3218 5338 3394 5379; x_wconf 68' lang='grc' dir='ltr'><strong>ιιαειιω</strong></span> <span class='ocrx_word' id='word_1_906' title='bbox 3417 5338 3642 5378; x_wconf 83' lang='grc' dir='ltr'><strong>υοωιιιι.</strong></span> 
     </span>
    </p>
   </div>
   <div class='ocr_carea' id='block_1_118' title="bbox 2246 5389 3792 5467">
    <p class='ocr_par' dir='ltr' id='par_1_118' title="bbox 2246 5389 3792 5467">
     <span class='ocr_line' id='line_1_124' title="bbox 2246 5389 3792 5467; baseline 0.003 -24"><span class='ocrx_word' id='word_1_907' title='bbox 2246 5402 2408 5467; x_wconf 83' lang='lat' dir='ltr'><strong>causa</strong></span> <span class='ocrx_word' id='word_1_908' title='bbox 2427 5390 2668 5467; x_wconf 56' lang='lat' dir='ltr'><strong>estquod</strong></span> <span class='ocrx_word' id='word_1_909' title='bbox 2687 5391 2809 5446; x_wconf 89' lang='lat' dir='ltr'><strong>huic</strong></span> <span class='ocrx_word' id='word_1_910' title='bbox 2826 5404 3022 5446; x_wconf 88' lang='lat' dir='ltr'><strong>annum</strong></span> <span class='ocrx_word' id='word_1_911' title='bbox 3044 5389 3147 5446; x_wconf 78' lang='lat'><strong>803</strong></span> <span class='ocrx_word' id='word_1_912' title='bbox 3165 5392 3499 5464; x_wconf 83' lang='lat' dir='ltr'><strong>ascripserim</strong></span> <span class='ocrx_word' id='word_1_913' title='bbox 3519 5389 3792 5465; x_wconf 57' lang='lat' dir='ltr'><strong>(Froben,</strong></span> 
     </span>
    </p>
   </div>
   <div class='ocr_carea' id='block_1_119' title="bbox 2248 5459 3794 5610">
    <p class='ocr_par' dir='ltr' id='par_1_119' title="bbox 2248 5459 3794 5610">
     <span class='ocr_line' id='line_1_125' title="bbox 2248 5459 3794 5610; baseline 0.004 -29"><span class='ocrx_word' id='word_1_914' title='bbox 2248 5459 2710 5610; x_wconf 47' lang='grc' dir='ltr'><strong>ψὲδᾎέκὶξυεςῳ</strong></span> <span class='ocrx_word' id='word_1_915' title='bbox 3025 5529 3175 5610; x_wconf 62' lang='lat' dir='ltr'><strong>Quod</strong></span> <span class='ocrx_word' id='word_1_916' title='bbox 3190 5531 3448 5610; x_wconf 44' lang='lat' dir='ltr'><strong>nimicum</strong></span> <span class='ocrx_word' id='word_1_917' title='bbox 3469 5510 3670 5610; x_wconf 67' lang='lat' dir='ltr'><strong>Antoni</strong></span> <span class='ocrx_word' id='word_1_918' title='bbox 3695 5532 3794 5610; x_wconf 66' lang='lat' dir='ltr'><strong>uno</strong></span> 
     </span>
    </p>
   </div>
   <div class='ocr_carea' id='block_1_120' title="bbox 2246 5593 3792 5724">
    <p class='ocr_par' dir='ltr' id='par_1_120' title="bbox 2246 5593 3792 5724">
     <span class='ocr_line' id='line_1_126' title="bbox 2246 5593 3792 5724; baseline -0.002 -63"><span class='ocrx_word' id='word_1_919' title='bbox 2246 5593 2775 5724; x_wconf 40' lang='lat' dir='ltr'><strong>ggd&#39;lg&#39;llegilcwioes</strong></span> <span class='ocrx_word' id='word_1_920' title='bbox 2806 5593 3297 5669; x_wconf 46' lang='lat' dir='ltr'><strong>ptiblicos&#39;adlecto</strong></span> <span class='ocrx_word' id='word_1_921' title='bbox 3338 5600 3644 5669; x_wconf 73' lang='lat' dir='ltr'><strong>frequenter</strong></span> <span class='ocrx_word' id='word_1_922' title='bbox 3669 5603 3792 5658; x_wconf 65' lang='lat' dir='ltr'><strong>subi-</strong></span> 
     </span>
    </p>
   </div>
   <div class='ocr_carea' id='block_1_121' title="bbox 2244 5679 3336 5726">
    <p class='ocr_par' dir='ltr' id='par_1_121' title="bbox 2244 5679 3336 5726">
     <span class='ocr_line' id='line_1_127' title="bbox 2244 5679 3336 5726; baseline 0.001 -5"><span class='ocrx_word' id='word_1_923' title='bbox 2244 5679 2473 5722; x_wconf 77' lang='lat' dir='ltr'><strong>cundum</strong></span> <span class='ocrx_word' id='word_1_924' title='bbox 2497 5679 2612 5724; x_wconf 67' lang='lat' dir='ltr'><strong>fuit;</strong></span> <span class='ocrx_word' id='word_1_925' title='bbox 2689 5695 2697 5701; x_wconf 89' lang='grc'><strong>·</strong></span> <span class='ocrx_word' id='word_1_926' title='bbox 2774 5723 2779 5726; x_wconf 95' lang='lat'>_</span> <span class='ocrx_word' id='word_1_927' title='bbox 3331 5718 3336 5722; x_wconf 92' lang='lat'><strong>.</strong></span> 
     </span>
    </p>
   </div>
  </div>
