4272 6202
462 357 564 414 405

1857 347 2228 413 Ενιετοιῶς

3535 359 3635 412 406

462 472 634 540 hujus,
662 473 729 526 ad
746 471 1028 541 discipulos
1047 488 1187 533 suos,
1213 463 1294 528 vel
1318 474 1485 544 magis
1499 473 1564 526 ad
1583 486 1763 525 eorum
1790 484 1999 525 succes-
2024 486 2072 541 Α
2099 471 2391 525 dilectionis
2432 471 2673 525 deferens
2715 471 2976 540 syllabas,
3001 471 3086 526 cui
3120 466 3413 524 chartulam
3441 481 3634 526 nostra:

462 572 606 612 sares
631 576 643 610 :
673 556 738 610 In
761 559 949 612 mundo
980 575 1267 627 pressuram
1308 559 1585 620 habebitis;
1615 557 1704 611 sed
1739 557 1997 623 confidite,

460 662 548 716 ego
571 647 665 700 vici
689 649 932 700 mundum
961 648 1135 718 (Joan.
1164 664 1273 711 xvi,
1302 649 1410 719 55).
1451 648 1707 701 Memores
1746 661 1862 700 esse
1903 647 1996 699 de-

460 737 674 800 bemus,
722 738 847 805 quid
891 739 1002 806 ipsa
1030 739 1233 792 Veritas
1263 737 1610 790 tentatoribus
1644 737 1751 790 suis
1780 750 1995 804 respon-

458 825 532 880 dit
560 843 574 878 :
607 824 822 879 Reddite
850 827 1042 880 Caesari
1062 843 1174 896 qua:
1200 826 1419 880 Ctesaris
1462 829 1608 887 su'nt,
1649 835 1694 877 et
1739 824 1844 876 Deo
1884 840 1997 892 qua:

455 911 551 966 Dei
595 924 712 966 sunt
743 913 952 983 (Matth.
982 931 1123 978 χχιι,
1151 915 1261 982 21).
1317 913 1372 967 Si
1423 914 1708 983 apostolico
1755 911 1996 982 exemplo

455 999 711 1061 vivamus,
736 1010 788 1056 et
820 1014 1101 1070 pauperem
1138 1017 1354 1071 agamus
1378 1001 1537 1052 vitam
1566 1001 1618 1052 in
1642 999 1826 1060 terris,
1860 999 1994 1051 sicut

455 1086 527 1147 illi
555 1092 816 1155 fecerunt,
838 1094 1012 1148 smculi
1039 1094 1308 1147 servitium
1327 1091 1467 1157 juste
1490 1090 1828 1148 abdicamus:
1856 1101 1995 1141 nunc

447 1194 575 1235 vero
594 1182 768 1236 saeculi
793 1184 1052 1250 principes
1079 1183 1274 1235 habent
1293 1179 1510 1246 justam,
1537 1179 1840 1240 ut‘videtur,
1869 1193 1994 1231 cau-

447 1285 560 1323 sam
586 1271 873 1324 Ecclesiam
913 1270 1106 1325 Christi
1150 1271 1366 1324 servitio
1389 1284 1483 1322 suo
1512 1269 1826 1340 opprimere.
1858 1269 1990 1320 Dum

446 1358 631 1413 beatus
656 1358 848 1414 Paulus
869 1359 1132 1426 apostolus
1161 1357 1337 1410 Titum
1367 1357 1612 1409 dilectum
1645 1355 1807 1407 filium
1836 1369 1989 1406 suum

445 1449 511 1501 de
535 1447 757 1516 singulis
798 1446 1171 1501 ecclesiastica:
1208 1444 1480 1514 dignitatis
1511 1442 1703 1496 ofliciis
1742 1443 1987 1500 instruit.

444 1536 520 1589 ait
560 1536 700 1589 inter
723 1543 911 1589 caetera
940 1553 951 1586 :
979 1525 1208 1587 Admone
1236 1533 1352 1586 illos
1379 1533 1562 1603 (quos,
1593 1531 1693 1585 nisi
1735 1530 1989 1585 Christia-

444 1638 540 1678 nos
553 1625 597 1694 τ)
621 1624 935 1694 principibus
975 1633 1022 1676 et
1048 1624 1377 1692 potestatibus
1403 1621 1630 1674 subditos
1668 1637 1773 1672 esse
1794 1659 1808 1684 ,
1851 1620 1987 1672 dicto

337 1743 344 1750 -
441 1713 685 1766 obedire:
716 1711 784 1764 ad
806 1727 952 1764 omne
976 1728 1102 1779 opus
1127 1712 1311 1764 bonum
1352 1718 1559 1780 paratos
1588 1725 1696 1761 esse
1733 1707 1857 1777 (Tit.
1902 1720 1984 1771 ιιι,

2099 559 2452 628 responsionis
2469 560 2739 628 posuimus
2767 561 2818 614 in
2847 576 3022 614 manu.
3060 560 3207 627 Quod
3248 574 3332 614 me
3373 562 3635 615 tarditatis

2096 647 2177 701 vel
2205 647 2530 717 negligentiae
2564 648 2794 703 scribere
2817 647 2929 720 [F.,
2959 650 3010 704 in
3039 647 3337 721 scribendo]
3368 650 3516 704 vobis
3545 665 3629 705 ac-

2095 738 2338 801 cusastis,
2367 746 2423 791 ut
2449 737 2617 791 fateor
2637 736 2808 804 juste;
2834 747 2888 792 et
2908 740 3006 792 hoc
3032 747 3246 807 propter
3265 739 3492 808 inopiam
3518 754 3631 806 por—

2095 826 2340 890 titorum,
2395 826 2545 897 167
2588 827 2677 894 qui
2719 826 2805 879 vix
2851 824 3030 880 ﬁdeles
3078 826 3430 880 inveniuntur.
3471 825 3633 895 lgitur

2092 916 2443 984 longinquitas
2493 924 2752 968 terrarum
2795 915 3039 982 prohibet
3071 928 3136 968 ex
3168 916 3251 968 his
3289 913 3524 983 partibus
3566 909 3629 967 ad

2092 1019 2186 1058 vos
2230 1004 2547 1071 quemlibet,
2577 1004 2675 1057 nisi
2721 1018 2870 1067 ram,
2905 1002 3146 1056 transire.
3178 1002 3372 1055 Tamen
3398 1003 3530 1057 sciat
3558 1002 3634 1055 di-

2093 1097 2248 1150 lectio
2274 1105 2446 1149 vestra
2487 1096 2626 1163 quod
2654 1095 2848 1148 nemini
2869 1136 2882 1158 ,
2907 1103 3023 1162 post
3062 1095 3311 1148 domuum
3351 1088 3630 1162 imperato-

2091 1203 2224 1249 rem,
2253 1187 2446 1240 sudare
2472 1186 2588 1254 plus
2616 1201 2789 1238 meum
2837 1184 3152 1254 ingeniolum
3199 1192 3434 1252 optarem
3453 1223 3466 1246 ,
3509 1183 3628 1250 quia

2090 1276 2217 1329 nulli
2244 1276 2362 1343 plus
2390 1275 2596 1328 debitor
2617 1289 2731 1326 sum
2755 1282 2970 1342 propter
2995 1287 3201 1339 semper
3242 1282 3432 1326 vestra:
3466 1272 3632 1324 beati-

2091 1364 2285 1416 tudinis
2328 1362 2753 1430 probatissimam
2784 1361 2938 1415 tidem
2975 1369 3031 1414 et
3056 1360 3408 1415 dilectionem.
3459 1359 3627 1414 Unum

2089 1451 2336 1519 quiddam
2382 1451 2653 1520 legebatur
2682 1451 2733 1502 in
2767 1449 3015 1517 epistola,
3049 1465 3203 1518 quam
3241 1449 3396 1504 modo
3439 1449 3630 1503 direxit

2090 1539 2380 1592 reverentia
2410 1547 2612 1600 vestra;
2657 1537 2796 1605 quod
2839 1537 3153 1600 noluissem,
3192 1545 3252 1590 ut
3291 1537 3629 1600 scriberetur,

2086 1627 2168 1680 vel
2212 1642 2443 1696 unquam
2481 1625 2677 1680 factum
2705 1633 2845 1679 esset
2877 1644 2888 1677 :
2922 1625 2973 1679 id
3001 1634 3110 1688 est,
3136 1628 3276 1694 quod
3302 1625 3451 1681 vobis
3492 1625 3630 1679 ultra

2087 1730 2192 1770 non
2237 1724 2376 1770 esset
2417 1732 2537 1784 spes
2574 1715 2754 1769 videre
2793 1713 2983 1769 faciem
3025 1730 3216 1781 meam.
3250 1715 3364 1769 Hoc
3398 1715 3630 1786 graviter

442 1803 512 1874 1).
537 1802 599 1855 Ει
625 1803 812 1855 beatus
834 1800 1020 1856 Petrus
1043 1809 1418 1862 consentanea,
1440 1807 1499 1851 ut
1526 1807 1647 1867 pote
1674 1797 1857 1850 eodem
1880 1798 1986 1865 spi-
2017 1810 2057 1866 Β
2085 1807 2291 1859 animus
2319 1819 2466 1858 meus
2489 1804 2710 1868 ferebat,
2734 1805 2858 1872 quia
2882 1812 3195 1873 pmsentem
3228 1803 3428 1873 rogavi,
3456 1811 3515 1856 ul.
3543 1818 3628 1858 me

439 1890 562 1952 ritu,
590 1890 802 1958 scripsit
827 1889 1008 1943 dicens
1032 1905 1045 1940 :
1081 1887 1310 1940 Dominis
1328 1885 1505 1939 carnal
1528 1887 1619 1938 bus
1640 1886 1856 1948 obedite,
1884 1901 1986 1938 non

437 1988 636 2032 tantum
682 1978 826 2030 bouis
851 1987 896 2030 et
926 1978 1190 2038 modestis,
1217 1976 1304 2029 sed
1329 1977 1480 2028 etiam
1521 1973 1726 2026 discolis
1761 1973 1813 2042 (1
1842 1973 1979 2026 Petr.

438 2086 499 2135 υ,
530 2069 633 2140 18).
660 2069 716 2124 Si
743 2070 903 2123 etiam
927 2068 1158 2132 discolis,
1183 2073 1380 2135 quanto
1404 2064 1570 2131 magis
1596 2062 1985 2132 sapientissimo

433 2161 686 2230 principi,
735 2169 788 2214 et
831 2159 1082 2229 religione
1131 2166 1313 2211 sancta
1355 2155 1694 2210 devotissimo
1734 2153 1983 2207 debemus

435 2251 676 2318 prompta
707 2251 974 2302 voluntate
1001 2248 1230 2302 obedire.
1262 2245 1369 2299 Nec
1395 2245 1495 2298 hoc
1518 2245 1635 2296 dico
1653 2283 1665 2307 ,
1713 2243 1850 2310 quod
1879 2256 1982 2294 non

435 2339 603 2408 magis
650 2348 828 2408 Optem
856 2347 906 2393 te
937 2352 1058 2392 cum
1104 2338 1208 2391 tuis
1252 2336 1521 2404 tuscipulis
1571 2335 1678 2388 Deo
1717 2334 1879 2386 vitam
1929 2332 1982 2385 in

433 2433 615 2481 sancta
672 2425 923 2495 religione
981 2428 1214 2495 quietam
1270 2426 1462 2479 ducere
1514 2432 1671 2491 atque
1729 2421 1982 2490 optimam

429 2528 554 2568 cum
580 2513 884 2566 felicissima
913 2511 1126 2576 femina,
1164 2529 1281 2581 qua:
1307 2514 1496 2568 sedens
1525 2511 1588 2578 ad
1615 2508 1777 2579 pedes
1806 2506 1982 2560 Domi-

432 2604 487 2658 ni
513 2604 696 2658 audire
720 2604 879 2656 verba
908 2603 1160 2665 caelestia,
1190 2603 1422 2670 elegerat
1455 2610 1659 2670 partem
1695 2616 1813 2669 qua:
1844 2614 1980 2651 nun-

353 2707 359 2715 '
431 2709 589 2764 quam
618 2693 889 2748 auferetur
914 2693 1061 2765 (Luc.
1092 2710 1125 2746 ι
1143 2733 1156 2757 ,
1179 2693 1278 2757 59,
1306 2693 1414 2764 42).
1446 2692 1549 2746 Sed
1578 2706 1765 2744 vereor
1791 2690 1982 2744 fortas-

429 2785 526 2848 sis,
550 2785 594 2838 si
617 2795 889 2838 moveatur
921 2801 1099 2848 causa,
1128 2800 1226 2838 nec
1246 2792 1474 2838 vestram
1498 2781 1874 2836 beatitudinem
1912 2781 1979 2834 ad

429 2874 727 2938 desiderata
755 2875 1031 2942 pervenire
1052 2889 1226 2942 posse,
1242 2887 1337 2927 nec
1358 2873 1581 2942 gratiam
1604 2872 1801 2925 habere
1815 2869 1979 2938 impe~

431 2962 636 3016 rialem.
663 2960 805 3023 Ideo,
836 2961 970 3014 sicut
1008 2962 1248 3028 superius
1275 2962 1413 3026 disi,
1442 2960 1552 3014 sola
1597 2959 1804 3013 videtur
1840 2957 1980 3012 salu-

429 3051 542 3106 bris
563 3065 742 3113 causa,
768 3050 873 3103 Deo
899 3056 1066 3102 totum
1093 3049 1336 3118 precibus
1358 3050 1410 3101 in
1441 3058 1666 3118 angusto
1694 3050 1798 3103 situ
1820 3048 1969 3119 μη,

2084 1894 2182 1947 sub
2212 1908 2302 1961 spe
2334 1893 2630 1946 revertendi
2658 1893 2724 1946 ad
2751 1891 3294 1946 sanctum‘Martinum
3317 1892 3623 1946 dimisisses.

2082 1979 2201 2032 Fiat
2247 1979 2486 2033 voluntas
2515 1980 2740 2033 Domini.
2779 1979 2875 2034 Vel
2920 1981 2963 2033 si
3001 1980 3087 2035 hic
3129 1982 3179 2034 in
3209 1980 3308 2035 hac
3353 1981 3625 2050 temporali

2081 2067 2197 2123 luce
2240 2069 2353 2134 fieri
2383 2084 2484 2122 non
2513 2069 2714 2132 valeat,
2741 2069 2832 2122 fiat
2852 2108 2866 2131 ,
2896 2069 3005 2123 Deo
3037 2070 3341 2134 miserante,
3366 2071 3416 2124 in
3443 2085 3626 2139 perpe-

2082 2165 2187 2210 tua.
2217 2156 2426 2220 Casula,
2453 2172 2610 2225 quam
2639 2157 2826 2210 misisti
2849 2195 2863 2221 ,
2890 2158 2958 2211 ob
2984 2165 3174 2211 vestrae
3212 2159 3488 2211 charitatis
3514 2173 3623 2213 me-

2079 2248 2320 2309 mOriam,
2353 2255 2472 2300 utar
2502 2247 2556 2300 in
2593 2247 2868 2300 missarum
2904 2245 3213 2318 solemniis.]
3236 2245 3412 2301 Gloria
3434 2256 3486 2302 et
3511 2248 3623 2301 laus

2078 2336 2216 2390 Det)!
2262 2336 2399 2406 apud
2428 2347 2524 2410 nos
2549 2336 2725 2389 omnia
2753 2350 3002 2405 prospera
3047 2343 3198 2400 sunt,
3224 2343 3275 2390 et
3315 2335 3452 2406 apud
3485 2335 3621 2390 filios

2080 2433 2310 2487 nostros,
2339 2440 2472 2494 quos
2499 2424 2660 2488 nosti,
2688 2423 2777 2492 qui
2807 2439 2910 2476 una
2938 2431 3114 2477 mente
3139 2431 3367 2478 vestram
3396 2425 3623 2478 salutant

2079 2514 2474 2576 beatitudinem,
2508 2527 2730 2581 eamque
2756 2513 2922 2566 multo
2947 2513 3120 2567 valere
3167 2521 3401 2583 tempore
3442 2522 3624 2582 optant

2079 2604 2130 2656 in
2153 2603 2392 2657 Domino.
2425 2602 2569 2657 Scito
2592 2604 2883 2657 certissime
2911 2603 3052 2671 quod
3079 2603 3153 2656 tui
3182 2598 3408 2658 nominis
3430 2619 3620 2657 memo~

2078 2692 2211 2744 riam
2238 2691 2590 2745 dulcissimam
2619 2692 2871 2746 habemus
2897 2692 2950 2744 in
2977 2692 3302 2746 orationibus
3330 2692 3467 2761 apud
3496 2708 3621 2745 san-

2075 2786 2220 2834 ctum
2267 2779 2549 2833 Martinum
2580 2794 2594 2832 :
2625 2789 2678 2833 et
2722 2781 2766 2834 si
2810 2781 3019 2848 quando
3066 2779 3293 2848 Spiritus
3327 2781 3532 2835 Domini
3569 2782 3621 2834 in

2075 2869 2477 2936 compunctione
2504 2870 2685 2924 visitat
2710 2885 2821 2934 cor,
2850 2884 3059 2938 semper
3086 2885 3360 2925 recurrere
3393 2871 3446 2924 in
3474 2885 3636 2924 mene

2077 2968 2182 3014 tem
2230 2959 2357 3014 facit
2401 2961 2558 3014 vestri
2606 2961 2832 3015 nominis
2861 2961 3300 3015 recordationem.
3336 2961 3503 3024 Deus.
3530 2963 3618 3031 qui

2075 3051 2212 3105 dives
2250 3060 2322 3104 est
2371 3053 2426 3105 in
2465 3050 2818 3131 misericordia
2866 3050 3072 3121 (Ephes.
3115 3063 3174 3115 ll,
3205 3049 3277 3120 4),
3310 3051 3625 3105 misereatur-

429 3137 586 3208 situs]
608 3139 774 3192 nostri
794 3138 1042 3191 desiderii
1077 3136 1448 3191 commendare
1484 3145 1727 3189 eventum
1755 3176 1768 3199 ,
1797 3143 1854 3188 ut
1879 3152 1972 3190 sua
2001 3129 2046 3190 C
2075 3150 2328 3209 perpetua
2345 3129 2546 3210 pietate
2562 3140 2711 3194 vobis
2733 3140 2908 3204 Pater,
2928 3139 3113 3205 frater,
3140 3139 3212 3194 ﬁli
3233 3140 3539 3196 charissima
3562 3140 3625 3194 in.

428 3235 614 3279 sancta
651 3224 930 3279 clementia
959 3233 1014 3278 et
1048 3225 1245 3293 pietate
1266 3223 1538 3293 provideat
1559 3222 1726 3284 nobis,
1752 3237 1973 3290 quomo-

429 3315 498 3368 do
519 3311 739 3383 paciﬁca
760 3313 824 3367 ad
853 3322 1088 3366 nostram
1117 3314 1396 3381 pervenire
1425 3312 1695 3367 valeamus
1734 3313 1976 3366 voluntas

430 3413 557 3457 tem.
589 3401 644 3456 Si
676 3411 849 3455 tamen
875 3403 1028 3455 nobis
1050 3386 1231 3455 nostra
1262 3403 1542 3469 quaerenda
1588 3410 1670 3456 est
1713 3402 1970 3464 voluntas,

427 3507 492 3547 eo
519 3492 657 3562 quod
686 3492 794 3554 ille,
822 3490 874 3543 id
900 3499 981 3544 est
1005 3491 1258 3543 Dominus
1302 3490 1456 3544 Jesus
1495 3493 1558 3546 de
1606 3493 1777 3560 seipse
1805 3494 1935 3546 dixit
1959 3511 1972 3545 :

436 3579 553 3633 Non
570 3581 680 3633 veni
700 3579 867 3648 facere
892 3577 1199 3631 voluntatem
1222 3595 1407 3640 meam,
1431 3579 1518 3632 sed
1537 3579 1842 3632 voluntatem
1863 3582 1974 3648 ejus

429 3670 512 3736 qui
540 3685 619 3722 me
644 3670 780 3744 misit
806 3667 982 3738 (Joan.
1010 3682 1086 3731 Vl,
1115 3666 1223 3737 58).
1248 3666 1378 3720 Nam
1406 3667 1649 3720 voluntas
1694 3667 1780 3719 Dei
1819 3682 1974 3722 omne

432 3761 623 3814 bonum
650 3769 750 3823 est,
779 3776 895 3828 quae
919 3767 977 3813 ut
998 3775 1204 3830 semper
1229 3761 1280 3813 in
1307 3759 1457 3813 nobis
1485 3758 1593 3822 ﬁat,
1617 3761 1760 3812 omni
1784 3749 1972 3812 mentis

431 3850 715 3903 intentione
739 3858 794 3903 et
823 3850 965 3903 omni
986 3865 1203 3918 operum
1224 3851 1480 3904 bonorum
1498 3850 1834 3905 exsecmione
1853 3864 1974 3919 pos-

428 3939 700 3991 tulandum
727 3947 828 3990 est.

502 4024 627 4095 llaec
661 4026 873 4078 interim
899 4027 997 4080 sub
1037 4025 1370 4081 festinatione
1410 4037 1627 4095 propter
1669 4028 1971 4096 occupatio-

428 4129 550 4167 nem
579 4114 680 4168 diei
711 4112 832 4168 festi
862 4114 1191 4168 dictavimus.
1227 4115 1419 4183 Utique
1459 4115 1652 4169 missus
1690 4114 1972 4170 beatitudi-

425 4202 509 4256 nis
533 4211 726 4256 vestrze
755 4204 821 4257 ad
850 4218 950 4260 nos
989 4203 1074 4257 die
1118 4203 1448 4257 sanctissima
1478 4205 1762 4258 Dominum
1796 4204 1971 4259 Coena:

426 4296 663 4354 venerat,
694 4293 910 4362 exigens
938 4308 967 4344 a
998 4293 1149 4346 nobis
1176 4293 1402 4358 litteras,
1433 4309 1498 4347 ne
1522 4295 1703 4348 vacuis
1732 4301 1968 4347 reverte-

426 4387 573 4433 retur
601 4370 863 4458 manibus.
905 4380 1200 4435 Pleniorem
1220 4423 1234 4446 ,
1261 4382 1368 4436 Deo
1397 4384 1713 4446 miserante,
1758 4397 1970 4450 respou-

2075 3240 2348 3282 aeternum.
2644 3301 2646 3306 ι

2560 3331 2583 3357 ι
2624 3307 2946 3373 EPISTOLA
2982 3321 3130 3375 CLV.

2423 3425 2486 3461 AD
2534 3425 2774 3463 ABNONEM
2811 3426 3245 3466 ARCHIEPISCOPUI
3255 3454 3268 3470 .

2666 3500 2838 3570 (Anno
2885 3502 3030 3574 805.)

2074 3610 2417 3681 Commendat
2436 3628 2490 3663 se
2528 3623 2770 3680 tanquam
2809 3615 3069 3681 inﬁrmum
3099 3634 3267 3671 senem
3304 3635 3465 3674 sacra
3510 3641 3614 3677 me-

2141 3679 2335 3729 moriae.
2379 3677 2494 3750 _Duo
2523 3677 2750 3750 uascula
2797 3677 3045 3750 mensalia
3097 3687 3281 3750 mittit;
3322 3700 3367 3739 et
3406 3689 3615 3742 iteratos

2138 3761 2228 3812 pro
2259 3747 2436 3798 casula
2463 3747 2658 3802 missali
2686 3750 2878 3816 gratias
2913 3748 3036 3818 agit.

2142 3853 2487 3910 Dilectissimo
2514 3855 2622 3910 filio
2649 3847 2848 3925 Aquila:
2877 3859 3287 3916 archisacerdoti
3315 3863 3532 3919 Albinus
3563 3867 3614 3920 in

2070 3937 2292 4000 Domino
2319 3947 2562 4002 salutem.

2084 4107 2089 4112 ι
2140 4034 2284 4088 Solet
2305 4036 2541 4089 charitas
2559 4036 2682 4089 olim
2701 4040 3048 4107 germanitate
3070 4040 3208 4096 fideli
3230 4054 3500 4112 compacta
3523 4061 3617 4100 no-

2067 4125 2148 4177 vis
2172 4125 2365 4194 smpius
2388 4124 2576 4179 litteris
2604 4125 2903 4190 reformari,
2934 4137 2991 4181 ut
3027 4130 3176 4183 ﬁrma
3216 4143 3531 4201 agnoscatur
3563 4137 3613 4189 in

2068 4210 2188 4275 fide,
2210 4227 2326 4280 quae
2354 4219 2437 4265 est
2461 4212 2627 4265 dulcis
2648 4213 2698 4264 in
2727 4216 3122 4269 consuetudine.
3152 4217 3300 4273 Unde
3330 4235 3427 4289 ego
3463 4222 3616 4275 char-

2066 4299 2229 4354 tulam
2266 4299 2516 4354 chartula:
2543 4300 2822 4371 mnjungo,
2851 4311 2908 4356 ut
2942 4303 3146 4372 legatur
3171 4308 3223 4360 in
3253 4310 3462 4378 pagina,
3501 4327 3616 4380 qua:

2066 4398 2148 4442 est
2182 4390 2234 4442 in
2264 4390 2440 4442 cordis
2465 4389 2655 4444 tabulis
2673 4389 2920 4460 [Mabill.,
2949 4392 3146 4463 tabula]
3167 4398 3484 4465 conscripta,
3508 4414 3611 4452 non

424 4471 624 4525 sionem
651 4485 865 4539 sperare
892 4471 1132 4524 habetis:
1157 4473 1267 4525 sive
1288 4473 1352 4527 de
1379 4474 1737 4528 consolatione
1771 4473 1966 4526 laboris
1991 4460 2041 4518 Β
2067 4486 2362 4531 atramento
2388 4480 2643 4545 perituro,
2675 4480 2766 4531 sed
2811 4481 2997 4548 spiritu
3041 4460 3392 4549 sempiterno;
3409 4460 3496 4552 qui
3524 4501 3612 4555 ge-

423 4561 618 4624 vestri,
662 4569 753 4613 aut
799 4561 957 4614 etiam
990 4563 1228 4632 angustia
1264 4564 1477 4626 mentis,
1514 4579 1611 4617 nec
1648 4581 1750 4618 non
1797 4573 1852 4619 et
1901 4567 1966 4621 de

426 4648 866 4718 inquisitionibus,
895 4666 1027 4719 quas
1055 4663 1079 4690 ι
1109 4652 1220 4705 emb
1249 4653 1373 4706 olim
1415 4654 1597 4707 habuit
1630 4669 1695 4707 ex
1738 4670 1964 4724 persona

423 4738 856 4793 charissimorum
900 4740 1051 4795 nobis
1107 4749 1296 4795 vestra:
1357 4742 1635 4796 charitatis
1685 4742 1968 4812 discipulo-

425 4842 564 4881 rum.
1195 4879 1200 4900 ί

491 4914 731 4987 [Saluta,
776 4917 1024 4980 obsecro,
1054 4915 1147 4969 Dei
1184 4911 1432 4987 famulam
1473 4935 1708 4974 sororem
1735 4930 1964 4976 vestram

422 5010 542 5060 ‘meo
569 5006 741 5065 cilicio
764 5024 776 5060 :
808 5007 967 5061 suade
989 5007 1038 5059 ei
1058 5006 1190 5060 meis
1209 5006 1392 5062 ‘verbis
1410 5009 1709 5077 religiosam
1732 5011 1785 5063 in
1813 5013 1967 5065 terris

425 5094 618 5148 ducere
637 5096 799 5170 vitam
816 5136 830 5160 ,
857 5108 918 5149 ut
940 5095 1149 5149 beatam
1176 5095 1445 5163 possidere
1477 5097 1634 5164 digna
1671 5098 1967 5150 inveniatur

424 5183 476 5236 in
520 5182 687 5237 caelis.
720 5185 1045 5242 Venerabilis
1090 5185 1248 5239 Pater
1270 5184 1298 5224 δ
1325 5183 1651 5251 Adaluuinus
1693 5188 1966 5260 episcopus

421 5282 544 5325 mm
571 5285 763 5340 magno
781 5264 1137 5343 etmultiplici
1156 5274 1300 5327 venit
1325 5272 1392 5325 ad
1417 5287 1513 5327 nos
1534 5274 1754 5340 honore,
1776 5285 1964 5348 uestra:

489 5391 518 5419 ι
548 5373 808 5437 επιῡςἸῑι
843 5381 1034 5450 legitur
1062 5383 1115 5437 in
1151 5382 1304 5436 codd.
1349 5397 1475 5437 mss.
1505 5383 1712 5450 Latere
1740 5387 1835 5439 sub
1863 5388 1964 5441 hac

425 5462 564 5572 ἶνοῇ
579 5448 1061 5571 atblzorevlata'Emb.
1091 5465 1284 5505 nomen
1314 5448 1523 5518 aliquod
1548 5453 1821 5521 pr0prium
1851 5455 1964 5508 nul-

446 5535 478 5571 u
568 5534 598 5571 u
639 5534 654 5570 ι
715 5558 729 5571 .

495 5587 524 5625 δ
547 5584 890 5660 Λάριᾳεὶηιεε.
925 5586 1002 5660 De
1019 5601 1084 5642 eo
1109 5588 1229 5642 vide
1251 5589 1522 5660 epistolam
1553 5588 1779 5657 priorem
1799 5631 1812 5653 ,
1845 5607 1961 5660 qua:

429 5653 668 5710 fortassis
693 5655 775 5710 illa
799 5655 1037 5725 chartula
1073 5653 1425 5722 mponsionis
1449 5653 1570 5722 fuit,
1597 5673 1751 5726 quam
1781 5653 1961 5714 hic'ait

2066 4568 2224 4620 mitus
2267 4567 2464 4619 excitat
2505 4567 2884 4619 inenarrabiles
2923 4582 3020 4635 pro
3052 4572 3304 4638 sospitate
3338 4581 3514 4627 vestra
3557 4576 3609 4629 in

2066 4670 2184 4710 meo
2213 4656 2388 4708 corde.
2414 4655 2600 4708 Vestra
2634 4669 2762 4709 vero
2789 4655 3018 4720 dilectio,
3055 4666 3111 4711 ut
3146 4659 3438 4716 certissime
3467 4666 3607 4726 novi.

2066 4744 2230 4808 nostri
2257 4743 2484 4796 nominis
2504 4758 2607 4796 non
2638 4743 3004 4799 obliviscatur:
3029 4747 3152 4813 quia
3179 4748 3364 4803 crebra
3393 4751 3611 4806 inﬁrmi-

2066 4844 2147 4889 tas
2174 4836 2315 4905 cogit
2337 4850 2432 4890 nos
2460 4835 2659 4889 amicos
2685 4836 2970 4890 admonere
2997 4837 3062 4891 de
3090 4847 3388 4894 sanctarum
3417 4845 3612 4897 oratio-

2065 4928 2482 4998 numsuﬂ'ragio,
2505 4937 2564 4982 ut
2593 4929 2906 4996 propitiatur
2924 4931 3154 4998 peccatis
3177 4933 3307 4985 meis
3329 4933 3500 5000 pietas
3527 4933 3607 4986 di-

2063 5021 2205 5082 vina,
2235 5027 2288 5071 et
2324 5026 2604 5072 renovetur
2639 5017 2748 5070 vita
2787 5033 2904 5072 mea
2942 5019 2994 5072 in
3030 5019 3235 5082 melius,
3265 5021 3394 5074 sicut
3424 5020 3609 5089 aquilis

2056 5110 2297 5178 juventus
2327 5107 2494 5179 (Psal.
2543 5124 2645 5171 cu,
2681 5106 2735 5177 5)
2764 5121 2777 5159 :
2809 5108 2919 5162 Nec
2953 5123 3036 5162 me
3057 5107 3216 5174 judex
3247 5122 3396 5162 meus
3434 5117 3488 5164 et
3525 5118 3604 5165 te-

2062 5199 2159 5252 stis
2185 5213 2334 5252 meus
2352 5198 2552 5266 iudicet
2578 5197 2863 5250 secundum
2899 5199 3086 5251 merita
3122 5211 3259 5260 mea,
3294 5197 3387 5251 sed
3422 5213 3609 5254 secun-

2068 5286 2192 5339 dum
2220 5301 2368 5339 suam
2409 5296 2649 5354 magnam
2680 5285 3091 5338 misericordiam
3127 5293 3313 5353 parcat
3337 5285 3604 5344 conﬁtenti

2069 5397 2121 5448 in
2157 5395 2269 5463 ejus
2307 5408 2480 5463 manu,
2509 5379 2765 5462 posuisse.
2813 5396 2934 5448 Inde
2975 5410 3100 5449 vero
3147 5395 3421 5455 inferimus
3462 5400 3602 5456 illam

2067 5461 2570 5536 qtnoquegepistolam
2590 5465 2661 5536 ad
2692 5465 2832 5536 tumo
2863 5479 3058 5536 annum
3080 5464 3181 5520 803
3214 5469 3492 5536 pertinere.

2136 5543 2156 5567 ε
2191 5530 2346 5604 §d_it._
2367 5530 2668 5604 Mt}_bill._2§.
2701 5531 2997 5604 Cori-ectior
3025 5551 3163 5589 nunc
3196 5530 3368 5604 prodit
3391 5552 3452 5592 ex
3485 5541 3598 5594 cod.

2067 5613 2161 5655 ms.
2195 5598 2383 5654 Salisb.
2416 5598 2584 5670 (Apud
2616 5601 2835 5655 Froben.
2868 5603 3020 5671 epist.
3050 5604 3189 5673 “5.)
