4258 6190
494 367 583 422 109

1893 365 2259 422 ειηετοω.

3555 373 3657 430 ιιο

492 492 650 547 sancti
677 491 904 553 Martini,
955 489 1193 544 ﬁdelibus
1219 497 1408 542 vestrm
1456 486 1820 559 prosperitatis
1865 486 2028 539 inter—
2053 488 2100 544 Α
2128 493 2227 548 tes,
2243 484 2760 554 episcOpoveniente,
2776 487 3264 542 locumdefensandi
3285 498 3339 543 et
3360 490 3661 560 disputandi

490 582 801 645 resscribus,
845 580 911 634 de
944 580 1169 650 quodam
1214 594 1305 636 reo
1332 579 1549 648 fugitivo
1582 578 1745 656 habet
1764 577 2022 643 discepta-

488 674 699 726 tionem.
746 671 845 736 Qui
873 685 995 724 reus
1031 681 1078 734 ι,
1105 678 1222 739 post
1258 669 1482 737 plurima
1511 681 1782 735 poenarum
1810 680 2020 734 genera,

489 761 656 814 subito
697 759 764 813 de
791 759 1013 813 vinculis
1043 757 1250 826 elapsus
1296 757 1412 828 [per
1439 757 1806 826 negligentiam
1848 762 2026 808 custo-

489 846 652 919 dum],
703 847 768 900 ad
813 847 1086 902 ecclesiam
1136 845 1370 912 confugit
1413 844 1468 897 S.
1519 844 1728 897 Martini
1774 841 2024 912 prtecipui

488 938 800 992 confessoris
843 937 1062 1000 Christi,
1093 934 1347 989 confitens
1371 942 1583 1002 peccata
1624 949 1737 995 sua,
1786 930 2022 984 reconci-

487 1029 752 1082 liationem
790 1028 938 1098 [ϐοά.
977 1025 1114 1089 Sal.,
1150 1025 1379 1095 veniam]
1427 1025 1730 1092 deposcens,
1765 1022 2025 1076 Caesarem

489 1119 768 1188 appellans,
817 1118 954 1170 viam
998 1117 1063 1170 ad
1108 1115 1224 1182 ejus
1268 1114 1652 1169 sanctissimam
1693 1113 2024 1180 prmseutiam

482 1210 748 1278 flagitans,
775 1222 932 1275 quem
957 1207 1277 1259 reddidimus
1301 1204 1599 1276 [ministris]
1629 1203 1860 1270 ejusdem
1903 1217 2030 1271 prae-

486 1295 578 1352 fati
607 1298 876 1366 episcopi;
915 1306 1125 1365 propter
1154 1297 1369 1350 insidias
1391 1298 1418 1336 δ
1453 1295 1549 1350 sibi
1577 1305 1786 1364 paratas
1828 1297 1880 1348 in
1922 1295 2025 1358 via,

489 1399 547 1442 ut
572 1388 756 1450 fertur,
796 1388 1048 1440 abeuntes
1089 1401 1210 1440 eum
1254 1385 1563 1439 dimiserunt
1603 1393 1724 1436 ante
1766 1382 1904 1434 fores
1943 1397 2029 1435 ec—

487 1481 660 1533 clesiae
685 1486 929 1532 stantem.
949 1477 1063 1530 'Sed
1084 1476 1314 1545 ejusdem
1340 1475 1620 1529 venerandi
1655 1474 1906 1543 episcopi,
1949 1474 2030 1527 his

489 1570 772 1622 transactis
795 1609 809 1631 ,
841 1566 1100 1620 hostiliter
1127 1565 1274 1636 [Cod.
1306 1563 1442 1628 Sa!.,
1467 1563 1728 1632 pontificis
1753 1571 1871 1630 post
1899 1572 2030 1616 tem-

489 1674 586 1726 pus
609 1657 959 1727 bostiliter...]
985 1664 1241 1710 venerunt
1277 1656 1513 1709 homines
1555 1654 1944 1722 quamplurimi,
1973 1660 2032 1704 ut

489 1757 814 1818 compertum
840 1755 920 1800 est
945 1745 1174 1817 [Mabil.,
1201 1753 1259 1797 ut
1283 1744 1581 1806 coniectura
1609 1742 1729 1813 est].
1778 1741 1879 1795 Sed
1907 1748 2028 1794 octo

2122 587 2239 626 cum
2265 587 2364 626 eo:
2402 573 2447 627 si
2477 571 2676 639 justum
2705 575 2788 637 sit,
2840 584 2898 630 ut
2939 577 2991 630 vi
3033 585 3307 644 raperetur
3343 579 3408 632 de
3433 579 3659 634 ecclesia

2121 662 2188 714 ad
2226 661 2436 716 easdem
2488 678 2671 731 poenas
2719 677 2861 728 reus,
2901 664 2966 718 de
3002 666 3194 733 quibus
3228 666 3465 736 aufugit?
3500 677 3554 722 et
3593 685 3662 724 an

2121 764 2329 817 aequum
2354 753 2422 803 sit
2451 750 2471 789 ί
2491 790 2506 814 ,
2545 760 2603 803 ιιι
2623 753 2712 820 qui
2740 751 3000 808 Cmsarem
3030 754 3270 822 appellat,
3303 756 3367 808 ad
3394 756 3658 812 Caesarem

2122 852 2227 891 non
2261 838 2580 892 adducatur?
2604 847 2658 892 et
2676 849 2851 893 utrum
2877 839 2956 894 fas
2981 842 3071 904 sit,
3096 850 3156 896 ut
3177 843 3437 911 pcnnitens
3461 854 3514 898 et
3536 861 3664 899 con-

2123 923 2278 979 fitens
2303 927 2499 980 scelera
2521 943 2613 980 sua
2645 929 2899 996 spolietur
2924 931 3168 984 omnibus
3190 933 3340 986 bonis
3362 949 3523 1002 usque
3545 949 3663 988 cor-

2123 1016 2310 1083 rigiam
2356 1016 2735 1070 calceamenti?
2773 1019 2854 1072 vel
2907 1020 2951 1073 si
2999 1020 3130 1074 bene
3171 1023 3498 1076 custodiatur
3532 1023 3662 1078 illud

2121 1105 2450 1158 Dominicum
2475 1107 2712 1169 verbum,
2738 1123 2842 1175 quo
2861 1109 2969 1161 ait:
2999 1109 3354 1178 Superexaltat
3379 1114 3666 1167 misericor-

2124 1196 2483 1264 diajudicium
2519 1195 2653 1264 (Jac.
2686 1212 2758 1258 ιι,
2791 1198 2896 1267 13).
2936 1198 2991 1252 ln
3023 1199 3112 1251 tali
3149 1201 3406 1268 siquidem
3448 1200 3592 1256 facta
3627 1219 3658 1257 e

2125 1288 2390 1342 contrario
2429 1285 2785 1352 supercxaltat
2818 1284 3072 1354 judicium
3117 1289 3555 1345 misericordiam.
3598 1289 3667 1344 Et

2125 1375 2214 1427 ubi
2241 1383 2323 1428 est
2368 1374 2635 1428 multoties
2662 1373 2871 1427 laudata
2913 1375 3271 1431 misericordia
3310 1379 3376 1432 ab
3411 1379 3524 1447 ipso
3560 1377 3666 1431 Do-

2125 1463 2268 1515 mino
2290 1472 2470 1515 nostro
2498 1461 2620 1515 Jesu
2650 1463 2882 1526 Christo,
2921 1480 3037 1533 qua:
3063 1466 3199 1519 inter
3234 1468 3562 1536 evangelieas
3585 1466 3669 1521 le-

2125 1553 2267 1619 gitur
2293 1551 2644 1605 beatitudines
2672 1568 2683 1602 :
2717 1551 2864 1604 Beati
2897 1555 3270 1620 misericordes,
3301 1560 3544 1626 quoniam
3574 1560 3670 1630 ipsi

2126 1640 2524 1694 misericordiam
2557 1651 2925 1709 consequentur
2946 1640 3155 1711 (Matth.
3183 1660 3232 1706 v,
3263 1645 3346 1713 7);
3386 1647 3511 1700 item
3536 1662 3672 1714 pr.»-

2129 1738 2336 1797 ceptum
2366 1727 2731 1780 Dominicum:
2775 1727 2951 1782 Estote
3001 1730 3373 1795 misericordes,
3433 1733 3564 1785 sicut
3624 1742 3672 1785 et

489 1805 741 1904 ριιίηξειεε
779 1805 1019 1890 δοωίτξεε
1046 1831 1415 1906 [intraverunt]
1448 1844 1467 1870 c
1497 1847 1616 1885 cum
1664 1805 1908 1899 εῇῑεοορο
1933 1845 2028 1883 ηο-
2059 1805 2098 1860 Β
2130 1817 2286 1870 Pater
2309 1827 2468 1870 vester
2491 1818 2777 1870 misericors
2821 1828 2892 1869 est
2934 1817 3081 1887 (Luc.
3111 1834 3195 1881 v1,
3221 1818 3352 1887 36)?
3389 1820 3518 1873 ltem
3548 1835 3674 1874 cau-

491 1935 600 1980 stro
635 1926 719 1980 die
745 1924 1018 1979 Dominico
1047 1924 1099 1977 in
1133 1922 1428 1976 ecclesiam.
1452 1918 1565 1974 Non
1595 1920 1665 1972 illi
1689 1927 1830 1982 octo,
1860 1918 1947 1986 qui
1977 1919 2028 1968 in

490 2018 742 2086 propheta
781 2016 1024 2083 leguntur
1065 2015 1117 2066 in
1144 2013 1329 2082 gladiis
1356 2020 1409 2066 et
1438 2010 1632 2064 lanceis
1671 2022 1887 2082 pascere
1926 2015 2032 2059 ter-

491 2120 604 2159 ram
649 2103 900 2158 Nerurcth
940 2101 1122 2172 (Mich.
1166 2116 1219 2162 v,
1267 2099 1360 2168 6);
1402 2097 1492 2152 sed
1536 2110 1721 2165 rapere
1767 2109 1934 2157 reum,
1979 2102 2033 2146 et

493 2192 821 2248 sanctitatem
846 2189 874 2229 ἀ
902 2186 1089 2242 demus
1119 2187 1208 2240 Dei
1234 2184 1534 2254 profanare,
1559 2195 1613 2238 et
1636 2183 1801 2238 sancti
1829 2180 2034 2236 confes-

493 2285 629 2338 soris
648 2282 845 2341 Christi
873 2280 1082 2334 Martini
1116 2279 1426 2332 imminuere
1455 2275 1726 2329 honorem.
1766 2272 2034 2326 irruentes

493 2377 752 2445 siquidem
781 2379 918 2430 intra
955 2375 1216 2430 cancellos
1253 2373 1455 2438 altaris,
1493 2385 1626 2442 quos
1662 2368 1852 2442 [Mab.,
1883 2369 2031 2436 forte,

493 2461 725 2532 nostros]
769 2461 1080 2529 expulerunt
1122 2462 1313 2516 fratres
1359 2469 1480 2514 ante
1520 2456 1707 2513 faciem
1737 2456 1938 2511 altaris.
1976 2454 2034 2508 Si

493 2553 635 2605 aliud
681 2552 884 2615 dicunt,
928 2551 1144 2605 omnino
1191 2550 1376 2604 falsum
1422 2549 1617 2611 ferunt,
1666 2547 1786 2614 quia
1830 2545 2036 2599 illorum

494 2640 668 2698 nullus
690 2648 846 2708 caput
871 2647 996 2694 tunc
1039 2637 1289 2706 temporis
1329 2637 1599 2691 inclinavit
1623 2637 1688 2689 ad
1714 2636 1882 2688 altare
1919 2634 2033 2688 Dei.

498 2728 686 2782 Sonuit
709 2729 965 2796 siquidem
1002 2734 1124 2781 ante
1159 2724 1424 2780 civitatem
1464 2726 1671 2779 venisse
1700 2727 1903 2778 hostem
1930 2725 2038 2777 Au-

499 2819 843 2874 relianensem
873 2811 938 2872 ad
967 2817 1286 2887 profananda
1314 2816 1480 2870 sancti
1511 2815 1718 2869 Martini
1764 2812 2031 2882 suffragia,

496 2909 619 2976 quia
639 2908 876 2963 sciebant
894 2915 1284 2962 eommanentes
1305 2908 1355 2960 in
1383 2906 1572 2959 villulis
1591 2905 1830 2959 homines
1848 2904 2038 2957 exinde

497 2998 788 3052 venientes.
832 2994 1130 3049 Concursus
1159 2995 1256 3048 fuit
1281 2996 1335 3048 in
1372 2996 1584 3048 civitate
1623 2993 1796 3048 subito
1839 2992 2041 3047 mendi—

2129 1908 2283 1960 telam
2321 1907 2591 1975 providam
2620 1908 3032 1970 consideremus,
3063 1909 3150 1962 ubi
3180 1911 3292 1963 ait:
3342 1908 3513 1963 Nolite
3551 1927 3669 1964 con-

2127 1995 2387 2069 demnare,
2436 2004 2482 2047 et
2514 2011 2616 2047 non
2636 1996 3098 2049 condemnabimini
3122 1997 3282 2065 (Ibid.
3308 2014 3434 2050 vers.
3468 1998 3589 2066 37);
3621 2007 3678 2050 et

2127 2083 2228 2134 alia
2280 2082 2441 2135 multa
2470 2097 2588 2150 qua:
2613 2082 2662 2134 in
2685 2082 2950 2150 Evangelii
2979 2083 3224 2152 leguntur
3250 2085 3562 2138 auctoritate
3608 2085 3673 2137 de

2129 2171 2489 2226 misericordia
2536 2181 2588 2225 et
2627 2172 2794 2239 ipsius
2830 2173 3034 2225 Domini
3061 2175 3242 2237 verbo,
3265 2174 3354 2226 ubi
3393 2176 3468 2226 ait
3499 2188 3513 2226 :
3553 2173 3674 2226 Non

2129 2263 2239 2314 ueni
2272 2263 2296 2299 ⁸
2335 2277 2512 2342 vocare
2550 2261 2742 2330 justas,
2789 2261 2876 2313 sed
2913 2267 3196 2330 peccatores
3222 2261 3432 2332 (Matth.
3479 2262 3668 2332 ix,l3).

2130 2349 2459 2420 QuaprOpter
2489 2351 2831 2420 peccatricem
2859 2351 3148 2414 mulierem,
3174 2368 3291 2421 quas
3317 2359 3528 2406 sanctos
3555 2352 3675 2406 teti-

2130 2442 2206 2508 g't
2232 2441 2407 2506 pedes,
2436 2455 2540 2492 non
2569 2439 2861 2503 abhorruit,
2890 2437 3030 2510 [quae
3070 2438 3196 2510 non]
3226 2454 3295 2512 ex.
3326 2448 3464 2494 tactu
3487 2454 3677 2510 oppro-

2130 2528 2302 2581 brium
2347 2527 2570 2581 contulit
2613 2527 2845 2588 Christo,
2894 2529 2985 2582 sed
3038 2528 3263 2597 insignia
3309 2528 3519 2583 virtutis
3568 2527 3682 2595 ejus

2131 2605 2327 2671 elicuit.
2355 2615 2533 2685 Neque
2553 2616 2693 2670 enim
2722 2614 3048 2670 immunditia
3062 2615 3175 2684 ejus
3195 2616 3378 2686 polluit
3398 2616 3676 2678 mundum,

2131 2707 2225 2761 sed
2257 2707 2463 2776 paritas
2501 2706 2681 2760 mundi
2709 2705 3008 2776 purificavit
3039 2706 3380 2761 immundam.
3421 2705 3683 2761 Recorde-

2131 2820 2251 2858 mur
2274 2818 2369 2856 nos
2397 2803 2537 2856 illius
2578 2817 2696 2857 esse
2735 2816 2936 2865 servos,-
2981 2803 3070 2872 qul
3110 2803 3297 2857 ductus
3341 2804 3408 2857 ad
3444 2817 3676 2866 crucem,

2130 2915 2228 2971 pro
2257 2897 2687 2966 crucifigentibus
2710 2900 2882 2951 oravit
2911 2897 3058 2968 (Luc.
3092 2914 3224 2954 χχιιι
3247 2938 3262 2961 .
3303 2898 3414 2969 54).
3454 2897 3520 2953 Et
3550 2913 3682 2966 quo-

2134 2999 2289 3053 modo
2317 2993 2633 3050 venerabilis
2670 2994 2826 3048 Pater
2855 2992 3004 3056 dicit,
3035 3007 3182 3046 reum
3220 3000 3551 3060 peccatorem
3579 2990 3680 3064 [in]

429 3145 433 3148 ἑ
499 3098 680 3136 corum
704 3098 767 3135 ex
810 3081 954 3134 omni
990 3093 1159 3149 parte.
1194 3096 1345 3134 suum
1389 3081 1558 3148 pamli
1600 3080 1924 3134 defcnsorem
1951 3080 2030 3133 (1οσ
2068 3118 2110 3178 C
2138 3088 2359 3142 ecclesia
2394 3102 2501 3142 non
2525 3085 2716 3148 debere
2746 3083 2947 3152 recipi?
2993 3081 3050 3136 Si
3074 3083 3352 3136 ecclesiam
3376 3089 3682 3152 peccatores

495 3170 732 3227 tendere.
782 3171 963 3225 Timor
1005 3181 1059 3225 et
1108 3171 1361 3224 tumultus
1408 3169 1600 3237 ubique
1645 3168 1923 3229 increbuit,
1975 3168 2041 3220 de

501 3274 723 3328 quorum
763 3261 1004 3314 manibus
1047 3259 1238 3314 fratres
1281 3259 1450 3314 nostri
1491 3258 1794 3326 eripuerunt
1839 3255 2042 3326 praefati

501 3349 732 3418 episcopi
778 3349 1036 3413 homines,
1081 3365 1146 3403 ne
1189 3351 1314 3419 quid
1342 3349 1464 3403 mali
1510 3356 1832 3417 paterentur,
1881 3362 2044 3415 popu-

502 3439 716 3509 lumque
758 3437 898 3491 foras
931 3438 1205 3493 ecclesiam
1251 3439 1582 3507 expulerunt.
1630 3436 1733 3492 Sed
1770 3436 1879 3491 scio
1923 3445 2044 3489 ante

503 3529 829 3582 nominatum
859 3527 1159 3596 pontificem
1210 3527 1400 3580 multas
1435 3527 1684 3580 dicendas
1729 3541 1845 3579 esse
1890 3540 2040 3578 accu-

503 3617 734 3672 sationes
777 3625 959 3672 contra
1001 3615 1193 3669 fratres
1235 3625 1461 3678 nostros,
1500 3623 1554 3668 et
1579 3628 1694 3681 qua:
1736 3622 1881 3680 gesta
1923 3620 2044 3665 sunt

503 3702 842 3774 exaggerare,
877 3714 929 3758 et
960 3704 1182 3774 plurima
1216 3703 1406 3758 addere
1430 3719 1546 3771 qure
1567 3711 1712 3772 gesta
1739 3718 1842 3755 non
1869 3709 2040 3763 erant,

504 3796 641 3848 sicut
666 3795 717 3847 in
743 3794 857 3861 ejus
882 3792 1032 3865 [ϐοά.
1061 3791 1196 3855 Vat.,
1229 3793 1327 3863 eis]
1353 3794 1622 3862 legebatur
1647 3791 1838 3844 litteris
1859 3802 1900 3842 ε.

579 3885 725 3952 171
742 3883 1088 3952 Quapropter,
1110 3882 1198 3937 filii
1223 3884 1540 3946 charissimi,
1558 3881 1905 3951 praecipiendo
1919 3896 2046 3948 prae-

505 3970 644 4038 cipio
657 3969 823 4032 vobis,
839 3976 896 4020 ut
915 3971 1162 4038 prostrati
1179 3971 1399 4024 veniatis
1418 3981 1536 4024 ante
1555 3972 1919 4040 pedesdomiui
1941 3972 2042 4024 mei

505 4055 666 4111 David
683 4057 1015 4125 imperatoris
1039 4058 1326 4126 aequissimi
1341 4066 1394 4113 et
1416 4059 1754 4121 serenissimi,
1778 4059 2045 4127 postulan-

570 4251 751 4322 ﬂCod.
777 4250 902 4322 sal:
942 4269 973 4322 ι
997 4250 1364 4322 Thcodulphus
1401 4252 1823 4322 archiepiscopus
1851 4268 1914 4305 ex
1937 4251 2042 4304 fra-

503 4321 673 4389 tribus
721 4319 776 4372 S.
829 4320 1034 4389 Martini
1079 4322 1358 4388 quamdam
1411 4319 2043 4389 habet'diseeptalionem

503 4388 743 4457 fidelibus
769 4388 956 4440 vestris
992 4387 1057 4440 de
1094 4387 1316 4455 quodam
1360 4405 1447 4442 reo
1490 4391 1722 4457 fugitivo,
1756 4387 1956 4456 imagis,
1987 4397 2044 4441 ut

2139 3192 2242 3230 non
2282 3177 2505 3238 intrant,
2552 3171 2794 3234 fortassis
2819 3171 3066 3226 sacerdos
3105 3187 3208 3225 non
3254 3171 3550 3225 invenietur
3589 3170 3681 3240 qui

2138 3265 2329 3318 missas
2363 3272 2540 3318 cantet
2564 3265 2617 3316 in
2645 3247 2725 3327 ea,
2751 3278 2921 3331 neque
2956 3263 3045 3332 qui
3087 3263 3322 3317 cantanti
3352 3262 3684 3331 respondeat,

2139 3357 2241 3412 nisi
2277 3356 2524 3425 quislibet
2547 3368 2711 3423 nuper
2735 3355 3052 3422 baptizatus,
3094 3355 3303 3409 dicente
3336 3353 3536 3410 Joanne
3560 3370 3686 3423 apo-

2139 3446 2315 3499 stolo:
2364 3444 2423 3498 Si
2469 3444 2749 3497 dixerimus
2780 3441 2912 3512 quia
2957 3451 3220 3512 peccatum
3271 3458 3375 3496 non
3421 3443 3682 3505 habemus,

2140 3537 2470 3602 nosmetipsos
2518 3536 2828 3598 seducimus,
2871 3544 2916 3589 et
2961 3535 3146 3588 veritas
3194 3534 3250 3586 in
3291 3534 3436 3588 nobis
3481 3550 3583 3587 non
3609 3543 3684 3588 est

2140 3622 2192 3692 (I
2217 3623 2374 3676 Joan.
2403 3640 2438 3685 ι,
2477 3624 2552 3689 8).
2598 3622 2702 3674 Sed
2728 3622 2972 3676 eumdem
3019 3638 3166 3676 reum
3205 3623 3473 3676 diabolum
3515 3625 3686 3678 nomi-

2141 3715 2253 3767 nari
2300 3714 2350 3765 in
2379 3713 2695 3766 venerabilis
2720 3712 2949 3779 episcopi
2990 3712 3181 3766 litteris
3220 3713 3534 3776 invenimus,
3579 3730 3684 3770 non

2139 3802 2422 3856 hominem.
2474 3799 2586 3853 Non
2620 3801 2822 3869 cogitas
2869 3800 2996 3868 quid
3029 3797 3310 3869 Apostolus
3354 3800 3467 3853 ait:
3509 3800 3686 3856 Nolite

2132 3891 2372 3959 judicare
2406 3899 2522 3942 ante
2548 3899 2741 3958 tempus
2780 3888 2830 3958 (1
2870 3889 2990 3941 Cor.
3021 3904 3094 3952 rv,
3131 3888 3207 3956 5).
3261 3887 3504 3957 Nunquid
3551 3903 3686 3959 prm-

2142 3981 2419 4033 scribimus
2443 3979 2690 4046 potentiae
2716 3977 2866 4048 [Cod.
2903 3975 3018 4030 Vat.
3041 4017 3054 4042 ,
3090 3978 3464 4047 perscribimus
3495 3987 3683 4047 poten—

2141 4065 2235 4134 tia]
2263 4065 2377 4128 Dei,
2403 4075 2460 4118 ut
2503 4066 2816 4118 misereatur
2842 4067 2925 4119 cui
2957 4066 3082 4127 vult,
3109 4067 3196 4134 qui
3227 4067 3302 4120 ait
3328 4084 3340 4118 :
3374 4065 3544 4119 Erunt
3590 4084 3684 4121 ηο-

2139 4255 2287 4308 lium.
2313 4253 2424 4309 Hoc
2450 4254 2670 4323 populus
2695 4257 2884 4324 partim
2907 4257 3110 4319 videns,
3137 4257 3325 4325 partim
3350 4258 3568 4312 audiens
3591 4258 3687 4312 fuit

2142 4325 2317 4378 subito
2357 4325 2553 4378 clamor
2592 4324 2774 4394 ingens
2815 4336 2867 4379 et
2904 4324 3192 4380 concursus
3226 4327 3429 4394 populi,
3461 4328 3686 4379 maxime

2141 4409 2448 4473 pauperum,
2477 4408 2538 4473 es
2565 4395 2721 4473 omni
2752 4395 3177 4473 parte_civitatis.
3215 4394 3403 4473 Sotiuit
3426 4394 3684 4473 siquidem

502 4455 843 4525 arbitramur,
869 4468 932 4506 ex
963 4452 1474 4525 petitioneisuorum,
1497 4452 1653 4525 quam
1684 4452 1881 4510 sancta?
1901 4473 2041 4510 men-
2072 4452 2118 4510 D
2142 4452 2263 4515 ante
2302 4463 2354 4514 in
2399 4452 2612 4513 civitate
2658 4452 2864 4514 venisse
2908 4464 3110 4515 hostem
3150 4452 3575 4514 Aurelianean
3617 4463 3680 4512 ad

502 4524 571 4576 tis
591 4524 729 4575 illius
747 4524 1136 4590 perturbatione
1155 4524 1235 4575 Vel
1255 4524 1541 4577 iracundia.
1568 4525 1664 4590 Qui
1690 4541 1827 4587 reus,
1851 4545 1868 4576 ι
1888 4535 2037 4579 etc...

572 4592 600 4632 δ
620 4591 746 4662 Cod.
774 4590 887 4644 Sal:
915 4610 930 4640 ι
962 4592 1056 4657 Qui
1083 4593 1313 4646 redditus
1333 4593 1563 4660 ejusdem
1588 4594 1788 4660 praefati
1810 4595 2039 4662 episcopi

503 4660 698 4722 missis,
743 4671 801 4714 ut
826 4677 986 4714 sanus
1029 4663 1373 4716 deduceretur
1395 4664 1459 4714 ad
1492 4663 1821 4729 praesentiam
1860 4660 2036 4716 domui

503 4730 879 4800 archiepiscopi
924 4731 1019 4783 sub
1063 4731 1162 4784 fide
1189 4730 1395 4785 illorum
1431 4731 1496 4784 ad
1536 4734 1842 4784 canonicam
1874 4733 2041 4798 posui-

504 4799 740 4868 tentiam.
770 4799 884 4868 Quo
904 4809 1118 4865 accepto
1140 4815 1243 4852 non
1271 4801 1385 4854 ausi
1409 4810 1530 4853 sunt
1559 4813 1677 4852 eum
1705 4800 1897 4855 ducere
1920 4816 2041 4868 pro—

504 4873 621 4935 pter
644 4867 878 4925 insidias,
909 4883 928 4915 ι
958 4875 1058 4919 etc.
1242 4875 1250 4922 ’,
1581 4867 1598 4881 ⁸

573 4945 595 4974 ε
637 4935 764 4987 Cum
808 4936 1038 5001 episcopo
1081 4938 1269 4987 nostrai
1329 4937 1620 4991 Turonensi
1663 4937 1932 4998 videlicet.
1980 4948 2040 4990 ut

506 5003 668 5123 ﬂabat3
686 5002 1013 5057 Mabillonius
1037 5003 1127 5056 lib.
1155 5018 1295 5057 xxvii
1326 5003 1514 5056 Annal.
1547 5007 1738 5059 Bened.
1770 5021 1889 5074 pag.
1915 5006 2032 5068 561,

506 5085 558 5121 ιι.
602 5085 685 5122 ιιι.

571 5136 598 5176 ά
622 5137 750 5192 Cod.
780 5138 903 5194 Sal:
939 5159 957 5190 ι
989 5137 1308 5205 Principales
1336 5140 1576 5194 homines
1602 5141 1928 5194 intraverunt
1953 5157 2038 5197 ec-

507 5204 716 5262 clesiam
740 5208 824 5279 die
851 5208 1120 5264 Dominica
1147 5204 1265 5262 eum
1309 5209 1638 5279 sanctissimo
1681 5210 1922 5279 episcopo
1946 5219 2037 5265 no-

509 5279 634 5344 stro,
663 5281 723 5328 ut
755 5275 927 5344 vjsum
955 5284 1054 5339 est,
1099 5290 1282 5344 rapere
1321 5291 1465 5344 reum
1506 5275 1768 5344 jacenteiu
1810 5275 1932 5334 ante
1958 5297 2034 5333 sc—

509 5341 741 5412 pulcrtnn
766 5342 822 5397 8.
850 5341 1169 5399 confessoris
1188 5343 1404 5412 Christi,
1424 5352 1475 5398 et
1511 5341 1861 5412 sanctitatem,
1890 5370 1908 5400 ι
1934 5359 2032 5403 etc.

582 5421 603 5481 ε
629 5409 739 5481 Huc
761 5425 928 5481 usque
957 5412 1334 5481 Fragmentum
1359 5411 1660 5467 Mabillonii.

583 5477 602 5514 ¹
632 5477 760 5532 God.
794 5477 902 5533 Bal.
939 5477 1171 5534 Altaris:
1205 5500 1224 5530 ς
1267 5483 1508 5534 timentes
1533 5495 1598 5533 ne
1637 5482 1772 5536 inter
1795 5483 1960 5538 altare
1987 5495 2042 5539 et

512 5546 800 5623 sepulcrum
838 5548 1150 5623 sanctissimi
1193 5547 1508 5623 confessoris
1549 5547 1745 5623 Christi
1770 5555 2038 5623 sanguinis

512 5615 691 5688 effusio
715 5615 1092 5688 forct_._itapt_us
1133 5625 1212 5669 est
1237 5617 1446 5688 quidam
1477 5619 1632 5688 homo
1662 5617 1815 5688 illius
1840 5615 2036 5688 fiigitivi

516 5683 680 5736 medio
707 5685 899 5752 populi,
924 5694 978 5736 ut
1001 5683 1276 5737 duceretur
1304 5683 1460 5746 foras,
1496 5687 1581 5754 qui
1627 5687 1869 5739 clamavit
1896 5683 2036 5741 auxi-

2137 4529 2459 4597 profananda
2491 4529 2545 4581 S.
2578 4529 2788 4597 Martini
2823 4529 3092 4595 suffragia,
3133 4530 3254 4594 quia
3299 4528 3534 4597 sciebant
3573 4543 3683 4581 ma-

2138 4596 2262 4674 nere
2287 4596 2539 4674 plurimos
2566 4596 2629 4648 de
2667 4596 2894 4674 civitate
2918 4597 3166 4674 pnndicta
3206 4596 3445 4674 homines
3469 4609 3562 4662 per
3589 4597 3684 4650 vil-

2138 4665 2290 4717 lulas.
2311 4664 2492 4732 Timor
2510 4673 2562 4715 et
2579 4663 2831 4717 tumultus
2845 4663 3038 4731 ubique
3060 4665 3349 4726 increbuit;
3378 4665 3442 4716 dc
3460 4679 3682 4732 quorum

2138 4733 2379 4803 inanibus
2425 4730 2616 4787 fratres
2654 4734 2816 4786 nostri
2861 4730 3166 4800 eripuerunt
3206 4733 3409 4801 praefati
3453 4730 3681 4803 episcoiii

2137 4801 2395 4881 homines,
2426 4816 2492 4854 ne
2518 4804 2643 4881 quid
2666 4803 2786 4881 mali
2808 4810 3142 4881 paterentur.
3172 4803 3523 4881 popuEuquue
3541 4801 3682 4855 foras

2135 4869 2411 4939 ecclesiam
2445 4871 2774 4938 expulerunt.
2807 4869 2909 4930 Sed
2940 4872 3019 4925 sui
3064 4869 3287 4939 plurima
3319 4870 3521 4931 dicunt,
3563 4885 3680 4937 qua:

2137 4936 2210 4989 ibi
2234 4947 2379 5007 gesta
2401 4936 2712 5000 non—crant,
2740 4941 2977 5002 audacia,
2999 4936 3188 5006 etquae
3214 4947 3356 5007 gesta
3383 4944 3506 5007 sunt
3524 4936 3680 5007 exag-

2136 5002 2320 5088 gerare
2342 5008 2516 5088 verbis
2545 5007 2847 5088 superiluis.
2875 5008 3058 5088 vestra
3085 5002 3335 5088 sanctitas
3360 5002 3678 5088 consideret,

2135 5071 2396 5145 éjfjuﬁstum
2415 5077 2483 5128 sit
2506 5085 2563 5129 ut
2587 5071 2636 5129 vi
2664 5075 2896 5143 rapiatur
2913 5075 3162 5145 fugitivus
3181 5089 3300 5129 reus
3318 5073 3383 5125 ad
3401 5071 3676 5126 ecclesiam

2136 5142 2351 5212 Christi,
2380 5154 2434 5198 et
2457 5161 2523 5198 an
2544 5142 2750 5212 aequum
2778 5146 2867 5206 sit,
2897 5164 2916 5195 ι
2948 5142 3050 5199 etc.

2210 5214 2235 5252 ⁸
2270 5210 2398 5267 Cod.
2445 5212 2553 5267 Sal.
2580 5206 2644 5265 ε’·
2679 5210 3051 5267 Calceamenti.
3081 5210 3293 5264 Certum
3326 5215 3409 5261 est
3433 5206 3676 5261 eumdem

2138 5295 2286 5334 reum
2331 5282 2495 5334 multa
2543 5288 2875 5348 perpetrasse
2918 5287 3129 5348 peccata
3169 5285 3223 5330 et
3265 5276 3462 5348 scelera
3516 5275 3676 5348 impia

2138 5295 2286 5334 reum
2331 5295 2495 5334 multa
2543 5295 2875 5401 pgrpctrasse
2918 5295 3129 5348 peccata
3169 5295 3223 5330 et
3265 5295 3462 5331 scerera
3516 5295 3676 5345 impia

2137 5349 2320 5412 valde;
2355 5356 2545 5418 testes”
2614 5349 3067 5418 betgpresbytcros
3074 5346 3317 5418 viventes
3343 5345 3536 5418 adhuc,
3561 5344 3676 5411 qui-

2137 5418 2407 5491 bus_sua_m
2434 5416 2576 5491 dedit
3030 5414 3389 5491 Christianum
3410 5412 3474 5468 de
3494 5426 3675 5491 mou?

2139 5485 2299 5538 sterio
2343 5483 2398 5538 S.
2433 5483 2722 5547 Benedicti,
2773 5493 2829 5540 et
2870 5483 3210 5542 Adalbertum
3255 5483 3319 5536 de
3352 5483 3677 5547 monasterio

2140 5555 2196 5606 S.
2235 5551 2461 5622 Martini,
2503 5545 2784 5622 antequam
2818 5552 3317 5622 deprehenderetur,
3344 5549 3441 5622 vel
3450 5545 3675 5622 vinculis

2139 5621 2604 5706 «ionsltringer'etur,
2643 5617 2752 5706 ’νει
2796 5617 2977 5706 ρίιξίιὶςΔ
3011 5627 3362 5706 tor-queretur.
3409 5617 3545 5706 Quid
3593 5624 3676 5672 est

2139 5689 2276 5756 ιιεετιιι
2307 5688 2411 5754 ipse
2452 5688 2699 5742 Dcininus
2728 5687 2872 5741 Jesus
2911 5689 2977 5741 ait
3009 5702 3020 5737 :
3060 5687 3173 5739 .Von
3215 5689 3342 5752 t'cni,
3381 5707 3396 5737 ι
3428 5695 3530 5742 etc.
