4258 6196
614 353 708 405 ιιι

1463 351 1519 402 Il.
1558 349 1615 403 Ρ.
1658 348 1877 402 ALUlNI
1917 348 2045 402 εει·
2086 344 2357 401 Αιυυικι
2396 345 2668 401 ΟΡΕΠΕΜ
2712 346 2885 398 PARS
2920 347 2958 399 I.

3706 352 3809 407 di!

613 442 802 494 t'issimi
825 440 994 509 primi,
1026 451 1071 494 et
1089 424 1241 509 primi
1268 440 1523 492 norissimi
1548 438 1756 506 (Matth.
1786 454 1895 499 nx.
1921 437 2030 506 50).
2060 434 2162 489 Ctt-
2190 442 2233 497 Α
2264 441 2333 496 tu,
2365 434 2430 488 de
2468 430 2737 487 debilitate
2764 440 2817 484 et
2844 433 2987 486 omni
3022 447 3297 500 pinnarum
3343 448 3537 503 genere
3576 435 3682 490 sint
3726 452 3808 491 se-

606 542 696 594 jas
743 529 1013 597 sapientia:
1055 525 1543 597 interpretationem
1578 528 1629 581 in
1672 525 1807 581 Juda
1854 538 1909 581 et
1951 525 2167 580 latrone.

615 615 822 685 [SuppL
856 613 1155 686 habemus].
1196 613 1287 667 Ille
1316 615 1378 668 de
1404 613 1700 683 apostolatu
1728 614 1973 682 pependit
2000 615 2050 667 in
2084 612 2159 665 la-

611 718 769 771 qnco,
817 703 915 757 iste
956 704 1020 757 de
1061 717 1220 757 cruce
1281 704 1332 755 io
1386 704 1687 771 paradisum
1737 703 1955 756 intravit
2008 701 2155 771 (Luc.

614 808 772 854 χχιιι.
816 791 923 863 i5).
962 792 1077 846 Duo
1106 801 1248 855 sunt,
1289 793 1417 847 dicit
1441 794 1627 846 beatus
1658 792 1945 861 Gregorius
1967 790 2030 844 de
2059 792 2160 846 hac

610 882 795 937 eadem
844 882 1124 943 sententia,
1174 897 1289 949 quae
1337 881 1561 934 sollicite
1615 895 1839 948 pensare
1884 880 2154 941 debcmus,

611 988 728 1041 qua:
756 971 934 1025 enim?
962 971 1110 1025 Multi
1136 973 1319 1029 vocati.
1341 971 1430 1023 sed
1453 972 1603 1039 pauci
1626 971 1771 1025 electi
1800 980 1917 1024 sunt
1943 970 2154 1038 (Matth.

609 1076 789 1121 xxvii,
820 1059 895 1129 5).
934 1058 1169 1113 Primum
1210 1054 1310 1121 est,
1358 1068 1416 1113 ut
1458 1061 1521 1113 de
1570 1075 1628 1114 se
1674 1061 1896 1129 quisque
1940 1060 2157 1115 minime

609 1160 928 1219 prmsumat,
980 1150 1104 1219 quia
1167 1150 1266 1203 etsi
1305 1148 1417 1216 iam
1470 1150 1536 1203 ad
1589 1149 1743 1203 fidem
1792 1160 2009 1204 v0catus
2054 1160 2154 1213 es',

607 1250 785 1295 utrum
835 1243 1048 1310 perenni
1096 1257 1257 1310 regno
1286 1242 1473 1309 dignus
1499 1241 1587 1304 sit,
1628 1241 1816 1295 nescit.
1856 1239 2153 1295 Secundum

604 1344 751 1394 vero,
780 1342 837 1385 ut
869 1333 1228 1400 unusquisque
1270 1330 1585 1399 proximum.
1628 1345 1784 1399 quem
1820 1328 2046 1384 fortasse
2074 1331 2175 1400 ia-~

603 1437 724 1477 cere
752 1422 802 1476 in
842 1422 984 1475 vitiis
1007 1421 1281 1489 conspicit,
1316 1420 1594 1489 desperare
1638 1434 1740 1473 non
1784 1420 1994 1483 audeat,
2032 1422 2154 1489 quia

601 1513 793 1568 divina:
839 1511 1213 1567 misericordia:
1260 1496 1471 1566 divitias
1515 1512 1741 1581 ignorat.
1787 1511 2037 1579 Nunquid
2060 1512 2153 1565 ali-

602 1602 720 1671 quis
739 1610 984 1671 peccator
1007 1586 1131 1655 talis
1160 1610 1260 1657 est.
1286 1602 1374 1669 qui
1416 1600 1613 1655 Christi
1641 1602 1897 1671 sanguine
1936 1586 2151 1672 purgari

600 1696 705 1746 non
731 1690 925 1760 possit;
950 1699 1003 1745 et
1041 1697 1146 1744 tam
1177 1688 1368 1765 [Edit.,
1394 1688 1575 1761 quam]
1601 1689 1860 1759 profunda
1890 1690 2150 1750 scelerum

2259 522 2393 576 curi.
2431 542 2447 573 ι
2475 520 2553 576 0!
2602 520 3004 575 Aurelianensis
3032 518 3272 589 pontifex
3327 530 3513 575 contra
3561 520 3806 579 Aurelia-

2258 627 2473 666 ncnscm
2502 613 2759 683 synodum
2804 612 2979 669 facere
3008 612 3184 677 audet,
3233 613 3285 667 in
3316 628 3419 683 qua
3466 613 3681 670 fuerunt
3705 618 3811 688 epi-

2258 702 2422 771 scopi,
2451 710 2511 756 ut
2537 700 2748 773 legitur,
2771 704 3098 773 septuaginta
3127 704 3248 758 duo.
3277 703 3357 758 An
3393 719 3602 775 mquum
3626 716 3681 761 et
3707 708 3807 762 ho-

2257 801 2463 847 nestum
2508 794 2673 849 videri
2715 796 2907 863 poterit
2954 794 3190 864 ejusdem
3226 794 3459 849 civitatis
3504 795 3805 864 pontificem

2256 896 2365 935 suae
2402 882 2629 950 propria:
2657 882 2888 936 civitatis
2919 883 3290 937 auctoritatem
3317 872 3648 953 infringere?
3673 882 3805 939 Item

2256 971 2455 1039 synodo
2489 970 2853 1025 Anrelianensi
2880 969 2997 1040 (tv),
3024 954 3138 1040 cap.
3170 970 3233 1024 2|
3268 990 3281 1021 :
3314 990 3333 1021 ι
3380 970 3437 1025 Si
3478 972 3600 1040 quis
3623 986 3807 1028 neces-

2254 1060 2427 1114 sitatis
2465 1061 2770 1129 compulsus
2816 1061 2880 1113 ad
2930 1060 3166 1115 ecclesite
3211 1058 3359 1131 septa
3396 1056 3711 1130 confugerit,
3752 1071 3807 1118 et

2255 1150 2527 1203 sacerdote
2554 1165 2644 1203 seu
2682 1150 2963 1219 prccposito
2988 1149 3225 1204 ecclesia:
3261 1153 3618 1219 praetermisso
3644 1158 3805 1224 atque

2254 1247 2573 1309 contempto,
2623 1254 2745 1293 cum
2782 1240 3005 1308 quisque
3040 1240 3106 1294 de
3134 1239 3270 1295 locis
3310 1242 3480 1296 sacris
3502 1242 3583 1296 vel
3633 1242 3805 1308 atriis,

2253 1343 2344 1383 seu
2375 1330 2425 1383 vi
2450 1344 2541 1384 seu
2592 1331 2712 1385 dolo
2752 1332 3083 1473 absj'tl-abere,
3126 1340 3216 1386 aut
3250 1322 3536 1387 sollicitare
3581 1332 3808 1391 fortasse

2253 1421 2667 1473 nrzesumnserit.
2690 1428 2747 1473 ut
2772 1420 2843 1473 ini
2905 1420 3017 1473 icus
3038 1420 3277 1473 ecclesia!
3303 1421 3370 1473 ab
3397 1422 3513 1473 eius
3536 1421 3808 1473 liminibus

2251 1421 2667 1488 praesumpserit,
2690 1428 2747 1473 ut
2772 1420 3017 1475 inimicus
3038 1420 3277 1476 ecclesia»
3303 1421 3370 1475 ab
3397 1422 3513 1491 ejus
3536 1421 3808 1480 liminibus

2251 1517 2513 1572 arceatur,
2556 1524 2833 1579 quousque
2851 1508 3002 1577 juxta
3035 1508 3299 1579 pontificis
3325 1509 3695 1565 discretionem
3730 1512 3809 1566 di-

2251 1606 2351 1670 gna
2390 1608 2486 1670 per
2514 1601 2765 1656 indictam
2796 1601 3161 1670 paenitentiam
3188 1600 3487 1659 emendatio
3515 1601 3808 1673 subsequa-

2250 1699 2367 1756 tur;
2408 1707 2473 1746 eo
2502 1701 2698 1755 tamen,
2728 1694 2819 1763 qui
2860 1708 2889 1746 a
2926 1708 2985 1747 se
3018 1702 3200 1762 raptus
3240 1700 3339 1756 est,
3375 1692 3523 1762 prius
3566 1694 3806 1750 ecclesiae

600 1781 847 1850 voragine
868 1780 1159 1844 demersus,
1188 1789 1246 1833 ut
1273 1781 1631 1834 misericordia
1656 1779 1849 1833 Christi
1888 1768 2011 1853 euni
2037 1795 2146 1859 me-
2177 1771 2219 1832 B
2248 1779 2559 1835 restituatur
2601 1780 2802 1854 [Forte,
2827 1781 3117 1855 restituto].
3159 1804 3177 1835 ι
3217 1782 3347 1838 Item
3392 1792 3608 1838 sanctus
3635 1783 3806 1840 Silve-

544 1914 549 1923 .
602 1869 714 1924 deri
745 1884 848 1923 non
875 1869 1079 1937 possit?
1103 1867 1237 1934 Quid
1260 1868 1403 1921 aliud
1436 1869 1510 1921 ait
1534 1869 1624 1936 qui
1665 1868 1765 1922 hoc
1790 1868 1936 1927 dicit.
1966 1868 2066 1923 nisi
2092 1878 2152 1923 ut

597 1955 840 2015 Christus
872 1957 1069 2014 frustra
1114 1968 1356 2014 mortuus
1392 1960 1497 2014 sit?
1524 1944 1739 2013 Frustra
1776 1963 1973 2014 autem
2004 1976 2147 2016 mor-

597 2058 720 2113 tuus
762 2062 863 2120 est,
904 2054 949 2108 si
996 2052 1202 2121 aliquos
1227 2064 1330 2103 non
1357 2057 1526 2118 potest
1553 2048 1839 2112 vivilicare,
1872 2050 1960 2118 qui
1999 2050 2151 2106 nobis

596 2145 805 2201 veniam
848 2141 1083 2213 quotidie
1127 2140 1305 2194 donat.
1352 2137 1599 2207 Nunquid
1636 2137 1825 2209 [Edit.,
1857 2137 2147 2210 nunquam]

592 2232 793 2302 iustum
820 2240 901 2287 cst
926 2247 1043 2286 eam
1091 2230 1207 2285 aliis
1236 2229 1519 2297 denegare,
1566 2243 1725 2297 quam
1756 2228 1909 2281 nobis
1955 2216 2150 2281 sedulis

591 2335 837 2396 optamus
865 2324 1002 2377 votis
1027 2320 1175 2376 dari?
1200 2321 1280 2375 Ad
1315 2320 1593 2375 ecclesiam
1624 2317 1979 2385 confugimus,
2009 2327 2067 2369 ut
2096 2316 2148 2370 in

590 2424 653 2470 ea
682 2414 1031 2469 exaudiautur
1057 2424 1242 2478 preces
1266 2418 1481 2469 nostrae.
1512 2418 1564 2462 et
1605 2407 1830 2462 aliorum
1872 2420 2058 2475 preces
2093 2407 2148 2460 in

590 2520 654 2559 ca
682 2502 931 2559 exaudire
954 2498 1328 2569 dedignemur?
1355 2498 1517 2552 Nobis
1560 2513 1654 2566 per
1690 2505 1994 2552 sanctorum
2032 2510 2152 2565 pre-

592 2609 682 2649 eos
712 2592 764 2647 in
793 2591 1013 2646 ecclesia
1041 2596 1257 2658 peccata
1302 2587 1495 2642 dimitti
1521 2586 1854 2650 cnnlidimus,
1886 2595 1939 2639 et
1983 2576 2149 2640 confl-

592 2679 719 2737 tznti
755 2689 971 2750 peccata
1006 2679 1137 2733 duro
1160 2676 1319 2731 corde
1350 2678 1401 2730 in
1428 2677 1612 2730 eadem
1645 2676 1867 2745 ligamus
1885 2674 2148 2729 ecclesia?

590 2770 660 2823 At
710 2767 991 2837 Apostolus
1042 2765 1313 2835 prascipit,
1364 2765 1728 2832 delinquentes
1772 2763 2041 2831 corripere
2092 2763 2147 2815 in

588 2860 773 2929 'spin’tu
815 2858 1223 2912 mansuetudinis
1250 2855 1391 2927 (Cal.
1431 2873 1507 2917 vt,
1547 2855 1618 2925 I).
1653 2856 1717 2909 Et
1759 2855 2029 2925 apostolus
2058 2852 2147 2908 Ja-

590 2948 798 3002 cohns:
860 2945 918 3000 Si
970 2945 1131 2998 zelum
1171 2960 1408 2997 amarum
1448 2944 1665 3007 habetis,
1712 2953 1757 2996 et
1803 2944 2145 2997 contentiones

592 3036 711 3089 sunt
732 3035 786 3087 in
807 3033 1045 3087 cordibus
1069 3032 1266 3095 castris,
1308 3031 1460 3084 nolite
1482 3030 1697 3100 gloriari
1735 3029 1871 3099 (Jac.
1896 3046 1953 3084 ιιι
1975 3070 1988 3091 ,
2033 3028 2141 3098 14).

2247 1876 2361 1924 ster
2392 1869 2446 1923 in
2477 1869 2631 1927 titulo
2658 1870 2720 1925 ει
2754 1869 2933 1941 (Cone.
2981 1871 3157 1926 Aurel.
3202 1872 3254 1941 v)
3298 1890 3312 1926 :
3347 1891 3365 1923 ι
3401 1872 3477 1927 De
3521 1874 3689 1928 servis
3714 1876 3804 1945 qui

2246 1973 2343 2028 pro
2367 1960 2604 2028 qualibet
2626 1960 2778 2029 culpa
2805 1960 2871 2014 ad
2910 1960 3152 2015 ecclesia
3185 1967 3334 2028 septa
3372 1958 3727 2031 confugerint;
3750 1962 3804 2018 ld

2247 2048 2528 2103 statuimus
2554 2049 2961 2113 observandum,
2985 2050 3123 2104 sicut
3140 2050 3192 2103 in
3212 2050 3445 2119 antiquis
3464 2043 3800 2124 constitutio-

2247 2138 2403 2194 nibus
2428 2146 2639 2193 tenetur
2665 2140 2938 2209 scriptum.
2985 2138 3089 2194 Pro
3125 2154 3374 2197 concessa
3404 2139 3579 2210 culpa,
3609 2135 3746 2198 datis
3772 2152 3803 2197 a

2247 2228 2460 2283 domino
2484 2230 2854 2292 sacramentis,
2893 2229 3133 2298 quisquis
3167 2222 3253 2283 ille
3280 2228 3462 2293 fuerit,
3501 2230 3805 2300 egrediatur

2246 2314 2311 2368 de
2352 2315 2503 2370 venia
2547 2316 2656 2385 iam
2688 2331 2925 2371 securus.
2968 2316 3251 2371 Enimvero
3276 2319 3321 2372 si
3362 2319 3640 2375 immemor
3678 2308 3800 2377 fidei
3835 2344 3839 2349 ’

2246 2401 2488 2456 dominus
2525 2404 2915 2458 transcendisse
2948 2402 3277 2460 convincitur
3316 2408 3456 2477 quod
3477 2406 3700 2475 iuravit,
3738 2418 3799 2463 ut

2246 2486 2291 2539 is
2336 2488 2425 2555 qui
2480 2490 2687 2543 veniam
2746 2500 3040 2560 acceperat,
3097 2490 3370 2561 probatur,
3434 2496 3801 2554 tantummodo

2246 2572 2399 2645 [ϐοά.
2440 2572 2576 2639 Sal.,
2615 2574 2977 2652 postmodum]
3002 2596 3099 2649 pro
3142 2596 3203 2636 ea
3244 2580 3395 2654 culpa
3434 2586 3799 2659 qualecunque

2244 2664 2499 2732 supplicio
2531 2666 2822 2732 cruciatur,
2857 2668 3099 2724 dominus
3137 2670 3225 2726 ille
3258 2673 3347 2741 qui
3390 2673 3669 2728 immemor
3700 2674 3796 2729 fuit

2244 2752 2379 2806 data:
2415 2754 2557 2818 fidei,
2593 2756 2661 2808 sit
2689 2756 2755 2811 ab
2781 2759 3015 2812 omnium
3042 2762 3413 2816 communione
3436 2776 3744 2832 suspensus.
3772 2784 3791 2815 ι

2242 2843 2373 2896 Item
2410 2846 2643 2914 synodus
2668 2846 2984 2917 Agathcnsis
3029 2848 3211 2918 (Contr.
3255 2850 3433 2905 Aurel;
3466 2868 3521 2917 ι,
3553 2868 3669 2924 cap.
3703 2855 3794 2924 I):

2244 2928 2289 3000 [ε
2327 2931 2530 2986 Placuit
2580 2942 2639 2987 ut
2678 2935 2955 2992 homicidae
2988 2953 3018 2992 a
3046 2936 3248 2993 foribus
3272 2939 3509 2995 ecclesia:
3542 2958 3646 2997 non
3688 2945 3795 2998 cito

2241 3019 2526 3087 pellantur,
2555 3022 2699 3078 etab
2736 3026 2881 3080 omni
2919 3042 3111 3096 genere
3150 3045 3425 3099 poenarum
3467 3032 3573 3086 sint
3603 3033 3790 3099 liberi;

588 3134 643 3179 et
670 3133 881 3187 czctera,
923 3139 1040 3193 qua:
1064 3124 1128 3177 ad
1157 3095 1499 3191 sequentibus
1535 3120 1650 3192 [F.,
1695 3095 1751 3173 in
1778 3095 2138 3189 sequentibus]
2167 3095 2212 3155 (ἶ
2245 3111 2316 3164 ita
2348 3121 2545 3177 tamen,
2575 3123 2634 3168 ut
2661 3116 2739 3169 eis
2787 3095 2978 3185 quibus
3023 3119 3100 3174 rei
3148 3095 3292 3185 sunt,
3341 3121 3669 3177 satisfaciant
3695 3095 3791 3197 ’s];

589 3211 815 3267 terribili
860 3227 1082 3265 censura
1124 3211 1370 3279 leguntur
1404 3210 1467 3263 de
1496 3209 1581 3263 his
1619 3209 1709 3277 qui
1743 3208 1912 3263 zelum
1945 3209 2142 3263 habent

590 3315 849 3354 amarum.
890 3299 1043 3354 Zelus
1066 3299 1324 3367 siquidem
1359 3286 1511 3367 172
1539 3298 1706 3351 bonus
1740 3296 1928 3368 [Edtt.,
1969 3298 2140 3351 zelum

588 3376 809 3460 bonum]
831 3398 931 3451 est,
965 3390 1007 3443 si
1048 3389 1237 3459 spiritu
1275 3388 1693 3443 mansuetudinis
1722 3388 2010 3455 mitigetur.
2037 3387 2140 3443 Cu-

589 3480 813 3533 randum
840 3487 924 3533 est
956 3486 1016 3532 ut
1053 3486 1313 3532 rectorem
1354 3477 1578 3531 subditis
1613 3484 1666 3530 et
1700 3484 1924 3530 matrem
1969 3478 2141 3547 pietas

591 3564 773 3635 [Forte
793 3564 915 3635 Ieg.,
938 3574 996 3619 ut
1013 3575 1191 3620 rcctor
1216 3562 1441 3619 subditis
1459 3580 1517 3619 se
1531 3573 1753 3619 matrem
1774 3566 1988 3633 pietate,
2014 3566 2137 3640 ιτα]

590 3666 642 3710 et
669 3664 873 3725 patrem
900 3656 1151 3710 exhibeat
1194 3655 1489 3723 disciplina,
1550 3663 1709 3725 atque
1752 3655 2137 3723 providendum

588 3759 657 3800 ne
692 3752 785 3799 aut
823 3745 1084 3819 districtio
1110 3745 1298 3814 rigida,
1327 3750 1417 3797 aut
1441 3744 1611 3811 pietas
1636 3745 1706 3797 sit
1726 3745 1965 3798 remissa.
2005 3744 2137 3799 Nam

587 3833 863 3904 disciplina
920 3832 1002 3886 vel
1047 3833 1408 3887 misericordia
1457 3833 1678 3886 multum
1735 3834 2044 3897 destruitur,
2092 3834 2136 3888 si

586 3936 690 3977 una
724 3923 837 3977 sine
864 3922 1030 3975 altera
1068 3930 1327 3974 teneatur.
1369 3918 1570 3974 Idcirco
1604 3922 1655 3973 in
1683 3929 1805 3973 arca
1832 3929 1901 3975 et"
1916 3921 2062 3989 virga
2084 3930 2139 3974 et

586 4011 778 4065 'manna
823 4010 984 4063 fuisse
1022 4009 1212 4078 legitur
1259 4007 1440 4076 (Ilebr.
1486 4024 1558 4070 nt,
1604 4007 1688 4078 4);
1729 4016 1789 4061 ut
1830 4010 1882 4061 in
1922 4018 2137 4077 pectore

587 4101 812 4157 rectoris
845 4110 985 4155 esset
1011 4101 1157 4170 virga
1186 4099 1550 4161 districtionis,
1581 4108 1634 4153 et
1674 4115 1867 4152 manna
1906 4099 2137 4155 dulcedi—

588 4191 689 4253 nis,
718 4198 775 4243 ut
802 4188 1079 4243 Psalmista
1105 4203 1119 4240 :
1166 4186 1316 4258 Virga
1340 4198 1430 4239 tua
1452 4200 1495 4239 et
1518 4186 1729 4240 baculus
1752 4197 1889 4250 tuus,
1921 4188 2031 4256 ipsa
2057 4204 2135 4240 me

586 4279 849 4333 consulatu
886 4288 1002 4332 sunt
1029 4279 1197 4348 (Psal.
1245 4292 1384 4341 χιιι,
1412 4278 1486 4348 ι).
1522 4276 1603 4331 Sit
1634 4278 1797 4340 zelus,
1828 4278 1919 4331 sed
1956 4279 2136 4333 mode-

589 4375 701 4421 rate
729 4367 953 4421 smviens
1008 4365 1160 4438 [ϐοά.
1198 4364 1339 4429 γαίη
1382 4363 1641 4436 severus].
1693 4364 1775 4419 Sit
1807 4365 1995 4434 pietas.
2041 4365 2133 4420 sed

588 4470 691 4508 non
712 4453 830 4524 plus
851 4469 1008 4523 quam
1045 4456 1290 4524 expediat
1309 4467 1552 4523 parcens.

658 4544 761 4599 Sed
786 4546 1058 4599 videamus
1091 4546 1216 4613 quid
1243 4546 1307 4599 de
1341 4544 1575 4615 fugitivis
1602 4544 1667 4598 ad
1701 4543 1978 4599 ecclesiam
2011 4560 2133 4599 san-

586 4638 657 4691 cti
714 4650 943 4691 canones
990 4646 1241 4691 censeant
1292 4649 1339 4690 ιι.
1394 4636 1443 4689 lu
1501 4652 1705 4690 canone
1762 4634 2129 4691 Aurelianensi

588 4723 767 4796 (Cone.
814 4723 988 4777 Aurel.
1028 4725 1066 4793 ι)
1094 4740 1207 4793 cap.
1248 4726 1300 4789 l,
1342 4726 1577 4793 legitur:
1612 4742 1630 4775 ς
1680 4724 1755 4777 De
1779 4726 2057 4781 homicidis
2078 4734 2133 4779 et

586 4815 838 4871 adulteris
862 4822 915 4868 et
958 4812 1185 4875 furibus,
1217 4814 1259 4867 si
1301 4816 1367 4868 ad
1396 4814 1674 4868 ecclesiam
1703 4813 2051 4882 confugerint,
2080 4814 2131 4868 id

584 4905 955 4961 constituimus
1000 4902 1151 4975 [Cod.
1192 4903 1340 4968 Sal.,
1392 4902 1699 4975 statuimus]
1745 4904 2130 4958 observandum

584 4996 725 5064 quod
764 4993 1109 5049 ecclesiastici
1146 5008 1377 5047 canones
1417 4996 1767 5049 decreverunt
1795 5002 1850 5047 et
1899 4992 1980 5046 lex
2028 4992 2133 5046 Ro-

584 5097 739 5138 mana
775 5083 1070 5148 constituit,
1100 5091 1163 5137 ut
1194 5083 1261 5136 ab
1284 5082 1522 5137 ecclesia:
1545 5082 1701 5138 atriis
1729 5084 1809 5136 vel
1843 5085 1999 5136 domo
2020 5082 2131 5151 epi-

583 5171 727 5242 sc0pi
787 5173 1156 5227 eos'abstrahi
1197 5172 1413 5225 omnino
1459 5186 1565 5225 non
1608 5171 1781 5234 liceat,
1830 5187 1927 5225 nec
1978 5171 2128 5225 alteri

586 5258 735 5331 (Cod.
789 5258 923 5324 Sal.,
973 5261 1155 5331 aliubi]
1203 5263 1551 5332 consignare;
1600 5261 1699 5315 nisi
1744 5260 1809 5313 ad
1847 5260 2127 5330 Evangelia

585 5345 733 5416 [ϐοά.
771 5347 905 5413 Sal.,
931 5349 998 5403 ad
1024 5348 1325 5420 ecclesiam]
1357 5352 1494 5406 datis
1520 5347 1867 5419 sacramentis
1890 5349 1953 5403 de
1990 5364 2131 5404 mor-

653 5487 677 5546 ξ
701 5471 847 5546 [ϐοά.
881 5474 990 5546 sal.
1022 5491 1041 5525 ι
1065 5475 1385 5531 immundam
1403 5485 1422 5529 ε
1442 5476 1552 5531 Hoc
1575 5471 1698 5531 ideo
1713 5472 1831 5532 dico
1855 5477 1979 5546 quia
1994 5485 2131 5546 sunt

584 5543 673 5614 qui
679 5544 865 5614 dicunt
878 5544 1010 5614 tales
1014 5554 1326 5614 peccatores
1339 5560 1443 5601 non
1466 5546 1659 5601 debere
1680 5543 1959 5601 ecclesiam
1973 5545 2129 5601 Chri-

584 5610 650 5662 sti
676 5612 892 5685 intrare.
922 5610 1083 5669 Forte
1104 5614 1207 5667 rari
1232 5615 1451 5685 intrant.
1469 5614 1537 5667 In
1553 5615 1967 5685 φιαιικᾳκεάὶε,
1999 5615 2127 5670 dicit

585 5681 835 5745 propheta
869 5702 880 5736 :
912 5697 1185 5738 conversus
1219 5683 1369 5735 fuerit
1391 5681 1647 5753 peccator,
1676 5681 1777 5734 ritn'
1803 5685 1929 5737 rirct
1950 5693 1997 5737 et
2022 5696 2124 5737 non

2240 3198 2371 3254 Item
2396 3204 2628 3271 synodus
2654 3204 2973 3276 Agatbcnsis
3000 3226 3011 3260 :
3044 3226 3061 3257 ι
3095 3208 3277 3263 Omnis
3306 3208 3475 3264 fidelis
3498 3212 3588 3280 qui
3619 3213 3672 3267 in
3713 3205 3789 3269 si-

2238 3304 2364 3341 num
2392 3290 2632 3344 ecclesia:
2656 3294 2972 3363 confugerit,
3012 3296 3114 3353 hoc
3149 3298 3231 3351 est
3255 3295 3459 3361 matris,
3500 3316 3604 3355 nou
3634 3301 3793 3357 facile

2238 3377 2544 3445 repellatur,
2568 3381 2657 3434 sed
2687 3382 2738 3436 in
2767 3396 2829 3436 ea
2866 3385 3108 3449 ecclesia,
3134 3395 3391 3457 quantum
3422 3388 3629 3457 iudices
3655 3392 3793 3443 veri-

2238 3468 2361 3521 tatis
2385 3466 2754 3536 iudicaverint,
2784 3474 3145 3530 satisfactione
3172 3486 3407 3531 sanetur.
3444 3497 3461 3528 ι
3509 3479 3613 3532 Sed
3636 3487 3691 3533 et
3720 3480 3786 3533 de

2235 3554 2583 3613 Constantino
2630 3562 2949 3630 imperatore
2996 3564 3253 3633 legimus,
3301 3567 3425 3621 dum
3482 3569 3783 3638 baptizatus

2237 3642 2417 3710 fuerit,
2449 3656 2505 3701 ut
2536 3648 2621 3702 die
2659 3659 2850 3718 quarta
2882 3650 3036 3723 [ϐοά.
3070 3652 3205 3721 Sal.,
3234 3654 3351 3721 fuit,
3376 3666 3435 3711 ut
3463 3659 3546 3713 die
3580 3660 3786 3732 quinta]

2236 3733 2534 3803 huiusmodi
2579 3738 2851 3793 statuisset
2896 3740 3084 3811 legem,
3122 3750 3181 3797 ut
3230 3744 3285 3798 in
3329 3756 3646 3815 quocunque
3673 3747 3790 3802 loco

2235 3821 2394 3877 fuerit
2434 3824 2687 3880 fabricata
2717 3829 2961 3893 ecclesia,
3004 3835 3420 3888 consecrationis
3444 3836 3581 3890 hanc
3615 3838 3787 3890 virtu-

2238 3925 2341 3965 tem
2389 3914 2666 3969 obtineat:
2720 3927 2779 3971 ut
2832 3920 3131 3989 quicunque
3175 3937 3296 3977 reus
3328 3924 3379 3977 in
3410 3939 3525 3978 eam
3569 3924 3784 3995 fugerit,

2226 4002 2424 4071 iudicis
2486 4007 2757 4075 periculo,
2820 4011 2909 4079 qui
2973 4012 3024 4064 in
3073 4013 3318 4082 przcscnti
3370 4015 3548 4078 fuerit,
3600 4015 3783 4070 defen-

2234 4101 2398 4146 setur.
2459 4093 2564 4149 Sed
2608 4105 2663 4150 et
2697 4100 2991 4167 perspectis
3043 4102 3363 4157 cautissimis
3422 4102 3783 4159 Romanorum

2232 4181 2380 4235 libris
2409 4182 2481 4235 ita
2510 4183 2574 4236 de
2612 4183 2841 4251 fugitivis
2864 4188 2931 4240 ad
2966 4188 3203 4242 ecclesiae
3228 4188 3507 4257 cujuslibet
3536 4190 3783 4261 suffragia

2232 4270 2527 4325 invenimus
2553 4273 2830 4341 scriptum,
2860 4276 2942 4329 ‘vel
2971 4277 3035 4330 de
3060 4277 3138 4331 eis
3174 4278 3261 4346 qui
3303 4276 3567 4333 Carsarem
3600 4282 3781 4350 appel-

2234 4357 2457 4424 lant,vel
2494 4362 2559 4414 ad
2579 4363 2869 4432 principem
2898 4379 2955 4417 se
2971 4364 3088 4418 duci
3102 4364 3359 4435 flagitant.
3378 4366 3705 4424 Theodosius
3728 4376 3785 4422 et

2240 4449 2638 4505 Valentinianus
2662 4452 2795 4521 Aug.
2814 4453 3076 4508 Antiocho
3106 4454 3361 4524 praefecto
3381 4459 3632 4525 praetorio
3658 4458 3780 4513 data

2236 4553 2270 4591 ι
2298 4538 2414 4601 Kaj.
2432 4539 2629 4609 Aprilis
2652 4540 3159 4613 Constantinopolim
3184 4542 3335 4614 [ϐοά.
3367 4542 3505 4609 ναι,
3522 4545 3783 4599 Constan-

2235 4631 2478 4703 tindpoli]
2503 4631 2761 4688 Antiocho
2794 4643 2849 4687 et
2868 4633 3031 4687 Basso
3066 4632 3389 4695 consulibus,
3416 4634 3781 4705 interpretatio

2236 4719 2375 4790 (Lib.
2401 4733 2454 4775 tv
2480 4720 2608 4775 Cod.
2636 4722 2850 4786 Tlteod.,
2883 4722 2959 4776 De
2997 4722 3077 4789 Itis
3118 4722 3205 4791 qui
3242 4721 3309 4774 ad
3346 4722 3469 4777 εει-Ι.
3513 4724 3774 4795 confug.):

2239 4826 2259 4861 s
2294 4809 2529 4865 Ecclesia
2552 4819 2606 4863 et
2631 4812 2743 4865 loca
2771 4810 2879 4864 Deo
2906 4812 3099 4875 dicata,
3147 4812 3223 4866 rei
3264 4813 3355 4882 qui
3399 4814 3591 4868 ibidem
3635 4829 3780 4868 com-

2232 4901 2367 4970 pulsi
2390 4902 2577 4956 timore
2605 4898 2956 4972 confugerint,
2983 4903 3053 4957 ita
3079 4912 3343 4969 tueantur,
3382 4912 3441 4957 ut
3470 4903 3627 4957 nullis
3648 4902 3781 4957 locis
3822 4914 3823 4917 ‘
3874 4968 3877 4969 ν

2233 4990 2429 5044 sanctis
2454 4991 2519 5044 ad
2541 4992 2886 5059 direptionem
2911 5008 3087 5047 rerum
3109 4996 3213 5046 vim
3233 5008 3297 5047 ac
3321 4992 3565 5047 manibus
3584 4991 3775 5047 aﬂ’erre

2231 5088 2515 5146 praesumat
2550 5078 2699 5150 [ϐοά.
2738 5080 2854 5135 Vat.
2881 5091 2929 5134 et
2959 5080 3091 5145 Sal.,
3122 5096 3334 5137 reorum
3360 5082 3465 5135 vim
3493 5096 3557 5137 ac
3585 5084 3770 5138 morti-

2231 5171 2328 5224 bus
2352 5210 2367 5222 .
2386 5209 2399 5223 .
2428 5209 2442 5223 .
2465 5171 2835 5241 praesumant].
2868 5169 2972 5225 Sed
2998 5172 3252 5242 quidquid
3280 5172 3435 5240 spatii
3461 5172 3544 5227 vel
3570 5172 3621 5227 in
3650 5188 3773 5244 por-

2230 5260 2422 5312 ticibus
2446 5260 2527 5311 vel
2569 5260 2623 5312 in
2657 5260 2806 5325 atriis
2840 5260 2921 5314 vel
2943 5262 3201 5323 domibus,
3234 5260 3313 5315 vel
3340 5260 3393 5315 in
3420 5263 3559 5317 areis
3594 5258 3661 5319 ad
3685 5278 3773 5318 ec—

2231 5350 2444 5405 clesiam
2475 5348 2835 5421 adiacentibus
2857 5354 3107 5423 pertinet.
3133 5352 3276 5406 velut
3303 5351 3554 5412 interiora
3587 5336 3773 5424 templi

2230 5483 2491 5555 morietur.
2524 5481 2629 5555 Sed
2662 5484 2933 5540 videamus
2963 5483 3092 5552 quid
3129 5482 3193 5537 de
3231 5456 3481 5555 manu
3502 5484 3568 5539 ad
3601 5484 3770 5555 eccle-

2230 5552 2363 5603 siam
2411 5553 2577 5607 sancti
2634 5568 2864 5609 canones
2914 5560 3182 5617 censeant,
3237 5552 3339 5610 etc.
3375 5568 3397 5605 ι
3452 5552 3766 5607 Ιηιςνικιάία

2230 5619 2411 5671 omittit
2436 5622 2594 5675 (oder.
2632 5621 2820 5676 Salisb.
3384 5622 3390 5629 ”
