4272 6202
419 289 524 368 ns
1841 296 2215 355 EPISTOLE.
3101 330 3108 336 .
3508 289 3615 344 ut

415 419 748 496 praecipimus
773 422 1062 486 custodire,
1083 430 1142 476 ut
1168 436 1285 475 reos
1307 420 1513 475 timoris
1542 417 1831 473 necessitas
1850 428 1957 470 non
1985 419 2033 474 Α
2060 413 2345 483 gitivorum
2386 411 2692 465 civitatibus
2732 416 3012 479 praecepta,
3043 415 3098 462 et
3133 405 3392 474 intelligat
3429 402 3617 459 divini-

415 494 744 583 constringat
779 514 920 568 ‘circa
951 511 1136 568 altaria
1159 525 1394 574 manere,
1419 518 1474 564 et
1487 509 1604 564 loca
1624 506 1961 578 veneratione
2061 510 2146 556 tus
2174 515 2292 556 esse
2320 509 2596 569 statutum,
2621 507 2679 553 ut
2705 498 2780 553 rei
2809 506 2863 552 et
2887 505 3211 568 peccatores,
3249 495 3475 548 Domino
3509 494 3620 548 Deo

413 601 570 672 digna
608 599 865 672 polluere.
901 620 920 653 ι
950 601 1082 670 Imp.
1115 599 1378 654 Honorius
1396 606 1453 652 et
1476 596 1804 652 Theodosius
1821 593 1955 664 Aug.

415 692 670 768 Ciciliano
693 692 974 762 praeposito
995 698 1114 760 post
1131 690 1232 744 alia
1255 689 1475 743 daturi:
1495 686 1612 740 Kal.
1631 685 1788 740 Febr.
1805 681 1957 756 [Cod.

425 771 567 850 Van,
595 783 739 838 data.
783 781 910 838 Cod.
939 779 1075 844 Sal.,
1100 779 1236 834 Non.
1276 776 1632 847 Septembris]
1688 776 1958 838 Ravenna,

415 875 648 930 Honorio
673 890 746 930 vn
784 881 837 930 et
876 872 1173 929 Theodosio
1204 869 1434 925 secundo
1455 867 1706 937 Augustis
1731 865 1962 920 consuli-

413 968 534 1032 bus,
569 965 935 1034 interpretatio
957 962 1094 1031 (Lib.
1127 977 1185 1015 ιιι
1219 959 1347 1015 Cod.
1376 958 1603 1022 Theod.,
1626 957 1699 1010 De
1728 951 1963 1007 custodia

415 1054 681 1125 reorum):
734 1073 753 1105 ι
785 1052 1042 1110 Omnibus
1073 1049 1358 1105 Dominicis
1397 1049 1584 1102 diebus
1620 1045 1825 1114 judices
1866 1043 1964 1097 sub

414 1135 519 1201 iida
546 1144 786 1200 custodia
830 1144 896 1199 de
942 1140 1247 1197 carceribus
1290 1154 1411 1194 reos
1452 1139 1701 1200 educant,
1730 1143 1789 1188 ut
1830 1135 1907 1187 eis
1934 1149 1963 1186 a

411 1231 729 1288 Christianis
745 1232 828 1285 vel
866 1246 897 1285 a
935 1231 1294 1286 sacerdotibus
1319 1221 1612 1282 substantia
1645 1226 1960 1296 praibeatur,

367 1390 373 1392 _
410 1331 468 1376 et
493 1322 562 1376 aii
588 1321 834 1376 balneum
873 1319 1368 1389 przedictis_diebus
1397 1318 1496 1372 sub
1539 1314 1798 1378 custodia,
1839 1313 1967 1366 reli-

411 1413 586 1482 gionis
605 1411 1068 1480 contemplatione,
1111 1409 1393 1464 ducantur.
1426 1407 1483 1462 Si
1527 1407 1646 1475 quis
1696 1405 1761 1458 de
1788 1416 1968 1458 custo-

411 1504 564 1560 dibus
597 1502 700 1558 hoc
747 1500 966 1571 implere
1018 1499 1328 1568 neglexerit,
1391 1511 1623 1567 poenam,
1674 1510 1831 1563 quaen
1881 1493 1965 1546 lex

409 1594 524 1662 ipsa
570 1591 866 1656 constituit,
896 1597 1116 1661 cogatur
1144 1589 1382 1658 implere.
1414 1607 1432 1640 ι
1479 1587 1616 1657 Lege
1649 1583 1784 1639 Julia
1827 1585 1890 1639 de
1916 1581 1968 1637 ili

408 1680 618 1751 publica
644 1681 947 1745 damnatur;
991 1681 1082 1750 qui
1124 1681 1298 1750 aliqua
1325 1687 1585 1748 potestate
1612 1677 1865 1746 prmditus
1893 1677 1968 1729 ci-

2057 589 2438 654 demandante,
2478 589 2592 644 loca
2631 586 3009 643 defensationis
3054 587 3357 642 debuissent
3419 584 3620 639 habere

2058 683 2148 737 ubi
2165 690 2573 752 protegerentur
2596 695 2625 733 a
2651 679 3086 748 persequentium
3111 675 3315 731 insidiis
3331 686 3378 727 ι.
3391 672 3500 728 Nec
3513 688 3618 728 non

2061 782 2114 828 et
2158 773 2324 840 ipsam
2370 771 2616 832 Romam,
2667 765 2903 837 aliasque
2943 782 3037 836 per
3081 765 3334 819 mundum
3378 763 3621 818 civitates

2060 861 2265 930 asylum
2311 861 2559 914 statuisse
2589 859 2654 912 ad
2689 854 2900 911 reorum
2946 853 3365 909 defensationem
3408 851 3619 920 legitur,

2060 960 2119 1004 ut
2159 965 2254 1019 per
2281 949 2418 1003 illius
2448 949 2547 1004 loci
2573 930 2657 1002 vei
2703 947 2906 1016 templi,
2936 940 3038 1016 'qui
3081 945 3218 1014 apud
3267 959 3359 999 eos
3405 953 3621 1000 sanctus

2061 1039 2374 1102 habebatur,
2420 1053 2602 1092 severa
2633 1038 2807 1107 legum
2843 1037 3090 1091 cautione
3128 1033 3280 1105 [ϐοά.
3329 1031 3466 1097 Vat.,
3494 1050 3620 1087 cau-

2061 1126 2160 1200 tio]
2199 1125 2547 1196 mitigaretur.
2579 1126 2658 1179 An
2687 1125 2766 1178 fas
2804 1133 2886 1178 est
2923 1125 3060 1193 apud
3090 1124 3424 1178 Christianos
3453 1125 3624 1178 mino—

2063 1220 2139 1274 ris
2163 1234 2279 1273 esse
2311 1217 2531 1272 honoris
2568 1216 2860 1271 Ecclesiam
2891 1215 3111 1278 Christi,
3161 1231 3320 1283 quam
3365 1215 3618 1283 templum

2063 1309 2208 1365 Jovis
2233 1310 2372 1379 apud
2414 1323 2675 1379 paganos;
2705 1306 2788 1361 vel
2822 1306 2991 1360 beatze
3021 1306 3198 1360 Maria:
3230 1305 3501 1375 genitricis
3530 1305 3624 1359 Dei

2064 1401 2299 1464 domum,
2327 1416 2486 1471 quam
2533 1399 2705 1467 impia:
2741 1397 2965 1452 Junonis
3012 1397 3212 1468 asylum
3245 1396 3512 1450 inferioris
3540 1410 3624 1449 ve-

2066 1491 2354 1547 nerationis
2384 1491 2566 1544 haberi
2599 1490 2610 1542 ἐ
2650 1501 2742 1542 aut
2783 1491 2894 1558 ipse
2936 1487 3126 1544 beatus
3166 1471 3442 1552 Martinus,
3466 1501 3626 1542 verus

2066 1582 2158 1636 Dei
2187 1581 2358 1635 cultor
2395 1581 2446 1632 in
2473 1579 2778 1634 Christiano
2806 1579 3031 1647 imperio
3069 1579 3245 1632 minus
3279 1577 3518 1632 venerari
3548 1575 3627 1629 fas

2066 1671 2164 1733 ést,
2189 1685 2343 1737 quam
2371 1665 2647 1736 Scolapitis
2673 1667 2913 1732 falsator,
2936 1667 2988 1720 in
3011 1670 3337 1736 paganorum
3367 1673 3628 1734 potestate
3699 1655 3702 1658 Α

412 1749 552 1835 vem,
582 1770 878 1824 Romanum
916 1749 1289 1839 imperatorem
1332 1767 1681 1838 appellantem
1731 1764 1869 1836 (Lib.
1924 1780 1961 1818 ιι
1998 1749 2040 1808 Β
2067 1759 2287 1815 habuit?

408 1853 464 1916 et
482 1877 549 1916 xv
569 1860 696 1916 Cod.
727 1860 954 1928 Theod.,
982 1857 1368 1929 de'AppeUatz),
1400 1857 1668 1910 necaverit
1691 1854 1963 1926 [necarive

404 1955 645 2022 jusserit,
689 1953 1350 2016 torserit,.verberaverit,
1399 1945 1852 2028 condemnavcrit]
1910 1947 1963 1999 in

410 2047 496 2102 via
539 2045 749 2116 publica
781 2043 953 2100 vincla
1005 2044 1126 2099 duci
1168 2042 1420 2113 jusserit;
1473 2040 1625 2108 cujus
1677 2040 1752 2094 rei
1809 2037 1962 2106 173

408 2151 565 2205 pana
586 2137 640 2190 in
660 2136 971 2190 humiliores
987 2135 1158 2204 capite
1178 2132 1366 2205 [Edit.,
1387 2131 1584 2204 capita]
1602 2148 1615 2196 ;
1635 2131 1686 2184 in
1699 2129 1966 2184 honestio-

414 2241 499 2282 res
526 2226 711 2282 insula:
746 2227 1113 2295 deportatione
1151 2232 1479 2302 coercentur.
1526 2223 1665 2293 Lege
1710 2218 1848 2275 Julia
1875 2220 1965 2275 de-

411 2322 616 2374 cretum
643 2327 751 2382 est,
783 2328 842 2373 ut
864 2333 960 2389 pro
984 2319 1233 2372 violentia
1275 2314 1428 2388 [Cod.
1447 2331 1452 2337 '
1470 2315 1607 2380 Sal.,
1637 2330 1731 2384 per
1759 2313 1966 2368 violen-

412 2405 541 2466 iiam
571 2409 802 2482 publica]
844 2411 1143 2482 damnetur,
1187 2411 1486 2477 quicunque
1512 2407 1675 2477 judex
1703 2403 1968 2474 appellan-

413 2510 540 2568 tem,
565 2474 625 2556 ut
647 2502 715 2557 ad
743 2474 996 2571 principis
1032 2474 1364 2569 praesentiam
1396 2474 1643 2560 ducatur,
1682 2496 1968 2566 ingenuum

413 2593 681 2647 hominem
711 2591 789 2644 vel
809 2591 978 2645 civem
1017 2589 1310 2643 Romanum
1339 2586 1582 2658 [factum]
1615 2587 1850 2648 torserit,
1873 2601 1966 2640 oc-

409 2681 618 2743 ciderit,
665 2679 748 2734 vel
787 2680 954 2734 occidi
984 2677 1224 2746 jusserit,
1254 2677 1337 2731 vel
1378 2678 1429 2730 in
1477 2676 1701 2730 vinculis
1739 2658 1968 2743 publicis

412 2770 738 2833 astrinxerit,
779 2769 858 2824 vel
883 2767 1101 2839 ﬂagellis
1127 2766 1413 2829 exciderit,
1437 2773 1530 2819 aut
1550 2765 1805 2818 damnare
1829 2765 1965 2831 prai-

413 2857 717 2928 bumpserit.
757 2860 862 2915 Pro
896 2841 1022 2929 qua.
1047 2876 1104 2915 re
1158 2858 1468 2913 humiliores
1516 2871 1756 2926 persona:
1795 2855 1968 2923 capite

413 2947 705 3022 puniuntur
734 2950 922 3023 [Edit.,
949 2949 1261 3021 ponuntur],
1293 2949 1626 3004 honestiores
1661 2948 1712 3001 in
1742 2947 1968 3002 insulam

413 3041 737 3112 relegantur.
766 3041 983 3112 Legitur
1020 3042 1073 3094 in
1122 3039 1329 3102 Orosio,
1371 3040 1506 3092 libro
1533 3055 1626 3102 vn,
1663 3040 1728 3092 de
1754 3039 1966 3093 Alarico

416 3145 557 3200 rege,
588 3131 679 3201 qui
730 3130 948 3183 Romam
990 3129 1216 3191 obsedit,
1266 3129 1477 3196 irrupit,
1523 3128 1771 3191 vastavit,
1821 3129 1965 3196 quali

414 3217 708 3274 intentione
753 3219 884 3272 locis
923 3219 1123 3273 sanctis
1160 3218 1297 3273 idem
1337 3233 1575 3289 paganus
1619 3231 1705 3271 rex
1745 3216 1966 3286 parcere

409 3310 585 3378 jussit,
638 3317 697 3364 ut
732 3309 918 3365 eadem
949 3312 1107 3365 verba
1150 3326 1407 3379 ponamus
1460 3309 1650 3381 [Edit.,
1698 3309 1965 3383 ponimus]

415 3409 534 3472 quae
576 3402 715 3457 idem
748 3400 1032 3456 historicus
1056 3406 1136 3456 vir
1159 3404 1352 3472 posuit,
1390 3404 1479 3472 qui
1516 3411 1635 3470 post
1678 3418 1967 3472 congruam

418 3506 594 3545 rerum
628 3500 895 3560 gestarum
943 3493 1136 3547 seriem
1184 3493 1374 3548 litteris
1403 3495 1716 3564 subjunxit:
1754 3515 1771 3545 ‹
1805 3492 1970 3549 Adest

416 3579 677 3643 Maricas,
735 3581 993 3649 trepidam
1043 3581 1263 3635 Romam
1310 3582 1535 3645 obsidet,
1596 3583 1969 3649 turbatamque

417 3671 686 3740 irrumpit,
723 3671 848 3726 dato
881 3679 1357 3748 tamen'prcecepto
1392 3672 1561 3739 prius,
1591 3680 1648 3724 ut
1689 3673 1732 3725 si
1767 3673 1887 3740 quis
1915 3672 1968 3727 in

417 3760 600 3841 nancta
625 3761 757 3825 loca,
783 3763 1043 3832 praecipue
1070 3763 1122 3815 in
1149 3771 1451 3815 sanctorum
1482 3762 1842 3830 apostolorum
1872 3763 1969 3818 Pe—

417 3851 488 3908 tri
515 3858 570 3905 et
589 3850 734 3906 Pauli
760 3851 1006 3906 basilicas
1029 3850 1368 3920 confugisset,
1394 3852 1490 3906 hos
1514 3853 1774 3921 imprimis
1803 3853 1971 3908 invio-

417 3941 554 4001 latos
593 3955 810 3997 securos
844 3956 962 3998 esse
1004 3943 1257 4018 sinerent;
1290 3963 1308 3995 ι
1349 3943 1415 3998 Ει
1443 3946 1547 4012 'quo
1595 3943 1806 4000 honore
1842 3952 1970 4002 vasa

417 4041 600 4089 sancta
631 4042 904 4102 reportare
925 4032 1174 4101 jussisset
1209 4035 1418 4088 inventa
1463 4036 1530 4089 ad
1561 4036 1832 4098 ecclesias,
1882 4037 1969 4092 ille

418 4121 606 4194 [ϐοάάι
650 4120 765 4176 Vat.
792 4133 837 4177 et
866 4121 975 4178 Sal.
994 4163 1007 4185 ,
1035 4121 1153 4194 ibi],
1190 4123 1278 4192 qui
1313 4124 1452 4178 scire
1479 4123 1766 4190 desiderat,
1795 4125 1970 4196 legere

415 4213 629 4281 poterit.
659 4211 715 4268 Si
738 4211 900 4286 [quis]
939 4212 1053 4268 hre'c
1078 4228 1196 4283 quae
1221 4214 1494 4282 posuimus
1518 4230 1780 4270 canonum
1815 4224 1870 4270 et
1895 4216 1971 4270 le-

417 4315 542 4371 gum
592 4302 895 4366 testimonia
946 4303 1181 4357 minares
1236 4318 1354 4356 esse
1407 4305 1754 4358 auctoritates
1809 4302 1962 4374 [ϐοά.

419 4391 553 4454 Sal.,
595 4390 660 4445 de
706 4392 996 4445 canonibus
1032 4392 1114 4446 vel
1178 4392 1289 4459 lege
1339 4392 1576 4444 Romana
1605 4431 1619 4444 .
1655 4432 1668 4443 .
1703 4432 1714 4443 .
1748 4393 1968 4448 minoris
1997 4401 2044 4458 ι)

337 4505 340 4508 λ
417 4487 534 4534 esse
559 4479 908 4551 auctoritatis]
935 4482 1179 4545 testimet,
1217 4480 1353 4550 legat
1375 4480 1541 4548 ipsius
1565 4481 1773 4534 Domini
1795 4483 1859 4536 de
1888 4479 1970 4535 fu-

425 4696 428 4700 ,
487 4644 512 4674 ι
550 4632 1125 4706 Οοάεδειιίςιιιιιέβιιείε
1143 4632 1378 4706 hocloco
1401 4633 1469 4686 ita
1495 4633 1703 4706 pergit;
1735 4652 1754 4684 ι
1777 4633 1833 4706 in
1858 4644 1972 4688 tan-

419 4703 554 4775 ιυω,
579 4713 642 4775 ut
671 4705 737 4758 de
772 4705 940 4758 servis
957 4703 1208 4774 'fngitivis
1247 4705 1296 4757 in
1336 4703 1742 4775 Denteronomio
1780 4703 1972 4775 legitur

422 4773 786 4847 demandasse,
820 4782 877 4826 ut
908 4789 1009 4826 non
1041 4773 1385 4847 redderentur
1412 4773 1640 4847 dominis
1667 4773 1882 4847 propter
1913 4776 1974 4828 ti-

420 4843 1046 4916 tnoremtdrmentorum.
1096 4843 1290 4916 Eadem
1322 4845 1497 4906 verba,
1526 4858 1644 4916 quae
1679 4843 1749 4916 ibi
1793 4844 1973 4914 legun-

422 4911 552 4981 tur:
586 4911 706 4968 Non
735 4911 904 4964 trades
928 4914 1125 4964 servum
1153 4911 1358 4965 Homiuo
1382 4930 1496 4974 suo,
1529 4914 1617 4981 qui
1655 4913 1723 4966 ad
1764 4924 1812 4967 te
1848 4911 1974 4969 con-

423 4977 633 5054 fsgerit,
659 4981 751 5036 sed
780 4981 1022 5054 habitabit
1051 4989 1214 5032 tecum
1244 4983 1296 5032 in
1324 4980 1450 5054 loco,
1492 4977 1577 5050 qui
1618 4983 1664 5034 ei
1699 4984 1970 5052 placuerit,

421 5051 570 5106 ttt'irt
605 5069 711 5105 una
756 5051 958 5104 urbium
1003 5060 1208 5103 tuarum
1249 5051 1541 5118 requiescet,
1582 5067 1672 5103 nec
1707 5055 1973 5107 contristes

420 5135 537 5173 eum
567 5119 743 5187 (Deut.
777 5132 929 5180 mn,
965 5119 1047 5182 15,
1081 5118 1184 5188 16).
1229 5119 1347 5172 llaec
1386 5119 1591 5171 Domini
1632 5129 1753 5173 sunt
1792 5125 1970 5185 verba,

423 5203 529 5260 non
552 5189 791 5260 alterius,
817 5205 934 5259 quae
955 5189 1114 5260 omni,
1132 5189 1465 5260 veneratione
1492 5189 1824 5260 intelligenda
1852 5203 1976 5246 sunt

423 5255 491 5326 ad
519 5255 904 5312 observandum
926 5259 1210 5315 secundum
1235 5257 1484 5326 temporis
1505 5255 1970 5326 Opportunitatem.

423 5323 529 5381 S’ed
556 5333 617 5400 et
636 5327 690 5380 in
715 5327 951 5400 historiis
978 5340 1214 5383 veterum
1243 5323 1430 5398 legitur
1459 5327 1510 5400 i_n
1539 5323 1852 5400 civitatibus
1881 5346 1971 5400 pe-

423 5408 492 5450 ne
529 5395 724 5467 ubique
755 5396 958 5467 asylum
993 5413 1109 5466 esse
1145 5395 1360 5467 propter
1394 5395 1649 5464 refugium
1689 5395 1975 5456 scelerato-

424 5477 574 5547 rum,
599 5465 656 5519 et
681 5465 784 5547 hpc
811 5465 946 5546 apud
975 5465 1208 5547 paganos
1237 5465 1625 5591 thztantoimagis
1648 5470 1786 5537 apud
1824 5471 1976 5525 Citri-

425 5541 627 5591 stlattas
662 5538 1038 5591 misericordiae
1070 5553 1229 5591 causa
1307 5537 1509 5591 celesra:
1541 5537 1732 5591 debent
1781 5540 1976 5591 habere

425 5536 627 5591 atianos
662 5536 1229 5592 misericordize'causa
1254 5536 1509 5591 Ecclesia:
1541 5536 1732 5591 debent
1781 5540 1976 5595 habere

428 5603 684 5676 honorem
706 5619 861 5676 suum
893 5605 946 5658 in
971 5603 1314 5676 fugitivorum
1353 5605 1675 5661 solatium?»
1722 5605 1820 5661 Hic
1856 5609 1974 5676 ﬁnis

429 5672 762 5744 cst-epistola:
798 5674 851 5727 in
887 5672 999 5729 cod.
1039 5672 1437 5744 Safisburgemi.

2135 1863 2258 1918 Haec
2291 1864 2550 1941 siquidem
2578 1864 2775 1928 Omnia,
2807 1863 2851 1917 si
2874 1859 3089 1918 domino
3119 1875 3237 1916 meo
3270 1855 3435 1915 David
3463 1859 3626 1930 impc-

2065 1955 2242 2020 ratori.
2269 1949 2723 2008 Christianissimo
2747 1961 2801 2007 et
2836 1953 2980 2007 omni
3019 1953 3220 2008 honore
3257 1952 3351 2006 Dei
3396 1949 3628 2005 devozis-

2065 2043 2200 2097 sirno
2247 2041 2634 2115 lcgantursvel
2680 2043 2856 2096 verbis
2892 2042 3129 2111 paciﬁcis
3173 2042 3439 2105 dicantur,
3490 2039 3622 2101 scin,

2065 2132 2458 2187 sanctissimum
2497 2129 2638 2185 illius
2665 2128 2897 2184 animum
2926 2139 2979 2184 et
3008 2126 3206 2200 pietate
3233 2130 3616 2201 plenissimum.

2065 2229 2120 2275 et
2164 2221 2220 2275 in
2262 2217 2500 2282 custodia
2549 2218 2915 2274 mandatiirum
2958 2219 3053 2274 Dei
3094 2220 3484 2282 cautissimum,
3536 2220 3626 2289 qui

2066 2311 2227 2365 nullis
2253 2312 2448 2380 poterit
2484 2312 2792 2365 muneribus
2827 2310 2889 2364 de
2923 2311 3006 2366 via
3041 2311 3282 2365 veritatis
3319 2311 3485 2366 averti
3532 2311 3623 2380 qui

2063 2402 2243 2478 omnia
2275 2404 2345 2455 ita
2374 2403 2612 2456 decernit
2637 2409 2691 2456 et
2721 2401 2917 2459 iudicat
2949 2400 3098 2474 [Cod.
3138 2400 3252 2456 Vat.
3276 2438 3290 2463 .
3319 2400 3628 2474 dejudicat],

2066 2494 2204 2550 sicut
2232 2493 2456 2547 Domino
2492 2493 2598 2547 Deo
2633 2489 2757 2547 Jesu
2791 2493 3002 2548 Christo
3037 2493 3314 2564 placuerit,
3344 2503 3397 2547 et
3427 2493 3626 2549 sanctis

2066 2585 2180 2655 ejus
2205 2587 2255 2649 δ,
2292 2595 2345 2640 et
2371 2587 2470 2639 sibi
2510 2586 2612 2639 erit
2647 2594 3143 2672 merces-perpetua
3184 2587 3235 2640 in
3271 2593 3470 2640 aaterna
3507 2586 3627 2641 bea-

2065 2676 2290 2730 titndine
2327 2685 2380 2729 et
2418 2675 2541 2730 filiis
2571 2676 2682 2729 suis
2715 2677 3010 2731 benedictio
3047 2677 3390 2746 sempiterna.

2140 2773 2271 2841 Ecce
2301 2796 2604 2841 sanctorum
2638 2803 2858 2843 censura
2887 2789 3038 2861 [Cod.
3082 2789 3216 2851 Vat..
3245 2789 3506 2862 censuras]
3536 2800 3626 2844 ea;

2067 2880 2284 2940 nonum,
2308 2892 2430 2932 ecce
2455 2877 2700 2948 legalium
2727 2879 2860 2933 scita
2883 2879 3182 2934 litterarum
3211 2879 3512 2934 ﬁrmissime
3533 2879 3629 2934 ho-

2067 2987 2250 3026 norem
2276 2971 2618 3026 ecclesiarum
2642 2970 2844 3026 Christi
2871 2970 2921 3025 in
2951 2973 3260 3042 patrociniis
3285 2971 3628 3042 fugitivorum

1992 3074 2040 3135 c
2067 3061 2372 3114 conservari
2404 3057 2609 3127 jubent.
2654 3059 2930 3130 Nunquam
2960 3061 3226 3115 credimus
3269 3069 3327 3114 ut
3367 3060 3628 3116 Christia-

2070 3149 2321 3205 nissimus
2345 3160 2398 3205 et
2423 3152 2794 3206 serenissimus
2830 3139 3120 3220 imperator
3153 3151 3378 3207 domnus
3410 3151 3630 3208 Carolus

2068 3239 2336 3310 Augustus
2361 3241 2516 3294 aliter
2541 3241 2828 3308 prmcipiat,
2857 3242 3036 3296 nisiut
3066 3251 3369 3298 sanctorum
3392 3259 3629 3298 censura:

2068 3346 2329 3385 canonum
2359 3342 2412 3384 et
2437 3330 2676 3398 legalian
2700 3329 2894 3405 [edicta
2923 3331 3218 3385 litterarum
3242 3348 3299 3387 se
3330 3334 3543 3396 habent,
3579 3341 3632 3385 et

2069 3431 2129 3476 ut
2156 3431 2522 3478 antecessores
2544 3422 2622 3476 sui
2655 3430 2972 3483 statuerunt,
2997 3437 3094 3476 nec
3115 3431 3314 3477 sanctae
3335 3423 3427 3476 Dei
3452 3423 3632 3476 Eccle-

2069 3513 2160 3564 siae
2187 3513 2374 3574 honor,
2407 3527 2504 3564 nec
2532 3511 2610 3564 sui
2638 3510 2812 3580 magni
2835 3511 3064 3565 nominis
3081 3511 3378 3566 reverentia
3401 3521 3452 3563 et
3474 3511 3633 3564 timor

2070 3601 2243 3654 minor
2266 3600 2420 3653 debet
2449 3615 2566 3653 esse
2595 3600 2646 3652 in
2675 3605 2834 3666 regno
2859 3595 3304 3654 excellentissimo
3331 3610 3383 3654 et
3411 3600 3632 3667 imperio

2067 3691 2452 3761 potentissimo,
2483 3689 2566 3743 vel
2591 3689 2643 3742 in
2675 3690 2849 3757 aliqua
2875 3688 3128 3758 dignitate
3148 3697 3200 3741 et
3220 3680 3420 3742 honore
3440 3687 3628 3750 minui,

2019 3796 2022 3798 ·
2067 3783 2160 3838 sed
2187 3796 2398 3852 semper
2427 3780 2626 3850 augeri,
2659 3780 2724 3832 ad
2751 3779 2957 3832 laudem
2979 3785 3032 3832 et
3050 3777 3270 3847 gloriam
3297 3777 3506 3832 Domini
3535 3794 3631 3833 uo-

2067 3877 2163 3932 stri
2191 3877 2315 3932 Jesu
2346 3875 2563 3938 Christi,
2587 3875 2675 3943 qui
2700 3889 2820 3926 eum
2852 3888 3008 3942 super
3033 3887 3218 3928 omnes
3245 3871 3378 3927 alios
3402 3886 3553 3941 reges
3579 3880 3633 3926 et

2067 3968 2415 4035 imperatores
2441 3963 2712 4032 sapientim
2739 3962 2930 4017 decore
2955 3963 3252 4026 honoravit,
3287 3967 3342 4016 et
3367 3960 3512 4030 regni
3540 3969 3633 4029 po-

2070 4055 2233 4110 tentia
2260 4055 2517 4109 exaltavit
2545 4053 2594 4123 (Ι
2627 4051 2676 4105 ἀ.

2375 4167 2378 4170 ⁴
2452 4187 2608 4260 174
2651 4198 2674 4227 e
2703 4173 3030 4245 EPiSTOLA
3069 4190 3292 4244 CLVIII.

2161 4319 2225 4355 AD
2265 4316 2491 4356 ALBISUI
2531 4297 2830 4353 ιιλιιὶετιιυιι
2863 4315 2930 4353 ετ
2970 4316 3036 4353 ΑΙ)
3071 4314 3536 4354 CONGREGATIONEI

2450 4383 2766 4422 IONASTERII
2798 4384 2980 4422 εΑιιοτι
3006 4384 3224 4422 IARTINI
3235 4408 3248 4420 .

2071 4479 2526 4549 Congregationem
2563 4477 2621 4530 S.
2645 4451 2884 4529 'Hartini
2923 4477 3239 4544 reprehendit
3279 4478 3339 4530 ob
3377 4479 3631 4546 delensio-

2141 4636 2170 4677 δ
2206 4634 2329 4688 Hiat
2357 4648 2566 4687 sensus.

2143 4715 2166 4743 ο
2211 4704 2370 4759 Uncis
2402 4705 2605 4758 inclusa
2646 4717 2712 4757 ex
2753 4703 2870 4757 cod.
2921 4701 3040 4757 V’at.
3073 4703 3466 4775 restituuntur,
3513 4720 3632 4775 quae

2072 4776 2291 4830 deerant
2331 4775 2383 4828 in
2422 4775 2604 4829 codice
2640 4789 2746 4844 quo
2786 4788 2913 4827 usus
2952 4780 3034 4827 est
3073 4772 3336 4844 Baluzius.

2139 4845 2165 4884 ἀ
2205 4844 2363 4899 Juvat
2387 4845 2511 4898 huic
2536 4841 2792 4913 epistolae,
2815 4844 2882 4897 ob
2902 4858 3092 4896 nexum
3114 4843 3445 4909 historicum,
3471 4841 3635 4910 subji-

2073 4930 2193 4969 cere
2230 4915 2618 4982 responsoriain
2647 4914 2822 4968 Caroli
2855 4913 3025 4983 Magni
3058 4913 3412 4982 imperatoris.

2126 4987 2171 5023 ’θ
2200 4981 2370 5052 Magni
2404 4985 2678 5047 momenti,
2708 4983 2877 5053 inquit
2903 4981 3148 5037 Baluzius
3174 4984 3225 5036 in
3254 4981 3528 5053 notisgsuis
3561 4981 3627 5034 ad

2073 5050 2397 5122 Capitularia
2425 5061 2553 5107 tom.
2585 5053 2642 5114 ll,
2670 5050 2794 5122 pag.
2828 5053 2981 5115 1062,
3009 5062 3086 5107 est
3119 5054 3217 5106 ista
3240 5050 3633 5122 Carolirpisto-

2074 5120 2204 5186 la,_a
2232 5139 2424 5192 magno
2445 5120 2692 5192 principe
2699 5120 2761 5192 et
2776 5121 2978 5190 jurium
3016 5121 3295 5192 sacerdotii
3315 5128 3400 5192 iet,
3420 5120 3630 5192 imperii

2074 5190 2398 5262 peritissimo
2427 5190 2644 5260 scripta.
2673 5190 2779 5262 Hie
2818 5192 2962 5262 viues
2985 5190 3234 5262 clericum
3279 5191 3346 5244 ab
3384 5190 3634 5262 episcopo

2075 5258 2172 5316 suo
2202 5262 2489 5319 secundum
2512 5258 2743 5322 canones
2768 5258 3075 5328 iudicatum,
3100 5267 3154 5311 et
3179 5259 3228 5312 in
3247 5260 3485 5313 custodia
3509 5274 3632 5328 pro-

2075 5341 2193 5402 pter
2213 5348 2306 5387 sua
2329 5331 2517 5402 merita
2553 5328 2832 5402 inclusum,
2861 5327 3059 5402 ruptis,_
3085 5336 3142 5402 ut
3175 5329 3248 5402 ita
3280 5329 3476 5402 dicam,
3514 5327 3634 5402 car-

2076 5395 2213 5456 ceris
2237 5401 2477 5463 vinculis,
2506 5399 2556 5452 in
2575 5397 2858 5471 ecclesiam
2891 5395 3062 5451 sancti
3093 5397 3303 5452 Martini
3332 5397 3633 5471 confugisse

2075 5481 2128 5525 ct
2157 5473 2379 5525 abusum
2421 5469 2701 5538 sanctitate
2725 5467 2824 5522 loci
2844 5507 2858 5530 ,
2891 5479 2959 5538 ut
2986 5481 3196 5538 pmnam
3220 5468 3488 5532 evaderet,
3513 5483 3632 5538 qua:

2076 5541 2130 5593 in
2157 5555 2276 5594 eum
2299 5539 2497 5606 optimo
2515 5536 2709 5606 iudicio
2733 5535 3022 5593 constituta
3046 5535 3237 5592 fuerat.
3255 5538 3416 5594 Vides
3437 5535 3629 5594 deinde

2078 5610 2386 5671 monachos,
2430 5616 2487 5660 ut
2511 5608 2639 5675 asyli
2679 5607 2760 5661 sui
2805 5606 3108 5675 religionem
3161 5615 3212 5661 et
3255 5608 3626 5662 auctoritatem

2081 5623 2386 5671 monachos,
2430 5623 2487 5660 Ut
2511 5623 2569 5661 as
2609 5623 2639 5662 ιι
2679 5623 2760 5661 sui
2805 5623 3108 5675 religionem
3161 5623 3212 5661 et
3255 5623 3624 5662 auctoritatem

2081 5679 2432 5743 vcnditarcnt,
2466 5623 2681 5732 latebris
2723 5677 2866 5732 illum
2917 5676 3028 5730 suis
3063 5676 3379 5744 occultasse,
3407 5679 3624 5747 ejusque
