4272 6210
495 352 599 406 M7

1927 344 2296 401 EPISTOLE.

3582 337 3687 394 ΗΒ

475 495 485 503 -
566 465 742 520 Direxi
795 466 864 519 ho
906 463 1037 534 (AL,
1076 463 1133 536 ο]
1177 463 1371 518 animal
1415 461 1633 516 vitulum
1675 458 2024 513 Euclieridion
2054 460 2100 514 Α
2129 452 2410 506 naturam?
2437 451 2717 505 Sciendum
2743 450 2897 519 177
2919 457 3002 504 est
3033 449 3173 517 quod
3195 448 3423 502 essentia
3473 448 3686 516 proprie

495 570 696 618 menm,
733 560 793 606 ιιι
835 551 1052 621 adiuves
1077 553 1225 606 illum
1247 560 1302 607 et
1323 552 1521 620 eripias
1558 565 1678 605 eum
1702 547 1768 602 de
1787 547 2034 602 manibus

497 642 831 698 inimicorum
852 654 1089 705 suorum,
1112 649 1166 695 et
1189 639 1376 707 adjuva
1397 647 1650 707 quantum
1684 636 1860 689 valeas
1884 633 2032 716 [quia

496 727 808 786 venerabilis
843 728 1123 796 episcopus
1163 727 1385 779 multum
1429 725 1580 778 ardet
1617 738 1777 792 super
1818 725 1938 784 nos:
1982 721 2034 774 id

493 825 599 881 est,
630 829 656 858 ι
679 814 1073 886 Theodulplus].
1101 815 1217 868 Misi
1239 827 1446 882 quoque
1467 814 1520 867 in
1558 827 1650 866 ora
1685 810 1833 879 pueri
1857 811 2031 879 hujus,

494 906 737 976 quamvis
755 904 952 958 vitulus
977 912 1164 959 contra
1182 913 1426 957 naturam
1449 903 1706 956 rationale
1723 901 1794 954 sit
1816 899 2029 962 animal,

492 994 634 1063 quod
659 992 843 1062 ipsein
869 993 1088 1045 auribus
1109 992 1402 1045 sanctitatis
1420 999 1604 1045 vestra
1627 990 1788 1043 habet
1807 989 2030 1055 mugire.

495 1083 696 1158 [Habeo
719 1080 933 1155 [Habui]
978 1082 1116 1134 enim
1143 1081 1290 1135 illum
1312 1081 1378 1157 ad
1405 1079 1748 1133 erudiendum
1773 1077 1882 1130 Deo
1927 1091 2036 1130 me-

492 1197 613 1238 cum
638 1183 691 1236 in
715 1181 872 1236 domo
893 1194 1008 1233 mea
1036 1187 1092 1232 et
1144 1179 1338 1247 poterit
1385 1179 1661 1246 proﬁcere,
1707 1177 1814 1231 Deo
1852 1178 2028 1239 dante,

493 1269 548 1325 in
571 1270 810 1325 lectionis
832 1269 1007 1322 studio
1032 1281 1124 1321 seu
1147 1268 1505 1336 grammaticae
1530 1268 1662 1321 artis
1680 1266 1956 1333 disciplina
1979 1267 2033 1319 in

492 1361 650 1416 domo
679 1360 844 1414 sancti
872 1357 1127 1430 Martini].
1154 1357 1198 1413 Ο
1221 1357 1435 1426 Aquila!
1465 1358 1516 1408 lii
1549 1357 1603 1408 in
1649 1357 1884 1408 curribus
1909 1366 1955 1410 et
1981 1357 2034 1408 lii

492 1449 729 1517 iusquis,
769 1464 861 1500 nos
891 1456 1061 1500 autem
1102 1448 1156 1499 in
1203 1447 1404 1498 nomine
1457 1445 1663 1498 Domini
1708 1447 1867 1497 nostri
1919 1460 2032 1496 rna-

491 1532 1041 1606 gniﬁcabimur(Psal.
1091 1548 1204 1598 xix,
1233 1530 1307 1602 8).
1357 1533 1556 1595 Valeas,
1604 1534 1780 1600 vigeas
1824 1544 2035 1598 semper

490 1622 549 1677 in
571 1630 851 1677 :eternum.
2044 1614 2056 1627 ’

969 1710 998 1752 δ
1027 1708 1356 1764 EPISTOLA
1392 1706 1542 1764 CLX.

1185 1816 1251 1854 η

826 1887 992 1940 Amici
1012 1887 1250 1940 clior-itali
1275 1902 1329 1940 se
1351 1887 1692 1941 commendat.

559 1993 912 2049 Dilectissimo
941 1994 1107 2059 Patri,
1146 1996 1359 2064 egregio
1383 1994 1638 2064 pontifici.
1680 1995 1817 2051 Leve
1847 1996 2033 2066 jngum

489 2090 705 2151 portare
731 2081 964 2150 cupiens,
1005 2081 1060 2135 in
1102 2079 1252 2149 cujus
1283 2085 1483 2136 unitate
1523 2093 1673 2152 optat
1713 2085 1863 2140 vobis
1893 2086 2035 2140 salu-

492 2181 618 2228 tum.

555 2261 715 2319 Omni
738 2260 891 2316 melle
910 2261 1172 2318 dulciores
1201 2264 1353 2318 nobis
1397 2279 1493 2334 per
1533 2261 1753 2320 fratrem
1795 2273 2032 2320 nostrum

492 2352 687 2407 littera:
705 2349 892 2407 delatae
916 2359 1070 2417 sunt,
1092 2367 1319 2420 quarum
1359 2354 1516 2409 seriei
1545 2355 1671 2409 dum
1717 2355 2034 2424 respondere

493 2441 696 2510 paravi,
720 2444 1023 2510 supervenit
1051 2442 1190 2497 ﬁlius
1232 2459 1400 2508 meus,
1435 2445 1586 2513 cujus
1620 2447 1919 2517 gratissima
1959 2450 2036 2500 vi-

495 2519 671 2586 sitatio
713 2544 747 2584 a
796 2530 1048 2600 longioris
1094 2533 1450 2602 responsionis
1481 2550 1726 2591 sermone
1767 2536 2036 2603 paululum

431 2663 435 2665 -
497 2637 582 2676 me
601 2622 890 2692 suspendit.
914 2620 1028 2676 Non
1053 2631 1227 2677 tamen
1250 2623 1353 2677 ulla
1389 2626 1569 2679 steculi
1594 2627 1815 2682 ambitio
1855 2640 1886 2679 a
1911 2627 2038 2693 cha-

494 2709 667 2764 ritatis
688 2709 949 2766 suavitate
965 2726 1058 2766 eor
1076 2727 1248 2767 meum
1283 2715 1603 2782 suspendere
1644 2716 1853 2784 poterit.
1877 2715 2039 2781 Quin-

496 2797 604 2854 imo
645 2801 813 2870 magis
831 2809 988 2870 atque
1032 2804 1200 2873 magis
1223 2813 1430 2859 crescat
1470 2805 1533 2859 de
1567 2806 1653 2859 die
1683 2807 1733 2858 in
1779 2807 1937 2868 diem,
1985 2816 2038 2860 et

498 2885 652 2956 pleno
671 2887 947 2943 charitatis
965 2891 1068 2944 mei
1095 2891 1269 2946 modio
1302 2893 1567 2947 cumulum
1603 2893 1837 2962 quotidie
1871 2893 2033 2947 adJit.

497 2975 844 3044 Omnipotens
867 2977 1022 3043 Deus,
1048 2980 1136 3046 qui
1151 2982 1398 3048 praesenti
1421 2997 1515 3034 nus
1536 2982 1793 3035 cbaritate
1821 2979 2040 3047 conjun-

2131 539 2197 594 de
2219 540 2328 595 Deo
2351 540 2564 602 dicitur,
2596 541 2686 608 qui
2712 555 2925 609 semper
2958 548 3040 593 est
3061 540 3200 608 quod
3241 547 3345 603 cst,
3389 540 3478 606 qui
3521 539 3685 608 Moysi

2132 631 2243 684 ait:
2275 630 2386 700 Ego
2416 647 2529 684 sum
2553 631 2641 699 qui
2685 645 2800 683 sum
2836 629 3033 699 (Exod.
3081 645 3160 693 ιιι,
3194 629 3311 696 li);
3360 626 3500 682 Deus
3541 643 3682 681 enzin

2133 720 2276 774 solus
2323 735 2446 773 vere
2490 729 2587 782 est,
2632 719 2755 787 quia
2787 718 3236 774 incommutabilis
3273 726 3383 782 est;
3430 717 3686 786 quidquid

2131 809 2273 862 enim
2297 808 2547 863 mutabile
2566 819 2671 872 est,
2694 808 2925 875 quodam
2952 808 3109 862 modo
3141 822 3266 861 vere
3291 822 3395 861 non
3416 816 3517 869 est,
3561 809 3684 874 quia

2131 913 2248 952 esse
2262 899 2455 965 poterit
2477 898 2618 966 quod
2643 915 2746 952 non
2765 905 2866 962 est,
2892 897 2972 952 vel
2998 913 3100 951 non
3121 912 3240 952 esse
3263 899 3404 965 quod
3429 906 3530 950 est.
3549 895 3691 951 Sub-

2131 991 2326 1042 stantia
2371 1005 2499 1042 vero
2543 1004 2826 1042 commune
2865 997 2948 1042 εει
2989 1002 3179 1041 nomen
3221 988 3456 1041 omnium
3509 1002 3685 1041 rerum

2131 1091 2249 1144 qua:
2272 1086 2394 1130 sunt
2422 1095 2434 1128 :
2462 1077 2677 1138 etclam,
2705 1076 2808 1141 sol,
2832 1075 2979 1138 luna,
3007 1085 3168 1138 terra,
3216 1078 3457 1139 arbores,
3489 1077 3684 1135 herbas

2131 1165 2398 1227 animalia,
2425 1166 2655 1219 viventia
2673 1180 2912 1233 quisque,
2947 1164 3188 1220 homines
3224 1165 3406 1228 etiam,
3446 1167 3690 1220 substan-

2133 1255 2219 1307 tia:
2242 1256 2517 1318 dicuntur;
2549 1271 2692 1316 nam,
2721 1255 2862 1322 quod
2901 1253 3043 1307 nulla
3088 1255 3386 1308 substantia
3411 1264 3512 1317 est,
3557 1254 3689 1308 nihil

2131 1347 2348 1399 omnino
2390 1355 2492 1408 est,
2523 1347 2820 1399 substantia
2866 1360 2991 1414 ergo
3020 1345 3218 1412 aliquid
3241 1361 3361 1402 esse
3384 1357 3467 1402 est
3494 1365 3508 1400 :
3548 1348 3688 1402 Deus

2132 1436 2297 1501 igitur
2319 1437 2612 1494 substantia
2633 1445 2735 1498 est,
2761 1445 2813 1488 et
2853 1450 3058 1488 summa
3084 1437 3380 1490 substantia
3420 1445 3474 1490 et
3514 1439 3686 1505 prima

2131 1525 2448 1588 substantia,
2487 1536 2540 1578 et
2575 1528 2812 1578 omnium
2860 1525 3273 1580 substantiaium
3319 1543 3510 1593 causa,
3564 1531 3685 1597 quia

2131 1617 2371 1670 omnium
2404 1632 2578 1670 rerum
2625 1626 2973 1680 creator_est.
3028 1617 3174 1672 Unde
3197 1628 3384 1672 contra
3427 1634 3688 1674 venenum

2133 1706 2345 1759 Arianae
2380 1707 2617 1777 perﬁdia:
2640 1708 2871 1761 solemus
2897 1707 3098 1771 dicere,
3128 1709 3362 1773 Patrem,
3393 1719 3446 1764 et
3474 1709 3686 1772 Filium,

2133 1802 2188 1846 et
2232 1793 2489 1863 Spiritum
2535 1804 2780 1849 sanctum
2830 1797 2986 1851 unius
3010 1812 3130 1851 esse
3178 1799 3523 1853 substantiae:
3564 1799 3689 1868 quia

2132 1880 2309 1946 Pater,
2333 1893 2389 1937 et
2408 1883 2595 1947 Filius,
2629 1895 2682 1937 et
2718 1884 2947 1954 Spiritus
2969 1897 3188 1941 sanctus
3210 1904 3312 1942 una
3343 1899 3425 1943 est
3443 1892 3691 1946 substan-

2133 1969 2226 2032 tia,
2247 1985 2370 2023 nam
2394 1973 2692 2024 substantia
2718 1974 2933 2038 dicitur,
2955 1976 3077 2042 quia
3097 1976 3358 2030 subsistit.
3376 1977 3498 2032 Ideo
3518 1977 3689 2034 αι·εεὶ

2133 2058 2303 2112 solent
2349 2059 2527 2114 dicere
2572 2061 2639 2114 de
2689 2061 2796 2116 Deo
2835 2079 2851 2115 :
2884 2078 2988 2116 uua
3033 2063 3180 2129 Usia,
3230 2074 3338 2121 tres
3381 2067 3712 2142 bypostases

2133 2148 2284 2220 [ιιι.
2330 2149 2639 2221 Ypostatis],
2671 2152 2728 2210 id
2753 2161 2853 2215 est,
2884 2169 2989 2207 una
3016 2157 3334 2220 substantia,
3367 2166 3476 2211 tres
3516 2160 3692 2213 subsi-

2132 2241 2340 2294 stentiis
2362 2239 2514 2312 [Ms.,
2537 2242 2970 2315 subsistentias]-:
3004 2246 3144 2314 quod
3177 2247 3331 2300 beato
3370 2245 3690 2317 Hieronymo

2133 2342 2239 2381 non
2274 2327 2492 2396 placuit,
2539 2330 2729 2385 melius
2767 2346 2887 2387 esse
2912 2332 3196 2387 dicendum
3215 2335 3500 2389 arbitranti
3529 2335 3683 2407 μὴ..

2134 2417 2446 2489 arbitratus]
2496 2417 2687 2474 Latino
2733 2422 2948 2489 eloquio
2999 2440 3014 2473 :
3060 2438 3164 2475 una
3207 2425 3526 2490 substantia,
3581 2435 3691 2480 tres

2134 2518 2394 2571 personrc.
2425 2505 2682 2561 Dicuntur
2708 2508 2850 2561 enim
2871 2496 3042 2579 μεθ..
3067 2510 3254 2581 etiam]
3278 2512 3476 2566 usitato
3519 2516 3688 2569 nomi-

2136 2610 2202 2648 ne
2242 2595 2441 2656 divitia:
2486 2596 2824 2663 substantiae,
2867 2599 3006 2652 sicut
3047 2598 3113 2653 de
3159 2600 3380 2669 prodigo
3414 2601 3607 2668 legitur
3635 2604 3690 2655 in

2137 2683 2419 2752 Evangelia
2436 2704 2449 2736 :
2467 2683 2746 2752 Dissipaeit
2766 2689 3107 2741 substantiam
3123 2704 3271 2743 suam
3293 2689 3440 2759 (Luc.
3464 2706 3556 2755 xv,
3578 2692 3686 2761 l3),

2137 2773 2189 2827 id
2211 2785 2292 2828 est
2310 2773 2544 2830 divitias.
2574 2777 2828 2832 Naturam
2849 2794 2976 2832 vero
2991 2779 3083 2833 Dei
3108 2782 3273 2835 libera
3293 2797 3422 2838 voce
3443 2783 3687 2845 dicimus.

2136 2866 2258 2932 quia
2280 2867 2453 2921 omnis
2490 2877 2675 2921 natura
2718 2879 2906 2923 natura
2931 2879 3034 2934 est,
3070 2880 3124 2924 et
3153 2874 3382 2926 maxime
3434 2874 3524 2928 illa
3568 2890 3686 2945 quis

2137 2956 2246 3009 sola
2272 2973 2396 3011 vera
2415 2966 2497 3012 est
2515 2968 2726 3024 natura,
2749 2962 2872 3028 quia
2902 2977 3114 3030 semper
3144 2971 3227 3023 est
3251 2965 3392 3033 quod
3430 2975 3532 3030 est,
3563 2968 3687 3036 quia

500 3065 594 3129 sit,
627 3075 877 3134 perpetua
925 3082 1020 3121 nos
1063 3045 1320 3123 cha‘ritate
1365 3071 1682 3140 conjungere
1702 3045 1946 3140 dignetur
1985 3071 2036 3123 in
2063 3087 2107 3146 ς
2139 3045 2440 3146 “Fiam?”
2476 3047 2540 3100 de
2568 3061 2627 3100 (⁵³
2656 3055 2870 3146 ξξξηίπθν
2898 3063 3002 3116 qua
3041 3065 3255 3146 semp“:
3294 3060 3392 3146 ⁸⁸³3
3427 3054 3696 3146 minimis

499 3161 771 3208 ueternum.

972 3261 994 3282 τ
1024 3245 1343 3302 ειηετοω
1379 3247 1552 3303 CLX].

1093 3352 1160 3390 an
1183 3351 1466 3400 annos“,

428 3465 432 3468 .
507 3419 724 3493 Exponit
779 3426 1031 3492 quomodo
1067 3426 1369 3493 substantia,
1408 3427 1661 3491 essentia,
1712 3430 2040 3483 subsistentia

876 3504 923 3547 et
947 3505 1131 3546 natura
1169 3497 1232 3546 de
1268 3489 1374 3548 Deo
1402 3489 1659 3548 dicantur;

569 3581 789 3636 Albinus
813 3583 1016 3652 Aquila:
1038 3585 1282 3639 salutem.

487 3708 492 3712 ι
574 3673 734 3726 Miror
757 3675 1020 3742 quomodo
1039 3690 1122 3727 me
1142 3676 1240 3728 sub
1261 3677 1415 3729 unius
1438 3677 1687 3730 momenti
1721 3680 1960 3747 angustia
1988 3679 2042 3732 in

486 3763 647 3816 'brevi
671 3763 856 3816 tabella
883 3763 1003 3817 vita:
1029 3759 1240 3817 mtern'te
1264 3764 1482 3818 formam
1524 3766 1804 3835 depingere
1845 3768 2038 3834 poscis.

506 3852 642 3919 Quid
665 3864 746 3907 est
763 3853 1018 3907 catholica
1046 3854 1193 3918 ﬁdes,
1218 3857 1261 3908 si
1285 3870 1378 3923 per
1401 3857 1734 3910 dilectionem
1771 3865 2040 3925 cperatur,

507 3942 606 3994 nisi
629 3942 734 3996 vita
773 3943 1002 3996 aeterna?
1023 3943 1230 4010 Aliquid
1277 3944 1415 4004 inde,
1458 3959 1524 3997 ne
1563 3945 1870 3997 iuobediens
1911 3959 2044 4011 prae

506 4031 673 4099 septis
717 4034 821 4085 tuis
854 4031 1129 4092 viderer,‘l
1156 4032 1304 4084 brevi
1345 4047 1587 4086 sermone
1631 4033 1843 4085 dictavi.
1893 4034 2044 4096 Quod

505 4136 632 4174 vero
679 4137 760 4175 me
809 4122 1133 4189 interrogare
1174 4129 1402 4174 vestram
1445 4122 1773 4176 sanctitatem
1824 4122 2040 4190 placuit,

507 4203 634 4279 quid
659 4212 727 4264 sit
766 4211 903 4264 inter
938 4211 1307 4273 substantiam,
1345 4212 1649 4273 essentiam,
1675 4221 1729 4265 et
1749 4212 2044 4265 subsisten-

510 4300 670 4354 tiam?
711 4308 821 4361 aut,
864 4300 909 4353 si
949 4300 1050 4353 diei
1097 4298 1176 4352 fas
1197 4300 1267 4352 sit
1305 4307 1541 4352 sanctam
1581 4299 1889 4352 Trinitatem
1927 4314 2045 4353 esse

2137 3142 2221 3186 est
2241 3134 2292 3186 in
2314 3135 2471 3187 aliam
2491 3137 2784 3203 quamlibet
2807 3145 3050 3190 naturam
3075 3157 3088 3191 :
3108 3142 3247 3206 quod
3264 3143 3458 3210 stepius
3477 3143 3527 3196 in
3544 3142 3696 3196 libris

2141 3221 2521 3276 catholicorum
2551 3223 2767 3276 Palmm
2813 3226 3096 3289 invenitur,
3125 3227 3356 3292 Patrem,
3397 3239 3450 3283 et
3476 3231 3689 3292 Filium,

2138 3318 2194 3363 et
2249 3309 2506 3379 Spiritum
2546 3320 2787 3366 sanctum
2833 3315 2989 3368 unius
3016 3330 3133 3369 esse
3159 3326 3379 3371 naturze.
3423 3318 3533 3373 Hoc
3567 3335 3692 3373 vero

2139 3399 2279 3468 quod
2304 3416 2398 3455 vos
2421 3403 2610 3471 legisse
2649 3405 2826 3458 dicitis
2864 3403 3064 3458 dictum
3117 3407 3169 3459 in
3209 3408 3479 3474 opusculis
3519 3413 3689 3484 sancti

2141 3495 2438 3562 Augustini,
2467 3498 2611 3565 quod
2635 3499 2771 3552 Deus
2793 3515 2892 3553 nec
2912 3501 3252 3565 necessitate,
3296 3517 3394 3556 nec
3425 3491 3694 3556 voluntate

2140 3583 2330 3637 Filium
2379 3586 2666 3655 genuisset,
2696 3589 2786 3642 Sed
2809 3599 2995 3642 natura
3027 3609 3040 3642 τ
3071 3591 3205 3644 bene
3252 3592 3574 3646 arbitramur
3615 3594 3694 3647 di-

2139 3682 2303 3736 ctum,
2327 3676 2467 3741 quod
2488 3684 2675 3728 natura
2703 3677 2860 3730 Pater
2884 3679 3153 3745 genuisset
3177 3679 3388 3741 Filium,
3408 3683 3530 3748 quia
3555 3681 3695 3748 ejus-

2139 3759 2258 3813 dem
2293 3769 2495 3814 uaturaa
2527 3770 2610 3816 est
2636 3762 2822 3827 Pater,
2877 3775 2932 3818 et
2973 3766 3160 3829 Filius,
3204 3784 3306 3820 non
3354 3772 3692 3830 necessitate.

2143 3865 2240 3903 nec
2263 3849 2532 3903 voluntate
2559 3868 2571 3902 :
2597 3854 2735 3919 quod
2762 3856 3042 3921 quemdam
3069 3858 3375 3911 mere-ticum
3413 3861 3571 3928 impie
3610 3862 3692 3914 in-

2132 3951 2415 4009 terrogare
2450 3941 2672 4010 legimus
2706 3942 3083 4007 Christianum,
3114 3956 3290 4001 utrum
3317 3951 3455 4004 Dens
3479 3950 3691 4012 Filium,

2141 4033 2345 4093 volens,
2374 4045 2440 4082 an
2468 4030 2616 4100 [Hs.,
2647 4031 2732 4101 ac]
2765 4033 2948 4085 nolens
2974 4037 3272 4102 genuisset?
3299 4045 3382 4098 ut,
3413 4039 3455 4090 si
3498 4040 3697 4095 diceret

2143 4117 2317 4172 nolens
2340 4135 2358 4171 :
2385 4120 2673 4173 necessitas
2714 4121 2765 4172 in
2797 4121 2959 4176 Deum
2989 4126 3234 4183 caderet;
3262 4127 3304 4179 si
3353 4143 3478 4182 vero
3522 4130 3693 4183 ralem

2143 4206 2360 4265 diceret.
2391 4209 2569 4260 statim
2601 4211 2962 4277 responderet,
3005 4213 3290 4266 voluntatis
3338 4229 3454 4267 esse
3481 4216 3692 4279 Filium,

2145 4311 2250 4349 non
2294 4305 2514 4351 natur-.e.
2545 4298 2614 4350 At
2643 4297 2978 4354 Christianus
3024 4302 3423 4369 vigilantissime
3463 4305 3693 4358 vicissim

579 4428 978 4504 g_T_Iieodulfus.
1028 4429 1160 4504 _Vi;l._
1195 4430 1349 4504 epist.
1376 4429 1603 4504 priorem
1642 4429 1708 4481 ad
1752 4406 2124 4488 Candidum,”
2214 4428 2240 4465 δ
2272 4428 2423 4504 Brevi
2463 4446 2694 4504 sermone
2734 4432 2944 4504 dictaui.
2991 4433 3116 4487 llaec
3156 4435 3313 4487 verba
3363 4435 3593 4504 intelligo
3631 4439 3695 4491 de

509 4509 563 4554 et
585 4495 978 4552 Nathanaelem.
1015 4498 1092 4549 An
1115 4495 1307 4549 vitulus
1332 4498 1428 4549 ise
1462 4498 1530 4549 sit
1553 4495 1637 4548 ille
1669 4511 1788 4548 reus
1806 4511 1899 4564 pro
1939 4511 2043 4563 quo

511 4586 542 4623 a
593 4567 985 4621 Turonensibus
1029 4575 1209 4618 contra
1266 4566 1567 4632 episcopum
1615 4565 2042 4618 Aurelianensem

511 4639 854 4705 disceptatum
879 4643 978 4697 est,
1007 4644 1063 4688 ut
1086 4637 1137 4688 in
1165 4636 1430 4703 prioribus
1454 4633 1689 4702 epistolis
1712 4633 1955 4696 vidimus,
1980 4649 2043 4687 ex

509 4707 656 4761 brevi
686 4707 783 4759 hac
805 4705 990 4759 charta
1012 4705 1224 4758 decerni
1245 4705 1379 4756 haud
1407 4712 1596 4771 potest.

583 4774 609 4813 δ
635 4773 755 4826 Ηωε
775 4771 992 4840 epistola
1014 4772 1196 4840 ultima
1225 4782 1305 4826 est
1328 4775 1379 4826 in
1404 4770 1521 4826 eod.
1546 4788 1644 4826 ms.
1669 4770 2046 4840 Emmeramia-

513 4855 601 4904 no,
662 4839 976 4893 metet-missa
997 4854 1026 4890 a
1050 4839 1364 4894 Mabillonio.
1394 4841 1598 4895 Aleuini
1625 4855 1848 4908 pennam
1884 4839 2050 4908 stylus

515 4855 716 4963 prodit:
747 4923 813 4960 an
849 4922 974 4960 vero
1018 4910 1084 4960 ad
1117 4908 1358 4963 Aauilam
1406 4924 1498 4962 seu
1540 4909 1827 4963 Arnonein.
1876 4923 1941 4960 an
1984 4908 2050 4961 ad

514 4908 716 4977 prodit;
747 4923 813 4960 an
849 4922 974 4960 vero
1018 4910 1084 4960 ad
1117 4908 1358 4976 Aquilam
1406 4924 1498 4962 seu
1540 4909 1941 4977 Arnoneintan
1984 4908 2052 4961 ad

515 4979 670 5098 alium
699 4977 928 5114 ῗὲιὶὶξιιιιι
955 4978 1147 5046 scripta
1171 4980 1258 5041 sit,
1291 4978 1568 5031 incertum.
1608 4976 1780 5046 (Apud
1820 4976 2047 5029 Froben.

516 5061 629 5114 epis
661 5085 673 5097 .
827 5084 840 5096 .
982 5113 988 5114 ί

584 5048 673 5100 ist.
700 5048 840 5100 121).

516 5061 1081 5180 )epistolam
1120 5115 1373 5169 hactenus
1398 5115 1647 5168 ineditam
1679 5129 1707 5166 e
1741 5113 1922 5168 codice
1949 5128 2048 5168 ms.

518 5183 854 5251 bibliotheca:
880 5182 1132 5238 Caesarea:
1154 5185 1570 5238 Vindobonensis
1589 5197 1711 5236 szec.
1745 5199 1794 5235 χι
1819 5221 1834 5246 ,
1873 5184 1961 5251 qui
2002 5183 2053 5234 in

519 5253 690 5307 classe
721 5249 1013 5316 theologica
1038 5267 1092 5304 ιι.
1125 5253 1216 5306 l‘5l
1249 5261 1458 5306 notatus
1476 5261 1576 5312 est,
1605 5252 1745 5304 eruit
1769 5259 1823 5304 et
1849 5249 2054 5304 mecum

513 5319 927 5376 ‘eommunicavit
946 5320 1026 5372 vir
1049 5321 1118 5374 cl.
1144 5321 1204 5374 D.
1237 5320 1458 5375 Mathias
1484 5321 1737 5374 Reiberer
1759 5319 1964 5385 collegii
1995 5317 2052 5371 S.

519 5385 578 5442 ιιι
601 5386 816 5440 Viennae
838 5386 1272 5444 biblimbecarius
1288 5399 1341 5444 et
1373 5391 1687 5450 historicus,
1721 5404 1750 5440 a
1791 5387 1942 5450 cujus
1971 5386 2054 5438 in-

522 5457 721 5510 dustria
760 5455 1054 5524 respublica
1089 5456 1344 5513 litteraria
1374 5458 1815 5513 continuationem
1835 5456 2059 5509 Germa-

523 5527 622 5592 niae
665 5523 859 5588 sacrm,
883 5541 913 5578 a
934 5524 1050 5578 viro
1069 5527 1411 5584 celeberrimo
1446 5527 1507 5580 D.
1531 5526 1776 5581 ﬂausizio
1797 5524 1904 5592 jam
1932 5523 2061 5578 insi-

539 5590 693 5666 mitcr
735 5595 1196 5666 oriiaueLmagnis
1243 5597 1516 5653 desideriis
1562 5590 1846 5664 exspectat.
1890 5594 2060 5666 (Apud

553 5609 693 5648 mter
735 5609 961 5655 ornum,
994 5609 1077 5645 ma

553 5661 748 5716 'roben.
782 5663 934 5731 epist.
969 5609 1112 5733 ηεξ

2147 4496 2400 4573 Opusculo
2435 4498 2500 4549 ab
2531 4499 2627 4550 hac
2664 4500 2914 4573 cpistola,
2936 4503 2985 4553 in
3003 4519 3104 4570 qua
3133 4519 3235 4573 non
3260 4496 3558 4573 depingitu?
3587 4504 3694 4559 for-

2146 4564 2230 4617 ma
2256 4565 2375 4638 vita:
2402 4573 2634 4625 :eteruae,
2664 4564 2755 4638 sed
2781 4568 2845 4620 ad
2871 4564 3033 4622 aliani
3055 4574 3120 4624 ab
3147 4564 3230 4624 illa
3255 4564 3407 4638 longe
3419 4564 3695 4627 "diversam

2145 4634 2498 4709 quaestionem
2523 4637 2893 4709 respondetur,
2929 4640 3195 4693 distincto.
3229 4641 3281 4693 ld
3311 4634 3420 4709 ipse
3446 4643 3698 4697 Alcuinus

2148 4702 2414 4777 insinuare
2453 4702 2675 4766 videtur,
2706 4705 2828 4757 dum
2857 4707 2927 4758 ita
2969 4710 3139 4777 pergit
3167 4726 3181 4763 :
3214 4728 3230 4757 ι
3271 4702 3418 4774 Quod
3467 4726 3592 4764 vero
3615 4728 3698 4764 me

2148 4771 2478 4844 interrogare
2499 4781 2723 4825 vestram
2745 4771 3312 4844 sanctitatem'placuit,
3334 4779 3456 4844 quid
3472 4779 3541 4829 sit
3563 4780 3700 4831 inter

2148 4841 2513 4898 substantiam,
2553 4859 2570 4888 ι
2597 4849 2727 4901 etc.,
2751 4842 2837 4893 ubi
2864 4840 3372 4907 profecto—Alcuinus
3406 4845 3544 4899 haud
3577 4847 3701 4899 obs-

2149 4925 2278 4963 cure
2303 4908 2601 4975 signiﬁcare
2629 4909 2809 4970 voluit,
2838 4910 2988 4963 binas
3013 4911 3112 4964 sibi
3165 4914 3232 4965 ab
3278 4915 3491 4966 Arnone
3537 4913 3701 4968 fuisse

2149 4977 2451 5046 propositas
2476 4977 2817 5046 quaestiones,
2843 4987 2896 5030 et
2917 4978 3068 5032 alteri
3095 4995 3155 5032 se
3200 4981 3523 5034 satisfecisse
3551 4982 3698 5036 brevi

2151 5043 2427 5119 sermone;
2461 5043 2611 5096 alteri
2652 5060 2776 5119 vero
2831 5049 3148 5119 respondere
3199 5049 3254 5100 in
3300 5049 3520 5119 epistola
3568 5065 3702 5119 pra:—

2152 5121 2321 5186 serite.
2360 5111 2692 5186 Quapropter
2721 5113 2860 5169 haud
2903 5111 3121 5186 necesse
3144 5130 3287 5186 esse
3305 5111 3506 5181 judico.
3560 5111 3701 5186 quod

2153 5182 2396 5234 laudatus
2436 5182 2496 5233 D.
2542 5181 2796 5236 Rieberer
2834 5183 3017 5246 voluit,
3072 5191 3132 5236 ut
3155 5184 3236 5236 vel
3276 5184 3330 5237 in
3368 5186 3544 5239 verbis
3578 5181 3701 5240 mox

2154 5251 2330 5322 citatis
2355 5249 2625 5322 particulae
2652 5267 2765 5302 vero
2787 5252 3136 5322 substi-tuatur
3156 5268 3304 5322 ergo;
3325 5253 3405 5306 vel
3425 5261 3484 5322 ut
3504 5262 3699 5322 textus,

2155 5319 2333 5373 verbis
2354 5319 2666 5389 quibusdam
2696 5320 3046 5388 transpositis,
3075 5321 3195 5375 aliis
3215 5319 3491 5389 suppletis,
3530 5321 3602 5389 ita
3628 5321 3703 5374 le-

2157 5397 2313 5457 gatur
2342 5405 2354 5439 :
2382 5404 2400 5457 ι
2429 5386 2611 5457 Miror,
2636 5386 2898 5457 quomodo
2927 5402 3010 5442 me
3029 5389 3128 5442 sub
3148 5389 3305 5457 unius
3317 5386 3577 5457 momenti
3609 5403 3703 5442 an-

2158 5455 2352 5526 gustia,
2379 5455 2439 5507 in
2468 5455 2614 5526 brevi
2630 5455 2854 5526 (tabella,
2884 5457 3005 5526 vita
3024 5464 3235 5511 aeterna:
3255 5455 3478 5510 formam
3520 5456 3703 5525 depin-

2194 5538 2282 5579 ere
2301 5524 2725 5593 decentissima
2751 5523 3032 5578 divinitatis
3057 5527 3215 5593 adyta
3245 5541 3470 5578 reserare

2210 5591 2374 5662 liquid
2409 5592 2547 5654 inde,
2603 5606 2668 5645 ne
2707 5591 3011 5647 lnobediens
3034 5591 3309 5662 praeceptis
3331 5593 3435 5648 tuis
3455 5591 3659 5648 viderer
3687 5633 3701 5653 ,

2162 5661 2308 5716 brevi
2333 5675 2574 5715 sermone
2596 5661 2806 5714 dictavi.
2831 5665 2965 5728 Quid
2998 5661 3072 5716 εει
3093 5662 3348 5716 catholica
3366 5661 3513 5725 titles,
3550 5681 3566 5712 ι
3597 5668 3698 5713 etc.
