4258 6240
561 374 664 430 419

1391 370 1449 444 n,
1487 371 1547 424 r.
1587 367 1808 424 suum
1845 363 1973 420 εει]
2010 361 2283 432 ALcum
2318 345 2602 439 eranum
2635 359 2811 416 rans
2848 360 2888 413 ι.

3655 355 3760 412 410

559 484 803 558 qna-sivit
819 484 885 539 ab
906 499 971 540 eo
994 490 1171 537 utrum
1195 482 1336 537 Deus
1355 481 1512 551 Pater
1535 479 1718 534 volens
1738 494 1806 532 an
1830 475 2016 532 nolens
2037 473 2108 529 sit
2132 479 2178 534 Α
2206 463 2428 553 aliquid.
2582 469 2738 546 modo
2763 469 3036 558 videamus
3057 467 3269 558 ~borum
3311 465 3620 523 distantiam
3663 481 3775 522 ηο..

561 576 734 632 Deus?
752 583 832 642 nt,
856 589 903 631 si
940 571 1282 644 responderet
1305 569 1499 636 nolens,
1544 575 1856 637 sequeretur
1892 563 2107 618 miseria

544 658 910 729 necessitatis,
959 677 1132 740 quam,
1166 660 1232 716 de
1265 659 1374 715 Deo
1416 657 1635 714 credere
1663 669 1854 725 magna
1898 651 2107 707 insania

446 823 447 827 η
559 764 673 820 est;
695 754 741 809 si
764 760 942 809 autem
989 750 1189 804 diceret
1204 747 1394 812 volens,
1425 745 1834 817 responderetur
1884 741 1954 804 ei,
1982 755 2110 810 ergo

558 853 614 900 et
629 846 743 914 ipse
765 842 1034 898 voluntate
1057 854 1151 894 sua
1171 839 1309 894 Deus
1331 844 1429 900 est,
1459 851 1568 909 non
1589 843 1798 890 natura.
1817 831 1956 899 Quid
1979 845 2108 899 ergo

558 935 797 992 restabat
840 931 981 1005 [Ιε-
1013 927 1294 1004 restabit],
1339 929 1442 997 nisi
1486 935 1545 981 ut
1592 926 2004 988 obmutesceret,
2054 929 2111 976 et
2147 918 2154 924 ’

558 1039 656 1079 sua
701 1021 1116 1092 interrogatione
1158 1018 1446 1090 obligatum
1489 1014 1751 1072 insolubili
1797 1011 2006 1068 vinculo
2049 1025 2108 1066 se

560 1110 796 1165 videret?
821 1109 984 1181 Igitur
1003 1108 1144 1163 Deus
1175 1116 1384 1162 natura
1407 1114 1491 1160 est
1515 1105 1677 1169 Deus,
1705 1111 1762 1157 et
1806 1101 1972 1156 Filius
2013 1115 2110 1153 na-

561 1210 679 1256 tura
701 1208 783 1256 est
808 1197 992 1263 Filius,
1016 1205 1073 1252 et
1113 1197 1344 1267 Spiritus
1366 1203 1583 1258 sanctus
1602 1201 1791 1246 natura
1834 1199 1919 1246 est
1943 1189 2112 1260 Spiri—

559 1297 647 1346 tus
672 1287 988 1354 sanctus,‘et
1018 1295 1105 1342 est
1132 1300 1240 1341 una
1284 1293 1477 1339 natura
1505 1283 1695 1337 borum
1738 1281 1922 1344 trium,
1972 1278 2112 1333 sicut

558 1394 665 1434 una
686 1387 768 1434 est
791 1378 1045 1441 essentia,
1075 1383 1132 1430 et
1154 1389 1262 1429 una
1286 1371 1692 1442 omnipotentia,
1721 1379 1776 1424 et
1797 1384 1902 1423 una
1921 1366 2111 1422 divini.

561 1477 662 1534 tas.
689 1467 952 1524 Cmterum
970 1478 1068 1536 pro
1091 1463 1315 1536 diversis
1353 1460 1631 1517 eventibus
1655 1458 1832 1513 multa:
1858 1464 1985 1512 sunt
2009 1455 2108 1509 tri-

559 1558 858 1615 bulationes
904 1555 1136 1610 ﬁdelium
1156 1593 1172 1620 ,
1199 1561 1256 1609 et
1303 1563 1632 1620 unaqumque
1657 1562 1886 1620 persona
1939 1553 2109 1618 tenta-

560 1646 790 1718 tionibus
838 1643 1076 1712 subiacet
1094 1684 1098 1689 .
1114 1643 1169 1698 in
1194 1643 1298 1698 hoc
1323 1640 1541 1705 mundo,
1569 1639 1693 1708 quia
1737 1637 1978 1692 exsilium
2003 1643 2105 1703 est,

560 1737 650 1792 ubi
697 1737 942 1802 vivimus,
989 1749 1094 1799 non
1149 1733 1357 1804 patria;
1385 1731 1672 1807 admonent
1717 1729 1861 1782 enim
1902 1739 1999 1782 nos
2025 1727 2109 1787 ba:

2211 561 2433 636 minuta,
2471 557 2795 616 Immortalis
2843 557 2986 622 enim
3033 556 3123 613 illa
3170 556 3367 613 dicitur
3408 563 3613 626 natura
3640 571 3760 627 quae

2208 634 2490 731 morbidis;
2503 656 2698 721 potest,
2723 663 2829 720 non
2853 661 3027 702 tamen
3053 659 3263 731 semper
3305 642 3676 713 immutabilis,
3707 647 3762 702 id

2717 755 2822 794 non
2847 739 3014 808 possit
3040 756 3058 793 ς
3091 723 3230 794 sicut
3259 739 3436 793 anima
3485 739 3718 794 humana
3743 779 3758 802 ,

2207 815 2673 906 qum‘rimibortalis
2696 835 2878 884 creata
2901 837 3006 894 est,
3030 821 3170 884 sed
3187 827 3536 883 immutabilis
3575 830 3762 898 procul

2206 911 2621 995 dubidgnon‘est,
2649 918 2772 988 quia
2786 919 2852 973 de
2871 917 3048 988 peiore
3069 917 3121 972 in
3146 917 3354 983 melius,
3367 917 3452 972 vel
3471 919 3535 973 de
3555 917 3762 974 meliori

2207 1007 2260 1060 in
2289 998 2632 1082 pausantes
2657 1004 2836 1078 peiore
2858 1007 2912 1061 in
2928 995 3086 1077 pejus
3105 1005 3188 1062 vel
3212 1007 3277 1062 de
3301 1006 3520 1072 meliore
3552 1007 3606 1062 in
3650 1020 3764 1062 me-

2207 1094 2310 1151 lius
2330 1092 2524 1171 mutati
2543 1099 2738 1166 potest,
2763 1094 2902 1151 sicut
2922 1094 3119 1150 dictum
3146 1101 3230 1148 est
3259 1107 3276 1146 :
3307 1092 3463 1161 Ibunt
3490 1095 3659 1149 sancti
3695 1094 3763 1148 de

2208 1183 2392 1240 uirtute
2437 1185 2494 1240 in
2810 1182 2980 1254 (Psal.
3019 1199 3246 1247 uxntl,
3287 1183 3365 1254 8).
3414 1181 3573 1238 Solus
3622 1183 3786 1239 σθαι

2205 1288 2332 1341 vere
2360 1263 2677 1341 immortalis
2718 1282 2775 1341 et
2811 1272 3173 1337 immutabilis,
3222 1273 3347 1342 quia
3371 1271 3516 1327 solus
3555 1285 3677 1328 vere
3708 1279 3766 1328 et

2205 1363 2420 1433 preprie
2445 1371 2696 1426 aeternus,
2721 1351 2940 1430 etquod
2958 1373 3168 1434 semper
3191 1362 3292 1427 est,
3321 1361 3387 1417 de
3406 1375 3512 1429 quo
3534 1359 3764 1432 Aposto-

2209 1453 2291 1508 lus
2326 1470 2340 1504 :
2368 1450 2471 1528 Qui
2489 1451 2630 1507 solus
2817 1450 3272 1510 immortalitatem.
3308 1451 3363 1522 (I
3387 1439 3522 1505 Tim.
3547 1465 3628 1515 vt,
3650 1449 3763 1523 16).

2207 1540 2563 1598 lmmortalem
2583 1540 2760 1612 posuit
2779 1554 2879 1610 pro
2897 1538 3210 1594 immutabili
3241 1555 3402 1609 ;quia
3424 1537 3565 1609 quod
3593 1547 3767 1594 muta-

2207 1620 2314 1687 bile
2355 1642 2459 1696 est,
2497 1629 2898 1700 (quodammodo
2943 1629 3169 1685 moritur
3191 1643 3256 1685 eo
3301 1629 3446 1699 quod
3477 1636 3581 1694 est,
3637 1629 3762 1684 dum

2209 1718 2352 1792 aliud
2393 1718 2595 1789 aliquid
2629 1717 2817 1788 incipit
2842 1717 2966 1773 esse
2985 1717 3126 1787 quod
3163 1731 3270 1772 non
3311 1725 3448 1773 erat.
3482 1715 3589 1772 Sed
3631 1717 3764 1787 abu-

560 1825 816 1882 molestia:
843 1797 1195 1880 ten'tationum
1231 1797 1469 1896 patriam:
1499 1834 1761 1890 quaerere,
1791 1828 1847 1874 et
1870 1819 2108 1888 quietam
2141 1818 2187 1878 Β
2213 1809 2323 1864 sive
2349 1821 2489 1877 saepe
2515 1817 2765 1864 cumam
2785 1797 2989 1878 legitur
3013 1807 3232 1872 dictum,
3254 1807 3396 1876 quod
3431 1807 3656 1896 tempori
3679 1805 3762 1871 vel

562 1918 744 1983 vitam,
767 1930 889 1987 qua
907 1915 1206 1970 nullatenus
1227 1913 1315 1968 hic
1334 1912 1558 1987 inveniri
1583 1912 1801 1982 poterit,
1822 1911 1921 1964 nisi
1943 1909 1996 1963 in
2017 1923 2111 1977 spe

561 2015 772 2062 aeternae
796 2005 989 2076 quietis
1021 2005 1236 2059 viventi.
1264 2003 1508 2072 Explicit.

931 2110 1089 2181 17s
1135 2121 1162 2150 ι
1199 2108 1526 2164 EPISTOLA
1552 2107 1750 2180 CLxu.

1076 2213 1141 2252 AD
1167 2213 1380 2252 MINUI
1412 2211 1604 2252 REGI-II.

1119 2287 1292 2359 (Auno
1314 2287 1562 2357 incerto.)

564 2383 790 2456 Exponit
814 2396 931 2452 qua
955 2380 1022 2434 sit
1042 2379 1335 2456 (ti/ferentia
1357 2379 1492 2456 inter
1510 2387 1757 2456 (sternunt
1783 2387 1828 2430 et
1851 2385 2116 2456 semprters

632 2445 775 2515 rium,
800 2445 1166 2521 perpetuum'et
1217 2446 1525 2531 immortale,
1559 2445 1837 2511 swculum,
1866 2445 2028 2500 cutim
2057 2454 2115 2517 et

634 2532 851 2576 tempus.

632 2538 855 2665 3m:
874 2607 1059 2673 David,
1093 2605 1289 2672 rectori
1339 2605 1560 2676 optimo,
1610 2603 1799 2658 victori
1859 2603 2114 2670 maxime,

566 2701 788 2766 Flaccus
809 2698 1031 2753 Albinus
1063 2703 1212 2766 optat
1235 2683 1480 2750 salutém.

636 2786 711 2844 De
736 2787 1085 2855 quorumdam
1109 2783 1380 2837 nominum
1401 2783 1744 2855 proprietate,
1775 2792 2048 2839 revertens
2084 2798 2116 2838 a

565 2878 717 2935 nobis
733 2875 840 2950 [ΑΙ.
866 2872 1038 2947 vobis]
1066 2874 1095 2915 δ
1121 2873 1390 2929 Candidus
1405 2882 1604 2940 noster,
1618 2875 1941 2944 quaestiones
1965 2873 2118 2929 nobis

564 2969 874 3059 proposuit:
905 2967 971 3059 de
994 2966 1188 3059 quibus
1218 2971 1278 3021 ut
1307 2980 1374 3021 ex
1400 2972 1639 3059 tempore
1667 2965 1970 3059 diligentius
1996 2979 2119 3034 per-

565 3053 917 3124 scrutaretur,
945 3056 1158 3112 interim
1188 3063 1366 3110 taeere
1386 3055 1641 3125 disposui.
1671 3053 1777 3109 Sed
1811 3054 1898 3108 ille
1926 3061 2118 3109 vestrae

2213 1899 2558 1972 mutabilitati
2602 1897 2899 1953 obnoxium.
2939 1904 3070 1963 est,
3115 1911 3218 1954 nec
3264 1911 3479 1968 semper
3525 1895 3763 1965 ejusdem

2213 1990 2477 2056 modiest,
2506 1977 2560 2044 et
2585 1986 2703 2042 ideo
2726 1997 2974 2060 sternam
2997 2003 3104 2043 non
3153 1995 3297 2042 recte
3341 1987 3557 2059 dicitur.
3609 1987 3763 2056 Quod

2211 2077 2355 2132 enim
2380 2085 2633 2142 mutatur,
2663 2091 2770 2133 non
2802 2084 3018 2132 manet:
3043 2074 3223 2147 quue,
3250 2084 3309 2130 ut
3325 2091 3484 2146 supra
3507 2073 3756 2137 diximus.

2215 2165 2354 2222 inter
2377 2164 2736 2235 immortaleiet
2773 2172 3021 2226 retentum
3059 2153 3158 2220 est
3199 2159 3541 2229 discriminis,
3579 2162 3763 2237 [quod]

2213 2271 2372 2311 omne
2409 2263 2691 2320 aeternum,
2738 2253 3038 2318 immortale
3073 2262 3186 2318 est;
3215 2262 3271 2308 et
3319 2267 3425 2308 non
3462 2268 3638 2309 omme
3663 2254 3763 2307 im-

2215 2346 2458 2409 mortale,
2479 2346 2610 2402 satis
2629 2346 2914 2410 subtiliter,
2927 2345 3090 2401 etiam
3106 2352 3365 2416 gtemum
3384 2343 3582 2400 dicitur
3603 2363 3617 2398 :
3642 2346 3764 2418 quia

2215 2438 2315 2493 etsi
2351 2435 2550 2507 aliquid
2589 2449 2800 2506 semper
2823 2432 2988 2501 vivat,
3019 2442 3193 2490 tamen
3223 2433 3316 2507 [si]
3361 2434 3765 2490 mutabilitatem

2213 2528 2438 2598 patitur,
2483 2541 2592 2582 non
2615 2521 2830 2600 proprie
2857 2535 3113 2596 aeternum
3145 2525 3474 2596 appellatur;
3502 2525 3625 2595 quia
3661 2540 3767 2580 non

2213 2631 2422 2687 semper
2467 2617 2768 2686 huiusmodi
2817 2625 2917 2679 est,
2971 2609 3213 2686 quamvis
3271 2617 3592 2687 immortale,
3641 2617 3768 2690 quia

2215 2721 2427 2778 semper
2449 2708 2602 2776 vivit,
2629 2715 2771 2772 recte
2797 2707 2899 2762 dici
2923 2702 3111 2778 possit.
3148 2708 3380 2765 Vocatur
3408 2716 3586 2762 tamen
3605 2694 3766 2763 mter-

2215 2812 2364 2864 num,
2394 2796 2659 2851 interdum
2682 2795 2866 2859 etiam,
2905 2795 3043 2864 quod
3080 2795 3396 2850 immortale
3434 2803 3516 2850 est
3547 2813 3561 2851 :
3613 2805 3769 2851 atter-

2215 2900 2342 2940 num
2370 2885 2513 2938 enim
2553 2899 2674 2938 cum
2719 2883 2935 2953 proprie
2981 2881 3194 2948 dicitur,
3256 2898 3430 2954 neque
3479 2883 3767 2954 quidquam

2213 2973 2543 3046 praeteritum
2574 2973 2754 3036 habet,
2797 2985 2896 3027 nec
2927 2969 3194 3038 futurum;
3224 2973 3318 3029 sed
3371 2973 3627 3046 quidquid
3662 2980 3767 3039 est,
3850 3031 3859 3038 _

2217 3043 2426 3134 semper
2444 3070 2546 3136 est,
2581 3061 2725 3148 quod
2747 3061 2892 3117 solus
2910 3070 2993 3117 est
3030 3062 3201 3133 Deus;
3226 3071 3281 3129 et
3313 3052 3432 3132 ideo
3459 3061 3605 3125 solus
3625 3043 3768 3134 (Deus

565 3150 853 3208 voluntatis
868 3149 1062 3204 nimius
1087 3155 1306 3204 exactor
1345 3154 1400 3202 et
1424 3147 1758 3218 importunus
1794 3146 2110 3218 inquisitor,

2217 3125 2448 3210 aeternus
2465 3125 2547 3209 esi
2566 3125 2855 3209 secundum
2869 3125 3245 3225 proprietatem
3269 3125 3598 3206 aeternitatis.
3617 3125 3768 3218 Quod

565 3255 744 3296 moras
781 3253 865 3294 me
899 3236 1075 3294 facere
1113 3252 1220 3292 non
1256 3236 1482 3312 sinebat.
1527 3237 1862 3320 Quapropter
1923 3252 2120 3306 paucas

567 3328 874 3384 eorumdem
914 3326 1185 3382 nominum
1213 3328 1459 3398 rationes
1489 3327 1769 3397 repentino
1817 3335 1874 3381 et
1917 3325 2120 3383 inculto

573 3418 742 3493 [Edit.
776 3419 831 3474 in
857 3417 1089 3492 occulto]
1115 3419 1296 3492 notavi
1334 3431 1608 3482 sermone;
1645 3425 1880 3471 vestrum
1922 3416 1988 3473 de
2036 3415 2122 3470 bis

570 3527 689 3582 qua:
712 3511 851 3574 dicta
869 3517 1011 3572 sunt,
1035 3510 1172 3564 sicut
1201 3517 1256 3563 et
1276 3508 1343 3564 de
1381 3508 1515 3562 meis
1549 3509 1793 3563 omnibus
1837 3508 1995 3562 dictis
2036 3507 2119 3562 vel

570 3601 804 3671 scriptis,
846 3607 1090 3669 spectans
1123 3597 1403 3668 judicium.
1457 3596 1588 3652 Nam
1615 3599 1868 3660 obediens
1912 3600 2122 3654 devotio

573 3689 836 3761 laudanda
857 3699 958 3756 est,
988 3691 1033 3746 si
1066 3689 1383 3745 auctoritate
1411 3687 1650 3756 jubentis
1674 3691 1945 3759 probatur.
1999 3689 2124 3744 Haec

573 3797 700 3852 ergo
738 3789 824 3837 est
851 3780 1195 3850 interrogatio
1217 3819 1236 3845 ,
1266 3794 1384 3848 quae
1411 3780 1564 3834 nobis
1599 3781 1667 3834 ab
1707 3780 1893 3834 eodem
1945 3765 2122 3835 oblata

573 3880 677 3936 est,
701 3868 904 3925 scilicet
930 3885 956 3922 :.
981 3868 1108 3937 quid
1134 3867 1206 3940 sit
1245 3867 1571 3922 discriminis
1600 3867 1739 3940 inter
1789 3880 2037 3934 retentum
2075 3878 2123 3923 et

574 3961 934 4030 serupiternum
955 3997 970 4022 ,
1000 3999 1004 4004 .
1040 3964 1339 4029 perpetuum
1368 3963 1423 4011 et
1471 3953 1792 4020 immortale,
1845 3953 2124 4020 saeculum,

575 4065 736 4104 rerum
747 4056 800 4102 et
810 4046 1036 4116 tempus?
1053 4044 1287 4099 Primum
1299 4045 1440 4115 enim
1453 4045 1727 4100 sciendum
1737 4054 1820 4100 est
1833 4045 1970 4115 quod
1987 4047 2124 4120 idem

579 4127 730 4214 (Cod.
749 4131 1085 4204 Vat.,unum]
1107 4127 1404 4200 significare
1424 4134 1629 4208 videtur
1649 4129 1897 4188 internum
1917 4144 1972 4205 et
1995 4151 2126 4190 sem-

577 4226 870 4296 piternum:
893 4231 946 4278 et
973 4223 1194 4291 simplex
1215 4236 1331 4278 esse
1358 4239 1551 4280 nomen
1576 4230 2129 4298 teternum;sempiter-

581 4331 704 4368 nam
726 4327 850 4368 vero
863 4313 1211 4381 compositum
1235 4327 1301 4366 ex
1323 4313 1572 4388 adverbio
1597 4331 1817 4384 semper,
1841 4326 1895 4371 et
1915 4318 2128 4371 nomine

2217 3261 2345 3300 vero
2370 3246 2436 3300 de
2457 3252 2655 3298 aeterno
2681 3244 2928 3308 diximus,
2956 3243 3057 3299 hoc
3093 3243 3232 3300 idem
3283 3242 3407 3298 licet
3444 3242 3664 3312 intelligi
3705 3241 3771 3296 de

2218 3334 2560 3403 sempiterno.
2577 3332 2679 3387 Sed
2702 3332 2829 3407 quid
2862 3340 2946 3404 est
2970 3333 3111 3403 quod
3129 3331 3415 3404 Apostolus
3439 3327 3604 3387 dicit:
3639 3335 3771 3402 Ante

2217 3431 2447 3495 tempora
2496 3432 2690 3486 caterua
2735 3421 2908 3493 (Rom.
2943 3437 3053 3488 xvi,
3077 3421 3170 3487 25,
3197 3432 3246 3476 et
3267 3420 3330 3476 11
3355 3420 3487 3476 Tim.
3515 3436 3554 3478 ι.
3582 3419 3682 3492 9)?
3715 3419 3772 3474 Si

2217 3513 2360 3588 enim
2392 3522 2640 3583 tempora,
2677 3511 2942 3580 quomodo
2972 3520 3200 3577 ratam;
3241 3526 3366 3566 cum
3394 3517 3628 3580 tempora
3667 3523 3773 3563 non

2220 3610 2366 3668 sunt,
2388 3603 2490 3660 nisi
2519 3603 2571 3656 in
2593 3602 2898 3668 creaturis?
2921 3600 3024 3657 nisi
3047 3600 3183 3656 forte
3213 3609 3333 3655 ante
3347 3600 3522 3668 omnia
3545 3609 3774 3669 tempora

2221 3692 2440 3763 intelligi
2476 3692 2663 3747 voluit.
2699 3691 2922 3747 Eté'ma
2960 3701 3140 3755 autem
3178 3678 3370 3766 maluit
3395 3690 3574 3746 dicere
3613 3703 3772 3758 quam
3816 3753 3819 3756 _

2222 3783 2415 3846 omnia,
2450 3781 2676 3837 fortasse
2701 3783 2820 3836 ideo
2839 3782 2962 3851 quia
2987 3790 3193 3853 tempus
3219 3797 3324 3837 non
3350 3782 3513 3852 copit
3543 3795 3609 3835 ex
3638 3788 3775 3836 tem-

2221 3885 2353 3940 pore
2378 3887 2393 3935 ;
2421 3879 2622 3925 aeterna
2657 3869 2802 3925 enim
2821 3878 3057 3940 tempora
3077 3885 3249 3925 arvum
3269 3870 3592 3940 signiﬁcant.
3632 3869 3778 3925 Inter.

2224 3974 2384 4012 cuum
2434 3967 2610 4012 autem
2637 3966 2690 4013 et
2714 3967 2910 4028 tempus
2937 3959 3037 4013 hoc
3061 3958 3226 4014 distat
3263 3959 3404 4027 quod
3429 3958 3567 4014 illud
3579 3957 3769 4012 stabile

2223 4057 2326 4114 est,
2348 4057 2556 4120 tempus
2581 4057 2760 4102 autem
2787 4049 3061 4104 mutabile.
3110 4045 3371 4104 Sticulum
3417 4063 3546 4114 vero
3582 4048 3776 4124 dicitur

2223 4146 2342 4206 post
2370 4144 2578 4201 creatas
2626 4134 2758 4207 [Al.,
2813 4136 3060 4210 dicuntur
3118 4137 3290 4206 primo
3331 4135 3548 4208 creatae]
3598 4151 3774 4190 rerum

2224 4225 2447 4293 species,
2477 4226 2530 4278 et
2552 4224 2605 4276 in
2630 4223 2868 4278 diversas
2911 4231 3205 4294 temporum
3229 4223 3626 4292 ,mutabilitates
3664 4225 3774 4288 dis-7

2228 4314 2406 4368 tinctae
2427 4328 2442 4376 ;
2464 4313 2778 4380 videturque
2813 4312 3056 4366 secutum
3085 4321 3140 4368 et
3174 4322 3401 4382 tempora
3459 4314 3614 4368 simul
3667 4329 3774 4377 om:

457 4443 465 4454 .
583 4414 851 4457 aeternum.
868 4373 1165 4457 Ideo-omne
1182 4380 1438 4456 aeternum
1459 4411 1636 4472 potest
1656 4373 1757 4458 dici
1776 4373 1829 4459 et
1854 4405 2128 4474 sempiter-
2160 4472 2194 4478 _
2227 4403 2389 4478 pisse.
2422 4373 2526 4456 Sed
2567 4373 2746 4456 mult-is
2784 4401 2933 4466 Ῑοεὶεο
2983 4402 3228 4464 secutum
3273 4373 3433 4458 etiam
3488 4406 3538 4459 in
3592 4373 3774 4478 sancta

579 4507 1049 4560 num;econverso
1061 4491 1410 4547 ordineomne
1421 4493 1794 4562 sempiternum
1808 4472 2132 4572 etiam—teter:
2160 4472 2208 4530 ί)
2233 4472 2507 4560 Scriptura
2538 4489 2730 4558 legitur
2755 4505 2853 4560 pro
2875 4492 3201 4562 sempiterno,
3243 4502 3304 4548 ut
3346 4493 3541 4572 dicitur
3570 4507 3586 4547 :

582 4599 726 4638 num.
743 4583 1063 4654 Perpetuam
1088 4598 1215 4639 vero
1240 4582 1451 4638 videtur
1470 4584 1808 4656 (derivatum)
1829 4600 1948 4640 esse
1973 4573 2130 4641 exeo
2159 4613 2162 4616 ~

584 4671 724 4740 quod
733 4681 817 4726 est
837 4688 1034 4742 perpes,
1047 4681 1102 4727 et
1114 4672 1416 4743 signiﬁcare
1439 4673 1580 4742 quod
1596 4675 1738 4728 nullo
1750 4676 1800 4729 di
1808 4675 2020 4730 rimitnr
2043 4676 2128 4730 in-

583 4759 824 4826 tervallo,
844 4757 937 4816 sed
948 4775 1160 4832 semper
1170 4761 1354 4816 eodem
1369 4762 1525 4816 modo
1543 4771 1745 4833 perstat
1756 4780 1860 4833 quo
1873 4775 1971 4820 est.
1988 4767 2132 4822 Inter

585 4862 829 4906 wternum
884 4857 1061 4905 autem
1100 4859 1154 4905 et
1186 4849 1473 4906 immortale
1503 4851 1606 4907 hoc
1647 4852 1847 4908 distare
1897 4854 2127 4920 videtur,

585 4938 725 5005 quod
769 4953 932 4993 omne
980 4945 1237 4992 a-ternum
1271 4939 1590 5005 immortale,
1632 4957 1734 4995 non
1764 4953 1941 4997 tamen
1974 4955 2138 4998 omne

588 5026 884 5098 immortale
946 5034 1200 5080 aeternum
1242 5036 1386 5082 recte
1430 5029 1641 5084 dicitur.
1696 5031 1837 5086 lntcr
1875 5048 2037 5087 rerum
2077 5041 2131 5085 et

589 5113 832 5166 articulum
861 5117 934 5169 ita
980 5114 1208 5170 discerni
1250 5124 1442 5184 potest,
1489 5117 1629 5185 quod
1676 5134 1837 5172 rerum
1882 5120 2128 5188 quiddam

591 5209 846 5256 aeternum
874 5211 1067 5271 potest
1113 5205 1356 5274 intelligi,
1403 5203 1650 5261 siccatum
1673 5220 1799 5260 vero
1847 5198 2131 5274 temporale

667 5372 1164 5460 Iul-laneepis‘tolam
1186 5380 1719 5460 Quercetannsinter
1744 5395 1907 5460 opera
1930 5380 2132 5460 Alcuini

595 5443 892 5560 dogmatica
922 5443 1127 5530 primo.
1148 5443 1311 5502 edidit
1388 5465 1471 5530 ag.
1501 5450 1624 5514 765,
1670 5443 1854 5518 postea
1886 5449 2136 5529 lectiones

599 5510 654 5560 dt
693 5520 901 5560 arentes
928 5522 983 5560 et
1006 5515 1250 5560 meliores
1274 5465 1473 5560 λᾶιῇήιί
1496 5533 1615 5560 nan-
1648 5519 1798 5560 4519.
1845 5517 2026 5560 Gallum
2054 5517 2136 5560 lit...

599 5510 901 5589 dilerpntes
923 5510 983 5589 et
1006 5515 1250 5570 meliores
1274 5510 1473 5572 addidit
1496 5510 1619 5589 pag.
1648 5510 1802 5572 1512.
1845 5517 2138 5589 Gallimlit-

602 5577 811 5651 ηεξατ-ίῳ
833 5583 1118 5651 scriptores
1137 5591 1355 5650 censent
1375 5577 1611 5641 eamdem
1634 5590 1832 5651 rectius
1853 5588 1988 5642 inter
2008 5585 2139 5639 alias

603 5642 852 5774 Epistolas
893 5642 1093 5708 Aleuini
1140 5648 1298 5722 quam
1350 5653 1488 5706 inter
1528 5649 1819 5725 dogmatica
1869 5655 2135 5710 collocari.

653 5722 838 5769 uorum
865 5723 1116 5774 monitum
1135 5721 1300 5774 secuti
1330 5735 1527 5774 sumus.
1556 5721 1734 5774 Exstat
1757 5740 1874 5774 enm
1896 5725 2135 5774 emenda-

653 5722 838 5769 uormn
865 5723 1116 5776 monitum
1135 5721 1300 5776 secuti
1330 5735 1527 5774 sumus.
1556 5721 1734 5776 Eistat
1757 5740 1874 5777 eum
1896 5725 2141 5778 emenda-

2230 4575 2488 4641 Quoniam
2508 4577 2563 4630 in
2603 4577 2847 4646 steculum
2881 4579 3234 4639 misericordia
3263 4583 3398 4652 ejus.
3429 4570 3601 4654 (Ptol.
3626 4598 3711 4648 cv,
3737 4600 3775 4653 ι,

2227 4675 2272 4719 et
2288 4681 2452 4729 cxvn,
2471 4666 2500 4719 1
2514 4666 2643 4735 seq.)
2661 4666 2727 4720 In
2743 4665 3011 4732 amulum,
3026 4667 3230 4722 scilicet
3249 4670 3302 4722 in
3322 4680 3616 4740 perpetuum
3627 4668 3776 4737 dicit,

2228 4757 2475 4822 quoniam
2521 4756 2881 4823 misericordia
2909 4756 3074 4826 ipsius
3115 4766 3312 4813 aeterna
3363 4768 3420 4814 et
3471 4761 3778 4818 indeliciens

2229 4852 2332 4912 est.
2365 4842 2626 4898 chulum
2651 4853 2731 4898 est
2751 4846 2912 4900 etiam
2957 4847 3133 4902 mundi
3158 4849 3290 4904 ordo
3317 4851 3634 4916 "decurrens,
3685 4854 3776 4924 qui

2229 4932 2296 4985 ad
2331 4930 2506 4986 futura
2534 4932 2755 4986 tendens
2778 4935 3046 5002 praeterita
3071 4936 3287 5002 deserit,
3313 4947 3368 4994 et
3419 4939 3548 5005 ideo.
3585 4941 3776 5006 secula

2228 5023 2367 5078 dicta
2403 5039 2523 5080 esse
2560 5033 2794 5093 putatur,
2848 5027 2973 5095 quia
3010 5027 3062 5080 in
3109 5041 3169 5082 se
3200 5028 3400 5097 iugiter
3446 5022 3778 5102 resolvuntur.

2231 5111 2322 5185 [F.
2351 5113 2714 5184 revolvuntur]
2737 5124 2994 5184 tempora.
3045 5113 3150 5187 Sed
3175 5115 3474 5173 differentia
3528 5105 3777 5182 esL’dum

2228 5201 2440 5263 dicitur,
2468 5217 2498 5254 α
2526 5198 2854 5261 saculozlet
2900 5202 3025 5275 dum
3083 5202 3376 5268 dicitur,irt
3417 5205 3672 5279 tacula];
3724 5212 3778 5274 et

2232 5377 2464 5502 tigribus
2506 5378 2560 5433 in
2601 5380 2719 5436 cod.
2760 5397 2870 5468 reg.
2891 5384 3015 5439 Vat.
3045 5381 3133 5439 69.
3165 5382 3334 5460 (Apud
3358 5385 3591 5457 Froben.

2302 5517 2329 5556 ιι
2356 5515 2641 5593 Candidus.
2675 5517 2840 5593 Cuius
2867 5534 3029 5593 opera
3057 5522 3248 5593 saepius
3273 5525 3350 5579 uti
3375 5524 3581 5593 solebat
3601 5522 3776 5593 Alcai-

2236 5600 2355 5663 nns,
2387 5593 2448 5663 ut_
2472 5591 2618 5655 patet
2647 5600 2710 5640 ex
2744 5587 2984 5663 piurilius
3013 5587 3268 5663 epistolis,
3311 5592 3605 5663 inquibus
3630 5589 3774 5663 illum

2237 5654 2514 5729 aliquoties
2556 5663 2713 5729 vocat
2745 5654 3062 5727 Wisonrmf
3092 5655 3164 5729 De
3202 5654 3306 5729 quo
3341 5654 3447 5716 vid.
3489 5657 3626 5712 Gall.
3669 5656 3772 5722 litt.

2240 5732 2364 5776 tom.
2393 5723 2457 5788 ν,
2487 5736 2607 5794 pag.
2640 5723 2839 5792 lliseq.
3101 5722 3131 5732 ”
3211 5722 3235 5749 ’τ
3299 5722 3304 5726 ⁷
3742 5729 3746 5734 ’
