4258 6206
413 310 502 367 ﬁl

1862 289 2230 346 EPISTOLA-Z.

3484 288 3586 344 iii

409 425 528 474 dum
584 416 791 474 dicitur,
834 416 887 467 in
922 413 1164 466 scendum
1192 409 1387 465 strcuii.
1436 410 1603 462 Adam
1650 421 1874 472 namque
1917 420 1946 455 a
1976 407 2022 460 Α
2050 410 2257 454 :eternm
2289 417 2391 454 non
2423 409 2576 464 sunt,
2605 403 2696 454 sed
2725 399 2849 453 illud
2875 402 3012 469 quod
3044 402 3155 455 ista:
3181 400 3391 471 S)‘IIJI‘1€C
3420 401 3587 470 signi-

408 505 590 562 sa'culo
614 505 739 569 fuit;
771 502 822 558 id
847 510 928 556 est
958 501 1009 555 in
1035 499 1294 570 principio
1349 495 1542 550 seculi.
1588 495 1774 547 Cmteri
1821 508 1942 545 vero

404 605 610 665 patres,
648 593 776 659 Noe,
803 592 1068 646 Abraham
1096 592 1150 643 in
1177 589 1379 650 seculo,
1411 587 1502 641 sed
1528 601 1630 642 non
1676 601 1706 638 a
1756 582 1943 637 saeculo

405 685 614 743 fuerunt
640 700 653 736 :
690 683 826 736 sicut
849 694 1032 734 omnes
1053 679 1266 731 humani
1297 677 1506 746 generis
1554 675 1719 728 series
1768 673 1819 725 in
1850 687 1945 724 sa:-

404 774 522 830 culo
546 772 776 834 fuerunt,
808 769 889 823 vel
918 776 1061 831 sunt,
1094 765 1176 820 vel
1224 765 1413 819 futura:
1437 773 1576 817 sunt.
1606 762 1671 814 In
1701 758 1943 814 saxulum

403 877 529 916 vero
553 859 749 915 statuti.
792 857 1028 911 futurum
1055 862 1138 908 est
1185 853 1452 914 saxulum,
1503 852 1643 918 quod
1685 858 1804 920 post
1845 849 1944 901 hoc

401 960 504 1004 ent
531 948 801 1008 saxulum,
832 947 972 1014 quod
998 956 1048 997 et
1073 945 1126 996 in
1151 942 1339 996 sazcula
1361 940 1668 994 swculorum
1693 938 1841 1010 (Tob.
1869 952 1941 1000 ix,

402 1037 489 1106 ll)
521 1038 731 1091 dicitur.
762 1035 893 1088 Nam
919 1033 1231 1102 quibusdam
1267 1031 1318 1083 in
1342 1030 1471 1083 locis
1498 1030 1552 1081 in
1581 1026 1824 1081 smculum
1849 1041 1946 1082 sa!-

399 1123 503 1176 culi
538 1124 885 1181 aiteriiitatem
939 1119 1146 1174 Domini
1205 1118 1445 1171 absolute
1482 1115 1760 1185 signiﬁcat,
1809 1129 1944 1183 quo-

401 1212 540 1265 niam
573 1210 659 1264 ille
685 1218 738 1264 et
767 1211 928 1263 etiam
968 1217 1090 1260 ante
1125 1206 1393 1268 saxulum,
1437 1213 1491 1264 et
1537 1205 1591 1256 in
1637 1202 1851 1266 saiculo,
1893 1210 1947 1254 et

401 1309 520 1368 post
547 1299 670 1352 illud
695 1299 946 1351 smeulum
976 1297 1277 1359 misericors
1315 1308 1433 1348 esse
1483 1301 1825 1346 monstratur.
1882 1290 1947 1344 Et

401 1387 518 1440 ideo
576 1387 769 1440 dicitur
800 1387 864 1440 de
915 1399 1018 1440 eo:
1049 1384 1410 1438 Misericordia
1465 1393 1634 1436 autem
1659 1381 1866 1433 Domini
1915 1398 1947 1434 α

397 1475 584 1529 ιιεειιιο
625 1486 672 1529 et
699 1491 882 1544 usque
931 1477 984 1529 in
1026 1475 1270 1528 sarculum
1316 1491 1468 1543 super
1518 1475 1748 1525 timentes
1808 1487 1942 1524 eum.

398 1565 567 1635 (Psal.
601 1582 692 1626 cn.
726 1565 835 1633 Π.)
873 1564 1002 1618 Item
1040 1583 1052 1616 :
1085 1564 1151 1617 In
1180 1564 1423 1618 stcculum
1467 1564 1640 1620 saeculi
1672 1563 1841 1634 (Psal.
1871 1580 1941 1625 ix,

396 1655 447 1719 6,
469 1664 516 1708 et
543 1671 597 1716 x,
624 1654 704 1715 16,
729 1653 850 1722 etc.)
882 1661 1096 1722 propter
1122 1654 1226 1706 duo
1255 1652 1590 1706 Testamenta
1636 1665 1775 1721 smpe
1814 1652 1944 1721 legi-

397 1756 483 1799 tur
509 1746 758 1814 positum,
789 1746 912 1814 quia
940 1744 1041 1797 hoc
1091 1741 1292 1794 Novum
1323 1742 1717 1795 Testamentum
1748 1744 1938 1810 prioris
1971 1749 2014 1806 Β

397 1834 575 1888 σπευιὶ
604 1834 855 1888 saeculum
904 1840 1003 1892 est,
1045 1832 1184 1884 sicut
1221 1839 1275 1883 et
1322 1829 1559 1882 futurum
1609 1831 1763 1886 istius
1808 1847 1940 1899 prse-

395 1924 564 1988 sentis
616 1924 737 1985 erit.
766 1922 1035 1975 Invenitur
1062 1935 1270 1988 quoque
1319 1917 1563 1972 steculum
1615 1935 1712 1987 pro
1768 1921 1943 1988 cujus-

395 2013 526 2065 libet
571 2011 824 2078 temporis
880 2009 983 2070 ﬁne
1044 2008 1185 2076 poni.
1243 2007 1374 2060 Nam
1416 2008 1479 2070 in
1542 2007 1679 2076 Lege
1734 2008 1942 2062 Domini

395 2103 588 2156 dicitur
622 2115 636 2153 :
679 2101 759 2154 Sit
785 2103 875 2153 tibi
896 2117 1067 2153 servus
1099 2102 1153 2152 in
1189 2100 1435 2152 sarculum
1483 2099 1674 2168 (Exod.
1720 2116 1831 2164 XXI,
1864 2100 1938 2171 6),

396 2193 448 2245 id
495 2201 597 2254 est,
647 2206 814 2259 usque
859 2191 911 2244 in
948 2188 1218 2256 jnbilzeum
1257 2203 1472 2241 annum.
1528 2188 1630 2242 Sed
1669 2191 1942 2244 sciendum

397 2290 479 2337 est
520 2283 660 2350 quod
699 2292 947 2336 wternum
993 2282 1161 2334 tribus
1217 2280 1388 2333 modis
1445 2281 1497 2332 in
1533 2289 1714 2333 sancta
1766 2281 1944 2349 Scrip-

398 2353 513 2426 tura
537 2358 642 2440 legi
669 2373 819 2425 solet.
855 2371 1050 2435 Primo,
1099 2372 1237 2440 quod
1291 2386 1415 2424 vere
1452 2379 1506 2424 et
1540 2371 1750 2440 proprie
1791 2381 1979 2424 mter--

396 2476 522 2515 num
553 2461 761 2524 dicitur,
791 2460 932 2514 omni
958 2458 1350 2530 [mutabilitate]
1391 2473 1596 2518 carens,
1640 2460 1776 2513 sicut
1802 2459 1944 2513 solus

399 2551 538 2606 Deus
563 2561 662 2606 est.
684 2552 831 2605 Alter
858 2567 982 2605 vero
1007 2553 1192 2605 modus
1218 2560 1319 2614 est,
1350 2567 1470 2604 cum
1499 2565 1562 2604 ea
1616 2567 1701 2604 res
1745 2562 1942 2605 :etet‘na

395 2641 608 2704 dicitur,
636 2657 753 2709 qua:
793 2642 903 2710 ipsa
934 2642 1144 2708 quidem
1171 2655 1264 2710 per
1284 2656 1342 2694 se
1365 2649 1561 2694 mterna
1595 2658 1696 2695 non
1727 2652 1826 2704 est,
1851 2644 1944 2698 sed

399 2727 541 2798 quod
563 2729 840 2798 signiﬁcat,
873 2739 1125 2783 aeternum
1148 2738 1259 2793 est;
1297 2729 1456 2782 veluti
1485 2731 1582 2783 hoc
1611 2731 1746 2797 quod
1779 2731 1944 2783 Abra-

403 2821 484 2872 hze
509 2819 702 2872 dicitur
731 2834 745 2870 :
777 2819 922 2872 Dabo
946 2821 1036 2872 tibi
1061 2829 1106 2873 et
1146 2821 1325 2874 semini
1356 2832 1445 2873 tuo
1488 2830 1674 2872 terram
1722 2823 1854 2872 hanc
1890 2823 1944 2874 in

398 2907 765 2982 possessionem
780 2917 1022 2959 aeternam
1044 2907 1193 2975 (Gen.
1214 2925 1342 2969 xvn,
1358 2909 1439 2978 8),
1455 2908 1585 2961 Cum
1603 2924 1699 2962 nec
1713 2909 1822 2976 ipsa
1841 2919 1945 2963 ter-

403 3009 483 3057 ra,
510 3009 606 3046 nec
647 2992 760 3060 eius
785 2993 1110 3047 habitatores
1136 2997 1316 3048 mtcrni
1347 3012 1464 3049 esse
1489 2999 1802 3064 potuissent,
1851 3000 1943 3052 sed

2044 490 2224 554 ﬁcant,
2255 490 2573 544 omnimodis
2600 499 2853 543 :eternum
2885 499 2984 545 est.
3026 492 3194 546 Verba
3225 493 3365 545 enim
3396 495 3588 560 quibus

2043 577 2325 645 loquimur,
2358 578 2488 631 nihil
2530 578 2671 632 aliud
2712 587 2836 632 sunt
2879 579 2980 651 nisi
3021 580 3168 648 signa
3200 567 3375 633 rerum
3402 595 3585 634 earum

2042 680 2174 734 quas
2203 676 2376 720 mente
2402 667 2746 734 concipimus,
2775 668 2966 735 quibus
2990 668 3055 733 ad
3078 669 3425 734 cognitionem
3453 666 3582 721 alio-

2043 770 2158 807 rum
2205 755 2384 807 venire.
2434 755 2711 808 volumus:
2764 769 2880 822 qum
2928 756 3087 816 verba
3138 770 3399 822 nunquam
3446 763 3586 808 recte

2043 840 2400 909 proferuntur,
2433 843 2532 895 nisi
2563 843 2834 895 veritatem
2867 842 3180 910 signiﬁcent.
3214 843 3418 906 Veritas
3444 843 3586 897 enim

2041 929 2184 981 onmi
2225 929 2424 982 homini
2455 931 2710 983 naturalis
2736 940 2816 985 est
2845 933 2896 985 in
2928 942 3128 986 tantum
3147 974 3160 993 ,
3201 941 3257 986 ut
3286 934 3458 987 nullus
3484 949 3585 986 un-

2043 1033 2201 1092 quam
2237 1033 2333 1086 pro
2359 1021 2578 1073 veritate
2615 1018 2800 1074 falsum
2840 1022 3021 1075 audire
3049 1022 3203 1084 velit,
3243 1038 3306 1077 eo
3341 1022 3494 1076 modo
3527 1028 3587 1074 ut

2044 1106 2156 1174 ipse
2184 1122 2365 1161 verum
2397 1117 2542 1177 putet
2567 1109 2705 1176 quod
2737 1107 2921 1161 falsum
2951 1118 3059 1172 cst,
3098 1111 3197 1163 nisi
3230 1112 3339 1178 ipse
3365 1110 3586 1164 nimium

2044 1195 2221 1246 varius
2265 1193 2417 1266 [ϐοά.
2469 1193 2580 1247 Vat.
2627 1194 2810 1266 vanus]
2859 1197 2927 1249 sit
2973 1204 3026 1249 et
3069 1198 3134 1249 ab
3176 1197 3320 1250 omni
3363 1196 3586 1250 veritate

2043 1296 2280 1336 aversus.

2115 1369 2218 1424 Sed
2249 1371 2367 1437 quia
2395 1371 2459 1424 ad
2488 1371 2644 1425 ﬁnem
2672 1373 2922 1426 chartulte
2956 1381 3204 1440 properat
3231 1374 3417 1438 series,
3445 1373 3589 1429 vide-

2046 1467 2132 1512 tur
2156 1469 2328 1513 ratum
2356 1461 2550 1530 aliquid
2576 1463 2638 1515 de
2665 1463 2775 1529 ipso
2805 1465 2904 1515 line
2928 1463 3120 1516 dicere.
3156 1463 3246 1516 Est
3273 1465 3410 1517 enim
3443 1464 3590 1518 locus

2045 1549 2130 1600 ubi
2160 1548 2277 1601 ﬁnis
2300 1551 2436 1616 quod
2462 1550 2576 1601 sine
2599 1551 2700 1602 ﬁne
2725 1559 2803 1603 est
2827 1550 3105 1618 signiﬁcat,
3128 1560 3184 1603 ut
3205 1551 3255 1604 in
3276 1551 3584 1622 Evangelio:

2045 1633 2172 1687 Cum
2200 1636 2457 1689 dilexisset
2484 1653 2584 1697 eos,
2626 1638 2713 1707 qui
2751 1648 2894 1690 erant
2924 1638 2977 1690 in
3006 1639 3214 1709 mundo,
3254 1641 3306 1692 in
3331 1640 3485 1708 ﬁnem
3509 1641 3588 1692 dt-

2044 1721 2164 1774 lexit
2192 1740 2274 1775 cos
2305 1724 2479 1792 (Joan.
2513 1741 2628 1786 xm,
2668 1727 2745 1793 l),
2788 1725 2837 1777 id
2874 1735 2981 1786 est,
3023 1727 3074 1786 in
3115 1717 3372 1780 mternum
3407 1728 3590 1800 dilexit

2041 1826 2150 1863 eos.
2201 1812 2292 1863 Est
2321 1822 2478 1865 etiam
2507 1815 2592 1865 ubi
2621 1814 2997 1880 perfectionem
3028 1816 3307 1886 signiﬁcat,
3341 1826 3433 1872 ut:
3469 1818 3588 1885 finis

2039 1906 2171 1956 enim
2201 1905 2324 1972 legis
2354 1917 2422 1957 est
2451 1905 2681 1958 Christus
2714 1905 2885 1975 (Rom.
2917 1923 2967 1968 ι,
2996 1906 3070 1974 4),
3117 1906 3168 1960 id
3196 1917 3296 1969 est,
3337 1907 3591 1978 perfectio

2042 1992 2193 2061 legis.
2237 1995 2329 2046 Est
2359 2009 2589 2061 quoque,
2618 1995 2703 2048 tibi
2739 1996 2902 2062 ipsum
2932 1995 3192 2063 signiﬁcat
3217 1990 3502 2065 Christum,
3533 2007 3590 2050 ut

2041 2082 2092 2134 in
2138 2084 2452 2150 quibusdam
2502 2085 2842 2152 psalmorum
2874 2085 3078 2138 titulis:
3129 2086 3180 2138 in
3227 2086 3380 2153 ﬁnem
3426 2087 3590 2145 Dauid

2041 2169 2210 2238 (Psal.
2236 2187 2304 2230 ιι,
2333 2187 2422 2234 ι.ιι,
2451 2182 2496 2222 et
2524 2171 2643 2239 al.),
2682 2172 2730 2223 id
2760 2180 2862 2234 est,
2895 2173 2946 2224 in
2974 2172 3260 2243 Christum.
3294 2173 3588 2242 Aliquando

2040 2260 2197 2312 etiam
2231 2261 2349 2313 ﬁnis
2382 2260 2639 2330 signiﬁcat
2673 2261 2826 2313 ﬁnem
2873 2262 3149 2328 cujuslibet
3179 2264 3253 2316 rei
3280 2264 3358 2316 vel
3392 2275 3587 2332 tempoo

2042 2349 2148 2411 ris;
2189 2358 2245 2402 ut
2282 2350 2332 2402 in
2374 2350 2627 2402 Danicle:
2681 2351 2732 2401 in
2773 2350 2875 2416 ﬁne
2919 2361 3086 2402 autem
3135 2351 3333 2404 dierum
3379 2352 3585 2404 illorum

2043 2441 2200 2509 (Dan.
2229 2459 2300 2506 Iv,
2323 2442 2431 2508 3|).
2467 2442 2574 2494 Nec
2597 2441 2722 2501 mihi
2751 2441 3026 2508 multitudo
3051 2443 3330 2495 verborum
3355 2451 3410 2497 et
3435 2443 3586 2498 char-

2042 2530 2166 2582 tula:
2195 2529 2464 2598 longitudo
2493 2529 2784 2594 obiicienda
2820 2538 2933 2590 est,
2982 2533 3103 2597 quia
3145 2531 3415 2600 longitudo
3460 2541 3581 2585 tem-

2040 2618 2204 2687 poris,
2225 2618 2302 2669 vel
2327 2618 2491 2686 magis
2515 2618 2637 2670 illud
2659 2620 2797 2684 quod
2821 2626 3022 2684 tempus
3044 2633 3144 2672 non
3168 2619 3347 2681 habet,
3369 2619 3589 2688 plurima

2042 2706 2213 2772 poscit
2239 2706 2395 2757 verba
2413 2743 2427 2766 ,
2463 2705 2654 2779 quibus
2681 2705 3068 2757 demonstretur
3094 2706 3232 2772 quod
3261 2706 3346 2758 vix
3375 2707 3582 2763 demen-

2042 2795 2198 2847 strari
2227 2795 2382 2864 180
2403 2794 2584 2862 possit.
2632 2793 2734 2846 Sed
2760 2793 2994 2848 calamus
3035 2794 3086 2847 in
3131 2790 3273 2849 fonte
3316 2796 3589 2849 rharitatis

2045 2883 2256 2946 tinctus,
2301 2883 2451 2936 dulce
2479 2884 2781 2937 habetcum
2807 2898 2870 2936 eo
2898 2884 3067 2951 loqui,
3112 2886 3197 2939 cui
3238 2886 3413 2941 omnia
3455 2889 3590 2940 bona

2045 2973 2214 3026 dulcia
2253 2981 2400 3036 sunt;
2440 2972 2524 3026 cui
2563 2972 2700 3025 Deus
2735 2987 2988 3028 munitam
3028 2975 3318 3040 concedere
3346 2977 3590 3047 dignetur

400 3091 543 3147 terra
568 3083 875 3145 viventium,
907 3099 1023 3150 qua:
1050 3098 1144 3150 per
1175 3084 1307 3137 hanc
1354 3095 1546 3137 terram
1590 3086 1940 3154 signiﬁcatur,
1966 3075 2014 3134 C
2045 3061 2392 3114 dulcedinem-

401 3182 597 3226 :eterna
625 3181 734 3237 est;
792 3183 848 3227 et
875 3175 1200 3234 habitatores
1247 3177 1383 3230 illius
1409 3179 1612 3238 aeterni,
1645 3179 1709 3232 de
1752 3180 1943 3246 quibus

404 3260 596 3313 dicitur
618 3279 631 3314 :
657 3261 804 3315 Beati
823 3263 985 3324 mites,
1010 3250 1250 3331 quoniam
1271 3267 1365 3332 ipsi
1383 3268 1710 3334 possidebunt
1731 3279 1940 3322 terram.

405 3346 626 3423 [Mallia
674 3365 724 3411 v,
757 3350 835 3418 4.)
876 3350 1085 3404 Tertius
1121 3354 1306 3407 modus
1349 3362 1446 3415 est,
1499 3359 1708 3423 quando
1750 3374 1810 3410 ea
1861 3376 1944 3414 res

404 3447 598 3490 aeterna
622 3439 924 3505 appellatur,
955 3441 1037 3493 cui
1070 3439 1189 3494 ﬁnis
1235 3458 1337 3495 non
1361 3447 1720 3506 constituitur,
1759 3459 1848 3502 aut
1872 3452 1942 3504 ita

407 3525 464 3577 ﬁt
489 3533 546 3578 ut
566 3526 813 3595 deinceps
843 3542 948 3580 non
976 3529 1043 3582 sit
1079 3529 1336 3595 facienda,
1359 3543 1612 3601 quantum
1655 3539 1719 3590 ad
1762 3555 1942 3593 curam

407 3614 484 3667 vel
506 3614 571 3666 ad
592 3624 903 3684 potestatem
929 3617 1190 3688 facientis,
1228 3632 1317 3675 aut
1339 3624 1562 3678 dicentis
1604 3629 1846 3693 pertinet,
1879 3646 1944 3682 eo

403 3717 594 3768 genere
618 3704 914 3769 locutionis,
955 3723 1059 3774 quo
1084 3710 1298 3777 quidam
1335 3711 1494 3766 Poeta
1533 3714 1697 3767 dicit:

524 3833 722 3882 Serviet
747 3841 998 3896 aeternum,
1024 3839 1107 3898 qui
1132 3851 1279 3898 parvo
1301 3843 1486 3890 nesciet
1511 3844 1602 3891 uti.

405 3931 515 3985 Non
557 3933 698 3985 enim
737 3942 912 4001 potest
950 3943 1205 3989 aeternum
1247 3940 1465 4003 servire,
1505 3939 1655 4007 cujus
1696 3943 1808 4010 ipsa
1831 3945 1940 4005 ,vita

401 4027 596 4073 teterna
625 4035 741 4073 esse
766 4037 868 4074 non
897 4031 1086 4090 potest.
1129 4024 1230 4078 Sed
1259 4028 1389 4079 mira
1419 4026 1547 4098 [Al.,
1579 4029 1763 4102 magis]
1794 4048 1939 4101 qua:-

400 4107 522 4161 dam
543 4108 833 4163 dill'erentia
859 4120 940 4164 est
964 4113 1100 4166 inter
1118 4118 1398 4171 essentiam
1425 4121 1798 4190 omnipotentis
1825 4123 1936 4186 Dei,

399 4205 454 4259 ει
476 4197 736 4278 volventia
764 4199 1004 4254 humana:
1039 4204 1158 4258 vita:
1197 4214 1452 4275 tempora.
1509 4209 1754 4278 Legimus
1799 4211 1938 4264 enim

402 4285 499 4338 tria
529 4294 760 4354 tempora
787 4303 923 4357 esse,
968 4290 1150 4356 idest,
1193 4298 1539 4362 praeteritum,
1582 4315 1843 4368 prassens,
1885 4310 1938 4354 et

2114 3168 2233 3240 [Det
2263 3170 2353 3222 tibi
2383 3179 2686 3237 perpetuam
2715 3173 2951 3227 clem'ns
2981 3174 3030 3226 in
3061 3175 3213 3228 saecla
3244 3175 3466 3229 salutem

2184 3259 2248 3312 Et
2277 3261 2437 3314 decus
2464 3261 2688 3327 imperii,
2729 3261 2835 3313 Dav
2869 3280 2890 3315 ἰ
2930 3271 3111 3326 amate,
3139 3263 3324 3334 Deus.]

2495 3385 2518 3411 ι
2542 3372 2866 3442 EPISTOLA
2915 3374 3134 3431 CLXIII.

2631 3479 2696 3515 AD
2734 3480 2994 3518 CABOLUII.

2047 3544 2272 3620 Exponit
2290 3557 2481 3620 textum
2504 3549 2561 3601 S.
2583 3549 2734 3602 Lucra
2760 3568 2872 3619 cap.
2895 3568 3026 3620 XXII,
3051 3554 3134 3607 36.
3160 3565 3280 3620 etc.,
3307 3558 3368 3610 de
3392 3559 3588 3614 duobus

2112 3613 2318 3696 gladiis.
2365 3616 2704 3696 (.‘onqueﬁtur
2737 3621 2800 3672 de
2823 3613 3139 3696 quibusdam
3177 3613 3455 3696 epiicopis,
3499 3613 3586 3696 qui

2110 3682 2411 3757 presbyteris
2435 3682 2729 3757 et’diac‘onis
2757 3682 2941 3757 munus
2964 3682 3588 3757 prtrdicat'ionis'inhibere

2111 3748 2317 3814 colunt;
2347 3761 2393 3804 et
2418 3751 2480 3803 de
2505 3753 2861 3820 profanatione
2890 3748 3152 3812 altarium.

2110 3863 2330 3917 Domino
2367 3865 2785 3920 desiderabiliter
2814 3870 3098 3923 venerabili
3137 3879 3189 3924 et
3219 3872 3586 3928 venerabiliter

2042 3954 2371 4008 desiderabili
2411 3956 2574 4008 David
2604 3959 2744 4028 regi,
2788 3958 2838 4010 in
2870 3958 2972 4012 ﬁde
2997 3969 3050 4012 et
3081 3961 3339 4026 citaritate
3367 3962 3586 4018 Flaccus

2043 4040 2303 4112 [Albinus}
2331 4042 2573 4095 salutem.
3551 4108 3553 4110 η

2107 4129 2323 4184 Litteris
2359 4142 2546 4185 vestrm
2586 4133 2924 4191 nobilissima:
2961 4135 3176 4204 pietatis
3215 4139 3480 4204 acceptis,
3530 4140 3582 4194 in

2037 4220 2227 4286 quibus
2257 4229 2483 4273 vestram
2516 4223 2669 4275 nobis
2698 4223 2846 4275 valde
2875 4225 3158 4278 amabilem
3190 4227 3492 4296 sanitatem,
3530 4235 3583 4285 et

2039 4320 2227 4364 cuncto
2254 4311 2664 4366 Christianitatis
2702 4315 2922 4381 imperio
2959 4319 3408 4382 pernecessariam
3450 4333 3568 4386 pro.

401 4371 666 4473 futurum}
711 4376 800 4428 sed
839 4377 1006 4473 ita-ut
1046 4395 1178 4473 pene
1220 4383 1539 4473 nihilgnobis
1570 4403 1801 4456 praesens
1831 4391 1932 4454 sit,
1967 4385 2008 4442 υ
2037 4400 2335 4466 speritatem
2383 4415 2704 4467 cognoscens
2733 4371 2847 4470 [Iv-1,
2877 4371 3142 4473 cognovi],
3192 4413 3358 4458 totum
3403 4371 3580 4463 εει-δίε

396 4459 487 4512 sed
516 4463 690 4515 omnia
730 4466 996 4531 pnuterita
1040 4475 1092 4520 et
1133 4467 1326 4521 futura.
1361 4470 1610 4542 [Verbum
1641 4478 1780 4529 enim
1813 4479 1934 4532 dum

398 4547 530 4609 dico,
563 4550 791 4616 priorem
820 4553 940 4605 dum
971 4554 1100 4625 dixi]
1141 4556 1392 4627 syllabam
1438 4559 1565 4630 [.tl.,
1597 4563 1751 4618 Verbi
1795 4568 1934 4622 enim

397 4650 514 4687 eum
552 4637 661 4704 dixi
702 4640 934 4706 priorem
979 4643 1252 4715 syllabam,
1279 4646 1422 4718 etc.],
1469 4652 1731 4716 posterior
1760 4653 1932 4709 futura

397 4721 493 4774 luit
517 4741 529 4774 :
567 4732 620 4775 et
649 4726 770 4777 dum
797 4729 1140 4808 posteriorem
1168 4733 1303 4796 dico,
1335 4737 1588 4802 prmteriit
1616 4740 1775 4807 prior.
1827 4740 1934 4796 Deo

398 4823 520 4863 vero
547 4811 676 4868 nihil
702 4818 1028 4886 przeteritum
1069 4825 1121 4870 et
1160 4817 1424 4884 futurum,
1471 4825 1562 4877 sed
1589 4827 1765 4879 omnia
1793 4842 1931 4895 prce-

394 4902 562 4953 sentia
601 4910 754 4967 sunt,
800 4905 885 4972 qui
921 4921 1073 4960 servo
1111 4923 1205 4962 suo
1233 4909 1396 4980 Moysi
1426 4914 1532 4965 ait:
1567 4914 1678 4984 Ego
1706 4922 1933 4988 suntqui

396 5003 466 5038 sua
491 5004 525 5039 ε.
565 4989 629 5042 Et
654 5009 666 5042 :
701 4992 847 5045 Dices
877 4994 999 5060 ﬁliis
1028 4996 1227 5052 Israel:
1254 5001 1340 5067 qui
1363 5011 1456 5065 est,
1484 5005 1619 5057 misit
1649 5022 1727 5059 me
1751 5009 1818 5060 ad
1847 5027 1931 5063 ros

398 5073 602 5164 (and.
643 5096 702 5141 ll,
738 5081 844 5152 li).
897 5083 1000 5138 Sed
1041 5086 1084 5138 si
1128 5090 1368 5144 subtilius
1409 5108 1645 5159 quzercre
1689 5096 1928 5165 incipias.

397 5166 553 5220 etiam
592 5183 642 5236 ip
676 5184 715 5221 ,ε
739 5172 854 5224 dua:
882 5173 1120 5243 syllabae,
1165 5177 1286 5231 dum
1314 5181 1458 5234 disi:
1506 5181 1643 5237 Deus
1687 5196 1926 5249 aeternus,

399 5335 487 5440 η·
513 5321 760 5392 (Froben.
783 5329 940 5408 epist.
958 5330 1101 5411 124.)
1131 5334 1267 5416 Edit.
1297 5336 1612 5420 Quercetzﬁ,
1636 5341 1814 5396 Canis.
1838 5343 1924 5395 li.

446 5405 491 5442 ιε
511 5399 686 5444 autem
707 5395 884 5446 multis
914 5400 1044 5446 locis
1071 5412 1380 5446 casltaalmr
1400 5409 1566 5446 "mm
1595 5424 1655 5446 ην
1688 5411 1784 5446 ,πυι
1825 5427 1901 5446 η...

399 5400 491 5468 ttic
505 5400 686 5472 autem
707 5400 884 5450 multis
914 5400 1044 5452 locis
1071 5400 1380 5474 castigatior
1398 5409 1572 5476 prodit
1595 5400 1658 5462 ex
1688 5411 1803 5464 cod.
1825 5427 1922 5465 ms.

398 5455 1179 5547 'liibltoll‘heeees‘alisblur‘gensis,
1212 5474 1297 5547 ubi
1324 5475 1414 5547 hic
1458 5475 1745 5547 przeﬁgitur
1800 5481 1922 5533 titti—

398 5521 844 5612 [us‘zlgsplanatio
870 5521 1540 5612 q‘lailiorumiquiidicuntrur
1566 5521 1633 5598 iii3
1665 5521 1918 5612 passione.

399 5589 450 5642 In
478 5589 630 5648 editis
674 5611 796 5649 vero
824 5619 833 5651 :
868 5589 942 5653 De
969 5618 1024 5652 eo
1049 5609 1180 5671 quod
1192 5589 1922 5678 initiavit-7351

2037 4491 2138 4542 mei
2165 4489 2411 4542 allectum
2442 4491 2492 4542 in
2524 4493 2813 4559 gratiarum
2848 4494 3084 4546 actiones
3111 4493 3324 4548 Christo
3349 4494 3580 4564 clemen-

2037 4580 2242 4632 tissimo
2264 4579 2372 4647 regi
2398 4578 2590 4633 eﬁ‘udi:
2628 4581 2767 4634 illius
2804 4582 2984 4634 sedula
3015 4583 3254 4636 oratione
3290 4583 3576 4650 deprecans

2034 4669 2310 4735 pietatem,
2359 4685 2476 4722 cum
2512 4671 2757 4724 omnibus
2788 4682 2982 4725 nostra:
3011 4673 3302 4727 devotionis
3329 4689 3576 4741 coopera-

2035 4758 2266 4819 toribus,
2315 4769 2574 4826 quatenus
2617 4769 2846 4814 vestram
2889 4761 3161 4828 paciﬁeam
3203 4771 3256 4815 et
3295 4763 3572 4817 amabilem

2033 4847 2340 4913 potentiam,
2382 4848 2444 4900 ad
2482 4847 2855 4901 exaltationem
2885 4856 3080 4901 sanctae
3104 4864 3214 4902 sua:
3242 4849 3487 4904 Ecclesiae
3518 4858 3572 4904 et

2033 4934 2059 4971 δ
2084 4937 2425 4988 sacratissimi
2456 4935 2806 5004 gubernacula
2838 4936 3042 5004 imperii
3087 4937 3318 5005 longaeva
3359 4950 3574 5005 prospe-

2031 5023 2186 5077 ritate
2211 5026 2494 5089 eustodire,
2530 5039 2712 5093 regere
2737 5033 2790 5078 et
2819 5026 3040 5079 dilatare
3066 5025 3326 5092 dignetur.
3374 5023 3429 5078 In
3455 5026 3572 5091 qui-

2023 5112 2127 5166 bus
2168 5113 2514 5168 laudabitibus
2551 5129 2760 5182 quoque
2798 5123 2985 5167 vestra:
3024 5113 3293 5181 sapientia:
3332 5114 3569 5182 apicibus

2030 5215 2199 5254 meam
2220 5241 2234 5265 ,
2280 5211 2336 5260 ut
2364 5200 2503 5253 soliti
2533 5202 2680 5265 estis,
2713 5203 2986 5272 segnitiem
3012 5216 3106 5271 per
3131 5202 3569 5269 interrogationes

2027 5351 2192 5420 mine,
2212 5350 2313 5402 duo
2340 5349 2498 5420 gladii
2531 5352 2632 5404 hic.
2786 5418 2807 5420 ξ
2919 5418 2921 5420 η

2099 5419 2125 5457 δ
2155 5417 2506 5471 Sacratissimi
2532 5418 2857 5482 imperii.‘De
2886 5418 3147 5482 Romano,
3176 5420 3443 5482 existima,
3469 5420 3567 5473 lm-

2024 5487 2170 5553 perio
2201 5487 2311 5567 haec
2335 5501 2454 5540 esse
2481 5487 3049 5567 inte‘l‘ligenda_.‘_Unde
3096 5490 3240 5567 hanc
3286 5487 3563 5557 epistolam

2024 5569 2126 5607 non
2156 5564 2277 5607 ante
2310 5570 2502 5609 annum
2552 5555 2746 5608 Christi
2792 5557 2893 5609 800
2943 5559 3117 5609 datam
3168 5555 3334 5610 luisse
3380 5569 3564 5611 cense-

2023 5636 2159 5673 I'llUS.
