4258 6198
662 344 769 400 ιῖξιι

1484 335 1540 386 Β.
1581 334 1638 386 F.
1681 329 1896 386 ALBINI
1936 328 2060 381 SEU
2096 325 2364 380 ALCUINI
2401 318 2674 378 OPERUX
2712 318 2884 372 PARS
2906 317 2947 370 Ι.

3711 307 3814 360 ιιι

662 444 1091 517 prudentissimas
1133 439 1390 510 sagaciter
1428 436 1576 509 (Cod.
1606 435 1743 500 Sal.,
1775 431 2178 504 prudentissima
2209 436 2252 489 Α
2281 431 2579 498 allegorias.
2606 433 2665 479 ut
2689 425 2938 477 studiosis
2961 421 3245 474 lectoribus
3273 419 3424 473 facile
3452 427 3534 472 est
3557 419 3814 517 invenire.

664 532 970 608 sagacitate]
996 533 1226 587 excitare
1249 528 1381 582 velle
1410 527 1603 580 inveni.
1633 525 1742 578 Imo
1767 538 1862 592 per
1890 520 2179 588 inquisitio-

666 640 760 680 nes
783 622 973 696 [magis
997 621 1210 681 docere,
1257 631 1414 686 quam
1443 616 1677 683 ignorata
1705 609 1932 681 discere]
1960 608 2144 677 agnovi
2169 625 2182 671 ;

664 713 784 782 quia
810 712 1060 781 sapienter
1076 709 1405 774 interrogare,
1426 703 1604 756 docere
1630 712 1721 760 est,
1742 698 1902 754 veluti
1928 698 1980 751 in
1999 704 2190 750 vestra:

667 797 992 852 auctoritatis
1036 795 1222 862 pagina
1262 791 1514 858 scriptum
1558 787 1886 855 reperimus;
1941 785 2030 837 ubi
2073 788 2190 852 post

667 899 953 956 congruam
998 880 1309 936 sententiam
1357 875 1586 929 veridico
1630 887 1872 927 sermone
1918 878 2190 924 exaratum

665 959 1111 1041 perspeximuse:
1157 984 1176 1014 ε
1220 963 1511 1032 Cognoscat
1559 961 1720 1029 igitur
1765 957 2019 1012 industria
2062 963 2189 1018 tua,

669 1059 698 1099 δ
723 1057 1029 1113 charissime
1056 1055 1108 1108 in
1129 1052 1338 1106 Christo
1360 1057 1669 1119 praeceptor,
1693 1047 2016 1116 propositam
2047 1043 2196 1097 nobis

667 1161 699 1200 a
726 1146 950 1215 quodam
981 1159 1083 1196 non
1113 1142 1345 1201 clcriw,
1364 1137 1455 1192 sed
1484 1137 1618 1190 laico
1651 1137 1714 1189 de
1741 1133 2022 1204 Evangelia
2052 1146 2195 1199 qua:-

667 1236 922 1297 stionern,
948 1232 1039 1287 cui
1060 1239 1188 1284 tunc
1214 1231 1389 1282 tamen
1416 1242 1446 1280 a
1474 1228 1623 1280 nobis
1652 1240 1814 1294 usque
1840 1223 1938 1296 [in]
1967 1237 2198 1292 praesens

667 1331 752 1378 est
779 1323 936 1376 dilata
966 1319 1274 1388 responsio:
1314 1315 1426 1369 Non
1453 1316 1575 1383 quia
1605 1313 1756 1381 juxta
1791 1313 1929 1380 quod
1968 1312 2195 1364 interro-

664 1410 847 1482 gavit,
897 1405 1360 1474 responderenon
1403 1403 1774 1462 valuissemus,
1807 1420 1825 1451 ι
1878 1406 1932 1453 et
1978 1397 2195 1465 reliqua.

671 1497 806 1552 Vere
842 1505 899 1550 et
938 1495 1086 1548 valde
1128 1502 1334 1563 gratum
1372 1492 1543 1544 habeo
1581 1489 1742 1542 laicos
1782 1488 2095 1557 quandoque
2135 1486 2201 1539 ad

671 1587 999 1656 evangelicas
1023 1585 1309 1637 eﬁloruisse
1338 1565 1728 1650 inquisitiones,
1773 1579 1895 1631 dum
1923 1577 2200 1646 quemdam

672 1676 847 1730 audivi
878 1677 1051 1728 virum
1088 1673 1396 1740 prudentem
1427 1669 1706 1736 aliquando
1735 1668 1909 1721 dicere
1935 1679 1950 1718 :
1988 1664 2205 1720 clerico—

2284 517 2534 588 Abyssus,
2558 515 2882 572 immensitas
2908 526 3193 578 aquarum;
3232 509 3470 578 abyssus,
3490 506 3820 577 profunditas

2286 604 2705 675 Scripturarum;
2732 599 2992 671 [abyssus,
3016 597 3296 652 ineffabilia
3309 595 3507 662 judicia
3529 595 3620 648 Dei
3643 596 3660 658 (
3671 592 3816 647 Psal.

2285 707 2444 756 xxxv,
2473 693 2526 755 7,
2554 700 2602 743 et
2629 689 2778 742 Rom.
2801 704 2875 750 at,
2896 686 3044 756 35)];
3073 685 3314 754 abyssus,
3343 684 3634 752 sapientia;
3667 679 3821 752 abys-

2286 793 2396 840 sus,
2437 777 2598 831 corda
2637 775 2909 829 hominum
2953 771 3246 841 significat;
3291 779 3349 823 et
3389 769 3554 822 multa
3597 769 3723 821 talia
3767 769 3819 821 in

2288 864 2574 933 Scripturis
2599 863 2796 916 sanctis
2824 862 3180 922 inveniuntur,
3223 874 3340 926 quae
3375 858 3665 913 secundum
3691 871 3823 924 qua-

2289 953 2462 1006 litates
2497 951 2727 1005 locorum
2763 951 2938 1002 varias
2965 949 3160 1002 habent
3201 946 3585 1014 intelligendas.
3637 943 3824 1006 Sermo

2291 1043 2494 1096 Domini
2520 1039 2762 1095 oculosus
2788 1047 2891 1102 est,
2917 1047 2972 1092 et
2996 1038 3225 1105 undique
3248 1035 3506 1104 perforari
3530 1042 3698 1104 potes:
3721 1090 3730 1098 ,
3770 1043 3827 1089 et

2291 1131 2396 1184 alta
2439 1128 2766 1198 profunditas
2811 1126 3178 1194 mysteriorum
3225 1125 3335 1177 Dei.
3386 1123 3514 1188 Quis
3541 1123 3718 1176 omnia
3744 1136 3828 1176 se-

2292 1228 2436 1273 creta
2477 1219 2682 1272 illorum
2723 1217 3036 1284 investigare
3072 1214 3283 1282 potest?
3329 1212 3490 1282 Igitur
3525 1201 3588 1266 et}
3624 1211 3828 1280 gladius

2295 1305 2576 1360 multifario
2603 1303 2901 1373 significare
2927 1304 3152 1356 videtur.
3189 1301 3323 1362 Nam
3350 1309 3714 1354 etvenenatas
3738 1298 3829 1352 Ju-

2294 1395 2526 1448 daeorum
2563 1393 2958 1447 maledictiones
2995 1392 3047 1443 in
3074 1389 3340 1443 Christum
3370 1387 3697 1459 [signiﬁcat],
3739 1387 3826 1440 ubi

2295 1483 2424 1537 dicit
2447 1501 2459 1534 :
2493 1481 2594 1546 Qui
2620 1490 2928 1536 exacuerunt
2955 1490 3009 1532 ut
3035 1480 3261 1548 gladium
3288 1478 3490 1546 linguas
3516 1494 3637 1530 suas
3658 1476 3825 1547 (Psal.

2298 1591 2450 1639 uni,
2477 1573 2553 1642 ι).
2585 1574 2756 1627 Etiam
2781 1581 2835 1626 et
2859 1581 3085 1626 mortem
3113 1569 3392 1640 signiﬁcat,
3422 1569 3509 1622 ubi
3534 1569 3697 1621 dicit:
3728 1567 3830 1631 Qui

2299 1663 2525 1716 liberasti
2547 1661 2711 1715 David
2736 1677 2935 1714 seruum
2964 1670 3106 1712 tuum
3132 1660 3194 1711 de
3219 1658 3391 1728 gladio
3417 1658 3640 1725 maligno
3660 1656 3827 1724 (Psal.

671 1776 788 1816 rum
830 1773 948 1814 esse
985 1757 1320 1826 Evangelium
1351 1753 1576 1825 [discere
1601 1753 1790 1824 (Edit.,
1809 1749 2157 1822 discernere”
2181 1790 2197 1814 ,
2233 1740 2274 1796 Β
2297 1767 2482 1813 cxun,
2501 1750 2606 1818 I0).
2638 1749 2850 1802 Scilicet
2869 1755 2924 1801 et
2942 1746 3327 1800 tribulationem
3351 1746 3614 1815 passionis
3634 1743 3832 1798 Christi

671 1864 778 1904 non
805 1848 1078 1902 laicorum.
1128 1843 1264 1910 Quid
1301 1845 1368 1897 ad
1408 1842 1560 1896 haec?
1591 1841 1778 1895 Omnia
1803 1852 1997 1910 tempus
2019 1840 2204 1892 habent

667 1935 868 2008 '(Eccle.
895 1935 1092 2004 tlt,~.l),
1138 1944 1191 1988 et
1230 1947 1369 2000 sape
1398 1932 1655 1998 posterior
1697 1923 1847 1983 affert
1893 1931 2020 1982 hora
2067 1926 2207 1996 quod

674 2027 820 2098 prior
842 2041 945 2078 non
973 2031 1197 2092 poterat.
1237 2022 1432 2077 Tamen
1467 2025 1566 2077 iste
1598 2022 1776 2082 laicus,
1808 2019 2047 2088 quisquis
2076 2016 2203 2082 fuit,

676 2113 884 2182 sapiens
905 2121 985 2166 est
1005 2111 1182 2174 corde,
1204 2111 1301 2164 etsi
1325 2111 1564 2164 manibus
1587 2109 1755 2170 miles,
1779 2107 1961 2175 quales
1979 2114 2208 2160 vestram

678 2200 1115 2268 sapientissimam
1143 2199 1511 2253 auctoritatem
1540 2198 1794 2266 plurimos
1817 2196 2011 2249 habere
2037 2193 2209 2264 [decet

681 2288 869 2359 (Edit.,
897 2288 1114 2358 debet)].
1150 2286 1253 2341 Sed
1279 2287 1346 2340 ad
1372 2287 1763 2355 responsionem
1788 2283 2210 2352 interrogationis

678 2385 948 2432 vertamus
970 2377 1184 2446 stylum,
1213 2377 1278 2429 ad
1300 2374 1724 2429 satisfaciendum
1753 2372 2074 2442 inquisitoris
2099 2372 2211 2426 ani-

679 2481 788 2531 mo,
825 2467 869 2521 si
907 2473 1080 2520 tamen
1111 2475 1291 2520 nostra
1318 2465 1551 2534 parvitas
1579 2471 1686 2516 tam
1718 2462 1975 2532 praeclaro
2003 2459 2212 2530 ingenio

681 2554 988 2609 sath
1011 2553 1169 2608 valet.

750 2643 929 2699 Nudus
951 2658 1078 2697 vero
1105 2642 1385 2712 proposita:
1411 2641 1733 2709 quastionis,
1759 2639 1920 2693 veluti
1945 2639 1998 2692 in
2025 2646 2214 2692 vestra

681 2729 1004 2785 excellentiae
1048 2729 1240 2783 litteris
1285 2729 1460 2783 inveni
1486 2769 1499 2791 ,
1560 2727 1858 2796 huiusmodi
1900 2725 2215 2780 constrictus

684 2818 802 2880 fuit,
831 2825 890 2871 ut
916 2818 1098 2871 eadem
1125 2831 1380 2886 ponamus
1402 2817 1560 2870 verba
1587 2830 1705 2884 qua
1733 2816 1787 2868 in
1816 2813 1920 2868 illis
1942 2813 2174 2882 legebam
2197 2830 2210 2864 :

691 2923 711 2958 ι
741 2907 836 2962 ιιι
872 2907 1013 2961 enim
1041 2906 1187 2961 locus
1211 2905 1477 2975 Evangelii
1516 2906 1800 2960 secundum
1843 2902 2036 2958 Lucam
2064 2900 2211 2972 (Cap.

682 3008 819 3058 nit,
836 2992 927 3056 56,
949 2994 1038 3056 58,
1059 2992 1170 3061 50),
1185 2993 1274 3046 ubi
1302 2993 1552 3046 Dominus
1570 2991 1812 3045 Christus
1833 2991 1898 3043 ad
1919 2991 2215 3060 passionem

2240 3042 2287 3103 C

2301 1836 2578 1906 signiﬁcat,
2605 1835 2693 1887 ubi
2713 1835 2867 1887 dicit:
2891 1833 2958 1886 Et
2985 1843 3126 1885 tuam
3150 1833 3309 1902 ipsius
3331 1834 3555 1885 animam
3574 1839 3832 1899 pertrans-

2301 1927 2390 1979 ibit
2414 1925 2616 1995 gladius
2641 1924 2788 1994 (Luc.
2819 1939 2880 1986 ii,
2905 1923 3027 1992 55);
3055 1921 3107 1976 id
3139 1930 3251 1984 est,
3279 1922 3549 1976 tribulatio
3572 1921 3833 1990 passionis

2302 2017 2441 2071 illius
2483 2023 2626 2069 tuam
2672 2013 2936 2082 torquebit
2977 2013 3225 2065 animam.
3275 2010 3590 2064 Divisionem
3625 2023 3834 2078 quoque

2303 2106 2594 2176 signiﬁcat,
2637 2105 2725 2158 ubi
2769 2104 2929 2157 dicit:
2964 2103 3082 2156 Non
3127 2104 3237 2156 ueni
3281 2103 3480 2154 mittere
3505 2115 3700 2170 pacem,
3745 2099 3833 2152 sed

2303 2193 2527 2263 gladium
2555 2191 2760 2263 (Matth.
2790 2207 2843 2255 ι,
2871 2191 2991 2260 34);
3048 2191 3101 2244 id
3143 2198 3262 2254 est,
3307 2203 3555 2257 separare
3597 2189 3762 2241 bonos
3804 2203 3833 2240 a

2305 2281 2475 2336 malis.
2526 2280 2630 2334 Sed
2655 2279 2751 2351 [et]
2777 2281 3007 2334 vindicta
3051 2279 3209 2349 gladii
3256 2279 3465 2332 nomine
3510 2277 3833 2346 intelligitur,

2299 2371 2392 2424 ubi
2417 2371 2640 2441 legitur:
2670 2370 2788 2424 Non
2809 2370 2940 2423 enim
2964 2368 3155 2436 frustra
3178 2369 3403 2436 gladium
3428 2377 3628 2435 portat;
3659 2368 3838 2421 vindex

2305 2469 2378 2512 est
2405 2459 2537 2512 enim
2573 2459 2628 2511 in
2663 2474 2748 2511 eos
2778 2459 2865 2526 qui
2893 2467 3167 2525 operantur
3192 2456 3382 2509 malum
3412 2456 3584 2525 (Rom.
3614 2471 3731 2518 sui,
3759 2455 3833 2524 4).

2306 2547 2568 2606 .Iudicium
2595 2563 2802 2618 quoque
2829 2549 2921 2602 Dei
2948 2547 3106 2618 gladii
3133 2549 3342 2600 nomine
3378 2547 3568 2615 legitur
3591 2547 3832 2614 designao

2311 2651 2420 2696 tum
2463 2654 2478 2691 :
2526 2638 2815 2692 Inebriatus
2864 2647 2936 2692 est
2982 2640 3036 2690 in
3082 2637 3204 2690 ctelo
3249 2636 3449 2705 gladius
3494 2651 3634 2688 meus
3685 2634 3828 2705 (lsai.

2300 2745 2491 2792 xxxrv,
2521 2727 2598 2799 5).
2645 2728 2774 2781 Item
2801 2727 2958 2795 quia,
3005 2726 3270 2779 Emam
3314 2733 3368 2777 ut
3412 2724 3586 2793 fulgur
3611 2725 3831 2793 gladium

2310 2832 2500 2879 meum,
2526 2825 2574 2868 et
2595 2826 2709 2884 aget
2721 2815 2976 2884 judicium
3002 2829 3182 2867 manus
3209 2829 3319 2865 mea
3347 2813 3519 2880 (Deut.
3541 2828 3707 2874 xuii,
3728 2812 3836 2878 Η).

2314 2905 2381 2958 Et
2401 2903 2551 2973 juxta
2575 2903 2897 2973 Apostolum,
2923 2903 3140 2955 verbum
3166 2902 3255 2955 Dei
3291 2901 3592 2969 intelligitur
3617 2899 3839 2968 gladius.

2385 2993 2487 3048 Sed
2513 2993 2732 3047 forsitan
2759 2991 2843 3046 ille
2866 2992 3050 3053 laicus,
3072 2992 3160 3059 qui
3186 2991 3237 3043 in
3261 3005 3365 3044 uno
3387 2989 3589 3042 solebat
3608 3002 3845 3056 pugnare

684 3090 962 3146 venturus,
1009 3081 1242 3135 tunicam
1282 3094 1345 3134 ac
1385 3094 1567 3150 peram
1591 3079 1846 3141 vendere,
1887 3077 2218 3148 gladiumque
2240 3077 2287 3103 ν
2317 3083 2507 3153 gladio,
2536 3097 2694 3134 unam
2728 3096 2846 3135 eum
2873 3081 3092 3149 putabat
3118 3081 3310 3133 habere
3338 3079 3842 3147 interpretationem,

688 3184 869 3225 emere
909 3169 1190 3238 discipulos
1227 3167 1404 3234 jussit.
1449 3167 1544 3222 Cui
1585 3182 1704 3221 cum
1733 3182 2041 3236 responsum
2081 3174 2223 3221 esset

687 3256 840 3311 binos
865 3257 938 3310 ibi
960 3271 1082 3311 esse
1107 3257 1327 3326 gladios,
1355 3256 1506 3319 dixit,
1534 3257 1662 3309 satis
1687 3271 1822 3324 esse.
1863 3249 2093 3320 Quorum
2119 3269 2222 3307 uno

689 3343 903 3398 Petrum
939 3346 991 3398 in
1032 3345 1352 3398 abscissione
1386 3343 1628 3396 auricolaa
1655 3343 1840 3396 Malchi
1882 3357 2032 3394 usum
2061 3341 2224 3394 fuisse

689 3439 972 3502 putamus:
1013 3431 1107 3485 Cui
1146 3439 1201 3484 et
1241 3439 1364 3484 tunc
1400 3445 1431 3483 a
1470 3430 1687 3483 Domino
1713 3432 1910 3484 dictum
1933 3438 2053 3483 est:
2084 3430 2222 3482 Con-

693 3531 826 3574 verte
851 3520 1078 3588 gladium
1104 3520 1336 3572 tuumin
1363 3521 1616 3587 vaginam.
1653 3517 1837 3574 Omnes
1866 3519 2002 3570 enim
2025 3518 2112 3584 qui
2141 3533 2225 3566 ac-

609 3617 612 3620 ’
696 3608 915 3675 ceperint
957 3607 1204 3676 gladium,
1242 3605 1414 3674 gladio
1444 3606 1674 3674 peribunt
1703 3604 1910 3673 (Matth.
1941 3618 2086 3665 xxvi,
2113 3601 2222 3669 52).

697 3696 966 3760 Quomodo
994 3698 1091 3750 sibi
1117 3697 1361 3750 convenit
1380 3695 1526 3766 [ϐοά.
1553 3694 1687 3758 Sal.,
1711 3693 2028 3762 conveniat],
2055 3702 2114 3747 ut
2137 3696 2224 3761 qui

699 3794 822 3838 tunc
844 3785 1068 3837 vendere
1097 3786 1357 3845 tunicam,
1397 3785 1836 3853 emere'gladiunt
1872 3783 2136 3849 iusserat,
2183 3784 2227 3835 is

697 3871 874 3925 statim
905 3871 1219 3938 accipientes
1247 3871 1475 3939 gladium
1501 3871 1673 3938 gladio
1697 3871 1893 3924 diceret
1929 3885 2046 3924 esse
2087 3871 2228 3938 peri-

701 3961 891 4014 turos?
930 3959 986 4015 Si
1014 3960 1216 4028 gladius
1241 3971 1312 4013 est
1339 3961 1537 4014 verbum
1567 3961 1658 4012 Dei
1691 3961 1896 4029 (Ephes.
1926 3978 1998 4024 v1,
2026 3961 2133 4031 l7),
2177 3970 2231 4013 et

705 4049 950 4102 Dominus
999 4049 1148 4116 181
1196 4049 1405 4115 quando
1449 4049 1675 4118 gladium
1721 4063 1897 4102 emere
1944 4034 2227 4117 prmcepit,

702 4135 917 4187 verbum
939 4135 1030 4187 Dei
1051 4135 1394 4203 signiﬁcavit;
1426 4137 1686 4204 quomodo
1707 4139 1966 4204 congruit,
1983 4147 2042 4190 ut
2060 4139 2231 4190 omnis

703 4222 791 4289 qui
837 4223 1059 4290 accipiat
1084 4222 1300 4275 verbum
1340 4222 1454 4284 Dei,
1485 4222 1645 4274 verbo
1685 4222 1773 4274 Dei
1804 4223 2022 4290 pereat?
2054 4241 2072 4272 ι
2127 4220 2230 4276 Sed

2318 3183 2423 3222 non
2457 3170 2794 3222 considerans
2836 3168 2979 3221 illum
3021 3168 3224 3235 ipsum,
3270 3181 3427 3234 quem
3473 3182 3629 3220 manu
3668 3175 3845 3232 tenet,

2321 3257 2598 3324 ancipitem
2622 3270 2740 3308 esse
2763 3272 2774 3306 :
2817 3255 2868 3308 in
2896 3269 2999 3322 quo
3025 3265 3075 3306 et
3105 3255 3315 3308 inimico
3343 3255 3502 3306 vitam
3534 3253 3742 3306 auferre
3767 3253 3848 3307 ni-

2320 3347 2468 3407 titur,
2516 3353 2571 3398 et
2616 3359 2766 3396 suam
2813 3343 3092 3398 defendere
3138 3343 3346 3412 gaudet.
3398 3342 3518 3396 Ideo
3561 3343 3846 3396 secundum

2321 3433 2476 3484 aliam
2521 3430 2955 3498 signiﬁcationem
2999 3431 3050 3482 in
3098 3429 3338 3482 Mattharo
3384 3429 3631 3481 Dominus
3676 3428 3845 3481 dixit:

2323 3519 2508 3573 Omnes
2526 3521 2610 3588 qui
2633 3520 2910 3587 acceperint
2933 3518 3178 3586 gladium,
3201 3518 3371 3586 gladio
3392 3519 3620 3585 peribunt
3637 3516 3842 3584 (lauit.

2322 3624 2465 3670 xxvi,
2491 3608 2599 3678 52).
2651 3607 2806 3660 Juxta
2851 3607 3004 3659 aliam
3032 3622 3156 3660 vero
3184 3608 3235 3660 in
3265 3607 3402 3659 Luca
3427 3624 3442 3658 :
3474 3606 3576 3660 Sed
3605 3622 3735 3659 nunc
3761 3607 3848 3674 qui

2321 3700 2467 3750 liabet
2493 3698 2772 3759 sacculum,
2803 3698 2947 3750 tollat
2981 3697 3213 3748 similiter
3237 3707 3281 3749 et
3309 3713 3500 3764 peram.
3541 3696 3606 3748 Et
3635 3697 3720 3764 qui
3749 3711 3848 3747 non

2322 3787 2500 3845 habet,
2544 3784 2723 3837 vendat
2753 3786 2976 3836 tunicam
3015 3801 3158 3836 suam
3200 3796 3244 3835 et
3285 3796 3416 3834 emat
3447 3783 3671 3850 gladium
3701 3780 3846 3850 (Luc.

2324 3890 2452 3936 χχιι,
2479 3875 2588 3937 56).
2637 3869 2738 3926 Iste
2766 3887 2890 3926 vero
2925 3873 3128 3942 gladius
3143 3857 3360 3924 [videtur
3386 3871 3434 3924 ei
3462 3871 3737 3939 placuisse,
3767 3869 3852 3922 ille

2325 3964 2499 4030 itaque
2535 3962 2879 4030 displicuisse.
2927 3962 3047 4015 Ideo
3076 3963 3217 4015 illum
3245 3963 3479 4016 converti
3509 3961 3560 4013 in
3586 3962 3849 4030 vaginam.

2321 4051 2480 4103 istum
2506 4050 2606 4101 emi
2637 4050 2901 4116 prmccpit.
2955 4048 3154 4102 Idcirco
3183 4049 3477 4117 diligentius
3515 4048 3853 4100 consideran-

2325 4139 2448 4190 dum
2475 4127 2705 4201 cst'quicl
2735 4145 2954 4202 uterque
2979 4136 3266 4204 significet:
3308 4144 3362 4188 et
3388 4135 3522 4187 sacri
3549 4143 3852 4187 sanctorum

2325 4225 2538 4278 Palmm
2565 4223 2859 4292 proferendi
2890 4232 3009 4277 sunt
3035 4238 3239 4285 sensus,
3269 4237 3333 4276 ne
3360 4223 3482 4290 quid
3509 4229 3687 4276 nostra
3711 4220 3854 4294 [par-

704 4309 874 4405 facilis
896 4317 980 4361 est
1005 4308 1214 4371 solutio,
1256 4310 1301 4361 si
1342 4309 1662 4377 singulorum
1688 4311 2050 4362 consideratur
2073 4324 2231 4362 evan-
2260 4348 2304 4405 υ
2326 4313 2463 4364 vitas
2488 4311 2614 4381 (AL,
2651 4310 2927 4382 pravitas)]
2957 4320 3364 4380 praesumptuose
3391 4311 3565 4365 dicere
3591 4312 3850 4364 videatur.

703 4396 1004 4466 gelistarum
1033 4397 1153 4448 huic
1177 4397 1292 4450 loco
1317 4398 1731 4460 circumstantia,
1758 4406 1812 4450 et
1836 4398 2056 4452 diversae
2079 4398 2230 4452 intel-

703 4483 930 4553 liguntur
957 4485 1110 4554 glaiii
1151 4486 1575 4555 signiﬁcationes.
1626 4486 1739 4541 Non
1779 4489 1918 4540 enim
1962 4468 2232 4557 aequaliter

706 4572 898 4639 ubique
939 4573 1141 4640 gladius
1180 4575 1456 4642 signiﬁcat.
1506 4575 1727 4646 [Itaque,
1767 4579 1902 4631 sicut
1939 4579 2044 4632 Leo
2081 4579 2234 4643 aliter

709 4658 1010 4728 signiﬁcat,]
1055 4661 1140 4712 ubi
1183 4662 1405 4714 dicitur:
1447 4663 1576 4715 Ecce
1605 4665 1718 4714 uicit
1745 4665 1821 4715 leo
1846 4666 1908 4717 de
1935 4666 2070 4718 tribu
2092 4666 2232 4718 Iuda

708 4747 886 4817 (Apoc.
915 4764 967 4810 ν,
1006 4747 1094 4815 5);
1145 4748 1296 4803 aliter
1335 4751 1421 4804 ubi
1469 4751 1694 4805 dicitur:
1732 4751 1921 4804 Circuit
1953 4755 2098 4822 quasi
2133 4753 2231 4816 lea,

706 4851 937 4902 quarens
952 4850 1109 4902 quem
1137 4835 1334 4888 devoret
1362 4837 1413 4904 (Ι
1437 4836 1574 4891 Petr.
1599 4854 1652 4901 v,
1673 4839 1746 4907 8).
1779 4837 1865 4894 Ille
1891 4839 1972 4892 leo
1996 4840 2235 4893 Christus

708 4929 816 4984 est;
842 4923 961 4985 iste,
990 4921 1229 4974 diabolus
1254 4940 1265 4974 :
1295 4925 1395 4977 etsi
1421 4926 1616 4978 eisdem
1641 4927 1904 4980 scribatur
1924 4927 2113 4983 litteris
2132 4928 2233 4990 leo,

712 5021 816 5062 non
855 5017 1031 5063 tamen
1073 5010 1268 5065 eisdem
1307 5015 1545 5081 congruit
1578 5015 2058 5082 signiﬁcationibus.
2103 5017 2235 5072 Nam

713 5104 767 5151 et
807 5097 1028 5166 abyssus
1067 5100 1120 5152 in
1160 5099 1446 5169 Scripturis
1489 5103 1687 5157 sanctis
1728 5101 2041 5156 multifarias
2080 5105 2241 5159 habet

783 5246 922 5321 filio
946 5245 1064 5321 linis
1091 5256 1171 5300 est
1188 5251 1419 5321 epistolae
1449 5253 1583 5321 apud
1605 5252 1890 5308 Canisium.

784 5313 813 5352 δ
838 5312 1440 5393 in'CIin'sto
1464 5312 1758 5393 p'rrrceptor.
1805 5321 1880 5377 Ex
1924 5323 2028 5383 his,
2076 5321 2240 5393 ipsius

919 5382 1043 5463 imp.
1097 5382 1442 5463 confessique,
1464 5378 1827 5463 '_conll_i'matur
1868 5378 2236 5463 testimonium

1051 5452 1314 5530 narrantis
1335 5444 1578 5530 Canalem
1599 5457 1657 5530 in
1686 5444 1924 5530 ceteris
1947 5444 2238 5530 disciplinis

722 5512 1093 5581 (murrinam
1147 5520 1198 5590 in
1255 5523 1620 5590 grammatica)
1671 5512 1966 5579 Alcuinuni
1991 5512 2239 5580 haﬁuisse

723 5590 1113 5646 praeceptorem.
1136 5586 1247 5649 Quo
1266 5591 1421 5642 etiam
1444 5586 1677 5656 spectant
1692 5607 1873 5645 versus
1893 5595 2232 5661 epigramma-

2326 4401 2414 4454 Ille
2443 4414 2565 4453 vero
2594 4401 2794 4469 gladius
2831 4399 3114 4453 secundum
3145 4399 3440 4453 Matthzeum
3463 4401 3749 4454 vindictam
3777 4401 3854 4454 in-

2321 4490 2580 4558 iuriarum
2609 4502 2903 4544 nostrarum
2936 4489 3236 4561 intelligitur
3260 4492 3552 4559 designare,
3580 4507 3739 4560 quam
3765 4494 3854 4561 qui

2327 4581 2648 4646 exsequitur,
2692 4580 2742 4633 in
2786 4580 2894 4632 suis
2929 4579 3192 4647 peritums
3238 4579 3340 4631 erit
3383 4580 3697 4644 sceleribus,
3743 4581 3853 4650 ipsa

2329 4663 2532 4716 dicente
2554 4660 2824 4715 Veritate:
2867 4663 2910 4714 si
2950 4678 3048 4714 non
3096 4663 3386 4715 remiseritis
3419 4667 3706 4719 hominibus
3738 4683 3854 4735 pec-

2329 4763 2445 4804 cata
2465 4769 2577 4813 sua,
2603 4769 2690 4804 nec
2715 4751 2868 4803 Pater
2886 4761 3041 4804 vester
3058 4751 3265 4805 caelestis
3284 4754 3496 4807 dimittet
3520 4757 3652 4808 vobis
3673 4755 3857 4808 delicta

2330 4848 2492 4890 vestra
2523 4836 2710 4905 (Marc.
2738 4853 2812 4898 xi,
2837 4836 2943 4906 26).
2994 4836 3322 4906 Quapropter
3359 4847 3412 4890 et
3447 4839 3584 4894 hunc
3621 4842 3855 4892 converti

2330 4929 2384 4980 in
2404 4926 2641 4994 vaginam
2667 4926 2842 4978 cordis
2865 4925 3117 4993 praecipit,
3147 4933 3205 4977 ut
3229 4923 3319 4987 ibi,
3334 4923 3483 4990 juxta
3503 4917 3856 4994 evangelicam

2331 5017 2552 5069 duorum
2599 5014 3218 5082 servorum-parabolam
3265 5011 3412 5083 (Luc.
3458 5031 3549 5078 vn,
3597 5015 3656 5068 ιι
3705 5014 3854 5084 seq.).

2331 5103 2688 5170 unusquisque
2712 5103 2946 5156 remittat
2962 5101 3112 5156 fratri
3137 5117 3234 5158 suo
3257 5104 3321 5158 de
3339 5107 3495 5160 cordo
3518 5119 3631 5160 suo.
3660 5105 3728 5158 Et
3745 5105 3858 5159 haec

2337 5230 2403 5298 tis
2429 5226 2531 5298 260
2557 5225 2709 5295 (alias
2738 5229 2854 5298 I99)
2880 5230 3085 5284 Alcnini
3124 5230 3186 5283 ad
3234 5229 3426 5284 fratres
3475 5230 3854 5292 Eboracenses,

2337 5297 2421 5349 ubi
2443 5297 2515 5350 ita
2539 5298 2683 5350 canit
2713 5316 2723 5347 :

2455 5424 2583 5489 [alia
2609 5439 2811 5486 namque
2837 5426 3024 5489 placent
3046 5437 3205 5478 vestro
3227 5429 3336 5489 quia
3357 5441 3552 5478 munera
3574 5430 3722 5488 Patri,

2458 5485 2944 5549 Qulpuncettje’glas
2966 5489 3208 5546 regalibus
3231 5485 3414 5539 insonat
3435 5495 3561 5537 artes

2458 5541 2676 5601 Auribus,
2697 5541 2872 5594 πρεπῆ
2894 5559 2952 5593 .m
2979 5541 3099 5595 ducit
3126 5559 3212 5609 per
3237 5555 3366 5608 prata
3388 5554 3690 5610 sentientem,
3711 5553 3806 5596 etc.
