4272 6260
414 390 415 393 η
447 400 551 453 425

1895 376 2269 442 Ei’iSTOi.:F..7

3491 384 3515 398 ”
3552 366 3666 427 4‘26

442 474 859 563 est-nostrorum
889 501 1206 570 indulgentia
1235 500 1567 560 delictorum,
1602 505 1660 550 ut
1687 497 1738 550 in
1765 510 1861 550 nos
1886 510 2009 564 pec-
2038 501 2084 557 Α
2110 501 2211 554 est,
2236 506 2328 543 cur
2355 486 2644 543 auriculam
2671 487 2895 541 abscidit
2922 484 3270 547 adversantis,
3299 481 3431 536 dum
3452 481 3669 533 verbum

449 592 692 650 cantibus
731 592 1083 655 dimittamus,
1125 592 1236 660 ipsa
1276 596 1561 643 attestante
1592 587 1865 640 Veritate:
1907 584 2004 638 Di-

450 682 633 736 rnittite
658 689 707 734 et
734 680 1021 739 dimittetur
1045 678 1181 731 vobis
1209 676 1358 746 (Luc.
1384 691 1460 739 vr,
1490 674 1601 744 57).

414 776 427 783 ’“
521 773 628 831 Sed
654 773 928 829 videamus
964 771 1091 841 quid
1131 770 1217 825 ille
1260 768 1553 823 secundum
1582 766 1739 820 Lucze
1766 765 2009 833 Evange—

448 866 577 922 lium
604 864 809 936 gladius
836 861 1140 934 signiﬁcare
1166 860 1355 932 possit.
1378 860 1443 912 de
1472 872 1579 928 quo
1607 846 1767 911 totius
1792 854 2012 925 inquisi-

451 956 611 1011 tionis
636 953 910 1011 oriebatur
927 953 1115 1007 series.
1151 950 1243 1005 Ille
1264 958 1349 1004 est
1371 949 1622 1003 nimirum
1645 945 1865 1000 verbum
1896 944 2011 1003 Dei.

453 1059 612 1113 quem
637 1042 866 1098 venditis
891 1040 1137 1096 omnibus
1172 1037 1447 1113 saecularis
1474 1036 1596 1089 vita:
1624 1033 2015 1103 impedimentis

452 1112 600 1193 nobis
632 1114 813 1188 eluere
840 1144 1058 1185 necesse
1085 1112 1198 1192 est,
1239 1136 1293 1181 et
1333 1125 1558 1180 viriliter
1584 1124 1636 1177 in
1664 1136 1729 1177 eo
1779 1135 2015 1191 pugnare

449 1231 639 1279 contra
667 1236 851 1277 omnes
878 1219 1079 1288 antiqui
1118 1218 1382 1287 serpentis
1410 1214 1648 1269 insidias.
1698 1211 1867 1278 Quem
1906 1211 2016 1282 gla-

452 1309 599 1365 dium
626 1308 871 1364 Salvator
896 1317 1077 1365 noster
1101 1321 1220 1360 eum
1253 1304 1523 1373 triumpho
1546 1301 1725 1372 gloria:
1746 1300 1813 1355 ad
1838 1310 2018 1368 pater-

458 1418 582 1457 nam
625 1401 836 1456 rediens
871 1400 1052 1454 sedem
1076 1438 1091 1464 ,
1139 1396 1411 1467 discipulis
1451 1395 1562 1449 suis
1604 1393 1751 1447 dedit
1791 1393 2010 1446 dicens:

456 1492 568 1555 Ite,
617 1493 790 1545 docete
835 1507 1010 1544 omnes
1057 1498 1230 1558 gentes
1278 1486 1491 1561 (Matth.
1521 1499 1710 1561 xxviii,
1745 1483 1851 1552 l9).
1902 1482 2017 1536 Non

454 1583 616 1653 igitur
654 1581 720 1636 ad
764 1580 920 1647 hujus
964 1579 1123 1650 gladii
1171 1580 1354 1640 ictum,
1403 1559 1539 1629 Sicut
1581 1559 2018 1625 extraordinaria:

457 1671 615 1740 hujus
663 1670 945 1739 inquisitor
986 1668 1292 1740 quaestionis
1336 1663 1713 1723 arbitrabatur,
1764 1660 2021 1713 Dominus

457 1738 765 1832 respondit:
796 1759 1040 1814 Converte
1069 1738 1299 1828 gladium
1340 1758 1393 1809 in
1426 1757 1664 1825 vaginam
1708 1774 1879 1819 suam,
1926 1753 2017 1808 sed

2110 582 2201 635 Dei
2244 597 2310 635 ex
2358 582 2541 635 auditu
2580 580 2645 635 ad
2686 588 2893 633 secreta
2932 577 3108 631 cordis
3153 574 3345 629 cubilia
3378 573 3671 643 pervenire

2110 673 2282 736 solet;
2329 680 2387 725 ut
2428 672 2497 725 ibi
2541 671 2663 725 lidei
2698 669 2929 724 fructum
2957 668 3271 735 centesimo,
3317 663 3673 735 sexagesimo,

2112 762 2193 814 vel
2224 753 2493 815 tricesimo
2510 758 2658 814 ferat
2681 758 2871 813 eﬁectu
2900 756 3112 829 (Matth.
3131 773 3247 817 λιιι,
3267 756 3357 823 8)?
3386 752 3523 820 Quid
3551 753 3676 813 ista,

2111 853 2375 916 obsecro,
2423 851 2689 922 significat
2736 850 3030 912 abscissio,
3081 848 3181 902 nisi
3225 857 3285 901 ut
3330 844 3680 917 [inﬁdelitatis

2116 947 2307 1017 (Edit.,
2337 943 2695 1015 infmditatisﬂ
2727 943 2967 1000 auricula
2998 942 3361 1003 abscindatur,
3406 948 3464 995 ut
3489 938 3680 993 divina:

2116 1048 2259 1094 tactu
2288 1041 2473 1110 gratia:
2500 1054 2636 1093 nova
2662 1047 2898 1097 sanetur,
2929 1040 2991 1090 et
3008 1035 3202 1089 veteris
3232 1034 3462 1089 hominis
3490 1047 3681 1101 cxspo~

2116 1130 2261 1184 liatio
2288 1131 2340 1184 in
2370 1145 2517 1183 novae
2541 1128 2936 1183 reformationis
2962 1136 3199 1181 transeat
3224 1124 3487 1194 gloriam?
3531 1122 3683 1177 Unde

2114 1229 2169 1274 et
2193 1220 2292 1273 iste
2314 1233 2500 1273 servus
2525 1217 2760 1271 Malchus
2782 1216 3075 1271 dicebatur.
3105 1214 3341 1269 Malchus
3366 1215 3417 1268 in
3441 1212 3682 1267 Latinam

2116 1313 2351 1381 linguam
2379 1312 2605 1364 vertitur
2644 1324 2735 1363 rex
2774 1308 2855 1361 vel
2888 1316 3224 1377 regnaturus.
3274 1306 3550 1372 Quomodo
3591 1321 3680 1360 rex

2118 1409 2171 1453 et
2200 1414 2408 1462 servus,
2453 1399 2556 1453 nisi
2594 1399 2719 1466 quia
2761 1399 2814 1451 in
2842 1406 3021 1451 vetere
3061 1398 3274 1451 homine
3315 1397 3452 1450 servi
3492 1394 3689 1450 fuimus

2118 1492 2353 1560 peccati;
2408 1491 2460 1543 in
2508 1504 2644 1543 novo
2675 1490 2853 1557 itaque
2884 1488 3091 1541 Domini
3123 1488 3214 1541 Dei
3262 1486 3459 1557 [sanati
3490 1485 3684 1555 (£dit.,

2120 1579 2337 1650 sancti)]
2366 1580 2537 1648 gratia
2557 1618 2571 1640 ,
2604 1594 2757 1646 rcges
2782 1587 2838 1643 ct
2869 1577 3138 1645 reguaturi
3166 1577 3367 1631 erimus
3393 1591 3514 1629 cum
3535 1574 3689 1629 Chri-

2120 1673 2242 1723 sto?
2274 1671 2409 1735 Quid
2435 1679 2518 1724 est
2538 1671 2681 1738 quod
2705 1672 2815 1738 ipse
2836 1670 3093 1723 Dominus
3115 1678 3510 1737 persecutorem
3534 1683 3689 1721 suum

2122 1765 2371 1826 sanavit,
2422 1765 2523 1817 nisi
2576 1765 2716 1832 quod
2765 1764 2939 1817 omnis
2985 1765 3302 1833 praedicator
3348 1764 3399 1817 in
3450 1763 3689 1817 Ecclesia

457 1857 527 1912 ad
574 1855 714 1909 illius
757 1855 848 1923 qui
893 1854 947 1907 in
996 1852 1241 1905 Mattharo
1269 1850 1477 1920 legitur.
1528 1850 1608 1905 Ad
1636 1852 1789 1905 istius
1818 1849 2093 1921 [itaque'B
2123 1854 2319 1907 Christi
2351 1869 2450 1907 nec
2481 1868 2607 1907 suos
2636 1854 2798 1908 verbo
2841 1854 3056 1921 pietatis
3093 1869 3287 1908 sanare
3328 1853 3574 1906 inimicos
3602 1852 3692 1905 de.

460 1946 589 2017 (AL,
615 1943 817 2015 atque)]
840 1944 998 1997 dixit:
1026 1942 1191 1997 Sinite
1212 1958 1368 2010 usque
1387 1942 1485 1993 Imc
1505 1939 1804 2011 [Cod.Sal.,
1829 1937 2019 2009 adhuc]

461 2034 609 2105 (Luc.
636 2049 793 2095 xxnt,
821 2032 929 2101 51).
984 2031 1255 2096 Quatenus
1294 2038 1515 2098 uterque
1560 2045 1710 2083 suam
1754 2030 2025 2098 propriam

459 2124 659 2178 habere
686 2123 945 2192 potuisset
979 2120 1440 2188 signiﬁcationem.
1488 2118 1623 2172 Nam
1660 2120 1937 2187 aliquoties
1975 2119 2024 2169 in

462 2230 567 2269 uno
608 2212 748 2267 facto
787 2212 1009 2265 aliorum
1045 2211 1199 2279 182
1245 2209 1387 2262 salus
1430 2218 1483 2263 et
1529 2210 1753 2262 aliorum
1801 2210 2027 2278 perditio

463 2302 757 2377 [provenit;
790 2300 897 2364 AL,
919 2298 1200 2371 pervenit].
1248 2297 1317 2351 lit
1344 2300 1395 2351 in
1428 2306 1536 2351 tota
1558 2298 1754 2352 Christi
1783 2299 2028 2367 passione

463 2391 767 2446 Judzcorum
798 2401 880 2444 est
906 2388 1153 2458 perditio,
1199 2396 1381 2440 nostra
1427 2396 1605 2439 autem
1638 2386 1784 2438 salus
1814 2401 1825 2437 :
1867 2387 1938 2439 ita
1979 2393 2032 2438 et

467 2466 662 2534 factum
694 2477 996 2548 apostolica:
1023 2477 1258 2530 audaciae
1290 2476 1438 2545 juxta
1471 2476 1735 2545 allegoriae
1764 2476 2027 2529 subtilita-

467 2577 573 2622 tem
594 2567 871 2637 dupliciter
891 2581 953 2620 ex
980 2567 1145 2636 ipsius
1167 2566 1375 2620 Domini
1397 2566 1572 2619 verbis
1600 2564 1815 2635 intelligi
1836 2573 2029 2634 potest.

468 2642 783 2725 Q‘uazratque
813 2656 920 2719 ille,
959 2656 1201 2723 quisquis
1228 2664 1330 2721 est,
1369 2672 1465 2708 cur
1492 2656 1543 2708 in
1574 2654 1677 2708 alio
1704 2655 2031 2724 evangelista

468 2750 723 2803 Dominus
749 2748 1062 2817 praeciperet
1087 2746 1291 2815 virgam
1320 2746 1657 2814 pertandam,
1688 2747 1739 2799 in
1769 2746 1873 2798 alio
1902 2763 2033 2813 prai-

469 2839 671 2908 ciperet
712 2852 829 2891 non‘
857 2837 1213 2905 portandam:
1263 2843 1318 2887 et
1364 2844 1488 2887 tunc
1534 2834 1828 2902 intelligat,
1875 2834 2033 2903 gladii

472 2927 715 2982 diversas
741 2940 859 2979 esse
886 2924 1319 2993 signiﬁcationes.

585 3016 650 3069 ed
677 3015 1117 3069 considerandum
1146 3022 1257 3077 est,
1288 3020 1579 3067 secundum
1603 3024 1793 3067 vestrae
1821 3013 2033 3081 sapien-

474 3108 562 3163 tia
603 3106 906 3161 venerabile
948 3115 1303 3175 praeceptum,
1345 3123 1362 3155 ι
1403 3104 1530 3173 quid
1574 3104 1837 3174 signiﬁcet
1877 3102 2036 3170 hujus

2126 1946 2317 1998 sistat?
2348 1945 2496 1999 Unde
2517 1954 2571 1998 et
2590 1946 2699 2013 ipse
2720 1944 2975 1998 Dominus
3011 1954 3249 2013 tempore
3272 1944 3537 2012 passionis
3563 1958 3692 2004 suae,

2126 2051 2287 2103 opera
2319 2036 2481 2087 etiam
2514 2036 2565 2088 in
2596 2050 2719 2089 suos
2744 2043 3118 2104 persecutores
3158 2048 3262 2087 non
3291 2034 3528 2087 deseruit
3554 2034 3697 2087 sani-

2130 2124 2273 2176 tatis.
2310 2124 2386 2175 Ac
2417 2123 2536 2176 ideo
2565 2122 2787 2176 forsitan
2816 2123 3107 2191 permissus
3138 2131 3222 2175 est
3252 2121 3487 2175 Malchus
3514 2122 3698 2173 vulne-

2131 2212 2258 2273 rari,
2290 2220 2347 2262 ut
2372 2209 2515 2263 Petri
2536 2211 2909 2264 ostenderetur
2932 2210 3237 2263 constantia
3264 2219 3319 2262 et
3344 2209 3551 2263 Domini
3585 2210 3696 2263 cla-

2132 2302 2570 2369 resceretpietas,
2588 2309 2639 2354 et
2660 2301 2811 2354 nobis
2832 2300 2898 2352 ad
2920 2314 3106 2352 omnes
3128 2300 3252 2352 boni
3281 2301 3458 2369 operis
3479 2301 3697 2353 daretur

2130 2392 2462 2460 exemplum,
2506 2402 2771 2461 quatenus
2812 2391 2999 2445 salutis
3026 2400 3236 2445 aeterna:
3281 2389 3692 2460 [medicamenta

2136 2482 2329 2549 (ﬁdit,
2351 2482 2588 2553 munus)]
2619 2484 2779 2536 etiam
2808 2483 3041 2535 inimicis
3068 2490 3447 2551 praestaremus
3475 2485 3693 2536 nostris.

2202 2572 2307 2622 Cur
2344 2572 2447 2623 duo
2484 2571 2641 2641 gladii
2685 2572 2737 2624 in
2779 2570 3050 2623 Dominica
3084 2570 3475 2639 [tantummodo
3505 2572 3697 2639 (lidit.,

2133 2662 2514 2732 postmodum”
2548 2664 2791 2729 passione
2823 2662 3017 2714 inventi
3050 2670 3190 2721 sunt,
3214 2670 3267 2713 et
3291 2662 3340 2713 in
3365 2677 3469 2713 uno
3496 2673 3700 2730 apostu.

2135 2750 2234 2802 lica
2267 2753 2519 2819 pugnavit
2548 2752 2771 2813 ﬁducia;
2819 2751 2979 2804 alium
3012 2752 3215 2820 vagiit-.e
3253 2760 3555 2821 exemptum
3597 2770 3700 2806 non
3729 2802 3737 2811 ,

2136 2843 2396 2911 legimus?
2443 2844 2673 2897 diximus
2716 2844 2848 2897 duos
2895 2842 3097 2911 gladios
3126 2858 3321 2911 corpus
3368 2851 3423 2897 ct
3466 2845 3701 2897 animant

2136 2931 2437 2998 signiﬁcare
2463 2950 2473 2983 :
2522 2947 2640 2999 quae
2684 2933 2840 2985 ambo
2868 2947 2964 3000 per
2994 2947 3155 3006 unam
3186 2932 3342 2985 ﬁdem
3370 2934 3579 3001 operari
3612 2934 3702 2987 dc-

2138 3018 2282 3081 licnt,
2322 3028 2377 3071 ut
2413 3019 2565 3082 ﬁdes,
2594 3035 2709 3087 quzc
2740 3022 2792 3073 in
2824 3022 3001 3074 anima
3031 3021 3178 3082 latet,
3213 3021 3356 3074 iuras
3388 3038 3480 3091 per
3508 3037 3703 3092 corpus

2137 3110 2452 3164 ostendatur
2482 3111 2532 3163 in
2563 3098 2739 3178 Opere.
2792 3110 2873 3163 Ex
2902 3112 3222 3163 abundantia
3251 3112 3422 3164 cordis
3450 3128 3506 3164 os
3532 3112 3700 3181 loqui-

477 3201 728 3275 [emptio;
760 3200 947 3271 (Edit.,
976 3198 1285 3270 exemptio)]
1333 3198 1510 3269 gladii,
1554 3198 1681 3266 quid
1726 3195 2037 3258 sawulutn,
2065 3199 2111 3263 C
2142 3210 2227 3250 tur
2252 3194 2461 3268 (Matth.
2490 3216 2586 3262 xu,
2614 3200 2723 3270 3d).
2781 3200 2929 3254 Unde
2975 3210 3030 3253 et
3075 3200 3315 3269 discipuli
3357 3203 3491 3254 dona
3531 3204 3702 3255 sancti

478 3290 606 3359 quid
631 3304 780 3359 pera,
808 3288 934 3356 quid
962 3288 1161 3352 tunica,
1191 3302 1289 3356 cur
1314 3295 1585 3357 postremo
1614 3286 1666 3338 in
1695 3283 1902 3339 duobus
1927 3284 2038 3353 gla-

479 3382 581 3457 diis
602 3381 732 3435 satis
748 3392 870 3433 esse
891 3377 1136 3431 dicatur?
1156 3396 1175 3427 ι
1210 3376 1285 3429 De
1304 3376 1653 3430 conversione
1675 3376 1855 3441 itaque
1877 3374 2038 3444 gladii

386 3516 389 3517 ν
444 3540 449 3541 ί
480 3474 535 3527 in
561 3473 806 3541 vaginam
834 3485 982 3527 suam
1010 3477 1064 3523 et
1088 3469 1153 3523 de
1183 3467 1415 3537 periculo
1444 3467 1771 3535 accipientis,
1800 3466 1914 3520 loco
1941 3481 2039 3519 suo

482 3562 729 3618 diximus.
784 3561 995 3627 Emptio
1034 3559 1293 3627 siquidem
1340 3558 1493 3627 hujus
1536 3558 1694 3627 gladii
1737 3566 1821 3610 est
1860 3557 2039 3610 szeculi

484 3650 834 3711 renuntiatio,
877 3648 942 3701 de
980 3663 1085 3715 qua
1127 3648 1237 3715 ipse
1278 3648 1532 3701 Dominus
1570 3645 1743 3701 dixit:
1792 3646 1894 3709 Qui
1938 3664 2037 3698 non

486 3738 847 3791 renuntiaverit
878 3736 1113 3789 omnibus
1140 3750 1253 3804 qua!
1283 3734 1526 3803 possidet,
1566 3743 1664 3787 itan
1699 3744 1860 3801 potest
1896 3751 2037 3787 meus

467 3844 589 3882 ~esse
629 3827 909 3896 discipulus
954 3825 1101 3895 (Luc.
1151 3841 1258 3887 xw,
1306 3825 1413 3893 55).
1474 3824 1581 3877 lloc
1628 3833 1747 3878 est:
1804 3826 2040 3877 avaritia-

486 3926 717 3972 sectator
754 3932 857 3971 non
897 3925 1071 3986 potest
1096 3918 1335 3969 veritatis
1374 3932 1490 3970 esse
1533 3919 1868 3984 praedicator,
1918 3918 2041 3984 quia

487 4010 627 4077 quod
655 4021 747 4059 ore
775 4006 1046 4075 przedicat,
1082 4020 1241 4074 opere
1266 4007 1506 4060 destruit.
1557 4008 1717 4074 Igitur
1748 4009 1798 4059 in
1830 4008 2041 4060 sacculo

485 4099 691 4153 occulta
722 4098 1023 4152 divitiarum
1052 4096 1344 4149 substantia
1372 4110 1383 4147 :
1418 4097 1467 4147 in
1499 4111 1643 4163 pera,
1672 4097 1879 4165 publica
1906 4098 2043 4149 desi-

485 4189 637 4259 gnari
681 4195 872 4258 potest.
926 4188 979 4241 ln
1028 4187 1203 4240 tunica
1251 4187 1478 4238 carnalis
1520 4186 1800 4239 delectatio
1828 4187 2042 4239 demon-

488 4284 710 4329 stratur.
757 4275 886 4340 Qua:
914 4277 1087 4329 omnia
1122 4274 1356 4328 funditus
1385 4276 1685 4335 vendenda,
1723 4277 1770 4330 id
1802 4286 1883 4330 est
1914 4275 2042 4342 abji—

461 4365 683 4424 .cienda-
705 4373 847 4425 sunt,
875 4373 937 4430 ut
964 4366 1151 4434 dignus
1176 4363 1276 4435 [in]
1294 4365 1481 4435 “gladio
1507 4366 1650 4419 verbi
1683 4366 1773 4419 Dei
1812 4373 2045 4419 sectator

482 4440 688 4509 Christi
737 4451 998 4508 efﬁciatur
1044 4453 1214 4508 miles.
1280 4455 1427 4520 Quod
1478 4464 1655 4509 autem
1701 4456 1939 4525 discipuli
1993 4456 2043 4509 id

2141 3288 2369 3360 Spiritus
2401 3291 2454 3344 in
2491 3290 2659 3359 igneis
2688 3291 2880 3360 linguis
2909 3292 3231 3359 accipientes
3272 3292 3412 3359 loqui
3456 3293 3703 3345 dicuntur
3774 3361 3777 3363 _

2139 3383 2400 3451 magnalin
2442 3383 2535 3434 Dei
2566 3382 2700 3449 (Art.
2744 3399 2803 3443 ιι,
2846 3382 2955 3451 ll).
3010 3382 3143 3446 Quia
3191 3383 3278 3435 ubi
3328 3383 3565 3435 Charitas
3611 3400 3704 3451 prr

2139 3477 2334 3530 donum
2367 3477 2537 3529 sancti
2569 3476 2799 3543 Spiritus
2836 3476 2977 3528 intus
3007 3465 3238 3527 ardescit
3268 3474 3318 3526 in
3348 3474 3547 3535 animo,
3582 3491 3702 3527 mox

2140 3565 2283 3619 foras
2313 3567 2367 3619 in
2394 3568 2555 3621 verbo
2582 3568 2829 3620 clarescit
2864 3566 3273 3635 praedicationis.
3322 3562 3549 3618 Possunt
3576 3580 3705 3634 quo-

2140 3672 2239 3723 que
2289 3673 2390 3710 non
2441 3658 2878 3712 inconvenienter
2906 3658 3010 3709 duo
3056 3656 3249 3725 gladii.
3303 3655 3432 3708 ﬁdes
3478 3664 3531 3709 et
3573 3671 3707 3725 opus

2143 3750 2356 3818 intelligi
2385 3768 2395 3801 :
2430 3751 2514 3803 illa
2547 3752 2597 3804 in
2629 3752 2786 3804 corde
2814 3751 3002 3811 latens,
3032 3747 3171 3802 istud
3202 3751 3254 3801 in
3282 3749 3421 3801 facto
3452 3754 3501 3801 in
3531 3749 3705 3819 palam

2144 3842 2451 3908 procedens.
2521 3842 2585 3895 Et
2633 3842 2936 3916 diligentius
2986 3839 3344 3892 consideranti
3396 3856 3492 3907 par
3538 3842 3703 3906 priori

2143 3932 2513 3999 signiﬁcationi
2538 3935 2653 3987 huic
2674 3922 2882 4002 qucque
2908 3932 3191 3991 invenitur,
3214 3934 3336 3997 quia
3362 3930 3491 3983 ﬁdes
3516 3932 3705 3983 anima:

2142 4033 2253 4083 est,
2295 4038 2428 4090 opus
2457 4038 2581 4077 vero
2621 4024 2879 4091 corporis.
2938 4022 3085 4075 Unde
3129 4029 3182 4073 et
3227 4020 3590 4088 unusquisque
3638 4024 3703 4073 ad

2142 4112 2321 4164 cordis
2352 4114 2433 4165 sui
2464 4112 2753 4179 penetralia
2794 4113 2991 4179 dirigat
3026 4112 3371 4163 intentionem
3393 4150 3407 4173 ,
3450 4119 3504 4162 et
3532 4111 3709 4165 videat

2144 4204 2195 4255 in
2227 4218 2310 4263 eo,
2341 4210 2596 4269 quantum
2624 4202 2805 4269 diligat
2844 4202 3037 4261 Deum,
3084 4210 3137 4253 et
3177 4201 3421 4256 eamdem
3454 4201 3545 4255 Dei
3574 4201 3706 4257 dile-

2146 4292 2373 4345 ctionem
2412 4290 2647 4359 proferat
2690 4293 2739 4343 in
2783 4306 2931 4359 opus.
2984 4292 3051 4343 Et
3078 4292 3307 4344 maxime
3333 4292 3709 4361 praedicatores

2150 4381 2397 4435 Ecclesiae
2424 4381 2623 4434 Christi
2650 4382 2968 4435 charitatem
2997 4382 3365 4449 Redemptoris
3406 4384 3571 4435 nostri
3614 4398 3710 4453 per

2086 4526 2087 4529 η
2148 4471 2305 4524 verba
2333 4470 2527 4524 sedulae
2554 4471 2943 4538 praedicationis
2979 4470 3185 4539 populis
3212 4471 3513 4525 ostendant.
3552 4472 3707 4542 183

492 4545 778 4600 dixerunt:
812 4542 945 4597 Ecce
973 4545 1074 4597 duo
1104 4544 1264 4627 gladii
1302 4545 1383 4595 hic
1424 4553 1561 4605 sunt,
1590 4553 1643 4597 et
1672 4545 1923 4599 Dominus
1960 4540 2039 4598 re-

2147 4559 2502 4615 Sintlucernaz
2519 4560 2752 4613 ardentes
2784 4560 2932 4629 (Luc.
2962 4578 3057 4623 xit,
3085 4562 3171 4631 δῦ)
3200 4563 3251 4614 in
3280 4563 3438 4615 domo
3464 4563 3668 4641 Domini
3693 4582 3705 4615 :

491 4636 737 4705 spondit:
771 4636 897 4688 satis
926 4636 1035 4697 est;
1077 4635 1180 4688 duo
1207 4634 1363 4703 gladii
1395 4642 1518 4687 sunt
1553 4647 1746 4703 corpus
1769 4644 1823 4689 et
1848 4636 2043 4697 anima,

491 4725 545 4778 in
582 4722 776 4791 quibus
814 4725 1177 4795 unusquisque
1206 4725 1492 4779 secundum
1521 4726 1619 4778 sibi
1666 4740 1694 4776 a
1735 4724 1842 4779 Deo
1870 4728 2047 4782 datam

490 4814 721 4885 gratiam
766 4814 818 4866 in
863 4812 1069 4866 Domini
1096 4811 1187 4868 Dei
1214 4814 1482 4869 voluntate
1511 4814 1735 4884 proeliari
1766 4816 1939 4871 debet.
1986 4816 2051 4870 Et

494 4904 626 4959 satis
654 4904 756 4957 erit
772 4902 1028 4957 voluntati
1060 4902 1174 4964 Dei,
1197 4904 1241 4957 sl
1261 4918 1481 4973 corpore
1508 4914 1560 4958 et
1584 4907 1760 4963 animo
1790 4906 1928 4961 illius
1953 4909 2049 4962 im-

492 4994 777 5065 plebuntur
801 5002 1083 5063 praecepta.

510 5098 513 5101 ’
555 5092 673 5161 ’588
716 5107 922 5181 ethzec
951 5107 1219 5182 preposita
1256 5107 1477 5175 quaestio
1522 5106 1745 5162 alteram
1788 5106 2047 5169 advocat,

499 5189 631 5260 quia
652 5188 866 5267 abyssas
894 5195 1132 5277 abyssum
1159 5195 1358 5277 invocat
1390 5195 1554 5267 (Psal.
1579 5212 1689 5260 xu,
1716 5196 1789 5266 8).
1834 5196 1901 5251 Et
1927 5198 2049 5251 dum

500 5282 718 5353 jn'odum
739 5272 941 5353 '(Editl,
970 5272 1459 5359 modu‘m)]‘valida,
1487 5289 1864 5361 complements
1907 5289 2049 5345 solu-

497 5383 611 5430 tum
622 5373 895 5449 fastimavi
912 5413 927 5437 ,
963 5386 1089 5443 eoos
1114 5368 1364 5453 [alterum
1390 5390 1456 5435 ex
1478 5374 1651 5434 latere
1678 5375 1901 5453 occulta
1926 5392 2052 5437 coti-

498 5460 791 5523 strictiohis
848 5456 1049 5535 (Edit.,
1080 5450 1415 5530 iniunctam
1463 5477 1528 5528 ex
1574 5450 1743 5522 latere
1788 5467 2053 5541 mitam

500 5545 979 5636 construendum]
1030 5544 1226 5613 oﬁ‘endi
1252 5592 1269 5619 .
1293 5568 1484 5630 quem.
1521 5568 1626 5612 non
1858 5558 2057 5627 prioris

505 5633 861 5719 inquisitionis
892 5643 1118 5709 auctori,
1148 5641 1239 5698 sed
1255 5649 1454 5720 vescae
1479 5643 1791 5708 venerandae
1815 5644 2055 5720 dignitati

2150 4650 2255 4703 sint
2284 4651 2527 4704 civitates
2553 4649 2719 4704 ﬁrma:
2748 4652 2798 4705 in
2831 4652 3093 4704 montibus
3116 4654 3371 4703 virtutum
3394 4651 3631 4711 consitae,
3656 4662 3722 4704 et.

2152 4747 2335 4791 contra
2358 4753 2546 4791 omnes
2568 4738 2785 4792 insidias
2805 4737 3011 4791 hostilis
3034 4738 3296 4791 exercitus
3318 4738 3704 4792 munitissima.

2154 4828 2271 4881 Sint
2315 4838 2556 4896 pastores
2603 4829 2841 4898 providi,
2888 4843 3101 4897 gregem
3146 4828 3343 4881 Christi
3391 4841 3487 4894 per
3515 4842 3709 4895 pascua

2152 4920 2272 4989 vita:
2299 4927 2513 4989 aeterna:
2532 4920 2816 4983 ducentes,
2857 4926 3117 4986 quatenus
3146 4916 3265 4970 cuin
3294 4916 3569 4985 multiplici
3595 4921 3710 4972 ani-

2154 4998 2360 5067 marum
2408 5009 2582 5066 fructu
2636 5010 2825 5081 gaudia
2876 5009 3081 5063 Domini
3131 5009 3221 5063 Dei
3274 5009 3354 5064 sui
3402 5018 3711 5062 mereantur

2154 5099 2376 5169 ingredi.
2412 5098 2543 5172 [llos
2572 5109 2659 5155 tua
2692 5100 2883 5171 (Edit.,
2910 5100 3103 5162 hostia,
3136 5096 3417 5169 mendum
3445 5096 3707 5155 excellen-

2155 5192 2359 5247 tissima
2387 5192 2616 5262 dignitas
2658 5201 2712 5247 et
2754 5194 3089 5249 sanctissima
3132 5193 3183 5247 iu
3220 5189 3418 5245 Christi
3448 5192 3710 5246 charitate

2156 5280 2400 5359 voluntas
2426 5294 2637 5351 semper
2661 5282 2943 5339 admoneat
2964 5322 2977 5344 ,
3020 5284 3125 5338 imo
3152 5280 3483 5335 suavissimis
3509 5281 3705 5335 exhor-

2158 5372 2444 5431 tationibus
2471 5372 2539 5429 ad
2563 5373 2954 5441 pradicationis
2980 5370 3213 5440 impellat
3235 5369 3428 5431 oﬂicia,
3450 5381 3711 5438 quatenus

2161 5464 2216 5519 in
2240 5462 2324 5519 die
2352 5476 2545 5533 magno
2572 5460 2779 5526 Domini
2816 5462 2983 5521 nostri
3019 5459 3144 5533 Iesu
3170 5461 3365 5519 Christi
3407 5470 3462 5515 tu
3501 5474 3712 5530 quoque

2164 5551 2443 5607 amabilem
2471 5552 2729 5608 merearis
2764 5552 2947 5609 audin
2983 5553 3336 5607 sentemiam:
3376 5548 3543 5619 Euge.
3574 5567 3712 5604 serve

2164 5644 2290 5721 bone
2323 5652 2371 5695 et
2400 5642 2592 5711 ﬁdelis,
2630 5643 2752 5709 quia
2789 5658 2940 5710 super
2965 5659 3131 5712 pauca
3160 5642 3307 5711 fuisti
3334 5640 3523 5708 ﬁdelis,
3555 5658 3712 5711 supra

509 5718 799 5786 exsolvant.
847 5729 904 5786 Si
943 5719 1146 5800 [lamus
1178 5717 1405 5793 lstb,’u‘t
1438 5722 1689 5797 diximus,
1716 5717 1934 5790 verbum
1963 5732 2059 5790 Dei
2164 5718 2325 5786 multa
2357 5740 2401 5783 te
2431 5732 2756 5793 constituam,
2807 5726 2943 5784 intra
2990 5732 3043 5784 in
3088 5730 3337 5801 gaudium
3366 5729 3591 5781 Domini
3636 5728 3713 5783 tisi

905 5827 1174 5885 Ριτιιοι.
1225 5822 1293 5883 C.

3255 5818 3322 5879 15
