4258 6206
627 312 732 367 ιίὶῖ
774 266 781 273 ⁸

1458 301 1516 353 B.
1559 297 1619 353 F.
1657 292 1880 350 ALBINI
1917 288 2046 347 SEU
2088 281 2361 341 Λιϐιτικι
2412 283 2692 340 01³8111531
2731 282 2907 338 PARS
2943 282 2984 338 1.

3727 267 3832 330 la

630 429 839 493 (Matth.
870 440 997 489 xxv,
1023 422 1134 492 21).
1182 419 1293 474 Nec
1320 417 1463 472 enim
1506 415 1608 468 hoc
1652 410 1780 465 solis
1819 401 2185 462 sacerdotibus
2213 400 2260 459 Δ
2286 396 2354 453 Et
2373 412 2478 453 non
2506 397 2871 493 evangelicum
2903 395 3189 493 {Quintia
3203 410 3346 493 Ann-re
3372 393 3613 493 prodistis,
3639 389 3837 493 pradi-

628 523 711 577 vel
740 518 945 577 clericis
971 512 1288 568 audiendum
1313 508 1383 567 ibi
1405 503 1702 562 arbitreris,
1725 499 1821 553 sed
1842 497 2007 552 etiam
2027 494 2179 547 bonis

630 613 777 668 laicis
817 619 872 664 et
906 609 1041 664 bene
1078 604 1132 657 in
1174 614 1335 670 opere
1370 596 1465 651 Dei
1500 590 1865 647 laborantibus
1900 585 2181 643 dicendum

627 719 744 759 esse
770 700 978 762 credas,
1007 705 1064 750 et
1089 692 1319 747 maxime
1344 688 1428 742 his
1458 685 1548 755 qui
1579 685 1631 738 in
1661 676 2059 736 sublimioribus
2089 689 2183 745 po-

626 795 715 849 siti
756 798 884 847 sunt
922 785 1102 842 saeculi
1142 778 1485 853 dignitatibus
1508 817 1523 840 ,
1573 788 1801 843 quorum
1844 766 2183 826 conversatio

626 885 764 939 bona
791 892 848 939 et
867 882 989 935 vitm
1016 876 1271 933 sanctitas
1297 880 1353 926 et
1376 866 1728 924 admonitoria
1759 872 1973 918 aeterna
1995 859 2182 916 salutis

621 974 810 1038 verba,
851 972 961 1026 suis
997 965 1250 1035 subjectis
1288 958 1594 1032 praedicatio
1628 955 1826 1027 poterit
1860 966 1999 1007 esse.
2047 950 2183 1004 Nam

626 1063 991 1133 unusquisque
1024 1060 1090 1114 de
1123 1056 1348 1127 pecunia
1376 1049 1574 1107 domini
1605 1048 1720 1112 sui,
1750 1060 1910 1115 quam
1944 1042 2181 1133 accepit,

625 1131 889 1210 rationem
917 1150 1223 1206 redditurus
1249 1144 1355 1201 erit
1384 1142 1439 1197 in
1471 1141 1558 1195 die
1579 1136 1786 1207 judicii.
1832 1134 1901 1190 Et
1936 1134 2028 1204 qui
2064 1131 2183 1202 plus

624 1245 830 1299 laborat
845 1283 859 1305 ,
887 1241 1005 1311 plus
1028 1236 1294 1293 mercedis
1317 1230 1560 1301 accipiet.
1596 1222 2185 1311 Quapropterdilectis—

622 1336 759 1390 sime
787 1340 841 1386 et
863 1310 1184 1385 honorande.
1232 1322 1557 1379 ecclesiarum
1586 1312 1828 1389 [Christi]
1856 1310 2108 1367 defensor
2132 1315 2187 1363 et

627 1431 825 1485 rector,
844 1429 945 1475 ttae
969 1416 1320 1474 sanctissimae
1339 1409 1610 1481 sapientia!
1630 1403 1931 1462 venerabile
1949 1401 2184 1457 studium

627 1514 759 1569 alios
786 1508 1119 1566 admonendo
1143 1506 1473 1565 exhortetur,
1516 1498 1648 1553 alios
1676 1493 1987 1567 castigando
2010 1491 2183 1546 corri-

627 1614 737 1678 gat,
762 1603 900 1659 alios
921 1601 1043 1655 vitae
1071 1594 1363 1665 disciplinis
1385 1589 1627 1652 erudiat,
1666 1593 1727 1639 ut
1748 1580 2185 1678 omnibus-onum

627 1670 797 1765 facta.
825 1691 877 1764 (ι
905 1689 1025 1745 Cor.
1053 1704 1128 1752 Ix,
1148 1686 1264 1756 es).
1293 1698 1357 1738 ex
1385 1680 1633 1736 omnibus
1659 1674 1960 1765 mercedem
1976 1670 2185 1765 habere

626 1759 886 1840 merearis
912 1786 1242 1850 perpetuam.
1276 1773 1348 1829 Ut
1373 1785 1495 1826 cum
1521 1781 1711 1838 magna
1738 1772 1795 1818 et
1816 1759 2067 1850 laudabili
2093 1772 2187 1850 poi

628 1860 870 1946 pulorum
907 1847 1241 1925 multitudine
1267 1862 1529 1934 gloriosus
1566 1858 1620 1913 in
1655 1859 1942 1923 conspectu
1975 1847 2188 1903 Domini

629 1965 723 2020 Dei
750 1964 828 2018 tui
857 1972 1138 2032 appareas.

695 2054 869 2110 Audio
899 2052 1060 2106 etiam
1082 2064 1177 2117 per
1206 2044 1476 2100 Ecclesias
1496 2038 1695 2096 Christi
1723 2035 2009 2108 quamdam
2061 2045 2191 2086 con-

630 2144 965 2201 suetudinem
988 2154 1093 2194 non
1119 2137 1249 2191 satis
1275 2132 1615 2195 laudabilem,
1656 2119 1815 2197 quam
1858 2130 2036 2178 vestra
2064 2134 2191 2190 pm-

630 2230 941 2292 derttiSsima
967 2229 1259 2285 auctoritas
1284 2225 1440 2280 facile
1468 2222 1755 2278 emendare
1798 2222 1993 2288 potest,
2018 2213 2063 2268 si
2104 2220 2189 2266 ta-

632 2342 752 2381 men
780 2339 904 2378 vera
932 2329 1015 2376 est
1040 2320 1239 2388 Opinio,
1271 2324 1325 2372 et
1365 2329 1472 2368 non
1502 2310 1670 2381 magis
1714 2308 1846 2363 falsa
1896 2302 2189 2375 excusatio,

633 2421 692 2469 ut
715 2411 856 2485 quod
878 2410 1057 2465 facere
1083 2424 1189 2462 non
1226 2404 1409 2459 volunt
1439 2399 1760 2472 presbyteri,
1807 2396 1919 2451 suis
1952 2391 2193 2462 injiciant

632 2503 913 2576 episcopis.
941 2500 1075 2554 Nam
1095 2499 1279 2553 dicunt
1303 2496 1370 2549 ab
1390 2492 1654 2563 episcopis
1686 2487 2031 2543 interdictum

634 2574 959 2666 presbyteris
1017 2598 1085 2644 et.
1114 2585 1427 2643 diaconibus
1476 2581 1771 2653 praedicare
1819 2577 1873 2632 in
1914 2574 2193 2666 ecclesiis,

634 2663 761 2740 dum
785 2663 839 2739 in
867 2677 1182 2752 Apocalypsi
1208 2675 1450 2748 [legiturz
1470 2670 1699 2742 Spiritus
1724 2678 1772 2722 et
1786 2683 1977 2738 sponsa
1997 2663 2192 2752 (Editr

633 2775 841 2847 legatur
867 2751 1132 2843 episcopis
1158 2776 1213 2822 et
1231 2776 1461 2843 sponsae,
1485 2758 1631 2831 etc.)
1654 2757 1677 2830 ]
1700 2758 1880 2811 dicunt
1912 2774 1929 2809 :
1956 2754 2091 2847 veni.
2125 2751 2194 2847 lit

634 2842 723 2933 qui
764 2861 970 2923 audiat,
1000 2858 1161 2920 dicat,
1209 2853 1340 2907 veni.
1366 2842 1481 2916 Qui
1514 2850 1642 2915 sitit,
1683 2849 1873 2909 ueniat,
1919 2845 2009 2916 qui
2065 2842 2193 2906 vult,

635 2954 854 3028 accipiat
878 2965 1069 3021 aquam
1114 2947 1228 3003 vita:
1272 2942 1452 3014 (Apoc.
1493 2957 1628 3005 χχιι,
1673 2940 1781 3007 17).
1837 2935 1947 3028 Nec
1989 2942 2199 3028 non-et

636 3021 924 3112 Apostolus
952 3055 967 3089 :
998 3035 1148 3100 Quod
1173 3034 1218 3086 si
1242 3032 1335 3085 alii
1365 3030 1639 3083 revelatum
1656 3028 1810 3096 fuerit
1825 3023 2041 3112 sedenti,
2053 3021 2196 3112 prior

639 3110 825 3184 taceat.
858 3124 1081 3179 Potestis
1109 3124 1241 3176 enim
1268 3137 1364 3191 per.
1383 3117 1612 3189 singulos
1647 3115 1950 3185 prophetare
1974 3110 2039 3183 (1
2069 3110 2190 3166 Cor.

637 3235 753 3285 xxv,
781 3218 872 3282 30,
894 3215 1006 3286 51),
1038 3213 1088 3269 id
1108 3221 1191 3268 est
1214 3213 1427 3266 docere.
1452 3209 1584 3264 Item
1609 3208 1677 3262 ad
1699 3207 2073 3261 Timotheum:
2093 3201 2195 3268 Qui

640 3314 767 3367 bene
784 3316 1010 3381 prlrsunt
1035 3304 1331 3376 presbyteri,
1362 3288 1556 3374 duplici
1584 3300 1778 3352 honore
1799 3296 1945 3365 digni
1972 3293 2200 3347 habean-

640 3414 727 3457 tur
752 3418 769 3454 :
798 3399 1022 3452 maxime
1045 3397 1134 3466 qui
1186 3394 1424 3447 laborant
1453 3393 1509 3443 in
1538 3388 1687 3443 verbo
1715 3396 1763 3440 et
1810 3386 2047 3455 doctrina
2103 3384 2201 3438 Dei

642 3493 696 3564 (1
726 3492 857 3547 Tim.
887 3506 942 3555 v,
973 3488 1083 3557 17).
1105 3488 1299 3541 Dicant
1331 3483 1475 3537 enim
1496 3482 1548 3535 in
1572 3479 1767 3549 quibus
1796 3477 2092 3532 canonibus
2116 3477 2200 3531 in-

578 3631 582 3635 .
643 3585 927 3639 terdictum
947 3580 1018 3634 sit
1036 3576 1363 3648 presbyteris
1388 3571 1716 3643 praedicare?
1744 3569 1881 3636 Quin
1912 3570 2081 3640 magis
2125 3569 2204 3623 le-

640 3681 771 3743 gant
816 3680 872 3725 et
908 3667 1222 3738 intelligant,
1279 3664 1347 3717 ab
1399 3662 1550 3717 initio
1610 3660 1881 3715 nascentis
1924 3658 2201 3739 Ecclesiae,

645 3764 833 3834 quanti
854 3770 909 3815 et
921 3777 1081 3829 quam
1104 3758 1377 3812 mirabiles
1406 3770 1472 3808 ex
1508 3753 1722 3807 diverso
1750 3752 2073 3805 clericorum
2114 3765 2205 3804 or-

646 3857 768 3909 dine
796 3867 894 3923 per
925 3859 1091 3905 totam
1119 3847 1301 3903 mundi
1332 3844 1665 3900 latitudinem
1694 3844 1842 3898 fuere
1892 3844 2208 3913 pradicato—

646 3958 756 4006 res,
786 3943 948 3997 etiam
973 3948 1029 3994 et
1062 3936 1352 4008 apostolica
1377 3936 1431 3989 in
1452 3936 1691 3989 diversas
1714 3942 1895 4003 partes
1918 3934 2212 3987 transmis-'

648 4036 692 4087 si
723 4032 1039 4086 auctoritate
1072 4046 1085 4082 :
1110 4034 1167 4082 et
1186 4027 1434 4082 desinant
1455 4025 1689 4095 speciale
1718 4025 1938 4090 habere,
1961 4015 2102 4095 quod
2138 4027 2207 4081 ad

650 4121 826 4188 majus
853 4120 1153 4199 animarum
1182 4116 1393 4170 lucrum
1418 4115 1767 4185 plurimorum
1809 4118 2012 4185 poterit
2061 4131 2203 4171 esse.

651 4209 789 4263 Nam
811 4215 867 4262 et
888 4207 1002 4276 ipse
1017 4205 1272 4258 Dominus
1301 4214 1484 4259 noster
1499 4204 1656 4259 Jesus
1682 4205 1928 4277 Christus
1952 4204 2209 4272 apostolis

2279 497 2564 558 catesttper
2588 497 2722 541 tecta
2754 485 3065 554 (lamus.
3100 485 3226 554 27)?
3273 483 3414 539 Dicit
3457 482 3621 537 enim,
3649 479 3841 535 beatus

2281 578 2632 648 Hieronymus
2654 579 2707 632 in
2737 576 2960 646 epistola
2988 576 3098 647 (52)
3128 576 3195 630 ad
3225 574 3580 644 Nepotianum
3615 570 3841 643 presby-

2280 677 2474 733 terum,
2519 669 2609 723 ubi
2649 683 2771 722 eum
2816 668 2882 722 de
2927 667 3324 737 praedicationis
3362 663 3537 720 cilicio
3563 663 3839 717 instituit:

2285 775 2305 806 ι
2339 755 2593 810 Pessima:
2619 754 3018 809 consuetudinis
3046 762 3152 817 est,
3181 755 3233 807 in
3254 752 3574 822 quibusdam
3587 750 3844 806 Ecclesiis

2280 857 2465 901 tacere
2483 846 2850 915 presbyteros,
2881 853 2937 899 et
2962 830 3315 914 praesentibus
3335 843 3601 913 episcopis
3637 857 3743 896 non
3764 840 3845 894 lo-

2280 935 2371 1005 qui
2405 935 2601 1005 :quasi
2628 943 2721 988 aut
2745 933 3019 989 invideant
3040 941 3134 987 aut
3161 948 3266 988 non
3312 933 3598 1003 dignentur
3636 931 3841 986 audire.

2282 1025 2349 1079 Et
2384 1026 2431 1079 si
2453 1024 2567 1091 alii,
2598 1025 2768 1093 inquit
2804 1024 3002 1078 Paulus
3044 1023 3338 1093 apostolus,
3368 1023 3524 1092 fuerit
3568 1021 3845 1077 revelatum
3890 1041 3892 1043 >

2280 1117 2501 1181 sedenti,
2546 1117 2694 1187 prior
2735 1124 2923 1169 taceat.
2992 1114 3215 1169 Potestis
3275 1115 3410 1169 enim
3465 1130 3558 1184 per
3616 1112 3847 1183 singulos

2281 1207 2602 1277 prophetare,
2634 1215 2691 1260 ut
2710 1193 2885 1260 omnes
2911 1205 3114 1273 discant
3137 1204 3325 1277 [Edit.,
3348 1215 3396 1258 et
3421 1221 3595 1260 omnes
3622 1203 3847 1274 dicunt],

2282 1307 2330 1352 et
2350 1314 2526 1352 omnes
2550 1297 2881 1351 consolentur
2906 1297 2962 1369 (1
2985 1297 3107 1352 Cor.
3140 1313 3251 1362 ιη,
3309 1296 3400 1362 30,
3427 1296 3539 1367 5|).
3566 1297 3633 1352 Et
3675 1315 3690 1349 :
3727 1297 3850 1367 Spi-

2284 1387 2414 1441 ritus
2434 1388 2798 1458 prophetarum
2822 1388 3081 1458 prophetis
3101 1388 3359 1458 subjectus
3398 1398 3510 1453 est;
3560 1405 3664 1441 non
3712 1389 3850 1443 enim

2284 1476 2620 1530 dissensionis
2640 1484 2716 1530 est
2735 1475 2896 1539 Deus,
2915 1475 3006 1529 sed
3029 1477 3172 1546 pacis
3207 1474 3395 1545 (Ibid.,
3426 1492 3557 1529 vers.
3588 1476 3680 1539 3%,
3736 1474 3849 1542 33).

2286 1565 2469 1622 Gloria
2493 1568 2657 1637 patris
2681 1576 2755 1621 est
2799 1566 2942 1635 filius
2982 1558 3393 1637 sapienslProv.
3423 1583 3479 1632 ι,
3506 1565 3582 1638 1).
3610 1557 3856 1622 Gaudeat

2285 1661 2570 1730 episcopus
2590 1656 2795 1729 judicio
2821 1674 2941 1724 suo,
2972 1675 3097 1714 cum
3138 1659 3274 1715 tales
3327 1658 3587 1733 [Christo]
3634 1658 3857 1730 elegerit

2215 1732 2265 1793 Β
2288 1738 2616 1806 sacerdotes.
2653 1750 2813 1823 184
2834 1749 3095 1823 [Docente
3118 1760 3170 1806 te
3192 1752 3245 1804 in
3271 1751 3502 1807 ecclesia
3525 1750 3720 1822 (Elin,
3748 1750 3856 1804 Do-

2285 1849 2471 1895 centes
2494 1841 2547 1895 in
2567 1840 2820 1911 ecclesia)
2852 1839 2874 1913 ]
2901 1856 3007 1895 non
3029 1840 3236 1895 clamor
3260 1839 3440 1911 populi
3485 1839 3581 1895 sed
3620 1838 3855 1911 gemitus

2285 1926 2599 1986 suseitetur.
2624 1931 2903 2002 Lacrymte
2937 1931 3241 1986 auditorum
3293 1930 3478 1986 laudes
3505 1939 3611 1986 tua!
3661 1931 3787 1986 sint.
3828 1949 3847 1983 ι

2288 2021 2412 2077 llaec
2448 2030 2630 2076 tantus
2655 2030 2711 2076 et
2760 2022 3090 2077 admirabilis
3130 2022 3316 2078 doctor
3368 2022 3495 2077 huic
3544 2030 3653 2076 tam
3699 2020 3857 2076 mala.-

2288 2113 2662 2169 consuetudini
2691 2113 2958 2183 opposuit.
2986 2112 3224 2168 Plurima
3243 2113 3439 2170 exinde
3466 2113 3573 2169 dici
3601 2120 3856 2184 possunt,

2289 2204 2382 2258 sed
2404 2205 2630 2274 sapienti
2651 2218 2823 2273 pauca
2850 2202 3144 2259 sufﬁciunt.
3168 2204 3279 2259 Nec
3303 2211 3505 2259 nostra:
3533 2197 3857 2257 rusticitatis

2288 2302 2390 2357 est,
2419 2301 2615 2357 vestra:
2643 2293 2927 2348 laudabilis
2949 2295 3226 2364 sapientia:
3274 2309 3434 2350 aures
3481 2294 3725 2364 plurimis
3763 2309 3857 2364 ag-

2274 2398 2517 2456 gravare
2542 2383 2752 2448 verbis;
2782 2384 2877 2438 sed
2898 2392 3112 2440 tantum
3132 2384 3357 2454 supplici
3385 2384 3666 2438 deprecari
3692 2383 3855 2437 devo-

2289 2474 2457 2537 tione,
2477 2480 2537 2526 ut
2556 2472 2687 2526 talia
2727 2482 2952 2542 paterna
2978 2472 3283 2543 provisione
3320 2470 3579 2541 iubeatis,
3632 2474 3680 2528 si
3725 2488 3852 2527 vera

2292 2550 2422 2627 sint,
2443 2563 2749 2617 emendare.
2782 2563 3056 2629 Quatenus
3076 2562 3303 2618 sublime
3360 2562 3558 2633 regalis
3606 2562 3851 2632 potentia!

2294 2655 2531 2726 regimen
2550 2655 2800 2710 omnibus
2823 2655 3019 2724 ubique
3038 2655 3286 2726 proﬁciat
3307 2657 3373 2710 ad
3402 2655 3652 2718 salutem,
3685 2662 3737 2709 et
3758 2653 3857 2708 tibi

2294 2762 2418 2801 eum
2436 2745 2650 2803 Christo
2669 2746 2904 2810 Domino
2926 2746 3037 2800 Deo
3065 2754 3249 2801 nostro
3269 2754 3325 2800 et
3349 2746 3552 2800 sanctis
3573 2744 3689 2813 eius
3715 2759 3850 2816 prae-

2295 2834 2402 2889 mia
2430 2835 2673 2905 perpetui
2704 2835 2925 2889 honoris
2955 2842 3272 2903 augeantur.
3312 2854 3315 2855 ν
3574 2896 3579 2900 _

2368 2923 2609 2977 Vidimus
2638 2937 2850 2993 quoque
2896 2923 3161 2991 aliquibus
3206 2923 3258 2991 in
3298 2921 3431 2977 locis
3485 2921 3858 2994 [negligentes]

2300 3010 2607 3068 altaria'Dei
2632 3014 2834 3084 absque
2861 3022 3025 3078 tecto,
3049 3014 3229 3067 avium
3259 3012 3589 3081 stercoribus
3641 3013 3726 3069 vel
3769 3029 3864 3069 ca-

2300 3118 2429 3157 num
2457 3104 2623 3159 mictu
2650 3104 2869 3158 fiedata.
2898 3102 3052 3169 Quod
3076 3102 3234 3156 facile
3254 3110 3436 3156 vestra
3452 3102 3759 3158 veneranda
3807 3104 3861 3157 in

2298 3192 2411 3247 Deo
2430 3192 2678 3247 voluntas
2693 3208 2792 3263 per
2809 3193 3092 3263 episcopos
3114 3192 3401 3248 emendare
3428 3193 3570 3248 valet
3590 3211 3603 3246 :
3627 3202 3689 3248 ut
3738 3209 3863 3249 cum

2298 3283 2502 3337 honore
2526 3283 2789 3353 condigno
2818 3290 3033 3336 maneat
3059 3297 3245 3337 mensa
3271 3282 3481 3336 Domini
3508 3283 3561 3336 in
3589 3282 3709 3337 loco
3741 3297 3863 3349 suo,

2298 3372 2378 3426 vel
2402 3380 2649 3441 portetur
2668 3372 2723 3426 in
2744 3371 3030 3425 ecclesiam
3054 3370 3335 3439 majorem,
3384 3371 3681 3440 secundum
3732 3384 3863 3425 san-

2300 3470 2444 3517 ctam
2471 3463 2813 3517 sacerdotum
2864 3452 2975 3514 Dei
3003 3460 3425 3530 providentiam;
3472 3470 3529 3517 et
3568 3462 3866 3519 honoriﬁce

2300 3559 2564 3605 tractetur
2581 3565 2673 3605 seu
2705 3549 2874 3604 altare
2893 3548 3116 3614 Christi,
3144 3564 3238 3605 seu
3263 3552 3598 3605 consecratio
3621 3552 3865 3620 corporis

2301 3649 2358 3694 et
2393 3641 2667 3711 sanguinis
2693 3640 2857 3704 illius,
2886 3647 2942 3693 et
2965 3640 3292 3709 praecipuum
3326 3638 3517 3693 salutis
3550 3647 3745 3693 nostra:
3780 3654 3867 3694 sa—

2303 3740 2640 3787 cramentum
2661 3732 2806 3785 omni
2827 3731 3171 3785 veneratione
3190 3738 3559 3798 consecretur,
3584 3731 3865 3799 habeatur,

2304 3830 2360 3876 et
2381 3822 2735 3876 custodiatur.

2764 3922 2791 3950 ι
2819 3908 3145 3964 EPISTOLA
3186 3908 3412 3964 CLXIV.

2686 3996 2768 4035 ΑΙ)Δ
2800 3996 3045 4035 ελκοιυι
3090 3993 3489 4035 ΙΙΡΒΙΑΤΟΙΒΙ.

2309 4070 2599 4139 Respondet
2624 4070 2697 4141 ad
2723 4072 3042 4141 interrogata
3071 4071 3135 4125 de
3155 4072 3344 4141 hymno
3366 4080 3480 4140 post
3509 4085 3706 4123 manus
3728 4068 3871 4123 dicta

2624 4136 2647 4177 ’-
2669 4139 2807 4207 apud
2837 4136 3144 4193 Ha'tthwunt
3166 4136 3215 4192 et
3247 4136 3505 4193 Marcum.

2380 4226 2511 4298 Regi
2550 4226 2697 4300 [Leg.
2730 4228 2897 4301 Rege]
2928 4246 3116 4301 regum
3139 4230 3250 4285 Deo
3275 4231 3492 4286 Christo
3517 4232 3749 4287 donante
3766 4230 3871 4286 Ca-

654 4303 764 4355 suis
789 4300 855 4355 ad
883 4289 1274 4369 praedicationis
1308 4296 1481 4353 ollicia
1530 4298 1751 4352 secundi
1799 4297 2002 4351 ordinis
2062 4298 2207 4351 viros

2311 4315 2425 4369 rolo
2455 4318 2586 4386 regi,
2617 4317 2925 4386 imperatori
2944 4319 3203 4389 Augusto,
3231 4321 3454 4390 Optimo,
3470 4322 3725 4387 maxime,
3746 4336 3873 4392 per-

654 4392 945 4461 subjunxit,
973 4401 1034 4446 ut
1061 4392 1114 4445 in
1134 4391 1277 4446 Luca
1298 4390 1633 4461 apertissime
1653 4390 1846 4461 legitur
1872 4409 1884 4444 :
1938 4389 2060 4444 Pos.‘
2098 4391 2207 4443 luet
2235 4397 2246 4458 1

2248 4397 2288 4458 Β
2310 4412 2505 4474 petuo;
2529 4406 2743 4460 humilis
2781 4386 3180 4463 matricularius
3223 4386 3445 4467 Albinus
3488 4386 3874 4483 sempiternam

656 4496 825 4539 autent
853 4483 1135 4551 designavit
1164 4481 1414 4535 Dominus
1447 4491 1495 4534 et
1522 4478 1651 4533 alios
1695 4482 2021 4552 septuaginta
2056 4482 2209 4547 duos,

656 4584 705 4643 et
731 4574 865 4626 misit
889 4572 1008 4625 illos
1031 4571 1177 4624 bim
1203 4580 1324 4622 ante
1348 4570 1534 4636 faciem
1556 4586 1707 4643 suam
1729 4570 1879 4642 (Luc.
1906 4589 1961 4637 ι,
2016 4571 2093 4643 1).
2148 4573 2216 4627 Et

658 4662 817 4732 paulo
838 4668 995 4731 post:
1028 4658 1130 4724 Qui
1159 4676 1245 4712 uos
1271 4659 1438 4722 audit,
1461 4675 1541 4713 me
1566 4661 1747 4723 audit;
1774 4671 1823 4715 et
1854 4663 1944 4731 qui
1967 4678 2215 4732 meper-

659 4756 755 4815 m't,
782 4767 864 4807 me
885 4753 1109 4821 spernit;
1134 4759 1181 4804 et
1208 4751 1295 4821 qui
1339 4766 1419 4803 me
1469 4751 1685 4819 spernit,
1719 4752 1913 4820 spernit
1966 4767 2082 4805 eunt
2124 4754 2213 4823 qui

659 4863 737 4897 nte
764 4846 903 4897 misit
957 4840 1143 4913 (Ibid.,
1173 4841 1283 4913 16).
1315 4841 1381 4896 Et
1407 4849 1602 4897 extera
1620 4857 1740 4911 qua:
1768 4842 1848 4908 ibi
1887 4843 1954 4898 de
1995 4844 2212 4915 dispal-

661 4932 867 4989 satioue
891 4934 1040 4989 verbi
1069 4933 1163 4986 Dei
1202 4932 1465 5002 leguntur.
1497 4934 1674 5001 Quare
1701 4937 1755 4991 in
1790 4936 2047 4993 Ecclesiis
2088 4939 2217 4994 ‘ubi—

663 5038 765 5089 que
788 5025 856 5077 ab
878 5026 1023 5077 omni
1057 5023 1245 5079 ordine
1296 5021 1613 5078 clericorum
1664 5027 1895 5081 homilite
1930 5027 2217 5097 leguntur?

663 5113 800 5177 Quid
824 5122 909 5165 est
935 5115 1171 5179 bomilia,
1199 5114 1301 5168 nisi
1327 5110 1631 5182 pmdicatio
1650 5116 1675 5168 ?
1698 5116 1888 5170 Mirum
1939 5127 2025 5171 est
2074 5121 2217 5187 quod

666 5203 841 5271 legere
868 5203 1011 5265 licet,
1034 5213 1089 5256 et
1108 5204 1448 5275 interpretari
1473 5219 1577 5258 non
1598 5206 1742 5271 licet,
1774 5204 2217 5278 [utjabomnibus
2286 5216 2289 5219 ‘

627 5336 631 5342 .
669 5293 1033 5362 intelligatur?
1061 5292 1195 5357 Quid
1218 5304 1303 5349 est
1330 5295 1508 5359 aliud,
1537 5296 1645 5349 nisi
1663 5307 1747 5351 .m.
1767 5298 2049 5381 audientes
2098 5298 2216 5353 sine

671 5381 844 5435 (metu
873 5381 1025 5443 ﬁant,
1055 5388 1110 5434 et
1137 5380 1420 5450 impleatur
1439 5384 1807 5453 Virgilianum-
1820 5386 2009 5442 illud-2'
2172 5416 2179 5421 -

914 5472 1583 5524 Datsinementemos“...
1816 5491 1842 5515 ν·
1904 5512 1907 5515 .
2006 5478 2011 5479 ⁷
2111 5468 2123 5509 .‘

677 5585 764 5660 ,με
790 5571 915 5660 live
940 5560 1159 5660 epistola
1199 5579 1247 5632 in
1281 5573 1519 5660 editione
1538 5578 1852 5660 Quereetani
1892 5556 1993 5640 "id
2020 5596 2124 5654 est,
2153 5576 2221 5660 ab

673 5650 787 5709 ipso
816 5650 984 5710 primo
1021 5650 1158 5709 e'lita
1188 5665 1252 5703 ex
1285 5650 1466 5705 codice
1501 5650 1597 5706 ros.
1629 5654 1836 5724 Scripta
1862 5666 1943 5710 est
1970 5671 2086 5726 post
2112 5650 2219 5715 an”-

2314 4494 2552 4565 calestis
2574 4496 2756 4567 gloriae
2779 4498 3026 4554 salutem.
3364 4531 3373 4535 ~

2332 4652 2340 4657 _
2384 4583 2642 4650 Mirabilis
2656 4587 2934 4656 sapientiae
2958 4598 3154 4643 vestrae
3177 4589 3479 4643 litterarum
3525 4592 3668 4645 serie
3694 4598 3871 4662 perte-

2310 4679 2423 4742 cta,
2442 4672 2744 4729 invenimus
2769 4664 3202 4745 easeloquentia:
3228 4678 3401 4733 nitore
3444 4675 3771 4751 Splendida,
3816 4688 3878 4734 et

2315 4760 2674 4830 profunditate
2694 4778 2946 4820 sensuum
2986 4764 3384 4833 subtilissimas,
3418 4776 3475 4822 et
3513 4769 3875 4839 inquisitionis

2316 4851 2488 4921 gratia
2501 4852 2938 4921 iucundissimas.
2972 4854 3123 4911 Unde
3140 4865 3387 4927 patimur
3413 4858 3639 4929 agnosci
3654 4856 3873 4930 poterit.

2316 4956 2421 4998 non
2443 4950 2652 4999 tantum
2690 4945 3088 5015 imperatoriam
3139 4958 3335 5005 vestra:
3366 4950 3673 5021 prudentia!
3720 4958 3873 5019 pote-

2317 5031 2515 5089 statem
2534 5050 2571 5088 a
2594 5035 2707 5090 Deo
2728 5038 2797 5091 ad
2814 5024 2988 5091 solum
3008 5039 3188 5095 mundi
3211 5042 3477 5113 regimen,
3499 5041 3595 5095 sed
3638 5040 3872 5096 maxime

2317 5123 2385 5178 ad
2409 5122 2665 5179 Ecciesiae
2685 5127 2989 5207 praesidium
3013 5136 3079 5207 et
3098 5131 3375 5201 sapientia:
3398 5131 3648 5187 decorem
3704 5130 3871 5187 colla-
3898 5138 3901 5139 ⁷

2319 5222 2451 5277 tam,
2478 5222 2534 5267 et
2551 5215 2807 5283 iuvenum
2832 5225 3041 5293 mentes
3073 5206 3317 5289 quadam
3375 5221 3579 5277 inertia:
3627 5220 3873 5299 rubigine

2316 5300 2575 5356 obductas
2598 5301 2665 5357 ad
2688 5308 2914 5359 acumen
2929 5304 3130 5377 ingenii
3169 5317 3266 5377 per
3304 5316 3543 5371 vestram
3598 5309 3874 5376 Sanctissi-

2319 5387 2461 5446 nam
2488 5391 2761 5448 soiertiam
2781 5384 3098 5469 elimandas.
3135 5395 3191 5450 Si
3220 5399 3445 5468 quidem
3462 5402 3659 5466 prater
3706 5397 3887 5468 impe—'

2314 5478 2562 5562 [risit-set
2576 5472 2819 5553 publicas
2838 5499 3024 5550 curas,
3045 5478 3381 5560 evangelicas
3409 5487 3728 5559 quzestiones'
3749 5490 3873 5543 sca.

2322 5584 2452 5669 num.
2607 5592 2673 5669 ad
2687 5590 2948 5669 Cordum
2972 5588 3080 5664 jam
3120 5599 3528 5667 imperatorem.-
3549 5578 3721 5669 (Apud
3746 5579 3874 5656 ω-

2322 5663 2440 5715 ben.
2473 5662 2794 5735 epist.125.)
2975 5662 2983 5664 '
3146 5662 3212 5727 γ’
3314 5674 3317 5677 -
