4272 6194
643 251 744 307 655

1499 259 1558 315 s.
1597 262 1655 316 Ρ.
1687 231 1909 319 nm:
1948 264 2078 324 seu
2115 268 2388 332 statim
2433 274 2713 331 usuusu
2752 280 2930 334 PARS
2964 281 3004 335 ι.
3073 271 3090 287 °

3738 289 3844 346 ωδ

639 371 745 468 ιιιι·ζ
789 380 951 465 quam
990 367 1222 422 humana
1269 374 1432 425 caro?
1471 373 1539 428 Et
1567 377 1696 446 quid
1879 383 2198 463 aptum_im-
2225 392 2269 446 Α
2295 386 2387 452 25,
2410 389 2500 461 Ξϐ)
2529 406 2627 460 pro
2657 394 2786 448 suis.
2809 394 2953 450 idem
2978 397 3090 466 ipse
3113 407 3301 468 potens
3322 415 3444 454 cum
3473 401 3582 458 Deo
3607 403 3764 462 Patre
3790 416 3846 462 et

639 451 932 517 molatioui,
977 471 1139 526 quam
1190 473 1319 514 caro
1362 464 1677 520 mortalisls
1727 467 1798 522 Et
1837 451 1998 542 paulo
2031 451 2191 543 post:

638 560 658 592 4
677 541 814 607 Quid
844 552 951 597 tam
974 556 1126 614 grate
1150 547 1334 603 oﬂ‘erri
1359 559 1416 604 et
1441 555 1640 626 suscipi
1661 541 1848 628 possit,
1877 541 2049 630 quant
2067 577 2196 618 caro

634 631 880 686 sacriﬁcii
915 636 1081 688 nostri
1128 652 1322 707 corpus
1362 642 1610 699 cll'ectum
1653 649 1952 706 sacerdotis
1990 652 2192 718 nostri;

632 731 690 775 ut
720 725 986 791 quoniam“
1011 735 1242 794 quatuor
1279 732 1691 789 considerantur
1721 738 1775 792 in
1809 739 1954 807 omni
1982 742 2192 798 sacriﬁ—

619 1174 895 1242 oﬁ‘erebat,
943 1195 1106 1237 unum
1136 1183 1191 1237 in
1217 1198 1280 1239 se
1307 1184 1534 1256 faceret,
1558 1205 1660 1260 pro
1680 1176 1877 1261 quibus
1904 1191 2185 1255 oll‘ercbat.

618 1282 756 1326 unus
781 1269 897 1342 ipse
923 1280 1092 1338 esset,
1140 1276 1529 1345 qui‘oﬁerebat
1569 1289 1627 1338 et
1668 1283 1814 1352 quod
1854 1282 2178 1340 oﬁerrbat.»

521 1388 524 1391 -
617 1356 800 1415 Nonne
818 1362 1162 1433 perspicuum
1200 1375 1288 1422 est
1326 1368 1412 1424 his
1441 1369 1601 1442 139
1623 1372 1804 1430 verbis
1827 1373 1981 1431 .beati
2004 1374 2185 1446 Augu-

612 1448 740 1504 Stini
779 1449 919 1506 bene
963 1452 1267 1520 intellectis,
1313 1459 1398 1512 cui
1441 1460 1545 1515 hoc
1587 1462 1912 1520 sacriﬁcio
1957 1465 2184 1522 obtulit?

610 1537 724 1594 Nisi
754 1539 894 1595 forte
921 1543 1043 1613 quis
1070 1546 1270 1604 audeat
1290 1549 1492 1617 dicere,
1521 1551 1668 1614 aliud
1703 1569 1826 1611 esse
1857 1557 2181 1614 sacriﬁcium

564 1634 569 1638 ’
609 1633 750 1701 quod
779 1633 889 1689 Deo
913 1635 1060 1691 Patri
1094 1638 1331 1695 oblatum
1358 1651 1460 1708 est,
1490 1644 1635 1700 aliud
1674 1647 1907 1716 pretium
1944 1664 2053 1718 quo
2087 1664 2178 1703 re-

2296 473 2499 546 Spiritu
2538 489 2724 535 sanao
2770 484 2934 538 vitam
2981 486 3318 544 credentibus
3363 491 3415 544 in
3441 507 3532 578 se.
3562 493 3705 550 Idem
3736 497 3846 554 Deo

2292 573 2352 621 et
2385 567 2508 622 vivo
2549 572 2856 642 unigenitus
2885 573 2979 630 Dei
3001 575 3168 631 Filius
3201 571 3455 635 Dominus
3481 593 3664 638 noster
3689 584 3845 644 ἔειπε

2289 655 2557 726 Christus,
2592 663 2746 731 cujus
2779 663 2895 720 laus
2921 673 2976 720 et
3004 665 3173 737 gloria
3200 669 3254 723 in
3282 670 3472 724 saeuis
3497 676 3842 746 sempiterna.

2358 787 2415 844 in
2443 789 2618 847 Patris
2642 802 2698 849 et
2716 793 2858 862 Nati,
2887 795 3136 854 Paracliti
3161 809 3217 855 et
3243 803 3461 858 nomine
3482 819 3692 880 magno

2429 881 2512 936 Sit
2547 885 2640 939 tibi
2668 889 3016 956 prosperitas,
3044 891 3233 960 gloria,
3263 893 3391 958 vita,
3419 894 3584 951 salus.

2357 971 2402 1026 0
2431 973 2502 1027 mi
2531 974 2701 1030 dulcis
2731 980 2882 1032 amor
2909 977 3093 1043 David,
3122 974 3338 1054 insacla
3361 983 3556 1040 valeto.

2426 1063 2509 1119 Sit
2538 1063 2674 1131 laus,
2705 1067 2819 1134 ius,
2847 1069 3038 1137 virtus,
3065 1071 3310 1127 Christus
3335 1074 3533 1144 ubique
3554 1076 3683 1131 tibi;

2355 1168 2623 1230 Fortassis
2639 1175 2981 1257 Atheniensis
2999 1181 3236 1252 sophista
3249 1198 3317 1239 ex
3339 1187 3642 1243 academica
3661 1191 3842 1248 schola

2283 1264 2584 1336 hujusmodi
2610 1254 2832 1340 protulil
2856 1254 3232 1342 quastionem;
3275 1292 3398 1333 uim
3424 1297 3532 1351 quo
3559 1281 3846 1343 Phtonicis

2281 1355 2554 1429 paulisper
2579 1359 2740 1415 liceat
2767 1365 3095 1432 argumentis
3124 1367 3286 1423 verba
3323 1385 3626 1429 conserere.
3675 1374 3844 1433 Porro

2279 1445 2496 1501 beatum
2548 1446 2770 1505 Paulum
2819 1451 3044 1524 legimus
3081 1471 3202 1510 cum
3241 1459 3428 1515 stoicis
3463 1462 3757 1532 disputare,
3783 1476 3842 1520 ut

2280 1549 2467 1591 eorum
2492 1550 2587 1593 eos
2613 1539 2910 1612 disciplinis
2952 1545 3022 1600 ab
3058 1559 3244 1602 errore
3300 1548 3352 1602 in
3404 1549 3549 1607 viam
3597 1554 3844 1610 veritatis

2279 1626 2669 1706 transduceret.
2710 1628 2860 1689 .Nam
2907 1642 2964 1690 et
3011 1636 3240 1706 populus
3265 1638 3384 1706 Dei,
3425 1629 3780 1705 redimendus
3808 1661 3842 1701 a

607 1727 808 1796 dempti
854 1743 1058 1784 sumus.
1095 1731 1154 1785 in
1199 1705 1455 1789 omnibus
1489 1705 1719 1805 injuriis.
1767 1705 2071 1810 opproliriis
2113 1757 2180 1798 ac
2209 1744 2254 1807 Β
2278 1714 2534 1810 servm?
2559 1705 2867 1810 δὰἷίδδίων
2898 1705 3232 1794 Eamne“
3268 1727 3469 1788 dium
3491 1731 3711 1800 (“Vm
3738 1735 3840 1792 ω’

605 1816 966 1884 passionibus,
1011 1835 1150 1890 quas
1196 1823 1388 1879 unicus
1431 1824 1526 1881 Dei
1566 1825 1736 1883 Filius
1778 1830 2035 1887 sustinuit
2074 1847 2175 1902 pro

608 1905 784 1973 nobis,
836 1909 966 1978 quid
1015 1918 1228 1980 gestum
1269 1921 1377 1980 est,
1421 1915 1524 1970 nisi
1572 1916 1771 1972 oblatio
1808 1934 1910 1989 pro
1938 1922 2176 1990 peccatis

606 2001 827 2065 tuostris,
867 2003 969 2057 nisi
1003 2004 1236 2073 pretium
1275 2007 1664 2078 redemptionis
1697 2014 1931 2068 nostrae?
1974 2013 2044 2072 Et
2082 2031 2175 2071 su~

603 2087 864 2158 perﬁuum
905 2092 1116 2148 videtur
1144 2109 1387 2164 quzcrere
1421 2099 1543 2168 quis
1573 2100 1714 2157 hanc
1738 2102 2060 2164 oblationem
2088 2105 2173 2160 vel

604 2181 708 2235 hoc
750 2183 982 2252 pretium
1028 2188 1343 2256 accepisset,
1375 2190 1503 2245 dum
1541 2191 1732 2248 beatus
1765 2193 1962 2251 Paulus
1984 2197 2037 2249 in
2063 2205 2175 2252 terb

491 2258 519 2277 ³
603 2272 738 2325 tium
779 2282 966 2343 raptus
1005 2276 1202 2332 ctelum
1227 2279 1334 2333 tale
1359 2280 1428 2336 de
1451 2283 1675 2352 eo,*qui
1701 2292 1786 2340 est
1827 2282 2080 2342 sacerdos
2116 2293 2172 2346 et

601 2360 810 2426 hostia,
853 2365 1086 2432 pretium
1135 2375 1209 2443 et_
1239 2359 1470 2435 oblatio,
1517 2370 1763 2442 proferre
1808 2374 2168 2431 testimonium

600 2466 706 2514 non
734 2453 931 2519 timuit,
964 2456 1054 2525 qui
1081 2459 1427 2528 semtipsant,
1454 2460 1659 2528 dicens,
1697 2479 1793 2533 pro
1829 2465 1976 2519 nobis
2015 2465 2168 2520 obtu-

599 2539 660 2594 lit
685 2542 1005 2610 sacriﬁcium
1028 2544 1136 2599 Deo
1163 2547 1222 2599 in
1241 2547 1454 2603 edomui
1478 2552 1767 2605 suavitatis.
1782 2551 1997 2622 (Ephes.
2015 2552 2163 2626 νβ).

603 2631 670 2684 Et
699 2633 842 2700 quod
866 2634 976 2687 vita
1003 2637 1212 2692 venerit
1238 2638 1305 2694 ad
1334 2647 1562 2699 mortem
1600 2649 1833 2703 testatur
1874 2645 2016 2702 idem
2051 2644 2165 2700 Au-

597 2722 849 2790 gustinus
895 2724 946 2778 in
998 2725 1421 2798 quinquagesimi
1467 2732 1644 2787 octavi
1689 2732 1883 2803 psalmi
1931 2741 2164 2793 mutatu

599 2816 795 2884 (Serm.
818 2817 873 2880 8,
900 2835 954 2871 ιι.
983 2819 1039 2889 4)
1068 2838 1082 2873 :
1112 2840 1131 2872 ι
1152 2821 1290 2888 Quid
1332 2831 1514 2880 autem
1556 2823 1821 2889 iecerunt,
1869 2826 2061 2897 inquit,
2110 2827 2164 2882 in

597 2905 848 2960 Christo?
885 2906 999 2964 Non
1048 2910 1235 2974 vitam,
1283 2913 1378 2967 sed
1424 2921 1652 2970 mortem
1695 2915 2023 2972 occiderunt.
2055 2916 2164 2974 Ex-

596 2995 794 3049 stincta
818 2998 1013 3067 quippe
1039 3009 1233 3066 morte,
1254 3000 1364 3055 vita
1387 3004 1702 3060 resurrexit.
1717 3024 1736 3056 ι
1765 3003 1883 3074 Ipse
1899 3021 2027 3061 vero
2043 3005 2165 3061 Sal-

2276 1818 2395 1859 cem
2421 1812 2461 1861 a'
2482 1804 2594 1862 Deo
2618 1806 2878 1866 directum
2904 1823 3138 1882 εεαιιιιε,
3189 1832 3256 1872 ex
3283 1819 3480 1889 quibus
3506 1819 3561 1878 in
3587 1823 3843 1882 taberna-

2272 1892 2381 1950 culi
2432 1896 2840 1956 adiﬁcationem
3163 1906 3273 1962 Deo
3317 1907 3458 1963 dona
3483 1911 3695 1967 obtulit.
3733 1913 3842 1973 Cur

2272 2000 2381 2041 non
2407 1995 2518 2067 tam
2541 1989 2816 2060 praiclaris
2840 1992 3083 2051 eruditus
3109 1997 3370 2069 exemplis
3409 1999 3720 2063 dialecticos
3763 2005 3837 2068 illi

2270 2076 2652 2145 qumstionario
2696 2084 3044 2153 proponimus
3090 2087 3427 2159 syllogismos
3451 2132 3468 2156 ,
3518 2100 3578 2147 ut
3613 2109 3835 2152 suorum

2270 2167 2543 2224 sauciatus
2582 2172 2750 2227 armis
2790 2173 2846 2228 in
2883 2175 3134 2233 catholici
3163 2181 3432 2236 exercitus
3457 2182 3632 2239 libens
3656 2193 3835 2239 castra

2269 2268 2530 2316 recurrat.
2579 2260 2676 2317 Dic
2704 2303 2720 2329 ,
2767 2279 2898 2336 rogo
2919 2306 2936 2332 ,
2970 2267 3057 2327 dic
3081 2308 3096 2333 ,
3151 2270 3336 2326 doctor
3379 2274 3832 2342 prudentissime!

2270 2357 2523 2406 utrumne
2568 2368 2716 2410 mors
2760 2355 2832 2411 sit
2856 2354 3197 2416 substantia?
3235 2362 3508 2430 Quatenus
3536 2367 3831 2436 videamus,

2269 2441 2315 2497 si
2367 2441 2524 2514 digne
2556 2444 2662 2500 dici
2701 2446 2892 2503 debeat
2925 2457 3132 2506 tantum
3176 2467 3296 2510 eam
3342 2458 3641 2525 suscepisse
3694 2474 3831 2530 prae-

2269 2534 2436 2588 mium
2466 2534 2619 2606 [Cod.
2655 2534 2798 2606 Vat.,
2833 2542 3067 2612 suscepit
3107 2543 3385 2616 pretium].
3418 2546 3580 2617 Igitur
3611 2551 3655 2604 si
3686 2566 3834 2608 mors

2267 2624 2569 2681 substantia
2611 2637 2717 2692 εει,
2743 2620 2989 2685 creatura
3019 2632 3113 2686 Dei
3138 2643 3243 2699 est,
3269 2636 3394 2706 quia
3429 2637 3569 2693 nulla
3597 2649 3680 2697 est
3701 2641 3833 2698 sub-

2268 2714 2481 2778 stantia,
2515 2716 2619 2772 nisi
2648 2728 2742 2773 aut
2766 2720 2880 2790 ipse
2907 2722 3010 2788 sit,
3038 2731 3130 2777 aut
3157 2741 3186 2778 a
3214 2740 3272 2779 se
3297 2736 3499 2783 creata.
3538 2728 3597 2783 Si
3641 2717 3768 2788 vero
3796 2748 3830 2788 a
3873 2727 3875 2729 ’

2266 2804 2378 2861 Ι)εο
2428 2817 2608 2863 creata
2661 2825 2807 2867 mors
2853 2820 2955 2878 est,
2985 2813 3125 2868 inter
3151 2829 3311 2884 opera
3344 2833 3440 2873 sex
3466 2819 3674 2894 dierum
3708 2838 3830 2879 eam

2267 2909 2388 2954 esse
2413 2905 2649 2952 creatam
2675 2900 2876 2955 nemini
2917 2902 3157 2958 dubitare
3186 2905 3346 2971 licet;
3379 2909 3503 2976 quia
3532 2909 3646 2980 ipse
3679 2927 3831 2968 crea-

2268 2993 2371 3050 tor,
2401 2995 2460 3040 ut
2485 2989 2860 3046 sanctarel'ert
2887 2991 3132 3057 historia,
3160 3003 3312 3051 sexto
3338 2997 3424 3054 die
3440 3001 3831 3058 consummavit

596 3094 751 3140 vator
773 3097 976 3151 noster,
998 3090 1050 3144 in
1075 3100 1332 3158 quantum
1357 3093 1623 3148 medicina
1643 3102 1727 3150 est
1750 3104 1805 3149 et
1825 3094 2002 3161 salus;
2013 3096 2165 3152 nobis

2267 3092 2428 3146 opera
2465 3093 2560 3134 sua
2597 3089 2654 3136 et
2689 3081 2743 3136 in
2771 3084 2998 3154 septimo
3025 3089 3287 3157 requievit
3324 3090 3392 3144 ab
3430 3091 3677 3148 omnibus
3703 3108 3826 3165 ope-

592 3177 751 3230 datus
787 3186 898 3242 est,
940 3180 1079 3236 sicut
1105 3181 1300 3238 dicitur
1319 3198 1350 3235 a
1375 3183 1637 3253 propheta
1664 3203 1678 3239 :
1706 3183 1878 3239 Filias
1905 3185 2061 3239 datus
2088 3196 2162 3240 est

2270 3169 2416 3222 ribus
2444 3170 2555 3224 suis
2589 3169 2740 3240 (Gen.
2771 3188 2830 3237 ιι,
2865 3172 2942 3243 2).
2975 3173 3033 3228 Si
3073 3176 3237 3246 igitur
3270 3178 3410 3232 inter
3441 3180 3558 3236 illos
3597 3197 3692 3236 sex
3715 3183 3826 3238 dies

598 3266 762 3330 nobis,
797 3279 844 3322 et
874 3269 1049 3338 factus
1066 3281 1142 3325 est
1173 3274 1496 3343 principatu
1537 3275 1653 3345 ejus
1693 3292 1849 3345 super
1886 3276 2159 3330 [tantarum

589 3362 705 3429 ejus
734 3362 888 3430 (Isai.
922 3379 998 3427 ix,
1025 3363 1104 3432 6).
1134 3363 1351 3423 Scilicet
1387 3366 1542 3423 lsaac
1577 3380 1806 3423 crucem
1830 3367 2067 3436 portavit
2104 3367 2162 3422 in

594 3451 832 3506 humeris
885 3453 954 3505 ad
1007 3454 1425 3511 immolationem
1468 3455 1571 3510 sui.
1622 3454 1773 3511 idem
1816 3455 2066 3510 sacerdos
2106 3464 2164 3512 et

591 3541 913 3596 sacriﬁcium
940 3543 1049 3597 Deo
1080 3542 1228 3599 Patri
1256 3561 1288 3600 a
1315 3547 1606 3616 semetipso
1629 3546 1840 3602 oblatus
1863 3561 1962 3618 pro
1987 3545 2160 3601 salute

591 3641 777 3685 nostra
803 3633 857 3686 in
875 3633 1096 3688 odorem
1125 3636 1427 3690 suavitatis.
1458 3635 1535 3690 De
1556 3651 1663 3705 quo
1685 3633 1952 3706 Propheta
1980 3635 2160 3691 Domi-

589 3737 724 3776 num
735 3722 947 3790 jurasse
985 3724 1116 3778 dicit
1144 3743 1156 3776 :
1185 3725 1261 3780 Tu
1284 3742 1337 3781 es
1357 3725 1600 3786 sacerdos
1619 3727 1675 3780 in
1698 3736 1948 3782 wternum
1974 3743 2158 3780 secun-

584 3815 712 3869 dum
760 3817 995 3872 ordinem
1033 3816 1409 3874 Melchisedech
1453 3815 1645 3886 (,Psal.
1695 3834 1804 3883 cu,
1849 3816 1948 3888 ι).
2005 3818 2158 3885 Quod

585 3906 954 3962 testimonium
1011 3906 1203 3964 beatus
1241 3906 1541 3977 Cyprianus
1578 3909 1767 3963 doctor
1812 3908 2060 3978 egregius
2103 3917 2159 3963 et

587 4004 793 4066 martyr
812 3995 1078 4065 gloriosus
1091 3998 1173 4052 ita
1189 3996 1408 4068 intelﬁgi
1431 3997 1598 4053 voluit
1621 3996 1817 4069 (Epist.
1837 3998 1956 4069 65):
1981 4017 1998 4049 t
2019 3997 2156 4053 Nam

589 4088 709 4152 quis
748 4088 940 4156 magis,
984 4088 1173 4156 inquit.
1211 4090 1462 4145 sacerdos
1489 4088 1585 4144 Dei
1617 4089 1812 4144 summi
1849 4105 2013 4160 quam
2051 4089 2155 4145 Do-

587 4174 764 4228 minus
808 4185 992 4230 noster
1035 4174 1192 4236 ιιεειιε
1233 4177 1508 4243 Christus,
1548 4178 1640 4247 qui
1685 4179 2008 4238 sacriﬁcium
2042 4178 2154 4234 Deo

579 4265 739 4319 Patri
772 4265 985 4330 obtulit,
1032 4275 1087 4320 et
1129 4267 1321 4324 obtulit
1367 4269 1470 4324 hoc
1512 4270 1660 4324 idem
1691 4269 1834 4339 quod
1871 4269 2150 4332 Melchise-

581 4356 716 4409 dech
740 4355 1027 4422 obtulerat.
1051 4358 1103 4412 id
1137 4366 1221 4413 est
1241 4374 1434 4429 panem
1463 4368 1517 4414 et
1545 4360 1746 4424 vinum,
1773 4359 1972 4432 [suum]
2005 4360 2151 4416 scili-

2265 3273 2411 3312 mors
2433 3268 2611 3313 creata
2642 3274 2762 3315 esse
2789 3277 2896 3316 non
2925 3264 3216 3333 invenitur,
3238 3269 3422 3338 utique
3448 3278 3694 3326 creatura
3720 3287 3826 3328 non

2262 3359 2363 3403 est.
2417 3349 2483 3405 Et
2502 3351 2563 3436 ,εἰ
2613 3360 2858 3408 creatura
2887 3350 3100 3412 nonest
3126 3398 3141 3424 ,
3194 3373 3322 3429 ergo
3349 3376 3450 3416 nec
3476 3361 3674 3431 aliquid
3701 3363 3828 3441 sub:

2262 3441 2479 3495 stantia.
2502 3427 2626 3496 'Nec
2650 3441 2830 3512 plane,
2876 3445 3134 3515 quidquid
3162 3427 3376 3504 nomine
3404 3427 3594 3506 mortis
3621 3439 3827 3524 signiﬁ-é
3937 3473 3946 3482 ε

2262 3528 2374 3582 cari
2401 3529 2627 3593 videtur,
2655 3532 2806 3606 prius
2845 3531 2947 3587 fuit
2993 3548 3153 3603 quam
3184 3536 3351 3592 homo
3368 3548 3660 3607 peccasset.
3693 3540 3824 3608 Qua:

2260 3628 2343 3673 cst
2361 3619 2635 3690 originalis
2658 3623 2862 3693 peccati
2880 3638 3060 3692 paena,
3085 3625 3225 3680 inter
3247 3627 3531 3697 originales
3552 3639 3830 3687 creaturas

2261 3711 2518 3766 condita?
2540 3713 2718 3782 Atque
2765 3714 2885 3769 ideo
2923 3731 3024 3769 nec
3070 3726 3216 3771 recte
3257 3727 3502 3774 creatura
3529 3720 3637 3776 dici
3666 3738 3830 3794 posse

2258 3797 2537 3874 probatur.
2571 3803 2628 3858 Si
2650 3820 2780 3860 vero
2801 3805 2960 3878 190
2983 3808 3083 3862 hac
3109 3809 3384 3865 dialectica
3411 3811 3664 3881 przel‘atus
3710 3830 3830 3869 ma-

2255 3899 2422 3968 gister
2447 3898 2653 3954 ratione
2682 3899 3002 3955 credendum
3029 3917 3133 3956 non
3158 3905 3388 3958 aestimet
3416 3945 3430 3970 ,
3457 3916 3684 3977 mortem
3713 3923 3822 3964 non

2259 4003 2379 4044 esse
2412 3997 2669 4056 creatam,
2697 3990 2792 4045 Dei
2839 3992 2920 4045 vel
2952 4004 3150 4048 sancta:
3178 3992 3469 4065 Scriptum:
3513 3998 3824 4055 testimonio

2257 4079 2462 4143 credat,
2495 4095 2617 4150 quae
2643 4079 2794 4145 dicit,
2823 4090 2883 4135 ut
2911 4081 3107 4152 legitur
3137 4101 3150 4136 :
3183 4083 3438 4139 Dominus
3476 4097 3691 4142 mortem
3716 4104 3821 4140 non

2256 4170 2377 4239 fecit
2407 4169 2559 4241 (Sap.
2590 4185 2630 4234 ι,
2656 4169 2764 4241 15).
2796 4171 2961 4241 igitur
3003 4172 3048 4226 si
3088 4172 3345 4227 Dominus
3371 4181 3490 4227 eam
3516 4190 3624 4229 non
3652 4173 3816 4240 fecit,

2255 4260 2460 4330 utique,
2484 4269 2544 4316 ut
2568 4259 2825 4327 diximus,
2856 4277 2956 4318 nec
2978 4271 3223 4318 creatura
3246 4273 3346 4318 est.
3371 4264 3649 4331 Necaliud
3673 4267 3820 4323 vide-

2257 4360 2344 4406 tur
2362 4367 2482 4407 esse
2505 4361 2758 4418 mortem,
2797 4352 2900 4407 nisi
2927 4353 3247 4407 absentiam.
3285 4351 3419 4421 Quia
3447 4356 3535 4410 ubi
3562 4357 3668 4410 vita
3689 4354 3818 4425 aju-

577 4453 666 4498 cct
692 4459 888 4514 corpus
918 4455 976 4500 et
1001 4449 1334 4516 εαιιειιίιιεω.
1355 4469 1374 4501 ι
1406 4449 1511 4504 Pro
1543 4450 1698 4504 nobis
1725 4451 1941 4516 obtulit,
1965 4459 2025 4505 ut
2048 4466 2148 4506 nos
2178 4462 2229 4525 υ
2249 4453 2471 4501 ventute
2486 4442 2602 4518 [F.,
2619 4444 2852 4518 vivente]
2881 4446 3115 4513 recedet,
3139 4448 3208 4515 ibi
3235 4449 3337 4504 erit
3359 4449 3488 4505 illud
3509 4451 3650 4520 quod
3668 4463 3817 4507 mors

576 4550 652 4589 eo‘
665 4536 952 4591 redimeret
971 4538 1270 4596 sacriﬁcio.
1314 4541 1636 4610 Utrumque,
1659 4551 1714 4596 et
1739 4558 1838 4612 pro
1865 4543 2018 4599 nobis
2051 4544 2148 4599 ob.

577 4629 695 4682 tulit
731 4631 832 4684 hoc
878 4630 1222 4696 sacriﬁcium,
1262 4642 1321 4689 et
1361 4634 1513 4690 nobis
1558 4635 1706 4690 dedit
1745 4635 1801 4690 in
1832 4635 2149 4706 memqriale

575 4718 989 4786 sempiternum,
1018 4720 1160 4779 sicut
1186 4722 1240 4775 in
1267 4722 1555 4793 Evangelio
1582 4725 1776 4794 legitur
1800 4745 1813 4778 :
1845 4724 1915 4780 Et
1935 4737 2145 4798 accepts

576 4827 732 4877 parte,
758 4810 932 4880 inquit
951 4811 1299 4881 evaluelista,
1322 4815 1520 4883 gratias
1541 4816 1640 4884 egit
1661 4825 1708 4870 et
1730 4815 1904 4885 fregit,
1929 4826 1976 4870 et
2000 4818 2143 4872 dedit

577 4902 654 4953 eis
683 4901 856 4958 dicens
877 4919 895 4957 :
920 4901 1036 4958 Hoc
1062 4915 1133 4957 est
1163 4922 1348 4974 corpus
1380 4921 1558 4960 meum
1576 4905 1715 4976 quod
1745 4922 1838 4975 pro
1876 4907 2015 4961 vobis
2042 4907 2142 4962 da-
2172 4894 2183 4903 ’

573 5003 674 5042 tttr.
707 4990 820 5045 Hoc
844 4992 1001 5062 [usue
1024 4994 1079 5054 iis
1099 5009 1265 5047 meam
1291 4998 1849 5050 commemorationem.
1893 4995 2149 5052 Similiter

570 5090 617 5132 rt
659 5082 875 5137 calicem
927 5096 1197 5156 postquam
1241 5087 1454 5140 cenavit
1495 5087 1712 5141 dicens:
1742 5087 1844 5143 Hic
1886 5099 1961 5145 cst
2006 5088 2146 5146 salit

575 5169 712 5226 Novi
739 5171 1049 5228 Tcstameuti
1070 5179 1129 5233 is
1147 5179 1397 5247 sanguine
1425 5195 1558 5242 meo,
1586 5178 1725 5249 quod
1747 5195 1844 5248 pro
1868 5181 2006 5233 vobis
2027 5180 2150 5249 {un-

565 5261 716 5315 dctur
736 5262 888 5333 (Luc.
903 5281 1038 5332 χιιι,
1062 5267 1145 5330 19,
1158 5267 1426 5337 20).idem
1442 5270 1623 5340 itaque
1642 5269 1812 5325 victor
1831 5277 1889 5327 et
1905 5269 2147 5336 victima,

566 5363 618 5404 et
647 5353 768 5410 ideo
794 5357 965 5415 victor
984 5361 1110 5428 quia
1148 5359 1386 5415 victima.
1422 5345 1567 5415 idem
1600 5363 1780 5432 itaque
1808 5360 2058 5421 sacerdos
2084 5367 2143 5415 et

568 5447 913 5511 sacriﬁcium,
936 5458 990 5507 et
1020 5452 1140 5507 ideo
1172 5453 1426 5512 sacerdos
1451 5454 1578 5521 quia
1605 5454 1948 5520 sacriﬁcium.
1983 5453 2042 5510 In
2070 5468 2134 5508 ea

563 5538 758 5606 quippe
803 5549 995 5598 natura
1035 5543 1310 5607 δραι-ἀρε,
1341 5544 1467 5614 quia
1505 5542 1846 5607 sacriﬁcium,
1883 5543 2136 5601 excelsior

565 5624 700 5682 telis
744 5626 934 5695 factus,
975 5649 1172 5701 semper
1219 5635 1358 5688 τινα
1405 5629 1777 5702 interpellsssc'
1802 5632 1983 5706 (Hebr.
2031 5651 2143 5704 vn,

2254 4535 2482 4604 dicitur;
2519 4537 2661 4593 sicut
2701 4539 2936 4594 tenebrze
2972 4538 3043 4593 nil
3071 4537 3215 4595 aliud
3250 4549 3396 4604 sunt,
3433 4539 3537 4596 nisi
3573 4539 3813 4615 absentia

2251 4629 2403 4686 lucis.
2431 4629 2504 4686 At
2522 4629 2569 4686 si
2590 4645 2735 4699 mors
2763 4637 3010 4686 creatura
3032 4645 3146 4684 non
3169 4637 3270 4695 est,
3285 4638 3345 4684 ut
3367 4644 3492 4685 vere
3514 4631 3832 4699 divinarum"

2249 4721 2558 4780 testimonio
2575 4697 2894 4784 litterarum,
2921 4719 3004 4774 vel
3049 4729 3488 4791 argumentorum
3509 4697 3827 4781 rationabili

2249 4812 2570 4869 necessitate
2602 4812 2889 4881 probatum
2930 4818 3031 4875 est,
3063 4815 3330 4882 quomodo
3367 4814 3610 4884 accipere
3638 4813 3812 4882 potuit

2247 4904 2477 4975 pretium
2508 4904 2755 4960 omnibus
2779 4904 3040 4960 creaturis
3061 4905 3424 4960 excellentius.
3456 4891 3721 4974 Quidquid
3753 4902 3807 4957 in

2247 4997 2457 5062 Domini
2495 4995 2786 5053 Salvatoris
2832 4996 3003 5053 nostri
3042 4998 3289 5066 passione
3314 4996 3571 5075 diabolica
3610 4992 3805 5051 invidis

2246 5089 2329 5144 vel
2364 5087 2582 5149 Judaica
2606 5087 2828 5158 perﬁdia
2857 5095 3064 5157 gestum
3092 5089 3210 5144 esse
3246 5087 3471 5158 legitur,
3500 5087 3602 5142 hoc
3636 5094 3806 5176 totum

2246 5181 2347 5237 luit
2370 5182 2563 5236 divina:
2588 5180 2804 5248 pietatis
2829 5180 3185 5250 dispensatio,
3237 5195 3366 5236 usus
3393 5195 3575 5236 eorum
3604 5179 3806 5237 malitia

2248 5276 2300 5336 in
2329 5289 2386 5330 se
2416 5271 2532 5346 [F.,
2554 5271 2686 5346 sum]
2716 5273 2968 5328 bonitatis
2996 5273 3243 5339 eﬁ'ectum
3289 5279 3600 5344 nostraeque
3615 5268 3806 5329 salutis

2237 5365 2554 5436 proiectum.
2583 5364 2656 5419 At
2699 5365 2954 5437 quidquid
3004 5363 3246 5419 diabolus
3290 5381 3386 5435 per
3412 5378 3600 5426 eorum
3627 5360 3804 5417 cami-

2236 5455 2369 5512 ﬁcas
2392 5471 2582 5512 manus
2611 5456 2725 5512 suis
2752 5455 2868 5535 [F.,
2885 5453 3049 5526 juris]
3079 5455 3308 5526 geSSisse
3328 5453 3553 5536 putavit,
3594 5453 3695 5508 hoc
3721 5461 3801 5506 to—

2235 5556 2348 5605 tum
2380 5548 2519 5604 illius
2544 5549 2632 5619 qui
2661 5550 2850 5618 paSsus
2874 5555 2956 5599 est
2975 5585 2988 5607 ,
3029 5545 3321 5602 voluntaria
3354 5543 3453 5600 fuit
3476 5541 3758 5631 permissio
3782 5548 3816 5604 ,'

2234 5638 2315 5694 vel
2341 5638 2618 5710 dispositio
2644 5679 2658 5704 ,
2704 5653 2809 5694 non
2847 5638 3086 5693 mortuis
3117 5637 3407 5696 dominatio
3438 5634 3800 5700 necessitatis
