4258 6190
365 343 464 398 ιόἷ

1730 343 2105 401 EPISTOLE.

3469 346 3572 401 438

363 455 425 514 Iit
453 455 646 509 mirum
674 457 938 522 quomodo
963 457 1120 510 morti
1147 457 1276 511 dare
1313 458 1542 526 pretium
1591 464 1867 526 putaretur
1897 497 1912 522 ,
1941 463 1990 518 Α
2015 455 2266 510 sistentes
2312 447 2488 508 auteiu
2535 453 2758 516 viriliter
2789 454 3065 518 obviandi;
3114 454 3260 508 dubii
3316 469 3440 509 vero
3489 456 3569 507 vel

357 544 447 613 qui
470 545 628 597 morti
657 544 791 598 nihil
812 545 1026 599 debuit?
1055 563 1154 600 nec
1184 563 1329 600 mors
1350 587 1364 609 ,
1409 548 1546 601 sicut
1573 547 1772 602 dictum
1795 555 1879 600 est
1898 587 1914 611 ,

356 629 656 688 substantia
685 644 788 698 est,
821 645 879 689 ut
906 635 1010 690 tale
1055 636 1286 706 pretium
1328 638 1448 706 jure
1495 652 1784 706 exposcere
1821 653 1916 707 po-

357 727 562 781 luisset.

809 831 834 858 ι
867 818 1199 873 EPISTOLA
1234 817 1457 873 CLXVI.

353 921 449 959 6ιίιῖ
486 923 816 963 ωνιῐυιλιε
855 926 1232 964 Αωιοδιτιοκιε
1277 928 1344 964 ΔΙ)
1399 925 1611 963 EUIDEI
1646 924 1909 963 CAROLUI.

422 998 665 1070 Capitula
692 1018 808 1071 qua
834 1001 926 1055 tali
956 1003 1184 1056 conuenit
1216 1003 1269 1055 in
1298 1013 1521 1072 tempore
1545 1003 1841 1056 memorari.

343 1084 348 1088 ’
422 1091 466 1146 I.
503 1090 884 1146 Testamentum
922 1093 978 1145 in
1007 1094 1225 1146 mortuis
1251 1093 1614 1160 conﬁrmatur,
1658 1093 1914 1161 Apostolo

351 1191 681 1251 protestante
708 1181 891 1252 (Hebr.
921 1200 997 1248 ix,
1033 1184 1142 1253 l7).
1173 1184 1400 1252 Ideoque
1436 1192 1556 1254 post
1591 1185 1796 1239 obitum
1841 1195 1914 1240 te-

351 1273 568 1327 statoris
595 1274 954 1328 omnimodam
978 1274 1281 1329 ﬁrmitatem
1302 1276 1550 1329 obtinuit.
1574 1275 1724 1341 Quod
1749 1275 1911 1331 etiam

349 1372 475 1418 ante
521 1372 747 1418 mortem
781 1379 1075 1420 consensus
1113 1365 1351 1420 omnium
1395 1366 1748 1420 conﬁrmavit.
1795 1366 1910 1421 Non

349 1453 531 1523 itaque
558 1462 740 1524 postea
764 1455 906 1508 valet
927 1455 1144 1526 infringi
1184 1457 1326 1526 quod
1368 1464 1525 1510 antea
1565 1455 1711 1512 nullo
1753 1459 1911 1517 modo

347 1546 522 1615 potuit
543 1545 854 1614 improbari.
1115 1616 1120 1622 ~
1363 1566 1365 1569 ·

417 1635 481 1689 Il.
513 1634 827 1705 Quicunque
852 1636 1093 1691 testatori
1121 1637 1388 1706 reperitur
1408 1633 1666 1708 ingratus,
1693 1636 1912 1706 insuper

347 1735 405 1778 et
439 1724 856 1780 contumeliosus
889 1725 1105 1790 existat,
1152 1711 1265 1794 ipse
1305 1727 1406 1780 sibi
1460 1727 1614 1780 testis
1656 1734 1738 1780 est
1785 1727 1908 1796 quia

346 1822 670 1870 testamento
715 1816 907 1886 dignus
945 1832 1050 1870 non
1083 1825 1187 1871 est.
1224 1816 1384 1872 Verbi
1416 1832 1577 1871 causa
1616 1816 1911 1871 :Chanaan

345 1905 516 1974 patris
536 1904 944 1960 iuexhonoratio
967 1919 1180 1960 servum
1203 1905 1508 1970 constituit;
1532 1904 1675 1960 Esau
1693 1914 1911 1974 propter

347 1996 816 2066 intemperantiam
841 1997 1196 2068 primogenita
1232 1998 1508 2075 perdidit;
1527 1997 1712 2053 Ruben
1734 1997 1910 2068 junio—

347 2089 498 2143 ribus
537 2087 792 2144 fratribus
831 2090 1150 2144 contumelia
1195 2079 1420 2160 paterna
1463 2085 1780 2160 postposuit.
1828 2087 1910 2143 Ad

344 2188 672 2248 postremum
710 2195 923 2251 quoque
955 2195 970 2234 :
1002 2179 1107 2246 Qui
1152 2180 1479 2235 molediazrit
1525 2181 1664 2252 patri
1708 2179 1904 2251 (Exod.

343 2285 458 2333 xxi,
491 2271 553 2325 l7
577 2288 593 2336 ;
620 2269 740 2325 Leo.
770 2288 860 2336 xx,
886 2269 951 2342 9)
980 2311 995 2336 ,
1026 2278 1081 2326 et
1103 2270 1326 2339 reliqua.
1771 2334 1778 2338 _

415 2361 502 2415 III.
533 2363 947 2418 Benedictiones
974 2371 1187 2433 patrum
1225 2363 1277 2416 in
1306 2362 1417 2417 ﬁlio
1469 2361 1790 2416 haereditare
1818 2375 1908 2433 ge-

341 2450 564 2505 nuinum
593 2459 696 2506 est.
742 2450 941 2506 Contra
989 2451 1134 2523 leges
1181 2461 1358 2507 autem
1401 2459 1606 2506 natura:
1646 2459 1905 2520 pugnant,

341 2543 434 2613 qui
467 2542 780 2612 parentibus
819 2543 1236 2600 iuobedientiam
1265 2558 1358 2599 seu
1395 2545 1783 2599 contumaciam
1813 2558 1907 2613 pa-

339 2642 485 2688 rant.
511 2633 806 2705 Legitimus
841 2634 1008 2706 igitur
1053 2636 1227 2691 heres
1252 2637 1388 2703 erit,
1414 2635 1507 2706 qui
1531 2635 1777 2707 preﬁxos
1816 2650 1906 2691 or-

341 2723 494 2778 dines
526 2738 651 2795 erga
685 2731 933 2793 parentes
962 2725 1212 2780 tenuerit.

401 2812 498 2868 XIV.
522 2813 680 2870 Aliud
706 2823 791 2871 est
819 2811 1048 2871 indebi‘te
1072 2815 1366 2870 clementer
1392 2814 1623 2879 admitti,
1652 2814 1797 2868 aliud
1833 2830 1901 2869 ex

340 2905 522 2960 debito
557 2917 925 2976 competenter
965 2908 1182 2963 ascribi.
1211 2907 1322 2962 Nec
1347 2915 1574 2990 possunt
1611 2921 1678 2962 ex
1719 2905 1902 2963 debito

339 2995 529 3064 repeti,
558 3008 677 3064 quae
710 3013 931 3064 prorsus
955 2999 1189 3056 indebite
1211 3012 1523 3054 concessum
1547 3008 1631 3053 est
1659 2999 1899 3068 adipisci.

338 3082 634 3139 Diversitas
677 3085 939 3154 siquidem
994 3087 1307 3140 meritorum
1367 3087 1705 3143 diversitates
1735 3089 1903 3159 exigit

338 3191 701 3246 prmmiorum.

413 3270 475 3323 ν.
504 3269 656 3337 Quod
705 3271 904 3340 optime
957 3280 1134 3336 natus,
1174 3280 1228 3325 et
1267 3271 1630 3325 [nereditatem
1665 3268 1903 3340 legitime

338 3371 674 3429 consecutus,
689 3379 861 3432 neque
883 3364 1014 3433 legis
1032 3363 1265 3432 antiqua:
1285 3378 1375 3417 seu
1398 3377 1550 3417 nova:
1565 3369 1902 3430 contemptor

271 3459 274 3462 ‘
338 3457 605 3519 inventus,
632 3469 732 3508 nec
753 3456 1009 3510 adversus
1033 3464 1240 3523 patrem
1267 3455 1498 3520 saucius,
1516 3470 1686 3524 neque
1712 3463 1900 3510 contra

336 3544 587 3614 populum
633 3544 969 3610 vulneratus,
1014 3561 1261 3615 magnam
1320 3547 1511 3601 debeat
1553 3547 1900 3602 hmreditandi

338 3651 544 3708 gerere,
574 3636 799 3691 Domino
824 3638 1131 3702 miserante,
1153 3636 1420 3691 ﬁduciam.

409 3729 497 3785 VI.
516 3729 712 3786 Fracto
733 3730 906 3799 capite
921 3729 1158 3798 subjecta
1181 3743 1402 3799 quaeque
1417 3727 1669 3798 languere
1694 3715 1900 3796 perspi-

339 3839 501 3878 cuum
549 3832 650 3889 est,
679 3839 799 3878 cum
831 3823 894 3878 de
928 3821 1182 3876 ﬁrmitate
1211 3819 1401 3889 capitis
1429 3819 1593 3873 totius
1619 3818 1898 3888 proveniat

269 3961 289 3968 κ
340 3917 683 3972 incolumitas
719 3915 992 3984 corporis;
1024 3929 1122 3970 nec
1148 3921 1372 3984 possunt
1391 3928 1454 3968 ea
1479 3912 1707 3967 sanitate
1733 3926 1900 3966 mem-

338 4009 435 4061 bra
454 4007 661 4062 subdita
686 4005 924 4076 gloriari,
953 4019 1109 4074 quam
1137 4011 1348 4058 constat
1379 4003 1435 4057 in
1471 4002 1646 4072 capite
1675 4017 1782 4057 non
1808 4001 1899 4057 ha-

337 4098 473 4152 beri.
1871 4150 1875 4153 ἱ

409 4184 518 4241 V'Il.
557 4184 655 4240 llic
683 4185 728 4239 si
755 4186 954 4240 veritas
982 4183 1274 4254 quaeritur,
1311 4197 1417 4237 non
1454 4191 1538 4236 est
1591 4180 1894 4252 incognita;

338 4280 384 4336 si
418 4279 577 4344 ratio,
604 4294 711 4333 non
738 4287 821 4334 est
844 4279 1125 4350 ambigua;
1156 4277 1202 4332 si
1229 4276 1542 4340 auctoritas,
1562 4290 1680 4354 non
1709 4282 1794 4329 est
1817 4273 1898 4328 in-

336 4378 505 4426 certa.
535 4369 798 4436 Quoniam
837 4364 1224 4425 et‘auctoritas
1255 4368 1616 4440 supereminet
1637 4407 1650 4430 ,
1681 4375 1737 4422 et
1760 4365 1898 4420 ratio

336 4469 506 4530 patet,
537 4469 593 4515 et
619 4461 818 4514 veritas
842 4461 1098 4516 abscondi
1124 4476 1229 4515 non
1253 4469 1448 4529 potest.

2017 543 2404 598 rationabiliter
2446 545 2767 609 attrahendi,
2799 545 2882 600 vel
2909 546 3294 614 circumspecte
3322 545 3572 601 dissimv-

2015 637 2193 702 laudi;
2226 638 2539 705 cunctisque
2584 637 2988 691 monstrandum
3019 676 3033 699 ,
3067 650 3165 689 nec
3197 635 3585 690 auctoritatem-

2013 742 2168 797 posse
2192 727 2482 795 corrumpi,
2527 742 2627 781 nec
2657 727 2916 781 rationem
2944 725 3083 779 vinci
3103 764 3118 786 ,
3163 738 3262 777 nec
3287 723 3568 779 veritatem

2011 815 2227 883 penitus
2264 815 2525 884 superari.

2081 905 2172 960 IX.
2206 906 2436 976 Populus
2449 905 2605 975 juxta
2623 905 2926 960 sanctiones
2943 905 3151 959 divinas
3175 904 3444 959 ducendus
3464 913 3565 964 est,

2011 1012 2135 1066 non,
2166 997 2500 1067 sequendus;
2543 1005 2596 1052 et
2633 997 2700 1051 ad
2742 984 3103 1050 testimonium
3131 1009 3370 1064 persona:
3399 994 3568 1062 magis

2013 1084 2277 1155 eliguntur
2303 1083 2559 1139 honestae.
2589 1082 2697 1137 Nec
2715 1083 2965 1138 audiendi
2995 1083 3084 1152 qui
3127 1084 3299 1136 solent
3345 1081 3521 1136 dicere
3551 1100 3562 1133 :

2023 1170 2136 1227 Vox
2169 1173 2364 1244 populi,
2388 1189 2489 1228 eoa:
2515 1173 2631 1226 Dei.
2659 1172 2793 1227 Cum
2817 1171 3212 1229 tumultuositas
3243 1171 3387 1240 vulgi
3432 1186 3569 1225 sem-

2011 1284 2108 1338 per
2133 1269 2352 1322 insania:
2379 1268 2622 1337 proxima
2646 1267 2733 1320 sit.

2081 1359 2147 1413 Χ.
2201 1359 2427 1429 Vulgare
2475 1357 2812 1428 proverbium
2840 1363 2964 1410 est:
3001 1353 3074 1407 De
3106 1354 3240 1407 duro
3284 1361 3568 1420 superatur
3640 1339 3650 1351 ’

2010 1452 2231 1520 aliquid,
2253 1452 2319 1522 de
2346 1452 2489 1506 molli
2515 1466 2642 1505 vero
2667 1456 2910 1504 remanet
2936 1447 3090 1502 nihil.
3127 1446 3295 1500 Debet
3315 1454 3492 1500 tamen
3513 1453 3568 1499 ct

2009 1543 2265 1611 sapientia
2288 1544 2596 1620 ministrare
2618 1542 2972 1597 constantiam
2995 1582 3010 1606 ,
3039 1550 3094 1596 et
3120 1541 3420 1596 constantia
3441 1553 3566 1607 per—

2009 1634 2171 1689 ﬁcere
2198 1632 2536 1703 sapientiam,
2567 1641 2624 1687 ut
2666 1634 2736 1688 sit
2777 1634 3078 1689 constantia
3119 1633 3356 1701 sapiens,
3385 1639 3439 1685 et
3484 1645 3569 1683 sa-

1970 1711 1981 1719 ’
2009 1726 2205 1794 pientia
2243 1734 2513 1780 constans.

1941 1797 1987 1858 Β
2082 1815 2171 1871 XI.
2211 1815 2300 1870 Sic
2331 1816 2628 1871 exercenda
2672 1823 2755 1870 est
2800 1813 3108 1885 pmdicatio
3152 1813 3318 1880 pacis,
3359 1827 3426 1865 ne
3467 1813 3566 1866 sub

2012 1907 2229 1960 nomine
2277 1906 2502 1977 pietatis
2544 1906 2827 1960 inducatur
2872 1905 3099 1960 assertio
3127 1902 3394 1956 falsitatis.
3433 1899 3564 1954 Nam

2008 1998 2149 2073 sicut
2170 2012 2357 2066 pacem
2385 2012 2635 2067 rumpere
2662 1998 2951 2073 pessimum
2992 2005 3076 2050 est
3101 2036 3117 2060 ,
3162 1995 3236 2048 ita
3284 1993 3565 2047 veritatem

2007 2065 2205 2158 negare
2227 2065 2616 2158 blasphemum.
2649 2087 2869 2141 Multum
2899 2065 3001 2142 sibi
3028 2086 3259 2154 denique
3279 2084 3566 2139 concinunt

2008 2193 2170 2233 verax
2195 2180 2375 2234 unitas
2407 2187 2464 2234 et
2490 2177 2714 2248 patiﬁca
2743 2178 2964 2232 veritas.

2077 2269 2192 2324 XII.
2236 2269 2364 2334 Haec
2405 2279 2460 2325 et
2488 2269 2769 2339 ejusmodi,
2801 2283 2941 2331 reor,
2975 2266 3287 2322 inculcanda
3314 2264 3566 2333 simplici-

2005 2366 2137 2431 bus;
2162 2381 2227 2421 co
2245 2365 2387 2436 quod
2415 2362 2710 2434 ignorantia
2731 2358 2971 2414 veritatis
2993 2364 3149 2426 cogat
3173 2368 3356 2410 errare
3380 2369 3565 2423 quam-

2004 2459 2283 2530 plurimos.
2315 2457 2484 2513 Porro
2509 2457 2736 2510 veritate
2775 2449 3116 2507 manifestata
3153 2447 3411 2503 contrarii
3433 2460 3565 2500 con-

2004 2548 2314 2614 fundentur,
2335 2547 2494 2603 amici
2517 2545 2913 2606 solidabuntur,
2938 2539 3174 2595 universi
3203 2552 3332 2593 vero
3366 2537 3566 2607 pariter

2002 2638 2345 2694 excusatione
2369 2621 2648 2691 carebunt.

2072 2730 2203 2796 Ista,
2232 2730 2502 2800 supplico,
2547 2727 2830 2797 dignanter
2873 2739 2937 2777 ac
2970 2721 3252 2790 diligenter
3296 2717 3560 2787 inspicite.

2003 2820 2208 2876 Vestra:
2240 2819 2504 2888 siquidem
2545 2815 2819 2872 ﬁdelitatis
2864 2811 3198 2868 immensitas
3244 2807 3560 2875 parvitatem

2002 2924 2176 2964 meam
2209 2908 2386 2963 reddit
2435 2905 2796 2976 impatientem
2840 2908 2949 2973 pro
2987 2900 3136 2954 vobis
3166 2938 3180 2959 ,
3230 2895 3360 2950 facit
3400 2895 3561 2949 etiam

2002 3013 2163 3069 supra
2191 2996 2333 3052 vires
2358 2995 2662 3050 audentem.
2701 2990 2856 3045 Enim
2882 3004 3010 3042 vero
3040 2986 3196 3040 ﬁdem
3223 2998 3329 3037 non
3364 2981 3556 3053 perdit,

2003 3090 2108 3144 nisi
2133 3089 2225 3159 qui
2249 3100 2518 3156 nunquam
2547 3083 2752 3138 habuit.
2796 3081 2854 3135 In
2885 3078 3037 3148 cujus
3064 3091 3228 3131 manu
3259 3081 3384 3129 sunt
3408 3087 3561 3142 reges

1926 3161 1972 3224 (ἶ
2003 3188 2055 3232 et
2074 3178 2198 3246 jura
2221 3192 2507 3249 regnorum
2525 3217 2540 3242 ,
2584 3176 2696 3242 ipse
2725 3185 2950 3228 coronas
2982 3176 3189 3224 vestras
3209 3162 3524 3234 multiplicat
3543 3202 3560 3228 ,

1999 3279 2230 3334 tueatur,
2262 3269 2564 3323 obumbret.

2438 3384 2466 3424 ιι
2492 3379 2822 3436 EPISTOLA
2860 3379 3109 3434 CLXVII.

2364 3470 2431 3509 ΔΙ)
2465 3467 2674 3508 PETBUI
2724 3463 3188 3505 ARCHIEPISCOPUN.

1999 3548 2334 3603 Commendat
2355 3563 2407 3601 se
2427 3544 2655 3617 paternis
2667 3542 2934 3612 affectibus
2960 3548 3004 3593 et
3032 3538 3196 3592 sacris
3219 3534 3558 3589 orationibus.

2068 3635 2491 3690 Dilectissimoin
2508 3635 2723 3689 Christo
2734 3632 2880 3686 Patri
2903 3641 2924 3668 ε
2949 3629 3106 3684 Petro
3134 3625 3556 3695 archiepiscopo,

1997 3727 2222 3781 Albinus
2246 3735 2460 3782 reterns:
2482 3725 2828 3780 beatitudinis
2851 3724 3095 3776 salutem.

2066 3815 2596 3872 Memordulcissima:
2613 3811 2926 3866 humilitatis
2948 3818 3001 3862 ct
3023 3807 3320 3861 dilectionis
3343 3813 3557 3868 vestrm,

1999 3908 2286 3980 ingemisco
2313 3903 2608 3959 absentiam
2658 3901 2818 3965 illius,
2860 3900 3010 3969 cujus
3049 3897 3321 3952 cbaritatis
3347 3893 3559 3948 ﬂamma

2000 4001 2054 4055 in
2079 4000 2239 4054 corde
2263 3997 2495 4053 ardescit
2525 3995 2636 4049 ﬁlii.
2675 3992 2883 4059 Quanta
2914 3999 2996 4045 est
3026 3988 3179 4056 bujus
3203 3985 3381 4064 saeculi
3426 3983 3557 4038 infe-

1996 4091 2190 4151 licitas,
2214 4104 2333 4159 qua:
2355 4097 2459 4142 tam
2482 4087 2672 4142 charos
2700 4084 2953 4155 disjuugit
2977 4081 3196 4144 amicos,
3225 4095 3343 4148 qua:
3389 4079 3556 4132 ﬁlium

1995 4191 2267 4252 separata
2293 4189 2465 4251 patre.
2492 4177 2536 4234 0
2564 4179 2608 4234 si
2643 4192 2843 4247 pennas
2887 4174 3076 4244 aquila:
3110 4173 3416 4227 habuissem
3445 4211 3458 4232 ,
3501 4177 3561 4222 ut

1996 4273 2300 4330 altitudines
2334 4271 2545 4342 Alpium
2587 4270 2819 4325 velocior
2843 4269 2984 4324 Euro
3009 4266 3341 4319 transvolare
3364 4263 3558 4316 valuis-

1997 4367 2149 4422 sem!
2180 4380 2338 4435 quam
2364 4365 2470 4418 cito
2499 4371 2622 4416 ante
2659 4369 2910 4431 paternos
2957 4355 3225 4410 stetissem
3272 4354 3457 4422 pedes,
3501 4360 3560 4405 ut

1999 4452 2371 4526 refrigerarem
2398 4468 2464 4508 ex
2500 4461 2722 4522 paterna
2763 4449 2966 4504 visione
2997 4447 3232 4515 pectoris
3268 4443 3372 4498 mei
3403 4443 3557 4496 ardo—

411 4553 564 4625 19],
589 4550 720 4608 VIII.
760 4551 1052 4621 Tripartita
1095 4507 1470 4605 distributione
1515 4547 1763 4601 videntur
1795 4547 1896 4602 ista
1924 4507 1977 4568 υ
1999 4507 2159 4601 τέων
2184 4543 2290 4598 Sed
2338 4544 2462 4612 quia
2500 4507 2614 4597 Ihoc
2663 4542 2779 4596 ﬁeri
2807 4557 2912 4595 non
2941 4538 3104 4599 valet,
3148 4536 3430 4591 induamur
3461 4551 3558 4589 nos

337 4644 516 4698 omnia
544 4643 760 4706 includi,
788 4642 1181 4698 consulentium
1212 4640 1432 4703 scilicet,
1461 4653 1524 4692 ac
1548 4637 1850 4692 nocentium
1880 4677 1896 4702 ,

339 4743 395 4790 et
415 4748 600 4798 eorum
617 4734 708 4802 qui
729 4734 807 4788 sic
833 4735 972 4788 inter
993 4741 1256 4800 utrosque
1267 4744 1478 4799 semper
1496 4725 1726 4797 ambigui
1752 4733 1891 4789 sunt,

342 4833 400 4878 ut
431 4837 567 4895 quos
591 4823 836 4877 obtinere
876 4822 1247 4891 perspexerint
1267 4862 1281 4885 ,
1327 4820 1408 4874 eis
1445 4833 1502 4873 se
1535 4816 1787 4873 continuo
1811 4832 1901 4873 so-

341 4917 501 4972 cient.
554 4914 691 4970 Sunt
717 4928 845 4983 ergo
874 4909 1212 4975 consulentes
1238 4912 1442 4966 utiliter
1466 4909 1767 4980 adjuvandi,
1814 4925 1899 4965 re-

411 5064 437 5092 ·
461 5051 574 5106 Hoc
601 5050 893 5119 capitulare
915 5046 1052 5119 idem
1093 5046 1182 5119 cl.__
1203 5045 1466 5119 galeatus
1488 5043 1592 5098 loc.
1639 5043 1894 5119 ci_t._pag.

342 5121 445 5176 575
483 5123 582 5178 sub
623 5112 836 5176 nomine
861 5118 1070 5173 Alcuini
1101 5116 1284 5169 edidit.
1317 5114 1468 5180 Quod
1497 5127 1619 5167 cum
1641 5112 1707 5168 ad
1734 5112 1898 5166 Caro-

345 5191 451 5244 lnm
492 5191 741 5260 Magnum
786 5189 1032 5244 similiter
1057 5186 1322 5260 dilectum
1347 5185 1434 5247 sit,
1465 5181 1703 5260 epistola:
1724 5183 1896 5260 priori

343 5275 406 5315 ex
447 5252 638 5317 eodem
679 5261 862 5316 codice
899 5257 1178 5326 descripta:
1207 5255 1526 5324 subjungere
1563 5252 1800 5326 placuit;
1831 5268 1897 5306 eo

347 5331 485 5398 quod
509 5331 651 5384 inter
672 5330 774 5386 alia
797 5329 1007 5383 Alcuini
1033 5322 1280 5395 opuscula
1307 5322 1693 5398 congruentem
1717 5322 1896 5398 locum

349 5391 543 5455 habere
588 5400 676 5454 vix
711 5400 898 5469 possit.
929 5399 1022 5452 Est
1047 5391 1190 5459 vero,
1217 5403 1278 5448 ut
1303 5391 1541 5469 autumo,
1569 5391 1669 5469 hoc
1694 5394 1898 5461 capitu-

353 5469 458 5524 lare
504 5461 781 5541 responsio
827 5469 893 5522 ad
942 5464 1419 5541 puncta_qu:e_dam
1454 5462 1547 5541 _abg
1577 5461 1899 5541 imperatore

354 5531 749 5596 eonsultaiionis
772 5531 1263 5608 eausa-proposita;
1295 5534 1405 5587 haec
1450 5531 1898 5608 fortassis‘ngagis

374 5610 566 5665 braccisa
593 5609 740 5666 fuere
764 5627 779 5675 ;
818 5600 1094 5678 responsio
1116 5621 1244 5662 vero
1270 5612 1351 5660 est
1377 5600 1655 5672 generalis.
1697 5601 1714 5671 (
1743 5600 1896 5672 Apud

1035 5711 1211 5801 Canis.
1245 5745 1330 5801 δι.
1359 5741 1606 5815 (Froben.
1650 5740 1791 5812 I28.)

1997 4635 2224 4705 duplicis
2251 4633 2529 4689 cbaritatis
2553 4633 2741 4701 pennis
2773 4649 2786 4684 :
2813 4633 2980 4686 simus
3017 4631 3070 4684 in
3096 4628 3311 4683 Christo
3347 4641 3559 4697 semper

1998 4733 2305 4796 presentes,
2332 4722 2426 4793 qui
2457 4737 2641 4776 sumus
2672 4721 2725 4775 in
2753 4722 2947 4774 szeculo
2981 4721 3246 4775 absentes.
3293 4717 3430 4784 Ouid
3473 4730 3556 4774 est

2000 4820 2254 4883 Charites,
2296 4805 2399 4874 nisi
2433 4817 2612 4872 unitas
2643 4815 2965 4875 animorum,
3015 4813 3227 4869 dicente
3259 4814 3380 4883 ipsa
3407 4813 3558 4868 Veri-

2000 4921 2108 4968 tate
2133 4956 2147 4980 ,
2198 4914 2324 4968 dum
2353 4928 2451 4984 pro
2488 4910 2598 4966 suis
2640 4917 2822 4963 oraret
2843 4910 2910 4963 ad
2939 4906 3151 4962 Patrem
3181 4921 3194 4960 :
3225 4905 3401 4968 Pater,
3434 4920 3556 4954 con-

2071 5062 2094 5088 °
2122 5049 2278 5104 Petro
2303 5044 2702 5114 archiepisCOpo.
2752 5043 3164 5114 Mediolanensi,
3192 5040 3256 5114 ad
3287 5052 3444 5114 quem
3465 5051 3558 5114 sc-

1998 5127 2250 5190 quentem
2279 5105 2499 5186 scripsit
2526 5105 2826 5236 epistolam.
2859 5114 3017 5167 Rexit
3046 5108 3335 5164 Ecclesiam
3361 5105 3559 5160 Medio—

1998 5190 2272 5236 lnnensem
2302 5187 2369 5236 ab
2398 5200 2536 5236 anno
2594 5184 2662 5236 83
2688 5199 2857 5236 usque
2880 5185 2944 5236 ad
2973 5195 3168 5235 annum
3190 5175 3324 5236 80‘,
3353 5191 3461 5236 quo
3491 5178 3556 5230 ad

1998 5175 2272 5243 lanensem
2302 5187 2369 5241 ab
2389 5175 2536 5238 anno
2558 5175 2662 5238 783
2688 5199 2857 5252 usque
2880 5185 2944 5236 ad
2973 5175 3292 5252 aunumﬁOl
3310 5216 3324 5239 ,
3353 5178 3556 5252 quoad

1997 5275 2221 5330 superos
2270 5253 2665 5330 aliiit.“(_101.vr.
2709 5246 3028 5330 et'UcuELL.
3072 5248 3356 5330 f—‘sttat
3401 5246 3558 5330 hujus

1998 5315 2162 5392 Pe‘tri,
2192 5328 2372 5396 quiet
2409 5323 2673 5396 Oldradus
2692 5325 2865 5386 dictus
2884 5331 2991 5396 est,
3021 5318 3244 5396 epistola
3278 5315 3558 5396 elegantis:

2001 5387 2248 5456 sima'a'd
2278 5393 2528 5449 Carolum
2568 5394 2822 5464 Magnum
2864 5392 2928 5464 de
2983 5387 3329 5464 trapslatione
3385 5387 3557 5464 sancti

1999 5464 2278 5533 Augustini
2309 5464 2528 5533 Papiam
2557 5457 2696 5516 ann'o
2723 5461 2826 5514 725
2857 5459 3017 5533 facta.
3047 5458 3308 5533 Cistsws.
3329 5457 3552 5533 Z—Nihil

2000 5483 2078 5521 Au
2119 5483 2278 5518 tlSllnl
2310 5483 2528 5533 raptam
2557 5483 2696 5516 anno
2732 5483 2826 5514 tzo
2857 5483 3017 5513 litua.
3047 5483 3308 5512 υΑΜδιιιδ.
3329 5483 3551 5510 -ληιιιιι

2000 5539 2054 5591 ἰη
2084 5483 2199 5590 ἵης
2245 5533 2470 5603 epistola
2511 5536 2777 5603 reperitur
2805 5546 2911 5598 quo
2938 5528 3274 5603 tAngilbertus
3329 5527 3551 5603 Ruinam

1999 5600 2674 5678 perge_us_co_mmende_tur__
2694 5601 2814 5676 huic
2846 5600 3245 5678 archiepiscopo
3264 5639 3275 5656 .
3307 5600 3457 5678 quod
3474 5609 3555 5678 ta-

2001 5663 2123 5731 ἱιιρῆ
2151 5673 2342 5728 Mahill.
2372 5672 2600 5728 asseruit
2623 5671 2712 5724 lib.
2745 5663 2866 5724 xtm
2890 5663 3078 5741 .1nnal.
3104 5663 3402 5738 1,ἲθὶι.,ρὲιε.
3430 5668 3548 5722 διε.
