4272 6266
456 360 558 414 4ὅῖ

1867 347 2241 406 ευιδτοιλ.

3587 332 3691 392 ιδε

525 470 665 541 Quid
689 485 713 513 ι
745 470 1060 542 pompaticis
1099 484 1314 525 carnem
1355 468 1530 523 induis
1577 468 1931 530 vestimentis,
1960 476 2012 519 et
2044 474 2089 527 Α
2120 464 2237 519 fuit.
2265 462 2309 520 Ο
2338 464 2383 518 si
2415 462 2543 520 mihi
2583 476 2681 517 vox
2713 461 2885 516 ferrea
2915 468 3075 523 esset,
3105 469 3160 513 et
3185 473 3374 514 omnes
3401 457 3493 529 pili
3521 466 3697 512 verte~

454 570 765 619 ornamenta
791 561 982 615 animm
1008 576 1114 614 non
1154 558 1386 628 quaeris?
1411 557 1603 610 Beatus
1640 557 1735 620 rir,
1759 556 1911 625 cujus
1946 564 2019 608 cst

455 669 638 715 nomen
670 650 875 706 Domini
908 666 1021 719 spes
1047 650 1183 718 ejus,
1209 649 1297 719 qui
1324 664 1427 701 non
1452 646 1653 717 respicit
1681 645 1737 698 in
1770 645 2020 698 vanitates

455 758 500 802 et
536 743 773 798 insanias
802 741 965 811 falsas
994 739 1165 812 (Psal.
1219 755 1403 801 χχχιι,
1446 737 1522 808 5)“.
1556 736 1744 791 Melius
1770 736 1853 801 est
1884 735 2023 789 collo

458 835 733 905 sapientiae
776 832 972 887 monile
1021 830 1305 899 suspendi,
1351 845 1512 897 quam
1559 826 1733 882 serico
1772 826 2023 881 vanitatis

459 924 653 986 involvi
690 923 878 995 (Eccli.
903 922 999 994 v1).
1042 920 1229 976 Melius
1268 928 1353 973 est
1391 918 1641 974 castitate
1672 916 1880 971 lumbos
1922 916 2025 969 eir-

457 1012 740 1083 cumcingi,
769 1026 927 1081 quam
969 1009 1268 1064 numerosis
1293 1022 1606 1079 pomparum
1636 1007 1864 1077 cingulis
1894 1022 2024 1079 cou-

458 1103 675 1173 stringi,
716 1110 768 1156 et
820 1100 1067 1155 ardentes
1114 1101 1377 1154 honorum
1422 1113 1645 1167 operum
1678 1096 1733 1153 in
1780 1096 2029 1150 manibus

460 1200 677 1263 portare
714 1190 976 1253 lucernas,
1003 1203 1165 1258 quam
1195 1188 1388 1257 digitos
1415 1186 1627 1243 annulis
1654 1184 2028 1241 ostentationis

460 1281 674 1337 radiare
704 1278 853 1352 (Luc.
886 1295 990 1343 ιιι,
1022 1276 1134 1349 35).
1170 1277 1350 1331 Satius
1385 1285 1469 1332 est
1499 1276 1663 1347 pedes
1704 1276 1759 1337 in
1784 1276 2029 1345 Evangco

460 1369 592 1425 lium
635 1368 783 1439 pacis
826 1368 1104 1437 expeditos
1146 1380 1285 1433 esse,
1330 1382 1492 1436 quam
1538 1356 1696 1436 longe
1741 1364 2029 1425 fasciarum

462 1473 601 1519 nexu
630 1456 782 1528 ligari
806 1455 1018 1528 (Ephes.
1042 1472 1115 1520 v1,
1146 1454 1253 1525 l5).
1303 1455 1444 1515 Heu!
1475 1455 1618 1525 quod
1644 1454 2008 1523 corrumpitur

462 1557 610 1609 tanta
653 1547 925 1618 diligentia
954 1559 1208 1613 ematur;
1240 1556 1295 1601 et
1340 1547 1485 1615 quod
1525 1554 1833 1616 permanet,
1881 1553 2030 1599 tanta

463 1638 706 1696 socordia
745 1636 1056 1708 negligitur!
1087 1636 1219 1692 Illud
1246 1638 1390 1692 omni
1425 1652 1553 1692 cura
1579 1646 1821 1701 ornatur,
1851 1635 2028 1704 pasci-

464 1734 553 1779 tur
578 1733 632 1781 et
659 1726 922 1781 vestitur:
950 1728 1054 1782 hoc
1077 1727 1227 1797 quasi
1260 1728 1364 1781 vile
1399 1726 1726 1797 supellectile
1755 1726 1898 1780 nullo
1943 1726 2033 1780 de-

2124 562 2311 609 rcntur
2336 555 2388 607 in
2410 554 2640 623 linguas,
2663 561 2723 606 ut
2750 551 2833 606 vel
2853 552 2932 605 sic
2956 551 3022 603 ad
3045 565 3202 603 aures
3229 550 3303 603 tui
3333 548 3510 603 cordis
3531 548 3694 601 verba

2123 642 2423 697 dilectionis
2450 657 2585 697 mea
2607 648 2887 712 pervenire
2914 640 3230 703 valuissent;
3261 638 3353 692 vel
3370 638 3424 693 in
3473 648 3563 692 tuo
3600 654 3697 707 pe-

2126 743 2274 787 ctore
2321 732 2540 801 spiritus
2581 739 2726 785 esset
2750 731 3064 800 prephetize,
3096 737 3153 782 ut
3178 730 3482 798 perspicere
3519 730 3696 783 cordis

2126 824 2231 878 mei
2258 838 2455 877 arcana
2483 824 2775 891 potuisses!
2802 823 3051 877 crederes
3086 823 3266 889 utique
3295 837 3451 890 quam
3489 821 3697 875 suavis-

2125 913 2263 968 simo
2290 927 2481 982 sapore
2508 913 2581 968 tui
2610 913 2809 967 amoris
2842 922 3025 982 pectus
3064 924 3241 965 meum
3261 909 3423 982 204
3450 909 3697 980 implere-

2128 1014 2230 1057 tur.
2259 1004 2362 1058 Sed
2388 1018 2551 1068 nunc,
2572 1004 2717 1073 quod
2744 1002 2917 1067 valeo,
2947 1002 3157 1057 faciam.
3202 1000 3311 1063 lies
3346 1016 3541 1072 parvos
3581 1000 3697 1070 api-

2126 1110 2239 1159 ces,
2266 1112 2474 1167 magum
2494 1096 2697 1151 indices
2717 1097 3017 1162 cbaritatis,
3050 1097 3142 1151 tibi
3170 1096 3365 1167 dirigo,
3392 1105 3453 1149 ut
3477 1111 3575 1166 per
3598 1097 3697 1151 Iros

2129 1185 2395 1261 intelligas
2423 1186 2564 1256 quod
2589 1187 2673 1240 vix
2706 1187 2924 1257 intelligi
2954 1195 3149 1256 potest.
3176 1186 3328 1241 Sicut
3352 1186 3564 1240 llannna
3602 1200 3696 1254 po-

2128 1285 2233 1332 test
2254 1277 2444 1341 videri,
2472 1278 2619 1348 tangi
2662 1286 2839 1332 autem
2882 1292 2989 1331 non
3032 1284 3227 1344 potest,
3260 1276 3333 1330 ita
3376 1275 3614 1329 charitas
3644 1274 3698 1330 in

2128 1368 2321 1423 litteris
2341 1369 2490 1423 cerni
2515 1376 2712 1438 potest,
2741 1368 2835 1423 sed
2866 1368 2951 1423 vix
2982 1368 3035 1421 in
3065 1367 3246 1421 animo
3268 1366 3553 1422 scribentis
3576 1380 3704 1423 seu-

2131 1457 2217 1510 tiri
2246 1455 2407 1511 valet.
2454 1456 2589 1523 Quia
2628 1457 2767 1516 sicut
2810 1456 3054 1512 scintillae
3082 1457 3149 1511 de
3188 1458 3310 1526 igne
3353 1465 3698 1527 sparguntur,

2128 1548 2202 1602 ita
2229 1546 2446 1601 dilectio
2469 1547 2769 1603 litterarum
2808 1546 2982 1602 ofﬁcio
3019 1546 3179 1601 volat.
3203 1545 3309 1601 Sed
3338 1545 3552 1617 plurimi
3576 1556 3705 1601 sunt

2128 1637 2181 1692 in
2215 1651 2444 1706 quorum
2470 1638 2631 1693 corde
2660 1638 3019 1708 exstinguitur
3043 1655 3054 1689 :
3087 1637 3207 1691 ideo
3232 1636 3436 1706 gratius
3461 1636 3703 1698 lucescit,

2090 1727 2218 1783 .ubi
2245 1728 2330 1784 vel
2374 1718 2549 1798 aliqua
2580 1727 2697 1796 eius
2734 1728 3003 1783 ﬂammula
3044 1728 3297 1783 ardescit.
3338 1727 3475 1794 Quia
3523 1727 3578 1783 in
3625 1735 3700 1789 te.

464 1831 591 1871 core
632 1817 847 1886 dignum
891 1816 1131 1872 ducitur!
1163 1816 1455 1873 Terrenum
1486 1817 1699 1881 colitur,
1727 1824 1782 1871 et
1808 1817 2027 1872 caeleste
2062 1819 2103 1878 Β
2131 1814 2299 1872 frater
2341 1819 2702 1883 sanctissime,
2743 1834 2924 1873 veram
2972 1819 3149 1872 inveni
3197 1817 3544 1882 eharitatcm,
3583 1817 3705 1871 ideo

466 1922 575 1961 non
600 1911 843 1964 curatur!
873 1909 966 1963 Dei
992 1924 1167 1980 1mago
1192 1908 1418 1973 vilescit,
1445 1919 1500 1965 et
1525 1920 1681 1965 terra:
1708 1910 1913 1979 species
1944 1911 2033 1966 ho-

467 2001 719 2053 noratur!
748 1999 863 2054 Non
888 2000 984 2064 ita,
1008 1999 1102 2065 ﬁli,
1131 2015 1234 2077 non
1263 2000 1336 2054 ita
1363 2000 1416 2054 in
1444 2005 1497 2056 te
1521 2001 1607 2055 sit.

539 2088 618 2142 Tu
639 2089 776 2143 sacri
797 2088 981 2143 altaris
1004 2089 1270 2154 minister,
1297 2098 1349 2144 tu
1375 2091 1567 2145 summi
1591 2092 1807 2148 honoris
1833 2093 2033 2160 socius,

468 2188 528 2233 tu
555 2178 830 2249 sapientiae
854 2194 967 2243 vas,
998 2178 1094 2233 flos
1122 2180 1513 2244 adolescentiae,
1545 2182 1855 2252 dignitatem
1887 2192 2033 2239 tuam

470 2270 706 2335 attende,
731 2279 785 2325 et
812 2277 929 2325 esto
950 2270 1089 2339 quod
1120 2270 1430 2326 nominaris.
1457 2270 1643 2342 Cogita
1668 2288 1863 2343 corpus
1890 2282 2037 2329 tuum

472 2360 525 2416 in
538 2361 811 2431 pulverem
833 2361 1031 2416 reverti
1053 2370 1107 2415 ct
1130 2362 1363 2423 animam
1380 2370 1526 2417 tuam
1541 2363 1607 2417 ad
1623 2364 1883 2433 judicidm
1902 2368 2034 2437 rapi.

471 2449 653 2517 Qualis
677 2459 804 2505 tunc
828 2465 946 2505 esse
978 2450 1181 2519 cupias,
1212 2452 1371 2507 talem
1401 2461 1451 2507 te
1482 2469 1622 2507 nunc
1650 2456 1861 2510 exhibe.
1888 2455 2039 2511 Nunc

474 2550 683 2609 tempus
698 2547 779 2592 est
795 2538 1090 2606 laborandi,
1108 2547 1233 2600 tunc
1247 2542 1625 2597 remunerandi
1645 2558 1658 2603 ;
1681 2558 1819 2596 nunc
1833 2557 2039 2612 prome-

475 2628 645 2691 rendi,
671 2635 797 2681 tunc
818 2628 1129 2696 accipiendi.
1146 2628 1246 2696 Qui
1268 2629 1386 2700 plus
1400 2630 1600 2684 laborat
1614 2672 1627 2695 ,
1641 2632 1761 2700 plus
1781 2634 2040 2687 mercedis

476 2718 721 2787 accipiet.
738 2717 919 2779 Curre,
948 2718 1069 2770 dum
1093 2718 1257 2772 lucem
1283 2720 1438 2774 habes
1469 2718 1649 2786 (Joan.
1676 2737 1773 2786 x11,
1801 2721 1912 2791 53).
1938 2723 2039 2789 Qui

480 2809 636 2861 hodie
656 2817 757 2871 est,
782 2824 901 2864 cras
929 2824 1033 2863 non
1062 2809 1185 2873 erit,
1204 2808 1412 2864 dicente
1439 2811 1713 2881 Scriptura
1744 2830 1755 2863 :
1788 2811 1913 2864 Noli
1932 2821 2042 2865 tar-

477 2898 604 2951 dare
626 2899 851 2956 ,coiwerti
886 2898 955 2951 ad
978 2898 1274 2962 Dominum,
1304 2900 1425 2970 quia
1454 2901 1639 2964 nescis,
1668 2900 1792 2969 quid
1828 2912 2042 2957 ventura

479 2991 649 3059 pariat
674 2991 783 3044 dies
811 2990 998 3061 (Eccli.
1022 3006 1075 3055 v,
1092 2991 1167 3061 8).
1182 2988 1368 3047 Omnis
1386 2993 1554 3061 gloria
1572 2992 1750 3051 surculi
1772 2994 1922 3064 quasi
1947 2993 2044 3051 llos

479 3079 590 3145 feni
639 3079 864 3135 decidet.
920 3081 1113 3133 Arescit
1162 3070 1339 3149 fenum
1386 3091 1433 3133 et
1469 3082 1565 3150 ﬂos
1615 3082 1727 3150 ejus
1765 3081 1957 3152 deperit
1989 3082 2042 3152 (I

2133 1906 2287 1962 nulla
2309 1916 2575 1962 terrarum
2618 1909 2791 1977 spatia
2821 1922 2906 1962 me
2947 1908 3255 1977 prohibent,
3286 1908 3581 1963 secundum
3610 1922 3707 1978 op-

2133 1997 2518 2066 portunitatem
2542 1998 2811 2067 portantis
2834 1996 3076 2069 [visere],
3101 1998 3321 2067 cupiens
3345 2005 3396 2051 te
3415 1997 3467 2051 in
3492 1995 3709 2051 Christo

2134 2088 2443 2155 perenniter
2470 2086 2607 2153 frui,
2636 2086 2789 2156 cujus
2814 2103 2969 2142 amor
3012 2096 3195 2142 nostra
3239 2087 3447 2143 utinam
3491 2086 3711 2158 impleat

2135 2175 2300 2230 corda
2326 2184 2386 2229 ut
2412 2190 2507 2245 per
2533 2174 2651 2244 ejus
2687 2175 3027 2231 dilectionem
3055 2175 3209 2230 nobis
3240 2174 3558 2231 inviolabilis
3581 2189 3709 2247 per.

2135 2276 2354 2321 maneat
2381 2266 2711 2332 fraternitas,
2734 2268 2888 2338 cujus
2915 2267 3232 2322 cbaritatem
3276 2268 3416 2321 sicut
3457 2267 3711 2323 sacerdos

2137 2355 2233 2410 Dei
2275 2357 2492 2422 summi,
2522 2357 2663 2414 sicut
2706 2356 2832 2412 tuba
2859 2356 3115 2421 caelestis,
3144 2357 3283 2412 sicut
3321 2372 3497 2427 preco
3523 2358 3714 2412 salutis

2139 2454 2457 2501 cunctorum
2482 2447 2727 2517 ingerere
2750 2446 3000 2502 cordibus
3022 2446 3258 2504 studeas.
3283 2446 3550 2517 Quidquid
3574 2446 3713 2501 illius

2142 2534 2347 2603 respuit
2391 2536 2683 2600 sanctitas,
2736 2535 3123 2591 instantissime
3162 2536 3415 2605 prohibe;
3456 2536 3713 2606 quidquid

2141 2622 2281 2677 illius
2306 2622 2476 2695 diligit
2500 2625 2734 2691 bonitas,
2767 2626 3141 2682 ardentissime
3170 2626 3420 2696 prmdiea.
3453 2627 3568 2683 Non
3607 2636 3716 2683 ter-

2142 2728 2286 2768 mnae
2321 2713 2629 2786 fragilitatis
2655 2725 2859 2775 terreat
2884 2726 3142 2787 potestas,
3170 2733 3277 2772 non
3305 2717 3578 2774 mularis
3602 2734 3717 2774 a1n~

2141 2805 2274 2862 hitio
2334 2808 2722 2863 sacerdotalem
2770 2811 3111 2865 severitatem
3167 2820 3503 2881 compescat.
3544 2809 3719 2865 Nolito

2144 2892 2300 2964 [Cud.
2316 2910 2415 2951 ms.
2436 2896 2584 2967 Noli]
2610 2900 2789 2953 timere
2808 2916 2895 2954 eos
2918 2900 3005 2969 qui
3025 2915 3213 2969 corpus
3234 2909 3444 2970 possunt
3466 2900 3716 2965 occidere,

2143 2983 2373 3038 animam
2396 2996 2568 3040 autent
2597 3005 2697 3041 non
2722 3000 2934 3058 possunt
2961 2988 3183 3062 (Matth.
3214 3006 3269 3055 ις,
3290 2990 3402 3063 28).

2214 3074 2343 3131 Esto
2378 3077 2624 3133 omnibus
2662 3079 2785 3133 vita:
2812 3078 3051 3144 lucerna,
3082 3082 3311 3149 prmvius
3353 3082 3562 3139 viarum
3588 3082 3716 3145 Dei,

481 3169 625 3226 Petr.
646 3184 684 3233 ι,
712 3167 825 3233 24),
848 3167 1113 3240 Memento
1135 3169 1394 3224 creatoris
1416 3170 1491 3223 tui
1510 3210 1524 3232 ,
1555 3179 1839 3240 antequam
1870 3173 2048 3227 veniat
2074 3164 2120 3227 C
2148 3166 2451 3236 exemplum
2493 3168 2809 3224 honestatis.
2856 3169 2985 3224 Esto
3012 3170 3225 3225 miseris
3261 3171 3575 3237 consolatio,
3605 3188 3719 3227 mc-

482 3269 689 3329 tempus
733 3256 1052 3313 alliictionis.
1084 3258 1388 3329 Pugncmus
1424 3258 1650 3323 fortiter,
1689 3270 1743 3316 et
1772 3261 2047 3317 vincamus

483 3349 772 3420 perniciter
796 3347 949 3420 μη,
969 3349 1223 3414 viriliter;
1255 3350 1349 3425 αξξ,
1381 3350 1745 3424 pertinaciter]
1766 3392 1779 3417 ,
1807 3360 1866 3406 ut
1894 3368 2049 3408 coro-

484 3456 675 3496 nemur
700 3439 944 3495 feliciter.
975 3440 1127 3495 Illum
1153 3442 1413 3496 habemus
1455 3442 1770 3510 adiutorem,
1798 3460 1956 3513 quem
1994 3454 2050 3499 et

484 3537 958 3613 remuneratorem.
973 3529 1064 3590 llle
1087 3532 1241 3601 prior;
1258 3532 1466 3587 hostem
1481 3533 1627 3597 vicit,
1646 3542 1704 3586 ut
1723 3549 1821 3589 nos
1836 3536 2050 3593 vincere

485 3619 769 3688 possimus.
784 3618 1152 3689 Triutnphavit
1176 3623 1228 3678 in
1262 3639 1443 3687 cruce,
1472 3634 1531 3677 ut
1558 3640 1655 3679 nos
1682 3628 1964 3694 regnemus
1995 3628 2047 3680 in

488 3707 737 3765 cwlo.Ad
756 3724 853 3765 nos
872 3709 1146 3770 descendit
1174 3710 1227 3765 in
1254 3720 1477 3777 terram,
1503 3724 1561 3769 ut
1583 3732 1680 3772 nos
1700 3718 2048 3772 ascendamus

488 3796 555 3851 ad
584 3798 729 3852 illum
754 3798 807 3852 in
837 3798 1049 3853 cmlum.
1076 3798 1243 3862 Filius
1268 3802 1499 3857 hominis
1528 3804 1699 3860 factus
1729 3816 1834 3872 est,
1863 3815 1924 3860 ut
1951 3822 2050 3861 nos

490 3885 585 3942 lilii
626 3888 719 3951 Dei
748 3903 865 3948 esse
890 3905 1211 3956 mereamur,
1234 3894 1318 3946 cui
1344 3890 1457 3948 laus
1485 3902 1540 3947 et
1570 3895 1737 3964 gloria
1770 3896 1821 3950 in
1864 3912 2051 3951 omnes

490 3977 832 4041 aterniunes,
858 3977 1048 4033 Amen.

910 4069 937 4125 ι’
964 4068 1293 4139 EPISTOLA
1319 4070 1641 4130 CLXXXVI.

979 4175 1046 4215 ΔΙ)
1072 4174 1272 4214 ΔΙΙΟΒΙ
1312 4178 1558 4217 ῖιυειειί.

492 4269 742 4341 Ardentis
775 4270 1190 4341 charitatisstue
1238 4271 1528 4341 signiﬁcat;
1573 4274 1813 4329 hortatur
1858 4285 1912 4329 ut
1942 4293 2049 4330 om-

565 4339 726 4424 nibus.
757 4340 823 4424 sit
871 4339 1159 4424 exemplum
1200 4339 1354 4424 .ei‘t'te.
1392 4340 1731 4424 gemenda
1783 4346 2050 4424 lectionem

559 4408 726 4489 sancti
767 4406 1065 4479 Evangelii,
1094 4419 1144 4463 et
1188 4408 1331 4463 Libri
1383 4409 1670 4468 Pastoralis
1715 4415 1879 4475 sancti
1922 4415 2051 4471 Gre-

631 4490 715 4528 1η.

631 4491 715 4528 m.

563 4491 892 4620 guloissimte
934 4564 1232 4625 dilectionis
1268 4566 1422 4627 fratri
1460 4578 1515 4624 ct
1556 4571 1730 4634 amico
1773 4573 1826 4627 in
1858 4559 2055 4637 Christi

493 4652 761 4710 cbaritate
785 4654 1030 4711 salutem.

566 4742 746 4796 Amico
766 4745 980 4815 antiquo
1001 4762 1158 4800 novus
1186 4764 1287 4801 non
1312 4756 1385 4802 est
1413 4748 1599 4803 similis
1621 4749 1807 4821 (Eccli.
1838 4766 1915 4815 1x,
1946 4753 2051 4824 ll).

493 4825 713 4882 Amicus
738 4830 829 4897 qui
877 4828 1144 4888 fortunam
1174 4837 1432 4905 sequitur,
1462 4844 1517 4892 et
1555 4846 1761 4909 tempus
1789 4840 2056 4905 observat,

498 4918 587 4988 qui
613 4917 764 4993 juxta
794 4918 1107 4989 qualitatem
1146 4922 1246 4981 loci
1291 4934 1548 4993 mutatur,
1580 4944 1853 4998 nunquam
1900 4948 2057 4986 verus

536 5063 592 5129 ςι
625 5051 942 5129 fontpaticis
970 5057 1293 5129 vestimentis.
1322 5058 1475 5129 lium,
1505 5074 1660 5129 quem
1692 5062 1944 5118 Alcuinus
1971 5065 2057 5121 hic

498 5119 567 5199 ob
587 5119 885 5199 affectatum
914 5119 1875 5199 vestium_spleudorentgreprehendit,
1896 5119 2057 5189 fuisse

500 5188 781 5268 clericum,
809 5202 1062 5268 patet__ex
1106 5188 1408 5268 his:_verbis
1434 5215 1445 5249 :
1477 5188 1715 5268 ’I'u'sacri
1743 5188 1925 5255 altaris
1954 5206 2056 5255 ml»

501 5262 803 5337 iuuenem:
849 5262 1138 5337 Audiamus
1180 5264 1486 5337 Sidonium,
1516 5266 1740 5323 nitorem
1784 5271 1953 5327 cultus
2002 5272 2053 5325 in

501 5325 862 5403 ecclesiaStieo
880 5334 1090 5403 nomine
1108 5325 1580 5403 reprehendentem
1603 5356 1613 5390 :
1636 5356 1663 5387 ιν
1678 5325 1869 5395 llabitu
1888 5340 2052 5394 cultu-

502 5409 608 5464 que
631 5398 934 5475 conspicuo,
971 5402 1133 5475 inquit
1159 5398 1372 5475 epistola
1398 5405 1489 5475 )3,
1527 5405 1616 5457 lib.
1658 5422 1729 5469 tv,
1768 5424 1870 5464 non
1906 5408 2055 5475 juve-

503 5466 675 5520 nesoit
698 5469 892 5541 solum.
925 5466 1447 5541 sed'qoodammodo
1494 5466 1838 5540 repuerascit.
1876 5466 2054 5541 E'nim-

502 5545 631 5589 vero
657 5538 822 5591 vestis
843 5538 1089 5599 astricta;
1109 5547 1289 5595 tensas
1320 5538 1629 5605 cothurnus,
1659 5538 1822 5598 crinis
1848 5538 1900 5605 in
1928 5557 2054 5603 rotae

504 5604 1015 5683 specimenacoisns,
1046 5608 1205 5683 barba
1227 5610 1365 5683 itura
1394 5604 1640 5679 rugarum
1668 5612 1899 5683 latebras
1922 5632 2056 5674 interr

506 5672 582 5747 sis
613 5672 679 5747 ad
703 5682 1047 5747 cutemsecta
1070 5675 1383 5747 forcipibus,
1413 5672 1540 5739 etc,
1577 5677 1899 5747 professione
1932 5672 2054 5740 reli-

508 5740 679 5807 gienis
703 5752 935 5811 arrepta,
964 5746 1162 5798 viribus
1187 5740 1361 5812 potius
1388 5740 1714 5818 resurgentis
1744 5756 2052 5808 innocentia:

936 5835 1206 5901 1ἰτιιοι.,
1268 5834 1333 5893 C.

2148 3256 2326 3317 dicina
2377 3257 2687 3325 vulneratis,
2739 3260 2951 3316 alllictis
2999 3262 3331 3328 consolatio,
3376 3272 3576 3333 pastor,
3617 3280 3721 3318 non

2148 3350 2526 3414 mercenarius,
2555 3349 2740 3425 domus
2797 3351 2893 3407 Dei
2905 3392 2922 3416 ,
2970 3368 3075 3408 non
3124 3352 3370 3423 spelunca
3420 3353 3718 3417 latronum,

2147 3440 2321 3510 palma
2341 3444 2552 3511 ﬂoreus,
2571 3443 2704 3505 olit-a
2726 3461 2923 3513 semper
2940 3446 3108 3500 circus
3126 3444 3308 3516 (Iona.
3325 3460 3381 3509 κ.
3406 3445 3501 3510 ης
3526 3444 3718 3501 Hatth.

2149 3529 2381 3592 “1,15;
2408 3528 2801 3597 Psal.xc1,l3;
2844 3532 2973 3587 Cen.
2995 3550 3112 3597 vs11,
3139 3534 3248 3605 ll).
3288 3533 3405 3589 Noli
3444 3534 3721 3590 columbas

2151 3614 2243 3670 Dei
2274 3618 2522 3673 vendere.
2556 3618 2598 3675 G
2606 3622 2731 3674 ratis
2757 3621 2850 3686 da,
2878 3623 3017 3692 quod
3041 3625 3201 3693 gratis
3230 3626 3473 3691 accepisti
3502 3625 3718 3695 (Matth.

2150 3721 2205 3770 χ,
2230 3709 2304 3779 8).
2330 3708 2855 3779 Irreprehensihilem
2883 3714 3111 3783 teipsum’
3138 3714 3192 3769 in
3225 3714 3476 3769 omnibus
3502 3715 3725 3782 exhibe,

2150 3804 2207 3849 ut
2232 3800 2341 3852 vita
2372 3807 2459 3853 tua
2490 3801 2729 3857 doctrina
2756 3805 2827 3857 sit
2848 3805 3051 3874 populi,
3084 3814 3146 3859 ut
3170 3821 3238 3859 ex
3268 3807 3407 3860 bona
3437 3822 3725 3863 conversa-

2153 3887 2292 3939 tione
2341 3895 2429 3940 tua
2478 3888 2812 3944 :cdiliccntur
2854 3891 3066 3961 plurimi
3114 3893 3163 3965 (Ι
3200 3894 3552 3969 Tiru.111,2).
3584 3896 3724 3968 Lege

2150 3974 2451 4046 diligenter,
2481 3978 2724 4045 obsecro,
2763 3980 3105 4052 Evangelium
3135 3984 3357 4050 Christi,
3390 3986 3553 4041 libros
3590 4002 3724 4057 quo-

2149 4080 2253 4132 que
2302 4065 2436 4119 alios
2480 4068 2749 4123 canonica:
2793 4072 3147 4130 auctoritatis.
3192 4072 3298 4128 Sed
3350 4085 3407 4130 et
3449 4075 3724 4130 Pastorale

2148 4151 2289 4208 beati
2316 4153 2557 4225 Gregorii
2584 4172 2735 4226 papa:
2757 4160 3050 4228 sepissime
3074 4171 3437 4231 perscrutare.
3468 4164 3565 4219 llis
3594 4181 3726 4237 epu-

2150 4241 2216 4299 lis
2240 4245 2473 4301 animam
2502 4256 2646 4303 tuam
2674 4264 2855 4318 pasce,
2877 4260 2937 4305 ut
2964 4252 3164 4308 trabeas
3190 4254 3330 4310 unde
3353 4255 3488 4312 alios
3508 4272 3724 4327 quoque

2151 4332 2375 4389 reticere
2404 4336 2600 4393 valeas.
2633 4337 2733 4393 Mei
2759 4355 2993 4410 quoque,
3034 4340 3278 4409 obsecro,
3310 4348 3719 4401 utmemoriam

2152 4422 2356 4479 habeas
2377 4426 2519 4481 inter
2546 4428 2834 4485 missarum
2864 4431 3123 4486 solemnia
3150 4440 3207 4486 et
3232 4449 3416 4491 sacras
3452 4438 3725 4492 orationes

2083 4496 2127 4556 ο
2157 4515 2295 4573 tuas,
2319 4520 2379 4565 ut
2415 4513 2593 4571 divina
2620 4515 2903 4572 clementia
2930 4521 3146 4574 veniam
3184 4522 3312 4576 mihi
3355 4532 3721 4593 peccatorum,

2157 4607 2211 4653 et
2240 4613 2492 4659 coronam
2523 4602 2616 4658 tibi
2642 4604 2952 4662 meritorum
2972 4618 3227 4678 priestare
3247 4612 3512 4688 dignetur.

2547 4724 2568 4752 ε
2614 4713 2940 4771 EPISTOLA
2980 4718 3325 4774 CLXXXVII.

2645 4801 2712 4839 AD
2749 4800 2999 4848 ουειιυιιιι
3034 4805 3233 4844 ῑιιιωί.

2158 4871 2359 4950 Laudat
2410 4875 2650 4945 discipuli
2704 4877 3019 4950 cierationem
3067 4892 3115 4934 et
3161 4884 3425 4950 sapientite
3467 4887 3718 4942 studium.

2231 4942 2353 4997 Non
2389 4962 2509 4999 suos
2541 4942 2735 5008 mores,
2780 4947 2870 5000 sed
2913 4942 3292 5010 exhortaﬁoaes
3332 4948 3379 5005 et
3418 4966 3721 5011 sanctorum

2156 5071 2512 5125 convalescat.
2541 5092 2558 5123 ι
2588 5072 2686 5127 Ubi
2728 5076 3016 5131 notandum
3067 5087 3180 5141 est,
3228 5090 3435 5137 veteres
3486 5084 3723 5141 Francos

2157 5141 2385 5196 astrictis
2412 5141 2647 5197 vestibus
2670 5160 2812 5199 usos.
2843 5146 2915 5199 De
2935 5148 3127 5217 quibus
3149 5149 3401 5208 Sidonius
3422 5168 3590 5209 carm.
3614 5155 3650 5211 2
3674 5177 3687 5210 ;

2340 5218 2566 5286 §_trlc_tius
2589 5230 2793 5286 assueta;
2818 5234 2981 5274 vestes
2999 5239 3198 5286 procera
3218 5238 3451 5282 coercent

2343 5279 2554 5327 Membra
2577 5285 2745 5329 virum.

2158 5344 2401 5432 Sicutet
2538 5349 2737 5432 Gothis
2772 5350 3025 5432 Sidonius
3063 5355 3154 5432 lib.
3183 5373 3254 5420 η’,
3282 5360 3435 5432 epist.
3465 5358 3550 5417 90.
3600 5360 3722 5419 Ilerc

2155 5414 2401 5490 Canisjus
2425 5419 2515 5487 qui
2544 5418 2695 5489 plura
2726 5421 2827 5475 hoc
2853 5420 2967 5479 loco
2993 5422 3058 5477 de
3092 5414 3448 5485 llomandrum
3468 5414 3537 5487 ac
3574 5414 3721 5490 vet—es—

2156 5498 2280 5607 λιὲὲ
2299 5484 2627 5607 ῐῖῖειιιδοτῐιω
2656 5492 2987 5563 vestimentis
3030 5484 3097 5547 es
3140 5496 3323 5551 eodem
3366 5484 3585 5555 Sidonio
3614 5484 3715 5557 ad?

2287 5570 2333 5607 VI
2366 5594 2375 5606 ο

2287 5570 2375 5610 ιἰι.

2228 5621 2254 5660 δ
2284 5621 2421 5700 Edit.
2467 5624 2711 5700 Quercet.
2736 5625 3030 5700 i7,_Canis.
3059 5631 3125 5686 29
3171 5633 3361 5688 collata
3392 5650 3511 5693 cum
3560 5640 3714 5700 codd.

2156 5691 2735 5769 mss.A(ApudFrol_>en.
2762 5698 2915 5767 epist.
2943 5700 3086 5769 ibi.)

2224 5768 2245 5796 ι
2279 5758 2523 5826 Que'reet.
2554 5762 2653 5817 103
2678 5778 2741 5820 ex
2786 5758 2887 5823 ins.
2922 5758 3101 5838 (Apud
3136 5768 3361 5825 Froben.
3388 5775 3540 5842 epist.
3572 5775 3714 5853 H3.)

3258 5861 3327 5921 l5
