4258 6202
612 213 710 283 ,ευ

1478 228 1535 280 Β.
1576 226 1634 280 F.
1675 223 1891 283 ALBINI
1933 224 2059 278 SEU
2099 223 2367 280 ALCUINI
2420 224 2699 303 OPERUM
2736 224 2912 279 PARS
2948 224 2988 278 I.

3693 216 3796 271 £60

676 338 913 409 exempla
937 339 1075 409 sequi
1100 340 1364 401 hortatur;
1389 337 1706 409 commendat
1737 334 2001 389 lectionem
2026 351 2147 409 san-
2174 338 2214 394 A
2246 344 2301 390 et
2324 336 2638 392 honoriﬁcet
2676 337 2814 393 inter
2848 334 3111 398 homines,
3152 340 3207 388 et
3242 332 3407 387 vitam
3448 331 3543 387 tibi
3584 337 3801 402 praestet

675 418 770 478 etar
800 402 1110 478 Scriptura,
1155 410 1398 462 virtutum
1429 405 1724 459 exercitium
1749 444 1763 469 ,
1792 418 1970 457 curam
2016 402 2146 456 ado-

676 474 971 541 lescentum,
988 486 1087 529 etc.
1128 541 1138 551 .

572 686 577 691 _
669 603 1028 660 Dilectissimo
1064 602 1172 658 ﬁlio
1208 609 1369 672 atque
1402 599 1614 657 amabili
1652 613 1773 655 meo
1809 598 2030 654 Albinus
2067 613 2155 653 sa-

602 694 797 750 intem.

677 804 997 861 Litterarum
1020 802 1189 859 series
1216 812 1425 857 tuarum
1451 798 1739 856 iztiﬁcavit
1773 797 1954 854 oculos
1981 810 2149 863 meos,

614 892 873 963 aspiciens
900 893 955 947 in
982 891 1058 946 eis
1083 890 1238 946 bona:
1262 888 1555 945 devotionis
1583 888 1852 950 intuitum,
1878 894 1933 940 et
1958 894 2155 940 sanctae

612 979 883 1050 sapientiae
907 979 1173 1043 decorem,
1203 986 1360 1046 atque
1395 977 1450 1031 in
1475 990 1594 1030 eam
1621 975 1855 1031 discendi
1884 988 2150 1037 amorem;

613 1068 756 1137 quod
797 1054 1027 1122 maxime
1063 1064 1170 1120 tuis
1217 1064 1375 1120 modo
1417 1065 1669 1132 competit
1711 1064 1886 1126 annis,
1926 1061 2011 1115 vel
2061 1074 2157 1129 pro

612 1163 822 1208 aeterna:
842 1153 964 1207 vita
1000 1150 1343 1215 beatitudine,
1370 1149 1454 1205 vel
1479 1164 1578 1219 pro
1604 1149 1872 1206 saecularis
1915 1149 2152 1203 honore:

608 1256 738 1311 quia
770 1241 898 1295 nihil
922 1239 1237 1296 laudabilius
1276 1240 1436 1294 estin
1464 1238 1676 1294 homine
1700 1248 1861 1307 quam
1885 1236 2158 1306 sapientiae

614 1333 774 1387 decus
814 1340 871 1387 et
909 1329 1187 1390 charitatis
1228 1327 1466 1384 allectus.
1510 1326 1661 1396 Quod
1704 1342 1832 1382 vero
1876 1326 2157 1396 postulasti

614 1434 761 1476 meos
783 1420 877 1476 tibi
898 1419 1191 1475 inscribere
1213 1431 1409 1481 mores,
1436 1416 1630 1471 mirum
1654 1417 1891 1479 videtur;
1922 1416 2048 1468 dum
2074 1415 2158 1469 die

602 1517 878 1578 noctuque
920 1522 1128 1564 mecum
1185 1503 1361 1570 fuisti,
1399 1517 1501 1559 nec
1538 1502 1739 1572 aliquid
1790 1502 1886 1556 tibi
1928 1501 2156 1555 celatum

614 1596 733 1663 fuit,
762 1595 888 1666 quid
914 1595 1187 1652 uobiswm
1236 1601 1501 1665 ageretur.
1533 1590 1641 1647 Nec
1667 1590 1883 1661 dignum
1928 1589 2155 1651 videtur,

2253 433 2649 493 sempiternam.
3272 456 3273 459 η
3540 484 3541 487 η

2318 512 2394 566 De
2435 513 2585 566 libris
2618 528 2743 567 vero
2771 526 2905 581 quos
2940 510 3161 581 rogasti,
3203 510 3259 565 id
3293 518 3396 575 est,
3442 509 3497 563 iu
3535 506 3802 578 Epistolas

2249 603 2618 673 Apostolorum
2665 602 2807 657 beati
2854 602 3009 656 Beda:
3061 607 3367 665 tractatum,
3413 610 3441 639 ι
3483 614 3639 655 soror
3682 614 3802 656 mea

2250 693 2407 762 Gysla
2434 694 2612 747 habet.
2659 693 2792 747 Dum
2836 692 2925 748 illa
2966 691 3200 747 remittet
3246 705 3368 744 eum
3392 690 3545 755 mihi,
3573 689 3801 760 dirigam

2250 784 2418 837 vobis.
2462 782 2537 837 De
2560 782 2587 822 δ
2614 781 2985 837 Benedictione
3028 779 3477 843 Patriarcharum,
3520 778 3587 833 de
3614 777 3807 846 quibus

2251 886 2439 942 rogate
2457 871 2553 927 tibi
2579 885 2786 941 quoque
2809 870 3029 940 placuit,
3064 869 3336 941 composui
3362 868 3489 923 olim
3524 866 3803 938 epistolam

2253 960 2351 1027 sub
2388 960 2600 1015 nomine
2628 968 2722 1013 tuo
2748 970 2771 998 ε
2804 958 3172 1029 Samuelisque
3199 956 3542 1027 condiscipuli
3578 956 3676 1011 tui.
3704 954 3807 1012 Ne—

2253 1049 2363 1103 scio
2387 1048 2432 1102 si
2460 1047 2527 1102 de
2549 1062 2612 1102 ea
2639 1048 2937 1118 postulasti,
2964 1049 3076 1104 sive
3095 1048 3160 1103 de
3179 1047 3413 1119 quolibet
3441 1045 3544 1117 alio
3570 1052 3804 1102 auctore.

2254 1135 2330 1190 De
2357 1136 2578 1204 epistola
2604 1136 2971 1207 interrogasti,
3003 1138 3130 1206 quid
3161 1135 3336 1193 esset?
3364 1135 3496 1190 Nam
3520 1138 3606 1191 hri
3632 1151 3807 1206 super,

2254 1227 2405 1297 στὸλᾳ
2431 1227 2633 1282 habitus
2658 1227 2844 1283 Graece
2873 1228 3083 1282 dicitur.
3117 1227 3267 1283 Unde
3294 1226 3561 1282 Adrianus
3582 1226 3809 1296 impera-

2256 1325 2339 1371 tor
2362 1316 2388 1356 ἀ
2417 1316 2713 1386 Epictetum
2739 1316 3109 1387 philosophum
3137 1318 3276 1371 inter
3292 1314 3423 1370 alias
3444 1314 3812 1385 inquisitiones

2258 1404 2618 1473 interrogavit,
2657 1405 2785 1473 quid
2811 1412 2952 1459 esset
2985 1405 3246 1458 cinctum?
3275 1404 3345 1457 At
3368 1403 3454 1458 ille
3477 1404 3662 1458 videns
3689 1418 3808 1458 eum

2256 1493 2533 1561 epistolam
2567 1509 2728 1548 manu
2772 1502 3061 1557 tenentem,
3108 1494 3421 1565 respondit:
3457 1492 3607 1558 Quod
3651 1508 3809 1545 manu
3904 1530 3911 1536 .

2257 1591 2412 1635 tenes.
2439 1580 2631 1636 Veiens
2652 1582 2963 1652 intelligere,
2995 1583 3144 1651 quasi
3168 1582 3642 1653 supercinctorium
3670 1590 3819 1637 esset

617 1700 735 1741 mea
761 1684 982 1740 multum
1004 1692 1058 1741 te
1076 1683 1227 1752 sequi
1247 1682 1381 1737 velle
1407 1681 1649 1751 vestigia,
1678 1678 1780 1733 nisi
1806 1677 1943 1734 forte
1976 1678 2159 1733 admo—
2190 1670 2233 1729 Β
2258 1671 2492 1741 epistolae
2512 1672 2760 1742 sigillum,
2781 1687 2887 1743 quo
2904 1686 2935 1726 a
2957 1672 3086 1727 foris
3105 1673 3362 1727 vestiatur
3381 1672 3642 1727 chartula.
3665 1672 3813 1726 lianc

617 1772 831 1829 nitionis
851 1771 1036 1836 verba,
1060 1784 1180 1842 qua
1217 1769 1408 1838 saepius
1434 1768 1645 1822 audisti.
1677 1766 1780 1821 Sed
1807 1767 1966 1821 etiam
1996 1767 2163 1835 magis

618 1869 923 1915 sanctorum
951 1866 1002 1915 te
1029 1860 1295 1914 instruant
1330 1856 1592 1926 exempla,
1621 1871 1739 1925 qua:
1777 1856 1830 1909 in
1859 1856 2058 1909 sanctis
2084 1855 2162 1910 ie-

612 1960 814 2021 guntur
836 1949 1149 2020 Scripturis,
1187 1956 1244 2004 et
1268 1954 1463 2003 nostra:
1489 1949 1611 2003 vitae
1649 1947 2061 2002 stabilimentum
2088 1946 2167 1999 di-

610 2043 889 2113 gnoscitur
914 2054 1050 2097 esse.
1082 2039 1163 2094 Tu
1186 2053 1334 2105 vero,
1363 2037 1435 2093 ﬁli
1462 2038 1794 2100 charissime,
1824 2038 1877 2090 in
1906 2036 2167 2090 charitate

623 2132 852 2200 teipsum
897 2141 1109 2193 exerce,
1137 2135 1194 2183 et
1232 2128 1287 2181 in
1322 2125 1698 2181 ecclesiasticis
1745 2124 1933 2178 oiliciis
1976 2136 2170 2177 ornare

618 2219 782 2272 vitam
811 2225 955 2272 tuam
984 2224 1281 2282 memento;
1309 2214 1516 2285 vigilias
1542 2221 1598 2268 et
1631 2213 1896 2267 orationes
1921 2211 2170 2280 frequen-

622 2317 743 2361 tans
782 2313 839 2361 et
879 2305 933 2360 in
980 2304 1221 2359 lectionis
1246 2305 1420 2359 studio
1460 2304 1546 2357 die
1599 2312 1862 2372 noctuque
1905 2302 2170 2357 desudans

618 2406 858 2462 qttterere
878 2389 1080 2464 (Forte,
1106 2390 1305 2463 quare]
1334 2391 1602 2445 Christum
1631 2392 1685 2444 in
1712 2392 1901 2446 litteris
1940 2391 2170 2459 prophe-

623 2493 794 2535 tarum
816 2480 1197 2551 praedictum,et
1223 2480 1275 2533 in
1300 2478 1604 2549 evangelica
1638 2488 1913 2534 ostensum
1941 2479 2174 2533 auctori-

624 2580 751 2625 tate.
766 2569 845 2625 ~Et
867 2568 991 2622 dum
1026 2568 1255 2623 intenias
1280 2582 1401 2623 eum
1421 2607 1436 2633 ,
1465 2582 1570 2621 non
1611 2570 1816 2622 amittas
1852 2584 1969 2621 eum
1996 2566 2167 2638 (Cant.

628 2674 711 2723 ιιι,
735 2658 821 2731 ι);
850 2658 939 2712 sed
962 2658 1197 2712 introduc
1215 2672 1331 2713 eum
1360 2658 1414 2713 in
1442 2658 1654 2713 domum
1675 2657 1852 2712 cordis
1882 2657 1978 2721 tui,
2000 2664 2056 2711 et
2078 2657 2174 2710 ha-

624 2749 748 2806 beto
773 2764 895 2807 eum
921 2757 1182 2804 rectorem
1205 2748 1327 2804 vita:
1351 2756 1471 2803 true.
1495 2748 1628 2803 Ama
1655 2764 1777 2805 eum
1802 2748 1940 2802 sicut
1965 2746 2175 2801 redem—

620 2848 862 2910 ptorem,
905 2838 1414 2910 gubernatoremque
1460 2846 1641 2903 tuum,
1689 2837 2031 2905 omniumque
2080 2833 2176 2887 tibi

630 2930 931 3001 largitorem
955 2929 1234 2985 bonorum.
1262 2927 1474 2984 Custodi
1500 2928 1746 2981 mandata
1768 2927 1910 2980 illius
1939 2924 1991 2996 (I
2016 2924 2172 2978 Josn.

2261 1764 2454 1818 habeto
2493 1764 3003 1833 interpretationem,
3052 1763 3220 1820 donec
3261 1763 3533 1817 meliorem
3578 1761 3815 1817 invenias

2261 1854 2343 1908 vel
2367 1856 2647 1910 veriorem.

2625 1953 2649 1982 ο
2681 1941 3011 1999 EPISTOLA
3035 1941 3399 1997 CLXXXVIII.

2734 2050 2799 2089 ΔΙ)
2838 2050 3015 2089 ινιιιυι
3052 2049 3339 2088 ιῦιοτυι.

2264 2122 2481 2178 Solatur
2496 2122 2665 2189 illum,
2690 2133 2735 2177 et
2754 2124 2991 2176 hortatur
3009 2123 3075 2176 ad
3090 2123 3458 2189 confessionem
3474 2130 3816 2191 peccatorum.

2332 2210 2654 2267 Charissitno
2689 2212 2825 2267 Filio
2849 2212 3017 2267 unicae
3037 2212 3334 2267 dilectionis
3361 2213 3413 2266 in
3440 2212 3637 2267 Christi
3662 2213 3822 2267 bene—

2266 2300 2499 2355 dictione
2526 2302 2769 2356 salutem.

2335 2390 2603 2445 Festinavi
2645 2392 2851 2446 obviam
2881 2399 3072 2447 vestrae
3099 2391 3391 2447 dulcedinis
3424 2395 3739 2461 praesentiae,
3769 2401 3824 2447 et

2266 2493 2391 2533 ecce
2408 2487 2644 2533 mutuata
2664 2478 2911 2553 [mutata]
2935 2481 3047 2535 vice
3060 2496 3156 2550 pro
3174 2481 3351 2536 iaztitia
3374 2483 3593 2548 visionis
3611 2491 3821 2544 vestrae,

2268 2567 2497 2621 tristitiae
2521 2567 2759 2621 chartula
2783 2569 3011 2634 advenit,
3051 2579 3279 2625 vestram
3316 2572 3633 2627 denuntians
3652 2562 3825 2642 her!-

2270 2655 2449 2710 mabili
2481 2664 2625 2709 textu
2655 2654 3039 2723 inﬁrmitatem,
3076 2660 3451 2728 propemodum
3479 2669 3531 2715 te
3565 2660 3618 2715 in
3642 2660 3826 2715 limine

2272 2744 2429 2815 hujus
2453 2746 2575 2799 vita
2608 2747 2905 2814 suspirare;
2937 2746 3028 2800 sed
3053 2732 3309 2816 quantum
3333 2749 3398 2802 de
3425 2757 3515 2803 tuo
3534 2750 3827 2803 contristor

2273 2834 2477 2898 labore,
2504 2842 2709 2889 tantum
2739 2836 2803 2890 de
2826 2836 3000 2890 divina
3022 2837 3260 2892 laetiﬁcor
3282 2838 3499 2906 pietate,
3524 2839 3613 2908 qui
3639 2846 3691 2893 te
3719 2848 3827 2892 tam

2276 2924 2523 2979 diuturna
2552 2926 2858 2981 inﬁrmitate
2884 2928 3111 2993 decoxit,
3139 2937 3199 2982 ut
3219 2929 3404 2999 purior
3423 2943 3680 2998 appareas
3703 2914 3827 2983 eon-

631 3037 687 3087 v,
707 2992 768 3086 5;
802 3018 989 3074 lauit.
1017 3034 1131 3085 nx,
1160 3016 1269 3090 i7),
1297 3018 1423 3087 quia
1449 3018 1503 3072 in
1551 3016 1654 3072 illis
1697 3018 1807 3071 vita
1833 3025 1917 3071 est
1950 2992 2169 3069 aeterna.
2198 2992 2245 3053 (ἶ
2276 3015 2478 3082 spectui
2507 3014 2663 3068 illius.
2688 3014 2879 3069 Beatus
2899 3017 3077 3081 homo,
3100 2992 3193 3086 qui
3214 2992 3505 3086 corripitur
3516 3033 3545 3070 a
3570 3017 3823 3077 Domino;

633 3108 700 3162 Et
742 3121 935 3179 magna
979 3106 1294 3161 discretione
1332 3105 1557 3175 teipsum
1599 3106 1968 3175 circumspice,
1998 3104 2175 3159 consiv

635 3198 825 3252 derans
866 3195 992 3266 quid
1040 3195 1333 3265 agendum,
1377 3194 1461 3251 vel
1506 3196 1634 3266 quid
1681 3195 1838 3265 205
1883 3194 2177 3250 cavendum

635 3286 967 3356 praecipiatur
1168 3284 1234 3338 Et
1270 3284 1527 3353 quidquid
1570 3284 1820 3352 accepisti
1848 3298 1877 3336 a
1903 3283 2176 3351 magistro,

638 3374 721 3428 vel
744 3373 941 3442 Spiritu
962 3373 1250 3442 inspirante
1276 3381 1473 3425 sancto.
1488 3371 1755 3441 intelligis,
1783 3370 1937 3424 trade
1963 3370 2183 3439 diligen-

639 3464 862 3528 tissime,
888 3470 944 3516 et
979 3462 1137 3527 doce;
1166 3468 1226 3516 ut
1251 3459 1345 3516 tibi
1366 3474 1577 3531 semper
1612 3467 1868 3531 augeatur
1890 3456 2183 3527 intelligen-

640 3556 728 3611 tia
752 3554 1112 3622 donum,quia
1148 3550 1294 3609 omni
1330 3550 1545 3606 habenti
1581 3549 1793 3605 dabitur
1820 3547 2028 3619 (Matth.
2055 3563 2179 3611 xm,

642 3642 752 3716 12),
780 3645 833 3698 id
856 3651 959 3709 est,
987 3641 1212 3699 docendi
1233 3640 1468 3696 studium
1491 3638 1707 3695 habenti
1732 3645 1956 3707 augetur
1987 3635 2181 3691 intelli-

641 3731 801 3807 gendi
828 3731 1072 3787 scientia.

710 3820 837 3875 Esto
857 3814 1174 3889 pauperibus
1207 3820 1262 3871 et
1289 3815 1495 3870 miseris
1520 3812 1667 3883 quasi
1696 3819 1866 3882 pater,
1893 3810 2107 3866 humilis
2132 3810 2185 3863 in

642 3906 1010 3971 ministrando,
1032 3904 1212 3977 largus
1229 3904 1283 3959 in
1303 3902 1494 3967 dando,
1519 3911 1782 3971 quatenus
1800 3902 2004 3955 illomm
2030 3900 2186 3955 bene-

644 3999 807 4054 dictio
831 3998 1012 4052 veniat
1048 4010 1206 4065 super
1233 4002 1303 4051 te.
1345 3992 1744 4061 Admoneasque
1772 3991 2187 4047 adolescentulos

644 4086 740 4156 qui
766 4094 937 4140 tecum
975 4092 1099 4139 sunt
1124 4085 1190 4139 de
1216 4084 1455 4179 castitate
1480 4084 1720 4150 corporis
1748 4084 1851 4146 sui,
1894 4084 1961 4137 de
1981 4082 2189 4137 confes.

649 4174 799 4229 sione
818 4178 1151 4241 peccatorum
1178 4167 1415 4233 suorum,
1429 4168 1496 4223 de
1514 4169 1822 4223 assiduitate
1846 4167 2101 4231 discendi,
2126 4169 2191 4223 de

648 4260 1049 4319 conversatione
1075 4258 1273 4322 sobria,
1297 4259 1362 4313 de
1397 4256 1652 4312 ebrietate
1676 4257 1927 4321 cavenda,
1955 4259 2018 4312 de
2040 4258 2190 4311 luxu-

2273 3103 2499 3173 ﬂageliat
2538 3121 2654 3157 vero
2683 3112 2893 3158 omnem
2921 3105 3110 3173 ﬁlium,
3136 3122 3284 3175 quem
3315 3106 3490 3175 recipit
3517 3104 3701 3176 (Hebr.
3725 3120 3827 3170 nt,

2276 3190 2350 3260 6).
2377 3192 2499 3245 limo
2524 3207 2643 3259 spes
2678 3200 2729 3245 te
2762 3192 3078 3254 consoletur,
3108 3195 3421 3251 charissime
3442 3193 3533 3258 illi,
3558 3201 3611 3248 et
3633 3194 3676 3247 si
3702 3194 3831 3263 quid

2277 3282 2454 3335 sazculi
2476 3282 2527 3335 in
2554 3291 2692 3335 tuam
2714 3283 2955 3337 deveniat
2974 3292 3305 3353 potestatem,
3329 3285 3479 3355 quasi
3506 3286 3717 3339 obsides
3736 3299 3831 3354 pa-

2279 3371 2356 3423 cis
2372 3372 2631 3437 praamitte
2651 3370 2775 3439 (Hs.
2789 3372 3121 3442 promittere]
3141 3373 3203 3426 ad
3220 3373 3521 3447 Dominum,
3540 3382 3595 3427 et
3610 3373 3832 3440 diligen-

2283 3467 2365 3512 ter
2390 3458 2768 3512 minutissimas
2786 3474 3021 3528 quasque
3046 3462 3325 3515 verborum
3352 3469 3409 3525 et
3428 3458 3829 3532 cogitationum,

2280 3548 2389 3604 imo
2436 3559 2489 3603 et
2527 3547 2786 3605 factorum
2829 3552 3011 3606 sordes
3040 3551 3176 3621 apud
3212 3552 3569 3608 coniessorem
3624 3550 3833 3608 ﬁdelem

2282 3647 2333 3693 et
2358 3640 2689 3708 prudentem,
2736 3644 3024 3701 secundum
3058 3653 3202 3697 tuam
3242 3644 3643 3706 conscientiam,
3688 3646 3834 3715 puri-

2283 3726 2404 3792 lica,
2434 3736 2492 3781 ut
2531 3729 2663 3783 nihil
2711 3739 3005 3794 remaneat,
3056 3732 3108 3785 in
3157 3746 3263 3801 quo
3312 3732 3573 3802 malignus
3609 3740 3660 3787 te
3696 3732 3835 3804 apud

2284 3830 2547 3871 summum
2587 3816 2821 3873 Judicem
2850 3820 3044 3874 habeat
3072 3836 3344 3876 accusare.
3378 3822 3433 3876 In
3462 3823 3685 3878 Domino
3710 3821 3835 3878 Jesu

2285 3902 2571 3959 fortissima
2598 3922 2690 3977 spe
2719 3908 2941 3974 conﬁde,
2972 3912 3059 3977 qui
3091 3912 3155 3963 ad
3186 3926 3345 3965 unam
3371 3911 3721 3968 confessionis
3740 3927 3835 3982 vp-

2284 4008 2401 4048 cem
2439 3994 2629 4051 latroni
2654 3998 2957 4065 paradisum
2981 3990 3223 4067 promisit
3258 4017 3273 4053 :
3303 4007 3356 4054 et
3378 4002 3420 4054 si
3451 4002 3588 4055 illius
3609 4002 3839 4056 clemen-

2286 4082 2378 4146 tia,
2406 4097 2523 4151 quae
2546 4085 2784 4138 occidere
2810 4085 2944 4140 solet
2979 4094 3033 4141 et
3052 4087 3341 4151 viviﬁcare,
3385 4096 3436 4141 te
3464 4090 3517 4141 in
3553 4091 3835 4159 pristinum

2289 4170 2533 4225 sanitatis
2555 4171 2788 4226 ofﬁcium
2816 4186 3066 4228 revocare
3105 4175 3249 4240 velit,
3297 4176 3415 4230 talis
3438 4185 3553 4231 esto
3580 4178 3833 4241 moribus,

2291 4261 2462 4328 qualis
2506 4278 2646 4316 nunc
2686 4262 2981 4327 voluntate;
3028 4273 3082 4319 et
3133 4266 3252 4320 talis
3283 4275 3405 4319 tunc
3448 4282 3628 4335 opere,
3666 4267 3838 4336 qualis

653 4353 733 4407 ria
759 4349 1025 4423 fugienda,
1054 4348 1119 4403 de
1144 4348 1376 4401 vanitate
1396 4346 1552 4413 hujus
1579 4346 1753 4401 saeculi
1776 4361 1879 4400 non
1902 4348 2186 4415 sequenda.
2221 4318 2268 4378 θ
2293 4368 2434 4409 nunc
2461 4356 2800 4425 cogitatione,
2826 4364 2885 4409 ut
2924 4356 3016 4410 tibi
3044 4357 3095 4410 in
3130 4357 3351 4413 salutem
3375 4318 3628 4428 proﬁciat,
3646 4318 3837 4428 perpe-

654 4439 760 4495 Sed
784 4440 987 4495 discant
1003 4438 1056 4491 in
1073 4435 1445 4500 δάοιθδωηιίεο
1466 4443 1527 4490 ιιι
1540 4434 1785 4499 habeam,
1810 4437 1949 4504 ψιοά
1972 4438 2196 4491 doceam
2295 4454 2460 4510 tuam,
2489 4446 2597 4499 sive
2640 4446 2959 4501 inﬁrmitatis
2982 4448 3147 4511 labor,
3178 4449 3289 4502 sive
3328 4450 3569 4503 sanitatis
3593 4448 3834 4506 effectus.

658 4532 712 4586 in
761 4537 1052 4606 senectute.
1098 4527 1349 4582 Deferant
1402 4526 1544 4581 enim
1587 4526 1816 4580 honores
1863 4526 2196 4593 senioribus,
2296 4531 2468 4591 Habes
2487 4549 2591 4598 me,
2618 4543 2871 4603 quantum
2906 4536 3078 4609 vago,
3111 4536 3319 4593 ﬁdem
3344 4538 3455 4591 sive
3480 4538 3531 4589 ίιι
3572 4537 3673 4590 ue.-
3713 4537 3838 4590 illud

656 4624 834 4672 ament
870 4629 999 4669 vero
1040 4613 1397 4670 ecclesiastica
1437 4612 1634 4667 ofﬁcia.
1687 4613 1826 4683 Ergo
1869 4614 2101 4681 pra-vide
2140 4622 2202 4667 ut
2298 4623 2531 4677 ten-mile
2568 4623 2889 4690 adjuwvem;
2914 4626 3021 4680 sive
3054 4626 3108 4679 in
3145 4627 3260 4680 vim
3297 4626 3569 4696 ρηεεοηιλε
3596 4624 3842 4679 solanum

657 4708 794 4762 bona
822 4704 1036 4758 videant
1063 4702 1117 4755 in
1139 4709 1189 4755 te
1210 4702 1450 4771 exempla
1476 4717 1596 4757 cum
1618 4711 1917 4758 sanctorum
1952 4705 2203 4759 exhorta-
2294 4711 2713 4766 consiliatorem.

660 4800 800 4851 tione
822 4794 1120 4849 verborum.
1144 4791 1246 4845 Pro
1266 4791 1561 4860 huiusmodi
1589 4793 1839 4863 religione
1859 4801 1913 4847 et
1931 4793 2203 4848 devotione
2370 4797 2516 4863 Quod
2546 4816 2670 4854 vero
2707 4810 2793 4854 tua
2839 4803 3109 4872 inquisivit
3145 4805 3378 4859 charitas
3417 4806 3487 4869 de
3509 4790 3728 4859 duorum
3764 4801 3843 4853 di-

660 4886 751 4939 Dei
800 4882 1177 4954 omnipotentis
1227 4890 1279 4936 te
1318 4884 1485 4952 gratia
1522 4892 1876 4953 consequatur
1911 4882 2202 4948 etexaltet,
2303 4890 2495 4941 stantia
2528 4889 2783 4954 locorum,
2821 4891 2873 4944 id
2900 4898 3004 4953 est,
3034 4892 3143 4945 sive
3167 4894 3221 4945 in
3257 4894 3505 4947 canonica
3554 4891 3703 4953 sede,
3733 4889 3843 4942 sive

730 5004 757 5039 ι
784 4992 945 5074 soror
977 5011 1090 5047 mea
1134 4992 1311 5074 Gysla.
1344 4993 1462 5074 lict:
1495 4992 1753 5074 dimsit}.
1774 4994 2007 5074 intelligo
2031 4994 2206 5074 Caroli
2305 5001 2547 5074 Quondam
2572 5015 2775 5074 namque
2799 5015 2968 5074 meum
2984 5005 3246 5074 gaudebam
3269 5012 3318 5051 te
3344 5016 3451 5074 esse
3483 5002 3714 5061 sodalem,
3744 5010 3841 5049 etc.

666 5060 836 5131 Magni
854 5060 1209 5131 Asorore;inon
1241 5064 1306 5118 de
1338 5062 1484 5118 Gisia
1511 5061 1649 5116 illius
1683 5060 1809 5115 ﬁlia.
1843 5060 1968 5118 Vidi
1984 5073 2135 5119 notas
2155 5066 2207 5116 in
2308 5066 2347 5131 ρ

1776 5078 1809 5115 ι.
1843 5060 1968 5118 νίάῖ
1984 5073 2135 5119 notas
2155 5066 2207 5116 in
2308 5063 2441 5131 Quod
2466 5060 2877 5131 qugondatn‘do‘cuit
2900 5060 3094 5115 Albinus
3118 5068 3213 5114 rite
3232 5064 3457 5124 magister

667 5121 817 5199 cpia:
848 5129 945 5181 {26
975 5131 1041 5182 ad
1060 5121 1282 5186 cistam.
1792 5198 1809 5199 7
1892 5198 1913 5199 7
2114 5198 2137 5199 7
2308 5121 2411 5168 Hoc
2434 5129 2600 5199 pectus
2622 5128 2803 5181 teneat,
2832 5128 2929 5172 etc.

737 5197 1008 5270 [Constat
1026 5199 1185 5270 igitur
1205 5200 1479 5270 Aleuinum
1498 5199 1773 5270 scripsisse
1790 5198 1867 5259 De
1888 5198 2084 5270 Bened.
2098 5198 2209 5270 (Pa-
2329 5268 2339 5270 _
2376 5199 2405 5270 d_
2422 5198 2724 5270 Epictetum.
2741 5200 3809 5270 RespicitAiwinusqtmtimcmAdriani
3830 5216 3842 5249 :

673 5268 917 5337 triarglm;
950 5267 1046 5337 sed
1072 5268 1290 5337 epistola
1309 5310 1323 5331 ,
1345 5269 1493 5337 cuius
1516 5267 1621 5323 bic’
1634 5270 1893 5337 meminit,
1923 5267 2205 5337 intercidit.
2311 5268 2445 5333 Quid
2464 5267 2576 5337 ierit
2598 5268 2771 5337 nobis,
2802 5267 3101 5337 sicinctutn
3129 5267 3329 5328 solvas?
3355 5271 3448 5325 Cui
3476 5267 3739 5337 Epictetus
3762 5283 3844 5337 ree

705 5309 769 5381 ξἐῖ
778 5309 1601 5414 Sabmiani";'ibhﬂéii,"'7
1636 5309 2049 5406 ’ὦξὶἕὲῗὲοἰτῖιῖἷ
2062 5309 2213 5390 ἶὶνῖὲ
2312 5309 2522 5403 me;
2538 5309 2576 5387 ’ἶ
2595 5309 2845 5391 ξ’ἷέἶὸιῖ
2868 5309 3847 5395 ἔαῗἽῖἒὶἴᾹΓὲίηῖόπῖὲῗιἸἙῖιίἶιι

705 5405 943 5457 satiensis
970 5404 1267 5460 enisconus.
1311 5404 1514 5460 Rabani
1544 5338 1752 5460 muri.
1791 5407 1879 5460 ad.
1902 5415 2057 5460 autem
2100 5404 2213 5459 haec
2312 5353 2527 5460 Iussisti
2557 5414 2610 5458 et
2628 5352 2868 5460 Epicteti.
2892 5399 3221 5460 Bibliotheca
3245 5406 3439 5460 Graeca:
3465 5404 3691 5460 Fabricii
3713 5414 3845 5460 tum.

705 5352 761 5381 λδ
794 5352 1067 5388 δαιιιυοιιι.
1094 5352 1517 5401 ιιιιιιςιοι-ιιιεειε,
1592 5386 1599 5389 .
1656 5352 1839 5406 posxea
1870 5352 2040 5392 metus
2068 5352 2213 5390 wor—
2312 5354 2338 5391 s
2376 5352 2521 5403 onatt
2553 5355 2564 5387 :
2597 5352 2637 5389 ιιι
2674 5352 2829 5391 tstout
2868 5352 2965 5392 est.
3017 5352 3140 5392 Hoc
3177 5352 3579 5395 Alterosqu
3620 5352 3845 5391 summ

673 5404 943 5483 matiensis
970 5404 1267 5485 episcopus,
1311 5404 1514 5477 Rabani
1544 5352 1752 5471 Ἧίῐέιιιιί,
1791 5407 1879 5465 ad.
1902 5415 2057 5474 quem
2100 5404 2213 5459 haec
2312 5353 2527 5524 ,διῆρειὶ
2557 5414 2610 5458 et
2628 5352 2868 5525 ggicteti,
2892 5399 3221 5467 Bibliotheca
3245 5406 3439 5463 Gram:
3465 5404 3691 5461 Fabricii
3713 5414 3845 5464 tum.

673 5470 1025 5525 amstelod":
1046 5482 1216 5525 notuit
1235 5474 1331 5525 sub
1350 5471 1569 5525 Alauiuo
1591 5472 1995 5525 condiscinulus.
2018 5473 2095 5525 De
2109 5488 2214 5525 uno
2315 5471 2381 5525 Xl
2431 5512 2446 5525 .
2479 5488 2597 5525 naa.
2630 5473 2660 5525 5
2698 5474 2751 5525 0.
2779 5481 2834 5525 et
2860 5486 2979 5525 nae.
3010 5472 3111 5525 563
3137 5475 3277 5525 inter
3301 5482 3471 5525 notas.

673 5470 1025 5548 epistoi‘adsri
1046 5470 1216 5540 potuit
1235 5474 1338 5548 sub
1350 5471 1569 5548 Aletrino
1591 5470 1995 5544 condiscipulus.
2018 5473 2095 5530 De
2109 5488 2214 5543 quo
2315 5470 2597 5548 Xlildzag.
2630 5470 2751 5533 560,
2775 5481 2834 5548 et
2860 5486 2979 5548 pag.
3010 5472 3111 5527 563
3137 5475 3277 5545 inter
3301 5482 3471 5528 notas.

678 5490 699 5548 te
756 5486 1025 5525 stctausn
1046 5486 1216 5540 potuit
1235 5486 1331 5526 sun
1350 5486 1569 5537 Memno
1591 5486 1995 5544 conotsmputus
2023 5486 2095 5530 De
2109 5488 2214 5543 quo
2317 5486 2446 5534 Mil.
2514 5489 2545 5526 ει
2586 5513 2597 5525 ι
2630 5486 2751 5533 δδυν
2779 5486 2834 5525 ει
2860 5486 2925 5539 Da
2969 5510 2979 5522 ο

678 5486 813 5592 imm
841 5534 1093 5595 Rabouus
1118 5554 1282 5601 carm.
1308 5539 1381 5594 Si
1403 5562 1427 5597 .·
2392 5554 2411 5579 ε
2452 5488 2678 5615 θοίειι.
2704 5540 2858 5608 epist.
2877 5487 2997 5595 ﬁgi.
