4258 6198
360 228 449 282 ιιςι

357 438 599 500 spectare
643 430 997 500 spiraculum?
1024 430 1216 499 ubique
1257 430 1397 483 Deus
1422 435 1523 491 est,
1555 424 1648 494 qui
1689 423 1905 477 merito-

357 536 473 575 rum
502 522 693 591 magis,
719 535 877 591 quam
901 520 1133 574 locorum
1164 518 1465 574 considerat
1488 515 1825 587 qualitatem;
1852 521 1907 566 et

356 610 402 666 si
428 610 528 664 sub
552 610 729 664 orario
746 609 866 679 plus
890 608 1163 673 laborasti,
1193 623 1351 679 quam
1378 608 1478 662 sub
1497 605 1681 661 cucula
1703 606 1755 658 in
1793 619 1910 659 sen-

357 700 485 754 vitio
519 698 635 763 Dei,
664 696 787 768 quid
810 712 984 752 causa;
1003 706 1104 761 est,
1135 697 1188 750 in
1213 696 1437 751 articulo
1462 694 1649 748 mortis
1669 693 1742 747 tui
1764 691 1908 746 labo-

357 790 432 843 ris
460 790 692 859 insignes
718 787 851 859 [loco
878 786 1122 858 insignia]
1153 784 1400 854 abjicere,
1427 795 1479 839 et
1519 784 1737 838 alterius
1763 796 1907 852 quas-

357 894 475 934 rere
506 879 794 947 judicium?
818 878 929 931 Nisi
971 878 1105 931 forte
1131 877 1230 931 sub
1250 876 1456 941 cucula,
1480 874 1569 945 [si]
1593 874 1701 927 Deo
1745 874 1906 927 mise-

358 976 509 1027 rante
534 968 603 1023 ab
620 968 721 1021 bac
746 967 1089 1022 convalescas
1112 966 1441 1029 inﬁrmitate,
1472 963 1702 1018 militare
1729 962 1907 1031 dispo-

357 1063 440 1115 nis
471 1076 485 1113 :
518 1070 692 1115 tamen
724 1061 976 1128 quamdiu
1003 1061 1171 1122 vivas,
1205 1059 1257 1111 in
1286 1056 1539 1126 majorem
1578 1066 1776 1112 sancte
1814 1054 1907 1108 Dei

359 1150 606 1204 Ecdesiaa
635 1148 929 1219 profectum
959 1158 1061 1202 tua:
1085 1148 1419 1218 cogitationis
1462 1146 1630 1216 dirige
1669 1144 1907 1197 volunta-

358 1251 461 1295 tem
490 1261 503 1295 :
532 1244 831 1297 orationum
873 1242 1034 1312 igitur
1053 1254 1213 1294 causa
1240 1247 1293 1292 et
1316 1236 1426 1309 [ob]
1451 1234 1697 1290 fraternae
1745 1234 1908 1288 inter-

356 1332 610 1385 cessionis
647 1329 892 1389 solatium
936 1342 1056 1382 cum
1098 1327 1374 1381 monachis
1421 1324 1660 1394 corporis
1698 1323 1908 1391 requies

356 1420 585 1497 optanda
616 1432 735 1473 esse
763 1418 993 1474 videtur.

426 1510 481 1564 Si
519 1510 645 1579 quid
669 1523 947 1579 perperam
988 1508 1118 1570 dixi,
1150 1520 1255 1560 non
1292 1504 1432 1558 mala
1476 1501 1765 1563 voluntate,
1814 1501 1907 1554 sed

357 1600 617 1668 imperitia
663 1613 749 1652 me
796 1596 1070 1650 arbitreris
1119 1595 1261 1662 loqui
1293 1608 1307 1646 :
1337 1602 1391 1646 tu
1428 1607 1555 1646 vero
1580 1590 1906 1645 consiliarios

356 1699 550 1751 tecum,
587 1689 718 1752 scio,
753 1689 866 1757 pios
894 1694 947 1740 et
982 1676 1271 1755 prudentes
1311 1682 1494 1745 habes,
1526 1695 1749 1749 quorum
1779 1694 1905 1733 cou-
1937 1663 1977 1721 θ

356 1778 471 1833 silio
502 1776 567 1829 ad
602 1774 826 1829 salutem
852 1776 1041 1828 animm
1068 1781 1169 1825 tua:
1195 1770 1270 1824 uti
1315 1778 1487 1823 ratum
1526 1783 1647 1822 esse
1668 1768 1902 1829 videtur;

356 1882 475 1920 mea
500 1879 624 1918 vero
647 1864 880 1934 parvitas
916 1876 1185 1931 nunquam
1207 1874 1237 1912 a
1268 1868 1446 1913 vestra
1489 1857 1689 1912 recedit
1731 1857 1908 1909 chari-

358 1964 484 2017 tate,
510 1962 565 2007 et
586 1955 652 2017 si,
695 1962 753 2005 ut
774 1953 945 2013 decet,
980 1950 1267 2019 intelligere
1316 1956 1561 2016 nequeat,
1610 1954 1808 2010 tamen,
1852 1955 1909 2001 ut

356 2046 533 2107 debet,
570 2043 873 2096 desiderare
918 2056 1020 2094 non
1058 2046 1248 2093 cessat.
1301 2037 1444 2107 [iugo
1478 2044 1533 2089 ut
1558 2036 1807 2104 quidqui]
1842 2035 1907 2088 de

359 2144 445 2189 tua
470 2134 677 2187 eveniat
702 2133 829 2193 vita,
869 2130 1024 2183 citius
1046 2143 1129 2181 me
1154 2140 1471 2196 cognoscere
1500 2124 1684 2186 facias,
1716 2132 1773 2176 ut
1798 2124 1907 2177 sive

357 2224 634 2277 abeuntem
680 2220 989 2289 lacrymosis
1024 2231 1317 2286 prosequar
1366 2214 1830 2269 intercessionibus
1856 2224 1901 2264 ι.

357 2311 464 2367 Deo
494 2312 777 2363 miserante
810 2308 921 2360 dies
949 2314 1175 2360 aeternos
1216 2304 1297 2358 vel
1350 2301 1664 2372 temporales
1708 2301 1912 2354 habeas

359 2417 566 2471 semper
593 2400 769 2455 felices
792 2401 843 2453 in
874 2399 1105 2453 Christo.

763 2510 791 2550 δ
814 2506 1141 2566 EPISTOLA
1176 2503 1499 2561 CLXXXIX.

936 2632 1001 2669 Αι)
1039 2628 1325 2669 Ακτοιςιωι.

360 2729 698 2799 Conqueritur
730 2727 793 2780 de
829 2727 910 2780 sui
944 2724 1220 2799 obliuione,
1244 2721 1534 2799 spectacula
1567 2722 1821 2792 reprobat,
1858 2732 1905 2775 et

616 2797 843 2854 Homero
871 2812 924 2849 se
948 2795 1010 2849 de
1037 2796 1098 2847 iis
1121 2794 1381 2863 scripsisse
1404 2793 1547 2856 dicit,
1577 2799 1679 2845 etc.

428 2920 449 2947 τ
480 2908 706 2962 Antonio
729 2905 946 2960 Albinus
967 2904 1225 2959 salutem.

428 2996 596 3065 Quam
620 2996 774 3067 plana
814 2995 897 3048 via
927 2993 1112 3047 fuisset
1132 3008 1225 3063 per
1248 2992 1273 3032 δ
1304 2991 1489 3045 bellica
1529 3007 1653 3044 rura
1691 2990 1753 3042 ad
1784 3006 1902 3043 eur-
1933 2998 1977 3060 ε

360 3089 579 3143 rendum
624 3087 706 3141 vel
746 3087 811 3141 ad
846 3084 1125 3139 velandum
1167 3083 1442 3137 charitatis
1470 3081 1687 3151 pennis!
1724 3080 1906 3133 Timeo

359 3193 426 3233 ne
450 3177 583 3232 forte
609 3174 787 3230 fracta:
809 3174 914 3229 sint
944 3172 1058 3235 alai,
1092 3186 1207 3254 qua:
1232 3187 1295 3225 ex
1320 3172 1419 3234 eis,
1450 3178 1509 3223 ut
1534 3168 1669 3233 alim,
1701 3168 1905 3239 potuis-

358 3278 477 3325 sent
517 3267 697 3323 inseri.
739 3266 861 3321 ldeo
910 3264 1064 3317 nidus
1092 3264 1342 3338 paternus
1378 3276 1479 3315 non
1518 3261 1782 3322 visitatur,
1810 3270 1941 3312 nec

360 3358 545 3413 saltem
571 3355 809 3411 columba
836 3353 1153 3433 pedibus,ut
1172 3351 1437 3421 quondam
1462 3350 1512 3403 in
1534 3348 1738 3407 Gracia
1768 3348 1909 3419 lega-

360 3448 451 3509 tis,
499 3444 650 3498 δεῖθιί
694 3441 972 3496 litterulas.
1020 3440 1155 3506 Quid
1200 3440 1265 3493 ad
1312 3440 1423 3493 inec
1474 3439 1552 3492 sic
1593 3439 1765 3492 iturus
1809 3436 1909 3490 0r-

361 3533 561 3604 pheus?

600 3641 881 3702 Orpheus...
908 3641 1034 3702 inter
1053 3637 1303 3702 deljhinas
1331 3635 1489 3702 Criont
1573 3690 1580 3697 ε

602 3695 821 3751 Vertitur
846 3700 1045 3749 mnofori
1070 3695 1259 3759 fundus,
1282 3699 1521 3745 sententia
1545 3695 1695 3754 ubbis,

414 3794 592 3872 {206
615 3800 722 3869 Ego
760 3800 902 3861 ludo,
931 3813 1027 3868 ego
1057 3798 1194 3852 serie
1225 3795 1427 3867 [Forte,
1455 3795 1617 3866 serio]
1645 3795 1910 3849 dormien-

364 3903 470 3948 tem
495 3891 685 3961 saepius
724 3890 979 3943 suscitare
1022 3888 1189 3940 nisus.
1219 3885 1321 3938 Sed
1349 3900 1445 3939 nee
1468 3893 1719 3939 cantante
1747 3885 1909 3939 salta.-

363 3992 477 4036 tum
503 3989 607 4045 est,
635 3994 731 4033 nec
752 3978 1028 4048 plangente
1054 3974 1419 4027 lamentatum.

548 4089 715 4139 Omnia
738 4089 811 4137 rei
838 4089 1047 4136 medium
1072 4085 1182 4135 (iant
1207 4097 1359 4144 mare,
1385 4084 1531 4133 vivite
1556 4084 1707 4140 silva,

367 4192 507 4247 Dixit
532 4207 714 4246 amans
741 4190 1009 4261 Spernenti
1036 4204 1114 4243 sc.
1143 4188 1284 4243 idem
1310 4187 1363 4241 in
1388 4187 1572 4241 eodem
1601 4186 1760 4243 Poeta
1788 4204 1799 4214 ·

435 4357 459 4386 ι
486 4344 581 4399 ilic
615 4343 809 4413 aliquid
830 4341 1258 4413 deessevidetur.
1305 4406 1341 4413 η
1451 4408 1465 4413 _
1494 4407 1533 4413 _
1597 4406 1613 4413 _
1824 4399 1839 4413 _.

373 4414 471 4536 ul;
493 4414 629 4536 fidit.
661 4406 906 4477 Qitercet.
941 4411 1037 4463 1οῖ
1067 4424 1132 4463 ex
1160 4425 1259 4462 ms.
1298 4406 1467 4478 (Apud
1494 4406 1721 4463 Froben.
1753 4410 1910 4479 epist.

438 4482 718 4605 etantanto
765 4548 877 4603 Hoc
906 4548 1115 4602 nomine
1150 4547 1373 4600 ascititio
1406 4546 1631 4615 appellat
1656 4546 1914 4602 Adalliar-

368 4621 490 4677 dum
542 4620 784 4674 abbatem
831 4618 1225 4679 Corbeiensem,
1283 4626 1340 4669 ut
1389 4616 1668 4670 Pascasius
1714 4616 1764 4670 in
1797 4619 1912 4672 Vita

368 4691 650 4744 Adalhardi
703 4703 845 4743 num.
876 4688 937 4741 21
984 4696 1205 4741 testatur
1245 4686 1329 4740 his
1372 4687 1590 4741 verbis:
1630 4704 1647 4736 ι
1691 4686 1769 4741 0b
1814 4688 1914 4741 hoc

370 4768 542 4812 autem
569 4756 899 4825 Adalhardus
927 4754 993 4807 ab
1023 4754 1304 4825 aliquibus,
1335 4763 1391 4807 ut
1416 4754 1649 4825 epistolae
1680 4758 1912 4825 magistri

370 4827 537 4881 Albini
590 4824 795 4887 ierunt,
849 4823 1115 4875 Antonius
1156 4824 1461 4875 vocabatur.
1499 4843 1515 4873 ι
1550 4823 1743 4877 Mabili.
1769 4823 1910 4879 Ἀρι.

374 4894 551 4951 Sanct.
580 4909 699 4948 smc.
732 4909 781 4945 tv
808 4891 1025 4952 Bened.,
1056 4900 1191 4960 part.
1224 4906 1263 4953 ι,
1294 4906 1410 4960 pag.
1443 4892 1562 4945 516.

438 4963 463 5002 ά
497 4963 598 5018 Per
620 4961 823 5031 Belgica
850 4976 989 5013 rura.
1020 4960 1094 5012 ita
1112 4959 1395 5031 legendum
1418 4968 1542 5031 puto
1569 4959 1685 5031 loco
1714 4961 1910 5031 (iciticit.

373 5028 611 5109 _en_lm
871 5038 1067 5109 fretus;
1109 5028 1576 5109 ibi_pa_trimonium
1605 5029 1910 5087 Adalbardi.

377 5099 508 5153 Mab.
542 5098 575 5151 l.
608 5100 697 5153 cit.
723 5096 839 5153 Act.
871 5097 995 5159 $3.,
1026 5112 1143 5165 pag.
1174 5096 1297 5159 307,
1326 5113 1379 5150 n.
1409 5096 1461 5151 3.

442 5166 770 5245 τιέφηςηέι-
813 5165 1168 5245 Willetius.
1221 5178 1445 5245 «eorum
1465 5165 1823 5245 .Adalhatdus.
1862 5174 1913 5226 in

378 5234 721 5311 aulaflppini
750 5232 1083 5311 regithalia:
1107 5232 1434 5311 versabatur.
1465 5232 1616 5294 lianc
1639 5240 1912 5307 epistolam

379 5252 493 5301 ama
520 5252 612 5311 Ylp
652 5252 721 5291 li'll
750 5252 885 5304 H3ng
927 5252 1083 5289 uana:
1107 5252 1434 5287 versabatur.
1466 5252 1616 5294 uane
1639 5252 1912 5307 eptstoium

379 5252 704 5428 Habilionius
729 5316 865 5365 anno
886 5302 978 5356 79l
1006 5310 1247 5363 recenset
1269 5310 1322 5353 et
1357 5300 1624 5367 observat,
1651 5321 1768 5374 quae
1792 5318 1914 5363 tum:

379 5374 581 5428 ciorum
656 5372 891 5428 ominum
933 5382 1081 5427 mens
1122 5369 1282 5428 merit
1306 5368 1369 5422 de
1402 5370 1674 5428 theatricis
1704 5386 1911 5428 snecta-

377 5374 581 5449 piorum
619 5368 891 5449 hominum
910 5382 1081 5449 ‘mens
1119 5369 1282 5449 lberi}
1306 5368 1375 5449 de
1402 5368 1686 5449 theatricis'
1698 5386 1911 5449 specta-

378 5436 675 5509 gcniis,qu:e
701 5449 773 5509 ne
802 5440 1020 5509 quidem
1040 5436 1090 5495 in
1119 5437 1561 5509 b9mine__0u_riali,
1591 5436 1760 5509 qualis
1791 5451 1915 5501 tunc

385 5479 1912 5586 ﬁéﬂiiqiwmiéiiif‘igﬁfi’i’iiugialar?Li'iéui‘ﬁiﬁ

382 5574 624 5644 potuerit.
656 5574 841 5629 Annal.
872 5574 1064 5627 Bcnod.
1097 5575 1182 5627 lib.
1216 5588 1358 5636 sxw,
1389 5589 1531 5630 num.
1566 5578 1647 5630 13.

1747 220 2111 278 ΕΗΞΤΟΗΕ.

358 342 413 396 in
456 341 761 396 monachica
791 343 1070 396 sanctitate
1104 340 1291 396 melius
1319 346 1461 394 essu
1488 335 1652 391 ultimi
1682 335 1785 388 dici
1812 348 1903 386 οι·
1931 336 1980 393 Α

3446 215 3551 273 £62

2192 327 2415 380 invenies
2438 300 2603 391 alium,
2628 330 2668 377 si
2696 334 2743 379 te
2771 330 2845 378 hic
2864 328 3038 379 fastidit
3057 328 3240 378 Alexis.

2072 452 2257 508 Putavi
2298 468 2384 509 me
2412 453 2591 509 venire
2634 455 2698 508 ad
2744 464 2813 519 te,
2859 463 2912 508 et
2950 456 3117 509 unica:
3142 452 3279 526 [uni]
3307 452 3556 508 aurieuim

2003 544 2186 596 suavia
2231 557 2536 607 susurrare,
2561 554 2613 598 et
2636 543 2787 597 alteri
2815 544 2945 596 dura
2972 544 3287 605 decantare;
3316 542 3407 597 sed
3436 558 3557 612 pro-

2004 634 2175 691 hibuit
2200 650 2284 688 me
2315 633 2584 688 Romanus
2611 648 2790 688 comes
2825 634 3032 705 ingrato
3054 643 3310 703 tempore.
3336 630 3392 687 Si
3417 633 3557 688 illius

2003 723 2234 792 insurgat
2291 733 2470 776 contra
2522 740 2601 777 me
2645 723 2910 793 pra'lium,
2958 724 3010 776 in
3056 725 3152 776 ltoc
3205 739 3296 793 ego
3344 724 3556 793 sperabo

2004 810 2172 882 (Psal.
2202 827 2344 875 nm,
2371 812 2457 879 5);
2502 813 2624 880 quia
2660 812 2819 866 virtus
2859 828 2923 865 ex
2967 810 3269 879 infirmitate
3292 810 3561 880 perﬁcitur

2006 900 2088 972 (ll
2113 900 2231 954 Cor.
2262 916 2358 963 xu,
2383 900 2458 972 9).

2074 1008 2293 1073 Vereor,
2335 1026 2399 1065 ne
2438 1022 2459 1049 ε
2487 1010 2745 1065 llomcrus
2788 1012 3048 1065 irascatur
3093 1019 3274 1065 contra
3316 1011 3553 1065 chartam

2004 1098 2369 1168 prohibentem
2414 1101 2713 1170 spectacula
2762 1110 2815 1153 et
2839 1100 3096 1155 diabolica
3143 1102 3408 1170 ligmenta,
3440 1116 3552 1169 qua:

2003 1205 2189 1245 omnes
2204 1201 2400 1246 sancte
2421 1191 2705 1263 Scripturre
2727 1193 3023 1262 prohibent,
3038 1196 3089 1246 in
3118 1201 3319 1246 tantum
3339 1201 3396 1245 ut
3419 1192 3557 1262 lege-

2004 1279 2123 1335 bam
2149 1292 2389 1337 sanctum
2412 1284 2589 1337 dicere
2605 1283 2954 1352 Augustinum
2974 1299 2988 1337 :
3010 1303 3027 1334 ι
3048 1283 3235 1338 Nescio
3263 1286 3442 1348 homo,
3465 1285 3554 1353 qui

2004 1371 2288 1426 histriones
2306 1381 2361 1426 et
2382 1374 2571 1427 mimos
2590 1382 2643 1427 et
2664 1374 2947 1429 saltatores
2973 1375 3251 1428 i'ztroducil
3272 1376 3321 1427 in
3344 1376 3556 1430 domum

2004 1475 2174 1524 suam,
2202 1476 2360 1530 quam
2389 1477 2579 1531 magna
2611 1477 2701 1515 eos
2728 1463 3115 1516 immundorum
3142 1466 3379 1532 sequitur
3404 1464 3555 1519 turba

2003 1550 2300 1618 spirituum.
2317 1572 2333 1602 ι
2354 1552 2456 1605 Sed
2480 1552 2637 1616 absit,
2658 1554 2785 1606 utin
2814 1554 2969 1608 deuio
2987 1553 3287 1609 Christiana
3317 1556 3557 1612 diabolus

2005 1638 2199 1694 habeat
2230 1650 2562 1711 potestatem.

2074 1734 2208 1789 Olim
2240 1733 2328 1786 tibi
2354 1734 2419 1786 de
2446 1732 2528 1785 his
2557 1733 2763 1801 scripsi,
2796 1742 2985 1801 optans
3012 1734 3233 1787 salutem
3260 1734 3555 1787 cliarissimi

2006 1823 2097 1877 lilii
2120 1832 2229 1877 toto
2258 1822 2432 1875 cordis
2463 1820 2679 1884 allecto;
2714 1822 2891 1873 volens
2929 1837 3024 1890 per
3053 1832 3100 1876 te
3136 1824 3267 1887 Iicri,
3296 1825 3433 1891 quod
3464 1841 3558 1892 per

2006 1927 2091 1966 me
2118 1926 2220 1964 non
2258 1924 2415 1981 posse
2465 1908 2579 1963 ﬁeri
2626 1912 2831 1981 agnovi.
2871 1910 3012 1965 Tuus
3061 1925 3197 1966 vero
3230 1914 3455 1977 animus,
3485 1917 3555 1967 ﬁli

2006 2000 2337 2063 charissime,
2377 1999 2700 2069 congaudent
2745 2000 2795 2053 in
2842 2000 3056 2054 servitio
3101 2001 3192 2055 Dei
3226 2003 3356 2056 etin
3387 2004 3557 2057 salute

2006 2092 2261 2153 fraterna,
2288 2100 2348 2144 ut
2375 2091 2466 2144 tibi
2507 2105 2569 2143 ex
2612 2088 2849 2158 profectu
2882 2091 3104 2144 aliorum
3133 2106 3337 2147 merces
3371 2107 3555 2148 accre-

2006 2190 2119 2235 scat
2147 2181 2474 2234 meritorum.
2521 2179 2641 2232 ideo
2690 2180 2879 2248 smpius
2922 2180 3215 2234 desideravi
3253 2183 3557 2237 exhortato—

2007 2274 2115 2325 rias
2140 2272 2435 2326 dilectionis
2462 2280 2653 2325 vestrae
2681 2262 2904 2325 litteras.
2932 2270 3034 2326 Sed
3062 2274 3237 2327 nescio
3260 2289 3375 2341 quin
3394 2290 3553 2329 causa

2005 2362 2085 2415 vel
2114 2377 2199 2415 me
2234 2361 2407 2433 rapuit
2436 2376 2500 2415 ex
2532 2370 2708 2414 mente
2750 2370 2858 2425 tua,
2902 2361 2983 2415 vel
3018 2371 3068 2416 te
3096 2363 3161 2415 ab
3189 2363 3555 2418 exhortatione

2006 2471 2219 2509 cessare
2244 2454 2513 2524 compulit.
2540 2455 2731 2507 Beatus
2752 2455 2841 2523 qui
2866 2454 3090 2523 loquitur
3116 2454 3165 2507 in
3188 2470 3315 2510 aure.
3339 2458 3556 2509 audient.-

2008 2548 2092 2600 tis.
2124 2546 2335 2602 Utinam
2363 2560 2547 2601 omnes
2592 2546 2679 2599 tali
2726 2555 2777 2599 te
2820 2546 3083 2601 desiderio
3116 2545 3377 2609 audirent,
3421 2548 3555 2602 sicut

1918 2674 1931 2689 ν
2004 2653 2101 2707 ego
2122 2638 2401 2691 unanimus
2428 2638 2573 2691 tuus!
2602 2638 2695 2690 Vel
2718 2638 3005 2707 castigatus
3029 2638 3219 2701 scribe,
3245 2647 3304 2692 ut
3320 2639 3552 2692 vindices

2006 2735 2077 2789 te,
2108 2726 2230 2795 quia
2264 2732 2475 2794 rogatus
2520 2724 2751 2788 noluisti,
2790 2733 2847 2779 ut
2874 2724 3196 2782 confortarcs
3241 2741 3342 2779 me.
3372 2726 3553 2781 Valete

2005 2816 2055 2868 in
2082 2828 2211 2887 pace
2244 2821 2510 2888 perpetua:
2536 2812 2895 2877 beatitudinis,
2925 2812 2993 2866 illi
3024 2813 3354 2869 charissime.

2495 2940 2513 2978 ί
2553 2939 2875 3000 EPISTOLA
2915 2939 3064 2995 C.\'C.

2586 3068 2652 3106 AD
2691 3067 2975 3106 ΑΝΪΟΝΗΆῙ.

2012 3166 2232 3218 Nuntiat
2257 3165 2440 3230 fratres
2461 3162 2644 3215 insula!
2669 3159 2946 3231 Lirinensis
2971 3162 3248 3221 advenisse,
3273 3174 3319 3215 et
3343 3164 3552 3231 [mtrem

2148 3229 2434 3287 Ada’lhardi
2460 3242 2689 3284 vocatum
2721 3230 2784 3281 ad
2809 3229 3057 3298 palatium
3088 3233 3245 3298 fuisse
3263 3272 3275 3288 .
3305 3229 3406 3286 etc.

2038 3408 2041 3409 ν
2077 3368 2203 3431 pio,
2232 3367 2476 3437 prudenti
2518 3376 2671 3432 atque
2701 3363 2943 3433 religioso
2965 3363 3072 3435 tilio
3100 3366 3123 3402 ⁸
3143 3367 3373 3420 Antonio
3406 3366 3555 3433 Alli-

2009 3475 2108 3513 nus
2128 3458 2522 3512 matricularius
2550 3456 2793 3509 salutem.

2073 3568 2298 3634 Quidam
2340 3567 2654 3637 pnedicator
2687 3565 2835 3635 juxta
2879 3566 3167 3636 apostolum
3220 3568 3550 3637 importunus

2008 3662 2162 3714 debet
2207 3674 2352 3723 esse;
2386 3660 2463 3712 sic
2505 3661 2663 3711 etiam
2710 3660 2948 3727 quzedam
2984 3658 3213 3713 Charitas
3253 3661 3552 3728 importuna

2008 3764 2063 3802 se
2095 3749 2311 3803 minime
2344 3756 2494 3817 grato
2525 3746 2716 3816 ingerit
2744 3746 2968 3800 auditori
3001 3762 3013 3799 :
3052 3763 3146 3801 nec
3177 3759 3350 3817 spreta
3374 3759 3551 3803 tacere

2008 3841 2304 3908 novit,qu:e
2320 3839 2478 3893 etiam
2507 3853 2600 3892 nec
2622 3836 2921 3892 [luminibus
2945 3838 3098 3891 obrui
3125 3838 3283 3903 valet,
3310 3856 3406 3895 nec
3422 3850 3550 3895 tem-

2007 3928 2297 3995 pestatibus
2319 3928 2601 3997 exstingui,
2630 3942 2695 3979 ne
2711 3927 2870 3980 semel
2900 3942 3119 3981 accensa
3147 3927 3319 3981 subito
3345 3931 3546 3988 exstin-

2009 4025 2217 4086 guatur.
2254 4014 2419 4087 [limo]
2457 4030 2613 4069 causa
2642 4015 2741 4069 fuit
2765 4014 2919 4082 hujus
2948 4017 3217 4080 chartulae,
3242 4033 3397 4086 quam
3424 4020 3547 4073 sub-

2010 4114 2221 4160 nectere
2250 4103 2483 4157 calamus
2513 4119 2657 4157 ηιριις
2685 4105 2907 4157 Ωιιιλαγὶι.

2076 4198 2237 4269 igitur
2274 4195 2464 4250 fratres
2502 4195 2827 4251 venerabiles
2860 4204 2913 4249 et
2955 4196 3180 4265 religiosi
3205 4197 3271 4254 de
3298 4200 3323 4238 ιι
3369 4215 3548 4255 mona-

1937 4330 1990 4389 D
2087 4349 2105 4386 ί
2131 4348 2359 4402 Froben.
2385 4349 2538 4402 enisi.
2567 4349 2687 4401 212.

2087 4365 2099 4386 ι
2132 4365 2359 4402 rronen.
2385 4365 2412 4402 e
2454 4365 2538 4401 ISI.
2567 4365 2687 4401 ιιι.

2086 4420 2109 4456 ι
2134 4418 2371 4487 Antonio.
2401 4365 2497 4481 διιὶ
2516 4434 2641 4471 vero
2662 4420 2869 4472 nomine
2891 4420 3181 4487 appellatur
3201 4421 3550 4485 Adalhardus,

2086 4436 2109 4456 ο
2134 4436 2371 4471 amomo.
2401 4436 2497 4481 unt
2516 4436 2641 4471 vero
2662 4436 2869 4472 nomine
2891 4436 2916 4472 a
2958 4436 3181 4487 pellatur
3201 4436 3550 4485 aestuamus,

2012 4485 2547 4556 abhasCorreiensis,
2569 4488 2727 4555 cujus.
2742 4436 3345 4556 pater‘giit'liernardus,
3378 4492 3552 4547 Caroli

2015 4555 2234 4627 Martelli
2264 4554 2436 4627 filius,
2478 4554 2679 4625 Pippini
2726 4554 3100 4627 regisii‘rater,
3131 4569 3351 4627 patruus
3378 4560 3551 4616 Caroli

2016 4625 2218 4693 Magni,
2256 4624 2449 4679 fratres
2486 4624 2616 4678 duos
2656 4627 2837 4679 habuit
2882 4626 3084 4679 Walam
3126 4624 3176 4679 et
3208 4629 3548 4692 Bernarium;

2013 4694 2249 4762 duasque
2292 4710 2504 4766 sorores
2525 4695 2874 4766 _Gundradam
2912 4706 2987 4766 et,
3014 4696 3371 4749 Theodradam
3397 4738 3410 4757 ,
3461 4703 3550 4766 qui

2014 4779 2197 4818 omnes
2226 4780 2252 4814 a
2280 4764 2469 4817 Carolo
2492 4764 2677 4832 Magno
2700 4801 2715 4825 ,
2751 4779 2956 4817 summo
2978 4765 3095 4818 loco
3115 4780 3323 4832 semper
3348 4764 3509 4820 habiti
3535 4786 3548 4829 ;

2049 4842 2133 4885 ost
2154 4832 2292 4885 illius
2318 4846 2441 4901 vero
2463 4834 2663 4885 obitum
2702 4847 2884 4885 omnes
2908 4842 3098 4901 praeter
3122 4834 3485 4888 Theodradam
3521 4854 3550 4891 a

2058 4901 2276 4979 ndovico
2316 4900 2437 4968 imp.
2471 4914 2607 4953 anno
2651 4901 2751 4981 8i}
2783 4900 3547 4981 inae-xsiliumpulsiiuerunt;

2015 4968 2160 5035 cujus
2184 4969 2255 5021 rei
2284 4984 2493 5022 causam
2522 4984 2624 5023 non
2652 4969 2807 5024 aliam
2830 4970 2989 5025 fuisse
3012 4968 3546 5038 creditMahillonius,

2014 5052 2174 5110 quam
2214 5038 2334 5110 quia
2366 5039 2605 5110 homines
2628 5040 2857 5110 potentia
2902 5040 3193 5110 etingenio
3220 5044 3423 5110 praediti
3462 5060 3549 5098 suo

2015 5107 2178 5177 specii
2228 5105 2375 5164 fuere
2419 5105 2719 5177 Ludovico,
2768 5109 2855 5177 pio
2896 5105 3105 5177 quidem
3143 5105 3410 5177 Augusto,
3458 5114 3550 5173 sed

2015 5175 2303 5245 suspicioso
2327 5182 2379 5245 et
2394 5175 2725 5245 metientem.
2750 5175 2975 5229 Consule
3004 5177 3174 5233 Vitam
3200 5175 3364 5233 sancti
3386 5180 3547 5233 Adal-

2012 5241 2163 5299 liardi
2183 5244 2299 5303 Act.
2330 5242 2429 5297 SS.
2459 5241 2584 5297 0rd.
2616 5243 2672 5297 S.
2702 5246 2825 5299 Ben.
2846 5260 2967 5299 saec.
2994 5254 3232 5316 impart.
3260 5262 3300 5311 ι,
3323 5263 3423 5319 pag
3446 5247 3548 5305 306

2014 5322 2066 5367 et
2084 5327 2229 5379 seqq.

2081 5378 2210 5453 alia
2252 5380 2558 5453 monasterio
2596 5378 2832 5453 Ili/frium
2858 5382 3057 5437 insula.
3087 5383 3383 5453 Legendum
3431 5387 3549 5443 loco

2016 5449 2255 5524 Hilirina
2278 5489 2295 5524 ,_
2324 5447 2638 5524 [iuvenescit
2670 5449 2959 5524 Lirinensis
2998 5447 3209 5524 insuli.
3249 5464 3306 5511 ut
3344 5456 3544 5524 patebit

2011 5518 2329 5641 ἓέωὲιὲὶειοια
2372 5516 2437 5569 ad
2472 5514 2797 5573 iliiiirienses
2837 5520 3021 5577 fratres
3063 5522 3215 5593 paulo
3252 5514 3369 5595 post
3394 5514 3545 5584 exiti?

2046 5602 2199 5642 enea.
