4272 6270
391 481 494 535 465

390 683 466 737 ris
492 682 699 736 domus.
740 678 844 731 Aut
871 691 969 746 ego
996 675 1217 729 forsitan
1249 681 1397 727 tanto
1439 672 1684 742 indignus
1719 667 1793 722 fui
1835 683 1958 722 con-

391 775 640 838 aolatore,
669 781 762 826 aut
786 772 956 841 magis
984 786 1130 839 spem
1157 768 1311 838 posui
1344 768 1396 821 in
1419 766 1633 820 homine
1663 779 1823 833 quam
1850 763 1958 815 Deo

394 862 682 934 placuisset
709 876 723 914 :
751 869 928 914 tamen
957 858 1119 913 nolim
1150 866 1296 911 tuam
1335 856 1633 910 bonitatem
1664 854 1729 908 de
1763 851 1884 906 aliis
1905 850 1958 905 id

395 952 584 1021 egisse,
626 951 720 1005 sed
753 950 1001 1005 omnibus
1043 948 1223 1003 omnia
1264 945 1456 1008 factus,
1499 953 1557 998 ut
1606 959 1672 998 ex
1710 942 1960 997 omnibus

397 1042 695 1098 mercedem
717 1041 979 1097 merearis
1000 1040 1201 1094 habere
1229 1037 1368 1109 apud
1392 1036 1582 1090 Deum.
1608 1033 1875 1096 Christus,
1902 1040 1963 1084 nt

398 1133 452 1188 in
473 1131 715 1187 historiis
739 1131 950 1201 legitur,
974 1129 1221 1198 Abagaro
1246 1126 1355 1196 regi
1382 1138 1588 1195 pagano
1617 1121 1832 1192 scripsit
1855 1119 1962 1188 epi-

397 1221 590 1276 stolam
620 1240 633 1274 :
662 1230 754 1275 aut
779 1220 967 1274 beatus
989 1218 1184 1272 Paulus
1205 1217 1342 1271 inter
1365 1231 1458 1270 eos
1476 1230 1581 1268 non
1606 1212 1725 1278 fuit,
1764 1212 1830 1267 de
1851 1209 1964 1280 qui-

400 1313 499 1367 bus
526 1310 806 1380 Scriptura
848 1309 980 1371 dicit
1010 1327 1022 1362 :
1059 1307 1188 1362 Erat
1230 1305 1335 1360 illis
1372 1322 1462 1360 cor
1487 1320 1646 1359 unum
1690 1312 1737 1357 et
1787 1301 1964 1382 anima

400 1421 526 1467 una,
570 1413 617 1457 et
643 1414 790 1457 erant
826 1402 932 1456 illis
959 1403 1134 1456 omnia
1167 1401 1462 1454 communia
1497 1400 1631 1470 (Act.
1671 1413 1742 1460 tv,
1769 1395 1881 1465 52),
1910 1401 1966 1449 et

401 1498 536 1552 bene
557 1494 683 1550 fecit
709 1495 992 1551 scribendo
1017 1493 1242 1547 amicis?
1281 1491 1385 1545 Aut
1410 1491 1456 1546 si
1485 1489 1626 1553 fecit,
1665 1487 1803 1542 male
1839 1484 1969 1540 fecit

1808 460 2183 520 EPlSTOLJE.

388 609 495 665 quo
519 593 705 648 timore
742 589 1005 643 calamum
1037 585 1404 655 suspendisscs
1434 583 1485 636 in
1513 582 1714 652 pariete
1738 579 1946 647 regula-
1974 581 2022 636 Α

3517 443 3623 500 666

2505 567 2529 606 δ
2570 563 2897 622 EPISTOLA
2932 563 3128 619 CXCII.

2483 675 2549 713 AD
2588 673 2855 712 ΑΝτοκιωι
2893 670 3194 711 IONACBUM.

2060 777 2327 831 Desiderat
2357 773 2573 828 multum
2607 772 2863 826 orationes
2894 771 3123 840 Antonii,
3155 777 3212 821 ut
3241 768 3406 822 Deum
3431 782 3633 840 semper

2485 859 2662 896 amare
2695 841 2856 911 possit
2891 850 2937 894 et
2965 838 3205 893 laudare.

2129 957 2364 1011 Antonio
2391 953 2611 1007 Albinus
2636 991 2650 1015 ,
2701 951 3064 1006 mansionario
3110 947 3502 1004 matricularius
3540 960 3634 1003 δα·
3680 933 3687 943 ’

2063 1048 2251 1101 lutem.

2130 1137 2252 1191 Ideo
2286 1134 2409 1190 dico
2431 1133 2846 1188 mansionarium
2889 1140 2959 1196 te,
2986 1133 3110 1202 quia
3135 1131 3310 1186 multis
3334 1140 3453 1185 sunt
3487 1145 3634 1183 man-

2062 1228 2232 1282 siones
2252 1225 2307 1278 in
2328 1223 2483 1277 domo
2523 1222 2700 1276 Patris
2726 1222 2910 1276 :eterni
2935 1219 3116 1292 (Joan.
3154 1236 3245 1274 xw
3262 1260 3276 1284 ,
3304 1219 3384 1290 2),
3405 1233 3633 1287 quarum

2063 1327 2118 1373 te
2146 1333 2251 1373 non
2290 1313 2463 1370 solum
2487 1315 2865 1378 habitatorem,
2896 1313 2989 1368 sed
3015 1313 3178 1368 etiam
3217 1313 3356 1366 inter
3384 1310 3638 1380 apostoli-

2064 1426 2184 1466 cam
2205 1408 2580 1464 auctoritatem
2599 1405 2835 1474 judicem
2865 1420 2983 1459 esse
3003 1415 3151 1475 opto,
3181 1404 3324 1473 quis,
3352 1405 3403 1458 in
3425 1418 3530 1472 qua
3555 1403 3638 1456 di-

2064 1516 2201 1571 gnus
2236 1499 2482 1555 habitare
2514 1498 2869 1551 discernatur.
2913 1495 3182 1564 Deprecor
3209 1501 3319 1548 tota
3358 1493 3639 1548 cordis‘in-

403 1594 578 1640 unus
625 1586 812 1640 amiCiS
868 1580 1151 1639 scribendo
1197 1581 1490 1651 θρίδιοίῖιδῗ
1547 1578 1644 1633 vel
1701 1573 1967 1646 quomOdo
2069 1591 2323 1656 tentione,
2351 1599 2410 1644 ut
2448 1589 2648 1642 habeas
2672 1586 2922 1641 Albinum
2953 1593 3103 1638 tuum
3154 1584 3208 1638 in
3233 1599 3328 1639 ore
3359 1592 3415 1638 et
3453 1583 3648 1646 corde,

402 1693 550 1734 meas
574 1693 737 1733 ausus
772 1677 916 1732 fuisti
947 1675 1125 1746 legere
1160 1671 1438 1735 litterulas,
1476 1680 1530 1725 et
1556 1677 1676 1724 tuas
1704 1666 1832 1721 mihi
1863 1680 1969 1718 non

2067 1682 2194 1736 dum
2223 1682 2457 1736 animam
2482 1678 2643 1735 offers
2672 1687 2818 1733 tuam
2842 1676 2896 1731 in
2925 1683 3215 1745 conspectu
3256 1672 3491 1744 Spiritus
3518 1688 3627 1727 san-

399 1767 674 1846 dirigere?
703 1767 761 1822 Si
786 1775 969 1823 contra
1001 1765 1240 1837 regulam
1263 1771 1346 1820 est
1371 1762 1490 1817 aliis
1515 1755 1973 1826 scribere,utique

2071 1776 2163 1841 eti,
2205 1775 2500 1844 deprecans
2540 1780 2602 1828 ut
2642 1779 2798 1826 emat
2846 1783 2932 1823 me
2966 1767 3198 1838 Spiritus
3239 1764 3536 1822 Paraclitus
3575 1764 3637 1818 dc

402 1866 588 1913 contra
619 1856 856 1926 regulam
904 1863 988 1910 est
1021 1865 1076 1910 et
1102 1853 1326 1910 aliorum
1364 1850 1559 1923 legere.
1603 1849 1738 1918 Opto
1767 1862 1832 1901 ex
1859 1860 1973 1900 ma-

2073 1858 2404 1936 spiritalibus
2432 1862 2595 1917 animi
2618 1861 2722 1915 mei
2749 1858 3153 1922 tentationibus,
3177 1864 3444 1927 quatenus
3481 1853 3642 1924 digna

403 1965 506 2020 gno
527 1948 703 2004 cordis
725 1948 828 2001 mei
851 1947 1133 2010 desiderio,
1174 1946 1475 2000 nullatenus
1503 1952 1554 1996 te
1579 1941 1696 2011 plus
1719 1950 1973 2009 peccasse
2004 1926 2049 1985 Β
2075 1956 2145 2011 εει
2164 1955 2341 2010 anima
2375 1969 2492 2008 mea
2522 1966 2790 2008 summum
2817 1951 3038 2012 bonum,
3064 1948 3118 2002 id
3149 1926 3232 2003 es}
3267 1946 3436 2002 Deum
3459 1961 3643 2000 verum

406 2042 459 2096 in
486 2039 725 2096 custodia
753 2037 1008 2109 regularis
1035 2038 1159 2092 vita:
1193 2051 1353 2105 quam
1377 2031 1770 2090 exhortatorias
1791 2029 1972 2082 volen-

407 2132 548 2186 tibus
573 2129 734 2185 edere
758 2131 992 2184 chartas.
1029 2126 1328 2182 Vulnerasti
1356 2124 1622 2193 siquidem
1650 2137 1744 2176 cor
1769 2133 1968 2176 meum.

408 2222 500 2276 sed
530 2221 576 2274 si
608 2228 818 2290 tempus
855 2217 1102 2273 medendi
1140 2217 1312 2270 adhuc
1335 2214 1450 2268 fieri
1478 2212 1673 2276 valeat,
1701 2225 1830 2264 sana
1852 2207 1971 2260 vul-

408 2327 510 2366 nus
546 2310 823 2366 charitatis
867 2309 1094 2372 calamo,
1128 2323 1196 2362 ne
1239 2313 1514 2375 putrescat
1551 2304 1603 2358 in
1655 2301 1828 2372 pejus.
1860 2298 1973 2351 Non

409 2404 552 2457 enim
591 2404 688 2458 tibi
737 2409 860 2456 sunt
891 2402 1069 2471 indiga
1118 2400 1511 2470 pigmentorum
1554 2407 1751 2464 genera
1782 2404 1975 2459 magno

410 2495 636 2550 emenda
662 2494 856 2563 pretio,
890 2506 988 2545 nec
1013 2505 1136 2544 cum
1166 2487 1405 2558 periculo
1447 2501 1538 2540 cor
1584 2483 1753 2538 leonis
1795 2489 1977 2534 extra-

412 2585 644 2642 hendum
671 2600 685 2649 ;
720 2582 812 2637 sed
835 2581 981 2651 aperi
1003 2595 1098 2635 eor
1119 2578 1399 2633 charitatis
1433 2585 1558 2638 tute,
1583 2583 1639 2629 et
1677 2572 1840 2640 irriga
1871 2585 1979 2624 coe-

411 2678 563 2736 lestis
592 2691 712 2732 rore
750 2674 1138 2730 benedictionis
1165 2671 1370 2726 arentia
1406 2669 1582 2725 cordis
1608 2666 1712 2720 mei
1743 2679 1886 2728 rura,
1921 2671 1980 2716 ut

412 2783 626 2838 semper
652 2779 910 2838 generare
945 2764 1164 2832 incipiat
1191 2760 1385 2830 prioris
1423 2759 1571 2829 pacis
1597 2767 1651 2810 et
1683 2753 1984 2810 concordia:

413 2857 575 2932 [deest
601 2855 835 2920 fructus,
873 2852 947 2907 vel
974 2851 1184 2922 simile].
1214 2850 1462 2918 Nunquid
1487 2864 1593 2903 non
1621 2861 1705 2900 me
1727 2858 1752 2885 ι
1778 2844 1982 2898 familia

415 2949 590 3024 sancti
628 2946 771 3000 Petri
817 2953 869 2999 te
910 2946 1160 3000 hortante
1185 2949 1237 2997 et
1264 2940 1603 3011 deprecante,
1633 2937 1688 2991 in
1718 2935 1982 3005 gremium

415 3025 768 3095 fraternitatis
813 3050 924 3091 sua:
967 3033 1196 3105 suscepit
1217 3073 1232 3098 ,
1283 3032 1436 3102 quasi
1466 3045 1630 3084 unum
1662 3045 1728 3083 ex
1762 3026 1899 3081 illis?
1926 3023 1982 3080 Si

413 3134 589 3187 amico
612 3133 865 3200 prodesse
894 3127 1139 3191 timuisti,
1163 3139 1331 3194 quare
1352 3139 1458 3178 non
1483 3121 1635 3175 fratri
1659 3127 1714 3176 et
1736 3117 1985 3174 ‘consocio

413 3222 782 3294 germanitatis
807 3220 951 3273 tum?
972 3216 1220 3285 Nunquid
1245 3213 1504 3284 regularis
1525 3209 1837 3266 constrictio
1862 3223 1985 3277 pro-

371 3386 373 3388 η
414 3275 564 3369 hibet
593 3320 645 3366 te
688 3309 910 3364 fratrem
957 3275 1225 3382 exhortari
1279 3275 1468 3360 tuum?
1521 3300 1628 3354 Aut
1674 3275 1877 3353 falsum:
1898 3304 1982 3350 est
2008 3275 2054 3338 ο

415 3403 557 3475 quod
581 3401 932 3472 promisistis,
969 3406 1060 3454 aut
1089 3411 1274 3452 verum
1316 3405 1399 3451 est
1439 3392 1581 3463 quod
1624 3399 1680 3446 tu
1713 3390 1778 3444 de
1819 3387 1982 3441 fratre

415 3500 551 3550 bene
577 3507 681 3546 non
720 3489 913 3545 fecisti.

487 3581 595 3638 Sed
631 3591 839 3644 cessent
867 3578 1265 3648 quierimoniaz,
1301 3575 1430 3630 ﬁant
1469 3575 1749 3630 charitatis
1795 3574 1983 3629 solatia

418 3674 559 3728 inter
587 3673 796 3737 fratres,
845 3671 962 3726 sine
990 3686 1092 3740 qua
1120 3668 1252 3724 nihil
1291 3668 1400 3721 Deo
1441 3667 1652 3735 placere
1674 3667 1904 3735 poterit;
1933 3672 1986 3718 et

418 3767 463 3820 si
502 3766 573 3819 sit
610 3765 662 3818 in
691 3762 870 3827 corde,
916 3770 1236 3832 agnoscatur
1276 3773 1438 3826 opere
1474 3772 1489 3809 :
1527 3757 1573 3810 si
1603 3756 1746 3810 intus
1777 3756 1983 3818 ardeat,

421 3857 551 3911 foris
579 3853 792 3924 fulgeat.
817 3851 941 3908 ldeo
969 3851 1200 3920 Spiritus
1219 3856 1436 3903 sanctus
1458 3847 1658 3903 missus,
1673 3854 1756 3898 est
1784 3844 1839 3898 in
1867 3856 1986 3912 spe-

421 3951 500 4003 cie
528 3947 666 4018 ignis
687 3959 741 4000 et
764 3945 1088 4013 linguarum,
1116 3949 1175 3995 ut
1206 3941 1346 4010 quod
1378 3940 1522 3994 intus
1547 3937 1697 3992 ardet
1719 3938 1771 3990 in
1801 3936 1981 4000 corde,

423 4041 568 4096 foras
597 4039 731 4094 ferat
750 4038 805 4092 in
835 4039 998 4092 verbo
1019 4035 1278 4100 Charitas,
1299 4041 1359 4088 ut
1385 4041 1542 4102 poeta
1571 4029 1764 4113 cecinit
1797 4046 1808 4081 :

516 4169 760 4220 ﬂentibus
775 4168 920 4217 instat
941 4177 1092 4228 amor,
1117 4165 1424 4215 sermonibus
1447 4166 1621 4213 aestuat
1638 4161 1799 4211 ardor.

495 4294 606 4366 Ego
645 4292 889 4348 militaris
912 4290 1122 4362 cingulo
1148 4289 1346 4346 laboris
1371 4287 1612 4359 deposito
1638 4289 1852 4358 quietus
1878 4288 1988 4344 Deo

426 4387 627 4442 servire
649 4386 976 4449 desiderans,
1009 4384 1232 4438 nimium
1263 4383 1500 4452 trepidus
1521 4389 1856 4451 exspectans,
1881 4396 1987 4449 qua

427 4479 560 4533 hora
586 4477 796 4530 dicatur
838 4475 968 4529 mihi
997 4490 1012 4528 :
1041 4475 1191 4544 aperi
1220 4474 1471 4544 pulsanti,
1503 4473 1697 4528 festina
1723 4472 1790 4526 ad
1820 4471 1989 4525 tribu-

427 4567 514 4622 nal
551 4565 746 4633 judicis
789 4565 895 4626 tui,
931 4573 988 4617 ut
1017 4564 1202 4618 audias
1245 4564 1504 4632 quidquid
1539 4573 1788 4632 operatus
1833 4559 1984 4632 μη,

2071 2061 2254 2101 amare
2279 2054 2334 2099 et
2371 2043 2627 2107 laudare;
2656 2041 2781 2110 quia
2817 2041 2930 2094 hate
2954 2048 3037 2093 est
3065 2038 3305 2107 angelica
3328 2038 3465 2100 vita;
3497 2051 3641 2090 sem-

2071 2151 2166 2204 per
2186 2134 2363 2189 ethoc
2385 2141 2548 2203 agunt
2583 2129 2802 2202 jngiter,
2834 2129 2974 2199 quod
3000 2129 3154 2182 nobis
3183 2141 3401 2182 necesse
3427 2133 3506 2180 est
3539 2141 3642 2180 s:e-

2073 2211 2193 2295 pius
2223 2237 2380 2293 agere
2413 2237 2427 2276 :
2455 2222 2522 2276 Et
2543 2222 2633 2290 qui
2668 2221 2787 2291 plus
2816 2228 2961 2274 amat
2989 2218 3155 2272 Deum
3183 2217 3235 2270 in
3267 2217 3426 2271 terris
3447 2225 3501 2270 et
3528 2217 3645 2269 lau-

2076 2319 2184 2379 dat,
2219 2314 2390 2385 magis
2411 2329 2533 2368 eum
2575 2314 2737 2367 habet
2758 2312 2809 2365 in
2833 2310 3001 2364 cmlis.
3031 2308 3218 2363 Infelix
3250 2319 3332 2363 est
3360 2309 3473 2362 haec
3517 2307 3642 2368 vita,

2077 2417 2132 2461 et
2173 2415 2282 2461 tota
2308 2405 2561 2476 a;rumnis
2603 2403 2794 2473 plena;
2826 2417 2932 2455 non
2962 2408 3043 2455 est
3080 2399 3235 2458 nobis,
3280 2399 3424 2454 salus
3452 2399 3553 2452 nisi
3595 2398 3647 2451 in

2044 2551 2047 2554 ,
2078 2494 2306 2547 Domino
2327 2493 2435 2546 Deo
2457 2491 2689 2554 Christo,
2713 2505 2872 2557 quem
2901 2498 2989 2543 tua
3018 2504 3230 2558 semper
3252 2489 3462 2544 devotio
3485 2499 3668 2552 amet,

2078 2583 2258 2638 laudet
2277 2591 2329 2637 et
2357 2582 2610 2652 prazdicet
2633 2597 2647 2646 ;
2669 2591 2724 2634 et
2747 2581 2800 2633 in
2824 2580 3156 2634 orationibus
3181 2580 3287 2633 tuis
3313 2578 3511 2634 sanctis
3531 2595 3662 2632 con--

2079 2691 2262 2732 servos
2288 2683 2411 2729 tuos
2439 2687 2652 2744 semper
2678 2671 2893 2740 adjuva,
2925 2679 2977 2725 et
3015 2686 3101 2726 me
3143 2669 3376 2724 maxime
3407 2677 3653 2739 peccato-

2081 2785 2211 2832 rem,
2247 2783 2405 2837 quem
2431 2766 2605 2824 Patris
2633 2765 2865 2831 nomine,
2885 2765 3011 2820 licet
3030 2764 3326 2835 indignum,
3357 2760 3649 2824 dedieasti;

2080 2865 2134 2912 et
2160 2856 2332 2912 saluta
2369 2857 2565 2910 fratres
2589 2865 2822 2917 nostros,
2863 2854 3257 2910 commilitones
3282 2861 3437 2917 tuos,
3468 2868 3531 2908 ea
3557 2870 3652 2905 no-

2081 2947 2178 3002 stri
2210 2946 2444 3001 nominis
2467 2945 2646 3000 officio
2664 2985 2678 3008 ,
2701 2953 2751 2998 et
2794 2944 3099 3012 specialiter
3123 2959 3234 3008 eos,
3262 2958 3397 3012 quos
3419 2943 3648 2997 familia-

2083 3037 2195 3090 rius
2224 3051 2321 3090 nos
2347 3034 2595 3089 dilexisse
2633 3034 2794 3088 scias.
2834 3033 2942 3087 Vos
2970 3018 3096 3086 vero
3121 3045 3307 3086 omnes
3340 3030 3394 3086 in
3419 3029 3653 3086 fraterna

2085 3126 2348 3183 charitate
2375 3133 2428 3181 et
2479 3125 2532 3179 in
2583 3124 2786 3179 unitate
2814 3123 2962 3194 pacis
3006 3129 3206 3177 sancta:
3234 3121 3409 3176 divina
3455 3122 3650 3190 gratia,

2087 3219 2141 3272 in
2186 3225 2503 3290 perpetuum
2545 3215 2816 3272 custodire
2843 3214 3122 3284 dignetur,
3165 3213 3496 3270 dilectissimi
3541 3211 3652 3267 fra-

2086 3315 2196 3361 tres
2214 3308 2226 3360 !

2545 3398 2564 3418 ‘
2602 3393 2933 3451 EPISTOLA
2970 3394 3189 3450 CXCIII.

2682 3485 3060 3556 Enigmatica.

2153 3576 2178 3616 ά
2206 3577 2436 3632 Antonio
2464 3576 2683 3632 Paulus.

2155 3665 2430 3720 Venerunt
2451 3667 2581 3720 mihi
2607 3666 2796 3726 littene
2817 3676 2971 3722 sexto
2990 3666 3112 3722 ldus
3125 3666 3373 3734 Quintilis
3395 3668 3461 3722 ad
3479 3680 3501 3709 ε
3519 3667 3653 3723 Uni-

2082 3772 2188 3818 cos,
2225 3756 2421 3827 gaudio
2459 3755 2630 3825 plenae
2672 3756 2738 3810 de
2773 3771 2893 3815 meo
2917 3765 2974 3811 et
2999 3759 3067 3812 de
3109 3766 3220 3823 tuo,
3249 3767 3304 3812 et
3344 3759 3410 3813 de
3439 3767 3656 3812 nonter-

2083 3849 2228 3902 mino
2273 3846 2382 3920 [Ita
2421 3864 2557 3913 ma.;
2598 3848 2665 3918 f.,
2715 3848 2948 3904 nominis
2991 3847 3275 3921 termino],
3328 3864 3445 3918 quze
3489 3849 3540 3902 in
3570 3865 3657 3903 me
3703 3887 3706 3891 ι

2082 3953 2254 4007 usque
2301 3938 2458 3993 modo
2502 3946 2838 4005 manserunt,
2878 3948 2940 3994 et
2978 3956 3230 3995 mansura
3258 3950 3434 4004 erunt,
3472 3940 3656 4004 credo,

2085 4026 2210 4081 licet
2243 4027 2529 4082 durissime
2573 4040 2767 4098 passus
2805 4043 2976 4085 essent
3005 4030 3344 4098 przesentiam
3380 4028 3656 4093 absentiae,

2085 4125 2140 4169 et
2167 4115 2465 4170 absentiam
2489 4116 2806 4186 praesentiae.
2832 4115 2909 4172 De
2933 4117 3240 4173 visitatione
3265 4133 3395 4184 vero
3419 4117 3657 4174 fraterna

2085 4207 2280 4276 smpius
2307 4205 2447 4261 volui
2490 4207 2783 4263 secundum
2821 4210 3270 4279 opportunitatem
3300 4210 3534 4277 itineris;
3564 4212 3659 4267 sed

2085 4297 2322 4352 secunda
2359 4298 2414 4352 in
2459 4298 2772 4368 pronomine
2820 4313 3050 4369 persona
3086 4300 3287 4371 Optime
3322 4303 3488 4368 novit,
3517 4302 3658 4357 unde

2086 4389 2372 4454 remansit;
2403 4389 2509 4442 imo
2532 4387 2761 4442 necdum
2786 4403 3037 4458 agnoseo,
3068 4391 3333 4458 quomodo
3355 4391 3469 4446 ﬁeri
3490 4391 3660 4462 possit

2085 4476 2205 4529 hoc.
2239 4476 2406 4540 Scito,
2431 4475 2575 4544 quod
2608 4474 2800 4529 litterae
2851 4477 3219 4532 tantummodo
3254 4493 3360 4533 non
3387 4478 3660 4534 sufﬁciunt

2091 4565 2158 4618 ad
2187 4577 2373 4619 meum
2418 4573 2473 4619 et
2509 4572 2658 4620 tuum
2703 4563 2852 4636 (quia
2891 4566 3004 4621 hmo
3047 4575 3192 4633 sunt,
3233 4583 3354 4638 quae
3398 4551 3657 4624 mundum

426 4650 683 4724 operasti]
715 4652 767 4705 in
811 4652 918 4705 vita
960 4659 1047 4705 tua
1077 4623 1345 4706 fuisti.-Si
1381 4623 1454 4716 te,
1483 4623 1680 4713 filiini,
1706 4623 1988 4720 superstite
2022 4623 2068 4684 θ
2092 4653 2390 4726 destruunt)
2423 4653 2467 4708 si
2515 4668 2621 4708 non
2669 4623 2896 4709 aderunt
2929 4670 3028 4726 ego
3052 4663 3108 4711 et
3127 4623 3203 4711 ιιι..
3235 4623 3520 4728 lluwsque
3547 4623 3659 4714 tres

430 4745 544 4799 hac
569 4743 700 4798 hora
733 4743 981 4797 adveniat
1004 4742 1186 4808 Patri,
1226 4750 1286 4797 tu
1309 4755 1436 4797 vero
1460 4757 1583 4796 cum
1612 4741 1717 4795 tuis
1743 4742 1990 4797 omnibus

431 4835 602 4890 fidelis
624 4834 945 4889 intercessor
965 4833 1170 4897 adesto,
1193 4841 1252 4888 ut
1272 4833 1417 4888 diras
1438 4832 1801 4888 accusantium
1828 4831 1990 4889 facies

430 4928 678 4991 evadere,
708 4927 815 4981 Deo
834 4924 958 4980 Iesu
979 4929 1286 5002 miserante,
1314 4929 1537 4994 valeam,
1556 4928 1641 4983 cui
1668 4928 1784 4984 laus
1805 4937 1859 4984 et
1881 4929 1992 4999 glo-

433 5018 510 5072 ria
533 5016 773 5071 omnium
801 5015 1059 5069 bonorum
1086 5015 1324 5094 suorum,
1366 5033 1483 5086 qua:
1509 5034 1613 5072 non
1645 5018 1815 5072 solum
1837 5018 1988 5082 mihi,

433 5107 528 5162 sed
568 5105 712 5160 omni
757 5105 990 5160 humano
1018 5099 1196 5173 generi
1226 5105 1358 5157 mira
1405 5106 1629 5160 contulit
1665 5109 1881 5175 pietate.
1912 5107 1991 5160 Tu

435 5213 583 5262 vero,
613 5198 687 5254 ﬁli
728 5196 1056 5259 charissima,
1087 5211 1338 5267 prospere
1363 5197 1648 5267 proficiens
1687 5206 1740 5253 et
1765 5198 1994 5253 feliciter

437 5291 620 5348 vivens
645 5291 817 5345 valeto
843 5292 895 5345 in
921 5298 1199 5344 internum.
1522 5277 1529 5290 ’

511 5539 536 5568 ι
567 5523 798 5580 Familia
846 5525 904 5579 S.
954 5525 1113 5579 Petri.
1169 5526 1281 5580 lloc
1324 5533 1404 5579 est
1437 5529 1817 5582 monasterium
1858 5531 1991 5586 Cor-

443 5598 655 5652 heiense
698 5604 849 5648 vetus
878 5595 930 5648 in
976 5595 1144 5649 Callia
1174 5598 1225 5649 in
1253 5595 1478 5651 dioecesi
1519 5593 1882 5662 Ambianensi,
1926 5602 1988 5654 D.

445 5667 603 5738 Petro
629 5680 888 5738 sacrum;
911 5663 1060 5738 cujus
1103 5666 1436 5721 Adalhardns
1467 5664 1643 5735 primo
1677 5670 1989 5738 monachus,

446 5736 637 5792 deinde
669 5735 834 5788 abbas
864 5733 980 5788 fuit.

516 5808 542 5844 δ
577 5806 802 5860 Froben.
835 5804 989 5872 epist.
1016 5803 1130 5858 2H,

523 5891 542 5914 τ
576 5875 799 5931 Froben.
827 5875 978 5943 epist.
1010 5873 1125 5928 252.

2092 4744 2281 4798 litterae
2306 4744 2360 4798 in
2395 4743 2612 4798 tristitia
2651 4743 2886 4811 fuerunt,
2926 4745 3274 4820 duobus-[F.,
3298 4748 3528 4822 duabus]
3555 4751 3659 4806 hoc

2093 4831 2444 4898 facientibus;
2474 4833 2569 4887 sed
2610 4841 2811 4904 septem
2839 4835 3017 4889 omnia
3047 4835 3326 4903 sufferunt,
3359 4837 3530 4895 donec
3562 4855 3657 4896 se:

2091 4934 2282 4981 etocto
2311 4925 2466 4979 simul
2491 4925 2776 4995 gaudeant,
2807 4934 2864 4981 et
2899 4936 3104 4998 septem
3137 4937 3280 4984 stent
3310 4931 3362 4984 in
3389 4930 3506 4985 loco
3535 4946 3654 4995 suo,

2091 5019 2217 5087 quia
2248 5033 2278 5072 a
2303 5018 2501 5072 senarii
2531 5019 2740 5072 numeri
2768 5018 3094 5088 perfectione
3113 5035 3210 5090 per
3231 5020 3514 5091 septenarii
3535 5035 3656 5089 gra-

2092 5110 2222 5162 tiam
2271 5107 2338 5161 ad
2370 5106 2632 5160 octoaatii
2655 5106 3061 5165 beatitudinem
3104 5111 3444 5175 ascenditur;
3480 5120 3535 5163 et
3562 5110 3658 5166 fiat

2091 5197 2268 5252 unitas
2286 5197 2445 5266 primi
2468 5205 2522 5250 et
2552 5198 2778 5252 extremi
2812 5212 2906 5267 per
2928 5199 3288 5261 medietatem,
3316 5198 3440 5267 quia
3461 5211 3654 5256 cuncta

2094 5291 2146 5344 in
2173 5291 2444 5347 creaturis
2474 5291 2644 5345 tribus
2691 5290 2807 5343 istis
2832 5290 3072 5365 terminis
3098 5289 3165 5342 ad
3185 5289 3440 5345 unitatem
3467 5307 3657 5361 perve-

2093 5385 2275 5451 niunt;
2301 5391 2356 5439 et
2380 5385 2423 5438 si
2455 5383 2709 5437 tolluntur
2733 5380 2798 5434 de
2829 5379 3001 5435 medio
3027 5395 3212 5445 unum,
3236 5381 3300 5436 de
3323 5382 3506 5438 ultimo
3527 5385 3650 5453 duo,

2159 5536 2186 5576 ἀ
2221 5535 2441 5589 Antonio
2477 5529 2692 5586 Paulus.
2720 5529 2842 5604 Haec
2872 5532 3084 5604 nomina
3114 5542 3173 5587 et
3208 5533 3376 5604 ipsum
3419 5536 3654 5604 epistola:

2094 5612 2633 5675 argumentnmmere
2659 5601 3160 5675 aenigmatica‘sunt,
3189 5601 3393 5675 quibus
3408 5601 3655 5661 evolven-

2093 5670 2182 5728 dis
2204 5671 2475 5740 immorari
2503 5685 2678 5740 opera:
2718 5670 2946 5740 pretium
2998 5672 3136 5726 haud
3178 5670 3354 5726 fuerit.

2166 5755 2188 5782 ε
2219 5739 2429 5793 Um'cos.
2455 5739 2560 5793 Sen
2588 5739 2790 5803 Wiens,
2816 5740 2946 5794 cella
2969 5743 3233 5797 maritima
3257 5743 3313 5797 S.
3343 5743 3545 5807 Jodoci,
3563 5761 3653 5799 en-

2103 5828 2166 5866 re
2193 5809 2728 5883 .tlettini_in_Galliam
2759 5810 3019 5883 venientis
3048 5830 3076 5864 a
3100 5813 3290 5868 Carolo
3312 5813 3498 5883 Magno
3526 5832 3651 5867 cnn—

2098 5880 2372 5937 crcditnm.
2407 5880 2522 5934 Vid.
2556 5888 2706 5935 notas
2735 5881 2968 5952 epistola:
3004 5883 3072 5938 59
3099 5882 3254 5954 (nunc
3284 5884 3367 5949 ii)
3402 5880 3462 5937 "et
3503 5883 3640 5934 alibi.
