4258 6204
460 413 562 473 ιω
660 444 665 447 ς
1393 387 1403 391 ⁷
1860 390 2229 451 ειιιεῑοιᾱλ
2734 451 2741 460 ,
2782 394 2789 403 ‘
3552 387 3654 443 tio

464 526 633 577 anima
665 517 715 591 (I
739 515 859 571 Cor.
890 531 988 579 vii,
1018 512 1128 585 54),
1158 518 1213 567 et
1242 509 1312 565 sit
1348 507 1504 577 digna
1541 504 1754 559 Christo
1780 516 2003 591 sponsa;
2034 510 2051 565 Α

2110 500 2200 557 sed
2228 500 2375 572 larga
2421 507 2599 557 mente
2634 500 2687 555 in
2730 501 2969 577 membra
3010 499 3093 555 sui
3131 498 3418 554 distribuat
3456 500 3658 571 sponsi.

468 590 686 667 cantans
712 604 946 675 quotidie
975 622 987 655 :
1017 600 1247 655 Dilectus
1277 594 1418 652 meus
1446 594 1573 649 milii
1606 602 1655 648 et
1684 607 1775 662 ego
1794 590 1893 656 illi,
1926 591 2015 660 qui
2112 590 2349 647 Geminis
2370 631 2384 655 ,
2416 590 2692 646 charitatis
2729 590 2932 647 scilicet
2971 598 3026 645 et
3056 591 3315 646 castitatis
3344 591 3559 660 pennis,
3596 592 3662 648 ad

468 698 698 771 pascitur
724 695 859 747 inter
882 690 994 745 lilia
1023 687 1195 762 (Cant.
1227 702 1287 748 ti,
1316 683 1435 754 l6);
1464 682 1519 737 id
1536 688 1637 746 est,
1660 682 1801 735 inter
1825 677 2019 771 cando—
2115 680 2222 736 alta
2250 679 2508 771 ctelorum
2554 695 2716 771 regna
2741 681 3073 771 transvolet.
3120 680 3229 735 Nec
3273 682 3441 751 virgo,
3486 680 3668 735 carnis

471 769 581 844 rem
610 782 944 855 virginitatis.
973 778 1172 834 Memor
1197 783 1313 831 esto
1337 773 1571 844 virgines
1591 785 1709 826 esse
1734 769 2022 838 prudentes
2118 770 2556 839 concupiscentiae
2584 769 2807 825 vinculis
2833 769 3026 835 libera,
3055 770 3290 825 avaritiae
3313 769 3515 838 laqueis
3536 784 3665 825 con-

470 886 524 931 et
566 873 755 927 fatuas.
805 870 862 923 Si
892 866 1141 935 antiquus
1180 863 1348 917 hosﬁs
1380 862 1432 914 in
1480 869 1531 914 te
1567 858 1703 927 ipsa,
1752 856 1806 911 id
1835 864 1936 919 est,
1968 855 2023 908 in
2121 859 2433 928 stringatur,
2462 859 2554 913 sed
2584 859 2666 913 sui
2696 859 2861 928 ipsius
2884 858 3096 922 victrix,
3129 860 3291 915 etiam
3321 858 3496 913 sieculi
3524 859 3667 930 igna-

471 976 691 1033 corpore
729 970 819 1014 tuo
860 954 1166 1011 tentationis
1203 952 1376 1007 locum
1414 964 1520 1003 non
1563 946 1782 1010 invenit,
1807 944 2025 999 omnino
2122 947 2227 1010 via,
2259 946 2533 1017 cupiditati
2580 945 2731 1019 [Cod.
2790 945 2929 1012 Sal.,
2974 948 3163 1017 ignava
3205 946 3524 1020 cupiditate].
3563 961 3671 1003 non
3739 966 3750 978 .

472 1055 707 1112 exterius
746 1050 953 1119 quaerit,
995 1044 1259 1115 quomodo
1292 1041 1455 1096 animi
1490 1037 1853 1093 fortitudinem
1876 1049 2028 1089 ener—
2125 1041 2433 1095 succumbat
2479 1056 2495 1092 :
2541 1040 2632 1095 sed
2660 1040 2761 1096 sibi
2796 1041 3176 1096 misericordia:
3209 1041 3479 1111 operibus,
3522 1042 3676 1111 quasi

475 1162 602 1202 vare
628 1146 832 1208 valeat;
876 1140 959 1195 cui
995 1138 1119 1193 forti
1165 1136 1343 1190 animo
1383 1128 1737 1207 resistendum
1772 1133 1874 1181 est-
1908 1124 2029 1178 Νοη
2128 1131 2290 1185 ramis
2346 1130 2643 1185 virentibus
2667 1170 2683 1196 ,
2733 1131 2789 1183 in
2830 1145 3010 1185 arcem
3064 1132 3298 1207 calcatis
3345 1131 3673 1187 Hierusalem

474 1247 591 1294 sunt
630 1237 786 1298 enim,
822 1232 897 1285 ait
933 1230 1125 1283 Doctor
1164 1223 1429 1295 egregius,
1455 1218 1724 1287 condigna:
1768 1215 2031 1285 passiones

2129 1222 2268 1274 viam
2313 1227 2516 1274 sternat
2534 1260 2550 1285 ,
2578 1220 2668 1274 ubi
2706 1219 2951 1275 laudibus
2977 1230 3195 1291 excepta
3223 1221 3474 1290 angelicis
3499 1221 3677 1291 magni

476 1326 632 1394 hujus
670 1321 907 1390 temporis
930 1317 997 1370 ad
1018 1321 1436 1385 superventuram
1456 1300 2035 1394 gloriam,qutcrevela-

477 1390 613 1469 bitur
628 1414 681 1466 in
704 1411 845 1465 nobis
871 1403 1309 1479 (Rom.vm,18);
1333 1401 1458 1455 dum
1484 1397 1714 1452 revelata
1736 1393 1871 1447 facie
1890 1390 2035 1444 vide-

477 1505 613 1557 bitur
638 1500 775 1553 Deus
798 1498 1009 1551 deorum
1032 1496 1085 1547 in
1108 1492 1234 1548 Sion
1258 1490 1425 1562 (Psal.
1443 1484 1758 1563 Lxxxui,8).
1775 1484 1841 1537 Et
1864 1481 2032 1550 virgo,

478 1602 776 1661 quocunque
794 1586 929 1649 ierit,
951 1598 1117 1652 agnus
1136 1581 1377 1650 sequitur
1394 1592 1512 1632 eam
1535 1577 1715 1647 (Apoc.
1745 1587 1853 1635 xiv,
1880 1570 1955 1639 4).

735 1697 775 1747 0
800 1696 997 1744 nimium
1018 1692 1154 1750 felix,
1175 1692 1249 1740 cui
1274 1702 1365 1739 nec
1390 1686 1570 1737 felicior
1590 1684 1735 1734 ullus.

485 1798 613 1865 Qua:
636 1799 791 1851 beata
821 1796 911 1848 Dei
940 1793 1208 1848 Genitrice
1235 1790 1457 1845 ducente
1484 1786 1662 1842 omnia
1702 1791 1905 1839 secreta
1928 1796 2035 1835 cte-

482 1889 631 1943 lestis
666 1884 813 1956 regni
850 1884 1048 1936 intrare
1086 1879 1376 1934 merebitur
1400 1874 1709 1946 penetralia.
1740 1871 1855 1929 Non
1882 1878 2039 1925 nocet

486 1977 709 2030 multum
729 1974 867 2044 quod
892 1973 993 2026 iter
1013 1969 1267 2039 perficere
1293 1982 1395 2021 non
1417 1966 1625 2021 valuisti
1648 1964 1788 2033 quod
1807 1962 2035 2031 coepisti,

489 2067 597 2121 Deo
624 2063 823 2134 aliquid
861 2061 1049 2116 melius
1073 2058 1379 2129 providente
1405 2056 1518 2111 tibi.
1551 2053 1801 2125 Expende
1833 2053 1885 2107 in
1907 2066 2039 2121 pau-

486 2175 671 2230 perum
712 2157 928 2219 solntia,
976 2154 1115 2223 quo]
1153 2153 1205 2205 in
1242 2150 1371 2205 tanti
1412 2145 1901 2203 itineris'viaticum
1944 2142 2039 2195 tibi

486 2248 817 2321 praeparasti.
863 2246 935 2299 Da
982 2246 1123 2313 quod
1164 2241 1349 2305 habes,
1400 2248 1460 2293 ut
1498 2237 1741 2306 accipere
1788 2231 2041 2288 merearis

488 2341 628 2409 quod
648 2346 819 2405 optas.
843 2335 1045 2389 llaheto
1062 2332 1175 2400 ejus
1199 2330 1424 2398 pleniter
1450 2328 1501 2381 in
1528 2325 1689 2380 corde
1705 2323 2040 2386 eharitatem,

488 2444 646 2500 quem
690 2426 1019 2481 defensorem
1056 2422 1145 2477 tibi
1182 2422 1315 2491 petis
1351 2425 1404 2472 in
1434 2416 1790 2471 tribulatione.
1822 2412 1937 2466 Non
1963 2420 2045 2465 est

490 2522 699 2579 diabolo
724 2518 894 2573 facilis
916 2516 1143 2571 vastatio
1172 2511 1440 2575 domicilii,
1472 2510 1524 2562 in
1549 2523 1652 2577 quo
1675 2512 1757 2559 est
1790 2503 2045 2558 habitatio

490 2612 688 2666 Christi
710 2626 724 2676 ;
767 2625 797 2662 a
822 2608 971 2676 cujus
996 2606 1153 2658 latere
1178 2602 1359 2656 cadent
1386 2598 1524 2652 mille
1548 2607 1594 2651 et
1626 2597 1798 2649 decem
1825 2592 1989 2647 millia
2013 2609 2046 2645 a

490 2702 687 2755 dextris
714 2700 828 2768 ejus
855 2695 1022 2768 (Psal.
1064 2709 1149 2758 xc,
1172 2693 1244 2759 7).
1291 2691 1441 2744 Illum
1481 2688 1679 2741 habeas
1707 2694 1832 2754 opto
1854 2699 2047 2750 conso-

496 2790 721 2841 latorem
763 2787 813 2838 in
850 2784 993 2837 omni
1021 2780 1360 2835 tribulatione
1384 2786 1497 2840 tua,
1532 2790 1690 2843 quem
1714 2774 1936 2828 habebis
1966 2787 2050 2826 re-

498 2884 887 2935 muneratorem
912 2872 1071 2927 tutius
1091 2869 1416 2941 pmuitentiat
1438 2876 1557 2920 tute.
1582 2864 1803 2933 Respice
1826 2863 1879 2917 in
1902 2876 2047 2925 eum,

497 2968 587 3037 qui
609 2967 723 3019 ait:
748 2962 1019 3031 Con/idite,
1052 2977 1143 3030 ego
1182 2960 1277 3014 vici
1301 2956 1549 3011 mundum
1579 2954 1757 3026 (Joan.
1787 2967 1899 3017 xvr,
1936 2951 2047 3020 55).

496 3056 641 3110 illius
666 3062 717 3110 te
741 3063 938 3109 :eterna
975 3049 1209 3121 potestas
1233 3047 1451 3101 inomni
1476 3044 1814 3099 tribulatione
1838 3042 2052 3096 vincere

2132 1310 2464 1379 imperatoris
2488 1308 2773 1364 thalamum
2798 1319 2995 1364 aeterna
3019 1310 3384 1365 introducatur
3410 1304 3613 1365 Letitia.

2203 1398 2273 1454 Ut
2297 1400 2399 1453 hoc
2422 1398 2537 1453 ﬁeri
2568 1399 2753 1462 valeat,
2787 1400 3003 1469 vigilare
3028 1400 3185 1454 debet
3216 1400 3374 1469 hujus
3399 1400 3681 1468 inquisitor

2135 1491 2453 1558 margaritas,
2480 1505 2584 1544 non
2630 1490 2834 1544 inertia:
2879 1491 3084 1561 sopitus
3126 1506 3311 1546 somno
3352 1491 3680 1545 dormitare:

2138 1583 2245 1637 imo
2266 1581 2456 1649 saepius
2480 1581 2807 1636 orationibus
2836 1583 3112 1636 nocturnis
3139 1582 3221 1636 vel
3251 1582 3452 1637 diurnis
3476 1584 3686 1653 pulsare

2131 1672 2323 1741 januas
2350 1678 2617 1740 perpetua:
2651 1670 2909 1735 civitatis;
2952 1678 3005 1724 et
3036 1669 3253 1745 veniens
3286 1679 3498 1740 apertas
3534 1672 3683 1725 inve-

2140 1762 2280 1825 niet,
2322 1774 2456 1830 quas
2498 1760 2721 1828 quisque
2764 1760 2829 1814 ab
2869 1760 2970 1814 hoc
3020 1759 3219 1814 carnali
3266 1774 3480 1813 carcere
3526 1760 3687 1814 dedu-

2066 1832 2111 1893 Β
2138 1860 2287 1917 ctus,
2338 1852 2559 1906 nimium
2603 1852 2801 1906 intrare
2847 1852 3060 1922 cupiet;
3120 1851 3262 1921 quod
3308 1860 3432 1907 ante
3482 1867 3688 1907 summa

2135 1940 2405 2012 diligentia
2458 1941 2748 2011 praevidere
2796 1940 2995 2006 debet,
3044 1948 3103 1994 ut
3147 1948 3328 2009 portas
3374 1949 3505 2015 tunc
3545 1943 3692 1997 inve-

2136 2031 2249 2084 niat
2291 2038 2533 2098 patentes
2553 2069 2568 2095 ,
2598 2029 2969 2098 angelicosque
3003 2030 3195 2084 choros
3221 2030 3570 2100 suscipientes
3595 2032 3689 2084 ob—

2137 2122 2241 2176 viis
2266 2121 2511 2195 manibus
2544 2120 2775 2173 animam
2809 2121 2873 2173 ad
2913 2120 3278 2174 deducendum
3303 2119 3362 2174 in
3390 2121 3689 2175 cubiculum

2140 2213 2280 2282 regis
2306 2210 2521 2266 internis
2556 2209 2837 2264 fruituram
2858 2208 3096 2283 gaudiis;
3129 2218 3546 2278 perpetuumque
3573 2209 3690 2263 lau-

2141 2301 2223 2355 dis
2242 2314 2457 2355 cannea
2479 2297 2778 2353 decantabit
2801 2296 2855 2350 in
2871 2300 3150 2365 praesentia
3173 2295 3254 2349 sui
3276 2296 3455 2364 sponsi
3476 2296 3657 2350 dicens
3678 2314 3687 2349 :

2141 2389 2384 2454 Benedic,
2404 2377 2584 2443 ’anima
2618 2404 2755 2453 mea,
2784 2386 3059 2440 Dominum
3085 2394 3132 2439 et
3157 2385 3328 2439 omnia
3355 2400 3506 2454 opera
3536 2384 3647 2453 ejus
3676 2400 3691 2436 :

2140 2480 2195 2532 in
2240 2480 2378 2531 omni
2416 2477 2530 2531 loco
2564 2478 2930 2531 dominationis
2968 2477 3100 2545 ejus,
3144 2476 3348 2530 benedic
3375 2476 3549 2530 animo
3581 2492 3692 2528 mea

2144 2568 2421 2621 Dominum
2468 2565 2637 2638 (Psal.
2666 2581 2759 2630 cn,
2804 2566 2829 2618 l
2865 2575 2912 2618 et
2941 2564 3054 2634 22).
3085 2565 3282 2632 Vivas,
3302 2564 3479 2620 valeas
3515 2574 3570 2621 et
3595 2563 3690 2619 llo-

2145 2672 2285 2724 reas,
2312 2658 2463 2727 virgo
2491 2656 2845 2719 nobilissima,
2861 2656 2917 2711 in
2941 2654 3182 2711 Christo-

2588 2791 2616 2830 ι’
2653 2790 2983 2846 EPISTOLA
3018 2789 3267 2846 CXCVI“

2548 2895 2615 2933 ΑΙ)
2672 2895 2987 2935 ιιυιωιιυυειι
3046 2897 3294 2935 ΡΕΙΙΙΝΛι

2150 2992 2408 3065 Hortatur
2462 2993 2529 3065 ad
2583 2992 2898 3065 deuotionem
2949 3002 2997 3048 et
3057 2993 3209 3065 citant
3259 2994 3598 3065 exemplarcm
3647 2998 3703 3048 in

2183 3062 2376 3134 palatio
2402 3064 2555 3134 regis.
2587 3061 2819 3118 Salutem
2845 3072 3083 3133 precatur
3106 3063 3313 3133 reginis,
3339 3072 3385 3117 et
3406 3061 3658 3134 'ngrido.

497 3145 675 3209 faciat,
696 3151 751 3197 et
770 3142 995 3212 palmam
1019 3145 1283 3208 perpetuae
1306 3134 1644 3247 beatitudinis
1664 3133 1904 3247 accipere
1924 3145 2051 3185 con-
2074 3153 2123 3218 ρ
2187 3133 2190 3134 ⁷
2224 3170 2334 3226 Deo
2376 3133 2579 3247 dego}?
2620 3169 2830 3227 {enim
2876 3180 2898 3209 ο
2956 3168 3255 3225 Ηυηάωάπ
3300 3133 3551 3225 Λιουίῐώε
3587 3171 3698 3225 δὴ,

496 3240 673 3304 cedat,
697 3237 786 3308 qui
808 3237 880 3290 ait
909 3252 921 3287 :
950 3234 1093 3287 Dabo
1114 3234 1159 3285 ei
1184 3247 1376 3284 manna
1398 3227 1750 3281 absconditum
1773 3224 1954 3295 (Apoc;
1987 3240 2049 3289 ιι,

450 3336 455 3339 ’
501 3328 612 3399 l7),
652 3326 791 3397 quod
820 3324 994 3379 nullus
1022 3323 1185 3387 novit,
1213 3320 1315 3375 nisi
1339 3320 1429 3387 qui
1451 3317 1735 3388 acceperit.
1763 3315 1966 3381 Valete,
1999 3316 2051 3369 in

499 3420 643 3475 omni
671 3420 863 3473 virtute
884 3425 937 3471 et
960 3415 1217 3485 sapientia
1240 3414 1450 3475 ﬂorens,
1480 3410 1795 3465 charissima
1822 3408 1947 3462 lilia.

886 3555 888 3557 ›
937 3538 962 3566 ι
1001 3522 1330 3579 EPISTOLA
1368 3522 1613 3590 cxcvn,

770 3632 835 3670 an
872 3630 1051 3669 riunt
1088 3628 1400 3668 SPIRITALEI
1440 3610 1765 3681 (succuum).

503 3705 801 3760 Castitatem
829 3721 943 3758 cum
986 3703 1418 3773 eleemosynarum
1446 3700 1681 3770 largitate
1709 3698 2049 3764 commendat.

572 3798 909 3852 Charissimae
944 3796 997 3850 in
1034 3794 1244 3850 Christo
1269 3794 1389 3848 lilia;
1426 3792 1672 3861 Eugeniae
1708 3790 1927 3845 Albinus
1966 3803 2054 3843 sa-

506 3885 689 3940 intem.

2153 3275 2319 3317 conus
2345 3250 2602 3315 salutem;

2221 3352 2568 3422 Benignitatis
2598 3358 2700 3406 tua:
2723 3350 3093 3406 salutationem
3132 3359 3188 3405 et
3228 3350 3534 3406 munuscula
3571 3366 3693 3422 gra-

2154 3450 2327 3498 tanter
2366 3440 2578 3510 accepi;
2626 3439 2679 3494 in
2720 3440 2921 3512 quibus
2964 3446 3018 3495 te
3058 3440 3251 3511 agnovi
3302 3439 3526 3495 conditae
3573 3440 3700 3495 olim

2153 3531 2402 3595 amicitia:
2445 3531 2639 3584 bonam
2685 3520 2953 3597 abundare
3007 3527 3208 3601 [Fortc,
3238 3529 3454 3603 habere]
3496 3544 3698 3584 memo-

2154 3619 2317 3681 riam;
2369 3617 2596 3671 credens
2622 3604 2839 3685 quoque
2858 3626 3019 3697 ‘tuam
3059 3618 3305 3673 similiter
3330 3633 3433 3673 non
3460 3618 3699 3673 oblivisci

2152 3705 2502 3775 prudentiam,
2536 3703 2765 3774 qualiter
2788 3700 2999 3759 devotio
3025 3720 3141 3759 mea
3170 3714 3221 3759 te
3242 3704 3351 3772 jam
3384 3714 3699 3775 praesentem

2155 3798 2219 3852 de
2240 3794 2502 3851 cbaritate
2529 3784 2829 3859 Christi,et
2868 3780 3143 3849 honestate
3161 3797 3282 3850 vitae
3303 3795 3700 3866 diligentissime
3762 3796 3765 3799 ‘

2157 3887 2449 3943 admonuit.
2497 3886 2620 3942 Ideo
2665 3901 2771 3941 non
2814 3901 2949 3957 opus
2977 3901 3094 3942 esse
3120 3886 3375 3969 arbitror,
3402 3884 3582 3941 multis
3612 3886 3701 3940 illa

574 3975 754 4028 Placet
784 3974 911 4027 mihi
936 3974 1128 4042 saepius
1153 3973 1205 4025 in
1228 3973 1405 4041 parvis
1428 3972 1578 4044 (Cod.
1604 3966 1743 4036 Sal.,
1775 3972 1983 4024 tainctsi
2005 3972 2058 4024 in
2156 3979 2409 4032 reiterare
2448 3976 2810 4040 sermonibus,
2844 3977 3144 4047 sed'paucis
3182 3968 3463 4049 deposcere
3499 3978 3701 4032 litteru-

507 4060 713 4133 paucis]
744 4060 955 4125 litteris,
980 4074 1085 4114 non
1116 4068 1293 4113 tamen
1332 4074 1493 4128 parva
1532 4057 1700 4111 olllcia
1725 4058 2059 4111 salutationis
2159 4068 2261 4132 lis;
2313 4076 2371 4121 ut
2396 4068 2540 4121 omni
2583 4067 2713 4121 hora
2743 4068 2823 4121 γει
2872 4078 3140 4124 momen“,
3169 4068 3282 4131 dies
3318 4070 3369 4124 in
3395 4078 3583 4125 meum
3610 4070 3701 4123 ha-

507 4163 612 4208 tua:
634 4152 862 4224 dirigere
888 4151 1244 4224 germanitati,
1267 4160 1321 4205 et
1340 4151 1443 4205 tuis
1466 4151 1706 4219 ingerere
1726 4149 2060 4220 cogita’tioni-
2156 4159 2284 4212 beas
2313 4164 2559 4221 aeternos,
2610 4163 2665 4210 et
2706 4171 2971 4225 prmpares
3009 4164 3061 4211 te
3102 4160 3155 4212 in
3197 4158 3464 4213 occursum
3500 4159 3706 4213 Domini

472 4244 475 4247 λ
509 4244 609 4299 bus
633 4244 1005 4299 admonitionis
1037 4258 1170 4298 mete
1193 4284 1208 4308 ,
1239 4241 1322 4297 vel
1358 4241 1727 4313 promissionis
1756 4249 1860 4295 tua:
1904 4239 2055 4312 [Cod.
2157 4249 2254 4303 De.“
2282 4249 2357 4302 ταί
2386 4247 2563 4321 (Amo;
2604 4262 2678 4313 ιν,
2722 4247 2831 4318 t2),
2859 4254 2915 4302 ut
2950 4248 3063 4303 sine
3092 4248 3282 4305 timore
3316 4249 3496 4305 videre
3532 4251 3710 4306 valeas

511 4335 648 4398 Sal.,
675 4334 893 4405 sanctae]
930 4333 1235 4389 salutiferas
1262 4331 1584 4395 collationes,
1618 4340 1880 4401 quatenus
1905 4330 2059 4385 nobi—
2156 4338 2390 4395 Iudicem
2418 4338 2540 4393 vita:
2566 4346 2669 4393 tua:
2687 4378 2702 4405 ,
2731 4352 2887 4408 quem
2913 4336 3023 4394 tota
3052 4339 3244 4393 virtute
3272 4339 3502 4395 dilexisti
3531 4341 3582 4393 in
3611 4356 3705 4410 pe-

430 4448 437 4456 -
510 4422 768 4477 lissimum
809 4423 1126 4491 virginitatis
1152 4423 1311 4476 decus
1349 4424 1555 4491 integro
1585 4434 1903 4476 conservare
1939 4435 2059 4475 cor-
2088 4448 2127 4497 '_‘
2157 4434 2303 4482 ctore
2334 4436 2442 4481 tuo.
2474 4426 2557 4481 Sit
2582 4427 2833 4497 cogitatio
2863 4437 2946 4482 tua
2987 4430 3038 4482 in
3079 4430 3361 4497 praesentia
3389 4432 3506 4494 Dei;
3536 4431 3588 4484 in
3617 4446 3703 4485 so-

510 4528 636 4583 pore
673 4513 901 4577 coneris,
942 4520 1303 4566 rememorans
1339 4510 1617 4579 gloriosam
1642 4511 1897 4564 castitatis
1928 4522 2059 4562 mer-
2087 4485 2132 4544 θ
2158 4504 2380 4569 brietate
2406 4516 2545 4578 vitae,
2576 4522 2630 4569 et
2655 4530 2829 4569 sermo
2858 4524 2978 4571 tuus
3010 4517 3062 4570 in
3090 4517 3343 4570 modestia
3369 4517 3627 4583 veritatis,
3652 4527 3707 4571 et

511 4602 711 4657 cedem.
750 4602 886 4657 Ecce
912 4603 965 4656 in
988 4601 1136 4656 omlis
1158 4616 1251 4671 per
1273 4614 1457 4668 magna
1480 4600 1661 4653 aeterni
1692 4600 1831 4669 regis
1867 4598 2059 4667 palatia
2158 4617 2317 4672 opera
2359 4610 2448 4657 tua
2478 4604 2532 4657 in
2563 4605 2821 4659 castitatis
2863 4606 3157 4670 honestate,
3205 4614 3262 4659 ut
3300 4609 3554 4678 exemplis
3602 4610 3706 4664 tuis

515 4705 701 4759 agnum
756 4700 1055 4759 sequuntur,
1109 4704 1408 4760 quocunque
1443 4687 1560 4739 ierit
1600 4686 1781 4756 (Apoc.
1824 4684 1931 4748 nv,
1980 4686 2056 4755 4).

515 4780 651 4846 Quid
686 4779 790 4832 hac
820 4778 985 4848 gloria
1027 4779 1246 4840 beatius,
1288 4777 1370 4830 vel
1395 4777 1496 4839 hac
1525 4775 1848 4832 beatitudine
1867 4774 2062 4845 glorio-

515 4868 661 4923 sius?
676 4867 780 4923 Ubi
807 4874 1009 4919 natura:
1029 4864 1191 4936 [ϐοάέ⁵
1212 4865 1349 4929 Sal.,
1391 4864 1602 4936 natura]
1628 4865 1800 4919 victor
1820 4865 2059 4919 omnium

517 4958 778 5014 conditori
804 4932 1165 5010 creaturarum
1187 4932 1598 5041 ‘consoeiabitur.

584 5048 745 5119 309
779 5046 886 5100 Nec
914 5046 1064 5098 labor
1091 5042 1427 5113 quotidianus
1450 5046 1733 5111 deterreat,
1759 5060 1917 5115 quem
1940 5059 2062 5114 spes

519 5148 679 5194 tanta)
713 5139 1154 5195 remunerationis
1180 5137 1553 5192 eonsolabitur.
1592 5139 1887 5194 Paucorum
1914 5124 2061 5194 labor

518 5227 723 5281 dierum
748 5228 963 5282 internis
987 5227 1412 5283 remunerabitur
1451 5228 1700 5295 praemiis.
1750 5228 1831 5283 Sit
1854 5242 2063 5297 quoque

520 5316 794 5383 virginitas
819 5316 1271 5387 eleemosynarum
1312 5316 1549 5385 largitate
1583 5315 1801 5381 fertilis,
1833 5334 1932 5372 nec
1960 5318 2060 5372 sibi

522 5406 746 5459 caducas
796 5404 1101 5468 divitiamm
1141 5422 1299 5477 gazas
1337 5406 1487 5459 avida
1522 5416 1805 5476 congreget
1853 5423 2057 5461 manu:

592 5546 619 5575 ι
654 5534 793 5590 Edit.
840 5532 1086 5602 Quercet.
1132 5537 1219 5601 Μ,
1266 5536 1442 5592 Canis.
1488 5536 1554 5589 57
1580 5536 1770 5591 collata
1795 5553 1915 5593 cum
1942 5539 2059 5597 cod.

526 5616 625 5658 ms.
653 5602 845 5660 Salisb.
894 5603 1045 5684 Apud
1079 5603 1304 5660 Froben.
1336 5622 1366 5661 e
1405 5607 1491 5661 ist.
1520 5605 1619 5659 148

595 5670 752 5727 ,ιη
795 5673 823 5713 δ
860 5604 997 5727 ἑὼι.
1031 5672 1278 5727 Ouercet.
1315 5622 1469 5727 89pex
1500 5690 1597 5727 ms.

529 5616 625 5658 ms.
653 5604 845 5660 Salisb.
860 5604 1045 5727 E(apud
1079 5604 1304 5660 Froben.
1336 5607 1491 5730 (ἔρξω.
1520 5604 1663 5748 “8.8

529 5670 849 5815 9933?“;
958 5682 997 5726 ι’
1031 5672 1278 5738 Ουεηθί⁹
1315 5677 1345 5730 8
1404 5689 1597 5743 “.ms-
1653 5673 1798 5743 Αρυᾱ
1834 5675 2060 5733 Froben.

2158 4694 2603 4749 adolescentiores
2644 4694 2983 4757 erudiantur,
3034 4695 3269 4750 seniores
3318 4697 3703 4768 congaudeant,

2156 4772 2342 4841 omnes
2365 4786 2710 4850 aediﬁcentur,
2746 4793 2801 4840 ut
2828 4787 2879 4840 in
2906 4786 3099 4856 palatio
3130 4788 3269 4856 regis
3300 4788 3555 4857 regularis
3584 4788 3705 4842 vitai

2157 4873 2367 4931 devotio
2400 4877 2478 4930 ,in
2543 4885 2630 4931 tua
2674 4876 2915 4931 videatur
2966 4878 3387 4931 conversatione.
3434 4876 3703 4943 Quatenus

2157 4964 2349 5019 summi
2378 4966 2522 5036 regis
2562 4968 2733 5035 pietas
2773 4967 2826 5020 in
2867 4968 3011 5021 omni
3050 4976 3103 5021 te
3131 4968 3390 5021 custodiat
3430 4966 3702 5034 prosperi-

2159 5061 2285 5118 tate,
2331 5063 2383 5109 et
2426 5055 2480 5108 in
2508 5056 2662 5111 bonis
2687 5057 2937 5125 operibus
2966 5072 3133 5126 usque
3160 5057 3228 5111 ad
3255 5058 3412 5110 finem
3437 5056 3556 5109 vita
3580 5070 3705 5123 per-

2159 5151 2504 5207 severantem,
2535 5154 2733 5200 auena
2758 5155 2811 5200 te
2836 5148 3161 5201 remunerari
3187 5146 3347 5215 gloria
3370 5145 3631 5215 dignetur.

2231 5232 2413 5288 Saluta
2431 5276 2445 5299 ,
2471 5236 2710 5298 obsecro,
2739 5235 2985 5289 domnam
3015 5235 3250 5304 reginam
3284 5250 3350 5291 ex
3371 5250 3501 5291 mete
3526 5236 3702 5305 parvi-

2160 5322 2283 5376 tatis
2316 5324 2547 5377 nomine.
2593 5322 2933 5390 Scripsissem
2962 5322 3351 5378 exhortatorias
3376 5322 3449 5377 illi
3473 5323 3704 5390 litteras,

2161 5410 2206 5463 si
2252 5411 2328 5465 illi
2373 5419 2587 5481 propter
2637 5411 3009 5480 occupationes
3057 5414 3198 5483 regis
3245 5412 3453 5485 (Forte,
3508 5414 3702 5488 regias]

2234 5550 2255 5577 ε
2296 5537 2619 5593 Hadrians.
2652 5539 2945 5594 Matronam
2972 5540 3313 5598 Anglicanam
3344 5550 3499 5597 vocat
3526 5542 3711 5598 Habil-

2163 5607 2349 5677 ionius
2362 5608 2452 5662 lib.
2482 5622 2604 5661 xxvi
2633 5608 2819 5662 Annal.
2850 5624 2995 5664 num.
3034 5607 3117 5665 η.
3152 5612 3280 5677 Qua:
3306 5611 3477 5665 instar
3500 5614 3707 5667 monia-

2163 5677 2291 5729 lium
2323 5673 2635 5755 feminarum
2662 5677 2831 5755 velata
2857 5678 2907 5755 in
2930 5679 3123 5747 palatio
3150 5673 3288 5751 regis
3311 5680 3437 5737 Offa:
3463 5684 3723 5754 degebat,:

2166 5755 2223 5799 ut
2245 5760 2308 5799 ex
2335 5746 2672 5814 sequentibus
2693 5746 2878 5814 conjici
2908 5746 3093 5818 potest.
