4272 6194
548 280 674 365 tu

1429 310 1486 374 il.
1529 322 1588 377 ιε’.
1628 323 1851 380 suum
1890 325 2018 386 seu
2049 318 2319 387 ALCUINI
2356 332 2634 393 OPERUM
2672 339 2848 396 rans
2884 342 2922 395 ι.

3694 351 3801 409 872

580 443 728 532 meos
756 428 934 499 apices
960 430 1133 532 legere
1162 433 1415 491 licuisset.
1462 438 1807 532 Sciattamen
1838 446 2140 500 certissime
2166 453 2215 508 Α
2242 465 2357 505 suo.
2392 452 2542 508 Scire
2564 456 2755 511 debent
2786 458 2990 527 prmlati
3018 460 3157 529 quo]
3184 469 3383 531 quanto
3411 463 3530 532 plus
3558 464 3803 523 laborant

577 520 677 575 sibi
700 536 915 592 quoque
954 523 1198 590 dominre,
1249 540 1504 597 quantum
1548 531 1716 596 valeo,
1760 533 1966 589 ﬁdelem
1996 552 2133 603 esse.

577 609 777 668 Tamen
838 624 1046 686 gestum
1095 627 1180 673 est
1230 620 1298 674 de
1350 623 1680 679 monasterio
1732 637 1757 666 α
1816 626 2135 694 lnmereum,

576 703 714 757 sicut
757 704 825 758 dc
870 704 1081 761 illorum
1137 724 1239 763 non
1272 712 1479 779 speravi
1523 714 1781 769 bonitate.
1816 716 2037 772 Faciant
2072 720 2137 774 de

576 810 678 857 me,
708 796 845 850 sicut
876 797 980 852 illis
1007 799 1231 868 placeat.
1258 798 1394 856 Nam
1420 802 1550 857 ﬁdes
1574 819 1690 859 mea
1721 805 1860 874 apud
1886 807 2002 861 illos
2031 820 2136 864 non

512 959 527 976 .
574 888 876 953 violabltur,
940 893 1165 947 credens
1221 901 1371 948 tanto
1429 894 1677 951 meliores
1736 897 1932 954 habere
1984 899 2135 965 illos,

571 984 827 1043 quantum
865 979 1116 1034 meliores
1145 989 1270 1035 sunt
1307 983 1522 1038 meritis
1547 992 1602 1038 et
1638 985 1916 1057 dignitate.
1954 986 2137 1043 Omni-

569 1080 758 1137 potens
784 1079 982 1127 :eterna
1008 1076 1337 1144 protectionc
1358 1092 1455 1132 eos
1472 1077 1672 1145 ubique
1693 1080 1977 1144 custodiat,
2008 1098 2132 1151 pro-

571 1170 714 1231 tegat
750 1171 803 1217 et
844 1174 993 1236 regat
1020 1181 1142 1220 cum
1181 1168 1429 1222 omnibus
1457 1168 1701 1223 ﬁdelibus
1730 1172 1861 1225 suis.
1897 1172 1925 1210 δ
1961 1172 2133 1243 ngri-

569 1252 696 1306 dnm
725 1252 891 1308 ﬁlium
931 1270 1107 1309 meum
1140 1257 1421 1328 diligenter
1445 1259 1637 1313 saluta.
1674 1260 1831 1330 Opto,
1858 1269 1919 1316 ut
1949 1246 2151 1317 ﬂoreat

568 1342 622 1395 ln
646 1341 916 1399 voluntate
935 1344 1050 1410 Dei,
1071 1354 1125 1401 et
1144 1348 1498 1416 prosperitate
1512 1350 1692 1406 multis
1713 1351 1938 1409 feliciter
1958 1352 2132 1407 annis.

566 1429 756 1487 \‘aleto
782 1448 1013 1504 semper,
1047 1435 1351 1491 dulcissima
1379 1453 1552 1493 soror.
1880 1432 1883 1435 ’

1030 1561 1052 1589 ο
1094 1549 1423 1607 EPISTOLA
1460 1552 1686 1608 CXCIX.

670 1634 735 1673 Αο
770 1635 1123 1690 ,εωιτιῃςυει
1163 1638 1413 1678 ΓΛΜΙῙΙΛΙ
1450 1632 1533 1678 DEI
1559 1665 1572 1687 ,
1615 1638 1742 1679 OLII
1780 1638 2034 1680 κεωιυηι.

869 1710 1087 1765 Instruit
1115 1713 1325 1783 optimis
1350 1714 1464 1767 rita:
1490 1714 1832 1767 docuntentis.

2242 546 2295 599 in
2322 546 2492 602 salute
2517 549 2875 619 subjectorum
2908 566 3149 618 suorum,
3178 561 3324 609 tanto
3352 556 3607 625 majorem
3646 574 3805 617 acce-

2240 638 2380 721 pturi
2408 645 2565 692 erunt
2600 639 2851 709 gloriam,
2896 644 3105 701 dieente
3142 645 3194 699 in
3239 646 3325 701 die
3356 644 3542 714 judicii
3573 647 3801 707 Domino

2241 723 2349 781 Deo
2371 725 2473 781 illis
2501 742 2515 781 :
2545 726 2710 799 Euge.
2739 746 2875 784 serve
2896 732 3023 787 bone
3049 742 3096 787 et
3114 733 3440 805 ﬁdelis,qttia
3459 750 3612 806 super
3628 746 3799 807 panda

2238 812 2386 881 fuis'i
2410 816 2603 885 ﬁdelis,
2625 834 2783 888 supra
2812 819 2975 874 multa
3002 831 3052 875 te
3072 824 3403 885 constituam,
3430 823 3568 878 intra
3593 826 3647 879 in
3668 833 3797 902 gast-

2238 907 2380 959 dt‘nm
2402 905 2611 961 Domini
2634 910 2709 961 tsi
2734 907 2947 979 (Matth.
2969 917 3094 976 ‘xxv,
3118 912 3209 977 2|,
3236 912 3351 983 25).
3380 913 3519 981 Quid
3542 914 3645 969 hac
3667 926 3797 971 voce

2231 997 2551 1068 jucundius:
2573 997 2701 1067 quid
2726 998 2829 1053 hoc
2848 1000 3031 1054 auditu
3060 1000 3265 1058 beatius
3284 1003 3309 1055 ?

2307 1086 2456 1155 lianc
2480 1084 2688 1158 [SttppL
2726 1086 2807 1159 ut]
2842 1094 3028 1143 vocem
3057 1089 3242 1145 audire
3277 1086 3555 1157 merearis,
3597 1094 3803 1150 charis—-

2237 1176 2373 1232 sima
2420 1191 2593 1241 soror,
2613 1176 2759 1231 omni
2803 1178 3058 1234 instantia
3110 1178 3206 1234 tibi
3255 1181 3523 1251 subjectos
3571 1183 3796 1246 instrue,

2237 1265 2415 1322 verbis
2438 1262 2688 1331 admone,
2734 1266 2991 1341 exemplis
3018 1267 3167 1323 erudi
3194 1282 3211 1322 :
3251 1270 3372 1338 quia
3409 1269 3618 1324 illorum
3650 1272 3797 1326 salus

2237 1362 2329 1408 tua
2356 1362 2438 1409 est
2462 1356 2836 1410 remuneratio.
2866 1354 2984 1410 Noli
3013 1364 3233 1427 propter
3272 1358 3501 1413 hominis
3538 1368 3799 1415 terrorem

2236 1459 2439 1518 tacere,
2471 1451 2563 1507 sed
2590 1458 2808 1522 pr0pter
2838 1451 2932 1506 Dei
2955 1466 3191 1507 amorem
3223 1449 3461 1522 loquere.
3490 1452 3681 1522 Argue,
3711 1454 3796 1506 irt-

2235 1556 2409 1610 crepa,
2459 1541 2666 1594 obsecra
2712 1538 2801 1610 (II
2846 1540 2978 1594 Tim.
3020 1556 3093 1603 tv,
3127 1540 3224 1612 2);
3285 1540 3493 1611 publice
3532 1553 3797 1612 peccantes

2236 1630 2409 1702 palam
2455 1633 2670 1702 castiga,
2722 1641 2778 1684 ut
2824 1633 2997 1687 ueteri
3041 1632 3277 1686 timorem
3317 1632 3538 1686 habeant
3576 1632 3629 1703 (1
3660 1632 3793 1688 Tim.

2240 1720 2292 1785 ν,
2315 1719 2439 1787 20);
2468 1719 2600 1775 alios
2626 1720 2677 1775 in
2714 1720 2901 1790 spiritu
2929 1721 3353 1775 mansuetudinis
3376 1719 3633 1786 admone;
3663 1720 3798 1776 alios

635 1803 998 1859 Dilectissimae
1038 1806 1090 1858 in
1131 1804 1348 1860 Christo
1370 1806 1542 1860 sorori
1563 1792 1946 1876 {Edilthydte
1971 1778 2130 1863 matri
2167 1786 2211 1847 Β
2237 1778 2290 1865 in
2331 1778 2478 1881 virga
2522 1778 2777 1881 pastorali
2828 1812 3036 1882 corripe
3061 1851 3075 1873 ,
3120 1810 3399 1881 diligenter
3454 1778 3797 1865 considerans

562 1895 779 1950 humilis
807 1895 963 1951 levita
985 1897 1239 1951 Alcuin‘us
1264 1897 1511 1954 salutem.

602 1982 603 1985 “
638 1987 837 2041 Vestra:
870 1977 1214 2057 benignitatis
1249 1986 1475 2042 munera
1510 1990 1786 2058 gratanter
1811 1988 2127 2058 suscipiens,

560 2086 751 2132 vestra:
776 2077 1078 2133 dilectionis
1103 2077 1417 2132 sahtta'toria'
1444 2078 1604 2133 verba
1628 2078 1858 2134 libenter
1884 2079 2128 2144 audiens,

563 2167 736 2238 fateor
782 2177 974 2239 magna
1012 2182 1096 2223 me
1132 2170 1408 2225 dulcedine
1452 2185 1571 2226 esse
1607 2170 1878 2240 gavisum’,
1925 2187 2127 2241 cogno-

560 2271 715 2313 scens
745 2258 950 2313 ﬁdelem
981 2260 1033 2313 i‘n
1066 2270 1245 2314 vestro
1271 2267 1489 2329 pectere
1514 2260 1874 2329 permansisse
1897 2260 2130 2315 cbarita-

560 2356 666 2401 tem
692 2388 707 2411 ,
737 2364 897 2417 quam
928 2366 1025 2404 nec
1056 2359 1319 2404 terrarum
1349 2350 1711 2421 longinquitas
1741 2351 2129 2421 interrumpere

557 2440 772 2507 poterit,
815 2456 913 2495 nec
947 2439 1211 2513 fluctivagi
1254 2442 1419 2498 maris
1451 2449 1612 2498 :estu‘s
1638 2442 1947 2512 procellosis
1974 2444 2128 2499 undis

557 2533 786 2587 obruere
824 2534 983 2597 valet,
1013 2549 1121 2604 quo
1164 2534 1341 2589 minus
1377 2536 1443 2590 ad
1480 2545 1569 2591 m'e'
1602 2548 1771 2605 usque
1805 2534 2128 2591 beneﬁciosa

559 2623 919 2679 muniﬁcentia
944 2625 1293 2693 pervolasset.
1322 2624 1474 2680 Sicut
1495 2625 1688 2695 legitur
1715 2643 1730 2678 :
1768 2625 1928 2695 Aqua:
1950 2625 2127 2679 amitte

558 2732 660 2766 non
704 2723 979 2784 potuerant
1025 2716 1352 2786 exstinguere
1390 2716 1710 2779 cltan'tatem,
1769 2732 1860 2770 nec
1907 2718 2127 2788 [Iuntina

556 2806 770 2858 obruent
802 2803 946 2859 illam
975 2802 1148 2877 (Cant.
1176 2821 1295 2870 vtu,
1335 2805 1410 2876 7).
1446 2805 1611 2875 Igitur
1630 2805 1866 2861 charitas
1893 2823 2012 2877 quae
2036 2807 2128 2863 de-

558 2897 661 2950 seri
688 2905 883 2966 potest,
907 2913 1178 2967 nunquam
1210 2912 1335 2951 vera
1365 2895 1484 2950 fuit.
1530 2896 1613 2950 Nil
1639 2898 1885 2953 homines
1920 2899 1991 2950 ita
2015 2898 2127 2952 Deo

556 2990 985 3059 appropinquare
1008 2987 1135 3043 facit
1159 3029 1174 3053 ,
1204 2987 1342 3042 sicut
1367 2987 1618 3041 clnaritas.
1658 2985 1761 3051 Qui
1790 2988 1845 3041 in
1878 2986 2126 3040 charitate

556 3093 749 3137 manet.
795 3084 847 3137 in
894 3080 1002 3137 Deo
1052 3090 1243 3144 manet,
1290 3081 1428 3134 sicut
1481 3078 1609 3134 dicit
1656 3078 1952 3147 Scriptura,
2000 3079 2122 3155 quia

557 3176 698 3230 Deus
728 3177 955 3230 charitns
982 3175 1057 3227 est
1082 3172 1132 3244 (I
1163 3172 1323 3226 Jonn.
1357 3186 1431 3233 tv,
1478 3169 1581 3240 iii).
1620 3170 1693 3222 De
1730 3184 1832 3238 qua
1864 3169 1975 3237 ipse
2006 3166 2123 3221 Sal-

554 3280 712 3325 vator
735 3269 809 3323 ait
838 3286 856 3321 νε
892 3266 955 3321 In
984 3267 1065 3319 Itis
1091 3258 1289 3317 duobus
1314 3262 1578 3332 pra'replis
1620 3269 1727 3313 tota
1757 3259 1841 3313 lex
1863 3260 2046 3329 pendet
2074 3269 2122 3311 et

553 3362 815 3432 prOpItcta'
838 3356 1049 3427 (.lluttlt.
1081 3372 1190 3409 χχιι
1217 3395 1231 3419 ,
1269 3352 1381 3422 40).
1414 3353 1465 3407 id
1486 3359 1597 3411 est,
1633 3351 1685 3404 in
1727 3349 1991 3425 cl_taritate
2030 3348 2121 3400 Dei

556 3462 610 3507 et
643 3450 893 3522 proximi.
931 3448 1035 3503 Per
1060 3444 1373 3500 cltaritatem
1403 3442 1629 3511 proximi
1668 3441 1733 3493 ad
1762 3440 1853 3493 Dei
1884 3438 2122 3493 dilectio-

559 3557 678 3595 nem
708 3538 1035 3608 pervenitur.
1085 3535 1219 3588 Dicit
1239 3530 1381 3587 enim
1408 3522 1638 3586 Ioannes
1658 3529 1982 3600 evangelista
2012 3547 2024 3580 :
2061 3528 2121 3581 Si

556 3634 975 3701 frntrcm,qttcnt
1025 3624 1182 3689 rides,
1234 3642 1337 3679 non
1391 3618 1584 3693 diligis,
1629 3620 1883 3691 quomodo
1932 3620 2116 3681 Deum,

552 3738 702 3791 quem
727 3737 828 3773 non
860 3720 1015 3781 rides,
1058 3717 1270 3786 diligere
1296 3724 1437 3784 potes
1468 3712 1517 3781 (1
1540 3712 1698 3765 Joart.
1730 3727 1802 3776 tv,
1846 3709 1975 3780 20)?
2016 3708 2120 3763 Sed

557 3814 791 3868 fraterna
824 3813 1063 3867 Charitas
1110 3807 1161 3864 in
1204 3808 1567 3863 admonitione
1604 3804 1909 3877 spiritali.et
1945 3805 1996 3858 in
2036 3819 2119 3858 so-

552 3907 682 3961 latio
703 3903 945 3959 sicculuri
968 3898 1293 3955 ostendenda
1320 3906 1422 3953 cst.
1448 3896 1597 3950 Sicut
1620 3898 1761 3949 enim
1788 3909 1981 3962 corpus
2000 3884 2119 3947 cibo

554 3997 830 4065 pascitur,
882 3992 957 4047 ita
1002 3992 1177 4045 anima
1224 3988 1393 4043 sacris
1444 3975 1704 4042 doctrinis
1761 3984 1942 4038 alitur.
1994 3973 2118 4036 Ideo

552 4098 838 4156 utrumque
877 4084 1055 4139 facere
1084 4083 1241 4137 debet
1267 4082 1355 4150 qui
1379 4077 1554 4150 potest
1583 4093 1597 4134 :
1644 4085 1698 4133 et
1725 4075 1942 4148 pauperi
1971 4074 2116 4144 larga

549 4182 823 4253 porrigere
845 4194 1005 4233 manu
1036 4177 1177 4248 quod
1202 4176 1422 4244 indiget,
1446 4182 1499 4227 et
1528 4172 1852 4227 esurientem
1884 4170 2115 4222 animam

550 4272 824 4329 salutifera
868 4269 1231 4324 admonitione
1272 4260 1493 4323 reﬁcere
1525 4281 1538 4319 :
1589 4254 1821 4317 maxime
1852 4260 1943 4330 qui
1982 4275 2117 4328 pra:-

549 4372 675 4420 sunt
717 4362 838 4417 aliis
877 4370 930 4416 et
976 4359 1262 4415 multorum
1290 4372 1473 4412 curam
1514 4348 1712 4409 habere
1746 4342 2007 4409 videntur.
2040 4351 2116 4405 De

2231 1902 2356 1973 quid
2398 1903 2483 1958 cui
2519 1902 2819 1957 conveniat.
2869 1900 3096 1968 Quidam
3146 1902 3327 1971 itaque
3356 1900 3574 1972 maligni
3621 1901 3796 1955 morbi

2228 2006 2325 2063 per
2354 1992 2546 2055 dulcia,
2570 1993 2786 2061 quidam
2813 2005 2912 2061 per
2936 2003 3119 2045 amara
3140 1999 3396 2045 sanantur
3414 1989 3622 2060 poeula.
3648 1989 3797 2043 Anus

2230 2092 2285 2138 et
2331 2098 2487 2137 senes
2523 2082 2677 2151 quasi
2732 2090 2931 2135 matres
2974 2089 3028 2134 et
3072 2088 3255 2149 patres
3301 2081 3533 2145 honora;
3571 2080 3795 2149 juvenes

2229 2175 2378 2244 quasi
2406 2172 2603 2228 fratres
2628 2181 2683 2228 et
2724 2188 2936 2228 sorores
2965 2173 3151 2244 dilige;
3188 2173 3422 2227 minores
3457 2181 3614 2227 aetate
3642 2173 3796 2243 quasi

2231 2267 2367 2322 ﬁlios
2410 2266 2650 2335 ﬁliasque
2695 2265 2870 2330 crudi,
2913 2273 2968 2319 et
3008 2266 3245 2320 omnium
3284 2275 3466 2319 curam
3509 2264 3704 2319 habeto
3738 2264 3793 2319 in

2228 2356 2477 2421 Christo,
2523 2364 2585 2410 ut
2634 2355 2869 2411 omnium
2914 2354 3213 2410 mercedem
3258 2354 3457 2409 habeas
3510 2370 3539 2407 a
3580 2352 3794 2409 Christo

2230 2448 2281 2519 (1
2315 2448 2446 2502 Tim.
2479 2466 2531 2513 v,
2562 2450 2613 2515 l,
2648 2448 2725 2519 2).
2761 2446 2956 2503 Fidelis
2982 2461 3109 2502 vero
3151 2447 3486 2515 diSpensatur
3511 2445 3793 2514 pecuniam

2230 2540 2439 2596 Domini
2491 2540 2599 2603 sui,
2638 2539 2689 2593 id
2725 2546 2827 2601 est,
2871 2536 3078 2591 animas
3118 2537 3220 2591 sibi
3257 2536 3570 2591 commissas
3598 2548 3797 2605 augere

2227 2630 2438 2685 studeat
2464 2644 2559 2699 per
2580 2627 2929 2697 diligentiam,
2960 2642 3066 2681 non
3092 2627 3332 2680 minuere
3360 2640 3456 2694 per
3476 2623 3745 2694 pigritiam
3770 2640 3787 2686 ;

2226 2722 2349 2795 quia
2380 2729 2569 2778 servos
2600 2720 2772 2775 bonus
2798 2718 3140 2774 eoronabitur
3167 2732 3198 2772 a
3227 2716 3449 2771 Domino
3474 2730 3591 2778 suo,
3620 2712 3794 2769 malus

2227 2824 2353 2868 vero
2406 2813 2562 2882 211
2611 2810 2991 2872 damnabitur,
3045 2809 3182 2862 sicut
3244 2806 3296 2860 in
3346 2804 3633 2875 Evangelio
3682 2800 3789 2857 dici

2226 2920 2254 2957 a
2308 2902 2605 2972 legentibus
2651 2899 2869 2968 intelligi
2907 2907 3100 2968 potest.
3146 2896 3226 2951 Tu
3274 2911 3400 2950 vero
3442 2896 3626 2950 labora
3655 2892 3779 2947 dili-

2225 2992 2535 3063 gentissimc
2574 2991 2629 3044 in
2658 3003 2819 3060 opere
2855 2989 2971 3053 Dei,
3002 2996 3059 3041 ut
3102 2986 3508 3042 retributionem
3541 2996 3786 3054 magnam

2226 3080 2456 3149 accipias
2480 3080 2531 3133 in
2556 3095 2719 3149 regno
2742 3079 2853 3133 Del.
2882 3078 3244 3148 Eleemosyna:
3269 3086 3371 3132 tua:
3398 3076 3701 3147 praecedant
3734 3082 3790 3127 te

2225 3180 2278 3226 et
2308 3172 2448 3225 viam
2477 3170 2570 3225 tibi
2606 3168 2820 3224 faciant.
2864 3167 3085 3221 Munera
3123 3169 3258 3221 enim
3284 3167 3504 3222 dilatant
3537 3168 3671 3221 viam
3696 3166 3789 3219 Ito-

2224 3261 2398 3323 minis,
2445 3270 2491 3312 et
2538 3259 2761 3329 spatium
2804 3258 2850 3309 ei
2892 3265 3009 3309 ante
3055 3257 3333 3325 principem
3374 3255 3571 3323 faciunt
3602 3254 3784 3324 (Prov.

2226 3365 2381 3412 xvttt,
2410 3348 2516 3418 16).
2563 3346 2802 3418 Hospites
2845 3355 2893 3400 et
2929 3346 3187 3415 peregrini
3226 3361 3402 3399 sumus
3436 3345 3492 3397 in
3526 3343 3622 3396 hac
3646 3354 3785 3396 terra

2223 3439 2407 3511 (Hebr.
2437 3457 2511 3504 XI,
2553 3438 2661 3510 l3).
2694 3437 2875 3492 Patria
2922 3444 3105 3490 nostra
3147 3435 3200 3489 in
3244 3435 3379 3489 etelo
3405 3440 3505 3487 est.
3556 3431 3669 3487 Nan
3701 3432 3786 3486 est

2221 3533 2419 3586 bonum
2450 3528 2757 3582 transitoria
2779 3527 3016 3595 diligere.
3060 3533 3115 3579 et
3147 3524 3468 3594 sempiterna
3489 3522 3781 3593 negligere.

2222 3619 2595 3689 Unusquisque
2620 3618 2757 3672 sicut
2781 3615 3110 3684 operabitur,
3135 3613 3211 3668 sic
3238 3613 3462 3683 accipiet
3483 3628 3511 3666 a
3536 3612 3644 3668 Deo
3660 3627 3777 3673 suo.

2220 3711 2307 3780 qui
2347 3708 2521 3763 reddet
2571 3708 2844 3778 unicuique
2884 3698 3164 3758 secundum
3211 3719 3365 3773 opera
3420 3718 3515 3755 sua
3560 3700 3774 3771 (Matth.

2222 3817 2327 3861 xvu
2367 3799 2481 3867 27)

2295 3900 2492 3971 Vigilia:
2511 3907 2565 3953 et
2591 3899 2859 3954 orationes
2880 3897 2973 3951 tibi
2999 3896 3105 3951 sint
3139 3894 3459 3965 frequentes,
3474 3902 3526 3948 et
3551 3891 3780 3964 psalmo-

2218 3993 2308 4047 dia
2351 3991 2403 4047 in
2434 4006 2547 4057 ore,
2575 4006 2682 4046 non
2725 3990 3025 4059 vaniloquia
3072 3988 3126 4042 in
3176 3987 3374 4058 lingua.
3423 3985 3527 4040 Sed
3566 3981 3779 4038 dilectio

2218 4083 2313 4138 Dei
2351 4083 2405 4137 in
2439 4083 2616 4147 corde,
2648 4090 2701 4135 et
2729 4098 2834 4135 non
2861 4079 3082 4135 ambitio
3110 4078 3289 4133 surculi
3316 4078 3369 4132 in
3396 4084 3591 4130 mente.
3636 4072 3778 4127 Prae-

2219 4174 2345 4226 terit
2384 4173 2525 4226 enim
2562 4160 2817 4241 quidquid
2856 4178 3064 4225 amatur
3109 4170 3162 4222 in
3209 4164 3405 4221 mundo
3447 4184 3459 4218 :
3502 4171 3779 4234 permanet

2214 4261 2472 4332 quidquid
2526 4261 2761 4331 diligitur
2815 4260 2867 4313 in
2927 4258 3165 4313 Christo.
3226 4257 3475 4311 Volentes
3534 4254 3777 4309 nolentes

2216 4348 2409 4406 :eterni'
2426 4353 2643 4407 erimus.
2673 4351 2829 4406 Omni
2867 4349 3157 4404 intentione
3201 4348 3529 4411 studeamus,
3556 4354 3615 4399 ut
3642 4344 3773 4399 ﬁdc—
3849 4420 3855 4428 _

550 4452 651 4514 hoc
680 4456 914 4512 studiose
935 4454 1156 4524 vigilare
1179 4450 1249 4524 [F
1254 4461 1383 4515 orte,
1413 4446 1594 4519 vigila]
1624 4462 1720 4517 pro
1744 4445 1965 4517 singulis
1992 4447 2109 4499 ani-
2142 4464 2189 4523 ο
2218 4441 2341 4496 liter
2376 4441 2639 4505 vivamus,
2670 4440 2758 4494 ubi
2788 4453 2997 4509 semper
3032 4437 3269 4492 mansuri
3305 4435 3521 4489 erimus.
3552 4434 3776 4489 Sancto-

551 4547 763 4609 nisibus,
792 4544 943 4613 quasi
974 4542 1233 4595 rationem
1280 4539 1583 4591 redditurus
1607 4552 1703 4605 pro
1725 4534 1803 4589 eis
1840 4535 1892 4587 in
1919 4534 2005 4589 die
2026 4533 2113 4603 ju-

548 4631 694 4693 dicii.
749 4633 847 4701 Qui
901 4630 1229 4702 negligenter
1275 4629 1532 4683 talentum
1586 4634 1764 4682 servat
1815 4632 2111 4696 acceptum.

548 4741 761 4798 pmnam
804 4726 1039 4794 patietur
1082 4738 1191 4777 sum
1239 4710 1572 4791 negligentia:
1621 4719 1969 4789 condignam;
2023 4716 2113 4785 qui

549 4834 679 4875 vero
727 4816 1045 4887 multiplicat
1088 4815 1370 4884 diligenter
1428 4811 1706 4881 pecuniam
1759 4810 2108 4867 Dominicam.

548 4918 795 4983 magnam
831 4917 1149 4979 accepturus
1193 4904 1297 4960 erit
1339 4901 1639 4958 mercedem
1681 4916 1709 4955 a
1751 4900 1973 4954 Domino
2005 4900 2115 4955 Deo

617 5055 646 5085 ι
686 5040 1005 5096 Monasterio
1029 5039 1344 5094 Inntercum.
1377 5037 1491 5091 lloc‘
1517 5036 1899 5091 monasterium
1944 5051 1973 5089 a
2022 5049 2113 5089 nc-

547 5114 690 5168 tninc
720 5111 989 5176 proditur;
1017 5112 1113 5176 abs
1142 5110 1302 5164 dubio
1330 5108 1381 5163 in
1407 5106 1595 5176 Anglia
1624 5106 1988 5175 quaerendum.

620 5183 647 5223 ι»
684 5173 983 5266 Egi-ﬁdunt.
1034 5173 1166 5266 Otia;
1198 5173 1723 5266 zregisdiercigr‘utn
1774 5176 1973 5238 liliutu,
2044 5175 2113 5230 ad

544 5261 703 5324 quem
734 5244 990 5307 chuinUS
1024 5244 1240 5317 scripsit
1263 5244 1540 5320 Epistolam
1568 5245 1656 5300 50.

551 5335 646 5401 mg
674 5321 812 5401 ﬁdit.
849 5318 1099 5387 Qucrcet.
1133 5320 1202 5373 50
1234 5333 1298 5373 es
1343 5333 1444 5373 ms.
1470 5317 1629 5387 (apud
1675 5314 1906 5370 Froben.
1949 5317 2107 5385 cp'st.

544 5390 992 5529 “ggﬁdilthydw
1036 5461 1211 5514 nmtri.
1262 5456 1592 5529 Dnbius_cst
1634 5446 1996 5529 Maliillonitts,
2041 5472 2109 5510 an

545 5533 658 5589 base
684 5530 755 5587 sit
778 5525 1002 5591 Alfrida,
1029 5545 1124 5584 seu
1152 5529 1427 5588 Ethcdrita
1448 5526 1585 5597 Ome
1611 5527 1750 5597 regis
1790 5525 2107 5582 Merciorum

548 5602 653 5656 tilia
670 5641 687 5665 ,
714 5616 874 5670 quam
899 5600 1212 5656 Ethelredus
1240 5600 1388 5670 regni
1428 5595 1775 5670 Orientalium
1794 5596 2107 5670 Anglorum

546 5675 719 5740 limes
733 5666 1021 5740 coniugem
1048 5672 1245 5726 habere
1274 5666 1474 5732 volens,
1502 5666 1756 5737 palatium
1930 5683 2108 5722 acces-

546 5744 639 5807 Iil,
682 5738 755 5799 ibi
787 5738 924 5797 vero
951 5742 1147 5811 perfide
1179 5741 1351 5811 capite
1390 5746 1668 5795 truncatus
1697 5739 1805 5792 est?
1834 5738 1944 5808 (tib.
1980 5754 2102 5791 vim

2216 4549 2334 4587 rum
2360 4531 2675 4588 festivitates
2699 4547 2821 4586 cum
2844 4530 2997 4586 laude
3024 4529 3221 4590 divina,
3248 4533 3301 4593 et
3321 4540 3613 4596 pauperum
3641 4526 3775 4580 elec-

2216 4640 2435 4696 mosyna
2458 4623 2764 4693 frequenter
2790 4622 3012 4683 honora,
3027 4626 3287 4688 quatenus
3311 4631 3491 4671 eorum
3516 4616 3774 4671 merearis

2215 4714 2595 4771 intercessione
2656 4712 2866 4766 illorum
2922 4723 3040 4763 esse
3090 4707 3355 4777 particeps
3405 4706 3771 4762 beatitudinis.

2215 4806 2335 4860 Sint
2370 4805 2468 4860 tibi
2506 4818 2780 4859 sermones
2818 4802 3046 4856 veritate
3092 4793 3409 4865 laudabiles;
3457 4800 3566 4854 sint
3593 4812 3772 4852 mores

2213 4899 2501 4955 sobrietate
2526 4904 2582 4953 et
2599 4896 2859 4951 modestia
2880 4894 3162 4959 amabiles;
3194 4893 3301 4947 sint
3322 4905 3512 4947 manus
3528 4888 3772 4960 largitate

2212 5050 2403 5107 Annal.
2434 5063 2581 5106 num.
2610 5049 2698 5114 29,
2722 5050 2846 5122 Act.
2868 5042 2967 5122 SS.
3000 5063 3123 5122 s_:ec.
3144 5052 3384 5122 tv,_part.
3412 5060 3448 5106 t,
3480 5040 3764 5122 ρειαί-ᾆδε).

2210 5123 2460 5179 Alfordus
2480 5123 2619 5191 hanc
2643 5111 2794 5191 putat
2810 5118 2983 5191 fuisse
3007 5111 3377 5191 Etheldri'taln,
3400 5111 3767 5191 qnamHVVZest;

2210 5181 2659 5249 monasteriensis'
2676 5187 3047 5243 Etheldredam
3076 5194 3259 5247 vocat,
3294 5181 3605 5237 Ethelwaldi
3632 5181 3700 5233 Νι
3714 5196 3774 5233 r-

2211 5260 2497 5317 thumbria:
2545 5258 2687 5327 regis
2736 5273 2992 5323 uxorem,
3036 5256 3103 5311 de
3152 5270 3263 5327 qua
3308 5252 3762 5327 Hovedenus‘att;

2215 5314 2422 5384 adnuo
2445 5327 2549 5383 762
2573 5314 2933 5383 E‘ihelwaldus
2967 5314 3059 5381 rex
3089 5314 3293 5395 accepit
3322 5316 3557 5391 reginam
3583 5314 3763 5395 ΔΕιιιεεξ-

2209 5383 2405 5455 dritam
2460 5396 2725 5453 Kalendas
2772 5395 3085 5452 Novembris
3130 5394 3184 5447 in
3210 5383 3538 5448 cataracta.»
3568 5383 3761 5439 Annal.

2209 5466 2606 5538 AnglooSaxon.
2640 5469 2706 5523 ad
2735 5468 2881 5538 illum
2908 5480 3104 5519 annum
3129 5480 3181 5517 n.
3209 5465 3231 5517 l
3262 5469 3316 5538 et
3340 5473 3452 5526 seq.
3474 5455 3629 5538 Certe
3654 5468 3767 5538 tua:-

2210 5522 2326 5609 επιτὲ
2373 5537 2517 5609 illam
2551 5522 2769 5592 familia:
2812 5536 3044 5609 virortnn
3077 5549 3143 5609 ac
3174 5522 3451 5609 mulierum
3492 5522 3769 5609 prmfttiss‘e

2211 5587 3081 5677 ἓῖἱεέῖιῖἱίηἰῖᾶῖ’ὧςίιίἐιὲιὶίιιοη
3132 5604 3287 5663 item;
3320 5597 3419 5652 nisi
3466 5587 3530 5650 εἰ
3578 5587 3767 5647 inscr“

2210 5680 2387 5747 ptione
2417 5676 2754 5745 Querectani.
